2479 4225
2383 0 2413 35 „is
2422 0 2435 24 τι
2444 0 2461 26 w

2429 35 2436 46 Ι

250 142 320 185 891
636 123 679 163 H
757 120 792 161 E
875 119 907 158 R
1060 134 1065 137 »
1264 85 1266 87 ’
1725 108 1768 148 Η
1849 107 1884 147 Ε
1973 108 2005 149 R
2236 140 2239 141 γ
2323 93 2438 166 892³),

253 216 380 248 Plutarch.
396 215 478 242 Probi.
489 222 529 248 59.
569 210 644 249 Conf.
658 212 731 248 Spon.
746 221 771 242 ι,
787 218 813 244 4.
846 213 870 234 et
882 207 941 232 Lex.
952 185 1046 241 'Piri-sc.
1085 206 1143 231 item
1156 203 1292 238 Interpret.
1352 200 1417 235 bylla
1434 199 1572 239 Erythraea
1592 181 1682 225 suida}
1700 195 1785 227 habet,
1800 195 1848 233 sed
1865 195 1979 232 Eusebius
1992 202 2041 237 pro
2062 197 2154 225 Samia.
2201 195 2309 223 Tibuu,
2328 185 2431 232 2⁹33,

253 257 338 283 Cicer,
360 252 409 278 100
429 259 451 276 ς,
997 255 1010 268 .
1355 239 1391 271 67
1423 235 1572 270 Heroplule
1590 232 1699 260 Phoebo
1727 238 1800 267 grata
1825 232 1898 267 quod
1917 231 2064 260 admonuit.
2117 232 2176 261 Vid.
2199 232 2304 269 Paufizn.
2323 233 2439 272 Ph⁰⁶·‘'³⁷‚‘

289 296 309 316 H
318 296 333 314 E
344 294 362 313 R
375 293 399 312 Μ
412 292 426 311 ιῖ
436 291 454 310 R
465 285 484 310 6
494 290 539 311 TE
549 290 639 315 s‚um.
654 291 689 308 m.
709 281 784 315 Signa
796 274 925 311 composita
937 284 967 302 ex
974 277 1084 307 Herme,
1104 278 1121 301 i.
1130 268 1256 301 Mercurio
1270 277 1294 298 ct
1349 278 1379 307 p.
1395 281 1441 306 327
1471 271 1553 297 Wech.
1678 303 1683 308 Δ
2396 294 2399 297 .
2418 286 2425 292 Α

255 323 388 359 Cupidine,
425 318 529 356 ui''E9m;
543 321 644 345 Graecis
656 318 757 345 dicitur,
777 312 864 352 quibus
870 311 953 347 prisci
967 311 1133 346 exprimebant
1147 311 1225 336 amori
1240 316 1296 333 con·
1392 313 1438 349 ΗΕ
1448 314 1466 348 iz
1475 305 1495 333 ὅ
1504 314 1518 332 1>
1527 313 1549 347 u
1556 306 1589 331 ἰἰ.
1598 311 1641 344 vs
1650 323 1659 336 ‚
1676 313 1695 329 1.
1731 311 1768 329 m.
1804 302 1920 329 Medicus
1933 302 2048 334 celebris,
2068 305 2110 338 qui
2124 302 2281 331 Phalaridem
2288 301 2440 337 fimieatiksf

255 357 364 386 inustam
385 330 428 390 effi
449 357 608 391 eloquentiam
628 353 717 378 dehere.
760 348 828 374 le.
847 349 894 380 36,
914 354 935 380 ς.
982 348 1056 383 Spon.
1070 357 1095 377 1,
1113 356 1140 380 4.
1188 342 1294 379 Gyrald.
1317 344 1331 371 5
1356 341 1476 375 restituit.
1516 340 1574 368 Vzd.
1594 340 1660 367 Plin.
1677 347 1708 370 ιι,
1722 346 1771 373 37:
1797 346 1842 373 20,
1860 346 1893 364 2:
1919 346 1958 372 25,
1980 347 2012 364 2:
2037 344 2060 364 et
2077 340 2120 371 26,
2135 348 2157 366 2.
2192 339 2266 374 Conf.
2280 338 2311 365 T
2313 338 2400 367 ertum
2409 343 2440 374 ..ss

1360 377 1391 403 de
1403 378 1498 403 Anima
1518 386 1539 402 c.
1553 385 1590 403 10.
2438 377 2441 391 ι

256 396 338 455 &ng-E
347 394 425 455 Ιίῗὶίνὲ
434 400 662 457 s9zrrismegistus‚
698 417 805 452 [Ἑρμῆς
820 417 992 453 τρισμέγιςος]
1019 419 1036 443 i.
1049 424 1086 443 ter
1100 417 1223 441 mittimus
1235 413 1296 452 Pbi-
1395 419 1416 438 H
1425 419 1440 439 E
1449 420 1468 439 R
1479 419 1498 438 0
1509 419 1521 439 s
1531 432 1539 445 ,
1560 411 1609 438 ois.
1645 419 1680 436 m.
1718 407 1812 444 [ἥρως]
1848 409 1950 435 Hero'e‘s
1969 407 2087 434 dicuntur
2102 409 2141 439 li,
2159 412 2203 444 qui
2213 418 2285 445 quum
2291 407 2347 443 fint
2361 398 2442 451 ⁶⁰4¹&

255 464 370 500 Iofhphm
383 465 529 498 Aegypt-m
544 457 698 498 celebratur,
709 457 778 495 cuius
791 455 864 495 etiam
878 454 943 496 'liber
957 452 1150 488 circumfertur,
1162 450 1297 486 suppositi·
1358 450 1451 490 mines,
1466 448 1537 490 rebus
1549 454 1628 474 tamen
1641 443 1716 481 gistis
1728 454 1779 471 eam
1791 446 1927 479 opinionem
1945 444 2013 480 apud
2023 445 2112 479 vulgus
2125 451 2285 487 emeruerunt,
2296 450 2326 471 vt
2337 441 2440 475 intes-⁴2⁸.

257 504 312 527 cim
336 508 373 525 mc
386 499 456 524 dubio
475 494 625 530 etfic'l1't‘¹¹5'
664 489 722 516 Vid.
738 489 834 515 fabric.
849 489 914 516 Bibl.
929 490 973 515 Gr.
989 499 1009 519 1,
1020 498 1044 522 7.
1241 482 1262 522 fl
1280 492 1297 510 2
1360 483 1430 509 diuos
1445 484 1518 509 relati
1531 482 1672 509 credantur.
1712 479 1814 508 Arnob.
1826 479 1885 506 adu.
1897 486 1966 514 gent.
1982 488 1995 512 3
2017 489 2040 513 p.
2057 488 2104 519 124
2128 478 2156 505 de
2170 480 2292 512 Laribus,
2316 481 2403 506 Varro
2424 483 2443 522 '‘·¹.

259 537 334 564 All-45
352 536 477 563 Hermes,
497 531 519 555 js
538 535 561 554 et
579 527 637 552 etis.
662 534 698 551 m.
735 523 863 560 [Ἑρμῆς]
899 521 982 550 diffsus
1000 523 1033 558 est
1045 523 1188 550 Mercurius
1199 519 1297 547 dcorum
1314 527 1345 547 ιο
1361 518 1486 545 haesitans
1505 527 1573 544 nunc
1585 518 1633 544 esse
1647 516 1705 542 illas
1719 517 1809 543 Manes
1843 529 1891 534 ——-
1922 524 1991 541 nunc
2009 517 2098 545 a'c'rios
2110 515 2199 541 rursus
2213 514 2293 547 deos,
2311 515 2405 550 etJHe-
2422 515 2424 518 ’

258 574 399 605 interpres,
418 578 433 594 a
448 568 515 592 cuius
533 565 628 588 nominc
642 559 674 595 cst
695 560 839 595 ἑρμηνεύειν,
859 563 1033 595 interpretari,
1055 568 1079 596 q,
1092 557 1116 589 d.
1131 557 1299 588 Mercurium,
1359 563 1419 581 roas
1432 555 1589 588 pronunciat
1603 551 1739 587 appellari,
1759 559 1827 577 nunc
1841 550 2016 584 antiquorum
2029 550 2183 576 sententiam
2196 551 2306 585 sequens
2319 547 2423 578 larua&-

259 614 284 633 et
304 606 423 634 ἑρμηνεία,
448 604 465 626 i.
479 600 560 635 firmo
574 604 596 623 et
610 599 763 628 enuntiatio,
780 595 829 628 fiae
842 597 988 630 eloquentia.
1025 593 1121 628 Virgil.
1137 594 1201 618 Aen.
1213 601 1241 624 4,
1255 593 1299 623 356
1363 590 1412 616 esse
1431 589 1495 615 dicit
1513 590 1608 621 Lares,
1628 594 1673 613 ete.
1739 586 1930 619 Mart.›Capell.
1945 595 1967 612 2
1982 595 2007 620 p.
2020 594 2057 618 40
2083 587 2106 612 A
2119 585 2261 613 medietate
2276 586 2346 613 aetis
2364 595 2418 612 vs-‚

260 630 340 669 Nuni=
353 641 430 665 etiam
444 636 573 668 interpres
586 631 680 658 diusun
694 633 757 658 Ioue
772 631 859 657 miffus
873 631 905 656 ab
919 631 983 665 ipso.
1026 630 1073 658 Vbi
1086 628 1205 655 Seruius:
1218 629 1301 654 Inter.
1363 633 1416 665 que
1435 625 1465 651 in
1482 626 1615 652 montium
1634 630 1772 658 terraeque
1796 621 1926 652 confinia,
1945 621 2075 647 hemithei
2091 621 2408 657 heroesquefversantur,

259 686 318 713 pres
331 674 422 700 diusun
437 671 557 696 Hermes.
594 667 713 703 expressit
726 666 837 693 verbum
852 666 884 692 de
898 665 991 692 verbo.
1364 668 1412 695 qul
1427 669 1459 686 ex
1478 669 1525 691 eo,
1543 659 1616 695 quod
1629 660 1728 685 Heram
1741 665 1840 685 terram
1854 662 1957 684 veteres
1973 657 2111 697 dixerunt,
2132 657 2235 684 Heroe5
2251 658 2407 691 nuncupati.

297 714 368 738 HER
378 715 402 734 M
412 714 450 732 Es
460 714 469 732 1
480 712 502 731 Α
513 711 542 737 s,
563 713 601 730 ae.
639 713 674 729 m.
709 705 776 729 inter
790 701 936 728 Medicinas
950 701 1063 735 magicas
1080 699 1161 736 refert
1173 698 1241 725 Plin.
1257 705 1301 731 24,
1324 703 1352 730 15
1364 698 1406 725 Sic
1422 699 1495 723 etiam
1509 696 1583 723 Seru.
1599 694 1633 722 ad
1645 693 1697 719 Ecl.
1711 703 1744 727 4,
1763 702 1800 726 35.
1865 694 1953 720 Heres
1971 691 2069 727 virgil.
2084 693 2148 718 Aen.
2168 695 2201 726 6,
2219 695 2272 727 672
2303 699 2408 720 vocatur

260 754 297 781 ¹7·
331 746 377 770 Res
389 742 451 778 sinze
466 740 575 776 pretiosa
594 746 618 766 et
638 739 732 775 digna,
757 746 818 772 quae
838 737 1000 774 cognoscatur
1021 743 1086 763 certe
1102 736 1136 762 ad
1155 733 1303 765 ridendum,
1363 735 1447 759 anima
1460 732 1566 767 Musaei.
1620 730 1695 763 Virg.
1711 731 1776 756 Aen.
1793 738 1813 761 1,
1826 737 1878 755 200
1895 743 1941 748 —
1960 727 2128 762 Dederatque
2146 728 2306 756 abeuntibus
2320 728 2409 757 heros.

259 777 404 808 Hermesias
420 777 453 804 ab
467 776 561 803 eodem
581 775 767 809 (Democrito)
786 779 895 799 vocatur
910 772 941 798 ad
955 771 1054 798 liberos
1068 769 1228 805 generandos
1247 768 1303 803 pul·
1366 769 1416 794 Hic
1427 768 1549 794 Seruius:
1568 766 1617 792 Vir
1630 765 1723 796 fortis,
1742 764 1894 796 Semideus,
1914 763 1972 799 plus
1988 763 2021 791 ab
2034 763 2144 793 homine
2157 763 2265 790 habens.
2332 763 2410 792 Idem
2424 776 2430 794 t

259 817 335 842 chros
350 814 498 847 bonosque,
517 820 571 837 non
587 810 678 841 herba,
696 808 739 834 sed
752 808 908 842 compositio
923 817 937 833 e
949 808 1046 833 nucleis
1060 808 1152 841 pineae
1166 805 1240 831 nucis
1256 805 1303 830 tri·
1364 803 1399 830 ad
1411 804 1475 829 Aen.
1491 808 1520 836 8,
1538 805 1592 837 464
1613 801 1656 827 vbi
1668 799 1780 827 Euander
1793 801 1880 826 Heros
1899 806 2021 832 vocatur,
2043 800 2103 825 Hoc
2122 807 2220 826 nomen
2233 808 2288 826 non
2305 804 2410 828 tantum
2428 821 2430 826 .

260 852 293 877 tiu
311 858 371 875 cum
386 848 481 880 melle,
501 845 625 879 myrrha,
644 853 738 876 crocO,
758 844 823 870 vino
838 843 957 878 palmeo,
977 843 1064 877 postea
1078 841 1188 869 admisto
1202 840 1303 867 theom·
1366 839 1507 873 praesentis
1521 839 1557 864 cst
1571 836 1692 867 virtutis,
1711 835 1755 863 sed
1767 841 1794 862 et
1806 836 1963 870 praeteritae
1976 845 1985 866 ;
2013 834 2083 861 vnde
2101 834 2151 867 est,
2170 835 2243 869 quod
2257 835 2426 864 Euandrum

258 885 346 912 bratio
364 890 388 910 et
407 883 493 910 laiste:
522 881 616 908 bibere
638 886 808 916 generaturos
829 878 920 911 iubet,
939 884 965 905 et
983 888 997 904 a
1016 880 1144 913 conceptu
1164 884 1304 911 puerperas
1314 885 1349 904 20
1367 875 1478 901 hero‘e'm
1498 873 1577 906 dicit,
1601 881 1662 899 cum
1681 872 1711 898 sit
1729 871 1838 898 virtutis
1860 871 1996 898 emeritae.
2048 871 2129 905 Qum
2150 877 2244 898 veteres
2260 872 2301 898 illi
2320 872 2412 898 Graeci

257 927 361 956 partum
376 920 536 946 nutrientes:
560 918 597 943 ita
609 916 670 944 fieri
682 915 837 942 excellentes
851 914 943 941 animo
956 920 982 940 et
996 914 1100 947 forma,
1117 919 1195 948 atque
1211 913 1304 938 bonos.
1365 910 1446 944 (nam
1457 916 1511 935 tota
1523 910 1563 936 fes
1575 909 1671 935 Graeca
1684 905 1740 942 est)
1752 910 1874 933 notionem
1886 908 1980 934 Herois
1991 906 2130 937 habuerint,
2143 913 2258 933 accurate
2271 905 2414 942 disputanti:

294 963 314 983 H
324 963 340 982 E
351 963 369 981 R
379 962 420 981 M1
429 956 478 981 (551
488 961 510 980 A
519 973 528 986 ,
551 962 590 979 ae.
628 953 648 978 f.
687 952 804 977 Graeciae
822 950 952 986 oppidum,
974 951 1078 976 Iunonis
1088 949 1156 985 fano
1175 949 1306 982 inclytum,
1366 946 1413 972 ΕΖ.
1425 945 1585 980 spanhemius
1598 944 1632 970 ad
1644 945 1738 970 Iuliani
1750 942 1864 978 Caesares
1878 948 1902 968 et
1915 943 1975 969 aliis
1988 945 2015 968 in
2028 942 2105 974 iocis,
2122 950 2182 977 quae
2195 941 2309 973 laudaui,
2325 948 2350 969 et
2361 941 2415 978 ipse
2466 968 2467 971 ,

258 998 287 1018 vt
301 998 372 1018 notat
386 990 452 1026 apud
464 988 642 1023 Pomponium
662 986 798 1014 Vitalianus.
834 986 932 1020 Virgil.
951 985 979 1011 in
992 985 1053 1011 Ciri
1064 992 1116 1019 472
1142 984 1211 1010 Hinc
1227 983 1305 1014 finus,
1366 981 1412 1008 hoc
1429 988 1599 1017 argumentum
1607 979 1752 1015 prosecutus
1759 979 1816 1013 sum
1828 981 1856 1004 in
1873 977 1962 1013 Opusc.
1981 979 2037 1005 Vol.
2050 987 2062 1003 1
2076 984 2106 1013 p.
2121 986 2160 1003 201
2174 977 2234 1014 sqq.
2280 977 2414 1005 Laudatur
2427 982 2429 985 '
2446 983 2447 989 ¹

258 1027 321 1055 hinc
347 1026 425 1053 statio
449 1031 542 1053 contra
561 1029 631 1059 patet
655 1023 813 1049 Hermiona.
866 1021 958 1058 Versus
977 1020 1010 1054 est
1026 1020 1187 1056 spondeicus.
1231 1018 1306 1054 Conf.
1368 1016 1411 1044 hic
1423 1016 1523 1052 vastis,
1543 1023 1660 1051 tanquam
1672 1014 1770 1049 Virgil.
1782 1015 1847 1040 Aen.
1860 1020 1877 1048 7
1898 1013 1973 1047 Qiin
1986 1018 2012 1039 et
2025 1013 2081 1039 auis
2095 1013 2205 1040 Mauors
2219 1013 2311 1040 Heroa
2322 1019 2430 1048 potem·

259 1064 276 1091 Ρ
278 1063 326 1089 15¹¹·
348 1071 381 1096 4,
399 1069 422 1095 5·
1324 1060 1356 1088 25
1368 1051 1440 1078 tibus
1455 1051 1540 1078 addet.
1579 1051 1628 1079 Sed
1641 1051 1708 1077 nihil
1722 1053 1773 1076 eius
1785 1052 1890 1085 reperio.
1930 1049 2016 1076 Simile
2028 1048 2146 1083 quiddam
2158 1049 2230 1075 habet
2242 1049 2308 1075 Aen.
2322 1051 2349 1082 6,
2362 1053 2434 1083 778
2447 1047 2449 1057 '

297 1098 317 1125 H
327 1105 343 1124 E
352 1105 371 1124 R
380 1105 404 1124 M
414 1105 423 1123 1
434 1095 453 1124 ὂ
463 1103 484 1123 Ν
493 1103 527 1128 Ε,
556 1103 592 1121 eS.
629 1094 650 1120 f.
687 1091 836 1129 [Ἑρμιόνη]
867 1091 927 1127 fuit
947 1092 1056 1117 Menelai
1068 1090 1145 1127 filia,
1167 1099 1196 1116 ex
1213 1090 1308 1116 Helena
1369 1087 1444 1120 Qlin
1459 1092 1485 1113 et
1497 1096 1548 1113 auo
1559 1087 1685 1113 comitem
1699 1087 1750 1112 sese
1765 1085 1916 1113 Mauortius
1929 1084 2008 1111 addet
2020 1084 2149 1110 Romulus
2164 1094 2170 1110 :
2193 1084 2258 1120 quod
2292 1091 2348 1111 utat
2359 1086 2418 1112 Ser·
2444 1082 2447 1102 ἶ

258 1136 375 1170 coniuge,
395 1142 455 1168 quac
470 1129 552 1163 Oresti
565 1131 757 1166 Agamemnonis
763 1128 823 1164 filio
837 1127 981 1163 quPotzfiita
988 1127 1048 1162 fuit
1063 1137 1071 1152 :
1094 1126 1144 1162 sed
1157 1135 1229 1162 quum
1243 1126 1308 1159 Pyr·
1368 1132 1428 1149 vius
1440 1125 1522 1157 accipi
1539 1125 1611 1149 etiam
1619 1120 1686 1157 poffiz
1700 1121 1729 1148 de
1742 1124 1878 1156 receptione
1889 1123 1917 1147 in
1929 1121 2038 1149 caelum;
2059 1128 2139 1145 auum
2152 1126 2232 1146 autem
2245 1130 2256 1146 e
2276 1114 2418 1149 ἐΛεήεαηι.

259 1170 320 1197 rhus
333 1169 442 1195 Achillis
449 1167 523 1203 filius
540 1175 592 1192 eam
605 1163 720 1197 duxtffit,
729 1162 827 1196 Orestes
840 1164 908 1189 illum
921 1164 1029 1195 occidit,
1047 1163 1194 1198 etsponsam
1206 1164 1308 1195 recepit.
1367 1158 1513 1192 Cic.{Attic.
1527 1166 1566 1192 14,
1581 1167 1602 1185 11
1620 1158 1665 1184 Illi
1677 1166 1731 1184 non
1746 1157 1851 1189 heroes,
1869 1155 1912 1182 sed
1926 1155 1967 1182 dii
1983 1155 2071 1182 futuri
2083 1154 2194 1190 quidem
2206 1156 2236 1181 in
2249 1155 2338 1190 gloria
2351 1152 2447 1188 sem-,¹2

265 1205 322 1232 Via.
338 1204 412 1237 Virg.
427 1206 492 1228 Aen.
506 1210 528 1233 3,
544 1205 595 1233 328.
630 1207 653 1226 et
666 1199 746 1227 Ouid.
760 1198 839 1233 Epist.
851 1204 875 1231 8,
889 1207 908 1224 1.
951 1198 1068 1225 Martial.
1082 1207 1106 1233 3,
1118 1207 1140 1224 11
1162 1198 1210 1223 Dic
1226 1195 1306 1227 mihi,
1369 1194 1473 1230 piterna
1486 1193 1542 1221 sint.
1567 1194 1596 1220 de
1609 1191 1816 1228 iizterfefloribus
1829 1192 1950 1228 Caesaris.
2020 1192 2094 1217 Idem
2106 1192 2160 1218 Att.
2173 1200 2194 1225 1,
2210 1199 2241 1225 14
2263 1191 2350 1218 Heros
2367 1191 2419 1218 ille'
2430 1202 2449 1218 :-

259 1240 325 1275 quid
339 1239 424 1265 simile
443 1238 478 1264 est
491 1237 578 1264 Thais
598 1241 623 1261 et
636 1235 804 1262 Hermione?
875 1234 999 1268 Spartana
1019 1234 1168 1261 Hermione
1187 1233 1306 1265 Propert.
1324 1238 1358 1263 30
1369 1229 1458 1257 noster
1471 1230 1546 1257 Cato.
1614 1228 1717 1262 Delenffl
1728 1229 1804 1263 Virg.
1819 1227 1906 1260 Ecl.4,
1920 1234 1957 1260 35.
2009 1227 2175 1261 Magnanimi
2188 1226 2227 1253 Id.
2240 1227 2305 1253 Aen.
2314 1229 2341 1260 6,
2352 1228 2443 1261 6495..

259 1284 280 1308 1,
299 1284 327 1308 4,
348 1277 374 1301 6.
569 1270 589 1309 ff
611 1279 626 1297 2
662 1272 753 1297 Altera
771 1272 899 1305 antiquior
912 1270 1077 1303 Hermione,
1090 1269 1151 1305 filia
1164 1269 1263 1295 Martis
1283 1273 1309 1293 et
1370 1266 1504 1293 Maximus
1518 1265 1591 1300 Virg.
1605 1266 1669 1291 Aen.
1683 1267 1709 1297 6,
1722 1272 1775 1297 192.
1844 1263 1962 1290 Semidei
1974 1262 2138 1291 Stat.Theb.
2152 1270 2175 1295 5,
2188 1270 2242 1297 373.
2429 1264 2431 1270 ⁴

262 1312 382 1340 Veneris,
401 1317 465 1335 vxor
485 1306 586 1337 Cadmi,
612 1306 641 1332 de
659 1316 707 1342 qua
727 1305 780 1333 vid.
800 1311 995 1332 HARMONJA.
1407 1302 1574 1333 HER61S,
1595 1300 1656 1326 idis.
1691 1300 1712 1326 f.
1748 1298 1853 1335 [ἧρωίς]
1891 1299 1992 1326 Femina
2011 1307 2158 1324 communem
2181 1298 2348 1327 humanitatis
2379 1290 2450 1332 cvr-⁴³]

293 1353 314 1372 H
324 1351 339 1371 Ε
350 1351 368 1370 R
377 1351 402 1370 M
414 1350 433 1370 ο
444 1351 458 1370 P
469 1349 488 1369 o
500 1348 517 1368 1.
528 1350 536 1368 1
547 1350 567 1368 v
576 1349 601 1368 M
610 1362 618 1375 ,
639 1342 657 1367 i.
693 1351 719 1368 n.
755 1343 859 1377 Legitur
873 1351 887 1367 a
900 1341 1045 1377 quibusdam
1057 1339 1124 1376 apud
1136 1338 1218 1366 Plaut.
1227 1338 1307 1365 Cure.
1369 1343 1418 1364 tem
1425 1337 1515 1374 forma
1532 1337 1573 1362 vel
1585 1335 1693 1362 moribus
1701 1334 1867 1371 stipergrcffz.
1922 1333 2003 1360 Ouid.
2018 1333 2105 1360 Trist.
2119 1341 2142 1366 ς,
2156 1341 2179 1367 ς,
2191 1342 2225 1367 43
2248 1333 2339 1361 Edidit
2375 1340 2420 1361 aee

258 1390 283 1415 2,
295 1390 319 1413 3,
335 1389 366 1412 ¹3·
400 1379 450 1406 Sed
460 1379 493 1404 al.
507 1376 601 1404 reFtius
613 1377 857 1411 Thermopolium,
877 1386 902 1403 v.
917 1387 942 1403 υ.
1370 1381 1459 1402 mores
1476 1372 1530 1398 illis
1550 1371 1674 1398 Heroifin
1692 1379 1799 1404 aequos.
1855 1369 1995 1401 Laudatur,
2010 1369 2057 1405 sed
2069 1369 2157 1404 falso,
2178 1369 2264 1405 versus
2278 1369 2421 1402 Martialis,
2440 1378 2451 1398 »κ

295 1420 567 1446 HFRMOSORINOS,
579 1414 599 1440 i.
619 1422 655 1439 m.
692 1415 804 1448 Lupinus
815 1419 956 1439 montanus.
991 1411 1067 1447 Apul.
1082 1410 1114 1437 dc
1122 1409 1207 1437 Herb.
1225 1419 1247 1436 c.
1257 1417 1307 1435 110.
1325 1418 1354 1444 35
1368 1409 1482 1436 Mutatas
1498 1409 1597 1434 formas
1612 1405 1752 1437 heroidas,
1773 1406 1879 1439 insuper
1892 1405 1989 1431 iisdem
2025 1404 2143 1431 Addidit.
2214 1405 2308 1432 Graias
2327 1405 2428 1432 herois.
2442 1409 2445 1415 ·

294 1458 315 1479 H
325 1457 401 1477 ERM
411 1457 429 1476 o
440 1456 462 1476 'r
473 1456 582 1481 IMVS,
605 1448 625 1475 i.
660 1457 697 1475 m.
734 1448 936 1480 Clazomenius,
962 1447 991 1473 de
1008 1458 1053 1483 quo
1068 1447 1134 1473 Plin.
1147 1454 1178 1481 7,
1193 1454 1224 1478 52
1257 1445 1307 1471 Re·
1370 1445 1415 1471 das
1428 1452 1523 1478 aequas
1538 1443 1599 1469 Stat.
1614 1441 1677 1467 Silu.
1692 1449 1715 1472 3,
1734 1447 1762 1473 ς,
1778 1446 1820 1473 45.
1859 1440 1927 1475 conf.
1943 1440 2049 1466 Sueton.
2063 1440 2167 1466 Neron.
2186 1449 2208 1466 c.
2223 1449 2258 1466 21.
2295 1447 2319 1467 et
2337 1440 2418 1469 Ouid.

258 1488 375 1522 perimus
393 1487 462 1511 inter
479 1485 616 1519 exempla,
639 1484 805 1511 Hermotimi
817 1483 984 1510 Clazomenii
1004 1484 1119 1509 animam
1136 1481 1233 1509 relidio
1251 1490 1310 1507 cor·
1371 1482 1465 1508 Amor.
1478 1488 1500 1511 2,
1509 1487 1536 1511 4,
1548 1486 1575 1510 33
1596 1477 1644 1503 Tu
1657 1476 1718 1511 quia
1730 1481 1784 1502 tam
1798 1476 1877 1509 longa
1892 1484 1918 1500 es
1930 1481 2031 1501 veteres
2046 1474 2177 1501 Heroidas
2190 1476 2295 1510 aequas.
2319 1490 2321 1501 κ
2346 1502 2347 1507 ,

260 1532 325 1558 pore
342 1530 430 1548 errare
444 1521 564 1553 solitam,
584 1528 731 1554 vagamque
750 1529 764 1546 e
777 1520 926 1554 longinquo
945 1519 1028 1545 multa
1046 1518 1219 1549 annuntiare,
1240 1525 1309 1551 quae
1408 1522 1429 1541 H
1440 1515 1567 1541 andin
1578 1520 1617 1545 Α,
1642 1521 1682 1538 ae.
1720 1511 1740 1537 f.
1755 1545 1760 1550 .
1776 1509 1894 1546 [ἧρωὶνη]
1932 1509 2008 1537 Idem.
2049 1511 2167 1545 Propert.
2182 1519 2208 1543 1,
2226 1519 2262 1545 13,
2277 1520 2303 1544 31
2320 1509 2372 1539 '1112
2386 1510 2419 1539 fit

260 1559 308 1585 nili
322 1567 336 1585 a
349 1558 481 1592 praesente
495 1557 567 1582 nosci
581 1565 636 1582 non
649 1557 764 1589 poss'ent,
784 1564 895 1589 corpore
909 1555 1017 1582 interim
1031 1553 1181 1580 semianimi
1195 1563 1200 1578 :
1224 1552 1309 1579 donee
1371 1550 1488 1579 Inachiis
1504 1554 1530 1575 et
1546 1547 1671 1574 blandior
1685 1545 1814 1572 heromis.
1850 1545 1923 1572 Idem
1944 1555 1964 1579 1,
1980 1554 2018 1578 19,
2035 1553 2069 1578 13.
2185 1573 2194 1577 λ

260 1601 377 1621 cremato
398 1602 430 1618 co
448 1592 552 1617 inimici
569 1592 697 1618 remeanti
716 1591 824 1619 animae,
840 1591 914 1617 velut
929 1591 1053 1624 vaginam
1070 1589 1228 1617 ademerint.
1269 1589 1308 1614 De
1318 1595 1356 1621 40
1411 1585 1562 1612 HER6‘1'C
1575 1590 1636 1616 vs,
1662 1591 1694 1615 a,
1716 1590 1771 1608 um.
1810 1581 1870 1608 Adi.
1908 1579 2040 1617 [ἧρώικος]
2082 1581 2159 1608 Aetas
2178 1580 2298 1614 heroica,
2323 1583 2350 1607 in
2369 1581 2419 1616 qua

259 1630 305 1657 hoc
320 1630 468 1654 Hermotimo
483 1628 586 1653 Lucian.
599 1627 688 1662 Musca
702 1633 730 1662 p.
742 1630 794 1660 376
813 1627 901 1653 Graeu.
938 1626 1058 1654 Tertull.
1071 1626 1104 1652 de
1117 1626 1214 1653 Anima
1229 1633 1256 1657 2,
1269 1628 1309 1655 28.
1372 1621 1617 1657 heroes-floruerunt.
1652 1618 1711 1644 Cic.
1725 1618 1808 1644 Tusc.
1823 1624 1845 1650 5,
1858 1625 1875 1652 7
1898 1626 1920 1643 c.
1935 1625 1947 1649 3
1972 1617 2059 1643 Etiam
2071 1616 2189 1643 heroicis
2206 1610 2438 1647 aetatibus-mys?

261 1671 285 1692 κ
299 1666 372 1699 Orig.
392 1670 479 1688 contra
493 1662 553 1697 Cels.
564 1671 578 1693 3
596 1668 622 1697 p.
636 1672 679 1696 129
702 1663 787 1696 Spem.
1373 1659 1429 1685 scm
1446 1664 1472 1683 et
1487 1655 1628 1683 Nestorem
1643 1653 1790 1688 accepimus
1808 1660 1834 1679 ct
1848 1652 1924 1679 fuisse
1943 1658 1969 1679 et
1986 1652 2092 1679 habitos
2106 1654 2154 1680 esse
2169 1652 2304 1687 sapientes.
2364 1651 2422 1685 Cic.

298 1707 318 1726 H
329 1706 345 1726 E
356 1706 372 1725 R
385 1705 408 1725 M
420 1705 439 1723 v
449 1704 495 1724 ΒΑ
505 1705 517 1724 s
528 1704 610 1723 11.10
620 1704 659 1729 N,
691 1697 768 1732 Apul.
788 1695 818 1721 de
837 1695 921 1722 Herb.
940 1705 962 1723 c.
977 1702 1016 1727 82-
1373 1694 1407 1720 de
1421 1693 1517 1719 Natur.
1531 1692 1613 1717 Deor.
1628 1699 1652 1721 z,
1671 1697 1700 1724 71
1722 1699 1745 1716 c.
1761 1697 1792 1722 29
1810 1696 1856 1724 pr.
1879 1688 1976 1715 Medea
1989 1688 2071 1715 modo
2085 1694 2111 1715 et
2124 1691 2218 1715 Atreus
2232 1693 2425 1714 commemora·
2438 1698 2440 1702 ·

297 1742 343 1761 HE
354 1741 435 1760 RMV
447 1739 463 1758 Β
476 1738 495 1759 0
508 1739 530 1759 ‘r
541 1739 562 1759 Α
574 1739 637 1764 ΝΕ,
658 1741 692 1758 cs.
719 1732 739 1758 f.
776 1731 853 1765 Apul.
871 1733 890 1758 i.
906 1741 928 1758 c.
1373 1729 1472 1754 bantur
1492 1737 1506 1753 a
1525 1726 1604 1752 nobis
1625 1725 1748 1751 heroicae
1764 1725 1900 1758 personae.
1971 1724 2115 1758 Tempora
2131 1725 2188 1751 Cic.
2201 1723 2234 1750 de
2246 1722 2339 1749 Diuin.
2360 1729 2387 1753 1,
2403 1721 2448 1749 ι.”

299 1776 319 1795 Η
331 1775 346 1793 Ε
357 1776 374 1794 R
384 1775 407 1794 Μ
417 1775 437 1793 v
447 1776 463 1794 L
474 1774 495 1793 Α
504 1774 537 1799 13,
563 1768 617 1793 vid.
631 1768 679 1803 βψ
701 1775 722 1794 Η
731 1774 747 1794 Ε
758 1773 775 1792 R
784 1774 809 1793 M
818 1773 849 1793 A.
1324 1767 1360 1793 45
1375 1763 1473 1789 Versus
1491 1762 1615 1788 heroicus
1633 1758 1734 1792 diffsus,
1757 1759 1826 1794 quod.
1839 1761 1872 1785 Eo
1891 1768 1978 1794 genere
1997 1763 2119 1786 carminis
2129 1760 2235 1786 heroum
2245 1754 2314 1794 gesta
2333 1756 2432 1792 deseri-1

298 1811 319 1830 H
329 1810 345 1829 ιε
355 1811 372 1829 R
383 1810 408 1828 Μ
417 1810 438 1828 ν
447 1809 495 1827 ND
504 1800 525 1828 ὗ
535 1809 554 1828 R
564 1809 573 1827 1
583 1821 592 1833 ,
616 1811 704 1828 orum.
741 1812 777 1828 m.
814 1803 854 1828 Pl.
891 1800 905 1834 [
917 1800 998 1831 Strab.
1013 1795 1182 1835 Ἕρμόνὸοροι]
1224 1796 1311 1824 Saeuo·
1373 1798 1474 1824 bantur.
1511 1796 1568 1821 Cic.
1582 1795 1613 1821 de
1628 1793 1723 1828 Legib.
1736 1803 1762 1827 2,
1776 1797 1808 1823 68
1830 1794 1874 1820 Ne
1887 1794 1944 1828 plus
1957 1799 2074 1827 quatuor
2086 1794 2205 1821 heroi-»is
2216 1792 2344 1824 versibus,
2358 1799 2428 1826 quo

259 1849 330 1871 rum,
343 1836 524 1874 potentiffimae
541 1839 569 1862 in
583 1837 716 1862 Germania
728 1839 825 1872 gentis,
843 1845 934 1871 magna
948 1838 1026 1862 natio.
1068 1834 1126 1861 Vid.
1140 1832 1231 1860 Tacit.
1248 1832 1313 1858 Ger·
1374 1834 1468 1866 longos
1486 1830 1599 1866 appellat
1612 1830 1719 1856 Ennius.
1790 1829 1887 1856 Versus
1909 1828 2041 1862 Quaem.
2055 1838 2076 1862 1,
2096 1837 2118 1862 5.
2190 1829 2306 1856 Carmen
2322 1827 2422 1854 Audio

260 1884 330 1901 man.
356 1882 409 1908 cap.
426 1880 466 1906 41.
1377 1868 1448 1895 Dial.
1462 1866 1494 1892 de
1507 1865 1645 1892 Oratorib.
1661 1873 1700 1897 ιο,
1714 1872 1737 1897 5.

297 1917 317 1935 H
328 1916 343 1936 13
353 1916 371 1935 R
382 1916 406 1934 Μ
415 1915 434 1933 v
447 1915 461 1934 P
470 1914 489 1933 o
499 1913 521 1933 Α
532 1926 542 1939 ,
574 1915 614 1933 ae.
650 1905 671 1931 f.
713 1906 804 1931 Totum
826 1904 947 1930 Graecum
965 1902 999 1936 est
1017 1903 1081 1937 ἑρμὲ
1098 1902 1162 1931 πόα,
1187 1901 1313 1926 Mercurii
1415 1908 1437 1927 H
1447 1908 1490 1927 ER
1501 1906 1521 1925 o
1532 1908 1542 1925 1
1551 1906 1567 1926 c
1577 1907 1603 1927 E.
1631 1899 1699 1925 Adu.
1734 1899 1856 1925 Macrob.
1869 1899 1920 1924 Sat.
1932 1906 1955 1931 ς,
1968 1907 1999 1931 ¹4
2015 1899 2113 1924 Versus
2125 1897 2235 1925 heroice
2248 1898 2392 1926 incomtus.

261 1945 351 1975 herba,
365 1945 389 1980 s.
404 1941 581 1970 Mercurialis.
618 1941 683 1968 Plin.
700 1948 742 1973 25,
764 1949 776 1970 5
803 1939 970 1971 Linozostis,
992 1938 1044 1964 siue
1061 1935 1223 1963 Parthenion
1243 1935 1312 1960 Mer·
1327 1939 1360 1965 50
1413 1937 1590 1964 HERGVS,
1608 1942 1639 1966 a,
1658 1942 1713 1959 um.
1750 1932 1813 1959 Adi.
1850 1932 1957 1967 [ἧρῶος]
1995 1933 2082 1959 Heroi
2099 1933 2194 1967 pedes,
2219 1934 2307 1969 quibus
2324 1937 2354 1960 in
2371 1943 2416 1962 car
2456 1927 2458 1935 ⁸

262 1980 331 2007 curii
346 1981 484 2006 inuentum
496 1978 540 2008 est,
557 1977 620 2004 ideo
634 1976 703 2011 apud
717 1976 832 2002 Graecos
845 1975 1020 2009 Hermupoan
1032 1972 1110 1998 inulti
1127 1977 1230 2001 vocant,
1243 1969 1313 2004 apud
1377 1973 1442 1997 mine
1461 1971 1559 1996 heroico
1578 1972 1682 1995 vtimur.
1736 1968 1794 1994 Cic.
1808 1967 1841 1993 de
1852 1968 1927 1994 Orat.
1941 1977 1954 2000 3
1964 1986 1972 1999 ,
1987 1974 2033 1997 280
2054 1977 2075 1996 c,
2089 1976 2127 2003 47
2152 1969 2242 2002 Qiare
2257 1970 2375 2004 primum
2394 1977 2419 1996 a.
2434 1987 2436 1990 ,

262 2025 310 2043 nos
325 2024 416 2042 omnes
429 2013 624 2041 Mercurialem.
672 2013 734 2039 Duo
748 2011 804 2037 eius
818 2019 923 2045 genera,
944 2009 1071 2036 masculus
1085 2014 1110 2035 et
1125 2007 1235 2037 femina,
1251 2014 1314 2041 quae
1377 2007 1490 2034 heroum
1504 2014 1561 2037 nos,
1576 2004 1684 2036 dactyli,
1699 2008 1726 2030 et
1736 2003 1878 2039 anapaesti,
1891 2009 1916 2029 et
1932 2003 2065 2037 spondaei,
2079 2004 2172 2038 pedem
2187 2004 2292 2033 inuitat.
2338 2006 2415 2033 Hero
2433 1999 2439 2023 ’ξ
2448 2025 2449 2030 ,

263 2051 349 2079 deinde
367 2050 492 2086 dfferibit.
1377 2042 1504 2069 carminis
1516 2049 1583 2075 opus
1596 2041 1715 2074 Prop'ert.
1725 2048 1748 2072 3,
1762 2048 1785 2072 3,
1801 2042 1837 2066 16.
1878 2039 1974 2065 Versus
1988 2040 2121 2066 Ammian.
2134 2048 2171 2072 21,
2183 2049 2212 2074 4.
2369 2039 2390 2078 q
2410 2049 2441 2068 2„

299 2095 319 2114 Η
332 2093 348 2112 Ε
359 2094 412 2112 RM
421 2093 440 2111 V
450 2093 478 2116 s,
502 2084 522 2111 i.
551 2093 588 2110 m.
624 2081 749 2116 [Ἕρμος]
787 2081 889 2107 Flauius
901 2079 1004 2114 Lydiae,
1024 2081 1068 2112 qui
1079 2078 1200 2110 Smyrnae
1215 2081 1314 2109 campos
1376 2078 1484 2104 Herous
1502 2077 1533 2102 ab
1552 2076 1661 2102 Herone
1674 2076 1775 2110 puella,
1796 2074 1850 2101 vid.
1859 2074 1907 2110 fieb
1927 2080 1948 2100 H
1959 2080 2003 2101 ER
2013 2081 2042 2101 o.
2426 2076 2450 2106 ,zi

263 2122 396 2158 intersecat
411 2120 522 2156 dclapfi‘s
537 2129 552 2145 a
564 2125 644 2146 mom,
657 2119 779 2149 Dorilao,
798 2116 935 2151 Phrygiam
944 2112 1043 2149 scindit
1061 2121 1076 2137 a
1088 2112 1173 2137 Caria.
1210 2111 1262 2135 Hic
1269 2110 1313 2144 su·
1330 2112 1359 2138 55
1413 2118 1434 2136 H
1444 2118 1487 2138 ER
1498 2113 1597 2141 (5VM,
1615 2111 1634 2136 i.
1669 2119 1695 2136 n.
1730 2112 1933 2142 Monumentum,
1952 2109 2086 2146 quodsblct
2098 2112 2164 2147 erigi
2178 2113 2235 2137 viro
2247 2109 2351 2147 insigni,
2366 2103 2448 2147 pro-5¹

261 2157 381 2194 perfusus
398 2160 492 2191 campis
505 2158 533 2192 gi
551 2158 590 2181 nit
601 2154 785 2189 fertilitatem,
803 2151 868 2178 vnde
888 2159 976 2176 arena!
997 2156 1085 2174 aurem·
1098 2146 1190 2181 fertur
1203 2144 1312 2170 ft'flhssre·
1369 2151 1431 2181 pter
1447 2148 1561 2171 eximiam
1579 2148 1706 2171 uirtutem.
1748 2146 1789 2172 Sic
1802 2144 1835 2178 est
1854 2148 1882 2171 in
1903 2145 1948 2181 vsu
1962 2146 2118 2173 Graecorum.
2161 2146 2339 2182 Proferebarur
2352 2149 2428 2174 ctiam

266 2193 365 2220 Strabo
375 2201 407 2224 13.
444 2192 517 2226 Virg.
555 2198 627 2223 eorg.
642 2198 668 2221 2,
682 2196 726 2222 137
745 2188 803 2214 Nec
820 2185 928 2221 pulcher
942 2185 1059 2218 Ganges,
1078 2187 1157 2216 atque
1171 2188 1237 2206 auro
1256 2185 1312 2205 tur-
1374 2181 1430 2208 Cic.
1445 2180 1477 2206 de
1492 2179 1585 2213 Legib.
1599 2188 1625 2210 2,
1638 2182 1667 2204 61
1686 2188 1707 2205 c.
1723 2188 1759 2212 24
1779 2180 1861 2213 Quod
1873 2187 1962 2206 autem
1975 2179 2059 2215 ἦρῶον,
2078 2181 2105 2207 id
2120 2182 2156 2208 est
2168 2182 2330 2210 vestibulum
2343 2181 2428 2218 sepul-

265 2228 343 2257 bidus
357 2229 480 2254 Hermus.
516 2225 590 2261 Conf.
603 2224 729 2251 Drakcnb.
742 2222 777 2249 ad
789 2223 834 2249 Sil.
849 2231 868 2253 1,
882 2230 932 2255 159.
970 2227 993 2246 et
1012 2219 1077 2245 Plin.
1092 2225 1114 2249 5,
1128 2225 1167 2249 29.
1372 2217 1430 2248 cri,
1445 2215 1585 2242 bustumue
1597 2214 1704 2248 vsucapi
1717 2222 1805 2247 vetat,
1824 2221 1914 2241 tuetur
1934 2215 1976 2240 ius
1989 2216 2182 2249 sepulcrorum.
2223 2219 2314 2245 Verum
2326 2219 2427 2246 Gruter.

302 2272 322 2291 Η
333 2270 472 2296 ERNIA,
497 2270 536 2288 ae.
571 2260 591 2286 f.
626 2259 728 2292 [κήλη]
763 2260 885 2284 Ponamus
902 2256 1091 2292 dzfi-riptioncm
1109 2252 1226 2288 disertam
1242 2248 1312 2276 Celsi
1378 2259 1401 2279 et
1419 2251 1527 2278 Tur-neb.
1547 2251 1593 2285 leg.
1607 2250 1716 2276 Forum.
2305 2265 2308 2268 ,
2395 2249 2404 2252 ”

267 2307 294 2335 7,
309 2305 334 2330 18
358 2298 494 2325 Interdum
506 2305 539 2323 ex
554 2294 651 2322 morbo
672 2294 789 2328 primum
807 2293 1003 2328 inflammatur,
1024 2288 1120 2316 deinde
1141 2287 1228 2322 postea
1248 2294 1313 2320 pon-
1331 2284 1366 2310 60
1415 2293 1436 2313 Η
1448 2283 1730 2317 EROSTRATVS,
1755 2284 1775 2310 i.
1811 2294 1847 2310 m,
1882 2283 2070 2320 [Upis-faros]
2111 2286 2160 2312 Vir
2176 2287 2296 2323 βάψω,
2312 2295 2336 2315 et
2351 2291 2426 2324 igm-

267 2336 329 2362 dere
343 2334 527 2368 abrumpitur,
546 2331 589 2357 vel
607 2339 638 2357 ex
654 2330 710 2356 ie‘m
725 2329 818 2363 aliquo
832 2328 953 2362 protinus
972 2326 1107 2360 rumpitur
1124 2323 1229 2354 tunica,
1247 2330 1313 2355 quae
1377 2333 1441 2354 uus,
1464 2324 1524 2358 qui,
1540 2327 1569 2347 ut
1587 2329 1672 2346 nomen
1687 2323 1804 2346 memoria
1811 2320 1915 2355 siclt-ris
1923 2325 2091 2354 propagaret,
2109 2320 2262 2348 incendium
2273 2323 2374 2349 nobffis
2385 2324 2425 2349 f„
2470 2347 2471 2352 Ἰ

267 2371 392 2397 diducere
406 2370 438 2397 ab
451 2366 628 2395 inferioribus
642 2365 760 2400 partibus
773 2363 896 2390 intestina
909 2362 1011 2388 debuit.
1060 2360 1138 2387 Tum
1151 2357 1268 2393 pondere
1281 2365 1314 2382 eo
1377 2359 1467 2386 bricae
1486 2358 1572 2392 templi
1585 2354 1697 2391 EpheJiae
1710 2357 1808 2381 Dianae
1830 2364 1909 2381 manu
1932 2356 1976 2380 sua
1994 2353 2103 2387 struxit,
2121 2355 2184 2383 ficut
2201 2357 2257 2391 ipse
2274 2358 2352 2384 famis
2369 2358 2423 2391 est,

268 2405 424 2432 deuoluitur
443 2411 487 2430 aut
502 2408 656 2433 omentum,
681 2406 726 2427 aut
744 2400 824 2426 etiam
844 2398 1017 2425 intestinum:
1050 2402 1129 2430 atque
1153 2394 1193 2421 ibi
1213 2398 1316 2428 reperta
1379 2400 1445 2421 voto
1459 2393 1640 2427 adipiscendae
1655 2391 1742 2418 famae
1754 2391 1858 2417 latioris
1870 2390 1953 2416 Solin.
1972 2397 2009 2423 53.

269 2443 313 2468 via
326 2441 462 2476 paullatim
475 2439 508 2466 ab
522 2437 676 2472 inguinibus
696 2436 724 2462 in
742 2435 885 2461 inferiores
902 2442 1010 2468 quoque
1029 2438 1114 2465 partes
1132 2431 1237 2461 nisum,
1257 2428 1316 2468 sub3
1417 2436 1438 2455 H
1450 2436 1463 2455 ι.
1475 2434 1582 2459 RPES,
1601 2428 1658 2453 etis.
1695 2436 1730 2453 m.
1769 2425 1878 2462 [ἕρπης]
1915 2426 2034 2457 Morbus,
2053 2427 2123 2461 ignis
2133 2424 2321 2462 speri—species,
2339 2427 2424 2464 aser-

268 2476 330 2504 inde
350 2476 472 2503 neruosas
486 2474 587 2501 tunicas
608 2488 653 2492 —
674 2471 793 2503 diducit,
812 2470 978 2504 ἓντιροκὴλην,
991 2468 1032 2494 vel
1046 2466 1207 2496 ἓηιπλοκὴλην
1221 2465 1317 2490 Graeci
1334 2464 1365 2496 65
1375 2464 1456 2501 pendo
1471 2463 1541 2490 dista
1555 2465 1671 2493 Graecis,
1690 2462 1804 2497 quorsum
1823 2461 1916 2488 alludit
1936 2464 1986 2487 iam
2000 2462 2104 2488 Lucret.
2118 2463 2150 2491 6,
2163 2463 2216 2487 660
2243 2462 2339 2490 Existit·
2354 2465 2423 2491 sacu-

268 2519 364 2539 vocant
378 2524 382 2538 :
415 2509 485 2545 apud
502 2519 551 2536 nos
563 2507 737 2538 indecorum,
757 2505 800 2531 sed
814 2513 955 2531 commune
974 2503 1015 2529 his
1034 2502 1143 2529 herniae
1160 2509 1258 2527 nomen
1271 2499 1316 2525 cst.
1382 2501 1459 2536 ignis,
1473 2506 1498 2526 et
1513 2500 1567 2526 vrit
1580 2506 1693 2533 corpora
1705 2498 1810 2530 serpens
1820 2516 1828 2528 ‚
1860 2498 2055 2530 Qiamcunque
2067 2497 2183 2531 arripuit
2200 2503 2310 2531 partem.
2342 2498 2427 2526 Scrib'.

270 2548 372 2574 Deinde
389 2547 405 2573 fi
419 2545 551 2572 descendit
563 2550 701 2571 omentum
737 2557 782 2561 -—
809 2540 852 2566 'At
865 2540 882 2566 fi
897 2539 1050 2566 intestinum
1066 2546 1173 2573 quoque
1187 2535 1320 2561 descendit
1382 2538 1478 2570 Comp.
1486 2538 1515 2567 63
1537 2536 1647 2566 Zonam,
1663 2541 1742 2567 quam
1755 2532 1848 2559 Graeci
1860 2532 1951 2567 ἕρπητα
1964 2531 2064 2558 dicunt.
2178 2530 2199 2570 ff
2222 2541 2235 2558 2
2269 2531 2311 2559 Est
2325 2540 2348 2559 et
2361 2534 2430 2561 Her-

271 2599 315 2605 —-
351 2583 446 2616 Estque
464 2582 519 2608 fere
532 2581 585 2607 sine
599 2579 701 2609 dolore,
720 2586 779 2603 cum
793 2575 904 2611 quiescit
917 2574 1014 2610 aliquis
1032 2580 1076 2600 aut
1093 2574 1168 2603 iacet,
1183 2570 1320 2597 interdum
1381 2581 1443 2607 pes,
1463 2571 1607 2604 Depascens
1625 2570 1715 2601 vicus,
1740 2567 1813 2602 quod
1832 2566 1961 2602 serpendo
1983 2576 2078 2602 corpus
2100 2566 2134 2593 ad
2155 2569 2207 2595 ossa
2229 2574 2308 2595 vorat
2324 2569 2391 2595 Cels.
2405 2573 2431 2603 5,·

270 2628 302 2645 ex
315 2624 373 2645 toto
387 2617 498 2651 desidit,
517 2615 650 2643 interdum
665 2614 698 2640 fic
712 2613 860 2644 minuitur,
879 2617 908 2638 vt
923 2611 951 2637 in
965 2612 1051 2637 scroto
1065 2609 1175 2642 exiguae
1188 2605 1320 2639 reliquiae
1384 2612 1422 2638 28,
1435 2615 1456 2638 3.
1499 2605 1557 2631 Via.
1570 2606 1669 2631 Macer.
1684 2612 1704 2635 1,
1719 2612 1757 2635 η,
1771 2612 1806 2635 33.
1855 2603 1934 2642 Apul.
1951 2602 1984 2628 de
1998 2602 2082 2629 Herb.
2097 2611 2127 2634 2,
2141 2611 2178 2630 10.
2376 2602 2398 2643 ff
2414 2613 2429 2638 3

272 2660 412 2681 maneant:
449 2659 475 2679 at
498 2651 545 2678 sub
565 2652 680 2678 clamore
699 2655 726 2675 et
744 2648 877 2679 satietate,
894 2652 920 2673 et
940 2646 958 2672 fi
978 2644 1024 2672 sub
1043 2645 1136 2679 aliquo
1159 2641 1276 2683 pondere
1297 2641 1319 2666 is
1334 2645 1369 2673 70
1383 2644 1486 2676 Hei-pes
1511 2644 1571 2666 item
1593 2639 1716 2672 Animal,
1742 2647 1797 2673 quo
1819 2646 1960 2673 praei-,pue
1979 2638 2104 2665 sanantur
2125 2647 2300 2675 quaecunque
2322 2640 2446 2676 serpunt*

273 2690 356 2717 homo
370 2690 447 2715 nixus
460 2688 505 2720 est,
522 2687 614 2713 crescit
625 2697 630 2713 :
658 2685 760 2719 frigore
773 2683 849 2709 omni
862 2682 1036 2712 contrahitur,
1049 2680 1136 2707 calore
1149 2677 1318 2708 diffunditur,
1382 2678 1450 2706 Plin,
1470 2685 1516 2710 30,
1538 2684 1572 2708 ¹3·

273 2732 318 2751 etc.
356 2725 417 2751 Sunt
438 2727 499 2750 enim
507 2724 619 2758 plurima
635 2720 663 2747 de
677 2718 794 2752 diuerfis,
815 2724 839 2744 et
852 2717 998 2754 generibus,
1016 2723 1040 2743 et
1054 2714 1159 2743 curandi
1173 2713 1320 2740 rationibus.
1421 2719 1442 2739 H
1453 2719 1468 2739 E
1478 2719 1496 2738 R
1506 2719 1520 2738 P
1530 2717 1545 2737 E
1555 2719 1567 2737 s
1580 2716 1602 2737 'r
1614 2717 1648 2737 ιε
1658 2717 1679 2736 ν
1688 2717 1718 2741 s,
1735 2717 1766 2741 a,
1786 2717 1840 2735 um.
1877 2708 1937 2735 Adi.
1973 2708 2004 2735 ab
2016 2709 2133 2744 Hei-pete
2151 2709 2248 2740 morbo,
2265 2711 2307 2737 vei
2320 2710 2380 2738 adeo
2399 2710 2432 2739 ab

273 2760 390 2788 Martial.
405 2769 426 2790 ς,
436 2768 468 2791 24
487 2759 580 2792 Ingens
593 2757 668 2783 iratis
684 2754 803 2789 apparuit
816 2753 909 2779 hernia
923 2753 1009 2778 sacris.
1382 2749 1435 2786 ipso
1450 2750 1542 2774 Graeco
1559 2746 1632 2783 ἕξιπειν
1652 2744 1760 2772 dubium.
1796 2744 1880 2771 Lucil.
1894 2743 1962 2780 apud
1974 2745 2047 2771 Non.
2061 2754 2090 2777 2,
2108 2753 2153 2781 375
2180 2746 2289 2780 Serpere
2309 2747 2350 2774 vti
2370 2744 2435 2782 gan-

312 2803 332 2822 H
344 2801 385 2821 ER
399 2801 419 2820 N
433 2795 560 2825 idsvs,
586 2801 617 2825 a,
642 2800 696 2818 um.
732 2789 793 2816 Adi.
838 2790 889 2824 ,Qui
909 2788 1022 2815 herniam
1036 2788 1148 2823 patitur.
1185 2782 1321 2818 Lamprid.
1387 2793 1482 2820 graena
1502 2783 1574 2809 malo
1595 2781 1635 2818 (f.
1648 2782 1733 2814 mala)
1750 2786 1828 2814 atque
1845 2780 1989 2815 herpestica
2005 2781 2094 2815 posset.

276 2832 304 2857 in
321 2831 426 2864 Heliog.
448 2839 470 2856 c.
483 2836 522 2862 23.
743 2835 747 2839 ·
1340 2823 1374 2851 75
1424 2826 1445 2846 Η
1456 2826 1498 2846 ER
1509 2827 1522 2845 r
1532 2825 1594 2845 ico
1604 2838 1611 2850 ,
1631 2822 1682 2844 are.
1719 2817 1792 2844 Seru.
1804 2817 1837 2843 ad
1848 2817 1923 2851 Virg.
1937 2817 2034 2851 Georg.
2049 2826 2067 2848 1,
2080 2824 2112 2850 95
2134 2815 2260 2843 laudatur.
2296 2817 2328 2843 Et
2343 2815 2377 2851 gf}
2394 2817 2433 2844 ibi

314 2864 500 2895 H13RNic1‚
519 2872 607 2890 orum.
640 2871 675 2888 m.
713 2861 753 2887 Pl.
788 2858 833 2893 [Ἓ
849 2861 923 2892 vom]
962 2859 1050 2894 Populi
1069 2857 1159 2884 Italiae
1181 2859 1208 2882 in
1223 2856 1323 2891 Campa·
1387 2856 1415 2883 de
1428 2855 1514 2890 Irpice
1533 2855 1572 2880 uei
1590 2854 1687 2888 Vrpice
1706 2854 1742 2879 ali
1759 2852 1817 2886 uid,
1848 2856 1867 2878 i.
1884 2855 1994 2878 viminea
2009 2859 2094 2884 crate,
2118 2861 2190 2887 quam
2204 2858 2252 2886 per
2269 2861 2345 2888 agros
2362 2862 2433 2880 exae-

276 2905 337 2934 nia,
357 2903 452 2928 colonia
466 2901 631 2936 Pelasgorum.
673 2896 731 2924 Via.
743 2896 834 2922 Macro
856 2915 863 2921 .
878 2902 900 2927 5,
922 2899 956 2924 18.
1385 2892 1480 2928 quandi
1493 2891 1565 2924 causa
1580 2890 1685 2916 trahunt
1698 2861 1796 2922 rustici.
1844 2889 1871 2916 Si
1884 2891 1940 2924 quis
1958 2891 2039 2925 igitur
2051 2890 2170 2922 antiquus
2183 2887 2344 2921 Herpicare,
2362 2889 2434 2923 Irpi-

317 2944 337 2963 Η
350 2945 365 2964 ιῖ
376 2944 392 2963 R
403 2945 424 2963 N
434 2944 442 2963 1
453 2942 496 2962 cv
506 2943 518 2962 s
528 2955 537 2968 ‚
556 2943 580 2967 a,
600 2943 654 2960 um.
692 2931 752 2958 Adi.
788 2932 880 2956 quen.
897 2930 948 2956 Sat.
963 2937 1001 2962 14,
1015 2934 1058 2959 180
1086 2929 1111 2954 O
1131 2927 1209 2954 Pueri
1222 2926 1323 2953 Marsus
1386 2935 1460 2959 care,
1480 2927 1521 2952 vei
1534 2925 1659 2960 Vrpicare
1671 2925 1757 2960 dixit,
1776 2925 1821 2952 boc
1833 2925 1971 2956 intellexit,
1990 2923 2055 2959 quod
2065 2930 2156 2948 occare
2170 2929 2262 2949 vocant
2272 2924 2328 2951 alii.
2370 2924 2430 2952 Vid.

279 2973 383 3000 dicebat
408 2979 434 2999 et
455 2971 586 2998 Hernicus
605 2969 672 2995 olim
707 2966 883 3000 Vestinusque
897 2967 982 2991 senex.
1053 2964 1145 2990 Terra
1160 2963 1241 2989 Ouid.
1257 2962 1322 2988 Fast.
1384 2971 1395 2990 1
1407 2970 1427 2990 R
1438 2969 1454 2989 P
1466 2968 1483 2987 Ε
1497 2969 1513 2987 x
1523 2981 1529 2987 .

279 3018 302 3042 3,
317 3018 360 3041 90.
432 3008 497 3034 Saxa
514 3006 559 3033 Sil.
573 3014 603 3038 4,
616 3009 673 3033 228-
744 3001 877 3028 frondosa
890 3001 1005 3027 Hernica
1019 3000 1080 3027 Stat.
1092 2999 1157 3026 Silu.
1171 3008 1198 3032 4,
1212 3006 1233 3031 5,
1247 3001 1287 3031 56.
1340 2998 1372 3025 80
1422 3006 1442 3025 Η
1452 3005 1467 3024 Ε
1477 3004 1495 3024 R
1504 3004 1518 3023 P
1530 3004 1547 3023 Υ
1558 3003 1572 3021 L
1584 3002 1600 3021 L
1610 3002 1631 3021 V
1640 3002 1681 3029 M,
1705 2996 1725 3022 i.
1761 3005 1787 3022 n.
1825 2995 1906 3027 Idem,
1922 2993 1988 3030 quod
1999 2992 2168 3029 sisymbrium.
2205 2993 2283 3028 Apul.
2298 2993 2330 3020 de
2343 2994 2430 3023 Hetb.

316 3051 336 3071 H
347 3050 362 3070 E
372 3050 390 3070 R
400 3050 436 3075 ο,
456 3042 513 3069 onis
527 3043 568 3068 vel
583 3040 626 3067 sis:
647 3040 667 3065 f.
679 3035 886 3074 puellaSesta,ad
898 3046 970 3072 qaam
984 3046 1011 3062 rx
1026 3034 1228 3070 oppositaAldeo
1241 3041 1325 3060 trans·
1387 3042 1440 3067 105.
1476 3032 1560 3069 Diofin
1574 3041 1599 3067 2,
1608 3041 1658 3065 ¹17·
1696 3038 1721 3057 ct
1736 3041 1759 3063 3,
1773 3041 1812 3066 41,
2442 3034 2445 3042 s

279 3089 339 3106 nare
347 3079 439 3115 solitus
447 3078 567 3108 Leander,
581 3075 679 3103 tandrm
693 3078 720 3101 in
735 3072 811 3099 mulis
823 3075 914 3108 periit.
948 3071 1068 3098 Crlcbrati
1078 3071 1140 3107 fiant
1151 3071 1190 3096 ilii
1204 3079 1298 3096 amores
1309 3078 1327 3096 a
1424 3075 1446 3095 H
1457 3075 1472 3094 F.
1483 3076 1501 3095 R
1511 3076 1525 3094 Ρ
1535 3075 1553 3093 Υ
1564 3074 1579 3092 1.
1590 3073 1635 3092 LV
1645 3074 1674 3098 S,
1694 3067 1712 3093 i.
1740 3076 1776 3092 ιιι.
1813 3065 1938 3102 Scrpillus.
1975 3063 2052 3098 Apul.
2066 3063 2097 3090 de
2110 3063 2192 3092 Herb.
2206 3073 2250 3098 99.
2285 3064 2345 3091 Isid.
2355 3073 2429 3100 129.
2445 3082 2462 3097 ,η

280 3116 380 3150 Maſsico
394 3116 470 3141 Poeta
485 3115 591 3141 Gracco,
610 3118 632 3138 et
644 3110 740 3138 Ouidii
753 3107 920 3136 Heroidibus
941 3112 964 3136 18
981 3114 1004 3132 ct
1021 3115 1057 3138 19.
1109 3106 1181 3132 Idem
1195 3107 1287 3132 Amor.
1303 3113 1326 3139 2,
1424 3111 1521 3131 HERs
1532 3110 1542 3129 1
1554 3110 1569 3129 L
1580 3110 1589 3128 1
1599 3109 1636 3132 A,
1651 3110 1690 3128 ae.
1714 3102 1733 3129 f.
1757 3102 1901 3138 [Ἑρσιλία]
1942 3100 2011 3127 onr
2023 3100 2135 3129 Romuli,
2153 3109 2213 3135 quae
2221 3098 2279 3136 post
2291 3101 2431 3136 apotheosin
2451 3100 2462 3113 *

281 3155 317 3181 16,
332 3160 354 3182 31
378 3151 458 3184 Saepe
472 3157 561 3184 petens
572 3149 646 3174 Hero
666 3150 675 3175 (
683 3147 715 3174 al.
730 3147 841 3176 Heron)
860 3143 964 3169 iuuenis
977 3147 1126 3168 tranauerat
1141 3141 1231 3167 vndas.
1387 3143 1475 3167 mariti
1489 3140 1543 3176 ipsa
1558 3147 1647 3175 quoque
1662 3140 1689 3163 in
1702 3140 1792 3164 caelum
1806 3136 1958 3172 1·clatafuit.
1979 3142 2002 3161 et
2015 3135 2214 3170 quemadmodum
2228 3142 2321 3163 mutato
2334 3140 2431 3164 nomine
2454 3136 2457 3137 ⁷

318 3184 487 3218 HERov‘s‚
507 3194 540 3216 a,
560 3192 615 3209 uin.
648 3181 709 3208 Adi.
745 3181 775 3207 ab
799 3180 845 3206 hac
861 3180 936 3205 Hero
957 3174 1064 3203 dotium.
1107 3177 1205 3203 Lucan.
1224 3186 1257 3209 9,
1277 3184 1324 3209 955
1342 3175 1370 3205 85
1387 3178 1512 3212 Qirinus
1529 3176 1570 3201 illc
1586 3173 1728 3205 dicebatur,
1741 3173 1781 3207 Jic
1798 3173 1854 3210 ipfh
1872 3175 1946 3199 etiam
1958 3171 2013 3198 Ora
2032 3170 2102 3197 diHa
2114 3171 2182 3207 fuit.
2223 3171 2306 3199 Ouid.
2319 3173 2384 3199 Met.
2399 3181 2432 3207 14

283 3222 380 3248 Amore
394 3227 513 3247 natatum
525 3221 641 3253 Aequor,
657 3223 683 3243 et
697 3218 799 3243 Heroas
814 3215 953 3242 lacrimoso
967 3213 1046 3239 litore
1061 3218 1155 3245 turres,
1166 3219 1246 3248 nempe
1259 3212 1322 3238 vnde
1387 3219 1452 3239 extr.
1489 3213 1526 3238 Dc
1540 3211 1586 3237 hac
1600 3209 1658 3234 Liu.
1673 3217 1698 3241 1,
1714 3217 1745 3235 11.

275 3256 375 3292 ⁸lignum
384 3256 446 3292 face
465 3256 524 3282 dare
531 3254 626 3292 solebat
640 3252 752 3279 Leandro
765 3253 866 3278 natanti
882 3251 957 3276 Hero.
1426 3254 1530 3274 HERT
1541 3250 1614 3272 HVS
1626 3264 1634 3276 ,
1655 3244 1674 3270 i.
1710 3253 1745 3270 in.
1787 3245 1868 3271 Terra
1887 3248 2004 3277 tanquam
2023 3243 2076 3268 Dea
2094 3242 2152 3268 olim
2171 3242 2239 3268 culta
2257 3251 2273 3268 a
2288 3244 2430 3271 Germanis.

320 3299 339 3318 H
354 3298 368 3317 r
378 3300 396 3317 R
406 3294 425 3318 ὁ
435 3298 452 3317 D
466 3298 483 3317 E
494 3298 506 3318 s
516 3309 523 3321 ,
542 3291 574 3318 is.
598 3297 634 3315 m.
670 3285 811 3323 [Ἡρώδης]
847 3287 984 3321 Antipmri
997 3282 1107 3310 Idumaei
1112 3281 1200 3318 filius,
1214 3281 1334 3318 Augusti
1385 3283 1478 3310 Tacit,
1493 3292 1540 3316 40,
1555 3290 1566 3314 3
1590 3281 1621 3306 In
1638 3282 1780 3306 'commune
1794 3277 1940 3309 Herthum,
1961 3276 1988 3303 id
2002 3277 2039 3304 cst
2059 3278 2178 3304 Terram
2197 3284 2308 3305 matrem
2328 3279 2430 3312 colunt,
2470 3293 2471 3300 ,

282 3327 396 3362 bemjicio
411 3337 454 3354 rex
468 3326 622 3353 Iudaeorum.
658 3322 773 3350 Herodis
787 3321 897 3356 palmeta
913 3319 1019 3355 pinguia
1037 3322 1064 3344 in
1073 3318 1204 3353 prouerbio
1223 3317 1325 3344 diuitia-
1386 3327 1498 3352 eamque
1515 3315 1678 3344 interuenire
1691 3315 1769 3342 rebus
1781 3314 1939 3346 hominum,
1959 3313 2052 3340 inuehi
2065 3313 2170 3348 populis
2184 3313 2364 3347 arbitrantur,
2382 3321 2429 3341 etc.
2452 3326 2465 3342 η

283 3372 336 3388 rum
355 3364 449 3388 Horat.
464 3361 542 3397 Epist.
557 3369 581 3392 2,
595 3369 619 3390 2,
633 3364 686 3392 ¹84·
740 3359 778 3384 De
792 3357 836 3383 hot:
850 3363 874 3383 et
885 3358 944 3383 aliis
958 3353 1110 3382 Herodibus
1128 3353 1181 3379 vid.
1199 3353 1325 3379 Hau-duin.
1346 3362 1381 3386 90
1388 3352 1428 3388 Est
1443 3356 1612 3380 Germanicum
1625 3350 1701 3377 Erde.
2411 3348 2414 3349 ’
2471 3368 2473 3375 ⁴

285 3397 313 3422 dc
328 3401 410 3424 nuruis
424 3397 525 3425 Herod.
551 3404 574 3423 et
589 3397 606 3423 S
623 3395 717 3421 anhem.
730 3392 795 3426 Diffi
809 3399 824 3423 8
843 3399 871 3427 p.
888 3401 932 3426 5²⁰
953 3398 999 3418 etc.
1040 3392 1102 3416 Item
1119 3388 1222 3415 Reland.
1236 3392 1263 3414 in
1279 3390 1325 3414 Pa·
1427 3396 1447 3415 Η
1459 3397 1475 3416 E
1486 3395 1577 3416 RVLl
1589 3407 1598 3420 ,
1626 3395 1713 3414 orum.
1750 3395 1785 3412 m.
1823 3385 1862 3411 Pi.
1903 3384 2050 3411 Germanica
2067 3386 2152 3416 natio,
2180 3382 2288 3417 Vistulae
2307 3383 2430 3420 quondam
2471 3386 2473 3392 ⁴

285 3431 396 3463 lacflma.
591 3403 622 3469 Ἲρ
638 3439 651 3456 2
689 3428 808 3456 Herodes
827 3428 944 3459 Atticus,
963 3426 1011 3462 qui
1024 3426 1122 3452 Graeca
1137 3424 1260 3450 oratione
1280 3428 1327 3455 (vt
1388 3423 1450 3456 aliia
1468 3426 1585 3451 aci-olens.
1625 3422 1715 3449 Sidon.
1728 3422 1816 3448 Carm-
1837 3428 1865 3454 7,
1883 3423 1925 3451 236
1951 3420 2036 3447 Cursu
2050 3420 2183 3451 Herulus,
2202 3419 2311 3446 Chunus
2325 3420 2430 3452 iaculis,

286 3469 324 3491 ait
338 3466 406 3492 Gen.
421 3475 441 3499 1,
456 3470 488 3498 2)
511 3467 569 3494 fere
580 3466 717 3494 vniuersos
732 3463 860 3500 grauitate
881 3469 958 3498 atque
970 3461 1062 3496 copia,
1081 3460 1262 3495 elegantiaque
1279 3468 1327 3486 vo·
1389 3461 1556 3496 Francusque
1567 3463 1664 3485 natatu.
1707 3456 1764 3484 Vid.
1777 3456 1849 3482 Idem
1864 3455 1940 3490 Epist.
1955 3461 1977 3487 8,
1990 3464 2016 3489 9,
2031 3464 2063 3488 3¹·

288 3509 346 3526 cum
362 3501 437 3534 longe
451 3503 587 3529 antecessit.
622 3502 695 3528 Ideni
709 3510 734 3533 9,
749 3509 770 3526 2.
791 3506 814 3526 ct
828 3507 866 3532 19,
878 3507 915 3525 12.
1428 3503 1448 3522 H
1460 3504 1476 3523 E
1486 3504 1504 3523 R
1514 3502 1534 3521 v
1545 3502 1572 3526 s,
1589 3493 1608 3520 i.
1635 3502 1671 3519 m.
1694 3490 1847 3526 [δεσπότης]
1883 3493 2013 3518 Dominus.
2048 3491 2117 3518 Ter.
2130 3490 2211 3517 Andr.
2225 3498 2246 3523 ς,
2259 3499 2289 3523 2,
2303 3498 2315 3524 5
2340 3491 2429 3517 Herus

324 3542 344 3561 Η
355 3542 368 3560 ῐ·
382 3542 426 3561 RO
437 3543 502 3563 διν
513 3544 543 3570 S,
562 3538 581 3565 i.
606 3547 642 3564 m.
675 3533 798 3571 [ἕρώδιος]
833 3536 899 3561 Auis
918 3542 947 3559 cx
964 3535 1015 3565 iis,
1036 3540 1098 3568 quas
1108 3533 1213 3558 Romani
1228 3532 1325 3557 Diome-
1340 3537 1372 3564 95
1389 3531 1426 3558 est
1441 3543 1447 3558 2
1473 3531 1538 3566 quid
1557 3529 1653 3564 agam?
1711 3528 1813 3558 Herus,
1832 3535 1881 3562 pro
1895 3528 1979 3554 Herili
1991 3526 2067 3563 filio,
2086 3530 2129 3562 qui
2147 3527 2225 3553 herus
2245 3527 2335 3553 minor
2354 3527 2428 3553 alias.
2459 3531 2461 3534 ⁴

287 3570 345 3596 deas
358 3577 456 3596 vocant.
489 3573 631 3600 Theodorus
645 3572 767 3599 ordeolum
779 3573 867 3602 vertit,
880 3568 1037 3603 Augustinus
1051 3568 1168 3593 fulicam.
1198 3567 1326 3593 (liconiam
1389 3568 1459 3595 Ter.
1473 3567 1553 3594 Andr.
1574 3573 1595 3598 1,
1614 3572 1635 3597 3,
1649 3572 1661 3596 3
1687 3563 1732 3590 Me
1752 3570 1797 3589 aut
1816 3563 1910 3590 herum
1929 3562 2126 3598 peffundabunt.
2196 3561 2251 3587 Cic.
2264 3560 2340 3588 offic.
2356 3570 2378 3594 2,
2392 3570 2429 3595 24
2453 3557 2462 3583 ἰ

283 3612 359 3642 putat
375 3604 417 3638 cffi-
430 3605 534 3644 §uidam
550 3615 593 3634 aut
603 3609 715 3634 ciconiae
723 3606 844 3641 similem,
860 3603 999 3639 <tibiamque
1012 3603 1076 3639 quod
1086 3606 1114 3629 in
1123 3602 1257 3638 paludibus
1272 3611 1326 3629 υεν-
1389 3612 1411 3629 c.
1426 3613 1438 3636 7
1463 3603 1511 3630 Sed
1529 3603 1566 3635 ii,
1585 3599 1633 3635 qui
1651 3599 1680 3625 vi
1698 3601 1828 3633 oppressos
1848 3599 1963 3634 imperio
1983 3600 2121 3630 coercent,
2146 3596 2177 3623 fit
2200 3597 2259 3623 sane
2277 3597 2428 3623 adhibenda
2455 3599 2465 3621 .'

279 3641 361 3677 fitur,
375 3641 440 3676 quali
453 3638 553 3680 ἑῇώδιον.
587 3643 666 3677 Vulg.
679 3644 730 3669 Int.
744 3643 809 3668 Leu.
824 3650 857 3674 11,
872 3649 908 3673 19.
944 3640 1020 3666 Dent.
1036 3648 1075 3671 14,
1091 3647 1124 3670 ¹3-
1160 3638 1216 3664 Iob.
1232 3647 1270 3670 39,
1287 3640 1325 3664 ι6.
1388 3639 1512 3671 saeuitia,
1531 3643 1560 3664 vt
1572 3635 1643 3663 heris
1656 3635 1685 3660 in
1697 3634 1809 3661 famulos
1819 3655 1825 3666 ‚
1844 3635 1862 3661 fi
1876 3635 1954 3661 aliter
1965 3635 2050 3661 teneri
2064 3643 2117 3660 non
2129 3633 2240 3667 possunt.
2277 3633 2350 3666 Virg.
2359 3633 2427 3658 Aen.

323 3684 342 3703 Η
353 3683 368 3702 E
378 3683 397 3703 R
407 3675 452 3702 GD
462 3682 481 3702 O
491 3681 512 3702 Τ
522 3682 541 3700 V
551 3683 578 3706 S,
596 3677 615 3703 i.
650 3687 686 3703 m.
722 3675 882 3712 [Ἡρόδοτος]
918 3673 1129 3707 Halicarnastbus,
1144 3674 1326 3709 antiquillimus
1386 3683 1410 3707 3,
1424 3683 1474 3709 324
1495 3674 1551 3701 Nec
1565 3670 1676 3699 victoris
1694 3669 1751 3697 heri
1765 3671 1852 3705 tetigit
1868 3671 1971 3705 captiua
1984 3670 2080 3696 cubile.
2150 3668 2233 3694 Diues
2252 3669 2320 3694 Hor.
2336 3669 2427 3694 Carm.
2452 3673 2458 3699 ζ

285 3711 416 3744 historiae,
437 3714 504 3737 inter
518 3711 623 3737 Graecas
635 3712 880 3747 quidcm,scriptor,
901 3720 1002 3747 quorum
1015 3709 1076 3736 libri
1087 3709 1121 3735 ad
1132 3717 1380 3745 nospcr1st·ne·re·.100
1389 3719 1412 3742 2,
1428 3716 1461 3741 18,
1477 3718 1515 3742 32.
1545 3725 1549 3736 i
1584 3707 1671 3733 Herus
1686 3706 1771 3733 maior
1780 3727 1787 3738 ,
1807 3707 1998 3742 Paterfamilias
2018 3705 2099 3731 Plaut.
2113 3704 2188 3738 capt.
2202 3712 2225 3736 3,
2239 3711 2261 3735 5,
2275 3713 2316 3736 50.
2351 3703 2426 3730 Idem

285 3749 341 3774 Cic.
357 3747 388 3774 de
400 3748 477 3781 Legg.
492 3754 536 3779 1‚5
554 3746 660 3782 appellat
672 3747 796 3773 historiae
809 3753 953 3781 parentem,
993 3745 1051 3772 νηί,
1065 3745 1128 3771 Bibl.
1139 3746 1182 3771 Gr.
1193 3745 1290 3772 Fabi-ic,
1387 3746 1469 3772 Trin,
1483 3754 1508 3778 2,
1527 3753 1551 3775 2,
1566 3751 1602 3777 53.
1673 3741 1759 3768 Herus
1777 3743 1881 3773 minor,
1904 3740 2098 3776 Fi'liusjamilias
2117 3739 2191 3765 Idem
2206 3738 2276 3765 Afin.
2293 3747 2319 3771 2,
2337 3747 2361 3769 2,
2382 3741 2426 3764 62.

320 3790 340 3809 H
352 3790 392 3809 1:11.
403 3789 518 3815 OioN,
537 3781 557 3808 i.
591 3790 618 3807 n.
656 3782 737 3807 Herba
754 3782 848 3811 eadem,
869 3792 929 3818 quoe
943 3780 1095 3817 Asphodelus
1113 3781 1177 3807 Plin.
1192 3790 1235 3812 22,
1249 3790 1284 3807 22.
1383 3782 1472 3808 Hei-os
1497 3786 1569 3806 vocat
1583 3779 1649 3804 Deos
1667 3787 1747 3804 omnes
1767 3777 1863 3806 Catull.
1886 3780 1934 3810 69,
1955 3778 1991 3812 76
2028 3775 2120 3802 Hostia
2141 3774 2262 3802 caelestes
2289 3773 2426 3800 concilias·
2453 3770 2455 3778 '

304 3825 339 3844 'H
352 3825 367 3844 13
378 3825 455 3844 RON
467 3824 483 3844 E
497 3825 527 3849 s,
545 3825 599 3843 um.
630 3817 669 3842 Pl.
704 3817 857 3843 Heronibus
875 3818 975 3844 elusum
993 3818 1157 3844 frumentum
1177 3817 1229 3849 l.31
1256 3817 1317 3851 Dig.
1383 3817 1421 3844 set
1440 3816 1527 3842 heros.

280 3852 356 3879 locut.
371 3853 494 3879 conduek.
523 3852 580 3878 vide
602 3857 700 3879 AERO.
1420 3857 1542 3881 HERA,
1561 3856 1600 3874 ae.
1629 3846 1649 3876 f.
1685 3845 1826 3880 [dion-oua,
1842 3846 1966 3880 δὶσπότις]
2000 3848 2116 3873 Domina.
2151 3845 2220 3872 Ter.
2229 3844 2344 3878 ΑΜΒ-αφ,
2357 3852 2383 3878 2,
2397 3852 2424 3877 4.

315 3895 335 3914 H
347 3890 361 3915 s?
371 3896 389 3916 R
399 3888 442 3916 dr
451 3890 555 3923 Ηιιε,
574 3896 610 3914 es.
645 3887 666 3914 f.
700 3885 818 3914 Sacerdos
836 3886 956 3915 Smintbei
966 3888 1108 3924 Apollinis,
1128 3896 1201 3924 quam
1214 3893 1264 3923 pro
1279 3887 1315 3915 Si·
1325 3895 1373 3923 105·
1380 3887 1452 3915 Idem
1459 3885 1540 3912 Andr.
1553 3893 1581 3918 4,
1594 3892 1616 3917 3,
1628 3892 1640 3910 2
1661 3883 1800 3912 Summum
1813 3883 1913 3912 bonum
1926 3884 1975 3911 esse
1987 3881 2067 3911 herae
2082 3880 2208 3917 putabam
2219 3880 2289 3908 hunc
2302 3879 2424 3913 Pamphi-

2355 3915 2422 3941 lum.
