<?xml version="1.0" encoding="UTF-8"?>
<!DOCTYPE html PUBLIC "-//W3C//DTD XHTML 1.0 Transitional//EN"
    "http://www.w3.org/TR/xhtml1/DTD/xhtml1-transitional.dtd">
<html xmlns="http://www.w3.org/1999/xhtml" xml:lang="en" lang="en">
 <head>
  <title>
</title>
<meta http-equiv="Content-Type" content="text/html;charset=utf-8" />
  <meta name='ocr-system' content='tesseract 3.04.00' />
  <meta name='ocr-capabilities' content='ocr_page ocr_carea ocr_par ocr_line ocrx_word'/>
</head>
<body>
  <div class='ocr_page' id='page_1' title='image "./novuslinguaeeter02gesn_0079.png"; bbox 0 0 2479 4225; ppageno 0'>
   <div class='ocr_carea' id='block_1_1' title="bbox 7 363 375 391">
    <p class='ocr_par' dir='ltr' id='par_1_1' title="bbox 7 363 375 391">
     <span class='ocr_line' id='line_1_1' title="bbox 7 363 375 391; baseline 0 -1"><span class='ocrx_word' id='word_1_1' title='bbox 7 368 9 371; x_wconf 89' lang='grc'><strong>’</strong></span> <span class='ocrx_word' id='word_1_2' title='bbox 51 368 104 391; x_wconf 73' lang='lat' dir='ltr'>tem</span> <span class='ocrx_word' id='word_1_3' title='bbox 118 372 213 390; x_wconf 84' lang='lat' dir='ltr'>nouam</span> <span class='ocrx_word' id='word_1_4' title='bbox 227 363 375 391; x_wconf 83' lang='lat' dir='ltr'>deuorauit.</span> 
     </span>
    </p>
   </div>
   <div class='ocr_carea' id='block_1_2' title="bbox 430 240 699 281">
    <p class='ocr_par' dir='ltr' id='par_1_2' title="bbox 430 240 699 281">
     <span class='ocr_line' id='line_1_2' title="bbox 430 240 699 281; baseline 0.004 -1"><span class='ocrx_word' id='word_1_5' title='bbox 430 240 699 281; x_wconf 88' lang='lat' dir='ltr'>DEV</span> 
     </span>
    </p>
   </div>
   <div class='ocr_carea' id='block_1_3' title="bbox 1 326 1082 643">
    <p class='ocr_par' dir='ltr' id='par_1_3' title="bbox 1 326 1082 643">
     <span class='ocr_line' id='line_1_3' title="bbox 52 326 1080 363; baseline -0.001 -8"><span class='ocrx_word' id='word_1_6' title='bbox 52 337 106 363; x_wconf 81' lang='lat' dir='ltr'>qno</span> <span class='ocrx_word' id='word_1_7' title='bbox 119 333 235 356; x_wconf 81' lang='lat' dir='ltr'>veterem</span> <span class='ocrx_word' id='word_1_8' title='bbox 249 329 394 356; x_wconf 81' lang='lat' dir='ltr'>comederit</span> <span class='ocrx_word' id='word_1_9' title='bbox 414 329 531 361; x_wconf 78' lang='lat' dir='ltr'>(nnllam</span> <span class='ocrx_word' id='word_1_10' title='bbox 543 330 615 357; x_wconf 82' lang='lat' dir='ltr'>enim</span> <span class='ocrx_word' id='word_1_11' title='bbox 627 327 735 359; x_wconf 86' lang='lat' dir='ltr'>habuit)</span> <span class='ocrx_word' id='word_1_12' title='bbox 755 327 797 354; x_wconf 85' lang='lat' dir='ltr'>scd</span> <span class='ocrx_word' id='word_1_13' title='bbox 814 326 880 353; x_wconf 80' lang='lat' dir='ltr'>hanc</span> <span class='ocrx_word' id='word_1_14' title='bbox 899 327 981 361; x_wconf 83' lang='lat' dir='ltr'>ipsam</span> <span class='ocrx_word' id='word_1_15' title='bbox 993 336 1080 354; x_wconf 81' lang='lat' dir='ltr'>recen-</span> 
     </span>
     <span class='ocr_line' id='line_1_4' title="bbox 446 362 1079 400; baseline -0.005 -9"><span class='ocrx_word' id='word_1_16' title='bbox 446 365 620 400; x_wconf 54' lang='lat' dir='ltr'>Cicfflhiupp.</span> <span class='ocrx_word' id='word_1_17' title='bbox 632 373 666 396; x_wconf 80' lang='lat'>13,</span> <span class='ocrx_word' id='word_1_18' title='bbox 680 366 697 395; x_wconf 47' lang='lat'>3*</span> <span class='ocrx_word' id='word_1_19' title='bbox 711 363 767 396; x_wconf 69' lang='lat' dir='ltr'>Qui</span> <span class='ocrx_word' id='word_1_20' title='bbox 782 363 833 388; x_wconf 84' lang='lat' dir='ltr'>suis</span> <span class='ocrx_word' id='word_1_21' title='bbox 845 362 922 390; x_wconf 84' lang='lat' dir='ltr'>rebus</span> <span class='ocrx_word' id='word_1_22' title='bbox 936 363 1079 395; x_wconf 79' lang='lat' dir='ltr'>Exhaustis,</span> 
     </span>
     <span class='ocr_line' id='line_1_5' title="bbox 52 398 1081 431; baseline -0.002 -5"><span class='ocrx_word' id='word_1_23' title='bbox 52 398 186 426; x_wconf 83' lang='lat' dir='ltr'>beneficiis</span> <span class='ocrx_word' id='word_1_24' title='bbox 198 400 314 426; x_wconf 80' lang='lat' dir='ltr'>Caesaris</span> <span class='ocrx_word' id='word_1_25' title='bbox 332 399 465 427; x_wconf 78' lang='lat' dir='ltr'>denotatis</span> <span class='ocrx_word' id='word_1_26' title='bbox 474 421 481 431; x_wconf 86' lang='lat'><strong>‚</strong></span> <span class='ocrx_word' id='word_1_27' title='bbox 498 401 615 427; x_wconf 80' lang='lat' dir='ltr'>fortunas</span> <span class='ocrx_word' id='word_1_28' title='bbox 629 398 727 425; x_wconf 83' lang='lat' dir='ltr'>nostras</span> <span class='ocrx_word' id='word_1_29' title='bbox 740 398 938 431; x_wconf 87' lang='lat' dir='ltr'>concupierunt.</span> <span class='ocrx_word' id='word_1_30' title='bbox 1007 398 1081 424; x_wconf 87' lang='lat' dir='ltr'>Idem</span> 
     </span>
     <span class='ocr_line' id='line_1_6' title="bbox 53 433 1081 470; baseline -0.002 -9"><span class='ocrx_word' id='word_1_31' title='bbox 53 443 102 470; x_wconf 82' lang='lat' dir='ltr'>pro</span> <span class='ocrx_word' id='word_1_32' title='bbox 115 435 201 460; x_wconf 90' lang='lat' dir='ltr'>Domo</span> <span class='ocrx_word' id='word_1_33' title='bbox 216 435 260 461; x_wconf 83' lang='lat' dir='ltr'>sua</span> <span class='ocrx_word' id='word_1_34' title='bbox 275 437 308 461; x_wconf 77' lang='lat'>60</span> <span class='ocrx_word' id='word_1_35' title='bbox 327 444 348 462; x_wconf 88' lang='lat' dir='ltr'>c.</span> <span class='ocrx_word' id='word_1_36' title='bbox 362 443 390 467; x_wconf 83' lang='lat'>23</span> <span class='ocrx_word' id='word_1_37' title='bbox 417 436 480 461; x_wconf 89' lang='lat' dir='ltr'>Non</span> <span class='ocrx_word' id='word_1_38' title='bbox 494 436 563 462; x_wconf 86' lang='lat' dir='ltr'>enirn</span> <span class='ocrx_word' id='word_1_39' title='bbox 576 433 706 464; x_wconf 77' lang='lat' dir='ltr'>arbitror,</span> <span class='ocrx_word' id='word_1_40' title='bbox 724 441 804 467; x_wconf 88' lang='lat' dir='ltr'>quum</span> <span class='ocrx_word' id='word_1_41' title='bbox 818 433 874 466; x_wconf 87' lang='lat' dir='ltr'>post</span> <span class='ocrx_word' id='word_1_42' title='bbox 887 442 974 459; x_wconf 87' lang='lat' dir='ltr'>meum</span> <span class='ocrx_word' id='word_1_43' title='bbox 991 433 1081 460; x_wconf 82' lang='lat' dir='ltr'>disces-</span> 
     </span>
     <span class='ocr_line' id='line_1_7' title="bbox 53 468 1082 505; baseline -0.001 -9"><span class='ocrx_word' id='word_1_44' title='bbox 53 471 108 496; x_wconf 87' lang='lat' dir='ltr'>sum</span> <span class='ocrx_word' id='word_1_45' title='bbox 121 470 240 497; x_wconf 90' lang='lat' dir='ltr'>omnium</span> <span class='ocrx_word' id='word_1_46' title='bbox 254 470 412 505; x_wconf 86' lang='lat' dir='ltr'>locupletum</span> <span class='ocrx_word' id='word_1_47' title='bbox 424 471 555 502; x_wconf 81' lang='lat' dir='ltr'>fortunas,</span> <span class='ocrx_word' id='word_1_48' title='bbox 571 468 690 496; x_wconf 82' lang='lat' dir='ltr'>omnium</span> <span class='ocrx_word' id='word_1_49' title='bbox 705 468 904 501; x_wconf 87' lang='lat' dir='ltr'>prouinciarum</span> <span class='ocrx_word' id='word_1_50' title='bbox 918 468 1035 501; x_wconf 72' lang='lat' dir='ltr'>fruClns,</span> <span class='ocrx_word' id='word_1_51' title='bbox 1056 477 1082 494; x_wconf 87' lang='lat' dir='ltr'>ct</span> 
     </span>
     <span class='ocr_line' id='line_1_8' title="bbox 53 502 1079 540; baseline 0 -10"><span class='ocrx_word' id='word_1_52' title='bbox 53 504 260 532; x_wconf 86' lang='lat' dir='ltr'>Tetrarcharum</span> <span class='ocrx_word' id='word_1_53' title='bbox 273 514 301 531; x_wconf 87' lang='lat' dir='ltr'>ac</span> <span class='ocrx_word' id='word_1_54' title='bbox 314 514 404 539; x_wconf 73' lang='lat' dir='ltr'>regum</span> <span class='ocrx_word' id='word_1_55' title='bbox 418 505 502 539; x_wconf 81' lang='lat' dir='ltr'>bona,</span> <span class='ocrx_word' id='word_1_56' title='bbox 519 506 566 540; x_wconf 85' lang='lat' dir='ltr'>Spe</span> <span class='ocrx_word' id='word_1_57' title='bbox 584 509 608 529; x_wconf 84' lang='lat' dir='ltr'>et</span> <span class='ocrx_word' id='word_1_58' title='bbox 627 503 739 529; x_wconf 87' lang='lat' dir='ltr'>auaritia</span> <span class='ocrx_word' id='word_1_59' title='bbox 754 502 914 536; x_wconf 70' lang='lat' dir='ltr'>denotasses,</span> <span class='ocrx_word' id='word_1_60' title='bbox 934 505 1035 538; x_wconf 80' lang='lat' dir='ltr'>argenti</span> <span class='ocrx_word' id='word_1_61' title='bbox 1054 510 1079 529; x_wconf 88' lang='lat' dir='ltr'>et</span> 
     </span>
     <span class='ocr_line' id='line_1_9' title="bbox 1 538 1078 575; baseline -0.002 -9"><span class='ocrx_word' id='word_1_62' title='bbox 1 538 13 554; x_wconf 79' lang='grc'>’“</span> <span class='ocrx_word' id='word_1_63' title='bbox 51 539 221 573; x_wconf 70' lang='lat' dir='ltr'>supellectilis</span> <span class='ocrx_word' id='word_1_64' title='bbox 234 548 306 566; x_wconf 84' lang='lat' dir='ltr'>meae</span> <span class='ocrx_word' id='word_1_65' title='bbox 321 541 459 575; x_wconf 83' lang='lat' dir='ltr'>cupiditate</span> <span class='ocrx_word' id='word_1_66' title='bbox 475 546 611 568; x_wconf 81' lang='lat' dir='ltr'>caecatum.</span> <span class='ocrx_word' id='word_1_67' title='bbox 681 538 839 564; x_wconf 81' lang='lat' dir='ltr'>Plaut.Asin.</span> <span class='ocrx_word' id='word_1_68' title='bbox 855 548 877 570; x_wconf 84' lang='lat'>3,</span> <span class='ocrx_word' id='word_1_69' title='bbox 888 548 910 571; x_wconf 82' lang='lat'>3,</span> <span class='ocrx_word' id='word_1_70' title='bbox 923 542 953 572; x_wconf 65' lang='grc' dir='ltr'>ξς)</span> <span class='ocrx_word' id='word_1_71' title='bbox 974 539 1078 566; x_wconf 85' lang='lat' dir='ltr'>Auscul-</span> 
     </span>
     <span class='ocr_line' id='line_1_10' title="bbox 53 572 1078 610; baseline 0 -10"><span class='ocrx_word' id='word_1_72' title='bbox 53 580 121 606; x_wconf 84' lang='lat' dir='ltr'>tate,</span> <span class='ocrx_word' id='word_1_73' title='bbox 141 581 220 610; x_wconf 85' lang='lat' dir='ltr'>atque</span> <span class='ocrx_word' id='word_1_74' title='bbox 232 584 339 610; x_wconf 81' lang='lat' dir='ltr'>operam</span> <span class='ocrx_word' id='word_1_75' title='bbox 352 577 409 603; x_wconf 84' lang='lat' dir='ltr'>date</span> <span class='ocrx_word' id='word_1_76' title='bbox 418 597 424 608; x_wconf 89' lang='lat'>‚</span> <span class='ocrx_word' id='word_1_77' title='bbox 441 584 465 603; x_wconf 88' lang='lat' dir='ltr'>et</span> <span class='ocrx_word' id='word_1_78' title='bbox 478 583 532 602; x_wconf 86' lang='lat' dir='ltr'>mea</span> <span class='ocrx_word' id='word_1_79' title='bbox 544 573 613 600; x_wconf 66' lang='lat' dir='ltr'>dieta</span> <span class='ocrx_word' id='word_1_80' title='bbox 626 572 767 605; x_wconf 82' lang='lat' dir='ltr'>deuorate,</span> <span class='ocrx_word' id='word_1_81' title='bbox 787 574 838 600; x_wconf 71' lang='lat' dir='ltr'>lm.</span> <span class='ocrx_word' id='word_1_82' title='bbox 851 582 923 601; x_wconf 78' lang='lat' dir='ltr'>tanta</span> <span class='ocrx_word' id='word_1_83' title='bbox 935 584 987 601; x_wconf 89' lang='lat' dir='ltr'>cum</span> <span class='ocrx_word' id='word_1_84' title='bbox 1000 581 1078 601; x_wconf 74' lang='lat' dir='ltr'>atten-</span> 
     </span>
     <span class='ocr_line' id='line_1_11' title="bbox 52 608 1081 643; baseline -0.001 -7"><span class='ocrx_word' id='word_1_85' title='bbox 52 612 119 636; x_wconf 72' lang='lat' dir='ltr'>tione</span> <span class='ocrx_word' id='word_1_86' title='bbox 132 609 266 641; x_wconf 69' lang='lat' dir='ltr'>aduertite,</span> <span class='ocrx_word' id='word_1_87' title='bbox 282 618 310 637; x_wconf 81' lang='lat' dir='ltr'>vt</span> <span class='ocrx_word' id='word_1_88' title='bbox 323 611 390 637; x_wconf 47' lang='lat' dir='ltr'>dil-‘la</span> <span class='ocrx_word' id='word_1_89' title='bbox 402 621 452 638; x_wconf 72' lang='lat' dir='ltr'>mea</span> <span class='ocrx_word' id='word_1_90' title='bbox 464 611 578 636; x_wconf 75' lang='lat' dir='ltr'>deuorare</span> <span class='ocrx_word' id='word_1_91' title='bbox 590 608 735 635; x_wconf 70' lang='lat' dir='ltr'>videamini.</span> <span class='ocrx_word' id='word_1_92' title='bbox 807 610 955 636; x_wconf 83' lang='lat' dir='ltr'>Hominum</span> <span class='ocrx_word' id='word_1_93' title='bbox 969 610 1081 643; x_wconf 85' lang='lat' dir='ltr'>ineptias</span> 
     </span>
    </p>
   </div>
   <div class='ocr_carea' id='block_1_4' title="bbox 54 253 108 292">
    <p class='ocr_par' dir='ltr' id='par_1_4' title="bbox 54 253 108 292">
     <span class='ocr_line' id='line_1_12' title="bbox 54 253 108 292; baseline -0.019 0"><span class='ocrx_word' id='word_1_94' title='bbox 54 253 108 292; x_wconf 86' lang='lat'>¹33</span> 
     </span>
    </p>
   </div>
   <div class='ocr_carea' id='block_1_5' title="bbox 53 644 1137 681">
    <p class='ocr_par' dir='ltr' id='par_1_5' title="bbox 53 644 1137 681">
     <span class='ocr_line' id='line_1_13' title="bbox 53 644 1137 681; baseline 0 -10"><span class='ocrx_word' id='word_1_95' title='bbox 53 651 79 671; x_wconf 91' lang='lat' dir='ltr'>et</span> <span class='ocrx_word' id='word_1_96' title='bbox 91 644 212 672; x_wconf 84' lang='lat' dir='ltr'>stultitias</span> <span class='ocrx_word' id='word_1_97' title='bbox 226 646 280 672; x_wconf 84' lang='lat' dir='ltr'>Cic.</span> <span class='ocrx_word' id='word_1_98' title='bbox 292 647 323 672; x_wconf 85' lang='lat' dir='ltr'>de</span> <span class='ocrx_word' id='word_1_99' title='bbox 336 648 406 673; x_wconf 61' lang='grc' dir='ltr'>(Ἱππ.</span> <span class='ocrx_word' id='word_1_100' title='bbox 419 649 489 673; x_wconf 85' lang='lat' dir='ltr'>Orat.</span> <span class='ocrx_word' id='word_1_101' title='bbox 502 647 548 676; x_wconf 81' lang='lat'>236</span> <span class='ocrx_word' id='word_1_102' title='bbox 568 652 590 669; x_wconf 90' lang='lat' dir='ltr'>c.</span> <span class='ocrx_word' id='word_1_103' title='bbox 602 647 645 678; x_wconf 90' lang='lat'>67.</span> <span class='ocrx_word' id='word_1_104' title='bbox 671 647 689 670; x_wconf 88' lang='lat' dir='ltr'>i.</span> <span class='ocrx_word' id='word_1_105' title='bbox 700 646 827 679; x_wconf 62' lang='lat' dir='ltr'>patienter</span> <span class='ocrx_word' id='word_1_106' title='bbox 838 645 913 681; x_wconf 79' lang='lat' dir='ltr'>serre</span> <span class='ocrx_word' id='word_1_107' title='bbox 932 651 956 670; x_wconf 78' lang='lat' dir='ltr'>ct</span> <span class='ocrx_word' id='word_1_108' title='bbox 975 645 1082 680; x_wconf 63' lang='lat' dir='ltr'>dtjffimu-</span> <span class='ocrx_word' id='word_1_109' title='bbox 1110 657 1137 674; x_wconf 83' lang='lat'>10</span> 
     </span>
    </p>
   </div>
   <div class='ocr_carea' id='block_1_6' title="bbox 45 678 1084 997">
    <p class='ocr_par' dir='ltr' id='par_1_6' title="bbox 45 678 1084 997">
     <span class='ocr_line' id='line_1_14' title="bbox 53 678 1079 713; baseline -0.001 -6"><span class='ocrx_word' id='word_1_110' title='bbox 53 681 142 707; x_wconf 78' lang='lat' dir='ltr'>lanter.</span> <span class='ocrx_word' id='word_1_111' title='bbox 212 682 341 708; x_wconf 73' lang='lat' dir='ltr'>Lacrimas</span> <span class='ocrx_word' id='word_1_112' title='bbox 368 680 492 708; x_wconf 80' lang='lat' dir='ltr'>inu-orsus</span> <span class='ocrx_word' id='word_1_113' title='bbox 516 678 622 705; x_wconf 77' lang='lat' dir='ltr'>obortas</span> <span class='ocrx_word' id='word_1_114' title='bbox 646 678 757 705; x_wconf 82' lang='lat' dir='ltr'>denotat</span> <span class='ocrx_word' id='word_1_115' title='bbox 782 680 863 706; x_wconf 86' lang='lat' dir='ltr'>Ouid.</span> <span class='ocrx_word' id='word_1_116' title='bbox 884 680 947 706; x_wconf 86' lang='lat' dir='ltr'>Fast.</span> <span class='ocrx_word' id='word_1_117' title='bbox 966 689 1000 712; x_wconf 87' lang='lat'>4,</span> <span class='ocrx_word' id='word_1_118' title='bbox 1021 682 1079 713; x_wconf 79' lang='lat'>846.</span> 
     </span>
     <span class='ocr_line' id='line_1_15' title="bbox 55 714 1082 754; baseline -0.001 -12"><span class='ocrx_word' id='word_1_119' title='bbox 55 717 147 750; x_wconf 74' lang='lat' dir='ltr'>Nempe</span> <span class='ocrx_word' id='word_1_120' title='bbox 158 716 313 742; x_wconf 77' lang='lat' dir='ltr'>lacrimarum</span> <span class='ocrx_word' id='word_1_121' title='bbox 323 717 401 754; x_wconf 86' lang='lat' dir='ltr'>fons,</span> <span class='ocrx_word' id='word_1_122' title='bbox 415 715 440 752; x_wconf 90' lang='lat' dir='ltr'><em>s</em></span> <span class='ocrx_word' id='word_1_123' title='bbox 457 714 586 750; x_wconf 73' lang='lat' dir='ltr'><em>glandulae</em></span> <span class='ocrx_word' id='word_1_124' title='bbox 597 717 670 741; x_wconf 83' lang='lat' dir='ltr'>etiam</span> <span class='ocrx_word' id='word_1_125' title='bbox 683 717 710 740; x_wconf 83' lang='lat' dir='ltr'>in</span> <span class='ocrx_word' id='word_1_126' title='bbox 723 724 795 740; x_wconf 80' lang='lat' dir='ltr'>nares</span> <span class='ocrx_word' id='word_1_127' title='bbox 803 722 909 750; x_wconf 80' lang='lat' dir='ltr'>patent,</span> <span class='ocrx_word' id='word_1_128' title='bbox 932 715 995 741; x_wconf 80' lang='lat' dir='ltr'>vnde</span> <span class='ocrx_word' id='word_1_129' title='bbox 1014 718 1041 741; x_wconf 79' lang='lat' dir='ltr'>in</span> <span class='ocrx_word' id='word_1_130' title='bbox 1056 725 1082 741; x_wconf 73' lang='grc' dir='ltr'>ος</span> 
     </span>
     <span class='ocr_line' id='line_1_16' title="bbox 54 749 1081 788; baseline 0.002 -14"><span class='ocrx_word' id='word_1_131' title='bbox 54 750 156 785; x_wconf 68' lang='grc' dir='ltr'>ἅςβιιῑνε</span> <span class='ocrx_word' id='word_1_132' title='bbox 170 758 193 777; x_wconf 77' lang='lat' dir='ltr'>et</span> <span class='ocrx_word' id='word_1_133' title='bbox 207 753 297 788; x_wconf 62' lang='lat' dir='ltr'>glum-1*</span> <span class='ocrx_word' id='word_1_134' title='bbox 306 751 410 787; x_wconf 72' lang='lat' dir='ltr'>poffimt,</span> <span class='ocrx_word' id='word_1_135' title='bbox 452 749 559 781; x_wconf 86' lang='lat' dir='ltr'>Libros,</span> <span class='ocrx_word' id='word_1_136' title='bbox 580 751 664 776; x_wconf 82' lang='lat' dir='ltr'>Multa</span> <span class='ocrx_word' id='word_1_137' title='bbox 678 757 701 775; x_wconf 82' lang='lat' dir='ltr'>et</span> <span class='ocrx_word' id='word_1_138' title='bbox 715 750 881 785; x_wconf 67' lang='lat' dir='ltr'>ardennjJimo</span> <span class='ocrx_word' id='word_1_139' title='bbox 894 753 975 776; x_wconf 85' lang='lat' dir='ltr'>animo</span> <span class='ocrx_word' id='word_1_140' title='bbox 987 751 1064 788; x_wconf 72' lang='lat' dir='ltr'>legere</span> <span class='ocrx_word' id='word_1_141' title='bbox 1074 761 1081 776; x_wconf 88' lang='grc'>.-</span> 
     </span>
     <span class='ocr_line' id='line_1_17' title="bbox 55 784 1082 821; baseline 0.001 -10"><span class='ocrx_word' id='word_1_142' title='bbox 55 787 111 812; x_wconf 88' lang='lat' dir='ltr'>Cic.</span> <span class='ocrx_word' id='word_1_143' title='bbox 124 786 176 812; x_wconf 74' lang='lat' dir='ltr'>Aet.</span> <span class='ocrx_word' id='word_1_144' title='bbox 191 794 217 821; x_wconf 82' lang='lat'>7,</span> <span class='ocrx_word' id='word_1_145' title='bbox 231 796 242 819; x_wconf 83' lang='lat'><em>3</em></span> <span class='ocrx_word' id='word_1_146' title='bbox 262 787 334 821; x_wconf 76' lang='lat' dir='ltr'>Qnid</span> <span class='ocrx_word' id='word_1_147' title='bbox 349 786 416 813; x_wconf 84' lang='lat' dir='ltr'>enim</span> <span class='ocrx_word' id='word_1_148' title='bbox 430 784 482 811; x_wconf 87' lang='lat' dir='ltr'>tibi</span> <span class='ocrx_word' id='word_1_149' title='bbox 493 785 595 815; x_wconf 79' lang='lat' dir='ltr'>faciam,</span> <span class='ocrx_word' id='word_1_150' title='bbox 615 785 662 820; x_wconf 88' lang='lat' dir='ltr'>qui</span> <span class='ocrx_word' id='word_1_151' title='bbox 676 785 735 811; x_wconf 89' lang='lat' dir='ltr'>illos</span> <span class='ocrx_word' id='word_1_152' title='bbox 751 785 834 812; x_wconf 89' lang='lat' dir='ltr'>libros</span> <span class='ocrx_word' id='word_1_153' title='bbox 848 785 996 812; x_wconf 70' lang='lat' dir='ltr'>denotasti?</span> <span class='ocrx_word' id='word_1_154' title='bbox 1034 786 1082 820; x_wconf 83' lang='lat' dir='ltr'>Spe</span> 
     </span>
     <span class='ocr_line' id='line_1_18' title="bbox 53 819 1083 856; baseline 0 -10"><span class='ocrx_word' id='word_1_155' title='bbox 53 820 171 854; x_wconf 85' lang='lat' dir='ltr'>lucrum,</span> <span class='ocrx_word' id='word_1_156' title='bbox 198 823 221 849; x_wconf 81' lang='lat' dir='ltr'>b.</span> <span class='ocrx_word' id='word_1_157' title='bbox 237 832 255 848; x_wconf 85' lang='lat' dir='ltr'>c.</span> <span class='ocrx_word' id='word_1_158' title='bbox 274 830 323 849; x_wconf 83' lang='lat' dir='ltr'>tam</span> <span class='ocrx_word' id='word_1_159' title='bbox 340 820 453 848; x_wconf 78' lang='lat' dir='ltr'>ardenter</span> <span class='ocrx_word' id='word_1_160' title='bbox 470 819 606 853; x_wconf 65' lang='lat' dir='ltr'>affeb‘lare,</span> <span class='ocrx_word' id='word_1_161' title='bbox 624 826 653 846; x_wconf 77' lang='lat' dir='ltr'>vt</span> <span class='ocrx_word' id='word_1_162' title='bbox 672 823 721 846; x_wconf 76' lang='lat' dir='ltr'>iam</span> <span class='ocrx_word' id='word_1_163' title='bbox 742 820 899 856; x_wconf 58' lang='lat' dir='ltr'>consequutus</span> <span class='ocrx_word' id='word_1_164' title='bbox 913 820 955 854; x_wconf 64' lang='lat' dir='ltr'>cjffi’</span> <span class='ocrx_word' id='word_1_165' title='bbox 972 820 1083 847; x_wconf 77' lang='lat' dir='ltr'>videaris</span> 
     </span>
     <span class='ocr_line' id='line_1_19' title="bbox 52 855 1083 892; baseline 0 -10"><span class='ocrx_word' id='word_1_166' title='bbox 52 856 109 883; x_wconf 84' lang='lat' dir='ltr'>Cic.</span> <span class='ocrx_word' id='word_1_167' title='bbox 123 865 171 890; x_wconf 86' lang='lat' dir='ltr'>pro</span> <span class='ocrx_word' id='word_1_168' title='bbox 186 858 277 884; x_wconf 85' lang='lat' dir='ltr'>Flacco</span> <span class='ocrx_word' id='word_1_169' title='bbox 289 864 327 891; x_wconf 75' lang='lat'>37.</span> <span class='ocrx_word' id='word_1_170' title='bbox 361 856 445 882; x_wconf 73' lang='lat' dir='ltr'>samm</span> <span class='ocrx_word' id='word_1_171' title='bbox 463 855 604 890; x_wconf 75' lang='lat' dir='ltr'>metaphora</span> <span class='ocrx_word' id='word_1_172' title='bbox 623 865 639 882; x_wconf 90' lang='lat' dir='ltr'>a</span> <span class='ocrx_word' id='word_1_173' title='bbox 656 856 758 882; x_wconf 74' lang='lat' dir='ltr'>canibus</span> <span class='ocrx_word' id='word_1_174' title='bbox 771 855 917 888; x_wconf 80' lang='lat' dir='ltr'>voracibus,</span> <span class='ocrx_word' id='word_1_175' title='bbox 936 858 979 892; x_wconf 84' lang='lat' dir='ltr'>qui</span> <span class='ocrx_word' id='word_1_176' title='bbox 992 855 1083 892; x_wconf 77' lang='lat' dir='ltr'>ostenso</span> 
     </span>
     <span class='ocr_line' id='line_1_20' title="bbox 45 890 1084 952; baseline 0 -35"><span class='ocrx_word' id='word_1_177' title='bbox 45 890 209 952; x_wconf 52' lang='lat' dir='ltr'>fibisrxfio,</span> <span class='ocrx_word' id='word_1_178' title='bbox 230 894 301 919; x_wconf 71' lang='lat' dir='ltr'>malis</span> <span class='ocrx_word' id='word_1_179' title='bbox 318 894 461 926; x_wconf 70' lang='lat' dir='ltr'>increpant,</span> <span class='ocrx_word' id='word_1_180' title='bbox 483 897 507 916; x_wconf 79' lang='lat' dir='ltr'>et</span> <span class='ocrx_word' id='word_1_181' title='bbox 524 891 689 917; x_wconf 78' lang='lat' dir='ltr'><em>mandentium</em></span> <span class='ocrx_word' id='word_1_182' title='bbox 700 892 806 927; x_wconf 79' lang='lat' dir='ltr'>speciem</span> <span class='ocrx_word' id='word_1_183' title='bbox 821 891 939 925; x_wconf 75' lang='lat' dir='ltr'>praebent</span> <span class='ocrx_word' id='word_1_184' title='bbox 955 890 1084 927; x_wconf 72' lang='lat' dir='ltr'>gestientes</span> 
     </span>
     <span class='ocr_line' id='line_1_21' title="bbox 52 925 1084 964; baseline 0.001 -12"><span class='ocrx_word' id='word_1_185' title='bbox 52 930 95 952; x_wconf 71' lang='lat' dir='ltr'>am*</span> <span class='ocrx_word' id='word_1_186' title='bbox 114 934 174 953; x_wconf 71' lang='lat' dir='ltr'>itate</span> <span class='ocrx_word' id='word_1_187' title='bbox 190 935 214 954; x_wconf 82' lang='lat' dir='ltr'>et</span> <span class='ocrx_word' id='word_1_188' title='bbox 231 929 380 964; x_wconf 79' lang='lat' dir='ltr'><em>gannientes.</em></span> <span class='ocrx_word' id='word_1_189' title='bbox 422 926 464 953; x_wconf 83' lang='lat' dir='ltr'>Sic</span> <span class='ocrx_word' id='word_1_190' title='bbox 476 926 525 960; x_wconf 82' lang='lat' dir='ltr'>Spe</span> <span class='ocrx_word' id='word_1_191' title='bbox 536 925 711 953; x_wconf 79' lang='lat' dir='ltr'>hereditatem</span> <span class='ocrx_word' id='word_1_192' title='bbox 727 926 854 952; x_wconf 85' lang='lat' dir='ltr'>deuorare</span> <span class='ocrx_word' id='word_1_193' title='bbox 870 927 926 953; x_wconf 88' lang='lat' dir='ltr'>Cic.</span> <span class='ocrx_word' id='word_1_194' title='bbox 940 927 993 953; x_wconf 83' lang='lat' dir='ltr'>Att.</span> <span class='ocrx_word' id='word_1_195' title='bbox 1010 936 1035 958; x_wconf 91' lang='lat'>1,</span> <span class='ocrx_word' id='word_1_196' title='bbox 1053 936 1084 960; x_wconf 81' lang='lat'>13·</span> 
     </span>
     <span class='ocr_line' id='line_1_22' title="bbox 53 960 1082 997; baseline -0.001 -8"><span class='ocrx_word' id='word_1_197' title='bbox 53 963 85 989; x_wconf 80' lang='lat' dir='ltr'>Et</span> <span class='ocrx_word' id='word_1_198' title='bbox 99 962 221 989; x_wconf 76' lang='lat' dir='ltr'>Praedam</span> <span class='ocrx_word' id='word_1_199' title='bbox 235 963 282 996; x_wconf 86' lang='lat' dir='ltr'>Spe</span> <span class='ocrx_word' id='word_1_200' title='bbox 297 966 322 987; x_wconf 89' lang='lat' dir='ltr'>et</span> <span class='ocrx_word' id='word_1_201' title='bbox 334 960 462 995; x_wconf 86' lang='lat' dir='ltr'>opinione</span> <span class='ocrx_word' id='word_1_202' title='bbox 479 961 551 987; x_wconf 87' lang='lat' dir='ltr'>ldem</span> <span class='ocrx_word' id='word_1_203' title='bbox 563 963 639 988; x_wconf 86' lang='lat' dir='ltr'>Verr.</span> <span class='ocrx_word' id='word_1_204' title='bbox 653 971 680 994; x_wconf 91' lang='lat'>1,</span> <span class='ocrx_word' id='word_1_205' title='bbox 694 969 733 994; x_wconf 76' lang='lat'>135</span> <span class='ocrx_word' id='word_1_206' title='bbox 754 971 775 987; x_wconf 87' lang='lat' dir='ltr'>c.</span> <span class='ocrx_word' id='word_1_207' title='bbox 790 969 830 996; x_wconf 81' lang='lat'>57.</span> <span class='ocrx_word' id='word_1_208' title='bbox 902 962 957 988; x_wconf 87' lang='lat' dir='ltr'>Cic.</span> <span class='ocrx_word' id='word_1_209' title='bbox 971 961 1082 997; x_wconf 84' lang='lat' dir='ltr'>Philipp.</span> 
     </span>
    </p>
   </div>
   <div class='ocr_carea' id='block_1_7' title="bbox 54 996 1130 1032">
    <p class='ocr_par' dir='ltr' id='par_1_7' title="bbox 54 996 1130 1032">
     <span class='ocr_line' id='line_1_23' title="bbox 54 996 1130 1032; baseline 0 -8"><span class='ocrx_word' id='word_1_210' title='bbox 54 999 78 1027; x_wconf 81' lang='lat'>6,</span> <span class='ocrx_word' id='word_1_211' title='bbox 94 1005 122 1032; x_wconf 88' lang='lat'>17</span> <span class='ocrx_word' id='word_1_212' title='bbox 142 1007 163 1024; x_wconf 91' lang='lat' dir='ltr'>c.</span> <span class='ocrx_word' id='word_1_213' title='bbox 177 1006 194 1032; x_wconf 92' lang='lat'>7</span> <span class='ocrx_word' id='word_1_214' title='bbox 216 998 381 1031; x_wconf 76' lang='lat' dir='ltr'>Qiapropter</span> <span class='ocrx_word' id='word_1_215' title='bbox 393 996 513 1030; x_wconf 84' lang='lat' dir='ltr'>Q1irites</span> <span class='ocrx_word' id='word_1_216' title='bbox 526 997 670 1032; x_wconf 66' lang='lat' dir='ltr'>exspectate</span> <span class='ocrx_word' id='word_1_217' title='bbox 683 997 830 1031; x_wconf 83' lang='lat' dir='ltr'>legatorum</span> <span class='ocrx_word' id='word_1_218' title='bbox 843 996 969 1030; x_wconf 87' lang='lat' dir='ltr'>reditum,</span> <span class='ocrx_word' id='word_1_219' title='bbox 985 1004 1010 1024; x_wconf 87' lang='lat' dir='ltr'>et</span> <span class='ocrx_word' id='word_1_220' title='bbox 1023 1007 1084 1032; x_wconf 90' lang='lat' dir='ltr'>pau·</span> <span class='ocrx_word' id='word_1_221' title='bbox 1096 1009 1130 1028; x_wconf 84' lang='lat'>20</span> 
     </span>
    </p>
   </div>
   <div class='ocr_carea' id='block_1_8' title="bbox 16 1031 1088 1346">
    <p class='ocr_par' dir='ltr' id='par_1_8' title="bbox 16 1031 1088 1346">
     <span class='ocr_line' id='line_1_24' title="bbox 53 1031 1086 1069; baseline 0.001 -11"><span class='ocrx_word' id='word_1_222' title='bbox 53 1041 145 1059; x_wconf 88' lang='lat' dir='ltr'>corum</span> <span class='ocrx_word' id='word_1_223' title='bbox 158 1033 259 1060; x_wconf 87' lang='lat' dir='ltr'>dierum</span> <span class='ocrx_word' id='word_1_224' title='bbox 271 1031 415 1058; x_wconf 87' lang='lat' dir='ltr'>molestiam</span> <span class='ocrx_word' id='word_1_225' title='bbox 426 1031 560 1058; x_wconf 88' lang='lat' dir='ltr'>deuoratc.</span> <span class='ocrx_word' id='word_1_226' title='bbox 633 1033 739 1059; x_wconf 89' lang='lat' dir='ltr'>Nomen</span> <span class='ocrx_word' id='word_1_227' title='bbox 750 1032 870 1065; x_wconf 88' lang='lat' dir='ltr'>alicuius,</span> <span class='ocrx_word' id='word_1_228' title='bbox 889 1035 906 1059; x_wconf 84' lang='lat' dir='ltr'>i.</span> <span class='ocrx_word' id='word_1_229' title='bbox 923 1033 1033 1069; x_wconf 70' lang='lat' dir='ltr'>obliuisci</span> <span class='ocrx_word' id='word_1_230' title='bbox 1045 1043 1086 1060; x_wconf 81' lang='grc' dir='ltr'>ηο-</span> 
     </span>
     <span class='ocr_line' id='line_1_25' title="bbox 53 1067 1085 1103; baseline 0.001 -9"><span class='ocrx_word' id='word_1_231' title='bbox 53 1071 129 1094; x_wconf 85' lang='lat' dir='ltr'><em>minis</em></span> <span class='ocrx_word' id='word_1_232' title='bbox 142 1068 221 1095; x_wconf 87' lang='lat' dir='ltr'>Plaut.</span> <span class='ocrx_word' id='word_1_233' title='bbox 234 1067 351 1094; x_wconf 84' lang='lat' dir='ltr'>Trinum</span> <span class='ocrx_word' id='word_1_234' title='bbox 364 1077 392 1101; x_wconf 85' lang='lat'>4,</span> <span class='ocrx_word' id='word_1_235' title='bbox 407 1075 432 1099; x_wconf 83' lang='lat'>2,</span> <span class='ocrx_word' id='word_1_236' title='bbox 444 1069 484 1099; x_wconf 85' lang='lat'>63.</span> <span class='ocrx_word' id='word_1_237' title='bbox 524 1067 646 1095; x_wconf 66' lang='lat' dir='ltr'>Traffum</span> <span class='ocrx_word' id='word_1_238' title='bbox 663 1067 693 1094; x_wconf 88' lang='lat' dir='ltr'>ab</span> <span class='ocrx_word' id='word_1_239' title='bbox 711 1070 759 1098; x_wconf 83' lang='lat' dir='ltr'>iis,</span> <span class='ocrx_word' id='word_1_240' title='bbox 776 1071 819 1103; x_wconf 80' lang='lat' dir='ltr'>qui</span> <span class='ocrx_word' id='word_1_241' title='bbox 838 1067 936 1103; x_wconf 85' lang='lat' dir='ltr'>aliquid</span> <span class='ocrx_word' id='word_1_242' title='bbox 952 1071 980 1094; x_wconf 82' lang='lat' dir='ltr'>in</span> <span class='ocrx_word' id='word_1_243' title='bbox 992 1078 1031 1095; x_wconf 84' lang='lat' dir='ltr'>ore</span> <span class='ocrx_word' id='word_1_244' title='bbox 1051 1075 1085 1095; x_wconf 67' lang='lat' dir='ltr'>to-</span> 
     </span>
     <span class='ocr_line' id='line_1_26' title="bbox 53 1102 1085 1137; baseline 0.002 -9"><span class='ocrx_word' id='word_1_245' title='bbox 53 1110 151 1136; x_wconf 77' lang='lat' dir='ltr'>nentes,</span> <span class='ocrx_word' id='word_1_246' title='bbox 167 1103 196 1129; x_wconf 83' lang='lat' dir='ltr'>id</span> <span class='ocrx_word' id='word_1_247' title='bbox 205 1102 369 1137; x_wconf 74' lang='lat' dir='ltr'>imprudentes</span> <span class='ocrx_word' id='word_1_248' title='bbox 381 1102 508 1129; x_wconf 75' lang='lat' dir='ltr'>deuorant.</span> <span class='ocrx_word' id='word_1_249' title='bbox 579 1103 735 1130; x_wconf 80' lang='lat' dir='ltr'>Orationem</span> <span class='ocrx_word' id='word_1_250' title='bbox 747 1102 865 1134; x_wconf 84' lang='lat' dir='ltr'>alicuius,</span> <span class='ocrx_word' id='word_1_251' title='bbox 883 1103 981 1130; x_wconf 78' lang='lat' dir='ltr'>Libenei</span> <span class='ocrx_word' id='word_1_252' title='bbox 993 1107 1085 1136; x_wconf 75' lang='lat' dir='ltr'>animo,</span> 
     </span>
     <span class='ocr_line' id='line_1_27' title="bbox 55 1137 1086 1174; baseline 0.002 -10"><span class='ocrx_word' id='word_1_253' title='bbox 55 1145 80 1164; x_wconf 83' lang='lat' dir='ltr'>et</span> <span class='ocrx_word' id='word_1_254' title='bbox 97 1148 148 1165; x_wconf 87' lang='lat' dir='ltr'>cum</span> <span class='ocrx_word' id='word_1_255' title='bbox 160 1147 248 1174; x_wconf 80' lang='lat' dir='ltr'>magna</span> <span class='ocrx_word' id='word_1_256' title='bbox 259 1139 383 1173; x_wconf 77' lang='lat' dir='ltr'>voluptate</span> <span class='ocrx_word' id='word_1_257' title='bbox 394 1137 491 1170; x_wconf 81' lang='lat' dir='ltr'>audire,</span> <span class='ocrx_word' id='word_1_258' title='bbox 505 1144 535 1164; x_wconf 83' lang='lat' dir='ltr'>vt</span> <span class='ocrx_word' id='word_1_259' title='bbox 548 1138 663 1164; x_wconf 81' lang='lat' dir='ltr'>videatur</span> <span class='ocrx_word' id='word_1_260' title='bbox 677 1141 701 1164; x_wconf 85' lang='lat' dir='ltr'>is</span> <span class='ocrx_word' id='word_1_261' title='bbox 714 1148 764 1164; x_wconf 83' lang='lat' dir='ltr'>eam</span> <span class='ocrx_word' id='word_1_262' title='bbox 776 1138 844 1174; x_wconf 76' lang='lat' dir='ltr'>quali</span> <span class='ocrx_word' id='word_1_263' title='bbox 857 1138 987 1165; x_wconf 82' lang='lat' dir='ltr'>deuorare:</span> <span class='ocrx_word' id='word_1_264' title='bbox 1005 1139 1086 1166; x_wconf 81' lang='lat' dir='ltr'>Plant.</span> 
     </span>
     <span class='ocr_line' id='line_1_28' title="bbox 54 1173 267 1206; baseline -0.005 -6"><span class='ocrx_word' id='word_1_265' title='bbox 54 1173 158 1200; x_wconf 84' lang='lat' dir='ltr'>Poenul.</span> <span class='ocrx_word' id='word_1_266' title='bbox 170 1181 191 1206; x_wconf 77' lang='grc' dir='ltr'>ς,</span> <span class='ocrx_word' id='word_1_267' title='bbox 204 1181 228 1204; x_wconf 89' lang='lat'>2,</span> <span class='ocrx_word' id='word_1_268' title='bbox 242 1181 267 1206; x_wconf 87' lang='lat'>9.</span> 
     </span>
     <span class='ocr_line' id='line_1_29' title="bbox 16 1208 1086 1246; baseline 0.001 -12"><span class='ocrx_word' id='word_1_269' title='bbox 16 1214 20 1216; x_wconf 74' lang='grc'>’</span> <span class='ocrx_word' id='word_1_270' title='bbox 55 1209 96 1235; x_wconf 86' lang='lat' dir='ltr'>dis</span> <span class='ocrx_word' id='word_1_271' title='bbox 113 1208 195 1235; x_wconf 86' lang='lat' dir='ltr'>animi</span> <span class='ocrx_word' id='word_1_272' title='bbox 211 1213 237 1234; x_wconf 86' lang='lat' dir='ltr'>et</span> <span class='ocrx_word' id='word_1_273' title='bbox 255 1209 374 1243; x_wconf 88' lang='lat' dir='ltr'>corporis</span> <span class='ocrx_word' id='word_1_274' title='bbox 390 1208 542 1235; x_wconf 87' lang='lat' dir='ltr'>deuorabat.</span> <span class='ocrx_word' id='word_1_275' title='bbox 637 1209 794 1236; x_wconf 86' lang='lat' dir='ltr'>Orationem</span> <span class='ocrx_word' id='word_1_276' title='bbox 812 1210 938 1242; x_wconf 85' lang='lat' dir='ltr'>alicuius,</span> <span class='ocrx_word' id='word_1_277' title='bbox 958 1217 1006 1246; x_wconf 81' lang='lat' dir='ltr'>pro</span> <span class='ocrx_word' id='word_1_278' title='bbox 1026 1212 1086 1237; x_wconf 81' lang='lat' dir='ltr'>Non</span> 
     </span>
     <span class='ocr_line' id='line_1_30' title="bbox 47 1243 1087 1281; baseline 0.002 -11"><span class='ocrx_word' id='word_1_279' title='bbox 47 1243 116 1280; x_wconf 67' lang='lat' dir='ltr'>fitis</span> <span class='ocrx_word' id='word_1_280' title='bbox 132 1243 323 1271; x_wconf 80' lang='lat' dir='ltr'>animaduertere</span> <span class='ocrx_word' id='word_1_281' title='bbox 336 1254 343 1269; x_wconf 96' lang='lat'><em>:</em></span> <span class='ocrx_word' id='word_1_282' title='bbox 369 1250 393 1270; x_wconf 82' lang='lat' dir='ltr'>et</span> <span class='ocrx_word' id='word_1_283' title='bbox 411 1250 441 1270; x_wconf 83' lang='lat' dir='ltr'>vt</span> <span class='ocrx_word' id='word_1_284' title='bbox 459 1245 549 1280; x_wconf 75' lang='lat' dir='ltr'>vulgus</span> <span class='ocrx_word' id='word_1_285' title='bbox 569 1244 648 1276; x_wconf 87' lang='lat' dir='ltr'>dicit,</span> <span class='ocrx_word' id='word_1_286' title='bbox 670 1246 727 1271; x_wconf 84' lang='lat' dir='ltr'>Non</span> <span class='ocrx_word' id='word_1_287' title='bbox 735 1244 804 1281; x_wconf 79' lang='lat' dir='ltr'>satis</span> <span class='ocrx_word' id='word_1_288' title='bbox 815 1243 926 1281; x_wconf 84' lang='lat' dir='ltr'>gustare,</span> <span class='ocrx_word' id='word_1_289' title='bbox 943 1253 972 1272; x_wconf 75' lang='lat' dir='ltr'>vt</span> <span class='ocrx_word' id='word_1_290' title='bbox 986 1248 1024 1272; x_wconf 84' lang='lat' dir='ltr'>ait</span> <span class='ocrx_word' id='word_1_291' title='bbox 1039 1247 1087 1273; x_wconf 86' lang='lat' dir='ltr'>Bu-</span> 
     </span>
     <span class='ocr_line' id='line_1_31' title="bbox 54 1279 1086 1315; baseline 0.003 -11"><span class='ocrx_word' id='word_1_292' title='bbox 54 1279 141 1305; x_wconf 80' lang='lat' dir='ltr'>daeur:</span> <span class='ocrx_word' id='word_1_293' title='bbox 166 1279 220 1305; x_wconf 86' lang='lat' dir='ltr'>Cic.</span> <span class='ocrx_word' id='word_1_294' title='bbox 233 1279 260 1304; x_wconf 90' lang='lat' dir='ltr'>in</span> <span class='ocrx_word' id='word_1_295' title='bbox 272 1280 354 1305; x_wconf 79' lang='lat' dir='ltr'>Bruto</span> <span class='ocrx_word' id='word_1_296' title='bbox 368 1284 415 1309; x_wconf 76' lang='lat'>282</span> <span class='ocrx_word' id='word_1_297' title='bbox 438 1289 460 1306; x_wconf 89' lang='lat' dir='ltr'>c.</span> <span class='ocrx_word' id='word_1_298' title='bbox 477 1284 508 1309; x_wconf 84' lang='lat'>82</span> <span class='ocrx_word' id='word_1_299' title='bbox 532 1280 624 1314; x_wconf 83' lang='lat' dir='ltr'>Itaque</span> <span class='ocrx_word' id='word_1_300' title='bbox 635 1280 691 1306; x_wconf 88' lang='lat' dir='ltr'>eius</span> <span class='ocrx_word' id='word_1_301' title='bbox 702 1281 792 1307; x_wconf 84' lang='lat' dir='ltr'>oratio</span> <span class='ocrx_word' id='word_1_302' title='bbox 804 1281 886 1306; x_wconf 84' lang='lat' dir='ltr'>nimia</span> <span class='ocrx_word' id='word_1_303' title='bbox 900 1280 1032 1315; x_wconf 83' lang='lat' dir='ltr'>religione</span> <span class='ocrx_word' id='word_1_304' title='bbox 1049 1287 1086 1308; x_wconf 88' lang='lat' dir='ltr'>at-</span> 
     </span>
     <span class='ocr_line' id='line_1_32' title="bbox 53 1313 1088 1346; baseline 0.003 -6"><span class='ocrx_word' id='word_1_305' title='bbox 53 1319 164 1346; x_wconf 80' lang='lat' dir='ltr'>tenuata,</span> <span class='ocrx_word' id='word_1_306' title='bbox 176 1313 260 1340; x_wconf 62' lang='lat' dir='ltr'>doctis</span> <span class='ocrx_word' id='word_1_307' title='bbox 274 1320 299 1341; x_wconf 89' lang='lat' dir='ltr'>et</span> <span class='ocrx_word' id='word_1_308' title='bbox 312 1320 408 1341; x_wconf 87' lang='lat' dir='ltr'>attente</span> <span class='ocrx_word' id='word_1_309' title='bbox 421 1314 588 1342; x_wconf 80' lang='lat' dir='ltr'>audientibus</span> <span class='ocrx_word' id='word_1_310' title='bbox 607 1319 663 1342; x_wconf 84' lang='lat' dir='ltr'>erat</span> <span class='ocrx_word' id='word_1_311' title='bbox 679 1315 788 1342; x_wconf 86' lang='lat' dir='ltr'>illustris</span> <span class='ocrx_word' id='word_1_312' title='bbox 803 1326 808 1341; x_wconf 74' lang='grc' dir='ltr'>ι</span> <span class='ocrx_word' id='word_1_313' title='bbox 831 1324 846 1342; x_wconf 91' lang='lat' dir='ltr'>a</span> <span class='ocrx_word' id='word_1_314' title='bbox 861 1316 1030 1342; x_wconf 84' lang='lat' dir='ltr'>multitudine</span> <span class='ocrx_word' id='word_1_315' title='bbox 1044 1325 1088 1343; x_wconf 89' lang='lat' dir='ltr'>au-</span> 
     </span>
    </p>
   </div>
   <div class='ocr_carea' id='block_1_9' title="bbox 54 1346 1129 1392">
    <p class='ocr_par' dir='ltr' id='par_1_9' title="bbox 54 1346 1129 1392">
     <span class='ocr_line' id='line_1_33' title="bbox 54 1346 1129 1392; baseline 0.002 -16"><span class='ocrx_word' id='word_1_316' title='bbox 54 1354 107 1376; x_wconf 85' lang='lat' dir='ltr'>tem</span> <span class='ocrx_word' id='word_1_317' title='bbox 120 1354 144 1376; x_wconf 85' lang='lat' dir='ltr'>et</span> <span class='ocrx_word' id='word_1_318' title='bbox 158 1346 176 1375; x_wconf 51' lang='lat' dir='ltr'>a¹</span> <span class='ocrx_word' id='word_1_319' title='bbox 185 1349 261 1381; x_wconf 86' lang='lat' dir='ltr'>foro,</span> <span class='ocrx_word' id='word_1_320' title='bbox 284 1350 328 1377; x_wconf 88' lang='lat' dir='ltr'>cui</span> <span class='ocrx_word' id='word_1_321' title='bbox 340 1356 400 1377; x_wconf 86' lang='lat' dir='ltr'>nata</span> <span class='ocrx_word' id='word_1_322' title='bbox 416 1350 567 1385; x_wconf 82' lang='lat' dir='ltr'>eloquentia</span> <span class='ocrx_word' id='word_1_323' title='bbox 580 1350 631 1382; x_wconf 79' lang='lat' dir='ltr'>est,</span> <span class='ocrx_word' id='word_1_324' title='bbox 650 1350 843 1382; x_wconf 76' lang='lat' dir='ltr'>denotabatur,</span> <span class='ocrx_word' id='word_1_325' title='bbox 868 1354 887 1377; x_wconf 84' lang='lat' dir='ltr'>i.</span> <span class='ocrx_word' id='word_1_326' title='bbox 901 1360 949 1378; x_wconf 83' lang='lat' dir='ltr'>non</span> <span class='ocrx_word' id='word_1_327' title='bbox 963 1350 1088 1378; x_wconf 57' lang='lat' dir='ltr'>intellecta</span> <span class='ocrx_word' id='word_1_328' title='bbox 1098 1367 1129 1392; x_wconf 81' lang='lat'>30</span> 
     </span>
    </p>
   </div>
   <div class='ocr_carea' id='block_1_10' title="bbox 49 1384 1091 1695">
    <p class='ocr_par' dir='ltr' id='par_1_10' title="bbox 49 1384 1088 1552">
     <span class='ocr_line' id='line_1_34' title="bbox 53 1384 1088 1425; baseline 0.003 -15"><span class='ocrx_word' id='word_1_329' title='bbox 53 1384 274 1412; x_wconf 79' lang='lat' dir='ltr'>transmittebatur.</span> <span class='ocrx_word' id='word_1_330' title='bbox 310 1384 537 1425; x_wconf 73' lang='lat' dir='ltr'>Qaefignificatio</span> <span class='ocrx_word' id='word_1_331' title='bbox 552 1385 627 1413; x_wconf 70' lang='lat' dir='ltr'>dufla</span> <span class='ocrx_word' id='word_1_332' title='bbox 639 1384 674 1419; x_wconf 79' lang='lat' dir='ltr'>est</span> <span class='ocrx_word' id='word_1_333' title='bbox 685 1386 715 1413; x_wconf 79' lang='lat' dir='ltr'>ab</span> <span class='ocrx_word' id='word_1_334' title='bbox 727 1390 774 1417; x_wconf 84' lang='lat' dir='ltr'>iis,</span> <span class='ocrx_word' id='word_1_335' title='bbox 795 1389 838 1422; x_wconf 84' lang='lat' dir='ltr'>qui</span> <span class='ocrx_word' id='word_1_336' title='bbox 851 1386 929 1413; x_wconf 85' lang='lat' dir='ltr'>cibum</span> <span class='ocrx_word' id='word_1_337' title='bbox 944 1397 992 1413; x_wconf 85' lang='lat' dir='ltr'>non</span> <span class='ocrx_word' id='word_1_338' title='bbox 1005 1385 1088 1423; x_wconf 81' lang='lat' dir='ltr'>gusta-</span> 
     </span>
     <span class='ocr_line' id='line_1_35' title="bbox 50 1419 1088 1457; baseline 0.003 -12"><span class='ocrx_word' id='word_1_339' title='bbox 50 1426 103 1446; x_wconf 79' lang='lat' dir='ltr'>tum</span> <span class='ocrx_word' id='word_1_340' title='bbox 115 1419 143 1446; x_wconf 88' lang='lat' dir='ltr'>de</span> <span class='ocrx_word' id='word_1_341' title='bbox 161 1420 266 1453; x_wconf 72' lang='lat' dir='ltr'>luriunt,</span> <span class='ocrx_word' id='word_1_342' title='bbox 281 1419 468 1457; x_wconf 73' lang='lat' dir='ltr'>qutzszstupente</span> <span class='ocrx_word' id='word_1_343' title='bbox 476 1422 573 1456; x_wconf 74' lang='lat' dir='ltr'>palam.</span> <span class='ocrx_word' id='word_1_344' title='bbox 621 1421 668 1448; x_wconf 83' lang='lat' dir='ltr'>Sed</span> <span class='ocrx_word' id='word_1_345' title='bbox 681 1421 830 1449; x_wconf 87' lang='lat' dir='ltr'>Verborum</span> <span class='ocrx_word' id='word_1_346' title='bbox 844 1427 944 1456; x_wconf 88' lang='lat' dir='ltr'>partem</span> <span class='ocrx_word' id='word_1_347' title='bbox 958 1421 1088 1449; x_wconf 87' lang='lat' dir='ltr'>deuorare</span> 
     </span>
     <span class='ocr_line' id='line_1_36' title="bbox 52 1454 1088 1494; baseline 0.004 -14"><span class='ocrx_word' id='word_1_348' title='bbox 52 1454 125 1487; x_wconf 76' lang='lat' dir='ltr'>Qxin</span> <span class='ocrx_word' id='word_1_349' title='bbox 153 1455 182 1482; x_wconf 86' lang='lat' dir='ltr'>il.</span> <span class='ocrx_word' id='word_1_350' title='bbox 198 1464 236 1488; x_wconf 90' lang='lat'>10,</span> <span class='ocrx_word' id='word_1_351' title='bbox 249 1464 272 1489; x_wconf 82' lang='lat'>3,</span> <span class='ocrx_word' id='word_1_352' title='bbox 284 1465 311 1489; x_wconf 83' lang='grc'>33</span> <span class='ocrx_word' id='word_1_353' title='bbox 337 1456 371 1483; x_wconf 85' lang='lat' dir='ltr'>ad</span> <span class='ocrx_word' id='word_1_354' title='bbox 383 1456 566 1491; x_wconf 83' lang='lat' dir='ltr'>pronuntiandi</span> <span class='ocrx_word' id='word_1_355' title='bbox 581 1458 756 1493; x_wconf 78' lang='lat' dir='ltr'>negligentiam</span> <span class='ocrx_word' id='word_1_356' title='bbox 772 1461 899 1493; x_wconf 76' lang='lat' dir='ltr'>pertinet,</span> <span class='ocrx_word' id='word_1_357' title='bbox 919 1466 968 1494; x_wconf 82' lang='lat' dir='ltr'>qua</span> <span class='ocrx_word' id='word_1_358' title='bbox 986 1459 1088 1484; x_wconf 85' lang='lat' dir='ltr'>vltimae</span> 
     </span>
     <span class='ocr_line' id='line_1_37' title="bbox 49 1489 1086 1552; baseline 0.005 -37"><span class='ocrx_word' id='word_1_359' title='bbox 49 1489 158 1552; x_wconf 59' lang='grc' dir='ltr'>δέιίλαῗὶιε</span> <span class='ocrx_word' id='word_1_360' title='bbox 173 1490 348 1527; x_wconf 81' lang='lat' dir='ltr'>obscurantur,</span> <span class='ocrx_word' id='word_1_361' title='bbox 365 1498 395 1518; x_wconf 82' lang='lat' dir='ltr'>vt</span> <span class='ocrx_word' id='word_1_362' title='bbox 412 1492 525 1519; x_wconf 78' lang='lat' dir='ltr'>exaudiri</span> <span class='ocrx_word' id='word_1_363' title='bbox 542 1502 591 1518; x_wconf 84' lang='lat' dir='ltr'>non</span> <span class='ocrx_word' id='word_1_364' title='bbox 603 1493 705 1528; x_wconf 79' lang='lat' dir='ltr'>poffint.</span> <span class='ocrx_word' id='word_1_365' title='bbox 777 1493 938 1520; x_wconf 85' lang='lat' dir='ltr'>Patrimonia</span> <span class='ocrx_word' id='word_1_366' title='bbox 957 1493 1086 1520; x_wconf 87' lang='lat' dir='ltr'>deuorare</span> 
     </span>
    </p>

    <p class='ocr_par' dir='ltr' id='par_1_11' title="bbox 51 1533 1091 1695">
     <span class='ocr_line' id='line_1_38' title="bbox 75 1533 251 1558; baseline 0.011 -7"><span class='ocrx_word' id='word_1_367' title='bbox 75 1533 119 1553; x_wconf 87' lang='lat' dir='ltr'>atu</span> <span class='ocrx_word' id='word_1_368' title='bbox 142 1545 147 1552; x_wconf 93' lang='lat'>.</span> <span class='ocrx_word' id='word_1_369' title='bbox 162 1534 202 1558; x_wconf 84' lang='lat'>29,</span> <span class='ocrx_word' id='word_1_370' title='bbox 216 1535 251 1558; x_wconf 84' lang='lat'>23.</span> 
     </span>
     <span class='ocr_line' id='line_1_39' title="bbox 51 1561 1089 1600; baseline 0.004 -14"><span class='ocrx_word' id='word_1_371' title='bbox 51 1568 105 1600; x_wconf 36' lang='lat'>20..</span> <span class='ocrx_word' id='word_1_372' title='bbox 148 1561 284 1588; x_wconf 83' lang='lat' dir='ltr'>Taedinm</span> <span class='ocrx_word' id='word_1_373' title='bbox 298 1562 430 1596; x_wconf 74' lang='lat' dir='ltr'>Qunffil.</span> <span class='ocrx_word' id='word_1_374' title='bbox 446 1572 479 1596; x_wconf 90' lang='lat'>11,</span> <span class='ocrx_word' id='word_1_375' title='bbox 491 1572 515 1590; x_wconf 84' lang='lat'>2.</span> <span class='ocrx_word' id='word_1_376' title='bbox 587 1563 672 1590; x_wconf 88' lang='lat' dir='ltr'>Dolor</span> <span class='ocrx_word' id='word_1_377' title='bbox 685 1573 780 1593; x_wconf 84' lang='lat' dir='ltr'>vocem</span> <span class='ocrx_word' id='word_1_378' title='bbox 793 1564 964 1599; x_wconf 85' lang='lat' dir='ltr'>lacrimasque</span> <span class='ocrx_word' id='word_1_379' title='bbox 976 1564 1089 1591; x_wconf 85' lang='lat' dir='ltr'>deuorat</span> 
     </span>
     <span class='ocr_line' id='line_1_40' title="bbox 51 1595 1090 1635; baseline 0.005 -14"><span class='ocrx_word' id='word_1_380' title='bbox 51 1595 133 1622; x_wconf 78' lang='lat' dir='ltr'>Quid.</span> <span class='ocrx_word' id='word_1_381' title='bbox 144 1597 208 1623; x_wconf 88' lang='lat' dir='ltr'>Met.</span> <span class='ocrx_word' id='word_1_382' title='bbox 224 1606 256 1629; x_wconf 91' lang='grc' dir='ltr'>ι3,</span> <span class='ocrx_word' id='word_1_383' title='bbox 269 1606 320 1631; x_wconf 77' lang='lat'>540</span> <span class='ocrx_word' id='word_1_384' title='bbox 336 1608 386 1625; x_wconf 83' lang='lat' dir='ltr'>non</span> <span class='ocrx_word' id='word_1_385' title='bbox 393 1601 496 1634; x_wconf 80' lang='lat' dir='ltr'>patitur</span> <span class='ocrx_word' id='word_1_386' title='bbox 509 1605 639 1633; x_wconf 72' lang='lat' dir='ltr'>erumpere,</span> <span class='ocrx_word' id='word_1_387' title='bbox 653 1599 726 1633; x_wconf 78' lang='lat' dir='ltr'>vtfit</span> <span class='ocrx_word' id='word_1_388' title='bbox 738 1603 765 1625; x_wconf 83' lang='lat' dir='ltr'>in</span> <span class='ocrx_word' id='word_1_389' title='bbox 777 1608 865 1635; x_wconf 79' lang='lat' dir='ltr'>magno</span> <span class='ocrx_word' id='word_1_390' title='bbox 877 1602 1003 1634; x_wconf 80' lang='lat' dir='ltr'>repentino</span> <span class='ocrx_word' id='word_1_391' title='bbox 1018 1601 1090 1626; x_wconf 87' lang='lat' dir='ltr'>malo.</span> 
     </span>
     <span class='ocr_line' id='line_1_41' title="bbox 51 1631 1091 1668; baseline 0.003 -11"><span class='ocrx_word' id='word_1_392' title='bbox 51 1631 118 1658; x_wconf 87' lang='lat' dir='ltr'>Plin.</span> <span class='ocrx_word' id='word_1_393' title='bbox 131 1640 162 1664; x_wconf 77' lang='grc' dir='ltr'>ιι,</span> <span class='ocrx_word' id='word_1_394' title='bbox 176 1633 252 1667; x_wconf 58' lang='grc' dir='ltr'>ςιᾞι</span> <span class='ocrx_word' id='word_1_395' title='bbox 268 1633 434 1660; x_wconf 78' lang='lat' dir='ltr'>theatrorum</span> <span class='ocrx_word' id='word_1_396' title='bbox 454 1633 610 1666; x_wconf 85' lang='lat' dir='ltr'>orchestris,</span> <span class='ocrx_word' id='word_1_397' title='bbox 628 1633 706 1661; x_wconf 86' lang='lat' dir='ltr'>scobe</span> <span class='ocrx_word' id='word_1_398' title='bbox 726 1640 771 1661; x_wconf 88' lang='lat' dir='ltr'>aut</span> <span class='ocrx_word' id='word_1_399' title='bbox 792 1643 869 1661; x_wconf 88' lang='lat' dir='ltr'>arena</span> <span class='ocrx_word' id='word_1_400' title='bbox 885 1634 1029 1668; x_wconf 67' lang='lat' dir='ltr'>snperictsta</span> <span class='ocrx_word' id='word_1_401' title='bbox 1047 1634 1091 1660; x_wconf 80' lang='lat' dir='ltr'>de·</span> 
     </span>
     <span class='ocr_line' id='line_1_42' title="bbox 52 1673 237 1695; baseline 0.016 -3"><span class='ocrx_word' id='word_1_402' title='bbox 52 1673 163 1694; x_wconf 86' lang='lat' dir='ltr'>voratur</span> <span class='ocrx_word' id='word_1_403' title='bbox 175 1676 237 1695; x_wconf 84' lang='lat' dir='ltr'>vox.</span> 
     </span>
    </p>
   </div>
   <div class='ocr_carea' id='block_1_11' title="bbox 90 1700 1528 1744">
    <p class='ocr_par' dir='ltr' id='par_1_12' title="bbox 90 1700 1528 1744">
     <span class='ocr_line' id='line_1_43' title="bbox 90 1700 1528 1744; baseline -0.001 -15"><span class='ocrx_word' id='word_1_404' title='bbox 90 1708 108 1728; x_wconf 90' lang='lat' dir='ltr'>D</span> <span class='ocrx_word' id='word_1_405' title='bbox 117 1709 163 1729; x_wconf 80' lang='lat' dir='ltr'>Ev</span> <span class='ocrx_word' id='word_1_406' title='bbox 172 1710 217 1730; x_wconf 58' lang='grc' dir='ltr'>οι(</span> <span class='ocrx_word' id='word_1_407' title='bbox 227 1711 277 1730; x_wconf 81' lang='grc' dir='ltr'>ΑΝ</span> <span class='ocrx_word' id='word_1_408' title='bbox 286 1711 316 1736; x_wconf 76' lang='lat' dir='ltr'>s,</span> <span class='ocrx_word' id='word_1_409' title='bbox 334 1704 410 1730; x_wconf 58' lang='lat' dir='ltr'>antis.</span> <span class='ocrx_word' id='word_1_410' title='bbox 446 1703 537 1730; x_wconf 88' lang='lat' dir='ltr'>Partic.</span> <span class='ocrx_word' id='word_1_411' title='bbox 573 1702 694 1738; x_wconf 65' lang='lat' dir='ltr'>Speaare</span> <span class='ocrx_word' id='word_1_412' title='bbox 707 1703 791 1729; x_wconf 86' lang='lat' dir='ltr'>oculis</span> <span class='ocrx_word' id='word_1_413' title='bbox 805 1703 995 1730; x_wconf 75' lang='lat' dir='ltr'>deum-antibus</span> <span class='ocrx_word' id='word_1_414' title='bbox 1010 1705 1091 1730; x_wconf 85' lang='lat' dir='ltr'>Mart.</span> <span class='ocrx_word' id='word_1_415' title='bbox 1102 1720 1140 1744; x_wconf 85' lang='lat'>40</span> <span class='ocrx_word' id='word_1_416' title='bbox 1155 1705 1261 1740; x_wconf 81' lang='lat' dir='ltr'>frigore</span> <span class='ocrx_word' id='word_1_417' title='bbox 1278 1705 1382 1730; x_wconf 76' lang='lat' dir='ltr'>Venereo</span> <span class='ocrx_word' id='word_1_418' title='bbox 1394 1700 1528 1742; x_wconf 41' lang='lat' dir='ltr'>perc-istiu.</span> 
     </span>
    </p>
   </div>
   <div class='ocr_carea' id='block_1_12' title="bbox 45 1738 1092 2050">
    <p class='ocr_par' dir='ltr' id='par_1_13' title="bbox 56 1738 596 1773">
     <span class='ocr_line' id='line_1_44' title="bbox 56 1738 596 1773; baseline 0.006 -11"><span class='ocrx_word' id='word_1_419' title='bbox 56 1743 76 1768; x_wconf 87' lang='grc' dir='ltr'>ι,</span> <span class='ocrx_word' id='word_1_420' title='bbox 88 1744 132 1771; x_wconf 85' lang='lat'>97.</span> <span class='ocrx_word' id='word_1_421' title='bbox 183 1738 250 1764; x_wconf 84' lang='lat' dir='ltr'>Add.</span> <span class='ocrx_word' id='word_1_422' title='bbox 265 1739 343 1765; x_wconf 84' lang='lat' dir='ltr'>Mart.</span> <span class='ocrx_word' id='word_1_423' title='bbox 357 1739 456 1773; x_wconf 85' lang='lat' dir='ltr'>Capell.</span> <span class='ocrx_word' id='word_1_424' title='bbox 471 1740 488 1764; x_wconf 91' lang='lat'>6</span> <span class='ocrx_word' id='word_1_425' title='bbox 505 1748 530 1772; x_wconf 91' lang='lat' dir='ltr'>p.</span> <span class='ocrx_word' id='word_1_426' title='bbox 545 1743 596 1771; x_wconf 84' lang='lat'>189.</span> 
     </span>
    </p>

    <p class='ocr_par' dir='ltr' id='par_1_14' title="bbox 45 1771 1092 1944">
     <span class='ocr_line' id='line_1_45' title="bbox 89 1771 1090 1805; baseline -0.001 -8"><span class='ocrx_word' id='word_1_427' title='bbox 89 1777 133 1798; x_wconf 81' lang='lat' dir='ltr'>DE</span> <span class='ocrx_word' id='word_1_428' title='bbox 142 1778 162 1797; x_wconf 93' lang='lat' dir='ltr'>V</span> <span class='ocrx_word' id='word_1_429' title='bbox 172 1778 191 1798; x_wconf 86' lang='grc'><strong>0</strong></span> <span class='ocrx_word' id='word_1_430' title='bbox 202 1780 220 1799; x_wconf 83' lang='lat' dir='ltr'>R</span> <span class='ocrx_word' id='word_1_431' title='bbox 230 1780 250 1799; x_wconf 86' lang='lat' dir='ltr'>A</span> <span class='ocrx_word' id='word_1_432' title='bbox 260 1780 280 1799; x_wconf 91' lang='grc' dir='ltr'><strong>Τ</strong></span> <span class='ocrx_word' id='word_1_433' title='bbox 290 1781 310 1800; x_wconf 96' lang='lat' dir='ltr'>V</span> <span class='ocrx_word' id='word_1_434' title='bbox 319 1781 345 1805; x_wconf 88' lang='lat' dir='ltr'>s,</span> <span class='ocrx_word' id='word_1_435' title='bbox 364 1783 386 1804; x_wconf 80' lang='lat' dir='ltr'>a,</span> <span class='ocrx_word' id='word_1_436' title='bbox 407 1783 460 1799; x_wconf 87' lang='lat' dir='ltr'>um.</span> <span class='ocrx_word' id='word_1_437' title='bbox 490 1773 586 1799; x_wconf 67' lang='lat' dir='ltr'>Panic.</span> <span class='ocrx_word' id='word_1_438' title='bbox 621 1773 857 1805; x_wconf 72' lang='grc' dir='ltr'>[καταπεπωμὲνσς]</span> <span class='ocrx_word' id='word_1_439' title='bbox 892 1772 948 1797; x_wconf 90' lang='lat' dir='ltr'>Cic.</span> <span class='ocrx_word' id='word_1_440' title='bbox 962 1772 992 1796; x_wconf 85' lang='lat' dir='ltr'>in</span> <span class='ocrx_word' id='word_1_441' title='bbox 1005 1771 1090 1796; x_wconf 77' lang='lat' dir='ltr'>Pison-</span> 
     </span>
     <span class='ocr_line' id='line_1_46' title="bbox 53 1805 1092 1841; baseline -0.001 -10"><span class='ocrx_word' id='word_1_442' title='bbox 53 1814 89 1837; x_wconf 89' lang='lat'>90</span> <span class='ocrx_word' id='word_1_443' title='bbox 106 1815 126 1832; x_wconf 93' lang='lat' dir='ltr'>c.</span> <span class='ocrx_word' id='word_1_444' title='bbox 140 1814 172 1840; x_wconf 87' lang='grc'>37</span> <span class='ocrx_word' id='word_1_445' title='bbox 196 1808 226 1832; x_wconf 92' lang='lat' dir='ltr'>In</span> <span class='ocrx_word' id='word_1_446' title='bbox 243 1816 298 1841; x_wconf 90' lang='lat' dir='ltr'>quo</span> <span class='ocrx_word' id='word_1_447' title='bbox 317 1815 346 1833; x_wconf 88' lang='lat' dir='ltr'>tu</span> <span class='ocrx_word' id='word_1_448' title='bbox 364 1813 466 1841; x_wconf 80' lang='lat' dir='ltr'>accepta</span> <span class='ocrx_word' id='word_1_449' title='bbox 478 1813 565 1832; x_wconf 84' lang='lat' dir='ltr'>tamen</span> <span class='ocrx_word' id='word_1_450' title='bbox 586 1812 611 1831; x_wconf 86' lang='lat' dir='ltr'>et</span> <span class='ocrx_word' id='word_1_451' title='bbox 625 1805 750 1831; x_wconf 85' lang='lat' dir='ltr'>deuorata</span> <span class='ocrx_word' id='word_1_452' title='bbox 764 1807 874 1838; x_wconf 85' lang='lat' dir='ltr'>pecunia</span> <span class='ocrx_word' id='word_1_453' title='bbox 888 1805 1092 1836; x_wconf 79' lang='lat' dir='ltr'>Vtinachorum,</span> 
     </span>
     <span class='ocr_line' id='line_1_47' title="bbox 45 1839 1091 1874; baseline 0 -9"><span class='ocrx_word' id='word_1_454' title='bbox 45 1846 157 1866; x_wconf 59' lang='lat' dir='ltr'>*centum</span> <span class='ocrx_word' id='word_1_455' title='bbox 170 1841 265 1866; x_wconf 83' lang='lat' dir='ltr'>talenta</span> <span class='ocrx_word' id='word_1_456' title='bbox 279 1849 404 1867; x_wconf 82' lang='lat' dir='ltr'>enomere</span> <span class='ocrx_word' id='word_1_457' title='bbox 414 1849 469 1866; x_wconf 90' lang='lat' dir='ltr'>non</span> <span class='ocrx_word' id='word_1_458' title='bbox 481 1845 592 1874; x_wconf 87' lang='lat' dir='ltr'>poteras.</span> <span class='ocrx_word' id='word_1_459' title='bbox 629 1839 732 1865; x_wconf 80' lang='lat' dir='ltr'>Pudore</span> <span class='ocrx_word' id='word_1_460' title='bbox 738 1839 889 1872; x_wconf 79' lang='lat' dir='ltr'>Apul-Met.</span> <span class='ocrx_word' id='word_1_461' title='bbox 898 1848 910 1865; x_wconf 87' lang='lat'><strong>2</strong></span> <span class='ocrx_word' id='word_1_462' title='bbox 926 1849 952 1874; x_wconf 90' lang='lat' dir='ltr'>p.</span> <span class='ocrx_word' id='word_1_463' title='bbox 960 1845 1010 1871; x_wconf 83' lang='lat'>238.</span> <span class='ocrx_word' id='word_1_464' title='bbox 1032 1840 1091 1866; x_wconf 72' lang='lat' dir='ltr'>Vid.</span> 
     </span>
     <span class='ocr_line' id='line_1_48' title="bbox 50 1874 201 1909; baseline 0 -9"><span class='ocrx_word' id='word_1_465' title='bbox 50 1874 117 1900; x_wconf 84' lang='lat' dir='ltr'>Plin.</span> <span class='ocrx_word' id='word_1_466' title='bbox 128 1883 167 1906; x_wconf 78' lang='lat'>30,</span> <span class='ocrx_word' id='word_1_467' title='bbox 175 1882 201 1909; x_wconf 88' lang='grc'>7.</span> 
     </span>
     <span class='ocr_line' id='line_1_49' title="bbox 52 1910 465 1944; baseline 0 -8"><span class='ocrx_word' id='word_1_468' title='bbox 52 1910 171 1937; x_wconf 85' lang='lat' dir='ltr'>Macrob.</span> <span class='ocrx_word' id='word_1_469' title='bbox 185 1910 235 1936; x_wconf 83' lang='lat' dir='ltr'>Sat.</span> <span class='ocrx_word' id='word_1_470' title='bbox 249 1917 280 1944; x_wconf 85' lang='lat'>7,</span> <span class='ocrx_word' id='word_1_471' title='bbox 295 1920 321 1943; x_wconf 83' lang='lat'>4.</span> <span class='ocrx_word' id='word_1_472' title='bbox 459 1924 465 1931; x_wconf 66' lang='grc'>-»</span> 
     </span>
    </p>

    <p class='ocr_par' dir='ltr' id='par_1_15' title="bbox 86 1941 977 1978">
     <span class='ocr_line' id='line_1_50' title="bbox 86 1941 977 1978; baseline -0.001 -6"><span class='ocrx_word' id='word_1_473' title='bbox 86 1951 106 1972; x_wconf 87' lang='lat' dir='ltr'>D</span> <span class='ocrx_word' id='word_1_474' title='bbox 114 1952 131 1972; x_wconf 82' lang='lat' dir='ltr'>E</span> <span class='ocrx_word' id='word_1_475' title='bbox 141 1952 162 1971; x_wconf 93' lang='lat' dir='ltr'>v</span> <span class='ocrx_word' id='word_1_476' title='bbox 170 1943 189 1971; x_wconf 72' lang='lat'>0⁹</span> <span class='ocrx_word' id='word_1_477' title='bbox 197 1952 216 1972; x_wconf 82' lang='lat' dir='ltr'>R</span> <span class='ocrx_word' id='word_1_478' title='bbox 224 1953 247 1972; x_wconf 83' lang='lat' dir='ltr'>A</span> <span class='ocrx_word' id='word_1_479' title='bbox 256 1951 277 1971; x_wconf 86' lang='grc' dir='ltr'><strong>Τ</strong></span> <span class='ocrx_word' id='word_1_480' title='bbox 287 1953 296 1971; x_wconf 91' lang='lat'>1</span> <span class='ocrx_word' id='word_1_481' title='bbox 306 1952 325 1971; x_wconf 93' lang='lat' dir='ltr'>o</span> <span class='ocrx_word' id='word_1_482' title='bbox 333 1965 342 1977; x_wconf 91' lang='lat'>,</span> <span class='ocrx_word' id='word_1_483' title='bbox 360 1945 427 1971; x_wconf 75' lang='lat' dir='ltr'>onis.</span> <span class='ocrx_word' id='word_1_484' title='bbox 463 1941 483 1972; x_wconf 60' lang='grc' dir='ltr'>ἔ.</span> <span class='ocrx_word' id='word_1_485' title='bbox 519 1943 637 1971; x_wconf 85' lang='lat' dir='ltr'>Tertull.</span> <span class='ocrx_word' id='word_1_486' title='bbox 653 1942 686 1970; x_wconf 89' lang='lat' dir='ltr'>de</span> <span class='ocrx_word' id='word_1_487' title='bbox 699 1944 790 1971; x_wconf 86' lang='lat' dir='ltr'>Resnr.</span> <span class='ocrx_word' id='word_1_488' title='bbox 802 1945 881 1971; x_wconf 85' lang='lat' dir='ltr'>Carn.</span> <span class='ocrx_word' id='word_1_489' title='bbox 899 1953 920 1971; x_wconf 91' lang='lat' dir='ltr'>c.</span> <span class='ocrx_word' id='word_1_490' title='bbox 936 1951 977 1978; x_wconf 74' lang='lat'>54.</span> 
     </span>
    </p>

    <p class='ocr_par' dir='ltr' id='par_1_16' title="bbox 54 1978 1092 2050">
     <span class='ocr_line' id='line_1_51' title="bbox 88 1978 1092 2013; baseline -0.001 -6"><span class='ocrx_word' id='word_1_491' title='bbox 88 1978 352 2013; x_wconf 65' lang='lat' dir='ltr'>nsvciRA&#39;TOR,</span> <span class='ocrx_word' id='word_1_492' title='bbox 376 1981 440 2007; x_wconf 75' lang='lat' dir='ltr'>oris.</span> <span class='ocrx_word' id='word_1_493' title='bbox 475 1989 510 2007; x_wconf 90' lang='lat' dir='ltr'>m.</span> <span class='ocrx_word' id='word_1_494' title='bbox 547 1979 620 2007; x_wconf 85' lang='lat' dir='ltr'>Idem</span> <span class='ocrx_word' id='word_1_495' title='bbox 639 1978 706 2006; x_wconf 85' lang='lat' dir='ltr'>ibid.</span> <span class='ocrx_word' id='word_1_496' title='bbox 728 1988 751 2006; x_wconf 90' lang='lat' dir='ltr'>c.</span> <span class='ocrx_word' id='word_1_497' title='bbox 769 1988 808 2012; x_wconf 80' lang='lat'>32.</span> <span class='ocrx_word' id='word_1_498' title='bbox 845 1981 904 2007; x_wconf 87' lang='lat' dir='ltr'>Vct.</span> <span class='ocrx_word' id='word_1_499' title='bbox 917 1981 995 2007; x_wconf 77' lang='lat' dir='ltr'>Gloss&#39;.</span> <span class='ocrx_word' id='word_1_500' title='bbox 1014 1989 1092 2006; x_wconf 69' lang='lat' dir='ltr'>nara-</span> 
     </span>
     <span class='ocr_line' id='line_1_52' title="bbox 54 2014 311 2050; baseline 0.004 -9"><span class='ocrx_word' id='word_1_501' title='bbox 54 2014 137 2048; x_wconf 73' lang='lat' dir='ltr'>no&#39;rns,</span> <span class='ocrx_word' id='word_1_502' title='bbox 151 2015 311 2050; x_wconf 65' lang='grc' dir='ltr'>κατασφαγείς.</span> 
     </span>
    </p>
   </div>
   <div class='ocr_carea' id='block_1_13' title="bbox 90 2049 1137 2093">
    <p class='ocr_par' dir='ltr' id='par_1_17' title="bbox 90 2049 1137 2093">
     <span class='ocr_line' id='line_1_53' title="bbox 90 2049 1137 2093; baseline -0.001 -15"><span class='ocrx_word' id='word_1_503' title='bbox 90 2058 109 2078; x_wconf 88' lang='lat' dir='ltr'>D</span> <span class='ocrx_word' id='word_1_504' title='bbox 117 2058 134 2078; x_wconf 77' lang='lat'>13</span> <span class='ocrx_word' id='word_1_505' title='bbox 144 2058 165 2077; x_wconf 90' lang='lat' dir='ltr'>v</span> <span class='ocrx_word' id='word_1_506' title='bbox 174 2058 193 2078; x_wconf 92' lang='grc' dir='ltr'>ο</span> <span class='ocrx_word' id='word_1_507' title='bbox 201 2058 219 2078; x_wconf 74' lang='lat' dir='ltr'>R</span> <span class='ocrx_word' id='word_1_508' title='bbox 229 2059 250 2078; x_wconf 67' lang='lat' dir='ltr'>A</span> <span class='ocrx_word' id='word_1_509' title='bbox 258 2059 279 2078; x_wconf 89' lang='lat' dir='ltr'>T</span> <span class='ocrx_word' id='word_1_510' title='bbox 288 2052 307 2078; x_wconf 86' lang='lat'><strong>6</strong></span> <span class='ocrx_word' id='word_1_511' title='bbox 316 2057 333 2077; x_wconf 82' lang='lat' dir='ltr'>R</span> <span class='ocrx_word' id='word_1_512' title='bbox 344 2058 353 2077; x_wconf 87' lang='lat'>1</span> <span class='ocrx_word' id='word_1_513' title='bbox 363 2058 382 2077; x_wconf 87' lang='lat' dir='ltr'><strong>v</strong></span> <span class='ocrx_word' id='word_1_514' title='bbox 392 2058 405 2078; x_wconf 86' lang='lat' dir='ltr'>s</span> <span class='ocrx_word' id='word_1_515' title='bbox 414 2071 422 2084; x_wconf 89' lang='lat'>,</span> <span class='ocrx_word' id='word_1_516' title='bbox 440 2060 466 2084; x_wconf 87' lang='lat' dir='ltr'>a,</span> <span class='ocrx_word' id='word_1_517' title='bbox 485 2059 539 2077; x_wconf 87' lang='lat' dir='ltr'>um.</span> <span class='ocrx_word' id='word_1_518' title='bbox 574 2049 635 2077; x_wconf 85' lang='lat' dir='ltr'>Adi.</span> <span class='ocrx_word' id='word_1_519' title='bbox 673 2049 837 2077; x_wconf 86' lang='lat' dir='ltr'>Tertullian.</span> <span class='ocrx_word' id='word_1_520' title='bbox 858 2050 890 2077; x_wconf 87' lang='lat' dir='ltr'>de</span> <span class='ocrx_word' id='word_1_521' title='bbox 908 2050 1004 2078; x_wconf 89' lang='lat' dir='ltr'>Idolol.</span> <span class='ocrx_word' id='word_1_522' title='bbox 1030 2060 1053 2077; x_wconf 87' lang='lat' dir='ltr'>c.</span> <span class='ocrx_word' id='word_1_523' title='bbox 1074 2059 1094 2077; x_wconf 87' lang='lat'>1.</span> <span class='ocrx_word' id='word_1_524' title='bbox 1105 2068 1137 2093; x_wconf 78' lang='lat'>50</span> 
     </span>
    </p>
   </div>
   <div class='ocr_carea' id='block_1_14' title="bbox 52 2085 1118 2406">
    <p class='ocr_par' dir='ltr' id='par_1_18' title="bbox 53 2085 399 2121">
     <span class='ocr_line' id='line_1_54' title="bbox 53 2085 399 2121; baseline -0.003 -8"><span class='ocrx_word' id='word_1_525' title='bbox 53 2085 174 2113; x_wconf 79' lang='lat' dir='ltr'>Ambros.</span> <span class='ocrx_word' id='word_1_526' title='bbox 189 2087 266 2121; x_wconf 83' lang='lat' dir='ltr'>Epist.</span> <span class='ocrx_word' id='word_1_527' title='bbox 283 2095 296 2119; x_wconf 77' lang='grc' dir='ltr'><em>ς</em></span> <span class='ocrx_word' id='word_1_528' title='bbox 319 2095 343 2120; x_wconf 88' lang='lat' dir='ltr'>p.</span> <span class='ocrx_word' id='word_1_529' title='bbox 359 2091 399 2120; x_wconf 87' lang='lat'>78.</span> 
     </span>
    </p>

    <p class='ocr_par' dir='ltr' id='par_1_19' title="bbox 52 2118 1118 2406">
     <span class='ocr_line' id='line_1_55' title="bbox 90 2118 1096 2156; baseline -0.003 -7"><span class='ocrx_word' id='word_1_530' title='bbox 90 2129 164 2150; x_wconf 84' lang='lat' dir='ltr'>DEV</span> <span class='ocrx_word' id='word_1_531' title='bbox 174 2121 289 2154; x_wconf 64' lang='lat' dir='ltr'>GVEO,</span> <span class='ocrx_word' id='word_1_532' title='bbox 306 2121 370 2153; x_wconf 68' lang='grc' dir='ltr'>ὃῑιί,</span> <span class='ocrx_word' id='word_1_533' title='bbox 391 2124 480 2152; x_wconf 59' lang='lat' dir='ltr'>mum,</span> <span class='ocrx_word' id='word_1_534' title='bbox 500 2123 553 2146; x_wconf 58' lang='lat' dir='ltr'>Ere.</span> <span class='ocrx_word' id='word_1_535' title='bbox 588 2118 779 2156; x_wconf 68' lang='grc' dir='ltr'>[κατεύχομαι,</span> <span class='ocrx_word' id='word_1_536' title='bbox 798 2130 866 2156; x_wconf 34' lang='grc' dir='ltr'>κοιτα-</span> <span class='ocrx_word' id='word_1_537' title='bbox 879 2121 975 2154; x_wconf 52' lang='lat' dir='ltr'>douai]</span> <span class='ocrx_word' id='word_1_538' title='bbox 1011 2118 1096 2153; x_wconf 55' lang='lat' dir='ltr'>Desti⁴</span> 
     </span>
     <span class='ocr_line' id='line_1_56' title="bbox 55 2154 1094 2194; baseline -0.002 -11"><span class='ocrx_word' id='word_1_539' title='bbox 55 2166 131 2190; x_wconf 81' lang='lat' dir='ltr'>nare,</span> <span class='ocrx_word' id='word_1_540' title='bbox 149 2158 302 2194; x_wconf 79' lang='lat' dir='ltr'>consecrare,</span> <span class='ocrx_word' id='word_1_541' title='bbox 321 2166 415 2184; x_wconf 85' lang='lat' dir='ltr'>uouere.</span> <span class='ocrx_word' id='word_1_542' title='bbox 462 2155 518 2182; x_wconf 87' lang='lat' dir='ltr'>Cic.</span> <span class='ocrx_word' id='word_1_543' title='bbox 531 2154 582 2182; x_wconf 80' lang='lat' dir='ltr'>Off.</span> <span class='ocrx_word' id='word_1_544' title='bbox 602 2163 630 2188; x_wconf 83' lang='grc'>3,</span> <span class='ocrx_word' id='word_1_545' title='bbox 649 2163 681 2188; x_wconf 75' lang='grc'>95</span> <span class='ocrx_word' id='word_1_546' title='bbox 705 2165 727 2182; x_wconf 91' lang='lat' dir='ltr'>c.</span> <span class='ocrx_word' id='word_1_547' title='bbox 740 2165 767 2189; x_wconf 76' lang='lat'>25</span> <span class='ocrx_word' id='word_1_548' title='bbox 800 2157 854 2190; x_wconf 73' lang='lat' dir='ltr'>Qui</span> <span class='ocrx_word' id='word_1_549' title='bbox 880 2158 888 2182; x_wconf 73' lang='grc' dir='ltr'><em>ἓ</em></span> <span class='ocrx_word' id='word_1_550' title='bbox 913 2158 1094 2191; x_wconf 83' lang='lat' dir='ltr'>Agamemnon</span> 
     </span>
     <span class='ocr_line' id='line_1_57' title="bbox 57 2191 1094 2227; baseline -0.002 -8"><span class='ocrx_word' id='word_1_551' title='bbox 57 2201 139 2227; x_wconf 86' lang='lat' dir='ltr'>quum</span> <span class='ocrx_word' id='word_1_552' title='bbox 152 2193 294 2220; x_wconf 78' lang='lat' dir='ltr'>deuouiffet</span> <span class='ocrx_word' id='word_1_553' title='bbox 302 2193 409 2225; x_wconf 89' lang='lat' dir='ltr'>Dianae,</span> <span class='ocrx_word' id='word_1_554' title='bbox 426 2191 497 2227; x_wconf 84' lang='lat' dir='ltr'>qnod</span> <span class='ocrx_word' id='word_1_555' title='bbox 509 2191 538 2217; x_wconf 87' lang='lat' dir='ltr'>in</span> <span class='ocrx_word' id='word_1_556' title='bbox 553 2191 600 2225; x_wconf 76' lang='lat' dir='ltr'>suo</span> <span class='ocrx_word' id='word_1_557' title='bbox 611 2199 693 2225; x_wconf 82' lang='lat' dir='ltr'>regno</span> <span class='ocrx_word' id='word_1_558' title='bbox 706 2191 917 2227; x_wconf 82' lang='lat' dir='ltr'>pulcherrimum</span> <span class='ocrx_word' id='word_1_559' title='bbox 929 2197 1021 2218; x_wconf 79' lang='lat' dir='ltr'>natum</span> <span class='ocrx_word' id='word_1_560' title='bbox 1034 2192 1094 2217; x_wconf 83' lang='lat' dir='ltr'>effet</span> 
     </span>
     <span class='ocr_line' id='line_1_58' title="bbox 56 2226 1118 2273; baseline -0.002 -18"><span class='ocrx_word' id='word_1_561' title='bbox 56 2228 105 2255; x_wconf 82' lang='lat' dir='ltr'>illo</span> <span class='ocrx_word' id='word_1_562' title='bbox 117 2237 202 2261; x_wconf 88' lang='lat' dir='ltr'>anno,</span> <span class='ocrx_word' id='word_1_563' title='bbox 221 2229 372 2256; x_wconf 78' lang='lat' dir='ltr'>immolauit</span> <span class='ocrx_word' id='word_1_564' title='bbox 384 2227 558 2263; x_wconf 78' lang='lat' dir='ltr'>iphigeniam.</span> <span class='ocrx_word' id='word_1_565' title='bbox 608 2226 682 2254; x_wconf 88' lang='lat' dir='ltr'>Idem</span> <span class='ocrx_word' id='word_1_566' title='bbox 697 2228 729 2254; x_wconf 89' lang='lat' dir='ltr'>de</span> <span class='ocrx_word' id='word_1_567' title='bbox 742 2228 835 2263; x_wconf 89' lang='lat' dir='ltr'>Arnsp.</span> <span class='ocrx_word' id='word_1_568' title='bbox 849 2228 924 2262; x_wconf 85' lang='lat' dir='ltr'>Resp.</span> <span class='ocrx_word' id='word_1_569' title='bbox 937 2229 955 2254; x_wconf 92' lang='lat'>6</span> <span class='ocrx_word' id='word_1_570' title='bbox 975 2236 996 2254; x_wconf 87' lang='lat' dir='ltr'>c.</span> <span class='ocrx_word' id='word_1_571' title='bbox 1011 2236 1024 2259; x_wconf 85' lang='lat'>3</span> <span class='ocrx_word' id='word_1_572' title='bbox 1045 2227 1094 2253; x_wconf 84' lang='lat' dir='ltr'>Ac·</span> <span class='ocrx_word' id='word_1_573' title='bbox 1106 2245 1118 2273; x_wconf 72' lang='lat'>5</span> 
     </span>
     <span class='ocr_line' id='line_1_59' title="bbox 56 2262 1093 2300; baseline 0 -11"><span class='ocrx_word' id='word_1_574' title='bbox 56 2263 124 2290; x_wconf 86' lang='lat' dir='ltr'>cedit</span> <span class='ocrx_word' id='word_1_575' title='bbox 136 2263 231 2297; x_wconf 86' lang='lat' dir='ltr'>etiam,</span> <span class='ocrx_word' id='word_1_576' title='bbox 248 2265 321 2300; x_wconf 92' lang='lat' dir='ltr'>quod</span> <span class='ocrx_word' id='word_1_577' title='bbox 332 2263 524 2299; x_wconf 69' lang='lat' dir='ltr'>exspeoatione</span> <span class='ocrx_word' id='word_1_578' title='bbox 537 2263 674 2295; x_wconf 88' lang='lat' dir='ltr'>omnium,</span> <span class='ocrx_word' id='word_1_579' title='bbox 689 2263 829 2292; x_wconf 79' lang='lat' dir='ltr'>fortissimo</span> <span class='ocrx_word' id='word_1_580' title='bbox 842 2269 867 2291; x_wconf 90' lang='lat' dir='ltr'>et</span> <span class='ocrx_word' id='word_1_581' title='bbox 879 2263 1018 2291; x_wconf 79' lang='lat' dir='ltr'>clariffimo</span> <span class='ocrx_word' id='word_1_582' title='bbox 1030 2262 1093 2290; x_wconf 84' lang='lat' dir='ltr'>viro</span> 
     </span>
     <span class='ocr_line' id='line_1_60' title="bbox 52 2297 1090 2334; baseline 0.003 -10"><span class='ocrx_word' id='word_1_583' title='bbox 52 2297 91 2325; x_wconf 91' lang='lat' dir='ltr'>T.</span> <span class='ocrx_word' id='word_1_584' title='bbox 105 2299 193 2326; x_wconf 88' lang='lat' dir='ltr'>Annio</span> <span class='ocrx_word' id='word_1_585' title='bbox 213 2300 308 2327; x_wconf 86' lang='lat' dir='ltr'>deuota</span> <span class='ocrx_word' id='word_1_586' title='bbox 324 2306 349 2326; x_wconf 88' lang='lat' dir='ltr'>et</span> <span class='ocrx_word' id='word_1_587' title='bbox 363 2299 502 2327; x_wconf 86' lang='lat' dir='ltr'>constituta</span> <span class='ocrx_word' id='word_1_588' title='bbox 512 2298 603 2326; x_wconf 62' lang='lat' dir='ltr'>‘hostia</span> <span class='ocrx_word' id='word_1_589' title='bbox 622 2299 670 2326; x_wconf 79' lang='lat' dir='ltr'>esse</span> <span class='ocrx_word' id='word_1_590' title='bbox 687 2299 802 2328; x_wconf 84' lang='lat' dir='ltr'>videtur.</span> <span class='ocrx_word' id='word_1_591' title='bbox 889 2301 962 2328; x_wconf 82' lang='lat' dir='ltr'>Caes.</span> <span class='ocrx_word' id='word_1_592' title='bbox 974 2300 1003 2327; x_wconf 86' lang='grc' dir='ltr'>Β.</span> <span class='ocrx_word' id='word_1_593' title='bbox 1020 2299 1053 2327; x_wconf 88' lang='lat' dir='ltr'>G.</span> <span class='ocrx_word' id='word_1_594' title='bbox 1066 2307 1090 2334; x_wconf 80' lang='lat'>3,</span> 
     </span>
     <span class='ocr_line' id='line_1_61' title="bbox 54 2334 1093 2371; baseline 0.001 -10"><span class='ocrx_word' id='word_1_595' title='bbox 54 2342 88 2361; x_wconf 76' lang='lat'>22</span> <span class='ocrx_word' id='word_1_596' title='bbox 112 2334 207 2369; x_wconf 86' lang='lat' dir='ltr'>Neque</span> <span class='ocrx_word' id='word_1_597' title='bbox 224 2335 309 2362; x_wconf 89' lang='lat' dir='ltr'>adhuc</span> <span class='ocrx_word' id='word_1_598' title='bbox 328 2334 468 2362; x_wconf 90' lang='lat' dir='ltr'>hominum</span> <span class='ocrx_word' id='word_1_599' title='bbox 486 2335 616 2362; x_wconf 85' lang='lat' dir='ltr'>memoria</span> <span class='ocrx_word' id='word_1_600' title='bbox 631 2341 749 2370; x_wconf 87' lang='lat' dir='ltr'>repertus</span> <span class='ocrx_word' id='word_1_601' title='bbox 767 2336 804 2363; x_wconf 89' lang='lat' dir='ltr'>est</span> <span class='ocrx_word' id='word_1_602' title='bbox 817 2335 972 2371; x_wconf 88' lang='lat' dir='ltr'>quisquam,</span> <span class='ocrx_word' id='word_1_603' title='bbox 994 2336 1042 2371; x_wconf 89' lang='lat' dir='ltr'>qni</span> <span class='ocrx_word' id='word_1_604' title='bbox 1060 2344 1093 2362; x_wconf 89' lang='lat' dir='ltr'>eo</span> 
     </span>
     <span class='ocr_line' id='line_1_62' title="bbox 53 2369 1094 2406; baseline 0.002 -11"><span class='ocrx_word' id='word_1_605' title='bbox 53 2369 212 2404; x_wconf 59' lang='lat' dir='ltr'>interfecto,</span> <span class='ocrx_word' id='word_1_606' title='bbox 230 2371 303 2398; x_wconf 87' lang='lat' dir='ltr'>cuins</span> <span class='ocrx_word' id='word_1_607' title='bbox 321 2372 347 2397; x_wconf 88' lang='lat' dir='ltr'>se</span> <span class='ocrx_word' id='word_1_608' title='bbox 367 2371 500 2398; x_wconf 81' lang='lat' dir='ltr'>amicitiae</span> <span class='ocrx_word' id='word_1_609' title='bbox 520 2370 680 2402; x_wconf 84' lang='lat' dir='ltr'>deuouiffet,</span> <span class='ocrx_word' id='word_1_610' title='bbox 695 2372 767 2398; x_wconf 89' lang='lat' dir='ltr'>mori</span> <span class='ocrx_word' id='word_1_611' title='bbox 784 2372 923 2399; x_wconf 80' lang='lat' dir='ltr'>recusaret.</span> <span class='ocrx_word' id='word_1_612' title='bbox 994 2373 1025 2398; x_wconf 87' lang='lat' dir='ltr'>Se</span> <span class='ocrx_word' id='word_1_613' title='bbox 1045 2380 1094 2406; x_wconf 84' lang='lat' dir='ltr'>pro</span> 
     </span>
    </p>
   </div>
   <div class='ocr_carea' id='block_1_15' title="bbox 54 2406 1140 2448">
    <p class='ocr_par' dir='ltr' id='par_1_20' title="bbox 54 2406 1140 2448">
     <span class='ocr_line' id='line_1_63' title="bbox 54 2406 1140 2448; baseline 0.001 -17"><span class='ocrx_word' id='word_1_614' title='bbox 54 2406 161 2440; x_wconf 85' lang='lat' dir='ltr'>populo,</span> <span class='ocrx_word' id='word_1_615' title='bbox 179 2409 198 2432; x_wconf 86' lang='lat' dir='ltr'>i.</span> <span class='ocrx_word' id='word_1_616' title='bbox 213 2410 288 2433; x_wconf 81' lang='lat' dir='ltr'>morti</span> <span class='ocrx_word' id='word_1_617' title='bbox 293 2406 345 2444; x_wconf 85' lang='lat' dir='ltr'>sese</span> <span class='ocrx_word' id='word_1_618' title='bbox 357 2407 478 2438; x_wconf 81' lang='lat' dir='ltr'>addicere,</span> <span class='ocrx_word' id='word_1_619' title='bbox 491 2413 521 2433; x_wconf 87' lang='lat' dir='ltr'>vt</span> <span class='ocrx_word' id='word_1_620' title='bbox 533 2413 610 2433; x_wconf 83' lang='lat' dir='ltr'>morte</span> <span class='ocrx_word' id='word_1_621' title='bbox 616 2406 664 2442; x_wconf 88' lang='lat' dir='ltr'>sua</span> <span class='ocrx_word' id='word_1_622' title='bbox 672 2406 836 2443; x_wconf 76' lang='lat' dir='ltr'>populusfiue</span> <span class='ocrx_word' id='word_1_623' title='bbox 849 2407 953 2448; x_wconf 68' lang='lat' dir='ltr'>Respub.</span> <span class='ocrx_word' id='word_1_624' title='bbox 962 2407 1092 2447; x_wconf 63' lang='lat' dir='ltr'>seruetur:</span> <span class='ocrx_word' id='word_1_625' title='bbox 1105 2415 1140 2440; x_wconf 78' lang='lat'>60</span> 
     </span>
    </p>
   </div>
   <div class='ocr_carea' id='block_1_16' title="bbox 17 2441 1095 2763">
    <p class='ocr_par' dir='ltr' id='par_1_21' title="bbox 17 2441 1095 2763">
     <span class='ocr_line' id='line_1_64' title="bbox 55 2441 1093 2477; baseline 0.002 -10"><span class='ocrx_word' id='word_1_626' title='bbox 55 2441 110 2467; x_wconf 91' lang='lat' dir='ltr'>Cic.</span> <span class='ocrx_word' id='word_1_627' title='bbox 124 2441 156 2468; x_wconf 83' lang='lat' dir='ltr'>dc</span> <span class='ocrx_word' id='word_1_628' title='bbox 169 2442 268 2469; x_wconf 67' lang='lat' dir='ltr'>Seneft.</span> <span class='ocrx_word' id='word_1_629' title='bbox 307 2462 314 2468; x_wconf 98' lang='lat'>.</span> <span class='ocrx_word' id='word_1_630' title='bbox 351 2462 358 2469; x_wconf 89' lang='lat'>.</span> <span class='ocrx_word' id='word_1_631' title='bbox 394 2462 401 2469; x_wconf 91' lang='lat'>.</span> <span class='ocrx_word' id='word_1_632' title='bbox 471 2441 545 2469; x_wconf 86' lang='lat' dir='ltr'>Idem</span> <span class='ocrx_word' id='word_1_633' title='bbox 556 2441 588 2468; x_wconf 91' lang='lat' dir='ltr'>de</span> <span class='ocrx_word' id='word_1_634' title='bbox 602 2443 660 2469; x_wconf 89' lang='lat' dir='ltr'>Fin.</span> <span class='ocrx_word' id='word_1_635' title='bbox 671 2451 697 2474; x_wconf 83' lang='lat'>2,</span> <span class='ocrx_word' id='word_1_636' title='bbox 733 2462 740 2469; x_wconf 91' lang='lat'>.</span> <span class='ocrx_word' id='word_1_637' title='bbox 853 2444 914 2469; x_wconf 87' lang='lat' dir='ltr'>L1n.</span> <span class='ocrx_word' id='word_1_638' title='bbox 929 2451 959 2476; x_wconf 92' lang='lat'>9,</span> <span class='ocrx_word' id='word_1_639' title='bbox 972 2451 990 2475; x_wconf 91' lang='lat'>4</span> <span class='ocrx_word' id='word_1_640' title='bbox 1014 2443 1093 2477; x_wconf 80' lang='lat' dir='ltr'>Equ1-</span> 
     </span>
     <span class='ocr_line' id='line_1_65' title="bbox 53 2476 1093 2512; baseline 0.001 -9"><span class='ocrx_word' id='word_1_641' title='bbox 53 2476 115 2503; x_wconf 86' lang='lat' dir='ltr'>dem</span> <span class='ocrx_word' id='word_1_642' title='bbox 128 2483 241 2504; x_wconf 85' lang='lat' dir='ltr'>mortem</span> <span class='ocrx_word' id='word_1_643' title='bbox 260 2486 308 2512; x_wconf 86' lang='lat' dir='ltr'>pro</span> <span class='ocrx_word' id='word_1_644' title='bbox 328 2478 412 2512; x_wconf 87' lang='lat' dir='ltr'>patria</span> <span class='ocrx_word' id='word_1_645' title='bbox 430 2478 656 2511; x_wconf 63' lang='lat' dir='ltr'>praeclaram-effe</span> <span class='ocrx_word' id='word_1_646' title='bbox 670 2477 772 2509; x_wconf 88' lang='lat' dir='ltr'>fateor,</span> <span class='ocrx_word' id='word_1_647' title='bbox 791 2483 817 2504; x_wconf 90' lang='lat' dir='ltr'>et</span> <span class='ocrx_word' id='word_1_648' title='bbox 837 2487 879 2505; x_wconf 85' lang='lat' dir='ltr'>me</span> <span class='ocrx_word' id='word_1_649' title='bbox 897 2478 940 2504; x_wconf 85' lang='lat' dir='ltr'>vel</span> <span class='ocrx_word' id='word_1_650' title='bbox 960 2478 1093 2505; x_wconf 83' lang='lat' dir='ltr'>deuouere</span> 
     </span>
     <span class='ocr_line' id='line_1_66' title="bbox 55 2512 1095 2548; baseline 0.002 -11"><span class='ocrx_word' id='word_1_651' title='bbox 55 2520 105 2546; x_wconf 82' lang='lat' dir='ltr'>pro</span> <span class='ocrx_word' id='word_1_652' title='bbox 117 2513 219 2546; x_wconf 82' lang='lat' dir='ltr'>Populo</span> <span class='ocrx_word' id='word_1_653' title='bbox 232 2513 353 2540; x_wconf 85' lang='lat' dir='ltr'>Romano</span> <span class='ocrx_word' id='word_1_654' title='bbox 371 2512 573 2547; x_wconf 87' lang='lat' dir='ltr'>legionibusque</span> <span class='ocrx_word' id='word_1_655' title='bbox 592 2512 635 2539; x_wconf 84' lang='lat' dir='ltr'>vel</span> <span class='ocrx_word' id='word_1_656' title='bbox 650 2513 678 2539; x_wconf 85' lang='lat' dir='ltr'>in</span> <span class='ocrx_word' id='word_1_657' title='bbox 691 2521 764 2539; x_wconf 88' lang='lat' dir='ltr'>meos</span> <span class='ocrx_word' id='word_1_658' title='bbox 778 2522 820 2539; x_wconf 91' lang='lat' dir='ltr'>me</span> <span class='ocrx_word' id='word_1_659' title='bbox 833 2514 938 2540; x_wconf 69' lang='lat' dir='ltr'>mittere</span> <span class='ocrx_word' id='word_1_660' title='bbox 953 2513 1037 2540; x_wconf 86' lang='lat' dir='ltr'>hostes</span> <span class='ocrx_word' id='word_1_661' title='bbox 1053 2521 1095 2548; x_wconf 90' lang='lat' dir='ltr'>pa-</span> 
     </span>
     <span class='ocr_line' id='line_1_67' title="bbox 55 2548 1094 2584; baseline 0.003 -12"><span class='ocrx_word' id='word_1_662' title='bbox 55 2554 127 2573; x_wconf 80' lang='lat' dir='ltr'>ratus</span> <span class='ocrx_word' id='word_1_663' title='bbox 141 2548 205 2574; x_wconf 89' lang='lat' dir='ltr'>snm.</span> <span class='ocrx_word' id='word_1_664' title='bbox 257 2548 322 2575; x_wconf 87' lang='lat' dir='ltr'>Plin.</span> <span class='ocrx_word' id='word_1_665' title='bbox 337 2557 377 2581; x_wconf 82' lang='lat'>22,</span> <span class='ocrx_word' id='word_1_666' title='bbox 391 2556 403 2581; x_wconf 80' lang='grc' dir='ltr'><em>ς</em></span> <span class='ocrx_word' id='word_1_667' title='bbox 423 2548 476 2575; x_wconf 85' lang='lat' dir='ltr'>Hic</span> <span class='ocrx_word' id='word_1_668' title='bbox 489 2548 584 2574; x_wconf 84' lang='lat' dir='ltr'>Decius</span> <span class='ocrx_word' id='word_1_669' title='bbox 598 2548 686 2582; x_wconf 86' lang='lat' dir='ltr'>postea</span> <span class='ocrx_word' id='word_1_670' title='bbox 699 2549 724 2574; x_wconf 83' lang='lat' dir='ltr'>se</span> <span class='ocrx_word' id='word_1_671' title='bbox 737 2549 852 2581; x_wconf 86' lang='lat' dir='ltr'>Consul,</span> <span class='ocrx_word' id='word_1_672' title='bbox 872 2550 1017 2584; x_wconf 89' lang='lat' dir='ltr'>imperioso</span> <span class='ocrx_word' id='word_1_673' title='bbox 1032 2549 1094 2576; x_wconf 89' lang='lat' dir='ltr'>Col-</span> 
     </span>
     <span class='ocr_line' id='line_1_68' title="bbox 56 2581 449 2617; baseline 0.005 -9"><span class='ocrx_word' id='word_1_674' title='bbox 56 2581 123 2617; x_wconf 84' lang='lat' dir='ltr'>lega,</span> <span class='ocrx_word' id='word_1_675' title='bbox 140 2591 189 2617; x_wconf 87' lang='lat' dir='ltr'>pro</span> <span class='ocrx_word' id='word_1_676' title='bbox 204 2583 319 2611; x_wconf 60' lang='lat' dir='ltr'>victoria</span> <span class='ocrx_word' id='word_1_677' title='bbox 331 2583 449 2611; x_wconf 87' lang='lat' dir='ltr'>deuouit.</span> 
     </span>
     <span class='ocr_line' id='line_1_69' title="bbox 56 2618 1095 2655; baseline 0.002 -12"><span class='ocrx_word' id='word_1_678' title='bbox 56 2618 236 2652; x_wconf 83' lang='lat' dir='ltr'>exercitusne,</span> <span class='ocrx_word' id='word_1_679' title='bbox 253 2626 340 2647; x_wconf 82' lang='lat' dir='ltr'>morem</span> <span class='ocrx_word' id='word_1_680' title='bbox 351 2628 380 2646; x_wconf 86' lang='lat' dir='ltr'>ac</span> <span class='ocrx_word' id='word_1_681' title='bbox 394 2622 460 2646; x_wconf 83' lang='lat' dir='ltr'>ritus</span> <span class='ocrx_word' id='word_1_682' title='bbox 471 2619 581 2653; x_wconf 20' lang='lat' dir='ltr'>etyverba</span> <span class='ocrx_word' id='word_1_683' title='bbox 589 2640 598 2652; x_wconf 95' lang='lat'>,</span> <span class='ocrx_word' id='word_1_684' title='bbox 615 2619 668 2646; x_wconf 78' lang='lat' dir='ltr'>vid.</span> <span class='ocrx_word' id='word_1_685' title='bbox 681 2619 747 2655; x_wconf 81' lang='lat' dir='ltr'>apud</span> <span class='ocrx_word' id='word_1_686' title='bbox 758 2620 818 2646; x_wconf 90' lang='lat' dir='ltr'>Liu.</span> <span class='ocrx_word' id='word_1_687' title='bbox 833 2625 856 2652; x_wconf 86' lang='lat'>8,</span> <span class='ocrx_word' id='word_1_688' title='bbox 871 2628 887 2652; x_wconf 89' lang='lat'>9</span> <span class='ocrx_word' id='word_1_689' title='bbox 906 2627 929 2646; x_wconf 79' lang='lat' dir='ltr'>et</span> <span class='ocrx_word' id='word_1_690' title='bbox 944 2629 981 2647; x_wconf 87' lang='lat'>10.</span> <span class='ocrx_word' id='word_1_691' title='bbox 1011 2622 1042 2646; x_wconf 80' lang='lat' dir='ltr'>it.</span> <span class='ocrx_word' id='word_1_692' title='bbox 1057 2629 1095 2650; x_wconf 83' lang='lat'>10,</span> 
     </span>
     <span class='ocr_line' id='line_1_70' title="bbox 57 2653 1094 2689; baseline -0.002 -7"><span class='ocrx_word' id='word_1_693' title='bbox 57 2657 89 2682; x_wconf 82' lang='lat'>28</span> <span class='ocrx_word' id='word_1_694' title='bbox 110 2653 147 2688; x_wconf 84' lang='lat' dir='ltr'>sq.</span> <span class='ocrx_word' id='word_1_695' title='bbox 217 2655 336 2688; x_wconf 75' lang='lat' dir='ltr'>Macrob.</span> <span class='ocrx_word' id='word_1_696' title='bbox 349 2655 450 2681; x_wconf 83' lang='lat' dir='ltr'>Saturn.</span> <span class='ocrx_word' id='word_1_697' title='bbox 465 2663 487 2686; x_wconf 88' lang='grc'>3,</span> <span class='ocrx_word' id='word_1_698' title='bbox 500 2662 525 2687; x_wconf 88' lang='lat'>9.</span> <span class='ocrx_word' id='word_1_699' title='bbox 596 2655 642 2686; x_wconf 88' lang='lat' dir='ltr'>Se,</span> <span class='ocrx_word' id='word_1_700' title='bbox 660 2655 834 2689; x_wconf 78' lang='lat' dir='ltr'>fortunasque</span> <span class='ocrx_word' id='word_1_701' title='bbox 846 2656 905 2681; x_wconf 84' lang='lat' dir='ltr'>suas</span> <span class='ocrx_word' id='word_1_702' title='bbox 917 2664 965 2689; x_wconf 85' lang='lat' dir='ltr'>pro</span> <span class='ocrx_word' id='word_1_703' title='bbox 978 2654 1094 2681; x_wconf 87' lang='lat' dir='ltr'>aliorum</span> 
     </span>
     <span class='ocr_line' id='line_1_71' title="bbox 17 2687 1094 2723; baseline 0 -9"><span class='ocrx_word' id='word_1_704' title='bbox 17 2715 25 2720; x_wconf 60' lang='grc'>,</span> <span class='ocrx_word' id='word_1_705' title='bbox 57 2687 238 2715; x_wconf 82' lang='lat' dir='ltr'>incolumitate</span> <span class='ocrx_word' id='word_1_706' title='bbox 247 2708 254 2720; x_wconf 91' lang='lat'><em>‚</em></span> <span class='ocrx_word' id='word_1_707' title='bbox 266 2690 339 2721; x_wconf 89' lang='lat' dir='ltr'>otio,</span> <span class='ocrx_word' id='word_1_708' title='bbox 354 2688 546 2722; x_wconf 81' lang='lat' dir='ltr'>concordiaque</span> <span class='ocrx_word' id='word_1_709' title='bbox 559 2688 694 2715; x_wconf 83' lang='lat' dir='ltr'>deuouere</span> <span class='ocrx_word' id='word_1_710' title='bbox 707 2689 763 2716; x_wconf 77' lang='lat' dir='ltr'>Cic.</span> <span class='ocrx_word' id='word_1_711' title='bbox 778 2690 834 2723; x_wconf 90' lang='lat' dir='ltr'>post</span> <span class='ocrx_word' id='word_1_712' title='bbox 847 2690 926 2716; x_wconf 85' lang='lat' dir='ltr'>redit.</span> <span class='ocrx_word' id='word_1_713' title='bbox 939 2690 968 2715; x_wconf 87' lang='lat' dir='ltr'>in</span> <span class='ocrx_word' id='word_1_714' title='bbox 981 2690 1064 2715; x_wconf 78' lang='lat' dir='ltr'>Senat.</span> <span class='ocrx_word' id='word_1_715' title='bbox 1075 2697 1094 2714; x_wconf 94' lang='lat'>1.</span> 
     </span>
     <span class='ocr_line' id='line_1_72' title="bbox 57 2722 1094 2763; baseline 0 -14"><span class='ocrx_word' id='word_1_716' title='bbox 57 2723 89 2749; x_wconf 93' lang='lat' dir='ltr'>Se</span> <span class='ocrx_word' id='word_1_717' title='bbox 108 2729 133 2750; x_wconf 89' lang='lat' dir='ltr'>et</span> <span class='ocrx_word' id='word_1_718' title='bbox 154 2729 230 2758; x_wconf 82' lang='lat' dir='ltr'>caput</span> <span class='ocrx_word' id='word_1_719' title='bbox 249 2725 323 2750; x_wconf 87' lang='lat' dir='ltr'>snum</span> <span class='ocrx_word' id='word_1_720' title='bbox 341 2723 430 2757; x_wconf 85' lang='lat' dir='ltr'>aliqua</span> <span class='ocrx_word' id='word_1_721' title='bbox 444 2723 598 2749; x_wconf 85' lang='lat' dir='ltr'>conditione</span> <span class='ocrx_word' id='word_1_722' title='bbox 618 2722 690 2749; x_wconf 87' lang='lat' dir='ltr'>Idem</span> <span class='ocrx_word' id='word_1_723' title='bbox 705 2732 754 2757; x_wconf 89' lang='lat' dir='ltr'>pro</span> <span class='ocrx_word' id='word_1_724' title='bbox 769 2725 857 2750; x_wconf 86' lang='lat' dir='ltr'>Domo</span> <span class='ocrx_word' id='word_1_725' title='bbox 872 2724 916 2750; x_wconf 82' lang='lat' dir='ltr'>sna</span> <span class='ocrx_word' id='word_1_726' title='bbox 937 2730 1003 2763; x_wconf 47' lang='lat'>143..</span> <span class='ocrx_word' id='word_1_727' title='bbox 1063 2725 1094 2749; x_wconf 75' lang='lat' dir='ltr'>Ec</span> 
     </span>
    </p>
   </div>
   <div class='ocr_carea' id='block_1_17' title="bbox 57 2757 1154 2800">
    <p class='ocr_par' dir='ltr' id='par_1_22' title="bbox 57 2757 1154 2800">
     <span class='ocr_line' id='line_1_73' title="bbox 57 2757 1154 2800; baseline -0.002 -14"><span class='ocrx_word' id='word_1_728' title='bbox 57 2757 170 2797; x_wconf 76' lang='lat' dir='ltr'>Philipp.</span> <span class='ocrx_word' id='word_1_729' title='bbox 191 2768 224 2791; x_wconf 92' lang='lat'>11,</span> <span class='ocrx_word' id='word_1_730' title='bbox 245 2767 269 2791; x_wconf 84' lang='grc' dir='ltr'>ι3</span> <span class='ocrx_word' id='word_1_731' title='bbox 296 2758 390 2785; x_wconf 87' lang='lat' dir='ltr'>Videte</span> <span class='ocrx_word' id='word_1_732' title='bbox 407 2757 486 2785; x_wconf 89' lang='lat' dir='ltr'>etiam</span> <span class='ocrx_word' id='word_1_733' title='bbox 500 2758 526 2784; x_wconf 97' lang='lat' dir='ltr'>P.</span> <span class='ocrx_word' id='word_1_734' title='bbox 541 2757 618 2784; x_wconf 85' lang='lat' dir='ltr'>Decii</span> <span class='ocrx_word' id='word_1_735' title='bbox 637 2757 786 2784; x_wconf 64' lang='lat' dir='ltr'>anfiionem</span> <span class='ocrx_word' id='word_1_736' title='bbox 803 2758 933 2785; x_wconf 79' lang='lat' dir='ltr'>clariss&#39;imi</span> <span class='ocrx_word' id='word_1_737' title='bbox 951 2760 1020 2791; x_wconf 77' lang='lat' dir='ltr'>viri,</span> <span class='ocrx_word' id='word_1_738' title='bbox 1046 2758 1154 2800; x_wconf 40' lang='lat' dir='ltr'>q1¹i7o-</span> 
     </span>
    </p>
   </div>
   <div class='ocr_carea' id='block_1_18' title="bbox 55 2793 1094 2935">
    <p class='ocr_par' dir='ltr' id='par_1_23' title="bbox 55 2793 1094 2935">
     <span class='ocr_line' id='line_1_74' title="bbox 56 2793 1093 2828; baseline 0 -9"><span class='ocrx_word' id='word_1_739' title='bbox 56 2801 188 2825; x_wconf 73' lang='lat' dir='ltr'>maiorum</span> <span class='ocrx_word' id='word_1_740' title='bbox 209 2795 317 2821; x_wconf 88' lang='lat' dir='ltr'>suorum</span> <span class='ocrx_word' id='word_1_741' title='bbox 334 2793 452 2827; x_wconf 84' lang='lat' dir='ltr'>exempla</span> <span class='ocrx_word' id='word_1_742' title='bbox 472 2793 642 2828; x_wconf 85' lang='lat' dir='ltr'>persequens,</span> <span class='ocrx_word' id='word_1_743' title='bbox 672 2802 721 2827; x_wconf 89' lang='lat' dir='ltr'>pro</span> <span class='ocrx_word' id='word_1_744' title='bbox 741 2793 829 2820; x_wconf 87' lang='lat' dir='ltr'>alieno</span> <span class='ocrx_word' id='word_1_745' title='bbox 849 2802 909 2820; x_wconf 84' lang='lat' dir='ltr'>aere</span> <span class='ocrx_word' id='word_1_746' title='bbox 927 2795 954 2820; x_wconf 89' lang='lat' dir='ltr'>se</span> <span class='ocrx_word' id='word_1_747' title='bbox 972 2794 1093 2820; x_wconf 87' lang='lat' dir='ltr'>deuouit.</span> 
     </span>
     <span class='ocr_line' id='line_1_75' title="bbox 56 2828 1094 2864; baseline -0.001 -9"><span class='ocrx_word' id='word_1_748' title='bbox 56 2829 87 2855; x_wconf 86' lang='lat' dir='ltr'>Se</span> <span class='ocrx_word' id='word_1_749' title='bbox 105 2828 157 2855; x_wconf 84' lang='lat' dir='ltr'>aris</span> <span class='ocrx_word' id='word_1_750' title='bbox 170 2829 326 2864; x_wconf 84' lang='lat' dir='ltr'>superorum</span> <span class='ocrx_word' id='word_1_751' title='bbox 337 2829 434 2863; x_wconf 81' lang='lat' dir='ltr'>Virgil.</span> <span class='ocrx_word' id='word_1_752' title='bbox 448 2829 512 2854; x_wconf 88' lang='lat' dir='ltr'>Aen.</span> <span class='ocrx_word' id='word_1_753' title='bbox 527 2836 560 2858; x_wconf 69' lang='grc' dir='ltr'>ιε,</span> <span class='ocrx_word' id='word_1_754' title='bbox 575 2836 630 2861; x_wconf 81' lang='lat'>234.</span> <span class='ocrx_word' id='word_1_755' title='bbox 702 2829 842 2854; x_wconf 86' lang='lat' dir='ltr'>Dcuonere</span> <span class='ocrx_word' id='word_1_756' title='bbox 861 2829 887 2854; x_wconf 89' lang='lat' dir='ltr'>se</span> <span class='ocrx_word' id='word_1_757' title='bbox 905 2836 954 2862; x_wconf 88' lang='lat' dir='ltr'>pro</span> <span class='ocrx_word' id='word_1_758' title='bbox 967 2829 1094 2862; x_wconf 87' lang='lat' dir='ltr'>Principi-</span> 
     </span>
     <span class='ocr_line' id='line_1_76' title="bbox 55 2861 1093 2900; baseline -0.001 -10"><span class='ocrx_word' id='word_1_759' title='bbox 55 2863 121 2897; x_wconf 88' lang='lat' dir='ltr'>bus,</span> <span class='ocrx_word' id='word_1_760' title='bbox 142 2864 326 2900; x_wconf 75' lang='lat' dir='ltr'>Hispanorum,</span> <span class='ocrx_word' id='word_1_761' title='bbox 344 2864 468 2891; x_wconf 77' lang='lat' dir='ltr'>Gallorum</span> <span class='ocrx_word' id='word_1_762' title='bbox 486 2870 510 2890; x_wconf 82' lang='lat' dir='ltr'>et</span> <span class='ocrx_word' id='word_1_763' title='bbox 525 2864 699 2889; x_wconf 76' lang='lat' dir='ltr'>Germanorum</span> <span class='ocrx_word' id='word_1_764' title='bbox 718 2872 769 2889; x_wconf 81' lang='lat' dir='ltr'>mos</span> <span class='ocrx_word' id='word_1_765' title='bbox 777 2863 853 2899; x_wconf 82' lang='lat' dir='ltr'>fuit,</span> <span class='ocrx_word' id='word_1_766' title='bbox 871 2867 914 2898; x_wconf 85' lang='lat' dir='ltr'>qm&#39;</span> <span class='ocrx_word' id='word_1_767' title='bbox 926 2863 975 2899; x_wconf 72' lang='lat' dir='ltr'>fi‘b</span> <span class='ocrx_word' id='word_1_768' title='bbox 986 2861 1093 2899; x_wconf 78' lang='lat' dir='ltr'>August.</span> 
     </span>
     <span class='ocr_line' id='line_1_77' title="bbox 55 2898 1094 2935; baseline -0.004 -7"><span class='ocrx_word' id='word_1_769' title='bbox 55 2901 157 2928; x_wconf 83' lang='lat' dir='ltr'>Romam</span> <span class='ocrx_word' id='word_1_770' title='bbox 174 2901 327 2932; x_wconf 75' lang='lat' dir='ltr'>translatus,</span> <span class='ocrx_word' id='word_1_771' title='bbox 342 2906 392 2935; x_wconf 82' lang='lat' dir='ltr'>pro</span> <span class='ocrx_word' id='word_1_772' title='bbox 410 2903 480 2925; x_wconf 83' lang='lat' dir='ltr'>cuius</span> <span class='ocrx_word' id='word_1_773' title='bbox 490 2899 571 2935; x_wconf 76' lang='lat' dir='ltr'>salute</span> <span class='ocrx_word' id='word_1_774' title='bbox 585 2898 614 2934; x_wconf 79' lang='lat' dir='ltr'>se</span> <span class='ocrx_word' id='word_1_775' title='bbox 627 2900 659 2924; x_wconf 71' lang='lat' dir='ltr'>‘in</span> <span class='ocrx_word' id='word_1_776' title='bbox 673 2899 764 2925; x_wconf 84' lang='lat' dir='ltr'>Senatu</span> <span class='ocrx_word' id='word_1_777' title='bbox 778 2899 844 2926; x_wconf 74' lang='lat' dir='ltr'>sext.</span> <span class='ocrx_word' id='word_1_778' title='bbox 859 2900 980 2925; x_wconf 85' lang='lat' dir='ltr'>Pacuuius</span> <span class='ocrx_word' id='word_1_779' title='bbox 997 2898 1094 2925; x_wconf 79' lang='lat' dir='ltr'>deuouit</span> 
     </span>
    </p>
   </div>
   <div class='ocr_carea' id='block_1_19' title="bbox 52 2933 1135 2973">
    <p class='ocr_par' dir='ltr' id='par_1_24' title="bbox 52 2933 1135 2973">
     <span class='ocr_line' id='line_1_78' title="bbox 52 2933 1135 2973; baseline -0.001 -12"><span class='ocrx_word' id='word_1_780' title='bbox 52 2937 167 2972; x_wconf 68' lang='lat' dir='ltr'>primus,</span> <span class='ocrx_word' id='word_1_781' title='bbox 187 2942 210 2961; x_wconf 82' lang='lat' dir='ltr'>et</span> <span class='ocrx_word' id='word_1_782' title='bbox 222 2936 282 2961; x_wconf 81' lang='lat' dir='ltr'>aliis</span> <span class='ocrx_word' id='word_1_783' title='bbox 296 2935 357 2961; x_wconf 75' lang='lat' dir='ltr'>idem</span> <span class='ocrx_word' id='word_1_784' title='bbox 363 2934 483 2970; x_wconf 81' lang='lat' dir='ltr'>faciendi</span> <span class='ocrx_word' id='word_1_785' title='bbox 496 2936 626 2969; x_wconf 81' lang='lat' dir='ltr'>exemplum</span> <span class='ocrx_word' id='word_1_786' title='bbox 638 2933 715 2960; x_wconf 81' lang='lat' dir='ltr'>dedit.</span> <span class='ocrx_word' id='word_1_787' title='bbox 754 2935 822 2960; x_wconf 86' lang='lat' dir='ltr'>Hinc</span> <span class='ocrx_word' id='word_1_788' title='bbox 840 2939 900 2961; x_wconf 82' lang='lat' dir='ltr'>nata</span> <span class='ocrx_word' id='word_1_789' title='bbox 912 2933 1027 2969; x_wconf 83' lang='lat' dir='ltr'>formula</span> <span class='ocrx_word' id='word_1_790' title='bbox 1041 2934 1094 2967; x_wconf 81' lang='lat' dir='ltr'>illa,</span> <span class='ocrx_word' id='word_1_791' title='bbox 1103 2944 1135 2973; x_wconf 71' lang='lat'>73·</span> 
     </span>
    </p>
   </div>
   <div class='ocr_carea' id='block_1_20' title="bbox 56 2968 1096 3325">
    <p class='ocr_par' dir='ltr' id='par_1_25' title="bbox 56 2968 1096 3325">
     <span class='ocr_line' id='line_1_79' title="bbox 56 2968 1094 3006; baseline 0.001 -11"><span class='ocrx_word' id='word_1_792' title='bbox 56 2979 104 3006; x_wconf 82' lang='lat' dir='ltr'>qua</span> <span class='ocrx_word' id='word_1_793' title='bbox 116 2973 257 2997; x_wconf 79' lang='lat' dir='ltr'>veneraturi</span> <span class='ocrx_word' id='word_1_794' title='bbox 273 2977 296 2996; x_wconf 83' lang='lat' dir='ltr'>et</span> <span class='ocrx_word' id='word_1_795' title='bbox 302 2970 361 3006; x_wconf 77' lang='lat' dir='ltr'>fere</span> <span class='ocrx_word' id='word_1_796' title='bbox 375 2976 423 3005; x_wconf 74' lang='lat' dir='ltr'>per</span> <span class='ocrx_word' id='word_1_797' title='bbox 435 2970 600 2996; x_wconf 74' lang='lat' dir='ltr'>adulationem</span> <span class='ocrx_word' id='word_1_798' title='bbox 615 2971 742 3005; x_wconf 80' lang='lat' dir='ltr'>principis</span> <span class='ocrx_word' id='word_1_799' title='bbox 758 2968 796 3003; x_wconf 85' lang='lat' dir='ltr'>vfi</span> <span class='ocrx_word' id='word_1_800' title='bbox 808 2969 888 2996; x_wconf 83' lang='lat' dir='ltr'>dicere</span> <span class='ocrx_word' id='word_1_801' title='bbox 899 2969 1014 3006; x_wconf 77' lang='lat' dir='ltr'>solebant</span> <span class='ocrx_word' id='word_1_802' title='bbox 1032 2970 1094 2996; x_wconf 87' lang='lat' dir='ltr'>DE-</span> 
     </span>
     <span class='ocr_line' id='line_1_80' title="bbox 57 3005 1094 3041; baseline 0 -9"><span class='ocrx_word' id='word_1_803' title='bbox 57 3006 203 3033; x_wconf 88' lang='lat' dir='ltr'>VOTVS</span> <span class='ocrx_word' id='word_1_804' title='bbox 240 3006 421 3032; x_wconf 91' lang='lat' dir='ltr'>NVMINI</span> <span class='ocrx_word' id='word_1_805' title='bbox 457 3005 792 3038; x_wconf 76' lang='lat' dir='ltr'>MAIESTATIQVE</span> <span class='ocrx_word' id='word_1_806' title='bbox 828 3005 934 3032; x_wconf 87' lang='lat' dir='ltr'>EIVS.</span> <span class='ocrx_word' id='word_1_807' title='bbox 989 3007 1027 3032; x_wconf 82' lang='lat' dir='ltr'>De</span> <span class='ocrx_word' id='word_1_808' title='bbox 1047 3015 1094 3041; x_wconf 79' lang='lat' dir='ltr'>quo</span> 
     </span>
     <span class='ocr_line' id='line_1_81' title="bbox 58 3038 1094 3101; baseline -0.002 -33"><span class='ocrx_word' id='word_1_809' title='bbox 58 3042 130 3082; x_wconf 66' lang='lat' dir='ltr'>Caes.</span> <span class='ocrx_word' id='word_1_810' title='bbox 142 3042 170 3068; x_wconf 85' lang='lat' dir='ltr'>B.</span> <span class='ocrx_word' id='word_1_811' title='bbox 183 3042 216 3068; x_wconf 88' lang='lat' dir='ltr'>G.</span> <span class='ocrx_word' id='word_1_812' title='bbox 229 3049 259 3075; x_wconf 78' lang='lat'>3,</span> <span class='ocrx_word' id='word_1_813' title='bbox 275 3049 318 3071; x_wconf 82' lang='lat'>22.</span> <span class='ocrx_word' id='word_1_814' title='bbox 373 3040 437 3084; x_wconf 66' lang='lat' dir='ltr'>Vici.</span> <span class='ocrx_word' id='word_1_815' title='bbox 453 3040 520 3080; x_wconf 65' lang='lat' dir='ltr'>LipJI</span> <span class='ocrx_word' id='word_1_816' title='bbox 534 3043 624 3101; x_wconf 47' lang='lat' dir='ltr'>Antip.</span> <span class='ocrx_word' id='word_1_817' title='bbox 638 3038 706 3066; x_wconf 73' lang='lat' dir='ltr'>LeH&#39;.</span> <span class='ocrx_word' id='word_1_818' title='bbox 718 3050 743 3074; x_wconf 89' lang='lat'>5,</span> <span class='ocrx_word' id='word_1_819' title='bbox 764 3047 789 3071; x_wconf 80' lang='lat'>8.</span> <span class='ocrx_word' id='word_1_820' title='bbox 827 3040 927 3077; x_wconf 79' lang='lat' dir='ltr'>Cosaub.</span> <span class='ocrx_word' id='word_1_821' title='bbox 941 3040 976 3068; x_wconf 87' lang='lat' dir='ltr'>ad</span> <span class='ocrx_word' id='word_1_822' title='bbox 987 3041 1094 3068; x_wconf 81' lang='lat' dir='ltr'>Sueton.</span> 
     </span>
     <span class='ocr_line' id='line_1_82' title="bbox 59 3076 1094 3112; baseline -0.001 -9"><span class='ocrx_word' id='word_1_823' title='bbox 59 3077 141 3111; x_wconf 76' lang='lat' dir='ltr'>Calig.</span> <span class='ocrx_word' id='word_1_824' title='bbox 162 3086 183 3103; x_wconf 94' lang='lat' dir='ltr'>c.</span> <span class='ocrx_word' id='word_1_825' title='bbox 195 3085 251 3112; x_wconf 67' lang='lat'>¹4·=.</span> <span class='ocrx_word' id='word_1_826' title='bbox 290 3077 394 3104; x_wconf 79' lang='lat' dir='ltr'>Marctl.</span> <span class='ocrx_word' id='word_1_827' title='bbox 413 3076 447 3103; x_wconf 89' lang='lat' dir='ltr'>ad</span> <span class='ocrx_word' id='word_1_828' title='bbox 461 3077 553 3103; x_wconf 77' lang='lat' dir='ltr'>Horat.</span> <span class='ocrx_word' id='word_1_829' title='bbox 568 3077 592 3102; x_wconf 94' lang='lat' dir='ltr'>O</span> <span class='ocrx_word' id='word_1_830' title='bbox 613 3095 618 3101; x_wconf 92' lang='lat'>.</span> <span class='ocrx_word' id='word_1_831' title='bbox 640 3084 669 3108; x_wconf 87' lang='lat'>2,</span> <span class='ocrx_word' id='word_1_832' title='bbox 689 3083 726 3110; x_wconf 89' lang='lat'>17.</span> <span class='ocrx_word' id='word_1_833' title='bbox 781 3077 916 3103; x_wconf 83' lang='lat' dir='ltr'>Burmann.</span> <span class='ocrx_word' id='word_1_834' title='bbox 936 3076 970 3102; x_wconf 89' lang='lat' dir='ltr'>ad</span> <span class='ocrx_word' id='word_1_835' title='bbox 988 3077 1094 3103; x_wconf 87' lang='lat' dir='ltr'>Nemes.</span> 
     </span>
     <span class='ocr_line' id='line_1_83' title="bbox 59 3112 1095 3182; baseline 0.001 -9"><span class='ocrx_word' id='word_1_836' title='bbox 59 3112 157 3180; x_wconf 45' lang='lat' dir='ltr'>{gp-eg·</span> <span class='ocrx_word' id='word_1_837' title='bbox 175 3117 327 3176; x_wconf 45' lang='grc' dir='ltr'>νὺξ-θυαε</span> <span class='ocrx_word' id='word_1_838' title='bbox 350 3148 483 3182; x_wconf 82' lang='lat' dir='ltr'>aliquem,</span> <span class='ocrx_word' id='word_1_839' title='bbox 508 3154 557 3182; x_wconf 84' lang='lat' dir='ltr'>pro</span> <span class='ocrx_word' id='word_1_840' title='bbox 578 3150 654 3174; x_wconf 79' lang='lat' dir='ltr'>Diris</span> <span class='ocrx_word' id='word_1_841' title='bbox 675 3147 891 3182; x_wconf 78' lang='lat' dir='ltr'>imprecationibus</span> <span class='ocrx_word' id='word_1_842' title='bbox 909 3149 997 3174; x_wconf 82' lang='lat' dir='ltr'>malum</span> <span class='ocrx_word' id='word_1_843' title='bbox 1017 3150 1095 3174; x_wconf 85' lang='lat' dir='ltr'>alicui</span> 
     </span>
     <span class='ocr_line' id='line_1_84' title="bbox 63 3181 1096 3245; baseline 0.002 -2"><span class='ocrx_word' id='word_1_844' title='bbox 63 3183 326 3245; x_wconf 53' lang='lat' dir='ltr'>ffiff⁶21b022¹125s³¹¹</span> <span class='ocrx_word' id='word_1_845' title='bbox 345 3182 765 3245; x_wconf 52' lang='grc' dir='ltr'>Μ”υὲἶιοῖἶἓέἳξῧιῗέῗέΐὲἓῗῗέ</span> <span class='ocrx_word' id='word_1_846' title='bbox 779 3192 863 3245; x_wconf 56' lang='grc' dir='ltr'>ἓξὲξ,</span> <span class='ocrx_word' id='word_1_847' title='bbox 879 3192 951 3210; x_wconf 54' lang='lat'>“¹³⁰⁸</span> <span class='ocrx_word' id='word_1_848' title='bbox 969 3181 1096 3218; x_wconf 59' lang='lat' dir='ltr'>³¹¹‘²¹¹ig³‘</span> 
     </span>
     <span class='ocr_line' id='line_1_85' title="bbox 67 3227 872 3286; baseline 0.005 -10"><span class='ocrx_word' id='word_1_849' title='bbox 67 3237 136 3278; x_wconf 69' lang='lat' dir='ltr'>cuins</span> <span class='ocrx_word' id='word_1_850' title='bbox 148 3252 278 3281; x_wconf 86' lang='lat' dir='ltr'>deuouere</span> <span class='ocrx_word' id='word_1_851' title='bbox 291 3238 443 3281; x_wconf 55' lang='lat' dir='ltr'>OiridiMet.</span> <span class='ocrx_word' id='word_1_852' title='bbox 453 3262 488 3286; x_wconf 80' lang='lat'>13,</span> <span class='ocrx_word' id='word_1_853' title='bbox 501 3263 553 3286; x_wconf 76' lang='lat'>330.</span> <span class='ocrx_word' id='word_1_854' title='bbox 581 3228 598 3253; x_wconf 77' lang='lat' dir='ltr'>q</span> <span class='ocrx_word' id='word_1_855' title='bbox 712 3227 738 3252; x_wconf 29' lang='lat' dir='ltr'>q*</span> <span class='ocrx_word' id='word_1_856' title='bbox 866 3238 872 3244; x_wconf 51' lang='grc'><em>.</em></span> 
     </span>
     <span class='ocr_line' id='line_1_86' title="bbox 65 3287 480 3325; baseline 0.01 -13"><span class='ocrx_word' id='word_1_857' title='bbox 65 3289 93 3312; x_wconf 78' lang='lat' dir='ltr'>in</span> <span class='ocrx_word' id='word_1_858' title='bbox 105 3287 182 3320; x_wconf 73' lang='lat' dir='ltr'>Craffi</span> <span class='ocrx_word' id='word_1_859' title='bbox 196 3296 218 3315; x_wconf 75' lang='lat' dir='ltr'>ee</span> <span class='ocrx_word' id='word_1_860' title='bbox 229 3292 338 3325; x_wconf 67' lang='lat' dir='ltr'>Appiam.</span> <span class='ocrx_word' id='word_1_861' title='bbox 351 3293 379 3316; x_wconf 82' lang='lat' dir='ltr'>in</span> <span class='ocrx_word' id='word_1_862' title='bbox 392 3290 480 3316; x_wconf 84' lang='lat' dir='ltr'>Parth.</span> 
     </span>
    </p>
   </div>
   <div class='ocr_carea' id='block_1_21' title="bbox 608 3219 1096 3290">
    <p class='ocr_par' dir='ltr' id='par_1_26' title="bbox 608 3219 1096 3290">
     <span class='ocr_line' id='line_1_87' title="bbox 944 3219 1096 3253; baseline 0.007 -9"><span class='ocrx_word' id='word_1_863' title='bbox 944 3219 1030 3253; x_wconf 86' lang='lat' dir='ltr'>Caput</span> <span class='ocrx_word' id='word_1_864' title='bbox 1049 3220 1096 3246; x_wconf 89' lang='lat' dir='ltr'>ali-</span> 
     </span>
     <span class='ocr_line' id='line_1_88' title="bbox 608 3253 1095 3290; baseline 0.002 -10"><span class='ocrx_word' id='word_1_865' title='bbox 608 3256 645 3280; x_wconf 83' lang='lat' dir='ltr'>De</span> <span class='ocrx_word' id='word_1_866' title='bbox 656 3254 701 3281; x_wconf 66' lang='lat' dir='ltr'>ho.-</span> <span class='ocrx_word' id='word_1_867' title='bbox 713 3253 863 3281; x_wconf 75' lang='lat' dir='ltr'>deuouendi</span> <span class='ocrx_word' id='word_1_868' title='bbox 874 3263 960 3290; x_wconf 81' lang='lat' dir='ltr'>genere</span> <span class='ocrx_word' id='word_1_869' title='bbox 967 3255 1095 3281; x_wconf 84' lang='lat' dir='ltr'>Plutarch.</span> 
     </span>
    </p>
   </div>
   <div class='ocr_carea' id='block_1_22' title="bbox 58 3321 1097 3608">
    <p class='ocr_par' dir='ltr' id='par_1_27' title="bbox 58 3321 1097 3608">
     <span class='ocr_line' id='line_1_89' title="bbox 65 3321 1095 3361; baseline 0.002 -12"><span class='ocrx_word' id='word_1_870' title='bbox 65 3321 221 3359; x_wconf 67' lang='lat' dir='ltr'>Athenienses</span> <span class='ocrx_word' id='word_1_871' title='bbox 228 3325 338 3360; x_wconf 83' lang='lat' dir='ltr'>solebant</span> <span class='ocrx_word' id='word_1_872' title='bbox 345 3325 441 3361; x_wconf 75' lang='lat' dir='ltr'>publica</span> <span class='ocrx_word' id='word_1_873' title='bbox 452 3327 493 3351; x_wconf 82' lang='lat' dir='ltr'>vti</span> <span class='ocrx_word' id='word_1_874' title='bbox 505 3332 593 3352; x_wconf 82' lang='lat' dir='ltr'>contra</span> <span class='ocrx_word' id='word_1_875' title='bbox 606 3334 660 3357; x_wconf 83' lang='lat' dir='ltr'>eos,</span> <span class='ocrx_word' id='word_1_876' title='bbox 676 3325 764 3361; x_wconf 84' lang='lat' dir='ltr'>quibus</span> <span class='ocrx_word' id='word_1_877' title='bbox 776 3334 839 3361; x_wconf 80' lang='lat' dir='ltr'>aqua</span> <span class='ocrx_word' id='word_1_878' title='bbox 852 3324 1012 3351; x_wconf 56' lang='lat' dir='ltr'>interdictum</span> <span class='ocrx_word' id='word_1_879' title='bbox 1026 3324 1095 3359; x_wconf 64' lang='lat' dir='ltr'>efflet:</span> 
     </span>
     <span class='ocr_line' id='line_1_90' title="bbox 58 3356 1096 3397; baseline 0.003 -13"><span class='ocrx_word' id='word_1_880' title='bbox 58 3356 212 3393; x_wconf 63' lang='lat' dir='ltr'>stabantque</span> <span class='ocrx_word' id='word_1_881' title='bbox 230 3360 272 3386; x_wconf 86' lang='lat' dir='ltr'>hae</span> <span class='ocrx_word' id='word_1_882' title='bbox 285 3360 530 3396; x_wconf 66' lang='lat' dir='ltr'>exsecrationes-&#39;pilis</span> <span class='ocrx_word' id='word_1_883' title='bbox 541 3360 647 3396; x_wconf 71' lang='lat' dir='ltr'>lapideis</span> <span class='ocrx_word' id='word_1_884' title='bbox 659 3360 770 3397; x_wconf 82' lang='lat' dir='ltr'>inscribi.</span> <span class='ocrx_word' id='word_1_885' title='bbox 807 3361 897 3395; x_wconf 82' lang='lat' dir='ltr'>Nepos</span> <span class='ocrx_word' id='word_1_886' title='bbox 911 3367 938 3395; x_wconf 84' lang='lat'>7,</span> <span class='ocrx_word' id='word_1_887' title='bbox 951 3369 979 3394; x_wconf 85' lang='lat'>4,</span> <span class='ocrx_word' id='word_1_888' title='bbox 993 3366 1006 3394; x_wconf 73' lang='grc' dir='ltr'><em>ς</em></span> <span class='ocrx_word' id='word_1_889' title='bbox 1026 3361 1096 3387; x_wconf 79' lang='lat' dir='ltr'>Post·</span> 
     </span>
     <span class='ocr_line' id='line_1_91' title="bbox 66 3392 1094 3431; baseline 0.007 -14"><span class='ocrx_word' id='word_1_890' title='bbox 66 3400 145 3431; x_wconf 74' lang='lat' dir='ltr'>quarn</span> <span class='ocrx_word' id='word_1_891' title='bbox 161 3392 185 3417; x_wconf 84' lang='lat' dir='ltr'>se</span> <span class='ocrx_word' id='word_1_892' title='bbox 197 3395 283 3427; x_wconf 81' lang='lat' dir='ltr'>capitis</span> <span class='ocrx_word' id='word_1_893' title='bbox 296 3396 445 3422; x_wconf 85' lang='lat' dir='ltr'>damnatum</span> <span class='ocrx_word' id='word_1_894' title='bbox 456 3396 575 3428; x_wconf 84' lang='lat' dir='ltr'>audiuit,</span> <span class='ocrx_word' id='word_1_895' title='bbox 590 3402 616 3422; x_wconf 88' lang='lat' dir='ltr'>ct</span> <span class='ocrx_word' id='word_1_896' title='bbox 629 3396 797 3430; x_wconf 70' lang='lat' dir='ltr'>Eumolpidas</span> <span class='ocrx_word' id='word_1_897' title='bbox 810 3396 954 3422; x_wconf 83' lang='lat' dir='ltr'>sacerdotes</span> <span class='ocrx_word' id='word_1_898' title='bbox 967 3405 980 3422; x_wconf 95' lang='lat' dir='ltr'>a</span> <span class='ocrx_word' id='word_1_899' title='bbox 994 3397 1094 3431; x_wconf 89' lang='lat' dir='ltr'>populo</span> 
     </span>
     <span class='ocr_line' id='line_1_92' title="bbox 66 3427 1094 3468; baseline 0.006 -16"><span class='ocrx_word' id='word_1_900' title='bbox 66 3427 187 3467; x_wconf 60' lang='lat' dir='ltr'>coactos2</span> <span class='ocrx_word' id='word_1_901' title='bbox 204 3433 232 3453; x_wconf 80' lang='lat' dir='ltr'>vt</span> <span class='ocrx_word' id='word_1_902' title='bbox 242 3429 449 3468; x_wconf 36' lang='lat' dir='ltr'>seldeuoioercnt,</span> <span class='ocrx_word' id='word_1_903' title='bbox 469 3431 579 3466; x_wconf 81' lang='lat' dir='ltr'>eiusque</span> <span class='ocrx_word' id='word_1_904' title='bbox 594 3431 742 3466; x_wconf 80' lang='lat' dir='ltr'>exemplum</span> <span class='ocrx_word' id='word_1_905' title='bbox 760 3432 788 3457; x_wconf 90' lang='lat' dir='ltr'>in</span> <span class='ocrx_word' id='word_1_906' title='bbox 800 3432 854 3466; x_wconf 86' lang='lat' dir='ltr'>pila</span> <span class='ocrx_word' id='word_1_907' title='bbox 868 3432 969 3466; x_wconf 86' lang='lat' dir='ltr'>lapidea</span> <span class='ocrx_word' id='word_1_908' title='bbox 982 3432 1094 3459; x_wconf 87' lang='lat' dir='ltr'>incisum</span> 
     </span>
     <span class='ocr_line' id='line_1_93' title="bbox 65 3463 864 3501; baseline 0.005 -12"><span class='ocrx_word' id='word_1_909' title='bbox 65 3463 114 3489; x_wconf 79' lang='lat' dir='ltr'>effe</span> <span class='ocrx_word' id='word_1_910' title='bbox 135 3465 247 3501; x_wconf 75' lang='lat' dir='ltr'>politum</span> <span class='ocrx_word' id='word_1_911' title='bbox 264 3472 292 3490; x_wconf 86' lang='lat' dir='ltr'>m</span> <span class='ocrx_word' id='word_1_912' title='bbox 308 3466 430 3500; x_wconf 79' lang='lat' dir='ltr'>publico,</span> <span class='ocrx_word' id='word_1_913' title='bbox 454 3467 677 3494; x_wconf 83' lang='lat' dir='ltr'>Lacedaemonem</span> <span class='ocrx_word' id='word_1_914' title='bbox 696 3467 864 3501; x_wconf 80' lang='lat' dir='ltr'>demigrauit.</span> 
     </span>
     <span class='ocr_line' id='line_1_94' title="bbox 67 3497 1095 3538; baseline 0.004 -13"><span class='ocrx_word' id='word_1_915' title='bbox 67 3498 147 3538; x_wconf 84' lang='lat' dir='ltr'>Ouid.</span> <span class='ocrx_word' id='word_1_916' title='bbox 161 3497 239 3532; x_wconf 78' lang='lat' dir='ltr'>Ep1st.</span> <span class='ocrx_word' id='word_1_917' title='bbox 253 3499 279 3529; x_wconf 88' lang='lat'>6,</span> <span class='ocrx_word' id='word_1_918' title='bbox 297 3507 324 3531; x_wconf 84' lang='lat'>91</span> <span class='ocrx_word' id='word_1_919' title='bbox 349 3502 471 3529; x_wconf 88' lang='lat' dir='ltr'>Dcnouet</span> <span class='ocrx_word' id='word_1_920' title='bbox 490 3503 608 3529; x_wconf 78' lang='lat' dir='ltr'>absentes</span> <span class='ocrx_word' id='word_1_921' title='bbox 629 3502 816 3537; x_wconf 80' lang='lat' dir='ltr'>fimulacraque</span> <span class='ocrx_word' id='word_1_922' title='bbox 834 3511 909 3529; x_wconf 83' lang='lat' dir='ltr'>cerea</span> <span class='ocrx_word' id='word_1_923' title='bbox 927 3502 993 3537; x_wconf 87' lang='lat' dir='ltr'>figit.</span> <span class='ocrx_word' id='word_1_924' title='bbox 1037 3504 1095 3530; x_wconf 85' lang='lat' dir='ltr'>Vid.</span> 
     </span>
     <span class='ocr_line' id='line_1_95' title="bbox 66 3533 1096 3574; baseline 0.002 -11"><span class='ocrx_word' id='word_1_925' title='bbox 66 3533 174 3560; x_wconf 71' lang='lat' dir='ltr'>le&#39;dfl·</span> <span class='ocrx_word' id='word_1_926' title='bbox 189 3542 209 3566; x_wconf 87' lang='lat'>1,</span> <span class='ocrx_word' id='word_1_927' title='bbox 221 3541 246 3566; x_wconf 76' lang='lat'>97</span> <span class='ocrx_word' id='word_1_928' title='bbox 261 3537 294 3562; x_wconf 80' lang='lat'>18·</span> <span class='ocrx_word' id='word_1_929' title='bbox 328 3535 456 3570; x_wconf 72' lang='lat' dir='ltr'>speciatim</span> <span class='ocrx_word' id='word_1_930' title='bbox 469 3541 496 3564; x_wconf 84' lang='lat' dir='ltr'>in</span> <span class='ocrx_word' id='word_1_931' title='bbox 510 3547 536 3564; x_wconf 80' lang='lat' dir='ltr'>re</span> <span class='ocrx_word' id='word_1_932' title='bbox 555 3540 661 3565; x_wconf 74' lang='lat' dir='ltr'>Venerea</span> <span class='ocrx_word' id='word_1_933' title='bbox 675 3536 707 3572; x_wconf 82' lang='lat' dir='ltr'>est</span> <span class='ocrx_word' id='word_1_934' title='bbox 714 3538 818 3574; x_wconf 80' lang='lat' dir='ltr'>frigore</span> <span class='ocrx_word' id='word_1_935' title='bbox 831 3540 934 3574; x_wconf 75' lang='lat' dir='ltr'>aliquem</span> <span class='ocrx_word' id='word_1_936' title='bbox 943 3539 1027 3574; x_wconf 77' lang='lat' dir='ltr'>ferire</span> <span class='ocrx_word' id='word_1_937' title='bbox 1045 3542 1096 3565; x_wconf 81' lang='lat' dir='ltr'>cius</span> 
     </span>
     <span class='ocr_line' id='line_1_96' title="bbox 61 3567 1097 3608; baseline 0.005 -12"><span class='ocrx_word' id='word_1_938' title='bbox 61 3572 148 3605; x_wconf 74' lang='lat' dir='ltr'>partis</span> <span class='ocrx_word' id='word_1_939' title='bbox 159 3578 207 3604; x_wconf 83' lang='lat' dir='ltr'>qua</span> <span class='ocrx_word' id='word_1_940' title='bbox 219 3570 277 3595; x_wconf 87' lang='lat' dir='ltr'>Viri</span> <span class='ocrx_word' id='word_1_941' title='bbox 284 3567 375 3603; x_wconf 67' lang='lat' dir='ltr'><em>fimffl‘·</em></span> <span class='ocrx_word' id='word_1_942' title='bbox 412 3573 492 3599; x_wconf 89' lang='lat' dir='ltr'>Ouid.</span> <span class='ocrx_word' id='word_1_943' title='bbox 502 3574 560 3600; x_wconf 89' lang='lat' dir='ltr'>Am.</span> <span class='ocrx_word' id='word_1_944' title='bbox 573 3581 627 3608; x_wconf 84' lang='grc'>3,7,</span> <span class='ocrx_word' id='word_1_945' title='bbox 640 3579 671 3604; x_wconf 88' lang='lat'>80</span> <span class='ocrx_word' id='word_1_946' title='bbox 689 3574 742 3600; x_wconf 89' lang='lat' dir='ltr'>Aut</span> <span class='ocrx_word' id='word_1_947' title='bbox 753 3581 779 3600; x_wconf 80' lang='lat' dir='ltr'>te</span> <span class='ocrx_word' id='word_1_948' title='bbox 792 3574 909 3600; x_wconf 69' lang='lat' dir='ltr'>traiectis</span> <span class='ocrx_word' id='word_1_949' title='bbox 922 3574 1006 3601; x_wconf 85' lang='lat' dir='ltr'>Aeaea</span> <span class='ocrx_word' id='word_1_950' title='bbox 1018 3583 1097 3601; x_wconf 86' lang='lat' dir='ltr'>vene-</span> 
     </span>
    </p>
   </div>
   <div class='ocr_carea' id='block_1_23' title="bbox 65 3604 1096 3675">
    <p class='ocr_par' dir='ltr' id='par_1_28' title="bbox 65 3604 1096 3675">
     <span class='ocr_line' id='line_1_97' title="bbox 67 3604 1096 3642; baseline 0.005 -11"><span class='ocrx_word' id='word_1_951' title='bbox 67 3604 116 3631; x_wconf 85' lang='lat' dir='ltr'>fica</span> <span class='ocrx_word' id='word_1_952' title='bbox 127 3604 193 3631; x_wconf 86' lang='lat' dir='ltr'>lanis</span> <span class='ocrx_word' id='word_1_953' title='bbox 223 3604 359 3636; x_wconf 72' lang='lat' dir='ltr'>Deuotlet,</span> <span class='ocrx_word' id='word_1_954' title='bbox 374 3612 416 3633; x_wconf 76' lang='lat' dir='ltr'>aut</span> <span class='ocrx_word' id='word_1_955' title='bbox 428 3608 482 3634; x_wconf 85' lang='lat' dir='ltr'>alio</span> <span class='ocrx_word' id='word_1_956' title='bbox 494 3609 567 3635; x_wconf 72' lang='lat' dir='ltr'>lassus</span> <span class='ocrx_word' id='word_1_957' title='bbox 583 3618 672 3636; x_wconf 81' lang='lat' dir='ltr'>amore</span> <span class='ocrx_word' id='word_1_958' title='bbox 685 3610 768 3637; x_wconf 88' lang='lat' dir='ltr'>venis.</span> <span class='ocrx_word' id='word_1_959' title='bbox 804 3611 842 3636; x_wconf 85' lang='lat' dir='ltr'>De</span> <span class='ocrx_word' id='word_1_960' title='bbox 855 3610 903 3636; x_wconf 82' lang='lat' dir='ltr'>tali</span> <span class='ocrx_word' id='word_1_961' title='bbox 915 3619 941 3636; x_wconf 88' lang='lat' dir='ltr'>re</span> <span class='ocrx_word' id='word_1_962' title='bbox 953 3611 1096 3642; x_wconf 81' lang='lat' dir='ltr'>Polyaenus</span> 
     </span>
     <span class='ocr_line' id='line_1_98' title="bbox 65 3640 677 3675; baseline 0.007 -9"><span class='ocrx_word' id='word_1_963' title='bbox 65 3640 133 3675; x_wconf 77' lang='lat' dir='ltr'>apud</span> <span class='ocrx_word' id='word_1_964' title='bbox 144 3641 247 3666; x_wconf 86' lang='lat' dir='ltr'>Petron.</span> <span class='ocrx_word' id='word_1_965' title='bbox 262 3644 303 3669; x_wconf 85' lang='lat'>¹28</span> <span class='ocrx_word' id='word_1_966' title='bbox 322 3640 454 3669; x_wconf 85' lang='lat' dir='ltr'>Veneficio</span> <span class='ocrx_word' id='word_1_967' title='bbox 463 3644 597 3671; x_wconf 59' lang='lat' dir='ltr'>contaetus</span> <span class='ocrx_word' id='word_1_968' title='bbox 611 3645 677 3671; x_wconf 87' lang='lat' dir='ltr'>sum.</span> 
     </span>
    </p>
   </div>
   <div class='ocr_carea' id='block_1_24' title="bbox 62 3674 1096 3786">
    <p class='ocr_par' dir='ltr' id='par_1_29' title="bbox 62 3674 1096 3786">
     <span class='ocr_line' id='line_1_99' title="bbox 67 3674 923 3707; baseline 0.004 -4"><span class='ocrx_word' id='word_1_969' title='bbox 67 3675 221 3703; x_wconf 83' lang='lat' dir='ltr'>descendens</span> <span class='ocrx_word' id='word_1_970' title='bbox 234 3674 359 3701; x_wconf 84' lang='lat' dir='ltr'>deuotum</span> <span class='ocrx_word' id='word_1_971' title='bbox 373 3675 470 3703; x_wconf 81' lang='lat' dir='ltr'>femina</span> <span class='ocrx_word' id='word_1_972' title='bbox 482 3678 557 3706; x_wconf 77' lang='lat' dir='ltr'>dixit.</span> <span class='ocrx_word' id='word_1_973' title='bbox 597 3680 655 3707; x_wconf 88' lang='lat' dir='ltr'>Vid.</span> <span class='ocrx_word' id='word_1_974' title='bbox 670 3687 688 3706; x_wconf 89' lang='lat' dir='ltr'><em>D</em></span> <span class='ocrx_word' id='word_1_975' title='bbox 696 3687 713 3707; x_wconf 81' lang='lat' dir='ltr'>E</span> <span class='ocrx_word' id='word_1_976' title='bbox 722 3688 742 3706; x_wconf 88' lang='grc' dir='ltr'><strong><em>ν</em></strong></span> <span class='ocrx_word' id='word_1_977' title='bbox 752 3687 770 3707; x_wconf 94' lang='lat' dir='ltr'>o</span> <span class='ocrx_word' id='word_1_978' title='bbox 779 3686 800 3705; x_wconf 84' lang='grc' dir='ltr'><strong><em>Τ</em></strong></span> <span class='ocrx_word' id='word_1_979' title='bbox 808 3687 830 3707; x_wconf 85' lang='grc' dir='ltr'>Α</span> <span class='ocrx_word' id='word_1_980' title='bbox 840 3688 861 3707; x_wconf 82' lang='grc' dir='ltr'><strong>Τ</strong></span> <span class='ocrx_word' id='word_1_981' title='bbox 870 3687 891 3706; x_wconf 85' lang='grc' dir='ltr'><strong><em>ν</em></strong></span> <span class='ocrx_word' id='word_1_982' title='bbox 901 3687 923 3706; x_wconf 87' lang='lat' dir='ltr'>s.</span> 
     </span>
     <span class='ocr_line' id='line_1_100' title="bbox 103 3712 1096 3751; baseline 0.006 -15"><span class='ocrx_word' id='word_1_983' title='bbox 103 3712 204 3738; x_wconf 69' lang='lat' dir='ltr'>DEvc‘t</span> <span class='ocrx_word' id='word_1_984' title='bbox 212 3716 233 3736; x_wconf 87' lang='lat' dir='ltr'>&#39;r</span> <span class='ocrx_word' id='word_1_985' title='bbox 243 3716 264 3750; x_wconf 75' lang='lat' dir='ltr'>y</span> <span class='ocrx_word' id='word_1_986' title='bbox 275 3717 305 3749; x_wconf 71' lang='lat'>⁸?</span> <span class='ocrx_word' id='word_1_987' title='bbox 327 3719 340 3735; x_wconf 87' lang='lat' dir='ltr'>a</span> <span class='ocrx_word' id='word_1_988' title='bbox 349 3730 356 3742; x_wconf 92' lang='lat'>‚</span> <span class='ocrx_word' id='word_1_989' title='bbox 381 3719 435 3750; x_wconf 77' lang='lat' dir='ltr'>nm.</span> <span class='ocrx_word' id='word_1_990' title='bbox 467 3713 558 3741; x_wconf 84' lang='lat' dir='ltr'>Partic.</span> <span class='ocrx_word' id='word_1_991' title='bbox 582 3715 762 3751; x_wconf 65' lang='grc' dir='ltr'>,[κοιτοίρατος,</span> <span class='ocrx_word' id='word_1_992' title='bbox 781 3715 881 3748; x_wconf 69' lang='grc' dir='ltr'>ἐναγής]</span> <span class='ocrx_word' id='word_1_993' title='bbox 923 3716 973 3747; x_wconf 81' lang='lat' dir='ltr'>Vt,</span> <span class='ocrx_word' id='word_1_994' title='bbox 993 3716 1096 3743; x_wconf 85' lang='lat' dir='ltr'>Deuota</span> 
     </span>
     <span class='ocr_line' id='line_1_101' title="bbox 62 3745 1095 3786; baseline 0.005 -13"><span class='ocrx_word' id='word_1_995' title='bbox 62 3747 143 3773; x_wconf 72' lang='lat' dir='ltr'>sacris</span> <span class='ocrx_word' id='word_1_996' title='bbox 156 3746 204 3772; x_wconf 81' lang='lat' dir='ltr'>fica</span> <span class='ocrx_word' id='word_1_997' title='bbox 222 3746 277 3772; x_wconf 72' lang='lat' dir='ltr'>Cic.</span> <span class='ocrx_word' id='word_1_998' title='bbox 291 3755 318 3771; x_wconf 88' lang='lat' dir='ltr'>m</span> <span class='ocrx_word' id='word_1_999' title='bbox 330 3745 408 3771; x_wconf 81' lang='lat' dir='ltr'>Cani.</span> <span class='ocrx_word' id='word_1_1000' title='bbox 421 3754 440 3777; x_wconf 88' lang='lat'>1,</span> <span class='ocrx_word' id='word_1_1001' title='bbox 454 3749 491 3773; x_wconf 86' lang='lat'>¹6·</span> <span class='ocrx_word' id='word_1_1002' title='bbox 565 3750 649 3785; x_wconf 85' lang='lat' dir='ltr'>Caput</span> <span class='ocrx_word' id='word_1_1003' title='bbox 659 3751 787 3778; x_wconf 81' lang='lat' dir='ltr'>deuotum</span> <span class='ocrx_word' id='word_1_1004' title='bbox 802 3752 864 3777; x_wconf 83' lang='lat' dir='ltr'>Stat.</span> <span class='ocrx_word' id='word_1_1005' title='bbox 876 3750 969 3777; x_wconf 89' lang='lat' dir='ltr'>Theb.</span> <span class='ocrx_word' id='word_1_1006' title='bbox 986 3760 1023 3783; x_wconf 90' lang='lat'>10,</span> <span class='ocrx_word' id='word_1_1007' title='bbox 1039 3756 1095 3786; x_wconf 85' lang='lat'>788.</span> 
     </span>
    </p>
   </div>
   <div class='ocr_carea' id='block_1_25' title="bbox 65 3781 1096 3851">
    <p class='ocr_par' dir='ltr' id='par_1_30' title="bbox 65 3781 1096 3851">
     <span class='ocr_line' id='line_1_102' title="bbox 65 3781 1096 3821; baseline -0.002 -12"><span class='ocrx_word' id='word_1_1008' title='bbox 65 3782 183 3809; x_wconf 82' lang='lat' dir='ltr'>Periuria</span> <span class='ocrx_word' id='word_1_1009' title='bbox 196 3781 290 3808; x_wconf 89' lang='lat' dir='ltr'>Catull.</span> <span class='ocrx_word' id='word_1_1010' title='bbox 306 3781 334 3807; x_wconf 88' lang='lat' dir='ltr'>in</span> <span class='ocrx_word' id='word_1_1011' title='bbox 347 3781 428 3815; x_wconf 90' lang='lat' dir='ltr'>Nupt.</span> <span class='ocrx_word' id='word_1_1012' title='bbox 443 3781 499 3807; x_wconf 62' lang='lat' dir='ltr'>Peli</span> <span class='ocrx_word' id='word_1_1013' title='bbox 506 3788 532 3808; x_wconf 86' lang='lat' dir='ltr'>et</span> <span class='ocrx_word' id='word_1_1014' title='bbox 543 3784 625 3812; x_wconf 85' lang='lat' dir='ltr'>Thet.</span> <span class='ocrx_word' id='word_1_1015' title='bbox 641 3795 679 3818; x_wconf 75' lang='lat'>135</span> <span class='ocrx_word' id='word_1_1016' title='bbox 701 3787 840 3821; x_wconf 83' lang='lat' dir='ltr'>Praecipue</span> <span class='ocrx_word' id='word_1_1017' title='bbox 854 3786 950 3812; x_wconf 81' lang='lat' dir='ltr'>infelix</span> <span class='ocrx_word' id='word_1_1018' title='bbox 967 3786 1031 3821; x_wconf 83' lang='lat' dir='ltr'>pesti</span> <span class='ocrx_word' id='word_1_1019' title='bbox 1052 3787 1096 3813; x_wconf 72' lang='lat' dir='ltr'>de-</span> 
     </span>
     <span class='ocr_line' id='line_1_103' title="bbox 65 3817 538 3851; baseline -0.004 -7"><span class='ocrx_word' id='word_1_1020' title='bbox 65 3823 128 3844; x_wconf 85' lang='lat' dir='ltr'>vota</span> <span class='ocrx_word' id='word_1_1021' title='bbox 141 3817 246 3843; x_wconf 83' lang='lat' dir='ltr'>futurae</span> <span class='ocrx_word' id='word_1_1022' title='bbox 260 3817 358 3851; x_wconf 86' lang='lat' dir='ltr'>Virgil.</span> <span class='ocrx_word' id='word_1_1023' title='bbox 374 3817 437 3842; x_wconf 82' lang='lat' dir='ltr'>Aen.</span> <span class='ocrx_word' id='word_1_1024' title='bbox 451 3824 471 3848; x_wconf 87' lang='lat'>1,</span> <span class='ocrx_word' id='word_1_1025' title='bbox 485 3819 538 3850; x_wconf 75' lang='lat'>71¹2.</span> 
     </span>
    </p>
   </div>
   <div class='ocr_carea' id='block_1_26' title="bbox 65 3852 1098 3956">
    <p class='ocr_par' dir='ltr' id='par_1_31' title="bbox 65 3852 1098 3956">
     <span class='ocr_line' id='line_1_104' title="bbox 65 3852 1096 3891; baseline 0.006 -13"><span class='ocrx_word' id='word_1_1026' title='bbox 65 3852 204 3879; x_wconf 81' lang='lat' dir='ltr'>laudatione</span> <span class='ocrx_word' id='word_1_1027' title='bbox 215 3853 331 3878; x_wconf 80' lang='lat' dir='ltr'>Marcelli</span> <span class='ocrx_word' id='word_1_1028' title='bbox 339 3872 346 3884; x_wconf 92' lang='lat'><em>‚</em></span> <span class='ocrx_word' id='word_1_1029' title='bbox 365 3852 443 3878; x_wconf 87' lang='lat' dir='ltr'>Illum</span> <span class='ocrx_word' id='word_1_1030' title='bbox 458 3852 611 3880; x_wconf 85' lang='lat' dir='ltr'>immaturae</span> <span class='ocrx_word' id='word_1_1031' title='bbox 623 3857 705 3883; x_wconf 79' lang='lat' dir='ltr'>morti</span> <span class='ocrx_word' id='word_1_1032' title='bbox 718 3857 845 3884; x_wconf 85' lang='lat' dir='ltr'>deuotum</span> <span class='ocrx_word' id='word_1_1033' title='bbox 857 3857 941 3884; x_wconf 78' lang='lat' dir='ltr'>fuisse.</span> <span class='ocrx_word' id='word_1_1034' title='bbox 976 3857 1096 3891; x_wconf 67' lang='lat' dir='ltr'>Affertur</span> 
     </span>
     <span class='ocr_line' id='line_1_105' title="bbox 68 3886 1097 3927; baseline 0.007 -14"><span class='ocrx_word' id='word_1_1035' title='bbox 68 3890 138 3913; x_wconf 81' lang='lat' dir='ltr'>etiam</span> <span class='ocrx_word' id='word_1_1036' title='bbox 146 3896 174 3913; x_wconf 77' lang='lat' dir='ltr'>ex</span> <span class='ocrx_word' id='word_1_1037' title='bbox 179 3888 385 3920; x_wconf 85' lang='lat' dir='ltr'>Varrone,Tum</span> <span class='ocrx_word' id='word_1_1038' title='bbox 393 3887 490 3914; x_wconf 86' lang='lat' dir='ltr'>denoto</span> <span class='ocrx_word' id='word_1_1039' title='bbox 498 3886 550 3913; x_wconf 87' lang='lat' dir='ltr'>tibi</span> <span class='ocrx_word' id='word_1_1040' title='bbox 557 3889 644 3916; x_wconf 87' lang='lat' dir='ltr'>animo</span> <span class='ocrx_word' id='word_1_1041' title='bbox 653 3897 736 3919; x_wconf 85' lang='lat' dir='ltr'>vtere.</span> <span class='ocrx_word' id='word_1_1042' title='bbox 772 3894 867 3927; x_wconf 71' lang='lat' dir='ltr'>Accipe</span> <span class='ocrx_word' id='word_1_1043' title='bbox 876 3892 982 3919; x_wconf 82' lang='lat' dir='ltr'>denotas</span> <span class='ocrx_word' id='word_1_1044' title='bbox 990 3899 1097 3921; x_wconf 84' lang='lat' dir='ltr'>externa</span> 
     </span>
     <span class='ocr_line' id='line_1_106' title="bbox 67 3922 1098 3956; baseline 0.007 -8"><span class='ocrx_word' id='word_1_1045' title='bbox 67 3922 96 3948; x_wconf 88' lang='lat' dir='ltr'>in</span> <span class='ocrx_word' id='word_1_1046' title='bbox 104 3923 201 3956; x_wconf 83' lang='lat' dir='ltr'>praelia</span> <span class='ocrx_word' id='word_1_1047' title='bbox 207 3922 308 3949; x_wconf 87' lang='lat' dir='ltr'>dextras</span> <span class='ocrx_word' id='word_1_1048' title='bbox 316 3924 410 3950; x_wconf 84' lang='lat' dir='ltr'>Lucan.</span> <span class='ocrx_word' id='word_1_1049' title='bbox 421 3932 442 3955; x_wconf 89' lang='grc'>3,</span> <span class='ocrx_word' id='word_1_1050' title='bbox 449 3931 496 3955; x_wconf 86' lang='grc' dir='ltr'>3ιι,</span> <span class='ocrx_word' id='word_1_1051' title='bbox 521 3922 607 3949; x_wconf 80' lang='lat' dir='ltr'>Stabat</span> <span class='ocrx_word' id='word_1_1052' title='bbox 615 3924 708 3953; x_wconf 82' lang='lat' dir='ltr'>deuota</span> <span class='ocrx_word' id='word_1_1053' title='bbox 714 3928 838 3954; x_wconf 83' lang='lat' dir='ltr'>iuuentus</span> <span class='ocrx_word' id='word_1_1054' title='bbox 845 3929 973 3955; x_wconf 79' lang='lat' dir='ltr'>Damnata</span> <span class='ocrx_word' id='word_1_1055' title='bbox 980 3929 1032 3955; x_wconf 84' lang='lat' dir='ltr'>iam</span> <span class='ocrx_word' id='word_1_1056' title='bbox 1041 3929 1098 3955; x_wconf 91' lang='lat' dir='ltr'>lnce</span> 
     </span>
    </p>
   </div>
   <div class='ocr_carea' id='block_1_27' title="bbox 65 3957 1096 3998">
    <p class='ocr_par' dir='ltr' id='par_1_32' title="bbox 65 3957 1096 3998">
     <span class='ocr_line' id='line_1_107' title="bbox 65 3957 1096 3998; baseline 0.006 -13"><span class='ocrx_word' id='word_1_1057' title='bbox 65 3958 142 3985; x_wconf 81' lang='lat' dir='ltr'>ferox</span> <span class='ocrx_word' id='word_1_1058' title='bbox 154 3957 190 3984; x_wconf 88' lang='lat' dir='ltr'>Id.</span> <span class='ocrx_word' id='word_1_1059' title='bbox 199 3967 226 3991; x_wconf 88' lang='lat'>4,</span> <span class='ocrx_word' id='word_1_1060' title='bbox 239 3966 288 3990; x_wconf 80' lang='grc'>533.</span> <span class='ocrx_word' id='word_1_1061' title='bbox 328 3958 444 3986; x_wconf 72' lang='lat' dir='ltr'>Vifflma</span> <span class='ocrx_word' id='word_1_1062' title='bbox 457 3959 523 3984; x_wconf 81' lang='lat' dir='ltr'>Hor.</span> <span class='ocrx_word' id='word_1_1063' title='bbox 531 3957 611 3990; x_wconf 83' lang='lat' dir='ltr'>Od.3,</span> <span class='ocrx_word' id='word_1_1064' title='bbox 623 3968 662 3991; x_wconf 79' lang='lat'>23,</span> <span class='ocrx_word' id='word_1_1065' title='bbox 671 3969 708 3988; x_wconf 90' lang='lat'>10.</span> <span class='ocrx_word' id='word_1_1066' title='bbox 748 3963 855 3990; x_wconf 72' lang='lat' dir='ltr'>Pe6iora</span> <span class='ocrx_word' id='word_1_1067' title='bbox 868 3964 949 3990; x_wconf 87' lang='lat' dir='ltr'>morti</span> <span class='ocrx_word' id='word_1_1068' title='bbox 961 3964 999 3990; x_wconf 92' lang='lat' dir='ltr'>Id.</span> <span class='ocrx_word' id='word_1_1069' title='bbox 1008 3964 1059 3991; x_wconf 89' lang='lat' dir='ltr'>Od.</span> <span class='ocrx_word' id='word_1_1070' title='bbox 1068 3973 1096 3998; x_wconf 85' lang='lat'>4,</span> 
     </span>
    </p>
   </div>
   <div class='ocr_carea' id='block_1_28' title="bbox 1108 476 1122 502">
    <p class='ocr_par' dir='ltr' id='par_1_33' title="bbox 1108 476 1122 502">
     <span class='ocr_line' id='line_1_108' title="bbox 1108 476 1122 502; textangle 90"><span class='ocrx_word' id='word_1_1071' title='bbox 1108 476 1122 502; x_wconf 64' lang='grc' dir='ltr'>υἱ</span> 
     </span>
    </p>
   </div>
   <div class='ocr_carea' id='block_1_29' title="bbox 324 1173 1124 1209">
    <p class='ocr_par' dir='ltr' id='par_1_34' title="bbox 324 1173 1124 1209">
     <span class='ocr_line' id='line_1_109' title="bbox 324 1173 1124 1209; baseline 0.003 -9"><span class='ocrx_word' id='word_1_1072' title='bbox 324 1174 364 1200; x_wconf 79' lang='lat' dir='ltr'>Sic</span> <span class='ocrx_word' id='word_1_1073' title='bbox 375 1173 430 1199; x_wconf 85' lang='lat' dir='ltr'>Cic.</span> <span class='ocrx_word' id='word_1_1074' title='bbox 443 1181 492 1208; x_wconf 89' lang='lat' dir='ltr'>pro</span> <span class='ocrx_word' id='word_1_1075' title='bbox 505 1173 593 1201; x_wconf 80' lang='lat' dir='ltr'>Sextio</span> <span class='ocrx_word' id='word_1_1076' title='bbox 606 1182 635 1206; x_wconf 83' lang='lat'>²3</span> <span class='ocrx_word' id='word_1_1077' title='bbox 652 1173 772 1200; x_wconf 88' lang='lat' dir='ltr'>Verbum</span> <span class='ocrx_word' id='word_1_1078' title='bbox 788 1175 872 1208; x_wconf 88' lang='lat' dir='ltr'>ipsum</span> <span class='ocrx_word' id='word_1_1079' title='bbox 889 1174 1013 1201; x_wconf 80' lang='lat' dir='ltr'>omnibns</span> <span class='ocrx_word' id='word_1_1080' title='bbox 1027 1184 1083 1201; x_wconf 89' lang='lat' dir='ltr'>mo·</span> <span class='ocrx_word' id='word_1_1081' title='bbox 1095 1183 1124 1209; x_wconf 78' lang='lat'>25</span> 
     </span>
    </p>
   </div>
   <div class='ocr_carea' id='block_1_30' title="bbox 323 1527 1126 1556">
    <p class='ocr_par' dir='ltr' id='par_1_35' title="bbox 323 1527 1126 1556">
     <span class='ocr_line' id='line_1_110' title="bbox 323 1527 1126 1556; baseline 0 -3"><span class='ocrx_word' id='word_1_1082' title='bbox 323 1527 515 1554; x_wconf 84' lang='lat' dir='ltr'>Patrimonium</span> <span class='ocrx_word' id='word_1_1083' title='bbox 527 1529 660 1554; x_wconf 86' lang='lat' dir='ltr'>comesum</span> <span class='ocrx_word' id='word_1_1084' title='bbox 673 1534 699 1555; x_wconf 86' lang='lat' dir='ltr'>et</span> <span class='ocrx_word' id='word_1_1085' title='bbox 711 1528 868 1555; x_wconf 87' lang='lat' dir='ltr'>deuoratum</span> <span class='ocrx_word' id='word_1_1086' title='bbox 881 1529 936 1555; x_wconf 86' lang='lat' dir='ltr'>Cic.</span> <span class='ocrx_word' id='word_1_1087' title='bbox 950 1529 979 1555; x_wconf 88' lang='lat' dir='ltr'>in</span> <span class='ocrx_word' id='word_1_1088' title='bbox 986 1529 1087 1556; x_wconf 85' lang='lat' dir='ltr'>Sallust.</span> <span class='ocrx_word' id='word_1_1089' title='bbox 1115 1545 1126 1553; x_wconf 86' lang='grc'>,-</span> 
     </span>
    </p>
   </div>
   <div class='ocr_carea' id='block_1_31' title="bbox 254 1874 1136 1915">
    <p class='ocr_par' dir='ltr' id='par_1_36' title="bbox 254 1874 1136 1915">
     <span class='ocr_line' id='line_1_111' title="bbox 254 1874 1136 1915; baseline 0 -14"><span class='ocrx_word' id='word_1_1090' title='bbox 254 1875 398 1901; x_wconf 85' lang='lat' dir='ltr'>Orificium</span> <span class='ocrx_word' id='word_1_1091' title='bbox 410 1874 504 1909; x_wconf 84' lang='lat' dir='ltr'>recipit</span> <span class='ocrx_word' id='word_1_1092' title='bbox 520 1874 646 1901; x_wconf 78' lang='lat' dir='ltr'>denotata</span> <span class='ocrx_word' id='word_1_1093' title='bbox 657 1879 683 1900; x_wconf 70' lang='lat' dir='ltr'>et</span> <span class='ocrx_word' id='word_1_1094' title='bbox 696 1874 725 1900; x_wconf 87' lang='lat' dir='ltr'>in</span> <span class='ocrx_word' id='word_1_1095' title='bbox 741 1874 837 1900; x_wconf 84' lang='lat' dir='ltr'>follem</span> <span class='ocrx_word' id='word_1_1096' title='bbox 850 1876 949 1902; x_wconf 86' lang='lat' dir='ltr'>ventris</span> <span class='ocrx_word' id='word_1_1097' title='bbox 962 1875 1091 1902; x_wconf 85' lang='lat' dir='ltr'>recondit.</span> <span class='ocrx_word' id='word_1_1098' title='bbox 1102 1888 1136 1915; x_wconf 65' lang='grc'>4)-</span> 
     </span>
    </p>
   </div>
   <div class='ocr_carea' id='block_1_32' title="bbox 521 2583 1136 2625">
    <p class='ocr_par' dir='ltr' id='par_1_37' title="bbox 521 2583 1136 2625">
     <span class='ocr_line' id='line_1_112' title="bbox 521 2583 1136 2625; baseline 0.002 -15"><span class='ocrx_word' id='word_1_1099' title='bbox 521 2583 678 2611; x_wconf 82' lang='lat' dir='ltr'>Denouetidi</span> <span class='ocrx_word' id='word_1_1100' title='bbox 691 2584 810 2618; x_wconf 87' lang='lat' dir='ltr'>seipsum,</span> <span class='ocrx_word' id='word_1_1101' title='bbox 829 2591 871 2611; x_wconf 83' lang='lat' dir='ltr'>aut</span> <span class='ocrx_word' id='word_1_1102' title='bbox 885 2584 1000 2611; x_wconf 83' lang='lat' dir='ltr'>hostium</span> <span class='ocrx_word' id='word_1_1103' title='bbox 1013 2584 1091 2611; x_wconf 82' lang='lat' dir='ltr'>Vrbes</span> <span class='ocrx_word' id='word_1_1104' title='bbox 1104 2594 1136 2625; x_wconf 75' lang='lat'>63</span> 
     </span>
    </p>
   </div>
   <div class='ocr_carea' id='block_1_33' title="bbox 311 3107 1136 3148">
    <p class='ocr_par' dir='ltr' id='par_1_38' title="bbox 311 3107 1136 3148">
     <span class='ocr_line' id='line_1_113' title="bbox 311 3107 1136 3148; baseline 0 -10"><span class='ocrx_word' id='word_1_1105' title='bbox 311 3107 356 3138; x_wconf 58' lang='lat' dir='ltr'>&#39;De</span> <span class='ocrx_word' id='word_1_1106' title='bbox 373 3111 534 3147; x_wconf 35' lang='lat' dir='ltr'>gladiorum.</span> <span class='ocrx_word' id='word_1_1107' title='bbox 545 3111 687 3138; x_wconf 87' lang='lat' dir='ltr'>deuotione</span> <span class='ocrx_word' id='word_1_1108' title='bbox 705 3112 792 3147; x_wconf 79' lang='lat' dir='ltr'>Cuper.</span> <span class='ocrx_word' id='word_1_1109' title='bbox 811 3111 846 3138; x_wconf 81' lang='lat' dir='ltr'>ad</span> <span class='ocrx_word' id='word_1_1110' title='bbox 858 3113 962 3138; x_wconf 79' lang='lat' dir='ltr'>Petron.</span> <span class='ocrx_word' id='word_1_1111' title='bbox 982 3121 1002 3138; x_wconf 87' lang='lat' dir='ltr'>c.</span> <span class='ocrx_word' id='word_1_1112' title='bbox 1019 3117 1048 3142; x_wconf 79' lang='lat'>82</span> <span class='ocrx_word' id='word_1_1113' title='bbox 1070 3122 1093 3147; x_wconf 89' lang='lat' dir='ltr'>p.</span> <span class='ocrx_word' id='word_1_1114' title='bbox 1104 3123 1136 3148; x_wconf 82' lang='lat'>80</span> 
     </span>
    </p>
   </div>
   <div class='ocr_carea' id='block_1_34' title="bbox 525 3289 1133 3327">
    <p class='ocr_par' dir='ltr' id='par_1_39' title="bbox 525 3289 1133 3327">
     <span class='ocr_line' id='line_1_114' title="bbox 525 3289 1133 3327; baseline 0.002 -12"><span class='ocrx_word' id='word_1_1115' title='bbox 525 3290 583 3316; x_wconf 64' lang='lat' dir='ltr'>istd.</span> <span class='ocrx_word' id='word_1_1116' title='bbox 602 3296 620 3315; x_wconf 89' lang='lat' dir='ltr'>D</span> <span class='ocrx_word' id='word_1_1117' title='bbox 630 3297 639 3315; x_wconf 87' lang='lat'>1</span> <span class='ocrx_word' id='word_1_1118' title='bbox 647 3296 667 3315; x_wconf 83' lang='lat' dir='ltr'>R</span> <span class='ocrx_word' id='word_1_1119' title='bbox 676 3296 697 3316; x_wconf 88' lang='lat' dir='ltr'>A</span> <span class='ocrx_word' id='word_1_1120' title='bbox 705 3296 731 3315; x_wconf 88' lang='lat' dir='ltr'>E.</span> <span class='ocrx_word' id='word_1_1121' title='bbox 767 3289 943 3316; x_wconf 80' lang='lat' dir='ltr'>Deuotionibus</span> <span class='ocrx_word' id='word_1_1122' title='bbox 956 3290 1096 3317; x_wconf 83' lang='lat' dir='ltr'>huiusmodi</span> <span class='ocrx_word' id='word_1_1123' title='bbox 1106 3298 1133 3327; x_wconf 75' lang='lat'>83</span> 
     </span>
    </p>
   </div>
   <div class='ocr_carea' id='block_1_35' title="bbox 1150 240 2188 998">
    <p class='ocr_par' dir='ltr' id='par_1_40' title="bbox 1150 240 2188 998">
     <span class='ocr_line' id='line_1_115' title="bbox 1516 240 2185 295; baseline 0.003 -15"><span class='ocrx_word' id='word_1_1124' title='bbox 1516 240 1553 280; x_wconf 95' lang='lat' dir='ltr'>D</span> <span class='ocrx_word' id='word_1_1125' title='bbox 1643 240 1676 279; x_wconf 83' lang='lat' dir='ltr'>E</span> <span class='ocrx_word' id='word_1_1126' title='bbox 1770 240 1800 278; x_wconf 75' lang='lat' dir='ltr'>V</span> <span class='ocrx_word' id='word_1_1127' title='bbox 2120 259 2185 295; x_wconf 76' lang='lat'>134</span> 
     </span>
     <span class='ocr_line' id='line_1_116' title="bbox 1153 328 2184 362; baseline 0.005 -7"><span class='ocrx_word' id='word_1_1128' title='bbox 1153 328 1312 356; x_wconf 62' lang='lat' dir='ltr'>adsacrum:</span> <span class='ocrx_word' id='word_1_1129' title='bbox 1332 329 1403 355; x_wconf 84' lang='lat' dir='ltr'>Caes.</span> <span class='ocrx_word' id='word_1_1130' title='bbox 1420 329 1446 356; x_wconf 85' lang='lat' dir='ltr'>B.</span> <span class='ocrx_word' id='word_1_1131' title='bbox 1461 329 1492 355; x_wconf 85' lang='lat' dir='ltr'>G.</span> <span class='ocrx_word' id='word_1_1132' title='bbox 1508 337 1530 361; x_wconf 84' lang='grc'>3,</span> <span class='ocrx_word' id='word_1_1133' title='bbox 1545 337 1578 356; x_wconf 80' lang='lat'>22</span> <span class='ocrx_word' id='word_1_1134' title='bbox 1603 328 1689 362; x_wconf 80' lang='lat' dir='ltr'>Atque</span> <span class='ocrx_word' id='word_1_1135' title='bbox 1710 328 1737 354; x_wconf 86' lang='lat' dir='ltr'>in</span> <span class='ocrx_word' id='word_1_1136' title='bbox 1753 336 1782 353; x_wconf 79' lang='lat' dir='ltr'>ca</span> <span class='ocrx_word' id='word_1_1137' title='bbox 1803 337 1830 353; x_wconf 84' lang='lat' dir='ltr'>rc</span> <span class='ocrx_word' id='word_1_1138' title='bbox 1845 331 1964 356; x_wconf 77' lang='lat' dir='ltr'>omnium</span> <span class='ocrx_word' id='word_1_1139' title='bbox 1984 332 2131 359; x_wconf 75' lang='lat' dir='ltr'>nostrorum</span> <span class='ocrx_word' id='word_1_1140' title='bbox 2147 334 2184 360; x_wconf 87' lang='grc' dir='ltr'>ιιι-</span> 
     </span>
     <span class='ocr_line' id='line_1_117' title="bbox 1152 364 2184 399; baseline 0.002 -9"><span class='ocrx_word' id='word_1_1141' title='bbox 1152 366 1231 390; x_wconf 86' lang='lat' dir='ltr'>tentis</span> <span class='ocrx_word' id='word_1_1142' title='bbox 1246 364 1357 396; x_wconf 85' lang='lat' dir='ltr'>animis,</span> <span class='ocrx_word' id='word_1_1143' title='bbox 1377 364 1427 389; x_wconf 83' lang='lat' dir='ltr'>alia</span> <span class='ocrx_word' id='word_1_1144' title='bbox 1443 372 1473 389; x_wconf 80' lang='lat' dir='ltr'>cx</span> <span class='ocrx_word' id='word_1_1145' title='bbox 1487 370 1559 398; x_wconf 78' lang='lat' dir='ltr'>parte</span> <span class='ocrx_word' id='word_1_1146' title='bbox 1579 364 1670 399; x_wconf 81' lang='lat' dir='ltr'>oppidi</span> <span class='ocrx_word' id='word_1_1147' title='bbox 1688 364 1902 391; x_wconf 77' lang='lat' dir='ltr'>Adcautuannns.</span> <span class='ocrx_word' id='word_1_1148' title='bbox 1921 368 1966 399; x_wconf 82' lang='lat' dir='ltr'>qui</span> <span class='ocrx_word' id='word_1_1149' title='bbox 1988 367 2114 395; x_wconf 62' lang='lat' dir='ltr'>sumum„</span> <span class='ocrx_word' id='word_1_1150' title='bbox 2136 370 2184 396; x_wconf 77' lang='lat' dir='ltr'>im.</span> 
     </span>
     <span class='ocr_line' id='line_1_118' title="bbox 1152 399 2182 439; baseline 0.006 -15"><span class='ocrx_word' id='word_1_1151' title='bbox 1152 400 1220 433; x_wconf 83' lang='lat' dir='ltr'>perii</span> <span class='ocrx_word' id='word_1_1152' title='bbox 1239 399 1358 431; x_wconf 86' lang='lat' dir='ltr'>tenebat,</span> <span class='ocrx_word' id='word_1_1153' title='bbox 1383 408 1441 424; x_wconf 84' lang='lat' dir='ltr'>cum</span> <span class='ocrx_word' id='word_1_1154' title='bbox 1463 400 1586 426; x_wconf 81' lang='lat' dir='ltr'>sexcentis</span> <span class='ocrx_word' id='word_1_1155' title='bbox 1604 400 1721 428; x_wconf 79' lang='lat' dir='ltr'>deuotis,</span> <span class='ocrx_word' id='word_1_1156' title='bbox 1747 408 1812 433; x_wconf 84' lang='lat' dir='ltr'>quos</span> <span class='ocrx_word' id='word_1_1157' title='bbox 1835 399 1873 425; x_wconf 80' lang='lat' dir='ltr'>illi</span> <span class='ocrx_word' id='word_1_1158' title='bbox 1894 401 2028 428; x_wconf 62' lang='lat' dir='ltr'>soldurios</span> <span class='ocrx_word' id='word_1_1159' title='bbox 2046 405 2182 439; x_wconf 73' lang='lat' dir='ltr'>appellant.</span> 
     </span>
     <span class='ocr_line' id='line_1_119' title="bbox 1152 434 2180 468; baseline 0.012 -12"><span class='ocrx_word' id='word_1_1160' title='bbox 1152 436 1273 468; x_wconf 72' lang='lat' dir='ltr'>Qmmm</span> <span class='ocrx_word' id='word_1_1161' title='bbox 1288 435 1350 462; x_wconf 81' lang='lat' dir='ltr'>haec</span> <span class='ocrx_word' id='word_1_1162' title='bbox 1368 434 1404 459; x_wconf 86' lang='lat' dir='ltr'>est</span> <span class='ocrx_word' id='word_1_1163' title='bbox 1423 434 1557 467; x_wconf 85' lang='lat' dir='ltr'>conditio,</span> <span class='ocrx_word' id='word_1_1164' title='bbox 1580 441 1608 461; x_wconf 87' lang='lat' dir='ltr'>vt</span> <span class='ocrx_word' id='word_1_1165' title='bbox 1626 434 1750 461; x_wconf 71' lang='lat' dir='ltr'>omnibu-s</span> <span class='ocrx_word' id='word_1_1166' title='bbox 1771 435 1796 459; x_wconf 86' lang='lat' dir='ltr'>in</span> <span class='ocrx_word' id='word_1_1167' title='bbox 1811 435 1866 461; x_wconf 79' lang='lat' dir='ltr'>vita</span> <span class='ocrx_word' id='word_1_1168' title='bbox 1886 439 2031 464; x_wconf 65' lang='lat' dir='ltr'>commodis</span> <span class='ocrx_word' id='word_1_1169' title='bbox 2054 449 2102 467; x_wconf 85' lang='lat' dir='ltr'>vna</span> <span class='ocrx_word' id='word_1_1170' title='bbox 2122 450 2180 468; x_wconf 85' lang='lat' dir='ltr'>curn</span> 
     </span>
     <span class='ocr_line' id='line_1_120' title="bbox 1150 469 2183 508; baseline 0.007 -12"><span class='ocrx_word' id='word_1_1171' title='bbox 1150 470 1191 496; x_wconf 76' lang='lat' dir='ltr'>his</span> <span class='ocrx_word' id='word_1_1172' title='bbox 1208 471 1343 502; x_wconf 81' lang='lat' dir='ltr'>fruantur,</span> <span class='ocrx_word' id='word_1_1173' title='bbox 1362 478 1474 504; x_wconf 83' lang='lat' dir='ltr'>quorum</span> <span class='ocrx_word' id='word_1_1174' title='bbox 1490 470 1514 495; x_wconf 84' lang='lat' dir='ltr'>sc</span> <span class='ocrx_word' id='word_1_1175' title='bbox 1530 471 1661 496; x_wconf 79' lang='lat' dir='ltr'>amicitiae</span> <span class='ocrx_word' id='word_1_1176' title='bbox 1679 469 1840 500; x_wconf 82' lang='lat' dir='ltr'>dediderint,</span> <span class='ocrx_word' id='word_1_1177' title='bbox 1859 477 1903 496; x_wconf 78' lang='lat' dir='ltr'>etc.</span> <span class='ocrx_word' id='word_1_1178' title='bbox 1940 473 2034 508; x_wconf 79' lang='lat' dir='ltr'>reliqua</span> <span class='ocrx_word' id='word_1_1179' title='bbox 2053 475 2137 502; x_wconf 67' lang='lat' dir='ltr'>damm-</span> <span class='ocrx_word' id='word_1_1180' title='bbox 2156 487 2183 502; x_wconf 77' lang='lat' dir='ltr'><em>w</em></span> 
     </span>
     <span class='ocr_line' id='line_1_121' title="bbox 1151 504 2182 546; baseline 0.008 -17"><span class='ocrx_word' id='word_1_1181' title='bbox 1151 513 1164 532; x_wconf 82' lang='lat' dir='ltr'>s</span> <span class='ocrx_word' id='word_1_1182' title='bbox 1177 512 1195 532; x_wconf 91' lang='lat' dir='ltr'>o</span> <span class='ocrx_word' id='word_1_1183' title='bbox 1207 513 1222 531; x_wconf 86' lang='grc' dir='ltr'>ι,</span> <span class='ocrx_word' id='word_1_1184' title='bbox 1233 512 1250 531; x_wconf 87' lang='grc' dir='ltr'>ι)</span> <span class='ocrx_word' id='word_1_1185' title='bbox 1260 513 1307 532; x_wconf 82' lang='lat' dir='ltr'>VR</span> <span class='ocrx_word' id='word_1_1186' title='bbox 1317 513 1360 532; x_wconf 86' lang='grc' dir='ltr'>ιι.</span> <span class='ocrx_word' id='word_1_1187' title='bbox 1395 505 1500 530; x_wconf 62' lang='lat' dir='ltr'>Dulnur</span> <span class='ocrx_word' id='word_1_1188' title='bbox 1516 516 1522 528; x_wconf 84' lang='lat'><em>:</em></span> <span class='ocrx_word' id='word_1_1189' title='bbox 1549 506 1654 531; x_wconf 81' lang='lat' dir='ltr'>Sueton.</span> <span class='ocrx_word' id='word_1_1190' title='bbox 1668 506 1696 531; x_wconf 90' lang='grc' dir='ltr'>ιιι</span> <span class='ocrx_word' id='word_1_1191' title='bbox 1709 504 1806 531; x_wconf 78' lang='lat' dir='ltr'>Tibe-r.</span> <span class='ocrx_word' id='word_1_1192' title='bbox 1822 515 1842 530; x_wconf 82' lang='lat' dir='ltr'>c.</span> <span class='ocrx_word' id='word_1_1193' title='bbox 1856 507 1890 540; x_wconf 87' lang='lat'>67</span> <span class='ocrx_word' id='word_1_1194' title='bbox 1911 506 1936 532; x_wconf 77' lang='lat' dir='ltr'>Si</span> <span class='ocrx_word' id='word_1_1195' title='bbox 1951 509 2071 541; x_wconf 83' lang='lat' dir='ltr'>quando,</span> <span class='ocrx_word' id='word_1_1196' title='bbox 2091 515 2182 546; x_wconf 75' lang='lat' dir='ltr'>inquit.</span> 
     </span>
     <span class='ocr_line' id='line_1_122' title="bbox 1150 539 2176 574; baseline 0.004 -8"><span class='ocrx_word' id='word_1_1197' title='bbox 1150 540 1182 566; x_wconf 89' lang='lat' dir='ltr'>dc</span> <span class='ocrx_word' id='word_1_1198' title='bbox 1198 540 1317 567; x_wconf 88' lang='lat' dir='ltr'>moribus</span> <span class='ocrx_word' id='word_1_1199' title='bbox 1332 540 1413 571; x_wconf 88' lang='lat' dir='ltr'>meis,</span> <span class='ocrx_word' id='word_1_1200' title='bbox 1432 539 1582 574; x_wconf 87' lang='lat' dir='ltr'>deuotoque</span> <span class='ocrx_word' id='word_1_1201' title='bbox 1595 541 1671 567; x_wconf 85' lang='lat' dir='ltr'>vobis</span> <span class='ocrx_word' id='word_1_1202' title='bbox 1685 540 1774 567; x_wconf 71' lang='lat' dir='ltr'>animo</span> <span class='ocrx_word' id='word_1_1203' title='bbox 1788 540 1990 574; x_wconf 76' lang='lat' dir='ltr'>dubitaueritis,</span> <span class='ocrx_word' id='word_1_1204' title='bbox 2008 551 2052 569; x_wconf 70' lang='lat' dir='ltr'>etc.</span> <span class='ocrx_word' id='word_1_1205' title='bbox 2174 540 2176 543; x_wconf 50' lang='lat'><strong><em>¹</em></strong></span> 
     </span>
     <span class='ocr_line' id='line_1_123' title="bbox 1151 575 2184 612; baseline 0.004 -11"><span class='ocrx_word' id='word_1_1206' title='bbox 1151 576 1233 610; x_wconf 83' lang='lat' dir='ltr'>Calig.</span> <span class='ocrx_word' id='word_1_1207' title='bbox 1255 585 1275 602; x_wconf 87' lang='lat' dir='ltr'>c.</span> <span class='ocrx_word' id='word_1_1208' title='bbox 1291 584 1331 608; x_wconf 81' lang='grc' dir='ltr'>3ο.</span> <span class='ocrx_word' id='word_1_1209' title='bbox 1404 576 1521 600; x_wconf 84' lang='lat' dir='ltr'>Deuotus</span> <span class='ocrx_word' id='word_1_1210' title='bbox 1541 575 1620 601; x_wconf 86' lang='lat' dir='ltr'>alicui</span> <span class='ocrx_word' id='word_1_1211' title='bbox 1641 577 1719 602; x_wconf 81' lang='lat' dir='ltr'>cliens</span> <span class='ocrx_word' id='word_1_1212' title='bbox 1742 577 1831 602; x_wconf 86' lang='lat' dir='ltr'>quen.</span> <span class='ocrx_word' id='word_1_1213' title='bbox 1845 576 1895 602; x_wconf 80' lang='lat' dir='ltr'>Sat.</span> <span class='ocrx_word' id='word_1_1214' title='bbox 1913 585 1939 609; x_wconf 88' lang='lat'>9,</span> <span class='ocrx_word' id='word_1_1215' title='bbox 1953 585 1993 612; x_wconf 85' lang='lat'>72.</span> <span class='ocrx_word' id='word_1_1216' title='bbox 2065 581 2184 608; x_wconf 61' lang='lat' dir='ltr'>Deuotus</span> 
     </span>
     <span class='ocr_line' id='line_1_124' title="bbox 1150 610 2184 649; baseline 0.007 -12"><span class='ocrx_word' id='word_1_1217' title='bbox 1150 618 1175 637; x_wconf 86' lang='lat' dir='ltr'>et</span> <span class='ocrx_word' id='word_1_1218' title='bbox 1188 611 1298 637; x_wconf 87' lang='lat' dir='ltr'>donatus</span> <span class='ocrx_word' id='word_1_1219' title='bbox 1312 610 1402 637; x_wconf 85' lang='lat' dir='ltr'>studiis</span> <span class='ocrx_word' id='word_1_1220' title='bbox 1416 610 1471 636; x_wconf 85' lang='lat' dir='ltr'>Cic.</span> <span class='ocrx_word' id='word_1_1221' title='bbox 1485 610 1566 636; x_wconf 74' lang='lat' dir='ltr'>Tust.</span> <span class='ocrx_word' id='word_1_1222' title='bbox 1583 619 1604 641; x_wconf 69' lang='grc' dir='ltr'>ς,</span> <span class='ocrx_word' id='word_1_1223' title='bbox 1642 631 1646 635; x_wconf 95' lang='grc'>.</span> <span class='ocrx_word' id='word_1_1224' title='bbox 1684 631 1689 637; x_wconf 92' lang='grc'><em>,</em></span> <span class='ocrx_word' id='word_1_1225' title='bbox 1762 614 1841 637; x_wconf 73' lang='lat' dir='ltr'>Die-ur</span> <span class='ocrx_word' id='word_1_1226' title='bbox 1856 618 1880 638; x_wconf 81' lang='lat' dir='ltr'>et</span> <span class='ocrx_word' id='word_1_1227' title='bbox 1896 613 2056 649; x_wconf 70' lang='lat' dir='ltr'>exsecrandus</span> <span class='ocrx_word' id='word_1_1228' title='bbox 2067 626 2075 640; x_wconf 89' lang='lat'><em>:</em></span> <span class='ocrx_word' id='word_1_1229' title='bbox 2102 618 2184 644; x_wconf 86' lang='lat' dir='ltr'>Ouid.</span> 
     </span>
     <span class='ocr_line' id='line_1_125' title="bbox 1151 645 2184 685; baseline 0.005 -13"><span class='ocrx_word' id='word_1_1230' title='bbox 1151 646 1228 680; x_wconf 83' lang='lat' dir='ltr'>Epist.</span> <span class='ocrx_word' id='word_1_1231' title='bbox 1244 649 1270 679; x_wconf 87' lang='lat'>6,</span> <span class='ocrx_word' id='word_1_1232' title='bbox 1284 649 1331 678; x_wconf 85' lang='lat'>164</span> <span class='ocrx_word' id='word_1_1233' title='bbox 1358 645 1449 671; x_wconf 81' lang='lat' dir='ltr'>Viuite</span> <span class='ocrx_word' id='word_1_1234' title='bbox 1467 645 1564 671; x_wconf 77' lang='lat' dir='ltr'>denoto</span> <span class='ocrx_word' id='word_1_1235' title='bbox 1583 646 1681 671; x_wconf 80' lang='lat' dir='ltr'>semina</span> <span class='ocrx_word' id='word_1_1236' title='bbox 1701 646 1794 681; x_wconf 80' lang='lat' dir='ltr'>virque</span> <span class='ocrx_word' id='word_1_1237' title='bbox 1809 652 1877 673; x_wconf 91' lang='lat' dir='ltr'>toro.</span> <span class='ocrx_word' id='word_1_1238' title='bbox 1948 650 2040 676; x_wconf 81' lang='lat' dir='ltr'>Horat.</span> <span class='ocrx_word' id='word_1_1239' title='bbox 2054 650 2106 677; x_wconf 77' lang='lat' dir='ltr'>Od.</span> <span class='ocrx_word' id='word_1_1240' title='bbox 2122 660 2142 683; x_wconf 82' lang='lat'>3,</span> <span class='ocrx_word' id='word_1_1241' title='bbox 2156 662 2184 685; x_wconf 87' lang='lat'>4,</span> 
     </span>
     <span class='ocr_line' id='line_1_126' title="bbox 1152 680 2183 714; baseline 0.005 -6"><span class='ocrx_word' id='word_1_1242' title='bbox 1152 684 1185 708; x_wconf 86' lang='lat'>26</span> <span class='ocrx_word' id='word_1_1243' title='bbox 1211 682 1274 707; x_wconf 91' lang='lat' dir='ltr'>Non</span> <span class='ocrx_word' id='word_1_1244' title='bbox 1287 690 1329 707; x_wconf 88' lang='lat' dir='ltr'>mc</span> <span class='ocrx_word' id='word_1_1245' title='bbox 1342 680 1468 714; x_wconf 82' lang='lat' dir='ltr'>Philippis</span> <span class='ocrx_word' id='word_1_1246' title='bbox 1483 681 1555 706; x_wconf 75' lang='lat' dir='ltr'>versa</span> <span class='ocrx_word' id='word_1_1247' title='bbox 1569 682 1635 707; x_wconf 80' lang='lat' dir='ltr'>acics</span> <span class='ocrx_word' id='word_1_1248' title='bbox 1651 688 1736 713; x_wconf 83' lang='lat' dir='ltr'>retro,</span> <span class='ocrx_word' id='word_1_1249' title='bbox 1773 682 1873 708; x_wconf 83' lang='lat' dir='ltr'>Deuota</span> <span class='ocrx_word' id='word_1_1250' title='bbox 1891 692 1945 709; x_wconf 91' lang='lat' dir='ltr'>non</span> <span class='ocrx_word' id='word_1_1251' title='bbox 1959 684 2081 712; x_wconf 84' lang='lat' dir='ltr'>exstinxit</span> <span class='ocrx_word' id='word_1_1252' title='bbox 2095 686 2183 713; x_wconf 89' lang='lat' dir='ltr'>arbor.</span> 
     </span>
     <span class='ocr_line' id='line_1_127' title="bbox 1153 715 2186 754; baseline 0.006 -13"><span class='ocrx_word' id='word_1_1253' title='bbox 1153 718 1253 743; x_wconf 87' lang='lat' dir='ltr'>Domus</span> <span class='ocrx_word' id='word_1_1254' title='bbox 1273 715 1353 743; x_wconf 87' lang='lat' dir='ltr'>Ouid.</span> <span class='ocrx_word' id='word_1_1255' title='bbox 1368 715 1446 749; x_wconf 75' lang='lat' dir='ltr'>Epist.</span> <span class='ocrx_word' id='word_1_1256' title='bbox 1460 724 1484 748; x_wconf 83' lang='lat'>9,</span> <span class='ocrx_word' id='word_1_1257' title='bbox 1500 724 1546 747; x_wconf 71' lang='lat'>153.</span> <span class='ocrx_word' id='word_1_1258' title='bbox 1714 716 1735 754; x_wconf 63' lang='lat' dir='ltr'>“J</span> <span class='ocrx_word' id='word_1_1259' title='bbox 1755 726 1767 743; x_wconf 86' lang='lat'><em>2</em></span> <span class='ocrx_word' id='word_1_1260' title='bbox 1803 718 1923 744; x_wconf 84' lang='lat' dir='ltr'>Deuotae</span> <span class='ocrx_word' id='word_1_1261' title='bbox 1934 719 2095 754; x_wconf 84' lang='lat' dir='ltr'>virginitatis</span> <span class='ocrx_word' id='word_1_1262' title='bbox 2109 731 2186 749; x_wconf 82' lang='lat' dir='ltr'>amor</span> 
     </span>
     <span class='ocr_line' id='line_1_128' title="bbox 1151 751 2186 794; baseline 0.007 -16"><span class='ocrx_word' id='word_1_1263' title='bbox 1151 752 1248 778; x_wconf 78' lang='lat' dir='ltr'>Anson.</span> <span class='ocrx_word' id='word_1_1264' title='bbox 1262 752 1362 778; x_wconf 86' lang='lat' dir='ltr'>Parent.</span> <span class='ocrx_word' id='word_1_1265' title='bbox 1382 753 1398 776; x_wconf 89' lang='lat'><em>6</em></span> <span class='ocrx_word' id='word_1_1266' title='bbox 1412 751 1452 777; x_wconf 86' lang='lat' dir='ltr'>tit.</span> <span class='ocrx_word' id='word_1_1267' title='bbox 1485 758 1507 776; x_wconf 82' lang='lat' dir='ltr'>et</span> <span class='ocrx_word' id='word_1_1268' title='bbox 1528 760 1552 777; x_wconf 90' lang='lat' dir='ltr'>v.</span> <span class='ocrx_word' id='word_1_1269' title='bbox 1567 756 1588 780; x_wconf 82' lang='lat'>8.</span> <span class='ocrx_word' id='word_1_1270' title='bbox 1617 751 1654 777; x_wconf 93' lang='lat' dir='ltr'>ib.</span> <span class='ocrx_word' id='word_1_1271' title='bbox 1671 754 1708 779; x_wconf 84' lang='lat'>26.</span> <span class='ocrx_word' id='word_1_1272' title='bbox 1724 762 1743 785; x_wconf 86' lang='lat'>3.</span> <span class='ocrx_word' id='word_1_1273' title='bbox 1799 753 1857 779; x_wconf 82' lang='lat' dir='ltr'>Vid.</span> <span class='ocrx_word' id='word_1_1274' title='bbox 1871 754 1961 790; x_wconf 80' lang='lat' dir='ltr'>Scalig.</span> <span class='ocrx_word' id='word_1_1275' title='bbox 1974 756 2042 783; x_wconf 58' lang='lat' dir='ltr'>Lea-7.</span> <span class='ocrx_word' id='word_1_1276' title='bbox 2056 758 2149 794; x_wconf 67' lang='lat' dir='ltr'>Ausim.</span> <span class='ocrx_word' id='word_1_1277' title='bbox 2164 768 2186 790; x_wconf 89' lang='lat'>1,</span> 
     </span>
     <span class='ocr_line' id='line_1_129' title="bbox 1152 786 2185 824; baseline 0.009 -12"><span class='ocrx_word' id='word_1_1278' title='bbox 1152 794 1168 817; x_wconf 81' lang='lat'><em>8</em></span> <span class='ocrx_word' id='word_1_1279' title='bbox 1188 794 1216 822; x_wconf 80' lang='lat' dir='ltr'>p.</span> <span class='ocrx_word' id='word_1_1280' title='bbox 1229 796 1269 821; x_wconf 78' lang='lat'>24.</span> <span class='ocrx_word' id='word_1_1281' title='bbox 1341 787 1453 817; x_wconf 64' lang='lat' dir='ltr'>Dcuofi,</span> <span class='ocrx_word' id='word_1_1282' title='bbox 1472 789 1515 821; x_wconf 77' lang='lat' dir='ltr'>qui</span> <span class='ocrx_word' id='word_1_1283' title='bbox 1529 786 1631 821; x_wconf 64' lang='lat' dir='ltr'>Profqffi</span> <span class='ocrx_word' id='word_1_1284' title='bbox 1646 789 1719 823; x_wconf 74' lang='lat' dir='ltr'>vulgo</span> <span class='ocrx_word' id='word_1_1285' title='bbox 1733 795 1859 815; x_wconf 78' lang='lat' dir='ltr'>vocantur.</span> <span class='ocrx_word' id='word_1_1286' title='bbox 1897 789 2043 824; x_wconf 66' lang='lat' dir='ltr'>Religionis</span> <span class='ocrx_word' id='word_1_1287' title='bbox 2063 800 2087 819; x_wconf 79' lang='lat' dir='ltr'>et</span> <span class='ocrx_word' id='word_1_1288' title='bbox 2105 793 2185 820; x_wconf 88' lang='lat' dir='ltr'>deuo-</span> 
     </span>
     <span class='ocr_line' id='line_1_130' title="bbox 1153 822 2187 857; baseline 0.007 -9"><span class='ocrx_word' id='word_1_1289' title='bbox 1153 829 1193 848; x_wconf 87' lang='lat' dir='ltr'>tus</span> <span class='ocrx_word' id='word_1_1290' title='bbox 1214 823 1269 848; x_wconf 85' lang='lat' dir='ltr'>olim</span> <span class='ocrx_word' id='word_1_1291' title='bbox 1288 824 1315 847; x_wconf 80' lang='lat' dir='ltr'>in</span> <span class='ocrx_word' id='word_1_1292' title='bbox 1332 823 1420 847; x_wconf 81' lang='lat' dir='ltr'>malam</span> <span class='ocrx_word' id='word_1_1293' title='bbox 1439 829 1534 856; x_wconf 75' lang='lat' dir='ltr'>partem</span> <span class='ocrx_word' id='word_1_1294' title='bbox 1541 822 1637 856; x_wconf 75' lang='lat' dir='ltr'>Jblum,</span> <span class='ocrx_word' id='word_1_1295' title='bbox 1655 828 1682 848; x_wconf 83' lang='lat' dir='ltr'>at</span> <span class='ocrx_word' id='word_1_1296' title='bbox 1701 822 1855 857; x_wconf 51' lang='lat' dir='ltr'>hodie-solum</span> <span class='ocrx_word' id='word_1_1297' title='bbox 1872 826 1900 850; x_wconf 82' lang='lat' dir='ltr'>in</span> <span class='ocrx_word' id='word_1_1298' title='bbox 1918 824 2010 852; x_wconf 78' lang='lat' dir='ltr'>bonam.</span> <span class='ocrx_word' id='word_1_1299' title='bbox 2049 830 2145 856; x_wconf 78' lang='lat' dir='ltr'>Alciat.</span> <span class='ocrx_word' id='word_1_1300' title='bbox 2158 832 2187 856; x_wconf 78' lang='lat' dir='ltr'>in.</span> 
     </span>
     <span class='ocr_line' id='line_1_131' title="bbox 1153 855 2187 894; baseline 0.004 -12"><span class='ocrx_word' id='word_1_1301' title='bbox 1153 857 1252 885; x_wconf 79' lang='lat' dir='ltr'>rubi-ic.</span> <span class='ocrx_word' id='word_1_1302' title='bbox 1273 855 1304 882; x_wconf 90' lang='lat' dir='ltr'>de</span> <span class='ocrx_word' id='word_1_1303' title='bbox 1322 856 1394 882; x_wconf 86' lang='lat' dir='ltr'>verb.</span> <span class='ocrx_word' id='word_1_1304' title='bbox 1409 857 1495 891; x_wconf 81' lang='lat' dir='ltr'>signif.</span> <span class='ocrx_word' id='word_1_1305' title='bbox 1538 856 1596 883; x_wconf 68' lang='lat' dir='ltr'>Vsa.</span> <span class='ocrx_word' id='word_1_1306' title='bbox 1611 857 1725 883; x_wconf 73' lang='lat' dir='ltr'>Hor-rich.</span> <span class='ocrx_word' id='word_1_1307' title='bbox 1739 857 1819 892; x_wconf 80' lang='lat' dir='ltr'>Cogit.</span> <span class='ocrx_word' id='word_1_1308' title='bbox 1834 865 1861 892; x_wconf 80' lang='lat' dir='ltr'>p.</span> <span class='ocrx_word' id='word_1_1309' title='bbox 1874 866 1916 894; x_wconf 70' lang='lat'>84.</span> <span class='ocrx_word' id='word_1_1310' title='bbox 1986 863 2061 889; x_wconf 79' lang='lat' dir='ltr'>Mens</span> <span class='ocrx_word' id='word_1_1311' title='bbox 2081 865 2187 892; x_wconf 63' lang='lat' dir='ltr'>firmic,</span> 
     </span>
     <span class='ocr_line' id='line_1_132' title="bbox 1155 891 2187 927; baseline 0.008 -8"><span class='ocrx_word' id='word_1_1312' title='bbox 1155 893 1185 919; x_wconf 89' lang='lat' dir='ltr'>de</span> <span class='ocrx_word' id='word_1_1313' title='bbox 1199 893 1254 918; x_wconf 86' lang='lat' dir='ltr'>Err.</span> <span class='ocrx_word' id='word_1_1314' title='bbox 1267 892 1337 926; x_wconf 87' lang='lat' dir='ltr'>prof.</span> <span class='ocrx_word' id='word_1_1315' title='bbox 1346 891 1393 918; x_wconf 87' lang='lat' dir='ltr'>rel.</span> <span class='ocrx_word' id='word_1_1316' title='bbox 1501 892 1613 927; x_wconf 80' lang='lat' dir='ltr'>Compar.</span> <span class='ocrx_word' id='word_1_1317' title='bbox 1648 891 1735 918; x_wconf 85' lang='lat' dir='ltr'>Trcb.</span> <span class='ocrx_word' id='word_1_1318' title='bbox 1744 892 1828 918; x_wconf 86' lang='lat' dir='ltr'>Pollio</span> <span class='ocrx_word' id='word_1_1319' title='bbox 1843 894 1871 919; x_wconf 88' lang='lat' dir='ltr'>in</span> <span class='ocrx_word' id='word_1_1320' title='bbox 1884 896 1973 922; x_wconf 86' lang='lat' dir='ltr'>Claud.</span> <span class='ocrx_word' id='word_1_1321' title='bbox 1989 906 2009 924; x_wconf 88' lang='lat' dir='ltr'>c.</span> <span class='ocrx_word' id='word_1_1322' title='bbox 2022 902 2057 925; x_wconf 86' lang='lat'>16.</span> <span class='ocrx_word' id='word_1_1323' title='bbox 2095 900 2187 926; x_wconf 85' lang='lat' dir='ltr'>Claud.</span> 
     </span>
     <span class='ocr_line' id='line_1_133' title="bbox 1154 926 2188 965; baseline -0.005 -11"><span class='ocrx_word' id='word_1_1324' title='bbox 1154 928 1187 954; x_wconf 87' lang='lat' dir='ltr'>de</span> <span class='ocrx_word' id='word_1_1325' title='bbox 1200 928 1228 961; x_wconf 77' lang='lat' dir='ltr'>B.</span> <span class='ocrx_word' id='word_1_1326' title='bbox 1241 927 1313 953; x_wconf 89' lang='lat' dir='ltr'>Gild.</span> <span class='ocrx_word' id='word_1_1327' title='bbox 1332 936 1357 953; x_wconf 91' lang='lat' dir='ltr'>v.</span> <span class='ocrx_word' id='word_1_1328' title='bbox 1372 935 1432 959; x_wconf 84' lang='lat'>290.</span> <span class='ocrx_word' id='word_1_1329' title='bbox 1484 927 1551 953; x_wconf 72' lang='lat' dir='ltr'>Salu.</span> <span class='ocrx_word' id='word_1_1330' title='bbox 1566 926 1597 953; x_wconf 90' lang='lat' dir='ltr'>de</span> <span class='ocrx_word' id='word_1_1331' title='bbox 1614 928 1693 953; x_wconf 87' lang='lat' dir='ltr'>Auar.</span> <span class='ocrx_word' id='word_1_1332' title='bbox 1714 935 1737 960; x_wconf 90' lang='lat' dir='ltr'>p.</span> <span class='ocrx_word' id='word_1_1333' title='bbox 1752 929 1788 952; x_wconf 86' lang='lat'>61.</span> <span class='ocrx_word' id='word_1_1334' title='bbox 1895 931 2016 965; x_wconf 16' lang='lat' dir='ltr'>Supfrlwn·</span> <span class='ocrx_word' id='word_1_1335' title='bbox 2052 934 2139 962; x_wconf 49' lang='lat' dir='ltr'>senec·</span> <span class='ocrx_word' id='word_1_1336' title='bbox 2156 936 2188 962; x_wconf 63' lang='lat' dir='ltr'>de</span> 
     </span>
     <span class='ocr_line' id='line_1_134' title="bbox 1153 962 2187 998; baseline 0.001 -8"><span class='ocrx_word' id='word_1_1337' title='bbox 1153 963 1243 990; x_wconf 83' lang='lat' dir='ltr'>Bcnef.</span> <span class='ocrx_word' id='word_1_1338' title='bbox 1257 970 1280 995; x_wconf 86' lang='grc' dir='ltr'>ς,</span> <span class='ocrx_word' id='word_1_1339' title='bbox 1293 969 1331 996; x_wconf 95' lang='lat'>17.</span> <span class='ocrx_word' id='word_1_1340' title='bbox 1373 963 1441 988; x_wconf 85' lang='lat' dir='ltr'>Suet.</span> <span class='ocrx_word' id='word_1_1341' title='bbox 1457 962 1530 989; x_wconf 85' lang='lat' dir='ltr'>Caes.</span> <span class='ocrx_word' id='word_1_1342' title='bbox 1549 971 1570 988; x_wconf 91' lang='lat' dir='ltr'>c.</span> <span class='ocrx_word' id='word_1_1343' title='bbox 1585 964 1627 995; x_wconf 84' lang='lat'>67.</span> <span class='ocrx_word' id='word_1_1344' title='bbox 1663 962 1783 995; x_wconf 77' lang='lat' dir='ltr'>inscript.</span> <span class='ocrx_word' id='word_1_1345' title='bbox 1796 968 1848 988; x_wconf 86' lang='lat' dir='ltr'>vet.</span> <span class='ocrx_word' id='word_1_1346' title='bbox 1866 964 2187 998; x_wconf 68' lang='lat' dir='ltr'>DEVOT1331MVS</span> 
     </span>
    </p>
   </div>
   <div class='ocr_carea' id='block_1_36' title="bbox 2111 548 2183 574">
    <p class='ocr_par' dir='ltr' id='par_1_41' title="bbox 2111 548 2183 574">
     <span class='ocr_line' id='line_1_135' title="bbox 2111 548 2183 574; baseline 0.042 -3"><span class='ocrx_word' id='word_1_1347' title='bbox 2111 548 2183 574; x_wconf 63' lang='lat' dir='ltr'>lde-111</span> 
     </span>
    </p>
   </div>
   <div class='ocr_carea' id='block_1_37' title="bbox 1154 997 2189 1110">
    <p class='ocr_par' dir='ltr' id='par_1_42' title="bbox 1154 997 2189 1110">
     <span class='ocr_line' id='line_1_136' title="bbox 1154 997 2188 1038; baseline -0.003 -13"><span class='ocrx_word' id='word_1_1348' title='bbox 1154 999 1322 1025; x_wconf 88' lang='lat' dir='ltr'>NVMINI</span> <span class='ocrx_word' id='word_1_1349' title='bbox 1358 998 1462 1037; x_wconf 80' lang='lat' dir='ltr'>EIVS.</span> <span class='ocrx_word' id='word_1_1350' title='bbox 1523 997 1581 1024; x_wconf 71' lang='lat' dir='ltr'>Via.</span> <span class='ocrx_word' id='word_1_1351' title='bbox 1601 997 1859 1036; x_wconf 69' lang='lat' dir='ltr'>Grute1·.CC1.1x‚</span> <span class='ocrx_word' id='word_1_1352' title='bbox 1886 1007 1905 1025; x_wconf 87' lang='lat'>1.</span> <span class='ocrx_word' id='word_1_1353' title='bbox 1932 1007 2092 1038; x_wconf 69' lang='lat' dir='ltr'>CCLle,</span> <span class='ocrx_word' id='word_1_1354' title='bbox 2111 1015 2123 1032; x_wconf 79' lang='lat'><em>2</em></span> <span class='ocrx_word' id='word_1_1355' title='bbox 2142 1014 2188 1033; x_wconf 53' lang='lat' dir='ltr'>en..</span> 
     </span>
     <span class='ocr_line' id='line_1_137' title="bbox 1154 1031 1890 1065; baseline -0.004 -5"><span class='ocrx_word' id='word_1_1356' title='bbox 1154 1033 1324 1061; x_wconf 78' lang='lat' dir='ltr'>Deuotiffima</span> <span class='ocrx_word' id='word_1_1357' title='bbox 1337 1032 1455 1059; x_wconf 85' lang='lat' dir='ltr'>fidelnun</span> <span class='ocrx_word' id='word_1_1358' title='bbox 1468 1032 1547 1059; x_wconf 80' lang='lat' dir='ltr'>corda</span> <span class='ocrx_word' id='word_1_1359' title='bbox 1560 1031 1670 1058; x_wconf 78' lang='lat' dir='ltr'>Paullin.</span> <span class='ocrx_word' id='word_1_1360' title='bbox 1685 1031 1746 1058; x_wconf 89' lang='lat' dir='ltr'>Nol.</span> <span class='ocrx_word' id='word_1_1361' title='bbox 1759 1033 1803 1065; x_wconf 76' lang='lat' dir='ltr'>Ep.</span> <span class='ocrx_word' id='word_1_1362' title='bbox 1821 1037 1855 1063; x_wconf 84' lang='lat'>18,</span> <span class='ocrx_word' id='word_1_1363' title='bbox 1870 1041 1890 1065; x_wconf 77' lang='grc' dir='ltr'>ς,</span> 
     </span>
     <span class='ocr_line' id='line_1_138' title="bbox 1191 1067 2189 1110; baseline -0.004 -15"><span class='ocrx_word' id='word_1_1364' title='bbox 1191 1075 1366 1095; x_wconf 81' lang='lat' dir='ltr'>DEVOTE.</span> <span class='ocrx_word' id='word_1_1365' title='bbox 1401 1067 1468 1094; x_wconf 86' lang='lat' dir='ltr'>Adn.</span> <span class='ocrx_word' id='word_1_1366' title='bbox 1486 1069 1597 1101; x_wconf 82' lang='lat' dir='ltr'>Compar.</span> <span class='ocrx_word' id='word_1_1367' title='bbox 1634 1067 1754 1093; x_wconf 85' lang='lat' dir='ltr'>Ambros.</span> <span class='ocrx_word' id='word_1_1368' title='bbox 1774 1067 1854 1093; x_wconf 86' lang='lat' dir='ltr'>Scrm.</span> <span class='ocrx_word' id='word_1_1369' title='bbox 1876 1073 1908 1101; x_wconf 75' lang='lat'>84</span> <span class='ocrx_word' id='word_1_1370' title='bbox 1933 1079 1956 1103; x_wconf 64' lang='lat' dir='ltr'>p.</span> <span class='ocrx_word' id='word_1_1371' title='bbox 1973 1077 2023 1103; x_wconf 65' lang='lat'>383,</span> <span class='ocrx_word' id='word_1_1372' title='bbox 2095 1075 2189 1110; x_wconf 49' lang='lat' dir='ltr'>gupsrl.</span> 
     </span>
    </p>
   </div>
   <div class='ocr_carea' id='block_1_38' title="bbox 1152 1101 2208 3472">
    <p class='ocr_par' dir='ltr' id='par_1_43' title="bbox 1152 1101 2192 1171">
     <span class='ocr_line' id='line_1_139' title="bbox 1155 1101 2192 1142; baseline 0.003 -12"><span class='ocrx_word' id='word_1_1373' title='bbox 1155 1104 1272 1131; x_wconf 68' lang='lat' dir='ltr'>Latiiant.</span> <span class='ocrx_word' id='word_1_1374' title='bbox 1286 1112 1312 1135; x_wconf 89' lang='lat'>2,</span> <span class='ocrx_word' id='word_1_1375' title='bbox 1326 1106 1342 1130; x_wconf 89' lang='lat'><strong>6</strong></span> <span class='ocrx_word' id='word_1_1376' title='bbox 1360 1110 1423 1130; x_wconf 82' lang='lat' dir='ltr'>extr.</span> <span class='ocrx_word' id='word_1_1377' title='bbox 1460 1102 1595 1138; x_wconf 82' lang='lat' dir='ltr'>Angustin.</span> <span class='ocrx_word' id='word_1_1378' title='bbox 1610 1103 1655 1136; x_wconf 85' lang='lat' dir='ltr'>Ep.</span> <span class='ocrx_word' id='word_1_1379' title='bbox 1673 1104 1705 1133; x_wconf 86' lang='lat'>86</span> <span class='ocrx_word' id='word_1_1380' title='bbox 1720 1101 1771 1138; x_wconf 75' lang='lat' dir='ltr'>fin.</span> <span class='ocrx_word' id='word_1_1381' title='bbox 1809 1102 1929 1130; x_wconf 80' lang='lat' dir='ltr'>Ambros.</span> <span class='ocrx_word' id='word_1_1382' title='bbox 1945 1106 2025 1132; x_wconf 73' lang='lat' dir='ltr'>Sei-m.</span> <span class='ocrx_word' id='word_1_1383' title='bbox 2040 1116 2068 1142; x_wconf 85' lang='lat'>17</span> <span class='ocrx_word' id='word_1_1384' title='bbox 2088 1110 2120 1135; x_wconf 83' lang='lat' dir='ltr'>de</span> <span class='ocrx_word' id='word_1_1385' title='bbox 2136 1112 2192 1138; x_wconf 69' lang='lat' dir='ltr'>Cal,</span> 
     </span>
     <span class='ocr_line' id='line_1_140' title="bbox 1152 1140 1728 1171; baseline 0.009 -5"><span class='ocrx_word' id='word_1_1386' title='bbox 1152 1140 1207 1166; x_wconf 89' lang='lat' dir='ltr'>Ian.</span> <span class='ocrx_word' id='word_1_1387' title='bbox 1244 1159 1249 1165; x_wconf 90' lang='lat'>.</span> <span class='ocrx_word' id='word_1_1388' title='bbox 1265 1144 1319 1171; x_wconf 84' lang='lat'>298-</span> <span class='ocrx_word' id='word_1_1389' title='bbox 1725 1159 1728 1163; x_wconf 45' lang='grc' dir='ltr'><em>ν</em></span> 
     </span>
    </p>

    <p class='ocr_par' dir='ltr' id='par_1_44' title="bbox 1155 1148 2192 1243">
     <span class='ocr_line' id='line_1_141' title="bbox 1191 1148 2192 1213; baseline -0.002 -12"><span class='ocrx_word' id='word_1_1390' title='bbox 1191 1182 1210 1202; x_wconf 92' lang='lat' dir='ltr'>D</span> <span class='ocrx_word' id='word_1_1391' title='bbox 1219 1148 1266 1201; x_wconf 60' lang='lat' dir='ltr'>gv</span> <span class='ocrx_word' id='word_1_1392' title='bbox 1274 1181 1293 1201; x_wconf 94' lang='grc' dir='ltr'><strong>Ο</strong></span> <span class='ocrx_word' id='word_1_1393' title='bbox 1302 1180 1324 1199; x_wconf 91' lang='grc' dir='ltr'>Τ</span> <span class='ocrx_word' id='word_1_1394' title='bbox 1333 1179 1353 1199; x_wconf 94' lang='lat' dir='ltr'>V</span> <span class='ocrx_word' id='word_1_1395' title='bbox 1363 1180 1383 1200; x_wconf 87' lang='lat' dir='ltr'>R</span> <span class='ocrx_word' id='word_1_1396' title='bbox 1391 1181 1412 1200; x_wconf 94' lang='lat' dir='ltr'>V</span> <span class='ocrx_word' id='word_1_1397' title='bbox 1421 1181 1444 1206; x_wconf 81' lang='lat' dir='ltr'>S,</span> <span class='ocrx_word' id='word_1_1398' title='bbox 1465 1182 1490 1206; x_wconf 73' lang='lat' dir='ltr'>a,</span> <span class='ocrx_word' id='word_1_1399' title='bbox 1511 1182 1565 1209; x_wconf 80' lang='lat' dir='ltr'>um.</span> <span class='ocrx_word' id='word_1_1400' title='bbox 1601 1172 1694 1199; x_wconf 84' lang='lat' dir='ltr'>Partic.</span> <span class='ocrx_word' id='word_1_1401' title='bbox 1732 1172 1961 1210; x_wconf 70' lang='grc' dir='ltr'>[καταρασόμενος]</span> <span class='ocrx_word' id='word_1_1402' title='bbox 1998 1177 2157 1213; x_wconf 59' lang='lat' dir='ltr'>Qrin&amp;11,5‚</span> <span class='ocrx_word' id='word_1_1403' title='bbox 2166 1184 2192 1213; x_wconf 59' lang='lat'>6,</span> 
     </span>
     <span class='ocr_line' id='line_1_142' title="bbox 1155 1207 2016 1243; baseline 0.002 -6"><span class='ocrx_word' id='word_1_1404' title='bbox 1155 1219 1169 1237; x_wconf 88' lang='lat'><strong><em>2</em></strong></span> <span class='ocrx_word' id='word_1_1405' title='bbox 1195 1210 1292 1237; x_wconf 87' lang='lat' dir='ltr'>Modus</span> <span class='ocrx_word' id='word_1_1406' title='bbox 1308 1209 1378 1242; x_wconf 87' lang='lat' dir='ltr'>litis,</span> <span class='ocrx_word' id='word_1_1407' title='bbox 1396 1216 1504 1243; x_wconf 84' lang='lat' dir='ltr'>propter</span> <span class='ocrx_word' id='word_1_1408' title='bbox 1515 1217 1593 1243; x_wconf 89' lang='lat' dir='ltr'>quam</span> <span class='ocrx_word' id='word_1_1409' title='bbox 1607 1207 1752 1234; x_wconf 85' lang='lat' dir='ltr'>deuoturus</span> <span class='ocrx_word' id='word_1_1410' title='bbox 1767 1209 1846 1242; x_wconf 83' lang='lat' dir='ltr'>seipse</span> <span class='ocrx_word' id='word_1_1411' title='bbox 1859 1219 1912 1236; x_wconf 88' lang='lat' dir='ltr'>non</span> <span class='ocrx_word' id='word_1_1412' title='bbox 1926 1211 2016 1239; x_wconf 85' lang='lat' dir='ltr'>suerit.</span> 
     </span>
    </p>

    <p class='ocr_par' dir='ltr' id='par_1_45' title="bbox 1156 1243 2199 1631">
     <span class='ocr_line' id='line_1_143' title="bbox 1192 1243 2193 1282; baseline 0.001 -10"><span class='ocrx_word' id='word_1_1413' title='bbox 1192 1251 1265 1272; x_wconf 81' lang='lat' dir='ltr'>DEV</span> <span class='ocrx_word' id='word_1_1414' title='bbox 1276 1252 1326 1272; x_wconf 88' lang='lat' dir='ltr'>OT</span> <span class='ocrx_word' id='word_1_1415' title='bbox 1336 1251 1355 1271; x_wconf 94' lang='lat'><em>0</em></span> <span class='ocrx_word' id='word_1_1416' title='bbox 1365 1264 1373 1277; x_wconf 89' lang='lat'>,</span> <span class='ocrx_word' id='word_1_1417' title='bbox 1401 1248 1454 1271; x_wconf 69' lang='lat' dir='ltr'>are.</span> <span class='ocrx_word' id='word_1_1418' title='bbox 1487 1245 1628 1278; x_wconf 87' lang='lat' dir='ltr'>Frequent.</span> <span class='ocrx_word' id='word_1_1419' title='bbox 1663 1244 1719 1269; x_wconf 75' lang='lat' dir='ltr'>Cic.</span> <span class='ocrx_word' id='word_1_1420' title='bbox 1739 1243 1766 1269; x_wconf 85' lang='lat' dir='ltr'>in</span> <span class='ocrx_word' id='word_1_1421' title='bbox 1785 1244 1873 1271; x_wconf 83' lang='lat' dir='ltr'>Parad.</span> <span class='ocrx_word' id='word_1_1422' title='bbox 1888 1254 1898 1272; x_wconf 88' lang='lat'>1</span> <span class='ocrx_word' id='word_1_1423' title='bbox 1923 1256 1944 1273; x_wconf 88' lang='lat' dir='ltr'>c.</span> <span class='ocrx_word' id='word_1_1424' title='bbox 1959 1256 1971 1279; x_wconf 85' lang='lat'><em>3</em></span> <span class='ocrx_word' id='word_1_1425' title='bbox 2001 1249 2075 1282; x_wconf 68' lang='lat' dir='ltr'>Qtae</span> <span class='ocrx_word' id='word_1_1426' title='bbox 2089 1250 2129 1276; x_wconf 79' lang='lat' dir='ltr'>vis</span> <span class='ocrx_word' id='word_1_1427' title='bbox 2142 1252 2193 1277; x_wconf 86' lang='lat' dir='ltr'>Co.</span> 
     </span>
     <span class='ocr_line' id='line_1_144' title="bbox 1156 1278 2194 1321; baseline 0.006 -14"><span class='ocrx_word' id='word_1_1428' title='bbox 1156 1281 1247 1307; x_wconf 85' lang='lat' dir='ltr'>clitem</span> <span class='ocrx_word' id='word_1_1429' title='bbox 1268 1286 1358 1306; x_wconf 88' lang='lat' dir='ltr'>contra</span> <span class='ocrx_word' id='word_1_1430' title='bbox 1378 1288 1470 1306; x_wconf 78' lang='lat' dir='ltr'>omnes</span> <span class='ocrx_word' id='word_1_1431' title='bbox 1487 1279 1601 1306; x_wconf 82' lang='lat' dir='ltr'>hostium</span> <span class='ocrx_word' id='word_1_1432' title='bbox 1622 1278 1726 1313; x_wconf 84' lang='lat' dir='ltr'>copias,</span> <span class='ocrx_word' id='word_1_1433' title='bbox 1752 1280 1837 1306; x_wconf 83' lang='lat' dir='ltr'>tenuit</span> <span class='ocrx_word' id='word_1_1434' title='bbox 1858 1281 1886 1306; x_wconf 83' lang='lat' dir='ltr'>in</span> <span class='ocrx_word' id='word_1_1435' title='bbox 1900 1289 1979 1315; x_wconf 86' lang='lat' dir='ltr'>ponte</span> <span class='ocrx_word' id='word_1_1436' title='bbox 1993 1284 2099 1311; x_wconf 74' lang='lat' dir='ltr'>solum?</span> <span class='ocrx_word' id='word_1_1437' title='bbox 2126 1296 2194 1321; x_wconf 88' lang='lat' dir='ltr'>quae</span> 
     </span>
     <span class='ocr_line' id='line_1_145' title="bbox 1157 1315 2195 1351; baseline 0.007 -9"><span class='ocrx_word' id='word_1_1438' title='bbox 1157 1323 1256 1351; x_wconf 87' lang='lat' dir='ltr'>patrem</span> <span class='ocrx_word' id='word_1_1439' title='bbox 1270 1316 1391 1346; x_wconf 86' lang='lat' dir='ltr'>Decium,</span> <span class='ocrx_word' id='word_1_1440' title='bbox 1409 1323 1475 1350; x_wconf 83' lang='lat' dir='ltr'>qnae</span> <span class='ocrx_word' id='word_1_1441' title='bbox 1489 1315 1575 1341; x_wconf 86' lang='lat' dir='ltr'>filium</span> <span class='ocrx_word' id='word_1_1442' title='bbox 1589 1315 1736 1345; x_wconf 83' lang='lat' dir='ltr'>denotauit,</span> <span class='ocrx_word' id='word_1_1443' title='bbox 1751 1323 1778 1341; x_wconf 80' lang='lat' dir='ltr'>ac</span> <span class='ocrx_word' id='word_1_1444' title='bbox 1793 1316 1900 1342; x_wconf 83' lang='lat' dir='ltr'>immisit</span> <span class='ocrx_word' id='word_1_1445' title='bbox 1914 1318 1942 1343; x_wconf 85' lang='lat' dir='ltr'>in</span> <span class='ocrx_word' id='word_1_1446' title='bbox 1955 1326 2064 1349; x_wconf 77' lang='lat' dir='ltr'>armatas</span> <span class='ocrx_word' id='word_1_1447' title='bbox 2078 1321 2195 1349; x_wconf 81' lang='lat' dir='ltr'>hostium</span> 
     </span>
     <span class='ocr_line' id='line_1_146' title="bbox 1157 1349 2196 1388; baseline 0.001 -10"><span class='ocrx_word' id='word_1_1448' title='bbox 1157 1354 1244 1387; x_wconf 85' lang='lat' dir='ltr'>copias</span> <span class='ocrx_word' id='word_1_1449' title='bbox 1258 1353 1267 1378; x_wconf 80' lang='lat'>3</span> <span class='ocrx_word' id='word_1_1450' title='bbox 1319 1352 1350 1378; x_wconf 80' lang='lat' dir='ltr'>In</span> <span class='ocrx_word' id='word_1_1451' title='bbox 1363 1353 1474 1386; x_wconf 78' lang='lat' dir='ltr'>antiquis</span> <span class='ocrx_word' id='word_1_1452' title='bbox 1487 1350 1611 1376; x_wconf 79' lang='lat' dir='ltr'>codicibus</span> <span class='ocrx_word' id='word_1_1453' title='bbox 1613 1349 1653 1383; x_wconf 83' lang='lat' dir='ltr'>fic</span> <span class='ocrx_word' id='word_1_1454' title='bbox 1665 1351 1765 1386; x_wconf 75' lang='lat' dir='ltr'>legitur.</span> <span class='ocrx_word' id='word_1_1455' title='bbox 1809 1351 1865 1376; x_wconf 83' lang='lat' dir='ltr'>Huc</span> <span class='ocrx_word' id='word_1_1456' title='bbox 1882 1350 2026 1388; x_wconf 78' lang='lat' dir='ltr'>referendus</span> <span class='ocrx_word' id='word_1_1457' title='bbox 2042 1357 2108 1382; x_wconf 83' lang='lat' dir='ltr'>Iocus</span> <span class='ocrx_word' id='word_1_1458' title='bbox 2120 1358 2196 1384; x_wconf 69' lang='lat' dir='ltr'>Accii</span> 
     </span>
     <span class='ocr_line' id='line_1_147' title="bbox 1158 1385 2196 1428; baseline -0.001 -14"><span class='ocrx_word' id='word_1_1459' title='bbox 1158 1387 1302 1419; x_wconf 79' lang='lat' dir='ltr'>Aeneadis,</span> <span class='ocrx_word' id='word_1_1460' title='bbox 1321 1388 1363 1422; x_wconf 85' lang='lat' dir='ltr'>qui</span> <span class='ocrx_word' id='word_1_1461' title='bbox 1382 1395 1398 1412; x_wconf 88' lang='lat' dir='ltr'>a</span> <span class='ocrx_word' id='word_1_1462' title='bbox 1411 1385 1504 1413; x_wconf 84' lang='lat' dir='ltr'>Nonio</span> <span class='ocrx_word' id='word_1_1463' title='bbox 1519 1394 1548 1418; x_wconf 82' lang='lat'>2,</span> <span class='ocrx_word' id='word_1_1464' title='bbox 1566 1387 1618 1412; x_wconf 81' lang='lat'>226</span> <span class='ocrx_word' id='word_1_1465' title='bbox 1640 1389 1701 1412; x_wconf 79' lang='lat' dir='ltr'>male</span> <span class='ocrx_word' id='word_1_1466' title='bbox 1709 1385 1756 1420; x_wconf 72' lang='lat' dir='ltr'>fieb</span> <span class='ocrx_word' id='word_1_1467' title='bbox 1771 1386 1905 1413; x_wconf 84' lang='lat' dir='ltr'>Deuorare</span> <span class='ocrx_word' id='word_1_1468' title='bbox 1919 1393 2038 1423; x_wconf 71' lang='lat' dir='ltr'>ponitur,</span> <span class='ocrx_word' id='word_1_1469' title='bbox 2057 1398 2082 1417; x_wconf 73' lang='lat' dir='ltr'>et</span> <span class='ocrx_word' id='word_1_1470' title='bbox 2090 1399 2138 1428; x_wconf 72' lang='lat' dir='ltr'>per</span> <span class='ocrx_word' id='word_1_1471' title='bbox 2152 1393 2196 1420; x_wconf 68' lang='lat' dir='ltr'>ab.</span> 
     </span>
     <span class='ocr_line' id='line_1_148' title="bbox 1157 1420 2196 1462; baseline 0.004 -12"><span class='ocrx_word' id='word_1_1472' title='bbox 1157 1424 1276 1455; x_wconf 88' lang='lat' dir='ltr'>sumere,</span> <span class='ocrx_word' id='word_1_1473' title='bbox 1295 1424 1398 1456; x_wconf 88' lang='lat' dir='ltr'>eripere</span> <span class='ocrx_word' id='word_1_1474' title='bbox 1412 1430 1439 1447; x_wconf 79' lang='lat' dir='ltr'>cx</span> <span class='ocrx_word' id='word_1_1475' title='bbox 1459 1423 1566 1448; x_wconf 80' lang='lat' dir='ltr'>Iicatur:</span> <span class='ocrx_word' id='word_1_1476' title='bbox 1588 1420 1676 1447; x_wconf 84' lang='lat' dir='ltr'>Patrio</span> <span class='ocrx_word' id='word_1_1477' title='bbox 1692 1421 1812 1455; x_wconf 80' lang='lat' dir='ltr'>exemplo</span> <span class='ocrx_word' id='word_1_1478' title='bbox 1826 1428 1851 1448; x_wconf 88' lang='lat' dir='ltr'>et</span> <span class='ocrx_word' id='word_1_1479' title='bbox 1865 1431 1908 1449; x_wconf 82' lang='lat' dir='ltr'>me</span> <span class='ocrx_word' id='word_1_1480' title='bbox 1922 1424 2032 1458; x_wconf 80' lang='lat' dir='ltr'>dicabo,</span> <span class='ocrx_word' id='word_1_1481' title='bbox 2051 1433 2130 1462; x_wconf 83' lang='lat' dir='ltr'>atque</span> <span class='ocrx_word' id='word_1_1482' title='bbox 2142 1429 2196 1456; x_wconf 88' lang='lat' dir='ltr'>ani·</span> 
     </span>
     <span class='ocr_line' id='line_1_149' title="bbox 1157 1456 2195 1497; baseline 0.005 -13"><span class='ocrx_word' id='word_1_1483' title='bbox 1157 1467 1228 1485; x_wconf 87' lang='lat' dir='ltr'>mam</span> <span class='ocrx_word' id='word_1_1484' title='bbox 1246 1457 1378 1484; x_wconf 80' lang='lat' dir='ltr'>denotabo</span> <span class='ocrx_word' id='word_1_1485' title='bbox 1396 1456 1431 1483; x_wconf 92' lang='lat' dir='ltr'>ho</span> <span class='ocrx_word' id='word_1_1486' title='bbox 1456 1457 1522 1483; x_wconf 85' lang='lat' dir='ltr'>ibus.</span> <span class='ocrx_word' id='word_1_1487' title='bbox 1563 1456 1669 1483; x_wconf 72' lang='lat' dir='ltr'>Videtur</span> <span class='ocrx_word' id='word_1_1488' title='bbox 1688 1456 1774 1482; x_wconf 75' lang='lat' dir='ltr'>induci</span> <span class='ocrx_word' id='word_1_1489' title='bbox 1795 1458 1894 1492; x_wconf 80' lang='lat' dir='ltr'>loquens</span> <span class='ocrx_word' id='word_1_1490' title='bbox 1905 1461 1998 1487; x_wconf 75' lang='lat' dir='ltr'>Decius</span> <span class='ocrx_word' id='word_1_1491' title='bbox 2009 1462 2091 1497; x_wconf 74' lang='lat' dir='ltr'>filius.</span> <span class='ocrx_word' id='word_1_1492' title='bbox 2126 1465 2195 1492; x_wconf 71' lang='lat' dir='ltr'>Ada&#39;.</span> 
     </span>
     <span class='ocr_line' id='line_1_150' title="bbox 1158 1491 2196 1527; baseline 0.004 -7"><span class='ocrx_word' id='word_1_1493' title='bbox 1158 1494 1258 1521; x_wconf 77' lang='lat' dir='ltr'>Minue.</span> <span class='ocrx_word' id='word_1_1494' title='bbox 1272 1492 1325 1521; x_wconf 86' lang='lat' dir='ltr'>Fel.</span> <span class='ocrx_word' id='word_1_1495' title='bbox 1346 1502 1368 1520; x_wconf 85' lang='lat' dir='ltr'>c.</span> <span class='ocrx_word' id='word_1_1496' title='bbox 1382 1497 1420 1523; x_wconf 83' lang='lat'>28.</span> <span class='ocrx_word' id='word_1_1497' title='bbox 1461 1492 1517 1519; x_wconf 73' lang='lat' dir='ltr'>Via.</span> <span class='ocrx_word' id='word_1_1498' title='bbox 1527 1491 1620 1526; x_wconf 46' lang='grc' dir='ltr'><em>Μῶν-[ἶ</em></span> <span class='ocrx_word' id='word_1_1499' title='bbox 1634 1492 1667 1517; x_wconf 79' lang='lat' dir='ltr'>ad</span> <span class='ocrx_word' id='word_1_1500' title='bbox 1679 1493 1724 1518; x_wconf 88' lang='lat' dir='ltr'>loc.</span> <span class='ocrx_word' id='word_1_1501' title='bbox 1743 1493 1801 1518; x_wconf 82' lang='lat' dir='ltr'>Tot.</span> <span class='ocrx_word' id='word_1_1502' title='bbox 1816 1496 1926 1520; x_wconf 80' lang='lat' dir='ltr'>notiones</span> <span class='ocrx_word' id='word_1_1503' title='bbox 1937 1495 2010 1522; x_wconf 78' lang='lat' dir='ltr'>habet</span> <span class='ocrx_word' id='word_1_1504' title='bbox 2022 1507 2050 1522; x_wconf 87' lang='lat' dir='ltr'>ac</span> <span class='ocrx_word' id='word_1_1505' title='bbox 2063 1499 2196 1527; x_wconf 73' lang='lat' dir='ltr'>Dcuoucre,</span> 
     </span>
     <span class='ocr_line' id='line_1_151' title="bbox 1158 1526 2198 1568; baseline 0.004 -12"><span class='ocrx_word' id='word_1_1506' title='bbox 1158 1530 1259 1556; x_wconf 72' lang='lat' dir='ltr'>Cnn&amp;a</span> <span class='ocrx_word' id='word_1_1507' title='bbox 1273 1528 1339 1555; x_wconf 90' lang='lat' dir='ltr'>caeli</span> <span class='ocrx_word' id='word_1_1508' title='bbox 1359 1527 1467 1554; x_wconf 83' lang='lat' dir='ltr'>numina</span> <span class='ocrx_word' id='word_1_1509' title='bbox 1483 1527 1625 1553; x_wconf 85' lang='lat' dir='ltr'>deierando</span> <span class='ocrx_word' id='word_1_1510' title='bbox 1643 1532 1742 1553; x_wconf 83' lang='lat' dir='ltr'>temere</span> <span class='ocrx_word' id='word_1_1511' title='bbox 1757 1526 1884 1554; x_wconf 84' lang='lat' dir='ltr'>denotasti</span> <span class='ocrx_word' id='word_1_1512' title='bbox 1898 1530 1975 1564; x_wconf 85' lang='lat' dir='ltr'>Apul.</span> <span class='ocrx_word' id='word_1_1513' title='bbox 1989 1532 2054 1558; x_wconf 89' lang='lat' dir='ltr'>Met.</span> <span class='ocrx_word' id='word_1_1514' title='bbox 2066 1541 2083 1565; x_wconf 81' lang='lat'>9</span> <span class='ocrx_word' id='word_1_1515' title='bbox 2105 1543 2130 1568; x_wconf 89' lang='lat' dir='ltr'>p.</span> <span class='ocrx_word' id='word_1_1516' title='bbox 2144 1539 2198 1567; x_wconf 82' lang='lat'>361.</span> 
     </span>
     <span class='ocr_line' id='line_1_152' title="bbox 1157 1561 2199 1599; baseline 0.005 -8"><span class='ocrx_word' id='word_1_1517' title='bbox 1157 1568 1176 1591; x_wconf 83' lang='lat' dir='ltr'>i.</span> <span class='ocrx_word' id='word_1_1518' title='bbox 1190 1562 1341 1596; x_wconf 78' lang='lat' dir='ltr'>maledixisti</span> <span class='ocrx_word' id='word_1_1519' title='bbox 1355 1565 1396 1589; x_wconf 87' lang='lat' dir='ltr'>vel</span> <span class='ocrx_word' id='word_1_1520' title='bbox 1413 1562 1551 1597; x_wconf 72' lang='lat' dir='ltr'>exsecratus</span> <span class='ocrx_word' id='word_1_1521' title='bbox 1564 1572 1596 1588; x_wconf 80' lang='lat' dir='ltr'>es.</span> <span class='ocrx_word' id='word_1_1522' title='bbox 1649 1562 1690 1589; x_wconf 78' lang='lat' dir='ltr'>Sic</span> <span class='ocrx_word' id='word_1_1523' title='bbox 1703 1561 1780 1597; x_wconf 82' lang='lat' dir='ltr'>Apul.</span> <span class='ocrx_word' id='word_1_1524' title='bbox 1797 1562 1828 1589; x_wconf 86' lang='lat' dir='ltr'>de</span> <span class='ocrx_word' id='word_1_1525' title='bbox 1842 1564 1971 1599; x_wconf 64' lang='lat' dir='ltr'>Herb.‘73</span> <span class='ocrx_word' id='word_1_1526' title='bbox 1997 1567 2131 1595; x_wconf 81' lang='lat' dir='ltr'>Deuotare</span> <span class='ocrx_word' id='word_1_1527' title='bbox 2151 1570 2199 1598; x_wconf 90' lang='lat' dir='ltr'>ho-</span> 
     </span>
     <span class='ocr_line' id='line_1_153' title="bbox 1159 1597 1457 1631; baseline -0.013 -5"><span class='ocrx_word' id='word_1_1528' title='bbox 1159 1600 1257 1626; x_wconf 88' lang='lat' dir='ltr'>minem</span> <span class='ocrx_word' id='word_1_1529' title='bbox 1274 1597 1308 1631; x_wconf 75' lang='lat' dir='ltr'>est</span> <span class='ocrx_word' id='word_1_1530' title='bbox 1320 1601 1457 1624; x_wconf 78' lang='lat' dir='ltr'>incantare.</span> 
     </span>
    </p>

    <p class='ocr_par' dir='ltr' id='par_1_46' title="bbox 1161 1631 2199 1706">
     <span class='ocr_line' id='line_1_154' title="bbox 1195 1631 2198 1672; baseline 0.004 -12"><span class='ocrx_word' id='word_1_1531' title='bbox 1195 1641 1238 1660; x_wconf 85' lang='lat' dir='ltr'>DE</span> <span class='ocrx_word' id='word_1_1532' title='bbox 1249 1640 1268 1660; x_wconf 92' lang='lat' dir='ltr'>v</span> <span class='ocrx_word' id='word_1_1533' title='bbox 1280 1639 1455 1664; x_wconf 78' lang='lat' dir='ltr'>oTA‘rvs‚</span> <span class='ocrx_word' id='word_1_1534' title='bbox 1474 1640 1504 1664; x_wconf 89' lang='lat' dir='ltr'>a,</span> <span class='ocrx_word' id='word_1_1535' title='bbox 1524 1640 1578 1657; x_wconf 91' lang='lat' dir='ltr'>um.</span> <span class='ocrx_word' id='word_1_1536' title='bbox 1615 1631 1709 1657; x_wconf 70' lang='lat' dir='ltr'>Partic.</span> <span class='ocrx_word' id='word_1_1537' title='bbox 1745 1631 1822 1665; x_wconf 78' lang='lat' dir='ltr'>Apul.</span> <span class='ocrx_word' id='word_1_1538' title='bbox 1839 1632 1969 1660; x_wconf 65' lang='lat' dir='ltr'>de‘Hcrb.</span> <span class='ocrx_word' id='word_1_1539' title='bbox 1985 1644 2005 1660; x_wconf 84' lang='lat' dir='ltr'>c.</span> <span class='ocrx_word' id='word_1_1540' title='bbox 2021 1643 2038 1669; x_wconf 89' lang='grc'>7</span> <span class='ocrx_word' id='word_1_1541' title='bbox 2057 1646 2082 1670; x_wconf 90' lang='lat' dir='ltr'>p.</span> <span class='ocrx_word' id='word_1_1542' title='bbox 2096 1640 2146 1672; x_wconf 84' lang='lat'>276</span> <span class='ocrx_word' id='word_1_1543' title='bbox 2171 1639 2198 1666; x_wconf 88' lang='lat' dir='ltr'>Si</span> 
     </span>
     <span class='ocr_line' id='line_1_155' title="bbox 1161 1665 2199 1706; baseline 0.006 -11"><span class='ocrx_word' id='word_1_1544' title='bbox 1161 1670 1221 1704; x_wconf 86' lang='lat' dir='ltr'>quis</span> <span class='ocrx_word' id='word_1_1545' title='bbox 1233 1669 1370 1695; x_wconf 85' lang='lat' dir='ltr'>denotatus</span> <span class='ocrx_word' id='word_1_1546' title='bbox 1388 1667 1542 1700; x_wconf 81' lang='lat' dir='ltr'>defixusque</span> <span class='ocrx_word' id='word_1_1547' title='bbox 1560 1667 1641 1692; x_wconf 86' lang='lat' dir='ltr'>fuerit</span> <span class='ocrx_word' id='word_1_1548' title='bbox 1659 1667 1686 1692; x_wconf 88' lang='lat' dir='ltr'>in</span> <span class='ocrx_word' id='word_1_1549' title='bbox 1703 1665 1754 1691; x_wconf 85' lang='lat' dir='ltr'>suis</span> <span class='ocrx_word' id='word_1_1550' title='bbox 1774 1667 1889 1700; x_wconf 86' lang='lat' dir='ltr'>nuptiis,</span> <span class='ocrx_word' id='word_1_1551' title='bbox 1907 1667 1940 1694; x_wconf 82' lang='lat' dir='ltr'>fic</span> <span class='ocrx_word' id='word_1_1552' title='bbox 1953 1677 2014 1696; x_wconf 87' lang='lat' dir='ltr'>eum</span> <span class='ocrx_word' id='word_1_1553' title='bbox 2028 1672 2161 1706; x_wconf 86' lang='lat' dir='ltr'>resolues,</span> <span class='ocrx_word' id='word_1_1554' title='bbox 2180 1677 2199 1701; x_wconf 83' lang='lat' dir='ltr'>i.</span> 
     </span>
    </p>

    <p class='ocr_par' dir='ltr' id='par_1_47' title="bbox 1575 1701 1919 1729">
     <span class='ocr_line' id='line_1_156' title="bbox 1575 1701 1919 1729; baseline 0.006 -3"><span class='ocrx_word' id='word_1_1555' title='bbox 1575 1701 1633 1727; x_wconf 85' lang='lat' dir='ltr'>Vid.</span> <span class='ocrx_word' id='word_1_1556' title='bbox 1648 1707 1667 1726; x_wconf 83' lang='lat' dir='ltr'>D</span> <span class='ocrx_word' id='word_1_1557' title='bbox 1675 1707 1692 1727; x_wconf 84' lang='grc' dir='ltr'><strong><em>Ε</em></strong></span> <span class='ocrx_word' id='word_1_1558' title='bbox 1700 1707 1720 1726; x_wconf 88' lang='grc' dir='ltr'><strong><em>ν</em></strong></span> <span class='ocrx_word' id='word_1_1559' title='bbox 1731 1707 1749 1727; x_wconf 96' lang='lat' dir='ltr'>o</span> <span class='ocrx_word' id='word_1_1560' title='bbox 1760 1707 1779 1725; x_wconf 84' lang='lat' dir='ltr'>v</span> <span class='ocrx_word' id='word_1_1561' title='bbox 1789 1708 1805 1727; x_wconf 86' lang='lat' dir='ltr'><em>E</em></span> <span class='ocrx_word' id='word_1_1562' title='bbox 1814 1709 1833 1728; x_wconf 92' lang='lat' dir='ltr'>o</span> <span class='ocrx_word' id='word_1_1563' title='bbox 1854 1709 1919 1729; x_wconf 81' lang='lat' dir='ltr'>extr.</span> 
     </span>
    </p>

    <p class='ocr_par' dir='ltr' id='par_1_48' title="bbox 1162 1735 2208 2582">
     <span class='ocr_line' id='line_1_157' title="bbox 1200 1735 2200 1776; baseline 0.008 -15"><span class='ocrx_word' id='word_1_1564' title='bbox 1200 1745 1218 1764; x_wconf 82' lang='lat' dir='ltr'>D</span> <span class='ocrx_word' id='word_1_1565' title='bbox 1228 1745 1274 1765; x_wconf 77' lang='lat' dir='ltr'>EV</span> <span class='ocrx_word' id='word_1_1566' title='bbox 1284 1745 1396 1770; x_wconf 83' lang='lat' dir='ltr'>OTIO,</span> <span class='ocrx_word' id='word_1_1567' title='bbox 1417 1741 1483 1763; x_wconf 70' lang='lat' dir='ltr'>oms.</span> <span class='ocrx_word' id='word_1_1568' title='bbox 1519 1737 1538 1761; x_wconf 86' lang='lat' dir='ltr'>f.</span> <span class='ocrx_word' id='word_1_1569' title='bbox 1574 1735 1724 1772; x_wconf 69' lang='grc' dir='ltr'>[κατευχὴ]</span> <span class='ocrx_word' id='word_1_1570' title='bbox 1761 1736 1816 1762; x_wconf 89' lang='lat' dir='ltr'>Cic.</span> <span class='ocrx_word' id='word_1_1571' title='bbox 1831 1736 1863 1763; x_wconf 87' lang='lat' dir='ltr'>de</span> <span class='ocrx_word' id='word_1_1572' title='bbox 1875 1737 1969 1765; x_wconf 83' lang='lat' dir='ltr'>Natur.</span> <span class='ocrx_word' id='word_1_1573' title='bbox 1980 1740 2061 1768; x_wconf 90' lang='lat' dir='ltr'>Deor.</span> <span class='ocrx_word' id='word_1_1574' title='bbox 2075 1750 2096 1774; x_wconf 82' lang='grc'>3,</span> <span class='ocrx_word' id='word_1_1575' title='bbox 2109 1751 2134 1776; x_wconf 75' lang='grc' dir='ltr'>ις</span> <span class='ocrx_word' id='word_1_1576' title='bbox 2151 1744 2200 1772; x_wconf 87' lang='lat' dir='ltr'>Tu</span> 
     </span>
     <span class='ocr_line' id='line_1_158' title="bbox 1162 1770 2200 1806; baseline 0.009 -8"><span class='ocrx_word' id='word_1_1577' title='bbox 1162 1780 1251 1798; x_wconf 88' lang='lat' dir='ltr'>autem</span> <span class='ocrx_word' id='word_1_1578' title='bbox 1265 1773 1344 1799; x_wconf 86' lang='lat' dir='ltr'>etiam</span> <span class='ocrx_word' id='word_1_1579' title='bbox 1356 1774 1500 1799; x_wconf 87' lang='lat' dir='ltr'>Deciorum</span> <span class='ocrx_word' id='word_1_1580' title='bbox 1511 1770 1701 1798; x_wconf 87' lang='lat' dir='ltr'>deuotionibus</span> <span class='ocrx_word' id='word_1_1581' title='bbox 1714 1770 1851 1805; x_wconf 85' lang='lat' dir='ltr'>placandos</span> <span class='ocrx_word' id='word_1_1582' title='bbox 1865 1772 1927 1800; x_wconf 87' lang='lat' dir='ltr'>deos</span> <span class='ocrx_word' id='word_1_1583' title='bbox 1941 1776 1989 1801; x_wconf 80' lang='lat' dir='ltr'>esse</span> <span class='ocrx_word' id='word_1_1584' title='bbox 2006 1778 2100 1804; x_wconf 80' lang='lat' dir='ltr'>censes.</span> <span class='ocrx_word' id='word_1_1585' title='bbox 2143 1780 2200 1806; x_wconf 80' lang='lat' dir='ltr'>Via&#39;.</span> 
     </span>
     <span class='ocr_line' id='line_1_159' title="bbox 1162 1806 2201 1848; baseline 0.007 -16"><span class='ocrx_word' id='word_1_1586' title='bbox 1162 1806 1237 1832; x_wconf 87' lang='lat' dir='ltr'>Idem</span> <span class='ocrx_word' id='word_1_1587' title='bbox 1249 1816 1298 1840; x_wconf 89' lang='lat' dir='ltr'>pro</span> <span class='ocrx_word' id='word_1_1588' title='bbox 1312 1809 1400 1833; x_wconf 90' lang='lat' dir='ltr'>Domo</span> <span class='ocrx_word' id='word_1_1589' title='bbox 1414 1809 1458 1834; x_wconf 86' lang='lat' dir='ltr'>sua</span> <span class='ocrx_word' id='word_1_1590' title='bbox 1477 1816 1498 1834; x_wconf 92' lang='lat' dir='ltr'>c.</span> <span class='ocrx_word' id='word_1_1591' title='bbox 1512 1815 1556 1839; x_wconf 83' lang='lat'>24.</span> <span class='ocrx_word' id='word_1_1592' title='bbox 1627 1806 1745 1832; x_wconf 87' lang='lat' dir='ltr'>Deuotio</span> <span class='ocrx_word' id='word_1_1593' title='bbox 1758 1806 1786 1832; x_wconf 93' lang='lat' dir='ltr'>in</span> <span class='ocrx_word' id='word_1_1594' title='bbox 1801 1807 1861 1841; x_wconf 82' lang='lat' dir='ltr'>pilis</span> <span class='ocrx_word' id='word_1_1595' title='bbox 1876 1809 1969 1844; x_wconf 83' lang='lat' dir='ltr'>scripta</span> <span class='ocrx_word' id='word_1_1596' title='bbox 1983 1811 2073 1845; x_wconf 82' lang='lat' dir='ltr'>Nepos</span> <span class='ocrx_word' id='word_1_1597' title='bbox 2090 1821 2117 1847; x_wconf 80' lang='lat'>7,</span> <span class='ocrx_word' id='word_1_1598' title='bbox 2139 1817 2164 1847; x_wconf 83' lang='lat'>6,</span> <span class='ocrx_word' id='word_1_1599' title='bbox 2179 1823 2201 1848; x_wconf 72' lang='lat'>3.</span> 
     </span>
     <span class='ocr_line' id='line_1_160' title="bbox 1162 1841 2200 1876; baseline 0.008 -8"><span class='ocrx_word' id='word_1_1600' title='bbox 1162 1841 1230 1868; x_wconf 78' lang='lat' dir='ltr'>Add.</span> <span class='ocrx_word' id='word_1_1601' title='bbox 1244 1841 1363 1868; x_wconf 86' lang='lat' dir='ltr'>Macrob.</span> <span class='ocrx_word' id='word_1_1602' title='bbox 1376 1843 1476 1869; x_wconf 86' lang='lat' dir='ltr'>Saturn.</span> <span class='ocrx_word' id='word_1_1603' title='bbox 1490 1850 1511 1874; x_wconf 87' lang='lat'>3,</span> <span class='ocrx_word' id='word_1_1604' title='bbox 1524 1850 1549 1874; x_wconf 88' lang='lat'>9.</span> <span class='ocrx_word' id='word_1_1605' title='bbox 1621 1842 1676 1869; x_wconf 88' lang='lat' dir='ltr'>Cic.</span> <span class='ocrx_word' id='word_1_1606' title='bbox 1691 1851 1739 1876; x_wconf 88' lang='lat' dir='ltr'>pro</span> <span class='ocrx_word' id='word_1_1607' title='bbox 1752 1842 1842 1870; x_wconf 85' lang='lat' dir='ltr'>Rabir.</span> <span class='ocrx_word' id='word_1_1608' title='bbox 1856 1844 1921 1871; x_wconf 88' lang='lat' dir='ltr'>Post.</span> <span class='ocrx_word' id='word_1_1609' title='bbox 1943 1854 1963 1870; x_wconf 91' lang='lat' dir='ltr'>c.</span> <span class='ocrx_word' id='word_1_1610' title='bbox 1978 1855 1987 1872; x_wconf 92' lang='lat'>1</span> <span class='ocrx_word' id='word_1_1611' title='bbox 2013 1848 2043 1872; x_wconf 87' lang='lat'>111</span> <span class='ocrx_word' id='word_1_1612' title='bbox 2057 1847 2200 1876; x_wconf 86' lang='lat' dir='ltr'>deuotione</span> 
     </span>
     <span class='ocr_line' id='line_1_161' title="bbox 1164 1877 2201 1912; baseline 0.009 -9"><span class='ocrx_word' id='word_1_1613' title='bbox 1164 1877 1244 1904; x_wconf 83' lang='lat' dir='ltr'>Vitae</span> <span class='ocrx_word' id='word_1_1614' title='bbox 1257 1884 1283 1903; x_wconf 86' lang='lat' dir='ltr'>ct</span> <span class='ocrx_word' id='word_1_1615' title='bbox 1296 1878 1324 1903; x_wconf 90' lang='lat' dir='ltr'>in</span> <span class='ocrx_word' id='word_1_1616' title='bbox 1338 1878 1394 1912; x_wconf 89' lang='lat' dir='ltr'>ipso</span> <span class='ocrx_word' id='word_1_1617' title='bbox 1406 1886 1500 1912; x_wconf 83' lang='lat' dir='ltr'>genere</span> <span class='ocrx_word' id='word_1_1618' title='bbox 1514 1877 1608 1903; x_wconf 84' lang='lat' dir='ltr'>mortis</span> <span class='ocrx_word' id='word_1_1619' title='bbox 1622 1877 1740 1904; x_wconf 83' lang='lat' dir='ltr'>imitatus</span> <span class='ocrx_word' id='word_1_1620' title='bbox 1755 1878 1790 1903; x_wconf 88' lang='lat' dir='ltr'>est</span> <span class='ocrx_word' id='word_1_1621' title='bbox 1804 1880 1829 1905; x_wconf 93' lang='lat' dir='ltr'>P.</span> <span class='ocrx_word' id='word_1_1622' title='bbox 1840 1879 1950 1906; x_wconf 85' lang='lat' dir='ltr'>Decium</span> <span class='ocrx_word' id='word_1_1623' title='bbox 1963 1880 2042 1908; x_wconf 82' lang='lat' dir='ltr'>filius.</span> <span class='ocrx_word' id='word_1_1624' title='bbox 2083 1884 2201 1912; x_wconf 88' lang='lat' dir='ltr'>Deuotio</span> 
     </span>
     <span class='ocr_line' id='line_1_162' title="bbox 1164 1911 2202 1952; baseline 0.008 -13"><span class='ocrx_word' id='word_1_1625' title='bbox 1164 1912 1357 1945; x_wconf 83' lang='lat' dir='ltr'>committitur,</span> <span class='ocrx_word' id='word_1_1626' title='bbox 1377 1922 1432 1940; x_wconf 86' lang='lat' dir='ltr'>cum</span> <span class='ocrx_word' id='word_1_1627' title='bbox 1445 1911 1530 1945; x_wconf 63' lang='lat' dir='ltr'>exiliit</span> <span class='ocrx_word' id='word_1_1628' title='bbox 1545 1912 1654 1939; x_wconf 73' lang='lat' dir='ltr'>conditio</span> <span class='ocrx_word' id='word_1_1629' title='bbox 1667 1916 1733 1938; x_wconf 78' lang='lat' dir='ltr'>eius:</span> <span class='ocrx_word' id='word_1_1630' title='bbox 1753 1913 1809 1939; x_wconf 90' lang='lat' dir='ltr'>Cic.</span> <span class='ocrx_word' id='word_1_1631' title='bbox 1822 1914 1850 1940; x_wconf 89' lang='lat' dir='ltr'>in</span> <span class='ocrx_word' id='word_1_1632' title='bbox 1862 1913 1914 1941; x_wconf 84' lang='lat' dir='ltr'>fine</span> <span class='ocrx_word' id='word_1_1633' title='bbox 1926 1916 1973 1942; x_wconf 94' lang='lat' dir='ltr'>Or.</span> <span class='ocrx_word' id='word_1_1634' title='bbox 1986 1925 2036 1950; x_wconf 89' lang='lat' dir='ltr'>pro</span> <span class='ocrx_word' id='word_1_1635' title='bbox 2050 1918 2154 1952; x_wconf 88' lang='lat' dir='ltr'>Domo,</span> <span class='ocrx_word' id='word_1_1636' title='bbox 2175 1921 2202 1947; x_wconf 83' lang='lat' dir='ltr'>Si</span> 
     </span>
     <span class='ocr_line' id='line_1_163' title="bbox 1164 1947 2203 1983; baseline 0.009 -9"><span class='ocrx_word' id='word_1_1637' title='bbox 1164 1957 1259 1983; x_wconf 89' lang='lat' dir='ltr'>meque</span> <span class='ocrx_word' id='word_1_1638' title='bbox 1273 1957 1302 1974; x_wconf 88' lang='lat' dir='ltr'>ac</span> <span class='ocrx_word' id='word_1_1639' title='bbox 1316 1957 1404 1974; x_wconf 87' lang='lat' dir='ltr'>meum</span> <span class='ocrx_word' id='word_1_1640' title='bbox 1419 1954 1495 1982; x_wconf 89' lang='lat' dir='ltr'>caput</span> <span class='ocrx_word' id='word_1_1641' title='bbox 1513 1957 1542 1974; x_wconf 88' lang='lat' dir='ltr'>ca</span> <span class='ocrx_word' id='word_1_1642' title='bbox 1560 1947 1712 1973; x_wconf 88' lang='lat' dir='ltr'>conditione</span> <span class='ocrx_word' id='word_1_1643' title='bbox 1729 1947 1844 1981; x_wconf 85' lang='lat' dir='ltr'>deuoui,</span> <span class='ocrx_word' id='word_1_1644' title='bbox 1860 1955 1888 1976; x_wconf 88' lang='lat' dir='ltr'>vt</span> <span class='ocrx_word' id='word_1_1645' title='bbox 1901 1950 1918 1975; x_wconf 82' lang='lat' dir='ltr'><strong>fi</strong></span> <span class='ocrx_word' id='word_1_1646' title='bbox 1932 1950 1999 1977; x_wconf 87' lang='lat' dir='ltr'>nihil</span> <span class='ocrx_word' id='word_1_1647' title='bbox 2013 1953 2060 1978; x_wconf 83' lang='lat' dir='ltr'>nisi</span> <span class='ocrx_word' id='word_1_1648' title='bbox 2075 1953 2106 1979; x_wconf 90' lang='lat' dir='ltr'>de</span> <span class='ocrx_word' id='word_1_1649' title='bbox 2121 1956 2203 1982; x_wconf 86' lang='lat' dir='ltr'>salute</span> 
     </span>
     <span class='ocr_line' id='line_1_164' title="bbox 1164 1983 2203 2019; baseline 0.009 -10"><span class='ocrx_word' id='word_1_1650' title='bbox 1164 1992 1286 2010; x_wconf 88' lang='lat' dir='ltr'>meorum</span> <span class='ocrx_word' id='word_1_1651' title='bbox 1298 1983 1398 2009; x_wconf 86' lang='lat' dir='ltr'>ciuium</span> <span class='ocrx_word' id='word_1_1652' title='bbox 1412 1983 1562 2009; x_wconf 77' lang='lat' dir='ltr'>laborassem</span> <span class='ocrx_word' id='word_1_1653' title='bbox 1571 2002 1578 2013; x_wconf 94' lang='lat'>,</span> <span class='ocrx_word' id='word_1_1654' title='bbox 1597 1989 1652 2008; x_wconf 90' lang='lat' dir='ltr'>tum</span> <span class='ocrx_word' id='word_1_1655' title='bbox 1671 1983 1739 2009; x_wconf 83' lang='lat' dir='ltr'>mihi</span> <span class='ocrx_word' id='word_1_1656' title='bbox 1752 1983 1863 2017; x_wconf 83' lang='lat' dir='ltr'>Republ.</span> <span class='ocrx_word' id='word_1_1657' title='bbox 1882 1985 2025 2019; x_wconf 86' lang='lat' dir='ltr'>aliquando</span> <span class='ocrx_word' id='word_1_1658' title='bbox 2037 1989 2157 2017; x_wconf 86' lang='lat' dir='ltr'>restituta</span> <span class='ocrx_word' id='word_1_1659' title='bbox 2170 1991 2203 2018; x_wconf 88' lang='lat' dir='ltr'>li-</span> 
     </span>
     <span class='ocr_line' id='line_1_165' title="bbox 1165 2017 2202 2061; baseline 0.006 -16"><span class='ocrx_word' id='word_1_1660' title='bbox 1165 2024 1235 2045; x_wconf 86' lang='lat' dir='ltr'>ccret</span> <span class='ocrx_word' id='word_1_1661' title='bbox 1244 2019 1317 2045; x_wconf 73' lang='lat' dir='ltr'>frui:</span> <span class='ocrx_word' id='word_1_1662' title='bbox 1342 2018 1379 2044; x_wconf 86' lang='lat' dir='ltr'>fin</span> <span class='ocrx_word' id='word_1_1663' title='bbox 1392 2024 1480 2044; x_wconf 83' lang='lat' dir='ltr'>autem</span> <span class='ocrx_word' id='word_1_1664' title='bbox 1492 2026 1550 2044; x_wconf 85' lang='lat' dir='ltr'>mea</span> <span class='ocrx_word' id='word_1_1665' title='bbox 1564 2017 1670 2044; x_wconf 83' lang='lat' dir='ltr'>consilia</span> <span class='ocrx_word' id='word_1_1666' title='bbox 1683 2027 1737 2043; x_wconf 86' lang='lat' dir='ltr'>non</span> <span class='ocrx_word' id='word_1_1667' title='bbox 1752 2019 1907 2052; x_wconf 78' lang='lat' dir='ltr'>profuissent</span> <span class='ocrx_word' id='word_1_1668' title='bbox 1925 2022 2025 2055; x_wconf 80' lang='lat' dir='ltr'>patriae</span> <span class='ocrx_word' id='word_1_1669' title='bbox 2037 2034 2045 2054; x_wconf 87' lang='lat'>;</span> <span class='ocrx_word' id='word_1_1670' title='bbox 2071 2030 2099 2051; x_wconf 78' lang='lat' dir='ltr'>vt</span> <span class='ocrx_word' id='word_1_1671' title='bbox 2112 2035 2202 2061; x_wconf 81' lang='lat' dir='ltr'>perpe.</span> 
     </span>
     <span class='ocr_line' id='line_1_166' title="bbox 1164 2052 2203 2094; baseline 0.008 -14"><span class='ocrx_word' id='word_1_1672' title='bbox 1164 2060 1240 2081; x_wconf 87' lang='lat' dir='ltr'>tuum</span> <span class='ocrx_word' id='word_1_1673' title='bbox 1259 2054 1381 2080; x_wconf 85' lang='lat' dir='ltr'>dolorem</span> <span class='ocrx_word' id='word_1_1674' title='bbox 1401 2053 1574 2080; x_wconf 81' lang='lat' dir='ltr'>sustinerem:</span> <span class='ocrx_word' id='word_1_1675' title='bbox 1601 2052 1666 2078; x_wconf 85' lang='lat' dir='ltr'>hanc</span> <span class='ocrx_word' id='word_1_1676' title='bbox 1685 2061 1734 2086; x_wconf 85' lang='lat' dir='ltr'>ego</span> <span class='ocrx_word' id='word_1_1677' title='bbox 1753 2052 1926 2081; x_wconf 83' lang='lat' dir='ltr'>denotionem</span> <span class='ocrx_word' id='word_1_1678' title='bbox 1947 2058 2037 2091; x_wconf 86' lang='lat' dir='ltr'>capitis</span> <span class='ocrx_word' id='word_1_1679' title='bbox 2051 2061 2121 2094; x_wconf 85' lang='lat' dir='ltr'>mei,</span> <span class='ocrx_word' id='word_1_1680' title='bbox 2143 2071 2203 2090; x_wconf 88' lang='lat' dir='ltr'>cnm</span> 
     </span>
     <span class='ocr_line' id='line_1_167' title="bbox 1165 2087 2204 2125; baseline 0.009 -10"><span class='ocrx_word' id='word_1_1681' title='bbox 1165 2098 1211 2116; x_wconf 90' lang='lat' dir='ltr'>ero</span> <span class='ocrx_word' id='word_1_1682' title='bbox 1226 2090 1254 2115; x_wconf 89' lang='lat' dir='ltr'>in</span> <span class='ocrx_word' id='word_1_1683' title='bbox 1269 2089 1338 2116; x_wconf 85' lang='lat' dir='ltr'>sedes</span> <span class='ocrx_word' id='word_1_1684' title='bbox 1352 2097 1422 2114; x_wconf 87' lang='lat' dir='ltr'>meas</span> <span class='ocrx_word' id='word_1_1685' title='bbox 1436 2088 1642 2118; x_wconf 79' lang='lat' dir='ltr'>restitutus‚tum</span> <span class='ocrx_word' id='word_1_1686' title='bbox 1654 2087 1768 2122; x_wconf 87' lang='lat' dir='ltr'>denique</span> <span class='ocrx_word' id='word_1_1687' title='bbox 1780 2090 1929 2117; x_wconf 64' lang='lat' dir='ltr'>connieiam</span> <span class='ocrx_word' id='word_1_1688' title='bbox 1943 2093 1991 2119; x_wconf 72' lang='lat' dir='ltr'>css‘e</span> <span class='ocrx_word' id='word_1_1689' title='bbox 2005 2102 2030 2119; x_wconf 85' lang='lat' dir='ltr'>et</span> <span class='ocrx_word' id='word_1_1690' title='bbox 2043 2097 2204 2125; x_wconf 78' lang='lat' dir='ltr'>commissam</span> 
     </span>
     <span class='ocr_line' id='line_1_168' title="bbox 1166 2122 2204 2164; baseline 0.005 -14"><span class='ocrx_word' id='word_1_1691' title='bbox 1166 2124 1273 2159; x_wconf 87' lang='lat' dir='ltr'>putabo.</span> <span class='ocrx_word' id='word_1_1692' title='bbox 1309 2122 1351 2157; x_wconf 67' lang='lat' dir='ltr'>Eli</span> <span class='ocrx_word' id='word_1_1693' title='bbox 1364 2123 1860 2160; x_wconf 60' lang='lat' dir='ltr'>etiamDeuotioExset-ratio:[nai-igme]</span> <span class='ocrx_word' id='word_1_1694' title='bbox 1882 2127 2077 2164; x_wconf 86' lang='lat' dir='ltr'>Suet.inCalig.</span> <span class='ocrx_word' id='word_1_1695' title='bbox 2092 2140 2134 2164; x_wconf 81' lang='lat' dir='ltr'>c.3</span> <span class='ocrx_word' id='word_1_1696' title='bbox 2155 2133 2204 2160; x_wconf 83' lang='lat' dir='ltr'>Le-</span> 
     </span>
     <span class='ocr_line' id='line_1_169' title="bbox 1166 2157 2205 2200; baseline 0.011 -16"><span class='ocrx_word' id='word_1_1697' title='bbox 1166 2160 1206 2185; x_wconf 85' lang='lat' dir='ltr'>nis</span> <span class='ocrx_word' id='word_1_1698' title='bbox 1221 2159 1286 2185; x_wconf 83' lang='lat' dir='ltr'>adeo</span> <span class='ocrx_word' id='word_1_1699' title='bbox 1301 2164 1326 2185; x_wconf 84' lang='lat' dir='ltr'>et</span> <span class='ocrx_word' id='word_1_1700' title='bbox 1339 2159 1462 2184; x_wconf 86' lang='lat' dir='ltr'>innoxius</span> <span class='ocrx_word' id='word_1_1701' title='bbox 1471 2178 1479 2190; x_wconf 87' lang='lat'>‚</span> <span class='ocrx_word' id='word_1_1702' title='bbox 1499 2163 1527 2184; x_wconf 87' lang='lat' dir='ltr'>vt</span> <span class='ocrx_word' id='word_1_1703' title='bbox 1539 2158 1627 2184; x_wconf 90' lang='lat' dir='ltr'>Pisoni</span> <span class='ocrx_word' id='word_1_1704' title='bbox 1639 2157 1742 2185; x_wconf 85' lang='lat' dir='ltr'>decreta</span> <span class='ocrx_word' id='word_1_1705' title='bbox 1755 2159 1799 2186; x_wconf 85' lang='lat' dir='ltr'>sna</span> <span class='ocrx_word' id='word_1_1706' title='bbox 1811 2161 1986 2196; x_wconf 73' lang='lat' dir='ltr'>rescindenti,</span> <span class='ocrx_word' id='word_1_1707' title='bbox 1999 2173 2052 2191; x_wconf 90' lang='lat' dir='ltr'>non</span> <span class='ocrx_word' id='word_1_1708' title='bbox 2065 2168 2137 2200; x_wconf 90' lang='lat' dir='ltr'>prins</span> <span class='ocrx_word' id='word_1_1709' title='bbox 2150 2169 2205 2195; x_wconf 89' lang='lat' dir='ltr'>suc-</span> 
     </span>
     <span class='ocr_line' id='line_1_170' title="bbox 1165 2193 2204 2233; baseline 0.011 -13"><span class='ocrx_word' id='word_1_1710' title='bbox 1165 2195 1268 2221; x_wconf 84' lang='lat' dir='ltr'>censere</span> <span class='ocrx_word' id='word_1_1711' title='bbox 1281 2194 1309 2220; x_wconf 80' lang='lat' dir='ltr'>in</span> <span class='ocrx_word' id='word_1_1712' title='bbox 1321 2194 1439 2220; x_wconf 87' lang='lat' dir='ltr'>animum</span> <span class='ocrx_word' id='word_1_1713' title='bbox 1453 2193 1602 2225; x_wconf 80' lang='lat' dir='ltr'>induxerit,</span> <span class='ocrx_word' id='word_1_1714' title='bbox 1619 2201 1698 2228; x_wconf 79' lang='lat' dir='ltr'>qnam</span> <span class='ocrx_word' id='word_1_1715' title='bbox 1711 2195 1846 2222; x_wconf 82' lang='lat' dir='ltr'>veneficiis</span> <span class='ocrx_word' id='word_1_1716' title='bbox 1859 2206 1967 2233; x_wconf 89' lang='lat' dir='ltr'>quoqne</span> <span class='ocrx_word' id='word_1_1717' title='bbox 1977 2205 2003 2226; x_wconf 84' lang='lat' dir='ltr'>et</span> <span class='ocrx_word' id='word_1_1718' title='bbox 2014 2200 2204 2230; x_wconf 84' lang='lat' dir='ltr'>deuotionibus</span> 
     </span>
     <span class='ocr_line' id='line_1_171' title="bbox 1165 2229 2204 2272; baseline 0.007 -16"><span class='ocrx_word' id='word_1_1719' title='bbox 1165 2229 1316 2265; x_wconf 84' lang='lat' dir='ltr'>impugnari</span> <span class='ocrx_word' id='word_1_1720' title='bbox 1332 2230 1357 2256; x_wconf 83' lang='lat' dir='ltr'>se</span> <span class='ocrx_word' id='word_1_1721' title='bbox 1370 2230 1542 2264; x_wconf 77' lang='lat' dir='ltr'>comperisset.</span> <span class='ocrx_word' id='word_1_1722' title='bbox 1585 2230 1708 2265; x_wconf 83' lang='lat' dir='ltr'>Coniunge</span> <span class='ocrx_word' id='word_1_1723' title='bbox 1721 2231 1811 2257; x_wconf 86' lang='lat' dir='ltr'>Tacit.</span> <span class='ocrx_word' id='word_1_1724' title='bbox 1825 2233 1891 2259; x_wconf 89' lang='lat' dir='ltr'>Ann.</span> <span class='ocrx_word' id='word_1_1725' title='bbox 1908 2242 1949 2267; x_wconf 84' lang='lat'>12,</span> <span class='ocrx_word' id='word_1_1726' title='bbox 1964 2237 2003 2268; x_wconf 74' lang='lat'>65.</span> <span class='ocrx_word' id='word_1_1727' title='bbox 2048 2238 2125 2272; x_wconf 79' lang='lat' dir='ltr'>Apul.</span> <span class='ocrx_word' id='word_1_1728' title='bbox 2138 2240 2204 2267; x_wconf 78' lang='lat' dir='ltr'>Met.</span> 
     </span>
     <span class='ocr_line' id='line_1_172' title="bbox 1167 2265 2205 2305; baseline 0.01 -14"><span class='ocrx_word' id='word_1_1729' title='bbox 1167 2275 1178 2294; x_wconf 90' lang='lat'>1</span> <span class='ocrx_word' id='word_1_1730' title='bbox 1201 2275 1226 2301; x_wconf 88' lang='lat' dir='ltr'>p.</span> <span class='ocrx_word' id='word_1_1731' title='bbox 1243 2268 1304 2297; x_wconf 85' lang='lat'>106,</span> <span class='ocrx_word' id='word_1_1732' title='bbox 1317 2274 1350 2297; x_wconf 87' lang='lat'>29</span> <span class='ocrx_word' id='word_1_1733' title='bbox 1377 2265 1572 2291; x_wconf 87' lang='lat' dir='ltr'>Deuotionibus</span> <span class='ocrx_word' id='word_1_1734' title='bbox 1591 2265 1778 2299; x_wconf 65' lang='lat' dir='ltr'>sepulcr-nibus</span> <span class='ocrx_word' id='word_1_1735' title='bbox 1797 2267 1824 2293; x_wconf 91' lang='grc' dir='ltr'>ιιι</span> <span class='ocrx_word' id='word_1_1736' title='bbox 1842 2268 1961 2296; x_wconf 90' lang='lat' dir='ltr'>scrobem</span> <span class='ocrx_word' id='word_1_1737' title='bbox 1978 2274 2124 2305; x_wconf 84' lang='lat' dir='ltr'>procuratis</span> <span class='ocrx_word' id='word_1_1738' title='bbox 2160 2281 2205 2296; x_wconf 66' lang='lat'>&#39;-—</span> 
     </span>
     <span class='ocr_line' id='line_1_173' title="bbox 1165 2299 2205 2339; baseline 0.01 -11"><span class='ocrx_word' id='word_1_1739' title='bbox 1165 2301 1273 2329; x_wconf 70' lang='grc' dir='ltr'>ευιιὲἱοε</span> <span class='ocrx_word' id='word_1_1740' title='bbox 1289 2301 1317 2327; x_wconf 80' lang='grc' dir='ltr'>ιιι</span> <span class='ocrx_word' id='word_1_1741' title='bbox 1331 2300 1382 2327; x_wconf 85' lang='lat' dir='ltr'>suis</span> <span class='ocrx_word' id='word_1_1742' title='bbox 1397 2299 1520 2327; x_wconf 84' lang='lat' dir='ltr'>domibus</span> <span class='ocrx_word' id='word_1_1743' title='bbox 1535 2305 1606 2328; x_wconf 80' lang='lat' dir='ltr'>tanta</span> <span class='ocrx_word' id='word_1_1744' title='bbox 1620 2301 1772 2327; x_wconf 83' lang='lat' dir='ltr'>cantionum</span> <span class='ocrx_word' id='word_1_1745' title='bbox 1785 2302 1915 2331; x_wconf 84' lang='lat' dir='ltr'>violentia</span> <span class='ocrx_word' id='word_1_1746' title='bbox 1927 2305 2030 2339; x_wconf 83' lang='lat' dir='ltr'>clausit,</span> <span class='ocrx_word' id='word_1_1747' title='bbox 2051 2312 2096 2335; x_wconf 70' lang='lat' dir='ltr'>etc.</span> <span class='ocrx_word' id='word_1_1748' title='bbox 2133 2310 2205 2338; x_wconf 86' lang='lat' dir='ltr'>Idem</span> 
     </span>
     <span class='ocr_line' id='line_1_174' title="bbox 1166 2335 2206 2374; baseline 0.009 -10"><span class='ocrx_word' id='word_1_1749' title='bbox 1166 2347 1180 2365; x_wconf 87' lang='lat'><em>2</em></span> <span class='ocrx_word' id='word_1_1750' title='bbox 1204 2347 1228 2374; x_wconf 92' lang='lat' dir='ltr'>p.</span> <span class='ocrx_word' id='word_1_1751' title='bbox 1244 2344 1300 2373; x_wconf 85' lang='lat'>127,</span> <span class='ocrx_word' id='word_1_1752' title='bbox 1312 2342 1343 2367; x_wconf 86' lang='lat'>28</span> <span class='ocrx_word' id='word_1_1753' title='bbox 1369 2337 1411 2363; x_wconf 92' lang='lat' dir='ltr'>An</span> <span class='ocrx_word' id='word_1_1754' title='bbox 1430 2345 1484 2362; x_wconf 91' lang='lat' dir='ltr'>non</span> <span class='ocrx_word' id='word_1_1755' title='bbox 1500 2342 1573 2370; x_wconf 77' lang='lat' dir='ltr'>putas</span> <span class='ocrx_word' id='word_1_1756' title='bbox 1590 2335 1780 2363; x_wconf 85' lang='lat' dir='ltr'>deuotionibus</span> <span class='ocrx_word' id='word_1_1757' title='bbox 1802 2339 1866 2365; x_wconf 89' lang='lat' dir='ltr'>meis</span> <span class='ocrx_word' id='word_1_1758' title='bbox 1886 2342 1955 2374; x_wconf 84' lang='lat' dir='ltr'>poffe</span> <span class='ocrx_word' id='word_1_1759' title='bbox 1973 2342 2048 2369; x_wconf 86' lang='lat' dir='ltr'>Diras</span> <span class='ocrx_word' id='word_1_1760' title='bbox 2067 2345 2206 2373; x_wconf 61' lang='lat' dir='ltr'>inuocarie</span> 
     </span>
     <span class='ocr_line' id='line_1_175' title="bbox 1163 2372 2203 2415; baseline 0.005 -12"><span class='ocrx_word' id='word_1_1761' title='bbox 1163 2376 1262 2406; x_wconf 84' lang='lat' dir='ltr'>Aliter,</span> <span class='ocrx_word' id='word_1_1762' title='bbox 1280 2372 1393 2409; x_wconf 83' lang='lat' dir='ltr'>Agmina</span> <span class='ocrx_word' id='word_1_1763' title='bbox 1407 2372 1482 2407; x_wconf 79' lang='lat' dir='ltr'>queis</span> <span class='ocrx_word' id='word_1_1764' title='bbox 1495 2372 1578 2398; x_wconf 84' lang='lat' dir='ltr'>fortes</span> <span class='ocrx_word' id='word_1_1765' title='bbox 1590 2372 1690 2398; x_wconf 87' lang='lat' dir='ltr'>animat</span> <span class='ocrx_word' id='word_1_1766' title='bbox 1702 2372 1812 2400; x_wconf 81' lang='lat' dir='ltr'>deuotio</span> <span class='ocrx_word' id='word_1_1767' title='bbox 1829 2382 1927 2402; x_wconf 83' lang='lat' dir='ltr'>mentes</span> <span class='ocrx_word' id='word_1_1768' title='bbox 1941 2377 2047 2405; x_wconf 87' lang='lat' dir='ltr'>Nemes.</span> <span class='ocrx_word' id='word_1_1769' title='bbox 2061 2380 2158 2415; x_wconf 86' lang='lat' dir='ltr'>Cyneg.</span> <span class='ocrx_word' id='word_1_1770' title='bbox 2177 2391 2203 2407; x_wconf 92' lang='lat' dir='ltr'>v.</span> 
     </span>
     <span class='ocr_line' id='line_1_176' title="bbox 1164 2407 2207 2443; baseline 0.008 -9"><span class='ocrx_word' id='word_1_1771' title='bbox 1164 2412 1203 2441; x_wconf 76' lang='lat'>86,</span> <span class='ocrx_word' id='word_1_1772' title='bbox 1227 2413 1246 2436; x_wconf 90' lang='lat' dir='ltr'>i.</span> <span class='ocrx_word' id='word_1_1773' title='bbox 1260 2418 1315 2436; x_wconf 83' lang='lat' dir='ltr'>acre</span> <span class='ocrx_word' id='word_1_1774' title='bbox 1324 2407 1447 2442; x_wconf 77' lang='lat' dir='ltr'>studium,</span> <span class='ocrx_word' id='word_1_1775' title='bbox 1465 2407 1693 2443; x_wconf 75' lang='lat' dir='ltr'>velsacramentum</span> <span class='ocrx_word' id='word_1_1776' title='bbox 1707 2410 1831 2436; x_wconf 75' lang='lat' dir='ltr'>militare:</span> <span class='ocrx_word' id='word_1_1777' title='bbox 1848 2411 1901 2437; x_wconf 76' lang='lat' dir='ltr'>vid.</span> <span class='ocrx_word' id='word_1_1778' title='bbox 1911 2413 2046 2440; x_wconf 81' lang='lat' dir='ltr'>Burmann.</span> <span class='ocrx_word' id='word_1_1779' title='bbox 2097 2416 2164 2441; x_wconf 80' lang='lat' dir='ltr'>Idem</span> <span class='ocrx_word' id='word_1_1780' title='bbox 2176 2424 2207 2443; x_wconf 76' lang='lat' dir='ltr'>ae</span> 
     </span>
     <span class='ocr_line' id='line_1_177' title="bbox 1169 2442 2194 2482; baseline 0.004 -9"><span class='ocrx_word' id='word_1_1781' title='bbox 1169 2447 1258 2473; x_wconf 84' lang='lat' dir='ltr'>Votum</span> <span class='ocrx_word' id='word_1_1782' title='bbox 1277 2452 1300 2475; x_wconf 76' lang='lat' dir='ltr'>et</span> <span class='ocrx_word' id='word_1_1783' title='bbox 1315 2446 1456 2471; x_wconf 80' lang='lat' dir='ltr'>Gratulatio</span> <span class='ocrx_word' id='word_1_1784' title='bbox 1471 2442 1548 2479; x_wconf 90' lang='lat' dir='ltr'>Apul.</span> <span class='ocrx_word' id='word_1_1785' title='bbox 1561 2444 1625 2470; x_wconf 84' lang='lat' dir='ltr'>Met.</span> <span class='ocrx_word' id='word_1_1786' title='bbox 1639 2451 1661 2470; x_wconf 89' lang='lat'>11</span> <span class='ocrx_word' id='word_1_1787' title='bbox 1679 2453 1704 2478; x_wconf 89' lang='lat' dir='ltr'>p.</span> <span class='ocrx_word' id='word_1_1788' title='bbox 1718 2446 1776 2477; x_wconf 78' lang='lat'>265,</span> <span class='ocrx_word' id='word_1_1789' title='bbox 1791 2452 1804 2477; x_wconf 80' lang='grc'><em>5</em></span> <span class='ocrx_word' id='word_1_1790' title='bbox 1829 2446 1985 2473; x_wconf 88' lang='lat' dir='ltr'>Muneribus</span> <span class='ocrx_word' id='word_1_1791' title='bbox 1997 2448 2076 2482; x_wconf 82' lang='lat' dir='ltr'>largis</span> <span class='ocrx_word' id='word_1_1792' title='bbox 2088 2455 2113 2476; x_wconf 87' lang='lat' dir='ltr'>et</span> <span class='ocrx_word' id='word_1_1793' title='bbox 2126 2451 2194 2477; x_wconf 88' lang='lat' dir='ltr'>deuo</span> 
     </span>
     <span class='ocr_line' id='line_1_178' title="bbox 1163 2478 2208 2520; baseline 0.005 -12"><span class='ocrx_word' id='word_1_1794' title='bbox 1163 2480 1283 2508; x_wconf 84' lang='lat' dir='ltr'>tionibus</span> <span class='ocrx_word' id='word_1_1795' title='bbox 1297 2480 1387 2507; x_wconf 86' lang='lat' dir='ltr'>faustis</span> <span class='ocrx_word' id='word_1_1796' title='bbox 1402 2480 1532 2515; x_wconf 83' lang='lat' dir='ltr'>completa</span> <span class='ocrx_word' id='word_1_1797' title='bbox 1545 2478 1627 2506; x_wconf 80' lang='lat' dir='ltr'>nauis.</span> <span class='ocrx_word' id='word_1_1798' title='bbox 1823 2478 1844 2516; x_wconf 58' lang='grc' dir='ltr'><strong><em>ἢ</em></strong></span> <span class='ocrx_word' id='word_1_1799' title='bbox 1864 2490 1880 2507; x_wconf 89' lang='lat'>2</span> <span class='ocrx_word' id='word_1_1800' title='bbox 1916 2481 2208 2520; x_wconf 70' lang='lat' dir='ltr'>Chrtstianisfiriptori.·</span> 
     </span>
     <span class='ocr_line' id='line_1_179' title="bbox 1163 2514 2205 2552; baseline 0.006 -9"><span class='ocrx_word' id='word_1_1801' title='bbox 1163 2517 1208 2544; x_wconf 84' lang='lat' dir='ltr'>bus</span> <span class='ocrx_word' id='word_1_1802' title='bbox 1227 2514 1373 2549; x_wconf 67' lang='lat' dir='ltr'>esiArdens</span> <span class='ocrx_word' id='word_1_1803' title='bbox 1392 2523 1464 2552; x_wconf 79' lang='lat' dir='ltr'>atque</span> <span class='ocrx_word' id='word_1_1804' title='bbox 1484 2519 1582 2542; x_wconf 67' lang='lat' dir='ltr'>intenta</span> <span class='ocrx_word' id='word_1_1805' title='bbox 1595 2518 1696 2550; x_wconf 77' lang='lat' dir='ltr'>pietas,</span> <span class='ocrx_word' id='word_1_1806' title='bbox 1720 2520 1743 2540; x_wconf 85' lang='lat' dir='ltr'>et</span> <span class='ocrx_word' id='word_1_1807' title='bbox 1762 2514 1852 2540; x_wconf 72' lang='lat' dir='ltr'>Dediti</span> <span class='ocrx_word' id='word_1_1808' title='bbox 1870 2516 1968 2542; x_wconf 83' lang='lat' dir='ltr'>Deuoti</span> <span class='ocrx_word' id='word_1_1809' title='bbox 1990 2521 2063 2545; x_wconf 78' lang='lat' dir='ltr'>etiam</span> <span class='ocrx_word' id='word_1_1810' title='bbox 2080 2519 2205 2549; x_wconf 82' lang='lat' dir='ltr'>dicuntur.</span> 
     </span>
     <span class='ocr_line' id='line_1_180' title="bbox 1164 2548 1913 2582; baseline -0.001 -4"><span class='ocrx_word' id='word_1_1811' title='bbox 1164 2553 1277 2579; x_wconf 87' lang='lat' dir='ltr'>Hieron.</span> <span class='ocrx_word' id='word_1_1812' title='bbox 1291 2552 1320 2577; x_wconf 88' lang='lat' dir='ltr'>in</span> <span class='ocrx_word' id='word_1_1813' title='bbox 1332 2561 1357 2578; x_wconf 93' lang='lat' dir='ltr'>v.</span> <span class='ocrx_word' id='word_1_1814' title='bbox 1371 2551 1520 2578; x_wconf 88' lang='lat' dir='ltr'>Hilarionis</span> <span class='ocrx_word' id='word_1_1815' title='bbox 1538 2550 1584 2576; x_wconf 88' lang='lat' dir='ltr'>sub</span> <span class='ocrx_word' id='word_1_1816' title='bbox 1599 2550 1643 2575; x_wconf 82' lang='lat' dir='ltr'>fin.</span> <span class='ocrx_word' id='word_1_1817' title='bbox 1670 2556 1694 2575; x_wconf 77' lang='lat' dir='ltr'>et</span> <span class='ocrx_word' id='word_1_1818' title='bbox 1707 2548 1823 2575; x_wconf 61' lang='lat' dir='ltr'>Lad‘tant.</span> <span class='ocrx_word' id='word_1_1819' title='bbox 1836 2557 1863 2582; x_wconf 89' lang='lat'>2,</span> <span class='ocrx_word' id='word_1_1820' title='bbox 1877 2558 1913 2577; x_wconf 86' lang='lat'>12.</span> 
     </span>
    </p>

    <p class='ocr_par' dir='ltr' id='par_1_49' title="bbox 1165 2583 2206 2649">
     <span class='ocr_line' id='line_1_181' title="bbox 1200 2583 2206 2619; baseline 0.004 -6"><span class='ocrx_word' id='word_1_1821' title='bbox 1200 2594 1219 2613; x_wconf 88' lang='lat' dir='ltr'>D</span> <span class='ocrx_word' id='word_1_1822' title='bbox 1229 2594 1245 2613; x_wconf 83' lang='lat' dir='ltr'><em>E</em></span> <span class='ocrx_word' id='word_1_1823' title='bbox 1255 2593 1275 2611; x_wconf 90' lang='lat' dir='ltr'><strong>v</strong></span> <span class='ocrx_word' id='word_1_1824' title='bbox 1286 2593 1306 2613; x_wconf 94' lang='lat' dir='ltr'>o</span> <span class='ocrx_word' id='word_1_1825' title='bbox 1315 2594 1336 2613; x_wconf 87' lang='lat' dir='ltr'>T</span> <span class='ocrx_word' id='word_1_1826' title='bbox 1345 2594 1367 2612; x_wconf 87' lang='lat' dir='ltr'>A</span> <span class='ocrx_word' id='word_1_1827' title='bbox 1377 2593 1402 2612; x_wconf 87' lang='grc' dir='ltr'><strong><em>Μ</em></strong></span> <span class='ocrx_word' id='word_1_1828' title='bbox 1413 2593 1430 2612; x_wconf 78' lang='lat' dir='ltr'>E</span> <span class='ocrx_word' id='word_1_1829' title='bbox 1439 2593 1461 2611; x_wconf 84' lang='lat' dir='ltr'>N</span> <span class='ocrx_word' id='word_1_1830' title='bbox 1469 2593 1490 2612; x_wconf 80' lang='lat' dir='ltr'><strong>T</strong></span> <span class='ocrx_word' id='word_1_1831' title='bbox 1499 2593 1519 2611; x_wconf 90' lang='lat' dir='ltr'>v</span> <span class='ocrx_word' id='word_1_1832' title='bbox 1528 2592 1568 2615; x_wconf 88' lang='grc' dir='ltr'>Μ,</span> <span class='ocrx_word' id='word_1_1833' title='bbox 1586 2585 1603 2609; x_wconf 85' lang='grc' dir='ltr'>ι.</span> <span class='ocrx_word' id='word_1_1834' title='bbox 1631 2592 1657 2609; x_wconf 90' lang='lat' dir='ltr'>n.</span> <span class='ocrx_word' id='word_1_1835' title='bbox 1693 2585 1742 2609; x_wconf 79' lang='lat' dir='ltr'>Res</span> <span class='ocrx_word' id='word_1_1836' title='bbox 1757 2583 1851 2610; x_wconf 76' lang='lat' dir='ltr'>deuota.</span> <span class='ocrx_word' id='word_1_1837' title='bbox 1888 2586 2006 2615; x_wconf 85' lang='lat' dir='ltr'>Tertull.</span> <span class='ocrx_word' id='word_1_1838' title='bbox 2019 2588 2077 2616; x_wconf 89' lang='lat' dir='ltr'>adu.</span> <span class='ocrx_word' id='word_1_1839' title='bbox 2089 2590 2206 2619; x_wconf 79' lang='lat' dir='ltr'>Gnostic.</span> 
     </span>
     <span class='ocr_line' id='line_1_182' title="bbox 1165 2619 1791 2649; baseline -0.003 -1"><span class='ocrx_word' id='word_1_1840' title='bbox 1165 2631 1186 2648; x_wconf 90' lang='lat' dir='ltr'>c.</span> <span class='ocrx_word' id='word_1_1841' title='bbox 1202 2631 1218 2649; x_wconf 86' lang='lat'>2</span> <span class='ocrx_word' id='word_1_1842' title='bbox 1243 2623 1277 2647; x_wconf 90' lang='lat' dir='ltr'>Vt</span> <span class='ocrx_word' id='word_1_1843' title='bbox 1291 2621 1473 2647; x_wconf 82' lang='lat' dir='ltr'>denotamenta</span> <span class='ocrx_word' id='word_1_1844' title='bbox 1484 2619 1576 2645; x_wconf 86' lang='lat' dir='ltr'>fierent</span> <span class='ocrx_word' id='word_1_1845' title='bbox 1590 2619 1713 2645; x_wconf 81' lang='lat' dir='ltr'>vniuersa</span> <span class='ocrx_word' id='word_1_1846' title='bbox 1726 2619 1791 2647; x_wconf 83' lang='lat' dir='ltr'>eius.</span> 
     </span>
    </p>

    <p class='ocr_par' dir='ltr' id='par_1_50' title="bbox 1161 2654 2208 3072">
     <span class='ocr_line' id='line_1_183' title="bbox 1203 2654 2204 2694; baseline 0.005 -11"><span class='ocrx_word' id='word_1_1847' title='bbox 1203 2657 1306 2682; x_wconf 59' lang='lat' dir='ltr'>DEVR</span> <span class='ocrx_word' id='word_1_1848' title='bbox 1316 2662 1349 2686; x_wconf 91' lang='lat'>0,</span> <span class='ocrx_word' id='word_1_1849' title='bbox 1372 2654 1432 2687; x_wconf 82' lang='lat' dir='ltr'>ussi,</span> <span class='ocrx_word' id='word_1_1850' title='bbox 1448 2654 1549 2686; x_wconf 75' lang='lat' dir='ltr'>ustum,</span> <span class='ocrx_word' id='word_1_1851' title='bbox 1566 2656 1618 2680; x_wconf 64' lang='lat' dir='ltr'>ere.</span> <span class='ocrx_word' id='word_1_1852' title='bbox 1654 2654 1820 2689; x_wconf 73' lang='grc' dir='ltr'><strong><em>[κκτακαίω]</em></strong></span> <span class='ocrx_word' id='word_1_1853' title='bbox 1856 2655 1924 2683; x_wconf 74' lang='lat' dir='ltr'>Idem</span> <span class='ocrx_word' id='word_1_1854' title='bbox 1940 2658 2005 2694; x_wconf 81' lang='lat' dir='ltr'>quod</span> <span class='ocrx_word' id='word_1_1855' title='bbox 2021 2661 2104 2688; x_wconf 72' lang='lat' dir='ltr'>Vrere.</span> <span class='ocrx_word' id='word_1_1856' title='bbox 2142 2663 2204 2691; x_wconf 84' lang='lat' dir='ltr'>Liu.</span> 
     </span>
     <span class='ocr_line' id='line_1_184' title="bbox 1164 2689 2206 2731; baseline 0.009 -15"><span class='ocrx_word' id='word_1_1857' title='bbox 1164 2700 1204 2724; x_wconf 80' lang='lat'>39,</span> <span class='ocrx_word' id='word_1_1858' title='bbox 1218 2700 1230 2716; x_wconf 87' lang='lat'><strong>2</strong></span> <span class='ocrx_word' id='word_1_1859' title='bbox 1251 2691 1289 2717; x_wconf 94' lang='lat' dir='ltr'>M.</span> <span class='ocrx_word' id='word_1_1860' title='bbox 1304 2690 1434 2716; x_wconf 84' lang='lat' dir='ltr'>Aemilius</span> <span class='ocrx_word' id='word_1_1861' title='bbox 1449 2690 1515 2716; x_wconf 79' lang='lat' dir='ltr'>alter</span> <span class='ocrx_word' id='word_1_1862' title='bbox 1527 2689 1625 2716; x_wconf 87' lang='lat' dir='ltr'>Consul</span> <span class='ocrx_word' id='word_1_1863' title='bbox 1639 2698 1715 2723; x_wconf 83' lang='lat' dir='ltr'>agros</span> <span class='ocrx_word' id='word_1_1864' title='bbox 1729 2690 1874 2724; x_wconf 82' lang='lat' dir='ltr'>Ligurum,</span> <span class='ocrx_word' id='word_1_1865' title='bbox 1890 2693 2017 2729; x_wconf 85' lang='lat' dir='ltr'>vicosque</span> <span class='ocrx_word' id='word_1_1866' title='bbox 2036 2698 2082 2731; x_wconf 93' lang='lat' dir='ltr'>qui</span> <span class='ocrx_word' id='word_1_1867' title='bbox 2095 2698 2124 2723; x_wconf 90' lang='lat' dir='ltr'>in</span> <span class='ocrx_word' id='word_1_1868' title='bbox 2138 2708 2206 2725; x_wconf 87' lang='lat' dir='ltr'>cam-</span> 
     </span>
     <span class='ocr_line' id='line_1_185' title="bbox 1163 2724 2206 2768; baseline 0.009 -16"><span class='ocrx_word' id='word_1_1869' title='bbox 1163 2727 1204 2761; x_wconf 84' lang='lat' dir='ltr'>pis</span> <span class='ocrx_word' id='word_1_1870' title='bbox 1223 2732 1268 2752; x_wconf 92' lang='lat' dir='ltr'>ant</span> <span class='ocrx_word' id='word_1_1871' title='bbox 1286 2725 1399 2752; x_wconf 84' lang='lat' dir='ltr'>vallibus</span> <span class='ocrx_word' id='word_1_1872' title='bbox 1419 2730 1509 2757; x_wconf 87' lang='lat' dir='ltr'>erant,</span> <span class='ocrx_word' id='word_1_1873' title='bbox 1540 2724 1600 2759; x_wconf 84' lang='lat' dir='ltr'>ipfis</span> <span class='ocrx_word' id='word_1_1874' title='bbox 1620 2730 1722 2751; x_wconf 87' lang='lat' dir='ltr'>montes</span> <span class='ocrx_word' id='word_1_1875' title='bbox 1742 2726 1808 2752; x_wconf 89' lang='lat' dir='ltr'>duos</span> <span class='ocrx_word' id='word_1_1876' title='bbox 1822 2726 1941 2755; x_wconf 86' lang='lat' dir='ltr'>Balistam</span> <span class='ocrx_word' id='word_1_1877' title='bbox 1962 2730 2206 2768; x_wconf 82' lang='lat' dir='ltr'>Suismontiumque</span> 
     </span>
     <span class='ocr_line' id='line_1_186' title="bbox 1164 2759 2204 2801; baseline 0.006 -13"><span class='ocrx_word' id='word_1_1878' title='bbox 1164 2761 1313 2788; x_wconf 85' lang='lat' dir='ltr'>tenentibus</span> <span class='ocrx_word' id='word_1_1879' title='bbox 1326 2760 1415 2786; x_wconf 87' lang='lat' dir='ltr'>deussit</span> <span class='ocrx_word' id='word_1_1880' title='bbox 1429 2759 1654 2794; x_wconf 84' lang='lat' dir='ltr'>depopulatusque</span> <span class='ocrx_word' id='word_1_1881' title='bbox 1668 2760 1713 2787; x_wconf 82' lang='lat' dir='ltr'>est.</span> <span class='ocrx_word' id='word_1_1882' title='bbox 1763 2763 1801 2787; x_wconf 88' lang='lat' dir='ltr'>De</span> <span class='ocrx_word' id='word_1_1883' title='bbox 1807 2762 1913 2798; x_wconf 78' lang='lat' dir='ltr'>frigore</span> <span class='ocrx_word' id='word_1_1884' title='bbox 1925 2765 1985 2791; x_wconf 90' lang='lat' dir='ltr'>Liu.</span> <span class='ocrx_word' id='word_1_1885' title='bbox 1998 2776 2043 2800; x_wconf 79' lang='lat' dir='ltr'>ao,</span> <span class='ocrx_word' id='word_1_1886' title='bbox 2059 2776 2091 2801; x_wconf 73' lang='lat'>43</span> <span class='ocrx_word' id='word_1_1887' title='bbox 2111 2770 2204 2797; x_wconf 80' lang='lat' dir='ltr'>Hiems</span> 
     </span>
     <span class='ocr_line' id='line_1_187' title="bbox 1164 2795 2208 2838; baseline 0.01 -16"><span class='ocrx_word' id='word_1_1888' title='bbox 1164 2805 1196 2822; x_wconf 90' lang='lat' dir='ltr'>eo</span> <span class='ocrx_word' id='word_1_1889' title='bbox 1217 2805 1286 2822; x_wconf 91' lang='lat' dir='ltr'>anno</span> <span class='ocrx_word' id='word_1_1890' title='bbox 1304 2797 1381 2822; x_wconf 85' lang='lat' dir='ltr'>saeua</span> <span class='ocrx_word' id='word_1_1891' title='bbox 1399 2801 1425 2822; x_wconf 85' lang='lat' dir='ltr'>et</span> <span class='ocrx_word' id='word_1_1892' title='bbox 1443 2795 1519 2821; x_wconf 88' lang='lat' dir='ltr'>omni</span> <span class='ocrx_word' id='word_1_1893' title='bbox 1538 2795 1718 2830; x_wconf 84' lang='lat' dir='ltr'>tempestatum</span> <span class='ocrx_word' id='word_1_1894' title='bbox 1737 2805 1832 2831; x_wconf 82' lang='lat' dir='ltr'>genere</span> <span class='ocrx_word' id='word_1_1895' title='bbox 1849 2800 1921 2826; x_wconf 81' lang='lat' dir='ltr'>suit:</span> <span class='ocrx_word' id='word_1_1896' title='bbox 1947 2795 2065 2835; x_wconf 80' lang='lat' dir='ltr'>arbores,</span> <span class='ocrx_word' id='word_1_1897' title='bbox 2079 2813 2145 2838; x_wconf 84' lang='lat' dir='ltr'>qnae</span> <span class='ocrx_word' id='word_1_1898' title='bbox 2159 2805 2208 2832; x_wconf 92' lang='lat' dir='ltr'>ob-</span> 
     </span>
     <span class='ocr_line' id='line_1_188' title="bbox 1161 2830 2206 2868; baseline 0.009 -10"><span class='ocrx_word' id='word_1_1899' title='bbox 1161 2831 1260 2858; x_wconf 82' lang='lat' dir='ltr'>noxiae</span> <span class='ocrx_word' id='word_1_1900' title='bbox 1274 2830 1423 2865; x_wconf 84' lang='lat' dir='ltr'>frigoribus</span> <span class='ocrx_word' id='word_1_1901' title='bbox 1436 2831 1506 2864; x_wconf 85' lang='lat' dir='ltr'>sunt,</span> <span class='ocrx_word' id='word_1_1902' title='bbox 1519 2830 1608 2857; x_wconf 83' lang='lat' dir='ltr'>denffit</span> <span class='ocrx_word' id='word_1_1903' title='bbox 1621 2831 1734 2858; x_wconf 60' lang='lat' dir='ltr'>ennoias.</span> <span class='ocrx_word' id='word_1_1904' title='bbox 1791 2833 1889 2866; x_wconf 87' lang='lat' dir='ltr'>Sibylla</span> <span class='ocrx_word' id='word_1_1905' title='bbox 1901 2841 1952 2862; x_wconf 82' lang='lat' dir='ltr'>tres</span> <span class='ocrx_word' id='word_1_1906' title='bbox 1965 2837 2048 2864; x_wconf 84' lang='lat' dir='ltr'>libros</span> <span class='ocrx_word' id='word_1_1907' title='bbox 2062 2847 2093 2865; x_wconf 83' lang='lat' dir='ltr'>ex</span> <span class='ocrx_word' id='word_1_1908' title='bbox 2108 2849 2206 2868; x_wconf 82' lang='lat' dir='ltr'>nonem</span> 
     </span>
     <span class='ocr_line' id='line_1_189' title="bbox 1164 2866 2206 2905; baseline 0.01 -12"><span class='ocrx_word' id='word_1_1909' title='bbox 1164 2866 1252 2893; x_wconf 81' lang='lat' dir='ltr'>deussit</span> <span class='ocrx_word' id='word_1_1910' title='bbox 1273 2867 1342 2893; x_wconf 84' lang='lat' dir='ltr'>Gell.</span> <span class='ocrx_word' id='word_1_1911' title='bbox 1354 2875 1374 2899; x_wconf 90' lang='lat'>1,</span> <span class='ocrx_word' id='word_1_1912' title='bbox 1389 2875 1425 2899; x_wconf 86' lang='lat'>19.</span> <span class='ocrx_word' id='word_1_1913' title='bbox 1495 2866 1666 2893; x_wconf 81' lang='lat' dir='ltr'>Athenienses</span> <span class='ocrx_word' id='word_1_1914' title='bbox 1686 2868 1842 2902; x_wconf 81' lang='lat' dir='ltr'>Protagorae</span> <span class='ocrx_word' id='word_1_1915' title='bbox 1862 2870 1956 2905; x_wconf 83' lang='lat' dir='ltr'>scripta</span> <span class='ocrx_word' id='word_1_1916' title='bbox 1977 2873 2004 2898; x_wconf 91' lang='lat' dir='ltr'>in</span> <span class='ocrx_word' id='word_1_1917' title='bbox 2023 2876 2150 2902; x_wconf 84' lang='lat' dir='ltr'>concione</span> <span class='ocrx_word' id='word_1_1918' title='bbox 2164 2877 2206 2903; x_wconf 89' lang='lat' dir='ltr'>dc-</span> 
     </span>
     <span class='ocr_line' id='line_1_190' title="bbox 1164 2901 2205 2944; baseline 0.011 -16"><span class='ocrx_word' id='word_1_1919' title='bbox 1164 2903 1279 2929; x_wconf 81' lang='lat' dir='ltr'>usserunt</span> <span class='ocrx_word' id='word_1_1920' title='bbox 1295 2902 1361 2929; x_wconf 89' lang='lat' dir='ltr'>Min.</span> <span class='ocrx_word' id='word_1_1921' title='bbox 1378 2901 1452 2928; x_wconf 88' lang='lat' dir='ltr'>Felix</span> <span class='ocrx_word' id='word_1_1922' title='bbox 1472 2911 1494 2928; x_wconf 85' lang='lat' dir='ltr'>c.</span> <span class='ocrx_word' id='word_1_1923' title='bbox 1509 2907 1531 2932; x_wconf 89' lang='lat'>8.</span> <span class='ocrx_word' id='word_1_1924' title='bbox 1602 2902 1700 2929; x_wconf 88' lang='lat' dir='ltr'>Siluam</span> <span class='ocrx_word' id='word_1_1925' title='bbox 1718 2911 1751 2929; x_wconf 88' lang='lat' dir='ltr'>ne</span> <span class='ocrx_word' id='word_1_1926' title='bbox 1766 2904 1867 2931; x_wconf 83' lang='lat' dir='ltr'>caedito</span> <span class='ocrx_word' id='word_1_1927' title='bbox 1885 2915 1952 2933; x_wconf 87' lang='lat' dir='ltr'>nene</span> <span class='ocrx_word' id='word_1_1928' title='bbox 1966 2908 2072 2936; x_wconf 72' lang='lat' dir='ltr'>deux-ito</span> <span class='ocrx_word' id='word_1_1929' title='bbox 2086 2912 2102 2936; x_wconf 92' lang='lat' dir='ltr'>l.</span> <span class='ocrx_word' id='word_1_1930' title='bbox 2117 2920 2150 2944; x_wconf 88' lang='lat'>29</span> <span class='ocrx_word' id='word_1_1931' title='bbox 2171 2913 2205 2939; x_wconf 87' lang='lat' dir='ltr'>D.</span> 
     </span>
     <span class='ocr_line' id='line_1_191' title="bbox 1164 2937 2206 2983; baseline 0.008 -19"><span class='ocrx_word' id='word_1_1932' title='bbox 1164 2938 1265 2965; x_wconf 83' lang='lat' dir='ltr'>Locati.</span> <span class='ocrx_word' id='word_1_1933' title='bbox 1335 2938 1453 2964; x_wconf 81' lang='lat' dir='ltr'>Deurere</span> <span class='ocrx_word' id='word_1_1934' title='bbox 1466 2938 1556 2964; x_wconf 85' lang='lat' dir='ltr'>morsu</span> <span class='ocrx_word' id='word_1_1935' title='bbox 1570 2937 1664 2965; x_wconf 82' lang='lat' dir='ltr'>dicitur</span> <span class='ocrx_word' id='word_1_1936' title='bbox 1678 2940 1795 2973; x_wconf 60' lang='lat' dir='ltr'>semem,</span> <span class='ocrx_word' id='word_1_1937' title='bbox 1815 2943 1855 2967; x_wconf 78' lang='lat' dir='ltr'>vel</span> <span class='ocrx_word' id='word_1_1938' title='bbox 1867 2942 1963 2974; x_wconf 81' lang='lat' dir='ltr'>affiatu,</span> <span class='ocrx_word' id='word_1_1939' title='bbox 1981 2954 2053 2979; x_wconf 78' lang='lat' dir='ltr'>quum</span> <span class='ocrx_word' id='word_1_1940' title='bbox 2066 2947 2206 2983; x_wconf 64' lang='lat' dir='ltr'>inflammat</span> 
     </span>
     <span class='ocr_line' id='line_1_192' title="bbox 1165 2972 2206 3017; baseline 0.009 -17"><span class='ocrx_word' id='word_1_1941' title='bbox 1165 2974 1252 3000; x_wconf 87' lang='lat' dir='ltr'>Senec.</span> <span class='ocrx_word' id='word_1_1942' title='bbox 1266 2972 1298 3000; x_wconf 86' lang='lat' dir='ltr'>de</span> <span class='ocrx_word' id='word_1_1943' title='bbox 1310 2973 1457 3000; x_wconf 85' lang='lat' dir='ltr'>Clementia</span> <span class='ocrx_word' id='word_1_1944' title='bbox 1477 2982 1495 3005; x_wconf 88' lang='lat'>1,</span> <span class='ocrx_word' id='word_1_1945' title='bbox 1532 2993 1538 2999; x_wconf 97' lang='lat'>.</span> <span class='ocrx_word' id='word_1_1946' title='bbox 1575 2993 1581 2999; x_wconf 89' lang='lat'>.</span> <span class='ocrx_word' id='word_1_1947' title='bbox 1636 2975 1714 3001; x_wconf 87' lang='lat' dir='ltr'>Mons</span> <span class='ocrx_word' id='word_1_1948' title='bbox 1727 2975 1829 3001; x_wconf 77' lang='lat' dir='ltr'>deustus</span> <span class='ocrx_word' id='word_1_1949' title='bbox 1841 2977 1932 3003; x_wconf 86' lang='lat' dir='ltr'>Tacit.</span> <span class='ocrx_word' id='word_1_1950' title='bbox 1942 2980 2010 3006; x_wconf 88' lang='lat' dir='ltr'>Ann.</span> <span class='ocrx_word' id='word_1_1951' title='bbox 2026 2982 2051 3012; x_wconf 88' lang='grc'>6,</span> <span class='ocrx_word' id='word_1_1952' title='bbox 2066 2983 2110 3015; x_wconf 78' lang='lat'>64.</span> <span class='ocrx_word' id='word_1_1953' title='bbox 2154 2983 2206 3017; x_wconf 93' lang='lat' dir='ltr'>Op-</span> 
     </span>
     <span class='ocr_line' id='line_1_193' title="bbox 1165 3008 2205 3072; baseline 0.009 -37"><span class='ocrx_word' id='word_1_1954' title='bbox 1165 3008 1376 3072; x_wconf 56' lang='lat' dir='ltr'>pidumBAgCtor</span> <span class='ocrx_word' id='word_1_1955' title='bbox 1387 3009 1415 3035; x_wconf 88' lang='lat' dir='ltr'>B.</span> <span class='ocrx_word' id='word_1_1956' title='bbox 1428 3009 1502 3044; x_wconf 90' lang='lat' dir='ltr'>Hisp.</span> <span class='ocrx_word' id='word_1_1957' title='bbox 1523 3017 1546 3036; x_wconf 93' lang='lat' dir='ltr'>c.</span> <span class='ocrx_word' id='word_1_1958' title='bbox 1559 3016 1603 3044; x_wconf 84' lang='lat'>27.</span> <span class='ocrx_word' id='word_1_1959' title='bbox 1674 3011 1734 3036; x_wconf 85' lang='lat' dir='ltr'>Pars</span> <span class='ocrx_word' id='word_1_1960' title='bbox 1749 3010 1821 3038; x_wconf 88' lang='lat' dir='ltr'>Circi</span> <span class='ocrx_word' id='word_1_1961' title='bbox 1834 3012 1924 3039; x_wconf 73' lang='lat' dir='ltr'>Tacit.</span> <span class='ocrx_word' id='word_1_1962' title='bbox 1937 3015 2005 3041; x_wconf 89' lang='lat' dir='ltr'>Ann.</span> <span class='ocrx_word' id='word_1_1963' title='bbox 2021 3019 2045 3048; x_wconf 86' lang='lat'>6,</span> <span class='ocrx_word' id='word_1_1964' title='bbox 2059 3025 2101 3049; x_wconf 75' lang='lat'>45.</span> <span class='ocrx_word' id='word_1_1965' title='bbox 2136 3017 2205 3044; x_wconf 80' lang='lat' dir='ltr'>Add.</span> 
     </span>
    </p>

    <p class='ocr_par' dir='ltr' id='par_1_51' title="bbox 1189 3046 1426 3077">
     <span class='ocr_line' id='line_1_194' title="bbox 1189 3046 1426 3077; baseline -0.008 -5"><span class='ocrx_word' id='word_1_1966' title='bbox 1189 3046 1238 3072; x_wconf 85' lang='lat' dir='ltr'>aes.</span> <span class='ocrx_word' id='word_1_1967' title='bbox 1274 3064 1280 3071; x_wconf 91' lang='lat'>.</span> <span class='ocrx_word' id='word_1_1968' title='bbox 1321 3064 1327 3071; x_wconf 96' lang='lat'>.</span> <span class='ocrx_word' id='word_1_1969' title='bbox 1360 3064 1368 3077; x_wconf 85' lang='lat'>‚</span> <span class='ocrx_word' id='word_1_1970' title='bbox 1386 3051 1426 3077; x_wconf 81' lang='lat'>23.</span> 
     </span>
    </p>

    <p class='ocr_par' dir='ltr' id='par_1_52' title="bbox 1159 3052 2206 3472">
     <span class='ocr_line' id='line_1_195' title="bbox 1202 3052 2205 3121; baseline 0.009 -16"><span class='ocrx_word' id='word_1_1971' title='bbox 1202 3087 1246 3107; x_wconf 78' lang='grc' dir='ltr'>ΒΕ</span> <span class='ocrx_word' id='word_1_1972' title='bbox 1258 3086 1318 3112; x_wconf 82' lang='lat' dir='ltr'>VS,</span> <span class='ocrx_word' id='word_1_1973' title='bbox 1341 3052 1367 3106; x_wconf 59' lang='lat' dir='ltr'>i.</span> <span class='ocrx_word' id='word_1_1974' title='bbox 1405 3088 1441 3106; x_wconf 89' lang='lat' dir='ltr'>m.</span> <span class='ocrx_word' id='word_1_1975' title='bbox 1478 3079 1567 3114; x_wconf 44' lang='lat' dir='ltr'>[320¹ss</span> <span class='ocrx_word' id='word_1_1976' title='bbox 1585 3077 1689 3112; x_wconf 62' lang='grc' dir='ltr'>δαίμων,</span> <span class='ocrx_word' id='word_1_1977' title='bbox 1704 3079 1770 3115; x_wconf 74' lang='grc' dir='ltr'>σιδς]</span> <span class='ocrx_word' id='word_1_1978' title='bbox 1814 3083 1873 3108; x_wconf 86' lang='lat' dir='ltr'>Non</span> <span class='ocrx_word' id='word_1_1979' title='bbox 1895 3089 1994 3110; x_wconf 80' lang='lat' dir='ltr'>tantum</span> <span class='ocrx_word' id='word_1_1980' title='bbox 2009 3085 2118 3121; x_wconf 80' lang='lat' dir='ltr'>ficmmae</span> <span class='ocrx_word' id='word_1_1981' title='bbox 2136 3088 2205 3113; x_wconf 55' lang='lat' dir='ltr'>illius</span> 
     </span>
     <span class='ocr_line' id='line_1_196' title="bbox 1165 3117 2205 3156; baseline 0.007 -14"><span class='ocrx_word' id='word_1_1982' title='bbox 1165 3122 1269 3142; x_wconf 77' lang='lat' dir='ltr'>naturae</span> <span class='ocrx_word' id='word_1_1983' title='bbox 1281 3124 1383 3148; x_wconf 81' lang='lat' dir='ltr'>nomen,</span> <span class='ocrx_word' id='word_1_1984' title='bbox 1403 3124 1462 3152; x_wconf 83' lang='lat' dir='ltr'>quae</span> <span class='ocrx_word' id='word_1_1985' title='bbox 1481 3117 1629 3151; x_wconf 59' lang='lat' dir='ltr'>reliquorum</span> <span class='ocrx_word' id='word_1_1986' title='bbox 1648 3119 1753 3142; x_wconf 76' lang='lat' dir='ltr'>omnium</span> <span class='ocrx_word' id='word_1_1987' title='bbox 1773 3117 1846 3152; x_wconf 79' lang='lat' dir='ltr'>causa</span> <span class='ocrx_word' id='word_1_1988' title='bbox 1864 3117 1897 3150; x_wconf 80' lang='lat' dir='ltr'>est</span> <span class='ocrx_word' id='word_1_1989' title='bbox 1911 3129 1918 3142; x_wconf 69' lang='lat'>.·</span> <span class='ocrx_word' id='word_1_1990' title='bbox 1939 3120 1987 3155; x_wconf 74' lang='lat' dir='ltr'>fid</span> <span class='ocrx_word' id='word_1_1991' title='bbox 1999 3121 2110 3156; x_wconf 75' lang='lat' dir='ltr'>latiffime</span> <span class='ocrx_word' id='word_1_1992' title='bbox 2126 3129 2205 3156; x_wconf 79' lang='lat' dir='ltr'>patet,</span> 
     </span>
     <span class='ocr_line' id='line_1_197' title="bbox 1164 3149 2206 3187; baseline 0.007 -10"><span class='ocrx_word' id='word_1_1993' title='bbox 1164 3151 1199 3178; x_wconf 72' lang='lat' dir='ltr'>atl</span> <span class='ocrx_word' id='word_1_1994' title='bbox 1210 3160 1345 3185; x_wconf 80' lang='lat' dir='ltr'>omnemque</span> <span class='ocrx_word' id='word_1_1995' title='bbox 1351 3149 1532 3185; x_wconf 80' lang='lat' dir='ltr'>praestantiam</span> <span class='ocrx_word' id='word_1_1996' title='bbox 1551 3157 1574 3176; x_wconf 79' lang='lat' dir='ltr'>et</span> <span class='ocrx_word' id='word_1_1997' title='bbox 1587 3150 1750 3177; x_wconf 77' lang='lat' dir='ltr'>excellentiam</span> <span class='ocrx_word' id='word_1_1998' title='bbox 1755 3151 1949 3187; x_wconf 77' lang='lat' dir='ltr'>figmficandam</span> <span class='ocrx_word' id='word_1_1999' title='bbox 1962 3151 2098 3183; x_wconf 68' lang='lat' dir='ltr'>adhibetur.</span> <span class='ocrx_word' id='word_1_2000' title='bbox 2135 3158 2206 3184; x_wconf 84' lang='lat' dir='ltr'>Con·</span> 
     </span>
     <span class='ocr_line' id='line_1_198' title="bbox 1164 3185 2206 3227; baseline 0.006 -13"><span class='ocrx_word' id='word_1_2001' title='bbox 1164 3187 1211 3214; x_wconf 85' lang='lat' dir='ltr'>stat</span> <span class='ocrx_word' id='word_1_2002' title='bbox 1227 3195 1258 3213; x_wconf 87' lang='lat' dir='ltr'>ex</span> <span class='ocrx_word' id='word_1_2003' title='bbox 1273 3187 1373 3213; x_wconf 86' lang='lat' dir='ltr'>Graeco</span> <span class='ocrx_word' id='word_1_2004' title='bbox 1390 3185 1445 3212; x_wconf 63' lang='lat'><em>&amp;20¹5</em></span> <span class='ocrx_word' id='word_1_2005' title='bbox 1457 3186 1505 3212; x_wconf 73' lang='lat' dir='ltr'>ess&#39;e</span> <span class='ocrx_word' id='word_1_2006' title='bbox 1520 3185 1637 3219; x_wconf 61' lang='lat' dir='ltr'>dietum,</span> <span class='ocrx_word' id='word_1_2007' title='bbox 1658 3186 1834 3220; x_wconf 85' lang='lat' dir='ltr'>adspiratione</span> <span class='ocrx_word' id='word_1_2008' title='bbox 1849 3188 1949 3222; x_wconf 84' lang='lat' dir='ltr'>demta,</span> <span class='ocrx_word' id='word_1_2009' title='bbox 1966 3192 2012 3225; x_wconf 88' lang='lat' dir='ltr'>qni</span> <span class='ocrx_word' id='word_1_2010' title='bbox 2023 3200 2079 3217; x_wconf 89' lang='lat' dir='ltr'>mos</span> <span class='ocrx_word' id='word_1_2011' title='bbox 2090 3193 2206 3227; x_wconf 80' lang='lat' dir='ltr'>antiquis</span> 
     </span>
     <span class='ocr_line' id='line_1_199' title="bbox 1164 3221 2205 3260; baseline 0.008 -12"><span class='ocrx_word' id='word_1_2012' title='bbox 1164 3222 1258 3249; x_wconf 85' lang='lat' dir='ltr'>nostris</span> <span class='ocrx_word' id='word_1_2013' title='bbox 1273 3222 1396 3257; x_wconf 84' lang='lat' dir='ltr'>frequens</span> <span class='ocrx_word' id='word_1_2014' title='bbox 1408 3227 1471 3248; x_wconf 89' lang='lat' dir='ltr'>erat.</span> <span class='ocrx_word' id='word_1_2015' title='bbox 1491 3221 1587 3248; x_wconf 81' lang='lat' dir='ltr'>Festus.</span> <span class='ocrx_word' id='word_1_2016' title='bbox 1629 3222 1874 3250; x_wconf 78' lang='lat' dir='ltr'>Vocat1&#39;u.Prudent.</span> <span class='ocrx_word' id='word_1_2017' title='bbox 1887 3225 2032 3260; x_wconf 74' lang='lat' dir='ltr'>Hamartig.</span> <span class='ocrx_word' id='word_1_2018' title='bbox 2047 3235 2088 3259; x_wconf 82' lang='lat'>931</span> <span class='ocrx_word' id='word_1_2019' title='bbox 2110 3228 2134 3254; x_wconf 94' lang='lat' dir='ltr'>O</span> <span class='ocrx_word' id='word_1_2020' title='bbox 2150 3230 2205 3256; x_wconf 87' lang='lat' dir='ltr'>Dee</span> 
     </span>
     <span class='ocr_line' id='line_1_200' title="bbox 1165 3257 2203 3299; baseline 0.006 -15"><span class='ocrx_word' id='word_1_2021' title='bbox 1165 3258 1364 3293; x_wconf 73' lang='lat' dir='ltr'>cnnffiparens,</span> <span class='ocrx_word' id='word_1_2022' title='bbox 1384 3257 1486 3284; x_wconf 88' lang='lat' dir='ltr'>animae</span> <span class='ocrx_word' id='word_1_2023' title='bbox 1501 3257 1586 3289; x_wconf 80' lang='lat' dir='ltr'>dator,</span> <span class='ocrx_word' id='word_1_2024' title='bbox 1606 3265 1623 3283; x_wconf 92' lang='grc' dir='ltr'><strong>ο</strong></span> <span class='ocrx_word' id='word_1_2025' title='bbox 1638 3257 1692 3283; x_wconf 88' lang='lat' dir='ltr'>Dee</span> <span class='ocrx_word' id='word_1_2026' title='bbox 1706 3258 1817 3284; x_wconf 89' lang='lat' dir='ltr'>Christe.</span> <span class='ocrx_word' id='word_1_2027' title='bbox 1868 3261 1937 3286; x_wconf 85' lang='lat' dir='ltr'>Plur.</span> <span class='ocrx_word' id='word_1_2028' title='bbox 1953 3262 2002 3287; x_wconf 92' lang='lat' dir='ltr'>Dei</span> <span class='ocrx_word' id='word_1_2029' title='bbox 2022 3263 2126 3289; x_wconf 81' lang='lat' dir='ltr'>Petron.</span> <span class='ocrx_word' id='word_1_2030' title='bbox 2141 3273 2161 3290; x_wconf 88' lang='lat' dir='ltr'>c.</span> <span class='ocrx_word' id='word_1_2031' title='bbox 2171 3271 2203 3299; x_wconf 79' lang='lat'>73</span> 
     </span>
     <span class='ocr_line' id='line_1_201' title="bbox 1164 3292 2205 3335; baseline 0.002 -15"><span class='ocrx_word' id='word_1_2032' title='bbox 1164 3294 1293 3320; x_wconf 84' lang='lat' dir='ltr'>Homines</span> <span class='ocrx_word' id='word_1_2033' title='bbox 1311 3293 1398 3320; x_wconf 84' lang='lat' dir='ltr'>sumus</span> <span class='ocrx_word' id='word_1_2034' title='bbox 1416 3301 1470 3319; x_wconf 86' lang='lat' dir='ltr'>non</span> <span class='ocrx_word' id='word_1_2035' title='bbox 1484 3293 1550 3324; x_wconf 88' lang='lat' dir='ltr'>Dei,</span> <span class='ocrx_word' id='word_1_2036' title='bbox 1566 3292 1606 3326; x_wconf 82' lang='lat' dir='ltr'>fic</span> <span class='ocrx_word' id='word_1_2037' title='bbox 1625 3300 1689 3319; x_wconf 79' lang='lat' dir='ltr'>certe</span> <span class='ocrx_word' id='word_1_2038' title='bbox 1703 3294 1836 3320; x_wconf 81' lang='lat' dir='ltr'>Burmann.</span> <span class='ocrx_word' id='word_1_2039' title='bbox 1852 3301 1901 3330; x_wconf 81' lang='lat' dir='ltr'>pro</span> <span class='ocrx_word' id='word_1_2040' title='bbox 1914 3295 1975 3328; x_wconf 84' lang='lat' dir='ltr'>Dii,</span> <span class='ocrx_word' id='word_1_2041' title='bbox 1996 3297 2059 3331; x_wconf 86' lang='lat' dir='ltr'>quod</span> <span class='ocrx_word' id='word_1_2042' title='bbox 2071 3298 2131 3333; x_wconf 72' lang='lat' dir='ltr'>fere</span> <span class='ocrx_word' id='word_1_2043' title='bbox 2144 3307 2205 3335; x_wconf 69' lang='lat' dir='ltr'>per-</span> 
     </span>
     <span class='ocr_line' id='line_1_202' title="bbox 1159 3328 2205 3370; baseline 0.007 -16"><span class='ocrx_word' id='word_1_2044' title='bbox 1159 3336 1268 3365; x_wconf 72' lang='lat' dir='ltr'>petuum.</span> <span class='ocrx_word' id='word_1_2045' title='bbox 1343 3329 1399 3355; x_wconf 90' lang='lat' dir='ltr'>Cic.</span> <span class='ocrx_word' id='word_1_2046' title='bbox 1413 3328 1526 3355; x_wconf 89' lang='lat' dir='ltr'>Tnscnl.</span> <span class='ocrx_word' id='word_1_2047' title='bbox 1541 3336 1561 3360; x_wconf 91' lang='lat'>1,</span> <span class='ocrx_word' id='word_1_2048' title='bbox 1575 3336 1608 3360; x_wconf 89' lang='lat'>29</span> <span class='ocrx_word' id='word_1_2049' title='bbox 1627 3337 1648 3353; x_wconf 87' lang='lat' dir='ltr'>c.</span> <span class='ocrx_word' id='word_1_2050' title='bbox 1665 3337 1688 3360; x_wconf 81' lang='lat'>13</span> <span class='ocrx_word' id='word_1_2051' title='bbox 1704 3328 1752 3362; x_wconf 90' lang='lat' dir='ltr'>Ipsi</span> <span class='ocrx_word' id='word_1_2052' title='bbox 1767 3329 1809 3355; x_wconf 88' lang='lat' dir='ltr'>illi</span> <span class='ocrx_word' id='word_1_2053' title='bbox 1822 3330 1952 3357; x_wconf 87' lang='lat' dir='ltr'>maiorum</span> <span class='ocrx_word' id='word_1_2054' title='bbox 1966 3332 2084 3365; x_wconf 81' lang='lat' dir='ltr'>gentium</span> <span class='ocrx_word' id='word_1_2055' title='bbox 2097 3333 2143 3366; x_wconf 90' lang='lat' dir='ltr'>dii,</span> <span class='ocrx_word' id='word_1_2056' title='bbox 2156 3336 2205 3370; x_wconf 90' lang='lat' dir='ltr'>qni</span> 
     </span>
     <span class='ocr_line' id='line_1_203' title="bbox 1166 3363 2206 3402; baseline 0.007 -11"><span class='ocrx_word' id='word_1_2057' title='bbox 1166 3365 1295 3392; x_wconf 83' lang='lat' dir='ltr'>habentur</span> <span class='ocrx_word' id='word_1_2058' title='bbox 1307 3364 1369 3391; x_wconf 89' lang='lat' dir='ltr'>hinc</span> <span class='ocrx_word' id='word_1_2059' title='bbox 1384 3373 1398 3390; x_wconf 90' lang='lat' dir='ltr'>a</span> <span class='ocrx_word' id='word_1_2060' title='bbox 1411 3363 1489 3390; x_wconf 88' lang='lat' dir='ltr'>nobis</span> <span class='ocrx_word' id='word_1_2061' title='bbox 1503 3363 1619 3397; x_wconf 68' lang='lat' dir='ltr'>profecti</span> <span class='ocrx_word' id='word_1_2062' title='bbox 1633 3364 1661 3389; x_wconf 85' lang='lat' dir='ltr'>in</span> <span class='ocrx_word' id='word_1_2063' title='bbox 1673 3365 1772 3390; x_wconf 87' lang='lat' dir='ltr'>caelum</span> <span class='ocrx_word' id='word_1_2064' title='bbox 1786 3365 1957 3399; x_wconf 84' lang='lat' dir='ltr'>reperientur.</span> <span class='ocrx_word' id='word_1_2065' title='bbox 2013 3368 2080 3402; x_wconf 74' lang='lat' dir='ltr'>Quae</span> <span class='ocrx_word' id='word_1_2066' title='bbox 2095 3370 2169 3397; x_wconf 80' lang='lat' dir='ltr'>verba</span> <span class='ocrx_word' id='word_1_2067' title='bbox 2181 3378 2206 3397; x_wconf 79' lang='lat' dir='ltr'>et</span> 
     </span>
     <span class='ocr_line' id='line_1_204' title="bbox 1165 3397 2206 3437; baseline 0.007 -11"><span class='ocrx_word' id='word_1_2068' title='bbox 1165 3404 1199 3427; x_wconf 71' lang='lat' dir='ltr'>iis</span> <span class='ocrx_word' id='word_1_2069' title='bbox 1215 3409 1323 3427; x_wconf 78' lang='lat' dir='ltr'>connexa</span> <span class='ocrx_word' id='word_1_2070' title='bbox 1335 3403 1439 3434; x_wconf 72' lang='lat' dir='ltr'>repetit,</span> <span class='ocrx_word' id='word_1_2071' title='bbox 1459 3406 1532 3434; x_wconf 70' lang='lat' dir='ltr'>urget</span> <span class='ocrx_word' id='word_1_2072' title='bbox 1547 3405 1570 3425; x_wconf 84' lang='lat' dir='ltr'>et</span> <span class='ocrx_word' id='word_1_2073' title='bbox 1583 3397 1692 3431; x_wconf 79' lang='lat' dir='ltr'>illustrat</span> <span class='ocrx_word' id='word_1_2074' title='bbox 1706 3400 1821 3426; x_wconf 56' lang='lat' dir='ltr'>Laciant.</span> <span class='ocrx_word' id='word_1_2075' title='bbox 1837 3409 1862 3431; x_wconf 91' lang='lat'>1,</span> <span class='ocrx_word' id='word_1_2076' title='bbox 1876 3408 1900 3433; x_wconf 71' lang='grc' dir='ltr'>ις</span> <span class='ocrx_word' id='word_1_2077' title='bbox 1923 3404 1967 3437; x_wconf 76' lang='lat' dir='ltr'>qui</span> <span class='ocrx_word' id='word_1_2078' title='bbox 1984 3402 2108 3431; x_wconf 76' lang='lat' dir='ltr'>videatur.</span> <span class='ocrx_word' id='word_1_2079' title='bbox 2143 3405 2206 3433; x_wconf 82' lang='lat' dir='ltr'>addi</span> 
     </span>
     <span class='ocr_line' id='line_1_205' title="bbox 1160 3433 2204 3472; baseline 0.001 -10"><span class='ocrx_word' id='word_1_2080' title='bbox 1160 3434 1242 3472; x_wconf 68' lang='lat' dir='ltr'>potest</span> <span class='ocrx_word' id='word_1_2081' title='bbox 1254 3436 1371 3471; x_wconf 80' lang='lat' dir='ltr'>Coqueius</span> <span class='ocrx_word' id='word_1_2082' title='bbox 1388 3433 1421 3461; x_wconf 84' lang='lat' dir='ltr'>ad</span> <span class='ocrx_word' id='word_1_2083' title='bbox 1434 3434 1569 3469; x_wconf 84' lang='lat' dir='ltr'>Augustin.</span> <span class='ocrx_word' id='word_1_2084' title='bbox 1585 3433 1616 3460; x_wconf 87' lang='lat' dir='ltr'>de</span> <span class='ocrx_word' id='word_1_2085' title='bbox 1631 3435 1659 3460; x_wconf 92' lang='lat' dir='ltr'>C.</span> <span class='ocrx_word' id='word_1_2086' title='bbox 1674 3435 1704 3460; x_wconf 90' lang='lat' dir='ltr'>D.</span> <span class='ocrx_word' id='word_1_2087' title='bbox 1721 3444 1729 3460; x_wconf 95' lang='lat'>1</span> <span class='ocrx_word' id='word_1_2088' title='bbox 1739 3455 1746 3467; x_wconf 84' lang='lat'>,</span> <span class='ocrx_word' id='word_1_2089' title='bbox 1759 3445 1776 3468; x_wconf 73' lang='lat'><strong>4</strong></span> <span class='ocrx_word' id='word_1_2090' title='bbox 1802 3444 1825 3469; x_wconf 92' lang='lat' dir='ltr'>p.</span> <span class='ocrx_word' id='word_1_2091' title='bbox 1840 3441 1873 3464; x_wconf 84' lang='lat'>18.</span> <span class='ocrx_word' id='word_1_2092' title='bbox 1947 3437 2129 3472; x_wconf 74' lang='lat' dir='ltr'>Obfiruandum</span> <span class='ocrx_word' id='word_1_2093' title='bbox 2147 3442 2204 3468; x_wconf 58' lang='lat' dir='ltr'>Lat.</span> 
     </span>
    </p>
   </div>
   <div class='ocr_carea' id='block_1_39' title="bbox 936 3469 2207 3510">
    <p class='ocr_par' dir='ltr' id='par_1_53' title="bbox 936 3469 2207 3510">
     <span class='ocr_line' id='line_1_206' title="bbox 936 3469 2207 3510; baseline 0.006 -17"><span class='ocrx_word' id='word_1_2094' title='bbox 936 3469 1074 3495; x_wconf 80' lang='lat' dir='ltr'>Excantare</span> <span class='ocrx_word' id='word_1_2095' title='bbox 1087 3478 1094 3493; x_wconf 65' lang='grc' dir='ltr'><em>ί</em></span> <span class='ocrx_word' id='word_1_2096' title='bbox 1105 3481 1140 3506; x_wconf 89' lang='lat'>90</span> <span class='ocrx_word' id='word_1_2097' title='bbox 1166 3473 1255 3498; x_wconf 53' lang='lat' dir='ltr'>Portas</span> <span class='ocrx_word' id='word_1_2098' title='bbox 1270 3471 1304 3497; x_wconf 75' lang='lat' dir='ltr'>aci</span> <span class='ocrx_word' id='word_1_2099' title='bbox 1315 3473 1477 3497; x_wconf 83' lang='lat' dir='ltr'>imitationem</span> <span class='ocrx_word' id='word_1_2100' title='bbox 1492 3471 1638 3496; x_wconf 78' lang='lat' dir='ltr'>Graecorum</span> <span class='ocrx_word' id='word_1_2101' title='bbox 1652 3470 1703 3495; x_wconf 89' lang='lat' dir='ltr'>Dei</span> <span class='ocrx_word' id='word_1_2102' title='bbox 1719 3469 1858 3497; x_wconf 80' lang='lat' dir='ltr'>vocabulum</span> <span class='ocrx_word' id='word_1_2103' title='bbox 1875 3477 1925 3496; x_wconf 83' lang='lat' dir='ltr'>tam</span> <span class='ocrx_word' id='word_1_2104' title='bbox 1931 3471 2040 3507; x_wconf 82' lang='lat' dir='ltr'>feminis</span> <span class='ocrx_word' id='word_1_2105' title='bbox 2055 3484 2126 3510; x_wconf 84' lang='lat' dir='ltr'>quam</span> <span class='ocrx_word' id='word_1_2106' title='bbox 2139 3480 2207 3503; x_wconf 58' lang='lat' dir='ltr'>viris</span> 
     </span>
    </p>
   </div>
   <div class='ocr_carea' id='block_1_40' title="bbox 1165 3505 2206 3652">
    <p class='ocr_par' dir='ltr' id='par_1_54' title="bbox 1165 3505 2206 3652">
     <span class='ocr_line' id='line_1_207' title="bbox 1165 3505 2205 3544; baseline 0.002 -11"><span class='ocrx_word' id='word_1_2107' title='bbox 1165 3505 1311 3540; x_wconf 75' lang='lat' dir='ltr'>auribusffi.</span> <span class='ocrx_word' id='word_1_2108' title='bbox 1371 3508 1412 3533; x_wconf 85' lang='lat' dir='ltr'>Ita</span> <span class='ocrx_word' id='word_1_2109' title='bbox 1425 3505 1522 3540; x_wconf 80' lang='lat' dir='ltr'>Virgil.</span> <span class='ocrx_word' id='word_1_2110' title='bbox 1536 3506 1601 3531; x_wconf 89' lang='lat' dir='ltr'>Aen.</span> <span class='ocrx_word' id='word_1_2111' title='bbox 1617 3513 1641 3535; x_wconf 85' lang='lat'>2,</span> <span class='ocrx_word' id='word_1_2112' title='bbox 1655 3507 1710 3536; x_wconf 79' lang='lat'>632.</span> <span class='ocrx_word' id='word_1_2113' title='bbox 1738 3512 1761 3530; x_wconf 79' lang='lat' dir='ltr'>ct</span> <span class='ocrx_word' id='word_1_2114' title='bbox 1780 3513 1805 3539; x_wconf 85' lang='lat'>7,</span> <span class='ocrx_word' id='word_1_2115' title='bbox 1817 3513 1871 3539; x_wconf 87' lang='lat'>497</span> <span class='ocrx_word' id='word_1_2116' title='bbox 1895 3507 2026 3534; x_wconf 89' lang='lat' dir='ltr'>Venerem</span> <span class='ocrx_word' id='word_1_2117' title='bbox 2040 3510 2142 3544; x_wconf 89' lang='lat' dir='ltr'>Deum,</span> <span class='ocrx_word' id='word_1_2118' title='bbox 2163 3513 2205 3538; x_wconf 89' lang='lat' dir='ltr'>Iu.</span> 
     </span>
     <span class='ocr_line' id='line_1_208' title="bbox 1165 3540 2203 3582; baseline 0.002 -14"><span class='ocrx_word' id='word_1_2119' title='bbox 1165 3551 1263 3569; x_wconf 89' lang='lat' dir='ltr'>nonem</span> <span class='ocrx_word' id='word_1_2120' title='bbox 1276 3543 1371 3568; x_wconf 87' lang='lat' dir='ltr'>Deum.</span> <span class='ocrx_word' id='word_1_2121' title='bbox 1445 3541 1518 3576; x_wconf 60' lang='lat' dir='ltr'>C⁰⁷if=</span> <span class='ocrx_word' id='word_1_2122' title='bbox 1539 3540 1621 3566; x_wconf 86' lang='lat' dir='ltr'>Plaut.</span> <span class='ocrx_word' id='word_1_2123' title='bbox 1635 3541 1713 3566; x_wconf 86' lang='lat' dir='ltr'>l’oen.</span> <span class='ocrx_word' id='word_1_2124' title='bbox 1727 3549 1752 3572; x_wconf 82' lang='lat'>2,</span> <span class='ocrx_word' id='word_1_2125' title='bbox 1766 3548 1791 3571; x_wconf 79' lang='lat'>2,</span> <span class='ocrx_word' id='word_1_2126' title='bbox 1808 3549 1843 3566; x_wconf 82' lang='lat'>10.</span> <span class='ocrx_word' id='word_1_2127' title='bbox 1874 3547 1898 3567; x_wconf 81' lang='lat' dir='ltr'>et</span> <span class='ocrx_word' id='word_1_2128' title='bbox 1914 3548 1937 3574; x_wconf 81' lang='grc' dir='ltr'>ς,</span> <span class='ocrx_word' id='word_1_2129' title='bbox 1950 3551 1974 3575; x_wconf 86' lang='grc'>3,</span> <span class='ocrx_word' id='word_1_2130' title='bbox 1995 3553 2029 3576; x_wconf 85' lang='grc' dir='ltr'>ι3.</span> <span class='ocrx_word' id='word_1_2131' title='bbox 2105 3548 2144 3582; x_wconf 73' lang='lat' dir='ltr'>Q</span> <span class='ocrx_word' id='word_1_2132' title='bbox 2155 3549 2203 3575; x_wconf 67' lang='lat' dir='ltr'>Ca.</span> 
     </span>
     <span class='ocr_line' id='line_1_209' title="bbox 1166 3575 2206 3614; baseline 0.008 -11"><span class='ocrx_word' id='word_1_2133' title='bbox 1166 3577 1241 3607; x_wconf 76' lang='lat' dir='ltr'>tulus,</span> <span class='ocrx_word' id='word_1_2134' title='bbox 1250 3577 1316 3612; x_wconf 75' lang='lat' dir='ltr'>apud</span> <span class='ocrx_word' id='word_1_2135' title='bbox 1329 3577 1488 3604; x_wconf 83' lang='lat' dir='ltr'>Cic.Natur.</span> <span class='ocrx_word' id='word_1_2136' title='bbox 1501 3577 1582 3602; x_wconf 86' lang='lat' dir='ltr'>Deor.</span> <span class='ocrx_word' id='word_1_2137' title='bbox 1600 3583 1620 3606; x_wconf 88' lang='grc' dir='ltr'>ι,</span> <span class='ocrx_word' id='word_1_2138' title='bbox 1634 3583 1668 3610; x_wconf 86' lang='lat'>79</span> <span class='ocrx_word' id='word_1_2139' title='bbox 1691 3584 1711 3601; x_wconf 85' lang='lat' dir='ltr'>c.</span> <span class='ocrx_word' id='word_1_2140' title='bbox 1726 3580 1756 3604; x_wconf 81' lang='lat'>28</span> <span class='ocrx_word' id='word_1_2141' title='bbox 1778 3575 1900 3603; x_wconf 83' lang='lat' dir='ltr'>Mortalis</span> <span class='ocrx_word' id='word_1_2142' title='bbox 1913 3578 2002 3605; x_wconf 85' lang='lat' dir='ltr'>visu’st</span> <span class='ocrx_word' id='word_1_2143' title='bbox 2019 3580 2137 3614; x_wconf 87' lang='lat' dir='ltr'>pulcrior</span> <span class='ocrx_word' id='word_1_2144' title='bbox 2157 3585 2206 3610; x_wconf 81' lang='lat' dir='ltr'>effe</span> 
     </span>
     <span class='ocr_line' id='line_1_210' title="bbox 1165 3611 2204 3652; baseline 0.001 -13"><span class='ocrx_word' id='word_1_2145' title='bbox 1165 3613 1240 3645; x_wconf 88' lang='lat' dir='ltr'>Dco,</span> <span class='ocrx_word' id='word_1_2146' title='bbox 1255 3622 1307 3639; x_wconf 83' lang='lat' dir='ltr'>cum</span> <span class='ocrx_word' id='word_1_2147' title='bbox 1320 3612 1431 3648; x_wconf 67' lang='lat' dir='ltr'>respeHu</span> <span class='ocrx_word' id='word_1_2148' title='bbox 1443 3611 1477 3638; x_wconf 85' lang='lat' dir='ltr'>ad</span> <span class='ocrx_word' id='word_1_2149' title='bbox 1488 3614 1620 3637; x_wconf 85' lang='lat' dir='ltr'>Auroram.</span> <span class='ocrx_word' id='word_1_2150' title='bbox 1856 3620 1873 3638; x_wconf 86' lang='lat'>2</span> <span class='ocrx_word' id='word_1_2151' title='bbox 1901 3612 1972 3640; x_wconf 83' lang='lat' dir='ltr'>Deus</span> <span class='ocrx_word' id='word_1_2152' title='bbox 1988 3619 2061 3642; x_wconf 78' lang='lat' dir='ltr'>etiam</span> <span class='ocrx_word' id='word_1_2153' title='bbox 2071 3624 2121 3652; x_wconf 74' lang='lat' dir='ltr'>pro</span> <span class='ocrx_word' id='word_1_2154' title='bbox 2130 3620 2204 3645; x_wconf 65' lang='grc' dir='ltr'>Βςηρ.</span> 
     </span>
    </p>
   </div>
   <div class='ocr_carea' id='block_1_41' title="bbox 731 3644 2203 3688">
    <p class='ocr_par' dir='ltr' id='par_1_55' title="bbox 731 3644 2203 3688">
     <span class='ocr_line' id='line_1_211' title="bbox 731 3644 2203 3688; baseline 0.006 -16"><span class='ocrx_word' id='word_1_2155' title='bbox 731 3644 838 3672; x_wconf 90' lang='lat' dir='ltr'>Tibnll.</span> <span class='ocrx_word' id='word_1_2156' title='bbox 849 3654 869 3678; x_wconf 89' lang='lat'>1,</span> <span class='ocrx_word' id='word_1_2157' title='bbox 883 3647 909 3677; x_wconf 90' lang='lat'>6,</span> <span class='ocrx_word' id='word_1_2158' title='bbox 923 3653 936 3677; x_wconf 80' lang='grc' dir='ltr'><strong><em>ς</em></strong></span> <span class='ocrx_word' id='word_1_2159' title='bbox 962 3646 1038 3672; x_wconf 86' lang='lat' dir='ltr'>Tum</span> <span class='ocrx_word' id='word_1_2160' title='bbox 1052 3655 1095 3672; x_wconf 88' lang='lat' dir='ltr'>mc</span> <span class='ocrx_word' id='word_1_2161' title='bbox 1105 3658 1137 3684; x_wconf 80' lang='lat'>93</span> <span class='ocrx_word' id='word_1_2162' title='bbox 1160 3647 1222 3684; x_wconf 81' lang='lat' dir='ltr'>fico,</span> <span class='ocrx_word' id='word_1_2163' title='bbox 1238 3649 1365 3675; x_wconf 79' lang='lat' dir='ltr'>Seruatore</span> <span class='ocrx_word' id='word_1_2164' title='bbox 1377 3659 1385 3673; x_wconf 85' lang='grc'>.-</span> <span class='ocrx_word' id='word_1_2165' title='bbox 1410 3647 1478 3674; x_wconf 87' lang='lat' dir='ltr'>Ter.</span> <span class='ocrx_word' id='word_1_2166' title='bbox 1489 3646 1593 3673; x_wconf 85' lang='lat' dir='ltr'>Phorm.</span> <span class='ocrx_word' id='word_1_2167' title='bbox 1609 3654 1635 3677; x_wconf 89' lang='lat'>2,</span> <span class='ocrx_word' id='word_1_2168' title='bbox 1651 3653 1674 3676; x_wconf 86' lang='lat'>2,</span> <span class='ocrx_word' id='word_1_2169' title='bbox 1689 3653 1713 3676; x_wconf 77' lang='lat'>31</span> <span class='ocrx_word' id='word_1_2170' title='bbox 1733 3645 1798 3671; x_wconf 85' lang='lat' dir='ltr'>Non</span> <span class='ocrx_word' id='word_1_2171' title='bbox 1810 3652 1838 3673; x_wconf 94' lang='lat' dir='ltr'>tu</span> <span class='ocrx_word' id='word_1_2172' title='bbox 1853 3646 1921 3674; x_wconf 87' lang='lat' dir='ltr'>hunc</span> <span class='ocrx_word' id='word_1_2173' title='bbox 1936 3648 2030 3677; x_wconf 87' lang='lat' dir='ltr'>habeas</span> <span class='ocrx_word' id='word_1_2174' title='bbox 2044 3652 2119 3685; x_wconf 89' lang='lat' dir='ltr'>plane</span> <span class='ocrx_word' id='word_1_2175' title='bbox 2132 3661 2203 3688; x_wconf 85' lang='lat' dir='ltr'>prae-</span> 
     </span>
    </p>
   </div>
   <div class='ocr_carea' id='block_1_42' title="bbox 1166 3679 2205 3826">
    <p class='ocr_par' dir='ltr' id='par_1_56' title="bbox 1166 3679 2205 3826">
     <span class='ocr_line' id='line_1_212' title="bbox 1166 3679 2205 3721; baseline 0.007 -12"><span class='ocrx_word' id='word_1_2176' title='bbox 1166 3684 1264 3710; x_wconf 87' lang='lat' dir='ltr'>sentem</span> <span class='ocrx_word' id='word_1_2177' title='bbox 1281 3684 1389 3710; x_wconf 76' lang='lat' dir='ltr'>Denm?</span> <span class='ocrx_word' id='word_1_2178' title='bbox 1458 3683 1485 3709; x_wconf 87' lang='lat' dir='ltr'>Si</span> <span class='ocrx_word' id='word_1_2179' title='bbox 1505 3683 1574 3708; x_wconf 83' lang='lat' dir='ltr'>Dens</span> <span class='ocrx_word' id='word_1_2180' title='bbox 1593 3689 1635 3711; x_wconf 73' lang='grc' dir='ltr'>ες,</span> <span class='ocrx_word' id='word_1_2181' title='bbox 1655 3679 1773 3707; x_wconf 87' lang='lat' dir='ltr'>tribuere</span> <span class='ocrx_word' id='word_1_2182' title='bbox 1793 3684 1950 3710; x_wconf 85' lang='lat' dir='ltr'>mortalibus</span> <span class='ocrx_word' id='word_1_2183' title='bbox 1967 3685 2095 3714; x_wconf 77' lang='lat' dir='ltr'>beneficia</span> <span class='ocrx_word' id='word_1_2184' title='bbox 2116 3689 2205 3721; x_wconf 84' lang='lat' dir='ltr'>debes,</span> 
     </span>
     <span class='ocr_line' id='line_1_213' title="bbox 1166 3716 2203 3758; baseline 0.013 -20"><span class='ocrx_word' id='word_1_2185' title='bbox 1166 3727 1220 3745; x_wconf 72' lang='lat' dir='ltr'>non</span> <span class='ocrx_word' id='word_1_2186' title='bbox 1235 3719 1280 3745; x_wconf 68' lang='lat' dir='ltr'>sua</span> <span class='ocrx_word' id='word_1_2187' title='bbox 1300 3719 1404 3753; x_wconf 70' lang='lat' dir='ltr'>eripere</span> <span class='ocrx_word' id='word_1_2188' title='bbox 1423 3719 1495 3745; x_wconf 65' lang='lat' dir='ltr'>Cum.</span> <span class='ocrx_word' id='word_1_2189' title='bbox 1512 3725 1538 3750; x_wconf 82' lang='lat'>7,</span> <span class='ocrx_word' id='word_1_2190' title='bbox 1557 3721 1585 3746; x_wconf 80' lang='lat'>8,</span> <span class='ocrx_word' id='word_1_2191' title='bbox 1604 3717 1643 3741; x_wconf 90' lang='lat'>26.</span> <span class='ocrx_word' id='word_1_2192' title='bbox 1715 3716 1783 3743; x_wconf 87' lang='lat' dir='ltr'>Deus</span> <span class='ocrx_word' id='word_1_2193' title='bbox 1800 3718 1890 3745; x_wconf 82' lang='lat' dir='ltr'>noster</span> <span class='ocrx_word' id='word_1_2194' title='bbox 1908 3720 2003 3748; x_wconf 84' lang='lat' dir='ltr'>Caesar</span> <span class='ocrx_word' id='word_1_2195' title='bbox 2023 3722 2141 3750; x_wconf 84' lang='lat' dir='ltr'>Scribon.</span> <span class='ocrx_word' id='word_1_2196' title='bbox 2157 3726 2203 3758; x_wconf 87' lang='lat' dir='ltr'>Ep.</span> 
     </span>
     <span class='ocr_line' id='line_1_214' title="bbox 1166 3751 2204 3793; baseline 0.005 -12"><span class='ocrx_word' id='word_1_2197' title='bbox 1166 3757 1197 3781; x_wconf 85' lang='lat' dir='ltr'>it.</span> <span class='ocrx_word' id='word_1_2198' title='bbox 1212 3755 1306 3789; x_wconf 91' lang='lat' dir='ltr'>Comp.</span> <span class='ocrx_word' id='word_1_2199' title='bbox 1322 3757 1364 3780; x_wconf 87' lang='lat'>60.</span> <span class='ocrx_word' id='word_1_2200' title='bbox 1378 3756 1429 3785; x_wconf 83' lang='lat'>163.</span> <span class='ocrx_word' id='word_1_2201' title='bbox 1487 3754 1551 3778; x_wconf 87' lang='lat' dir='ltr'>Nam</span> <span class='ocrx_word' id='word_1_2202' title='bbox 1566 3751 1634 3776; x_wconf 90' lang='lat' dir='ltr'>Deus</span> <span class='ocrx_word' id='word_1_2203' title='bbox 1649 3754 1762 3786; x_wconf 83' lang='lat' dir='ltr'>quoniam</span> <span class='ocrx_word' id='word_1_2204' title='bbox 1777 3762 1857 3779; x_wconf 80' lang='lat' dir='ltr'>omncs</span> <span class='ocrx_word' id='word_1_2205' title='bbox 1869 3757 1895 3780; x_wconf 86' lang='lat' dir='ltr'>in</span> <span class='ocrx_word' id='word_1_2206' title='bbox 1904 3755 1933 3790; x_wconf 79' lang='lat' dir='ltr'><em>fi</em></span> <span class='ocrx_word' id='word_1_2207' title='bbox 1944 3756 2111 3793; x_wconf 68' lang='lat' dir='ltr'>perfet‘liones</span> <span class='ocrx_word' id='word_1_2208' title='bbox 2123 3760 2204 3791; x_wconf 78' lang='lat' dir='ltr'>habet,</span> 
     </span>
     <span class='ocr_line' id='line_1_215' title="bbox 1166 3786 2204 3826; baseline 0.005 -10"><span class='ocrx_word' id='word_1_2209' title='bbox 1166 3793 1261 3826; x_wconf 83' lang='lat' dir='ltr'>quoties</span> <span class='ocrx_word' id='word_1_2210' title='bbox 1273 3791 1359 3816; x_wconf 82' lang='lat' dir='ltr'>volunt</span> <span class='ocrx_word' id='word_1_2211' title='bbox 1371 3788 1490 3822; x_wconf 77' lang='lat' dir='ltr'>ostendere</span> <span class='ocrx_word' id='word_1_2212' title='bbox 1506 3789 1587 3812; x_wconf 84' lang='lat' dir='ltr'>virum</span> <span class='ocrx_word' id='word_1_2213' title='bbox 1599 3787 1702 3821; x_wconf 84' lang='lat' dir='ltr'>aliquem</span> <span class='ocrx_word' id='word_1_2214' title='bbox 1716 3786 1758 3820; x_wconf 68' lang='lat' dir='ltr'><em>ff</em></span> <span class='ocrx_word' id='word_1_2215' title='bbox 1767 3787 1914 3824; x_wconf 73' lang='lat' dir='ltr'>singularem</span> <span class='ocrx_word' id='word_1_2216' title='bbox 1934 3798 1957 3817; x_wconf 80' lang='lat' dir='ltr'>et</span> <span class='ocrx_word' id='word_1_2217' title='bbox 1969 3795 2098 3826; x_wconf 73' lang='lat' dir='ltr'>eximium,</span> <span class='ocrx_word' id='word_1_2218' title='bbox 2118 3795 2204 3821; x_wconf 90' lang='lat' dir='ltr'>Deum</span> 
     </span>
    </p>
   </div>
   <div class='ocr_carea' id='block_1_43' title="bbox 589 3820 2203 3863">
    <p class='ocr_par' dir='ltr' id='par_1_57' title="bbox 589 3820 2203 3863">
     <span class='ocr_line' id='line_1_216' title="bbox 589 3820 2203 3863; baseline 0.006 -17"><span class='ocrx_word' id='word_1_2219' title='bbox 589 3821 686 3848; x_wconf 80' lang='lat' dir='ltr'>Laudat</span> <span class='ocrx_word' id='word_1_2220' title='bbox 703 3822 738 3848; x_wconf 83' lang='lat' dir='ltr'>ibi</span> <span class='ocrx_word' id='word_1_2221' title='bbox 758 3823 831 3849; x_wconf 89' lang='lat' dir='ltr'>Seru.</span> <span class='ocrx_word' id='word_1_2222' title='bbox 853 3821 928 3848; x_wconf 77' lang='lat' dir='ltr'>verba</span> <span class='ocrx_word' id='word_1_2223' title='bbox 938 3820 1048 3858; x_wconf 80' lang='lat' dir='ltr'>Augusti</span> <span class='ocrx_word' id='word_1_2224' title='bbox 1067 3832 1096 3848; x_wconf 80' lang='lat' dir='ltr'>ex</span> <span class='ocrx_word' id='word_1_2225' title='bbox 1107 3837 1153 3855; x_wconf 86' lang='lat'>100</span> <span class='ocrx_word' id='word_1_2226' title='bbox 1168 3825 1237 3852; x_wconf 85' lang='lat' dir='ltr'>illum</span> <span class='ocrx_word' id='word_1_2227' title='bbox 1251 3824 1294 3858; x_wconf 81' lang='lat' dir='ltr'>effe</span> <span class='ocrx_word' id='word_1_2228' title='bbox 1307 3825 1425 3851; x_wconf 83' lang='lat' dir='ltr'>dicimus:</span> <span class='ocrx_word' id='word_1_2229' title='bbox 1447 3829 1475 3849; x_wconf 81' lang='lat' dir='ltr'>vt</span> <span class='ocrx_word' id='word_1_2230' title='bbox 1490 3821 1546 3847; x_wconf 72' lang='lat' dir='ltr'>Cic·</span> <span class='ocrx_word' id='word_1_2231' title='bbox 1561 3820 1593 3847; x_wconf 81' lang='lat' dir='ltr'>de</span> <span class='ocrx_word' id='word_1_2232' title='bbox 1604 3822 1678 3848; x_wconf 84' lang='lat' dir='ltr'>Orat.</span> <span class='ocrx_word' id='word_1_2233' title='bbox 1692 3831 1716 3853; x_wconf 82' lang='lat'>2,</span> <span class='ocrx_word' id='word_1_2234' title='bbox 1731 3830 1776 3857; x_wconf 88' lang='lat'>179</span> <span class='ocrx_word' id='word_1_2235' title='bbox 1796 3834 1817 3849; x_wconf 89' lang='lat' dir='ltr'>c.</span> <span class='ocrx_word' id='word_1_2236' title='bbox 1830 3834 1866 3858; x_wconf 80' lang='lat'>42</span> <span class='ocrx_word' id='word_1_2237' title='bbox 1887 3826 1962 3858; x_wconf 73' lang='lat' dir='ltr'>Qrae</span> <span class='ocrx_word' id='word_1_2238' title='bbox 1976 3827 2110 3861; x_wconf 83' lang='lat' dir='ltr'>dispositio</span> <span class='ocrx_word' id='word_1_2239' title='bbox 2128 3838 2203 3863; x_wconf 81' lang='lat' dir='ltr'>argu-</span> 
     </span>
    </p>
   </div>
   <div class='ocr_carea' id='block_1_44' title="bbox 1165 3856 2205 4003">
    <p class='ocr_par' dir='ltr' id='par_1_58' title="bbox 1165 3856 2205 4003">
     <span class='ocr_line' id='line_1_217' title="bbox 1169 3856 2204 3899; baseline 0.003 -12"><span class='ocrx_word' id='word_1_2240' title='bbox 1169 3866 1336 3893; x_wconf 87' lang='lat' dir='ltr'>mentorum,</span> <span class='ocrx_word' id='word_1_2241' title='bbox 1356 3860 1384 3885; x_wconf 89' lang='lat' dir='ltr'>in</span> <span class='ocrx_word' id='word_1_2242' title='bbox 1396 3867 1447 3893; x_wconf 88' lang='lat' dir='ltr'>qua</span> <span class='ocrx_word' id='word_1_2243' title='bbox 1460 3863 1488 3896; x_wconf 77' lang='lat' dir='ltr'>tu</span> <span class='ocrx_word' id='word_1_2244' title='bbox 1501 3856 1570 3883; x_wconf 87' lang='lat' dir='ltr'>mihi</span> <span class='ocrx_word' id='word_1_2245' title='bbox 1584 3857 1684 3891; x_wconf 84' lang='lat' dir='ltr'>semper</span> <span class='ocrx_word' id='word_1_2246' title='bbox 1699 3856 1760 3884; x_wconf 62' lang='lat' dir='ltr'>dens</span> <span class='ocrx_word' id='word_1_2247' title='bbox 1773 3859 1861 3886; x_wconf 84' lang='lat' dir='ltr'>videri</span> <span class='ocrx_word' id='word_1_2248' title='bbox 1878 3861 1959 3891; x_wconf 86' lang='lat' dir='ltr'>soles,</span> <span class='ocrx_word' id='word_1_2249' title='bbox 1986 3865 2003 3887; x_wconf 82' lang='lat' dir='ltr'>i.</span> <span class='ocrx_word' id='word_1_2250' title='bbox 2016 3862 2155 3899; x_wconf 76' lang='lat' dir='ltr'>singularis</span> <span class='ocrx_word' id='word_1_2251' title='bbox 2173 3872 2204 3890; x_wconf 77' lang='lat' dir='ltr'>ac</span> 
     </span>
     <span class='ocr_line' id='line_1_218' title="bbox 1165 3891 2203 3933; baseline 0.003 -11"><span class='ocrx_word' id='word_1_2252' title='bbox 1165 3897 1279 3932; x_wconf 81' lang='lat' dir='ltr'>summus.</span> <span class='ocrx_word' id='word_1_2253' title='bbox 1351 3894 1422 3921; x_wconf 89' lang='lat' dir='ltr'>Plato</span> <span class='ocrx_word' id='word_1_2254' title='bbox 1437 3891 1658 3927; x_wconf 79' lang='lat' dir='ltr'>Philosophorum</span> <span class='ocrx_word' id='word_1_2255' title='bbox 1678 3893 1747 3920; x_wconf 87' lang='lat' dir='ltr'>Dens</span> <span class='ocrx_word' id='word_1_2256' title='bbox 1766 3895 1821 3921; x_wconf 90' lang='lat' dir='ltr'>Cic.</span> <span class='ocrx_word' id='word_1_2257' title='bbox 1837 3895 1931 3922; x_wconf 83' lang='lat' dir='ltr'>Natur.</span> <span class='ocrx_word' id='word_1_2258' title='bbox 1946 3896 2024 3923; x_wconf 88' lang='lat' dir='ltr'>Deor.</span> <span class='ocrx_word' id='word_1_2259' title='bbox 2037 3906 2053 3923; x_wconf 82' lang='lat'>2</span> <span class='ocrx_word' id='word_1_2260' title='bbox 2080 3908 2100 3924; x_wconf 74' lang='lat' dir='ltr'>c.</span> <span class='ocrx_word' id='word_1_2261' title='bbox 2118 3907 2144 3924; x_wconf 85' lang='lat'>12</span> <span class='ocrx_word' id='word_1_2262' title='bbox 2158 3905 2203 3933; x_wconf 80' lang='lat' dir='ltr'>pr.</span> 
     </span>
     <span class='ocr_line' id='line_1_219' title="bbox 1168 3929 2205 3967; baseline 0.002 -9"><span class='ocrx_word' id='word_1_2263' title='bbox 1168 3932 1214 3958; x_wconf 88' lang='lat' dir='ltr'>Te</span> <span class='ocrx_word' id='word_1_2264' title='bbox 1225 3931 1254 3957; x_wconf 90' lang='lat' dir='ltr'>in</span> <span class='ocrx_word' id='word_1_2265' title='bbox 1265 3929 1377 3956; x_wconf 87' lang='lat' dir='ltr'>dicendo</span> <span class='ocrx_word' id='word_1_2266' title='bbox 1389 3929 1489 3962; x_wconf 85' lang='lat' dir='ltr'>semper</span> <span class='ocrx_word' id='word_1_2267' title='bbox 1500 3929 1592 3962; x_wconf 75' lang='lat' dir='ltr'>putaui</span> <span class='ocrx_word' id='word_1_2268' title='bbox 1606 3929 1691 3955; x_wconf 87' lang='lat' dir='ltr'>Deum</span> <span class='ocrx_word' id='word_1_2269' title='bbox 1704 3930 1778 3956; x_wconf 87' lang='lat' dir='ltr'>Idem</span> <span class='ocrx_word' id='word_1_2270' title='bbox 1792 3930 1824 3956; x_wconf 89' lang='lat' dir='ltr'>de</span> <span class='ocrx_word' id='word_1_2271' title='bbox 1837 3931 1912 3957; x_wconf 78' lang='lat' dir='ltr'>Orat.</span> <span class='ocrx_word' id='word_1_2272' title='bbox 1926 3941 1936 3957; x_wconf 92' lang='lat'>1</span> <span class='ocrx_word' id='word_1_2273' title='bbox 1953 3940 1975 3957; x_wconf 83' lang='lat' dir='ltr'>c.</span> <span class='ocrx_word' id='word_1_2274' title='bbox 1985 3940 2019 3962; x_wconf 74' lang='lat'>23.</span> <span class='ocrx_word' id='word_1_2275' title='bbox 2074 3933 2205 3967; x_wconf 64' lang='lat' dir='ltr'>Virgilius</span> 
     </span>
     <span class='ocr_line' id='line_1_220' title="bbox 1169 3964 2203 4003; baseline 0.003 -11"><span class='ocrx_word' id='word_1_2276' title='bbox 1169 3967 1238 3993; x_wconf 85' lang='lat' dir='ltr'>Deus</span> <span class='ocrx_word' id='word_1_2277' title='bbox 1253 3972 1356 3992; x_wconf 81' lang='lat' dir='ltr'>vocatur</span> <span class='ocrx_word' id='word_1_2278' title='bbox 1369 3964 1494 3998; x_wconf 85' lang='lat' dir='ltr'>Calpurn.</span> <span class='ocrx_word' id='word_1_2279' title='bbox 1509 3964 1560 3990; x_wconf 86' lang='lat' dir='ltr'>Ecl.</span> <span class='ocrx_word' id='word_1_2280' title='bbox 1574 3973 1601 3997; x_wconf 84' lang='lat'>4,</span> <span class='ocrx_word' id='word_1_2281' title='bbox 1616 3973 1657 3991; x_wconf 82' lang='lat'>20.</span> <span class='ocrx_word' id='word_1_2282' title='bbox 1695 3965 1766 4000; x_wconf 82' lang='lat' dir='ltr'>Conf.</span> <span class='ocrx_word' id='word_1_2283' title='bbox 1779 3965 1815 3991; x_wconf 86' lang='lat' dir='ltr'>ibi</span> <span class='ocrx_word' id='word_1_2284' title='bbox 1829 3967 1912 3995; x_wconf 76' lang='lat' dir='ltr'>burm.</span> <span class='ocrx_word' id='word_1_2285' title='bbox 1967 3967 2033 3992; x_wconf 85' lang='lat' dir='ltr'>Ter.</span> <span class='ocrx_word' id='word_1_2286' title='bbox 2049 3967 2077 3993; x_wconf 87' lang='lat' dir='ltr'>in</span> <span class='ocrx_word' id='word_1_2287' title='bbox 2092 3969 2203 4003; x_wconf 87' lang='lat' dir='ltr'>Adelph.</span> 
     </span>
    </p>
   </div>
   <div class='ocr_carea' id='block_1_45' title="bbox 65 3993 2204 4037">
    <p class='ocr_par' dir='ltr' id='par_1_59' title="bbox 65 3993 2204 4037">
     <span class='ocr_line' id='line_1_221' title="bbox 65 3993 2204 4037; baseline 0.003 -17"><span class='ocrx_word' id='word_1_2288' title='bbox 65 4001 106 4028; x_wconf 80' lang='lat'>14,</span> <span class='ocrx_word' id='word_1_2289' title='bbox 115 3998 150 4024; x_wconf 87' lang='lat'>18.</span> <span class='ocrx_word' id='word_1_2290' title='bbox 189 3993 293 4029; x_wconf 75' lang='lat' dir='ltr'>Sanguis</span> <span class='ocrx_word' id='word_1_2291' title='bbox 305 3993 432 4030; x_wconf 83' lang='lat' dir='ltr'>1d.Ep0d.</span> <span class='ocrx_word' id='word_1_2292' title='bbox 441 3997 478 4028; x_wconf 84' lang='lat'>16,</span> <span class='ocrx_word' id='word_1_2293' title='bbox 491 4002 516 4027; x_wconf 93' lang='lat'>9.</span> <span class='ocrx_word' id='word_1_2294' title='bbox 557 3993 664 4027; x_wconf 64' lang='lat' dir='ltr'>Deum,</span> <span class='ocrx_word' id='word_1_2295' title='bbox 680 3997 730 4032; x_wconf 71' lang='lat' dir='ltr'>Qu*</span> <span class='ocrx_word' id='word_1_2296' title='bbox 741 4000 769 4024; x_wconf 77' lang='lat' dir='ltr'>in</span> <span class='ocrx_word' id='word_1_2297' title='bbox 785 4000 889 4026; x_wconf 79' lang='lat' dir='ltr'>alterius</span> <span class='ocrx_word' id='word_1_2298' title='bbox 902 4002 1037 4027; x_wconf 81' lang='lat' dir='ltr'>amicitiam</span> <span class='ocrx_word' id='word_1_2299' title='bbox 1043 4000 1097 4037; x_wconf 78' lang='lat' dir='ltr'>sese</span> <span class='ocrx_word' id='word_1_2300' title='bbox 1109 4010 1155 4036; x_wconf 66' lang='lat'>105¹</span> <span class='ocrx_word' id='word_1_2301' title='bbox 1167 4011 1196 4036; x_wconf 88' lang='lat'>4,</span> <span class='ocrx_word' id='word_1_2302' title='bbox 1211 4010 1230 4035; x_wconf 90' lang='lat'>1,</span> <span class='ocrx_word' id='word_1_2303' title='bbox 1244 4009 1273 4035; x_wconf 91' lang='lat'>19</span> <span class='ocrx_word' id='word_1_2304' title='bbox 1293 3998 1437 4028; x_wconf 81' lang='lat' dir='ltr'>Laudarier</span> <span class='ocrx_word' id='word_1_2305' title='bbox 1448 4006 1475 4026; x_wconf 79' lang='lat' dir='ltr'>te</span> <span class='ocrx_word' id='word_1_2306' title='bbox 1488 3999 1561 4026; x_wconf 86' lang='lat' dir='ltr'>audit</span> <span class='ocrx_word' id='word_1_2307' title='bbox 1575 3999 1705 4029; x_wconf 81' lang='lat' dir='ltr'>libenter.-</span> <span class='ocrx_word' id='word_1_2308' title='bbox 1731 4001 1801 4028; x_wconf 84' lang='lat' dir='ltr'>facio</span> <span class='ocrx_word' id='word_1_2309' title='bbox 1814 4006 1839 4027; x_wconf 83' lang='lat' dir='ltr'>te</span> <span class='ocrx_word' id='word_1_2310' title='bbox 1851 3998 1918 4035; x_wconf 84' lang='lat' dir='ltr'>apud</span> <span class='ocrx_word' id='word_1_2311' title='bbox 1932 4000 2008 4029; x_wconf 86' lang='lat' dir='ltr'>illum</span> <span class='ocrx_word' id='word_1_2312' title='bbox 2022 4001 2100 4031; x_wconf 80' lang='lat' dir='ltr'>deum</span> <span class='ocrx_word' id='word_1_2313' title='bbox 2112 4014 2116 4030; x_wconf 93' lang='lat'>:</span> <span class='ocrx_word' id='word_1_2314' title='bbox 2143 4005 2204 4031; x_wconf 85' lang='lat' dir='ltr'>Vir.</span> 
     </span>
    </p>
   </div>
   <div class='ocr_carea' id='block_1_46' title="bbox 1465 4035 2204 4069">
    <p class='ocr_par' dir='ltr' id='par_1_60' title="bbox 1465 4035 2204 4069">
     <span class='ocr_line' id='line_1_222' title="bbox 1465 4035 2204 4069; baseline 0.004 -6"><span class='ocrx_word' id='word_1_2315' title='bbox 1465 4035 1488 4063; x_wconf 87' lang='lat' dir='ltr'>R</span> <span class='ocrx_word' id='word_1_2316' title='bbox 1511 4043 1528 4063; x_wconf 77' lang='lat'>2</span> <span class='ocrx_word' id='word_1_2317' title='bbox 2136 4045 2204 4069; x_wconf 71' lang='lat' dir='ltr'>tute·</span> 
     </span>
    </p>
   </div>
  </div>
 </body>
</html>
