2479 4225
9 199 117 241 .681
320 188 463 231 ,F
550 188 586 228 L
675 189 713 228 A

54 289 140 318 quam,
153 285 199 306 etc.
234 277 290 306 Cic.
305 279 381 304 Verr.
397 276 454 303 Aet.
470 285 489 309 1,
502 284 523 309 5.
594 277 688 312 Inopia
705 282 730 303 et
744 274 932 310 cupiditatibus
944 273 1043 300 Sallust.
1057 274 1086 301 in

18 333 26 343 1
53 319 124 346 Orat.
137 313 257 349 Philippi.
328 313 383 339 Cic.
398 322 445 347 pro
456 313 558 339 Cluent.
575 315 617 344 136
653 314 742 345 Qium
762 311 866 338 Inuidia
884 311 1004 349 flagrare-t
1017 310 1084 350 ordo

3 342 7 377 ⁴.
34 346 41 351 .
52 345 212 382 Senatorius,
231 348 318 384 potuit
332 348 399 374 nihil
413 348 535 374 decerni?
606 348 671 375 Plin.
686 356 721 381 15,
735 353 760 377 18
782 348 847 387 Cato
861 345 998 379 perniciali
1012 346 1084 372 Odio

3 383 7 409 3
54 385 215 420 Carthaginis
234 385 353 418 flagrans.
390 384 445 411 Cic.
466 383 497 409 de
511 384 586 410 Orat.
599 392 623 415 2,
640 392 694 416 190.
764 382 836 410 Odio
856 381 965 414 flagrant
987 387 1032 420 tua
1043 390 1084 415 pe.

44 420 126 450 ’61013
141 420 229 448 nostro
252 419 333 446 Ouid.
349 419 434 446 Trist.
455 428 482 452 4,
502 428 528 452 9,
547 427 572 454 7.
641 418 714 446 Odio
730 417 838 452 flagrant
854 422 948 442 mutuo
962 417 1044 456 mugil
1060 422 1085 444 et

4 456 8 469 ¹¹
55 458 129 493 lupus
148 455 211 483 Plin.
226 464 253 488 9,
268 457 308 481 62.
381 456 498 482 Rumore
519 455 590 481 malo
613 455 680 480 Hor.
694 453 773 492 Serm,
789 460 808 483 1,
822 460 850 491 43,
865 460 911 484 ¹25-
929 487 946 491 ..
982 452 1039 478 Cic.
1053 453 1085 479 dc

54 491 149 520 Senect.
163 499 194 524 50
219 491 302 525 Atqui
316 499 360 517 eos
373 500 474 523 omnes,
489 500 555 525 quos
568 496 788 518 commemoraui,
807 486 849 513 his
863 486 960 527 Studiis
979 487 1086 522 flagran-

412 526 571 553 Recentibus
595 529 789 560 praeceptorum
812 521 910 548 Studiis
935 523 1085 556 flagrantem

1035 560 1085 586 Sal-

12 540 13 543 *
54 535 92 556 tes
114 528 184 553 senes
209 526 335 552 vidimus.

52 564 108 591 vsus
122 562 217 593 1166161,
232 562 287 588 dies
302 562 392 595 leniet,
408 569 477 589 aetas
489 561 624 596 mitigabit
638 561 693 586 Cic.
707 566 755 592 pro
770 559 888 584 Μαι-3611.
904 567 925 584 c.
939 566 973 590 3¹·

64 598 108 626 usi.
127 598 155 623 in
171 597 249 624 Catil.
269 607 290 623 c.
305 605 334 631 14
849 629 855 634 ·
1004 631 1009 635 ἱ
1049 631 1053 636 .

52 632 109 662 aliis
129 634 213 660 scorta
231 633 371 667 praebere,
386 634 445 660 aliis
464 641 538 660 canes
556 638 634 666 atque
651 638 732 664 equos
745 637 865 671 mercari.
937 630 1029 670 Studio
1046 639 1085 657 m.

16 696 18 699 ,
52 668 174 696 credibili
195 667 300 695 dicendi
327 669 383 695 Cic.
396 668 428 695 de
441 669 514 695 Orat.
535 676 553 698 1,
569 675 598 700 14
618 675 638 691 c.
653 674 680 698 4.
750 666 851 699 stupris
869 670 895 691 ct
915 665 1020 699 flagitiis
1040 667 1086 706 113-

13 696 23 717 ³⁸
50 709 124 739 grant
136 704 261 730 conuiuia
274 703 347 730 Idem
361 706 435 731 Verr.
448 713 476 737 4,
489 711 528 737 71.
599 702 630 727 Et
643 709 691 741 pro
703 700 822 741 Cf³e¹22.2
847 700 1001 740 Flagrabant
1012 703 1085 744 Vitia

51 739 168 769 libidinis
182 739 251 773 apud
264 739 340 766 illuni
349 760 357 772 ,
371 739 493 774 vigebant
507 737 586 763 etiam
598 736 682 763 studia
695 745 734 762 rei
747 736 879 764 militat-1⁵.
958 734 979 772 ff
997 745 1009 762 2
1031 738 1086 765 Ma.

51 810 127 840 dere;
148 810 273 838 Fraorare
291 819 357 838 vero
376 811 468 837 Olere:
492 813 518 835 et
544 808 573 834 in
595 807 717 842 plurimis
742 808 879 834 inuenitur
898 807 946 833 ista
962 807 1085 836 discretio

2 855 14 865 ³>
50 846 155 874 Nonius
171 831 248 879 5³66.
286 845 477 882 Confmzduntur
489 846 516 869 in
530 844 605 870 MSS.
621 842 674 870 vid.
688 844 805 871 Burman.
820 842 854 870 ad
866 842 997 876 Qine'til.
1012 845 1085 873 Deci.

12 879 14 882 ’
50 886 95 915 298
109 890 132 916 p.
146 887 207 916 574.
227 888 251 908 et
264 881 388 908 Drakenb.
400 880 433 906 ad
444 879 489 906 Sil.
504 886 538 918 15,
554 886 604 912 117.
887 911 892 920 1

82 923 99 943 F
109 924 124 943 L
135 924 155 943 A
166 924 186 943 G
198 924 217 943 R
225 925 246 944 Α
256 924 278 944 N
287 924 299 944 s
307 937 316 949 ‚
339 915 414 942 antis.
448 915 542 941 Partic.
577 913 760 948 [φλεγόμενος,
783 914 924 948 φλεγυρος]
962 914 1083 949 Flagrans

47 951 125 986 pinus
139 952 213 986 Virg.
228 954 291 979 Aen.
303 960 329 985 9,
344 959 386 985 72.
581 985 586 990 ⁴
682 984 687 990 ·

12 992 15 1009 ’.
47 988 76 1014 in
87 997 206 1022 prooem.
221 997 240 1014 1.
310 986 417 1013 Sidet-eo
426 985 640 1047 &nigrans-clipeo
654 986 728 1046 Vigg.
743 985 808 1045 Aen:
822 987 973 1047 ulfulfgr'n'a
997 988 1083 1048 {splot

17 1047 20 1070 3
47 1024 325 1094 sssspertgssiffiffih
339 1022 411 1091 {135
444 1029 609 1083 Mt=.(1se÷i)3E
619 1029 876 1090 Flagrzirii'es'ciicuit
886 1029 964 1083 {iras
1014 1031 1084 1084 lCzii

12 1093 19 1131 J
47 1093 134 1120 nicula
164 1094 230 1120 Hor.
248 1093 335 1119 Carm-
355 1101 378 1124 3,
400 1101 432 1124 13,
454 1100 479 1124 9.
560 1091 671 1118 Crimen
689 1092 799 1125 flagrans
818 1090 914 1118 dicitur
931 1092 986 1118 dum
1006 1093 1086 1120 adhuc

46 1164 150 1191 inuenti
164 1163 264 1190 fuerint
281 1163 310 1189 in
326 1163 381 1197 ipsa
395 1163 501 1197 rapina,
521 1168 546 1189 et
559 1162 644 1189 adhuc
658 1161 912 1202 flagranti—crimine
926 1163 1084 1198 deprehensi.

47 1200 207 1232 Crinemque
219 1199 371 1233 flagrantem
389 1199 462 1232 Virg.
479 1199 544 1224 Aen.
558 1207 583 1229 2,
596 1201 652 1231 685.
725 1197 864 1231 Cupiditas
887 1199 944 1225 Cic.
961 1200 1042 1226 Tusc.
1058 1210 1086 1234 4,

8 1243 9 1248 ¹
46 1243 87 1268 43.
157 1235 261 1265 Genae,
279 1234 401 1260 Rubcntes
419 1237 483 1269 prae*
500 1233 594 1269 pudore
617 1240 641 1260 et
661 1232 728 1268 fletu
760 1233 848 1260 Valer.
865 1234 963 1268 Argon.
986 1243 1012 1271 7,
1033 1245 1085 1269 411.

11 1267 13 1270 ⁴
46 1271 88 1298 Ira
99 1269 252 1305 flagrantior
270 1269 346 1304 Apul.
361 1269 392 1296 de
406 1270 500 1304 Dogm.
516 1269 579 1296 Plat.
594 1278 603 1295 1
618 1278 642 1303 p.
658 1277 690 1295 11.
761 1268 855 1295 Νοὲὶιι
873 1270 1009 1304 flagrantes
1023 1281 1082 1298 one-

5 1343 9 1354 ¹
41 1336 140 1370 Oscula
157 1342 224 1367 Hor.
239 1342 326 1367 Carm.
339 1349 360 1372 2,
375 1349 409 1372 ιε,
423 1348 462 1373 23.
532 1340 604 1366 Serta
617 1340 710 1366 Claud.
724 1340 752 1366 in
765 1349 804 1375 pr.
818 1341 895 1367 Cons.
911 1342 968 1368 Stil.
983 1351 1008 1374 2,
1021 1351 1084 1377 470.

51 1371 146 1405 'sellun
166 1376 276 1410 flagrans
290 1376 390 1412 fulmen
409 1376 483 1410 Virg.
503 1374 601 1410 Georg.
623 1384 642 1408 1,
664 1383 703 1407 331
731 1375 779 1402 1116
799 1377 921 1411 flagranti
941 1384 985 1405 aut
1005 1379 1085 1410 Atho,

30 1411 39 1416 ⁸
53 1406 270 1446 aintRhodopen,
290 1417 336 1438 aut
353 1411 405 1438 alta
426 1411 559 1441 Ceraunia
585 1411 640 1438 telo
667 1410 775 1437 Deiicit.
847 1412 941 1439 Medio
961 1414 1086 1448 flagrante

50 1441 158 1477 1110111110
171 1447 247 1482 Virg.
263 1447 327 1473 Aen.
342 1455 373 1478 11,
386 1454 439 1480 225.
529 1447 641 1483 Compar.
665 1447 718 1473 Fax
732 1447 885 1481 flagrantior
898 1449 994 1476 Patere.
1011 1459 1031 1480 2,
1044 1455 1086 1484 48,

0 1531 9 1543 L
45 1511 153 1544 wilnere
175 1518 270 1545 maior.
305 1518 379 1554 Conf.
398 1517 480 1544 Solin.
500 1526 522 1543 c.
542 1519 587 1550 46.
633 1551 638 1556 ι
677 1518 771 1552 sapei-1.
799 1518 856 1557 Cic.
876 1519 908 1545 de
927 1520 1017 1553 Fato3
1037 1531 1058 1547 c.
1071 1530 1087 1548 2

4 1549 5 1557 ¹
45 1551 101 1580 Nec
111 1554 184 1580 enim
196 1553 268 1589 quod
281 1553 353 1579 16616
369 1553 518 1584 existimas,
537 1558 657 1578 oratoria
676 1552 721 1579 illa
741 1553 826 1579 studia
845 1554 961 1588 deserui,
987 1557 1087 1591 quibus

44 1589 124 1621 etiam
145 1595 170 1615 te
188 1588 313 1621 incendi,
337 1596 487 1623 quanquam
511 1587 735 1621 flagrantissimum
757 1596 916 1622 acceperam.
993 1592 1085 1618 Aestus

7 1629 16 1653 ἱ.
43 1623 251 1659 flagrantissimus
278 1624 338 1649 Liu.
352 1632 400 1657 44,
413 1625 452 1655 36.
523 1623 660 1649 Libidines
680 1623 886 1657 flagrantilliniae
912 1625 1003 1653 Tacit.
1017 1627 1086 1654 Hist.

7 1661 15 1674 ¹
44 1666 68 1694 2,
81 1668 115 1692 31.
169 1660 213 1685 Sol
228 1658 434 1693 flagrantissimus
446 1658 512 1684 Plin.
526 1667 568 1690 34,
586 1667 620 1685 12.
675 1659 746 1685 Soles
761 1659 842 1685 Solin.
857 1669 877 1686 c.
892 1663 937 1693 46.

79 1700 363 1721 FLAGRANTER.
389 1693 457 1719 Adu.
494 1694 684 1734 [φλεγομένως,]
720 1694 811 1721 Tacit.
830 1696 898 1722 Ann.
920 1705 939 1729 1,
958 1705 971 1729 3
1002 1697 1086 1724 Desti-

45 1737 108 1755 nare
124 1729 249 1755 Consules
267 1729 352 1763 specie
371 1729 515 1756 recusantis
533 1729 726 1763 flagrantissime
746 1731 889 1764 cupiucrat.
961 1733 1086 1759 Exarsere

0 1785 7 1791 ..
44 1764 196 1798 flagrantius
211 1765 343 1791 Ammian.
358 1773 395 1797 31,
410 1767 451 1791 26.
485 1764 553 1791 Add.
569 1764 677 1798 August.
690 1764 721 1790 de
733 1765 838 1790 Trinit.
853 1770 876 1796 8,
889 1774 914 1797 9.
1043 1780 1059 1788 e.

79 1805 209 1826 FLAGR
220 1806 241 1825 A
252 1805 304 1825 NT
315 1806 323 1824 1
335 1806 366 1829 A,
382 1809 420 1825 ae.
442 1800 460 1824 f.
478 1798 633 1832 [φλογμὸς]
650 1799 719 1824 Gell.
737 1806 775 1831 17,
789 1808 816 1824 10
844 1798 925 1831 Qiod
942 1799 975 1825 de
991 1805 1085 1825 natura

10 1869 15 1891 ἰ
45 1868 100 1896 Cic.
114 1877 163 1901 pro
179 1867 250 1894 Cael.
264 1875 300 1899 49
313 1876 335 1892 c.
349 1875 381 1892 2o
420 1867 446 1893 Si
459 1866 574 1900 denique
591 1867 627 1892 ita
643 1867 695 1892 sese
715 1873 787 1899 geret
802 1875 857 1892 non
874 1867 969 1894 incessu
990 1869 1085 1900 solum,

10 1895 15 1926 ‘l
42 1902 86 1931 sed
105 1908 200 1929 ornatu
220 1906 299 1936 atque
313 1902 452 1928 comitatu:
487 1910 541 1927 non
561 1901 698 1936 flagrantia
718 1902 940 1934 oculorum,non
960 1903 1084 1930 libertate

10 1954 14 1964 .›
42 1938 167 1966 sermonis
176 1957 185 1970 ‚
198 1937 241 1964 sed
254 1938 341 1967 etiam,
355 1944 400 1964 etc.
419 1937 448 1963 de
461 1937 584 1972 impudico
602 1938 701 1963 illorum
715 1944 781 1964 motu
800 1944 824 1963 et
836 1938 956 1964 consessu.
1029 1939 1084 1966 Fla-

8 1991 13 1999 ,ι
43 1968 103 2010 gitii
115 1973 250 2008 flagrantia
270 1972 352 1999 Plaut.
367 1972 435 1998 Rud.
450 1980 470 2003 3,
483 1981 512 2005 4,
526 1978 565 2002 28.
602 1973 751 2006 Flagrantia
769 1973 820 1999 luis
836 1973 935 1999 Ai-nob.
949 1981 976 2008 7,
996 1994 1002 2000 .
1025 1995 1030 2000 .

2 2036 3 2039 ¹
44 2044 242 2081 permittebant,
255 2044 351 2070 Festus.
390 2045 461 2069 Forte
475 2043 505 2079 Je
522 2046 626 2070 inuicem
646 2043 777 2070 caedebant
797 2050 826 2070 vt
840 2044 1000 2077 Bellonarii,
1013 2052 1036 2071 et
1049 2054 1086 2071 re-

44 2083 145 2109 centiori
156 2087 235 2107 aetate
247 2081 288 2106 illi
302 2078 480 2113 Flagellantes.
744 2091 747 2095 ·

75 2114 286 2147 FLAGRvM,
307 2115 325 2141 i.
354 2124 379 2140 n.
417 2113 542 2148 [μοι’ςιξ]
578 2114 653 2140 Cuius
671 2117 756 2140 notius
769 2114 829 2149 fere
848 2113 880 2147 est
900 2116 1085 2142 Diminntiuum

49 2148 201 2187 Flagellum,
219 2150 423 2183 instrumentum,
438 2159 483 2185 quo
502 2149 571 2175 caedi
591 2149 765 2186 conficeuerunt
781 2149 860 2185 strui.
897 2150 1015 2176 quenal.
1036 2151 1085 2176 Sat.

14 2214 15 2217 ,
50 2194 124 2222 5173
145 2187 207 2214 Nec
225 2186 289 2212 dura
305 2185 411 2212 timebis
446 2185 540 2219 Flagra
553 2185 616 2218 pati.
773 2220 778 2224 .
819 2220 824 2222 Α

14 2230 15 2251 1
50 2223 94 2250 rua
104 2222 148 2258 qui
166 2221 281 2248 domitos
301 2221 412 2247 deduxit
426 2221 505 2255 flagra
520 2220 649 2253 Quirites.
685 2220 755 2246 Suet.
771 2228 799 2245 in
810 2220 909 2246 Othon.
923 2229 939 2246 2
962 2222 997 2246 Vt
1011 2221 1084 2254 saepe

48 2258 131 2292 flagris
139 2257 328 2292 obiurgaretur
340 2265 355 2283 a
367 2262 450 2291 patre.
503 2256 563 2282 Liu.
577 2256 656 2288 28,*11
687 2255 730 2282 Ob
744 2264 823 2290 quam
842 2257 945 2282 causam
958 2257 1029 2283 caesa
1042 2259 1086 2283 ua·

46 2293 351 2359 ffzgffigeziiilgiwssffi
387 2326 541 2360 [mamylus]
576 2323 687 2352 Aufiore
711 2327 807 2353 Nonio
827 2335 846 2357 1,
867 2334 908 2361 ¹¹7
936 2326 1002 2353 dieti
1026 2327 1085 2354 sunt

1109 424 1122 450 5
1146 420 1187 452 qui
1201 426 1250 444 vno
1257 416 1373 453 flagello,
1392 415 1422 443 ab
1437 425 1484 443 uno
1497 421 1585 454 auriga
1598 423 1652 456 regi
1662 419 1770 455 pofficnt.

369 599 440 624 Nam
463 603 491 624 vt
512 597 639 630 cuiusque
656 593 777 621 Studium
802 602 832 620 ex
851 599 935 620 aetate
953 594 1085 628 flagrabat,
1102 606 1130 624 10

16 768 21 801 ’ᾗ
39 784 124 810 Ἦἕι·31·6
141 781 166 801 61
181 775 307 809 Fragrare
326 776 363 801 ita
377 773 575 803 discernuntiir5
600 771 671 807 quod
685 772 807 807 Flagrare
826 771 861 798 est
874 771 996 804 Incendi,
1009 778 1086 800 6131·-
1102 777 1127 802 15

457 949 564 976 Eximio
577 949 713 976 literarum
726 957 817 975 amore
831 949 942 982 flagrans
955 950 1082 983 Quinctil.
1094 956 1128 975 20

46 1127 157 1162 affluant
172 1129 279 1156 homines
297 1127 328 1153 ab
345 1127 397 1163 ipso
414 1126 482 1154 aHu.
517 1127 609 1154 lustin.
623 1127 640 1152 l.
657 1135 666 1152 1
686 1136 725 1161 pr.
740 1127 770 1152 C.
785 1126 818 1152 de
832 1127 917 1161 Raptu
931 1128 1005 1163 Virg.
1032 1129 1085 1156 Vbi
1095 1129 1126 1155 25

7 1307 9 1310 ’
49 1306 141 1338 rai-ias,
164 1313 227 1339 quas
259 1304 428 1333 incenderant
456 1304 572 1337 milites,
603 1303 735 1331 videbatis
759 1305 815 1331 Cic.
835 1304 867 1331 de
887 1306 947 1332 Diu.
970 1316 979 1333 1
1006 1316 1026 1333 e.
1047 1316 1083 1340 32.
1097 1308 1129 1333 30

4 1487 6 1490 ’
47 1489 75 1515 3.·
103 1483 221 1509 quenal.
235 1491 268 1515 13,
281 1491 303 1509 11
320 1482 487 1516 Flagrantior
500 1490 585 1517 aequo
622 1483 688 1509 Non
707 1482 786 1509 debet
799 1483 885 1510 Dolor
897 1484 945 1510 esse
965 1485 1019 1512 viri
1039 1494 1085 1512 nec
1102 1489 1131 1516 35

12 1846 14 1850 v
41 1838 121 1867 atque
134 1834 272 1867 flagrantia
287 1834 383 1859 montis
399 1834 456 1859 eius
468 1832 641 1866 compositum
655 1832 699 1857 est.
734 1833 803 1857 Add.
819 1833 938 1858 Macrob.
953 1834 1003 1859 Sat.
1018 1841 1085 1868 5,17.
1098 1835 1132 1860 45

78 2015 147 2037 FLA
157 2016 175 2036 G
186 2016 204 2036 R
214 2015 381 2039 ATORES,
401 2007 556 2034 dicebantur
570 2007 630 2040 Illi,
650 2008 705 2041 Qti
724 2009 844 2035 mercede
864 2009 952 2042 flagris
965 2009 1037 2035 caedi
1058 2010 1082 2035 se
1097 2011 1129 2037 50
1145 2008 1308 2040 Vulturnus,
1327 2015 1372 2034 etc.

1563 187 1846 231 FLA
2110 201 2184 246 682

1587 276 1714 311 Tangere
1727 277 1844 312 aliquem
1858 281 1962 310 sublimi
1978 285 2082 319 flagello
2109 286 2183 314 Idem

1443 312 1565 339 Torrere
1586 313 1694 347 flagellis
1713 313 1828 348 aliquem
1848 315 1951 343 Lucrct.
1965 328 1985 350 3,
2001 330 2061 353 ¹032
2085 322 2114 348 de
2126 332 2183 349 con-

1405 348 1443 373 De
1458 347 1580 381 Flagellis
1594 348 1784 382 Eumenidum,
1805 349 1857 376 vicl.
1872 352 1944 386 D‘sP-
1960 355 1994 389 Is.
2012 357 2074 387 1⁷01]ss
2091 358 2125 383 ad
2135 359 2183 385 ca.

1499 382 1519 420 ἦ
1537 392 1548 415 3
1587 383 1732 419 Flagellum
1745 388 1817 412 etiam
1824 385 1888 421 sunt
1904 389 1997 422 aliquot
2014 384 2068 425 eqni
2087 392 2184 427 innah,

1717 419 1722 423 “
1831 421 1996 449 Constantius
2019 426 2035 451 l.
2050 434 2062 458 5
2081 429 2111 453 C.
2125 429 2183 456 Th,

1146 452 1179 479 de
1193 452 1325 484 Curiosis,
1346 451 1465 486 Singulos
1479 453 1577 479 solidos
1590 464 1635 488 per
1649 456 1758 490 lingulas
1772 455 1879 490 rhedas,
1899 457 1927 484 id
1940 458 1986 490 est,
2007 469 2069 494 quas
2078 464 2183 496 quadri-

1147 497 1189 522 gas
1203 488 1244 514 vel
1260 488 1360 522 flagella
1372 487 1520 522 appellant,
1541 491 1698 523 percipiatis.
1740 492 1798 518 Vid.
1815 494 1865 518 Iac.
1882 493 2000 530 Gothofr.

1182 529 1198 549 F
1207 531 1222 549 1.
1232 531 1253 550 Α
1262 530 1282 550 G
1292 530 1308 549 E
1317 531 1333 550 L
1341 531 1357 550 L
1366 528 1385 549 O
1395 543 1404 555 ,
1424 521 1475 549 ἕπε.
1512 525 1661 558 [μαςιγὸω]
1701 527 1806 563 Flagello
1819 527 1924 555 caedere.
1977 530 2094 557 Martial.
2107 542 2135 566 4,
2150 543 2184 566 42

1148 559 1261 585 Lumina
1275 554 1401 585 sideribus
1415 565 1530 591 certent,
1549 560 1695 595 mollesque
1709 562 1840 596 flagellent
1863 563 1939 590 Colla
1950 573 2048 593 comae.
2119 569 2183 595 Plin.

1147 601 1186 625 ις,
1202 601 1214 624 8
1236 595 1253 621 s.
1268 602 1294 627 55
1329 595 1362 621 Vt
1381 593 1494 621 inclusae
1517 594 1617 621 circulo
1642 597 1771 631 serpentes
1785 599 1836 625 sese
1856 599 2008 627 interimant
2021 602 2186 636 flagellando.

1146 630 1185 656 Id.
1201 635 1242 662 18,
1261 639 1291 662 30
1325 628 1409 659 Μ61115
1424 629 1477 664 ipsa
1495 629 1562 657 alibi
1582 631 1688 658 tribuli-s
1709 634 1735 658 in
1749 642 1824 664 arca,
1843 634 1909 661 alibi
1922 644 2051 670 equorum
2064 638 2186 672 gressibus

1147 666 1291 697 exteritur,
1308 665 1373 693 alibi
1387 665 1493 699 perticis
1506 666 1658 701 flagellatur.
1731 669 1792 695 Stat.
1806 669 1897 696 Theb.
1911 679 1932 703 5,
1946 680 1987 704 373
2019 673 2186 709 Puppemque

1147 701 1236 728 insana
1249 700 1362 735 flagellat
1375 700 1480 733 Arbor,
1511 704 1530 728 i.
1550 709 1681 729 commouet
1694 705 1771 729 malus
1784 707 1811 730 in
1824 705 1962 741 tempestate
1975 714 1999 733 et
2012 710 2125 736 conuenit
2142 720 2186 736 na-

1146 745 1209 763 vem.
1275 735 1315 762 Id.
1329 735 1422 762 Theb.
1437 745 1464 768 3,
1482 744 1515 771 37
1546 738 1602 764 Ima
1621 739 1774 773 flagellatis,
1794 739 1894 775 signum
1907 741 2020 776 lugubre
2038 745 2186 779 malorum,

1147 770 1309 799 Ponderibus
1323 771 1465 806 trepidauit
1487 772 1582 799 humus
1591 793 1597 804 ,
1626 777 1644 800 i.
1664 775 1782 809 conregffis
1795 784 1818 803 ct
1834 781 1959 803 commotis
1972 780 2088 812 molibus,
2101 782 2188 816 quibus

1146 810 1226 834 inniti
1240 813 1263 834 et
1275 808 1342 833 velut
1354 807 1480 834 radicibus
1490 809 1548 842 Jiais
1560 813 1684 837 contineri
1692 812 1799 837 uidetur.
1956 810 1976 850 q
1997 823 2010 839 2
2047 817 2187 852 Metaphor,

1144 850 1174 870 vt
1186 841 1391 869 Excandefacere
1402 848 1426 869 et
1442 843 1599 877 Incendere,
1625 849 1662 871 ita
1683 849 1756 872 etiam
1775 846 1870 874 dicitur
1889 848 2026 876 Annonam
2042 852 2188 885 flagellare,

1144 879 1172 904 de
1180 878 1433 914 praemercatoribus‚
1452 882 1495 914 qui
1507 884 1631 913 coemunt,
1652 890 1712 916 quae
1725 886 1809 908 carius
1819 892 1874 909 mox
1888 884 2006 911 vendant.
2078 888 2143 915 Ptin.
2150 897 2188 922 33,

1145 923 1169 946 13
1195 913 1280 941 Pretia
1292 921 1382 940 rerum
1396 923 1449 940 non
1463 916 1614 949 ignoramus
1621 916 1673 942 alia
1685 917 1713 943 111
1720 917 1779 943 aliis
1792 917 1857 944 locis
1864 919 1920 950 esse,
1942 927 1967 946 et
1974 921 2098 949 omnibus
2106 933 2188 957 paene

1144 950 1219 977 annis
1234 949 1347 981 mutari,
1366 955 1444 984 prout
1457 952 1639 986 nauigationes
1654 952 1835 985 constiterint,
1864 961 1909 980 aut
1922 961 1950 981 vt
1964 957 2077 991 quisque
2091 969 2188 987 merca·
2205 976 2211 979 >

1145 991 1186 1011 tus
1199 985 1245 1017 sit,
1271 990 1314 1011 aut
1328 991 1356 1011 vt
1368 985 1463 1020 aliquis
1476 987 1627 1020 praeualens
1642 995 1761 1022 manceps
1775 996 1906 1016 annonam
1926 992 2046 1025 flagellet.
2119 996 2188 1022 Idem

1144 1019 1178 1054 est
1191 1020 1256 1056 quod
1267 1019 1467 1047 excandefacere
1479 1023 1520 1048 vel
1531 1022 1671 1048 incendere
1684 1031 1823 1049 annonam.
1852 1042 1854 1045 ψ
1897 1025 2041 1059 Flagellare
2053 1037 2115 1063 opes
2128 1031 2188 1057 dici-

1144 1064 1186 1083 tur
1198 1065 1256 1082 arca
1270 1066 1285 1083 a
1297 1056 1413 1082 Martial.
1428 1065 1456 1090 ς,
1470 1066 1492 1089 13
1522 1059 1629 1091 Qiippe
1642 1058 1786 1092 rogabatur
1800 1058 1920 1093 sidusque
1935 1067 2064 1097 vetusque
2079 1065 2190 1098 sodalis,

1144 1092 1175 1117 Et
1190 1092 1263 1117 cuius
1280 1091 1350 1118 laxas
1365 1101 1421 1118 arca
1437 1092 1549 1126 flagellat
1567 1102 1638 1127 opes.
1674 1097 1693 1120 ι’.
1717 1093 1829 1126 ArHat,
1848 1099 1965 1121 continet.
2036 1100 2124 1126 Puteal
2144 1103 2188 1128 lla-

1145 1127 1243 1189 8611316
1257 1128 1339 1155 multa
1352 1128 1441 1155 vibice
1465 1129 1532 1155 Pers.
1546 1137 1580 1162 4,
1594 1134 1635 1163 48.
1671 1131 1690 1156 i.
1706 1129 1893 1166 frequen-tando
1911 1131 2023 1159 tribunal
2035 1139 2146 1168 premere
2164 1144 2188 1164 et

1144 1172 1174 1191 ar
1203 1172 1254 1189 are.

1181 1204 1494 1231 FLAGELLATvs,
1515 1208 1545 1232 a,
1565 1208 1619 1227 um.

1146 1233 1286 1261 radiorum
1299 1233 1369 1260 ia6'm
1394 1233 1459 1260 Plin.
1474 1243 1500 1265 2,
1519 1243 1560 1267 45.

1183 1275 1199 1295 F
1207 1276 1224 1295 L
1235 1276 1255 1295 A
1266 1275 1286 1296 G
1295 1276 1311 1295 E
1320 1276 1335 1295 L
1345 1276 1361 1294 L
1372 1276 1394 1295 A
1403 1276 1471 1296 T10
1480 1291 1489 1302 ‚
1508 1271 1576 1297 onis.
1595 1270 1615 1296 f.
1668 1271 1776 1299 Tertul.
1788 1271 1821 1299 ad
1834 1272 1944 1305 Martyr.
1958 1283 1979 1300 c.
1988 1283 2015 1308 4.
2050 1275 2125 1314 Conf.
2137 1278 2190 1305 Sal.

1147 1305 1218 1332 vian.
1233 1312 1246 1337 5
1267 1314 1290 1339 p.
1307 1312 1362 1339 179-
1397 1305 1450 1331 etl.
1463 1314 1479 1331 2
1499 1305 1526 1331 ff.
1539 1306 1571 1332 de
1583 1306 1685 1333 Poenis.

1185 1347 1338 1367 FLAGEL
1350 1346 1543 1374 LATlvvs‚
1557 1343 1598 1368 vel
1621 1347 1636 1367 F
1648 1347 1777 1369 LAGEL
1789 1348 1997 1377 LATicivs,
2016 1353 2040 1378 a,
2053 1355 2107 1374 um.
2129 1348 2188 1376 Adi.

1148 1376 1249 1410 Flagris
1262 1376 1364 1410 dignus.
1401 1376 1479 1403 Gloss.
1491 1377 1537 1403 Gr.
1546 1377 1602 1404 Lat.
1614 1378 1747 1411 μας-ιγῖας,
1766 1377 1943 1412 Verberosus,
1964 1381 2153 1414 flagellaticius.

1186 1417 1369 1444 FLAMEN,
1389 1412 1449 1438 i'nis.
1484 1413 1584 1444 AFlo,
1607 1413 1660 1439 flas.
1702 1414 1761 1440 Vid.
1783 1420 1860 1440 FLO.

1148 274 1255 309 flagellis
1267 275 1334 302 Hor.
1348 275 1429 310 Epod.
1443 286 1469 310 4,
1485 285 1515 302 11.

1146 311 1232 337 Carm.
1248 320 1268 343 3,
1283 312 1323 343 26,
1338 319 1370 338 11.

1139 346 1246 382 scientia
1257 346 1334 373 dixit.

1146 382 1192 408 tul.
1207 391 1230 416 p.
1245 390 1303 408 222.
1349 402 1360 405 -

1661 1201 1730 1228 Part.
1788 1200 1943 1236 Flagellatus
1961 1205 2007 1231 361·
2024 1204 2189 1234 multiformi

1183 1453 1200 1473 F
1213 1448 1366 1479 LKMEN,
1387 1447 1447 1474 inis.
1479 1457 1514 1474 m.
1552 1448 1723 1482 [transposui-ne,
1742 1451 1859 1483 φλκμῖν]
1913 1449 2033 1477 Sacerdos
2055 1452 2190 1482 dicebatur.

1147 1482 1212 1508 Plin.
1228 1488 1261 1514 18,
1275 1491 1303 1509 12.
1334 1483 1419 1510 Varro
1435 1483 1567 1510 flaminem
1580 1471 1641 1511 faba
1654 1493 1708 1519 non
1720 1485 1789 1511 vesci
1803 1484 1892 1511 tradit.
1966 1487 2053 1514 Varro
2065 1489 2095 1515 L.
2109 1489 2139 1515 L.
2154 1500 2191 1524 4,

1150 1526 1174 1549 13
1192 1527 1215 1552 p.
1224 1527 1256 1544 22
1269 1519 1304 1553 sq.
1329 1518 1475 1550 FlamineS,
1494 1519 1565 1553 quod
1579 1519 1607 1545 in
1622 1520 1694 1546 sacro
1714 1520 1800 1554 (Scal.
1815 1521 1910 1551 Latio)
1930 1521 2014 1556 capite
2021 1524 2108 1551 velato
2116 1532 2190 1552 erant

1146 1554 1261 1588 semper,
1280 1563 1308 1580 ac
1321 1560 1396 1588 caput
1409 1554 1525 1581 cinc‘him
1539 1555 1584 1581 filo
1596 1555 1727 1581 habebant
1736 1575 1743 1587 ,
1763 1557 1880 1583 flamines
1893 1555 1967 1583 dieii.
2023 1559 2127 1586 Horum
2141 1560 2191 1586 sin-

1146 1590 1202 1623 guli
1215 1590 1372 1623 cognomina
1385 1589 1482 1616 habent
1493 1590 1526 1616 ab
1538 1599 1570 1616 eo
1584 1589 1643 1621 deo,
1655 1591 1698 1617 cui
1710 1592 1780 1617 sacra
1795 1592 1909 1623 faciunt.
1956 1592 2004 1619 Sed
2016 1596 2111 1627 partim
2132 1597 2191 1622 sunt

1146 1631 1250 1659 aperta,
1271 1625 1366 1659 partim
1378 1624 1497 1652 obscura.
1551 1626 1661 1660 Aperta,
1682 1633 1709 1652 vt
1722 1627 1870 1659 Martialis,
1891 1627 2056 1654 vulcanalis:
2091 1630 2192 1656 Obscu-

1148 1669 1192 1693 ra,
1208 1666 1238 1686 vt
1252 1660 1351 1691 Dialis,
1371 1661 1513 1687 Furinalis:
1549 1670 1608 1687 cuni
1622 1661 1707 1687 Dialis
1721 1670 1734 1687 a
1748 1662 1812 1686 Ioue
1826 1661 1869 1692 sit,
1889 1662 1936 1695 qui
1949 1662 2045 1688 Dionis
2058 1663 2108 1695 est;
2139 1666 2190 1691 Fu-

1147 1695 1258 1727 riualis,
1284 1704 1298 1721 a
1318 1696 1430 1727 Furina,
1457 1696 1531 1721 cuius
1545 1696 1624 1722 etiam
1638 1697 1666 1721 in
1680 1696 1751 1722 fastis
1767 1696 1904 1722 Furinales
1923 1696 2007 1723 feriae
2026 1699 2093 1725 sunt.
2148 1700 2191 1728 Sic

1147 1731 1254 1756 Flamen
1269 1731 1389 1760 Falacer,
1406 1730 1506 1756 a‘Diuo
1521 1737 1592 1761 patre
1607 1730 1720 1756 Falacre.
1790 1730 1828 1757 Id.
1841 1733 1872 1762 6,
1886 1739 1898 1763 5
1918 1740 1943 1765 p.
1958 1739 1988 1766 73
2008 1740 2072 1761 extr.
2093 1734 2191 1768 similia

1148 1764 1263 1793 sitierat,
1288 1768 1391 1798 itemque
1405 1763 1467 1796 ista,
1493 1765 1557 1790 Sunt
1570 1765 1598 1789 in
1614 1765 1710 1798 quibus
1731 1765 1867 1800 flaminum
1888 1769 2090 1800 cognominibus
2107 1770 2190 1799 latent

1148 1797 1280 1830 origines,
1307 1804 1333 1823 vt
1357 1799 1403 1831 qui
1417 1799 1475 1824 sunt
1490 1800 1516 1823 111
1532 1798 1648 1825 versibus
1667 1800 1803 1834 plerique,
1829 1801 2009 1836 Volturnalis‚
2036 1805 2190 1840 Palatualis,

1148 1833 1296 1863 Furinalis,
1316 1832 1442 1864 Floralia,
1464 1834 1583 1865 Falacer,
1603 1836 1764 1861 Pomonalis:
1800 1836 1910 1864 obscura
1929 1838 1965 1864 est
1985 1849 2078 1866 eorum
2100 1842 2187 1876 origo.

1146 1867 1307 1900 Volturnus,
1332 1868 1452 1898 Palatua,
1477 1869 1589 1901 Farina,
1620 1871 1713 1902 Flora,
1739 1871 1860 1905 Falacer,
1886 1873 2017 1906 Pomona,
2045 1884 2189 1909 pomorum

1145 1903 1265 1929 Patrona.
1320 1904 1360 1930 Sic
1376 1904 1439 1930 ,(3011-
1509 1906 1604 1939 Sciopp.
1614 1913 1642 1941 p.
1650 1915 1690 1932 122
1702 1913 1766 1932 extr.
1789 1910 1843 1933 ita:
1878 1907 1942 1934 Sunt
1954 1909 1982 1934 in
1990 1910 2087 1944 quibus
2097 1912 2188 1946 latent,

1145 1944 1174 1964 vt
1193 1938 1220 1964 in
1241 1938 1298 1970 his,
1330 1939 1513 1970 Volturnalem,
1533 1941 1700 1972 Palatualem,
1723 1942 1876 1973 Furinalem,
1897 1944 2032 1977 Fjoralem,
2056 1950 2098 1980 qm·
2119 1949 2188 1975 [Γαια-

1144 1982 1208 1999 crem
1222 1980 1244 1998 et
1260 1974 1411 1999 Pomonalem
1418 1974 1487 2008 fecit
1500 1975 1542 2000 hic
1555 1975 1626 2002 idem.
1685 1977 1759 2009 Quae
1773 1976 1883 2004 obscura
1897 1980 1968 2005 sunt:
2003 1990 2095 2009 eorum
2111 1984 2189 2019 origo

1425 2010 1493 2044 Qut·
1511 2013 1580 2045 Upis
1597 2009 1771 2044 dllii'nm'miaer,
1790 2019 1840 2047 pro
1858 2017 1960 2050 antiquo
1978 2025 2086 2043 carmine
2104 2019 2191 2047 haberi

1139 2042 1249 2078 poffimt.
1321 2044 1427 2070 Seruius
1441 2048 1467 2070 in
1481 2047 1546 2071 Aen.
1561 2051 1583 2076 8,
1596 2049 1650 2079 664
1684 2048 1880 2082 Lanigerosque
1894 2051 1995 2084 apiceS,
2016 2053 2188 2082 111-1111106510

1146 2079 1230 2113 capite
1244 2078 1375 2105 habebant
1387 2080 1504 2113 pileum,
1525 2081 1614 2115 inquo
1623 2089 1678 2108 erat
1690 2082 1778 2109 breuis
1786 2084 1870 2118 virga,
1885 2084 1996 2120 desuper
2011 2087 2107 2116 habens
2115 2090 2189 2118 lanae

1145 2114 1258 2148 aliquid.
1314 2115 1393 2147 Qiod
1408 2124 1490 2149 quum
1505 2125 1552 2150 per
1569 2117 1651 2143 aestus
1667 2118 1736 2145 ferre
1749 2128 1802 2145 non
1823 2121 1936 2154 possent,
1963 2122 2010 2148 1110
2028 2130 2130 2151 tantum
2149 2136 2190 2153 ca-

1146 2150 1200 2183 pita
1214 2150 1325 2183 religare
1339 2157 1497 2183 coeperunt:
1530 2161 1591 2179 nam
1606 2153 1683 2179 nudis
1698 2155 1800 2187 penitus
1816 2165 1860 2181 eos
1872 2157 2002 2190 capitibus
2017 2159 2137 2187 incedere
2145 2171 2189 2188 ne-

686 2185 759 2211 Idem
775 2193 813 2216 10,
827 2193 871 2217 109
899 2186 931 2211 Et
945 2185 1021 2211 illum
1044 2185 1084 2211 Ad
1101 2185 1129 2210 53
1145 2185 1183 2210 fas
1202 2185 1289 2210 fuerat
1305 2196 1311 2210 :
1348 2185 1418 2211 vnde
1436 2195 1451 2212 a
1463 2187 1511 2221 filo
1530 2196 1584 2221 quo
1603 2189 1760 2222 vtebantur,
1783 2192 1902 2226 flamines
1927 2192 1993 2219 dieti
2012 2195 2085 2227 sunt,
2116 2197 2188 2231 quasi

1137 2220 1275 2255 filammes.
1327 2222 1427 2247 Verum
1440 2222 1511 2248 festis
1525 2223 1618 2249 diebus
1632 2224 1678 2251 filo
1691 2226 1824 2259 deposito,
1849 2228 1918 2261 pilea
1938 2230 2035 2255 necesse
2053 2237 2109 2258 erat
2123 2233 2190 2258 acci-

1147 2265 1222 2290 pere;
1241 2265 1307 2290 quae
1318 2256 1459 2283 secundum
1475 2258 1541 2284 aiios
1555 2259 1584 2284 ad
1598 2260 1783 2287 ostendendam
1797 2263 1937 2289 sacerdotii
1950 2265 2121 2294 eminentiam
2131 2269 2190 2295 sunt

1144 2298 1262 2326 reperta3
1287 2291 1350 2319 licut
1365 2293 1502 2320 columnae
1516 2297 1628 2322 mortuis
1641 2295 1777 2323 nobilibus
1792 2298 2040 2332 ssiperponunturad
2055 2303 2189 2330 ostenden-

1145 2327 1449 2355 diuneorumcoluiiien.
1468 2330 1523 2363 (al.
1539 2331 1661 2363 culmen)
1716 2333 1770 2358 Alii
1784 2333 1883 2363 dicunt,
1896 2343 1949 2360 non
1959 2339 2190 2370 proptereiiiinen-

44 2364 132 2397 Serui,
150 2364 221 2399 quod
235 2363 322 2398 flagris
336 2361 450 2388 subieffi
468 2361 531 2394 lint,
550 2366 580 2388 vt
594 2361 761 2388 Verberones
780 2371 794 2387 a
816 2362 980 2389 verberibus.
1017 2364 1083 2390 Lau-
1092 2365 1126 2389 60
1144 2364 1209 2403 tiam
1224 2363 1358 2398 dignitatis
1372 2364 1539 2397 hoc-saetam,
1554 2366 1597 2392 sed
1605 2368 1677 2401 quia.
1685 2376 1767 2401 quum
1775 2368 2025 2406 sacrificarentapud
2034 2373 2190 2401 Laurolaui-

12 2414 14 2426 ι
41 2394 115 2426 datur
127 2400 163 2426 ibi
177 2400 302 2426 Afranius
314 2398 438 2432 Vopisco.
474 2398 535 2423 Vet.
551 2397 686 2423 Onomast.
704 2397 872 2431 Flagriones,
887 2400 1016 2431 μοις-ιγιέκι.

0 2457 2 2459 .
76 2441 93 2461 F
101 2442 118 2460 L
126 2442 148 2462 A
157 2442 177 2462 G
187 2442 206 2461 R
215 2434 228 2461 ἴ
236 2441 252 2461 F
261 2442 278 2461 E
288 2441 323 2465 R,
343 2442 373 2465 a,
390 2442 445 2459 11111.
471 2431 529 2457 Adi.
557 2433 608 2467 Qui
624 2432 748 2468 flagellum
759 2431 852 2469 gestat,
865 2437 962 2470 auriga.
984 2435 1081 2460 Auson.

0 2492 1 2496 ,
40 2470 86 2505 Ep.
102 2479 142 2504 14,
157 2479 186 2497 10
210 2469 343 2504 Flagrifer
355 2465 534 2493 Automedon.

0 2516 5 2537 τ
73 2512 90 2532 F
100 2513 116 2532 L
127 2512 149 2532 Α
160 2512 181 2532 G
189 2511 209 2531 R
218 2511 228 2530 1
237 2510 258 2530 T
266 2505 309 2529 Rs
318 2509 334 2529 Β
342 2509 363 2529 Α
372 2522 381 2534 ,
399 2511 439 2528 36.
464 2510 500 2528 m.
538 2502 590 2537 ⁸Qui
618 2501 709 2536 affidue
731 2503 832 2540 flagris
857 2507 956 2531 teritur.

7 2551 9 2556 ·
37 2540 129 2568 Pseud.
142 2549 162 2572 1,
177 2547 202 2571 2,
219 2546 232 2572 5
257 2539 295 2565 Eo
309 2537 419 2572 ingenio
433 2538 491 2564 sunt
504 2537 674 2572 flagritribae.

75 2581 93 2602 F
105 2583 122 2602 L
130 2582 151 2602 A
160 2581 180 2601 G
189 2581 206 2601 13
216 2581 232 2600 L
241 2580 257 2600 L
265 2580 287 2599 v
295 2580 321 2600 M
329 2593 337 2605 ,
358 2573 378 2600 i.
395 2582 421 2599 n.
442 2573 544 2599 Dimin.
582 2573 730 2606 [μοιςίγιον]
765 2583 781 2600 α
794 2573 910 2608 Flagris,
921 2580 951 2600 vt
964 2575 994 2601 ab
1008 2576 1080 2610 Agro

38 2611 146 2646 Agellus
165 2617 211 2637 etc.
239 2609 370 2644 Flagella,
389 2609 510 2635 Summae
531 2608 658 2635 arborum
684 2614 769 2643 partes
780 2629 788 2641 ‚
813 2613 897 2645 inquit
923 2610 1028 2637 Seruius
1047 2612 1081 2637 ad

40 2648 137 2682 Georg.
151 2655 174 2679 2,
189 2654 240 2679 299
258 2645 291 2672 ab
305 2654 353 2676 eo,
366 2643 439 2679 quod
459 2650 602 2671 ventorum
620 2644 726 2671 crebros
747 2645 886 2671 sustineant
900 2645 983 2671 flatus.
1021 2648 1079 2672 Non

37 2680 113 2710 νεὲἶε.
132 2684 160 2708 A
173 2680 261 2708 flando
275 2678 357 2707 flabra
371 2687 394 2707 et
406 2679 520 2706 flabella.
555 2681 587 2705 In
601 2680 695 2713 Flagro
714 2686 738 2705 et
751 2680 867 2713 Flagello
886 2679 920 2712 est
937 2680 1027 2705 urendi
1039 2690 1080 2706 no-

997 2504 1080 2531 Plaut.

38 2753 90 2788 flag
117 2753 142 2779 la
155 2752 285 2783 dicuntur,
321 2755 362 2777 uia
382 2757 442 2786 apta
457 2750 534 2788 siant,
547 2758 606 2785 quae
620 2756 669 2786 pro
683 2750 771 2783 flagris
786 2750 811 2786 s.
826 2749 934 2789 flagellis
948 2750 1079 2776 adhibean-

39 2795 90 2816 tur.
125 2788 204 2814 Ludit
215 2797 279 2814 more
286 2760 333 2823 ,1Ξο
347 2788 433 2813 Varro
448 2787 478 2812 R.
492 2786 522 2812 R.
538 2794 558 2818 1,
571 2794 604 2817 31,
618 2794 630 2818 3
654 2785 816 2812 Eiuncidum
834 2794 906 2811 enim
920 2786 1078 2813 sarmentum

38 2830 145 2859 propter
163 2816 346 2850 infirmitatem
365 2822 467 2851 sterile,
480 2829 565 2856 neque
584 2829 616 2847 ex
635 2821 660 2847 se
674 2821 757 2856 potest
770 2821 869 2848 eiicere
884 2821 982 2854 vitem,
998 2831 1078 2856 quam

39 2865 132 2887 vocant
145 2860 277 2886 minorem
292 2857 424 2892 flagellum
433 2877 441 2890 ‚
457 2857 588 2883 maiorem
601 2856 681 2883 etiam
693 2857 761 2884 vnde
778 2865 845 2884 vuae
857 2857 1012 2890 nascuntur,
1026 2858 1078 2892 pal-

18 2924 19 2927 *
40 2928 139 2958 bellu'm
151 2940 180 2957 ac
194 2929 336 2965 flagellum.
373 2928 520 2960 Posterior,
535 2935 579 2954 etc.
613 2929 687 2963 Virg.
701 2929 798 2963 Georg.
813 2937 837 2962 z,
853 2937 901 2961 399
918 2929 994 2955 Ν6116
1008 2929 1079 2956 inter

0 2978 1 2981 ¹
43 2966 109 2992 vites
121 2966 239 2999 corylum
253 2966 322 2992 sere:
344 2973 411 2990 neue
425 2963 527 2998 flagella
562 2964 668 2990 Summa
687 2971 762 2998 pete,
776 2972 819 2991 aut
833 2966 943 2991 summas
955 2964 1077 3000 defringe

45 3008 79 3033 ex·
92 3000 183 3028 arbore
192 3001 308 3042 ¹plantas.
344 3000 411 3028 Add.
431 2999 537 3026 Colum.
557 3008 578 3031 3,
596 3002 621 3030 6,
641 3008 663 3031 3.
684 3006 708 3025 et
728 3008 765 3032 21,
783 3007 808 3034 7.
879 3001 974 3027 Catull.
996 3003 1035 3041 61,
1050 3009 1078 3033 52

45 3034 133 3060 Vidua
151 3036 212 3063 vitis
230 3053 276 3057 —
295 3043 416 3063 tenerum
434 3044 519 3070 prono
538 3034 676 3061 (1611661605
692 3036 808 3069 pondere
827 3045 937 3070 corpus,
965 3038 1076 3064 Iamiam

37 3069 175 3102 -contingit
190 3072 316 3099 summum
337 3071 423 3098 radice
444 3070 584 3105 flagellum.

11 3102 13 3136 ξ
48 3103 149 3138 flagella
162 3104 244 3140 iugas,
256 3108 293 3134 ita
305 3108 367 3142 iuga
374 3107 444 3141 Vitis
459 3112 484 3133 et
498 3106 583 3133 vimus
595 3106 635 3133 vti
650 3105 725 3132 simul
738 3113 806 3134 eant.
842 3108 893 3134 Hic
901 3114 950 3143 pro
962 3115 1015 3134 tota
1028 3111 1079 3135 viti

11 3138 12 3146 ¹
41 3142 105 3175 poni
123 3138 227 3167 videtur.
260 3143 327 3169 Add.
347 3143 460 3169 Hieron.
474 3142 552 3176 Epist.
567 3151 591 3173 2,
605 3150 639 3174 13,
654 3147 675 3172 8.
871 3141 892 3181 Ἴ
914 3151 927 3169 2
964 3145 1079 3179 Proprie,

45 3177 87 3201 vti
98 3174 220 3210 diximus,
231 3177 371 3213 Flagellum
391 3177 424 3212 est
444 3176 630 3211 instrumentum
642 3176 776 3213 pidfimdi,
790 3177 855 3213 quod
872 3179 900 3205 ob
918 3180 1041 3206 lentitiam
1055 3187 1079 3206 et

37 3210 200 3246 sterilitatem
219 3217 311 3250 forpori
328 3217 409 3256 magis
416 3214 445 3250 se
458 3216 582 3249 applicat,
597 3219 620 3239 el
630 3220 708 3239 cutem
725 3217 787 3239 vrit.
825 3215 899 3249 Virg.
913 3215 978 3241 Aen.
991 3223 1012 3247 5,
1027 3223 1077 3249 579

47 3245 202 3272 Lustrauere
220 3253 247 3271 ln
264 3249 349 3282 equis,
366 3253 465 3284 lignum
483 3249 598 3275 clamore
617 3248 713 3283 paratis
758 3249 880 3283 Epytides
896 3250 974 3284 longe
993 3250 1076 3283 dedit,
1093 3253 1121 3283 85
1137 3252 1279 3286 repetiuit,
1302 3258 1331 3278 vt
1349 3252 1378 3278 in
1391 3253 1513 3279 Senatum
1530 3254 1662 3281 introiret.

0 3303 2 3306 .
47 3280 216 3314 insonuitque
230 3281 337 3316 flagello,
371 3285 438 3312 Add,
454 3285 569 3311 Martial.
583 3293 622 3318 14,
637 3292 671 3318 55.
687 3287 717 3311 it.
738 3286 764 3316 6,
778 3288 814 3318 46
833 3285 875 3311 vbi
892 3285 921 3311 de
940 3289 1010 3321 equis
1023 3287 1077 3313 Cir-

2 3334 5 3342 .
45 3314 152 3348 censibus
165 3314 301 3344 adhibetur.
368 3320 507 3348 Horribile
520 3320 669 3355 flagellum,
678 3320 777 3356 [σκιὴ-α
790 3324 900 3347 atrocius
918 3322 985 3347 Hor.
994 3322 1076 3349 Serm.

0 3378 3 3379 .
47 3361 67 3383 1,
81 3359 103 3383 3,
117 3359 166 3383 119.
239 3352 330 3379 catull.
342 3362 381 3387 25,
393 3365 414 3383 11
450 3357 494 3383 Ne
508 3357 613 3383 laneum
632 3356 799 3387 latusculum,
812 3362 935 3391 natesque
948 3357 1076 3384 mollicel-

0 3391 6 3422 '3-
46 3387 84 3413 las
106 3386 191 3412 Inusta
214 3386 325 3420 turpiter
339 3389 389 3416 tibi
407 3391 507 3426 flagella
527 3392 732 3421 conscribillent.
768 3392 846 3418 Illusa
864 3392 943 3419 voluit
957 3393 1076 3429 Scaliger.

22 3438 26 3440 -
45 3421 133 3449 inusta
148 3419 213 3448 reete
230 3428 312 3448 tuetur
324 3423 425 3452 Gronau.
443 3427 555 3463 Respicit
566 3427 600 3454 ad
612 3434 720 3463 etymon,
733 3434 762 3453 vt
774 3428 895 3454 Torrere
910 3427 1028 3462 flagello,
1049 3432 1118 3457 0290
1137 3432 1188 3457 Iam
1198 3438 1318 3466 ponamus
1334 3431 1463 3458 Flamines
1476 3436 1630 3467 cognomines
1645 3435 1699 3460 DIs
1706 3433 1771 3469 fiais.

0 3457 2 3491 J
45 3457 150 3485 Peruste
162 3456 270 3484 funibus
284 3457 392 3485 Ibericis
411 3461 475 3488 latus
493 3464 585 3490 Horat.
605 3462 688 3498 Epod.
707 3472 735 3496 4,
749 3471 770 3495 3.
841 3464 956 3498 Flagella
973 3464 1076 3499 Polypi,

19 3497 31 3502 ”“
43 3502 105 3529 quae
115 3493 217 3520 brachia
228 3494 309 3525 Ulia-f,
322 3495 415 3525 crine-5,
425 3498 699 3532 πλοκαμσίπλεκτοίνκι.
741 3497 822 3525 Ouid.
837 3500 899 3526 Met.
913 3509 941 3532 4,
953 3502 1002 3534 367
1030 3502 1074 3527 Vt-

0 3540 2 3542 *
46 3537 97 3563 que
116 3528 164 3555 sub
177 3528 336 3563 aequoribus
356 3527 504 3563 deprensum
516 3534 627 3569 Polypus
645 3534 745 3561 hostem
758 3535 884 3562 Continet
903 3544 934 3561 ex
949 3536 1022 3562 omni
1038 3536 1077 3563 di-

0 3560 24 3585 ἶχ
47 3563 122 3597 inillis
142 3569 215 3598 parte
239 3563 356 3598 flagellis.
438 3565 608 3602 Sanguineum
631 3570 755 3597 Bellonae
788 3571 863 3605 Virg.
885 3572 949 3597 Aen.
969 3576 997 3603 8,
1014 3578 1073 3605 703.

0 3614 2 3634 3
48 3599 185 3629 ,accinetus
205 3599 322 3634 flagello,
345 3598 398 3625 vid.
419 3605 610 3632 ACCINGO.

0 3654 2 3659 .
46 3640 251 3662 ADMONEO.
330 3635 423 3661 Caesus
442 3635 546 3669 flagellis
564 3641 596 3667 ad
614 3647 728 3669 mortem
761 3643 829 3668 Hor.
848 3642 929 3668 Serm.
950 3651 970 3673 1,
988 3651 1011 3671 2,
1031 3651 1072 3674 41.

45 3670 126 3697 Caedi
145 3670 271 3705 flagellis,
293 3671 350 3706 plur
368 3668 400 3702 est
420 3678 489 3704 quam
505 3672 624 3702 fustibus.
677 3677 795 3703 Marcell.
811 3678 839 3703 111
854 3677 872 3704 1.
892 3678 921 3704 10
935 3678 1073 3704 seruorum

45 3705 76 3731 D.
97 3705 129 3733 de
147 3706 257 3741 poenis,
281 3706 317 3732 Ex
337 3704 434 3741 quibus
451 3705 531 3745 'causis
549 3708 615 3737 liber
634 3712 745 3739 fustibus
764 3712 894 3746 caeditur,
912 3722 943 3739 ex
962 3712 1002 3738 his
1023 3714 1073 3739 ser·

45 3748 93 3767 vus
112 3741 220 3776 flagellis
236 3741 326 3774 caedi,
345 3747 370 3767 et
385 3740 495 3768 dommo
507 3742 580 3769 reddi
593 3745 707 3774 iubetur.
761 3749 817 3775 Cic.
831 3758 879 3783 pro
894 3748 984 3774 Rabir.
999 3748 1070 3782 perd.

47 3783 92 3801 reo
105 3778 133 3803 16
164 3777 255 3804 Porcia
272 3777 313 3804 lex
331 3776 417 3812 virgas
439 3776 472 3802 ab
497 3778 616 3806 omnium
641 3783 741 3810 ciuium
759 3784 941 3811 Romanorum
960 3789 1124 3818 corpore100
1132 3784 1253 3810 labantur
1267 3781 1374 3812 Patricii
1393 3787 1510 3820 generis;
1545 3786 1679 3819 Minores,
1699 3786 1808 3815 Plebeii.

6 3809 9 3832 1
47 3807 160 3846 amobit,
175 3812 217 3840 hic
235 3811 384 3840 misericors
404 3811 504 3846 flagella
524 3813 621 3840 retulit.
661 3818 733 3853 Conf.
752 3819 843 3846 lustin.
861 3828 880 3852 1,
898 3828 920 3852 5,
939 3828 962 3846 2.

35 3844 170 3880 ⁴de.1ra3‚
190 3853 229 3878 28.
267 3848 324 3877 Vid.
345 3854 530 3875 FLAGRIO.

46 3881 130 3910 Valer.
150 3884 246 3918 Argon.
268 3889 291 3916 8,
311 3892 350 3910 20.

1014 3820 1070 3845 Sen.

619 3850 709 3878 Ereeta
727 3854 830 3889 flagello
849 3861 920 3882 torto
939 3855 1071 3882 furiarum

421 3881 591 3923 Excitanduin
609 3884 711 3918 flagello
731 3888 876 3917 iumentum
898 3890 1071 3925 lethargicum

45 3915 132 3951 veget.
147 3919 259 3946 Mulom.
274 3928 297 3953 3,
309 3926 352 3952 48,
364 3924 385 3949 8.
456 3920 548 3953 Qffltlt
563 3927 601 3945 ira
617 3920 713 3953 flagelli
731 3922 813 3955 ipsum
828 3926 963 3953 horrisoni
983 3927 1069 3953 Valer.

42 3951 139 3987 Argon.
153 3962 247 3989 7,149.
318 3954 406 3982 Rubet
430 3955 476 3982 ille
500 3954 602 3990 flagello
629 3956 720 3982 luuen.
740 3957 788 3984 Sat.
807 3962 833 3993 6,
852 3965 912 3997 478.

193 3996 277 4017 voi..
311 3991 324 4018 1
335 3991 355 4016 Ι.

40 2904 124 2922 mam:
157 2895 247 2930 prior,
261 2894 338 2921 litera
350 2902 402 2920 vna
415 2898 531 2925 mutata,
545 2891 671 2919 declinata
683 2902 698 2919 a
711 2893 787 2919 venti
799 2893 862 2919 flatu
871 2912 878 2923 ‚
897 2892 1020 2920 similiter
1034 2894 1078 2920 113-
1091 2897 1122 2925 75
1138 2895 1272 2921 flaminem
1286 2895 1346 2921 Ioui
1361 2895 1485 2922 assiduum
1505 2896 1663 2924 sacerdotem
1686 2900 1800 2930 creauit;

1143 2408 1235 2431 nium,
1255 2405 1280 2425 et
1291 2400 1329 2426 615
1343 2407 1402 2426 exta
1416 2400 1569 2435 frequenter
1582 2410 1642 2429 aues
1654 2403 1686 2429 de
1700 2404 1795 2431 vicinis
1805 2406 1939 2432 venientes
1948 2408 2012 2433 lucis
2026 2410 2188 2443 abriperent,

1143 2435 1286 2461 eminentia
1300 2435 1434 2469 virgarum
1449 2445 1490 2462 eas
1503 2443 1602 2463 terrere
1615 2439 1766 2465 voluerunt.
1824 2441 1924 2467 Exinde
1933 2449 2011 2468 etiam
2026 2446 2187 2471 cousuetudo

1143 2470 1299 2504 permansit,
1327 2477 1355 2498 vt
1377 2472 1445 2506 apud
1467 2473 1687 2500 Laurolauinium
1711 2474 1829 2509 ingentes
1847 2475 1975 2503 haberent
1998 2478 2100 2513 virgas,
2131 2489 2186 2507 non

1144 2506 1252 2537 breues,
1276 2512 1305 2533 vt
1317 2507 1345 2533 in
1359 2507 1441 2534 Vrbe.
1496 2508 1577 2539 (Sunt
1601 2510 1681 2536 etiam
1703 2510 1751 2543 qui
1773 2510 1903 2537 Flamiues
1925 2520 1940 2537 a
1960 2513 2102 2546 gestamine
2119 2516 2186 2550 pilei

1096 2537 1127 2569 63
1142 2542 1228 2568 dietos
1242 2542 1332 2575 aiunt,
1348 2542 1418 2577 quali
1434 2543 1595 2574 Pilamines.)
1632 2546 1730 2579 Inclusa
1743 2548 1859 2571 omittunt
1872 2546 1970 2581 quidam
1983 2548 2053 2575 codd.
2095 2553 2186 2587 Nempe

1141 2578 1263 2609 Flamen,
1283 2576 1316 2609 est
1335 2581 1409 2604 unius
1422 2578 1600 2613 dciJcht'rdos:
1637 2579 1692 2605 Cic.
1708 2579 1740 2605 de
1757 2580 1848 2614 Legib.
1863 2590 1893 2611 2,
1916 2590 1946 2614 29
1965 2591 1986 2609 C·
2006 2589 2018 2613 8
2053 2585 2185 2621 Diuisque

1140 2613 1199 2638 aliis
1221 2612 1269 2638 alii
1291 2613 1451 2642 sacerdotes,
1479 2613 1603 2639 omnibus
1633 2614 1785 2648 pontifices,
1824 2616 1930 2650 singulis
1957 2618 2075 2646 flamines
2097 2623 2184 2650 sunto.

1141 2647 1242 2673 Nobilis
1250 2647 1399 2682 praesertim
1413 2648 1518 2674 Flamen
1532 2649 1631 2681 Dialis,
1651 2649 1679 2675 de
1691 2659 1736 2685 quo
1751 2652 1828 2677 multa
1840 2652 1907 2678 Gell.
1924 2661 1965 2684 10,
1980 2663 2012 2686 15.
2048 2659 2092 2691 qui
2105 2657 2184 2692 claffi.

1138 2691 1180 2707 cus
1195 2682 1262 2707 locus
1274 2681 1323 2714 eft,
1341 2682 1388 2717 sed
1396 2683 1478 2717 paullo
1492 2684 1599 2719 longior.

1653 2685 1726 2720 Conf.
1742 2686 1800 2712 Liu.
1815 2695 1842 2719 5,
1862 2696 1890 2719 52
1909 2695 1973 2715 extr.
2045 2692 2101 2718 Cic.
2116 2693 2184 2722 Phil.

38 2720 89 2749 tio,
102 2726 176 2779 {uam
196 2720 269 2744 etiam
286 2716 384 2742 verbum
393 2715 488 2750 Flagro
498 2714 577 2741 habet.
612 2715 738 2741 Caeterum
745 2714 854 2749 fiammae
866 2714 979 2741 arborum
991 2722 1080 2749 partes
1088 2717 1123 2745 70
1140 2725 1165 2748 2,
1180 2722 1212 2751 48
1238 2716 1278 2742 Est
1293 2726 1356 2751 ergo
1370 2718 1479 2750 flamen,
1503 2724 1532 2745 vt
1545 2719 1621 2749 Ioui,
1639 2726 1667 2746 vt
1681 2721 1776 2752 Marti,
1794 2728 1824 2748 vt
1838 2723 1973 2757 Qiirino,
1991 2725 2023 2751 sic
2038 2726 2104 2754 diuo
2112 2729 2184 2756 Iulio

91 2762 105 2780 e

1140 2753 1177 2779 M.
1201 2752 1350 2778 Antonius:
1395 2753 1469 2787 Qiid
1491 2754 1573 2788 igitur
1595 2756 1687 2782 cessas?
1724 2765 1772 2783 cur
1797 2766 1851 2785 non
1874 2759 2049 2793 inaugurare!
2086 2765 2183 2791 Ouibm·

1139 2787 1234 2823 quidem
1248 2788 1330 2814 uerbis
1342 2794 1461 2823 apparet,
1481 2799 1568 2816 morem
1576 2789 1671 2825 fmſje,
1694 2798 1723 2818 vt
1735 2792 1856 2826 flamines
1876 2798 1949 2821 etiam
1962 2790 2183 2833 inauguraffiztur.

1138 2824 1262 2850 Caeterum
1279 2823 1308 2849 ab
1322 2824 1367 2850 hoc
1378 2827 1453 2850 initio
1466 2824 1620 2857 institutum,
1639 2833 1668 2852 vt
1679 2828 1828 2863 consecratis
1841 2831 2048 2866 Imperatoribus,
2067 2837 2085 2861 i.
2099 2838 2125 2860 in
2140 2845 2185 2862 nu·

1138 2869 1228 2885 merum
1242 2861 1349 2885 Deorum
1362 2861 1449 2886 relatis
1457 2860 1502 2895 sui
1515 2862 1636 2888 Flamina
1648 2866 1851 2891 attribuerentur.
1923 2867 1982 2894 Liu.
1998 2877 2018 2899 1,
2032 2877 2065 2895 20
2092 2871 2183 2898 Numa

1838 2901 1986 2937 insignique
2010 2913 2071 2931 eum
2095 2907 2182 2938 veste,

1138 2937 1164 2956 et
1178 2931 1265 2957 curuli
1284 2931 1356 2964 regia
1376 2931 1437 2957 sella
1455 2931 1611 2965 adornauit;
1646 2933 1708 2960 hinc
1729 2934 1796 2961 duos
1817 2936 1933 2964 flamines
1952 2938 2062 2969 adierim
2100 2943 2182 2969 Marti

1137 2975 1237 2998 vnum,
1257 2967 1370 2993 alterum
1384 2967 1510 3000 Qiirino.
1584 2970 1711 2996 Notabilis
1724 2973 1791 2997 Iocus
1805 2972 1864 2998 Liu.
1879 2980 1922 3007 27,
1938 2978 1951 3003 8
1976 2975 2018 3001 Ob
2034 2976 2181 3004 adolescen-

1137 3002 1201 3028 tiam
1215 3002 1393 3036 negligentem
1406 3004 1567 3030 luxuriosam
1590 3013 1621 3030 ue
1637 3006 1666 3031 C.
1682 3006 1788 3033 Flaccus
1802 3007 1897 3034 flamen
1910 3015 1998 3043 captus
2008 3019 2021 3036 a
2036 3012 2060 3036 P.
2075 3012 2180 3039 Licinio

1136 3037 1263 3064 pontifice
1276 3038 1392 3064 maximo
1406 3044 1475 3065 crat:
1511 3040 1541 3065 L.
1555 3040 1573 3066 F
1585 3049 1646 3067 acco
1660 3041 1739 3068 fratri
1754 3051 1880 3076 germano
1893 3045 2061 3079 cognatisque
2075 3047 2134 3073 aliis
2143 3048 2178 3074 ob

647 3071 715 3097 Ter.
734 3072 841 3098 Maurus
859 3081 882 3105 p.
897 3074 932 3106 76
961 3073 1075 3106 Qiando
1089 3074 1121 3100 80
1138 3073 1230 3100 eadem
1244 3073 1310 3099 vitia
1324 3074 1433 3099 inuisus.
1470 3075 1494 3100 Is
1508 3082 1537 3102 vt
1549 3076 1667 3103 animum
1680 3078 1736 3104 eius
1749 3087 1810 3104 cura
1824 3080 1955 3105 sacrorum
1969 3087 1994 3105 et
2009 3081 2180 3108 caerimonia-

1137 3118 1197 3136 rum
1212 3109 1297 3143 cepit,
1322 3109 1358 3135 ita
1372 3115 1478 3143 repente
1498 3111 1572 3137 exuit
1584 3113 1707 3147 antiquos
1720 3122 1822 3145 mores,
1845 3121 1872 3140 vt
1885 3123 1963 3140 nemo
1977 3115 2005 3141 in
2017 3121 2071 3142 tota
2086 3118 2178 3144 iuuen-

1137 3151 1192 3172 tute
1206 3144 1347 3171 haberetur
1362 3145 1451 3180 prior,
1476 3155 1523 3172 nec
1539 3148 1677 3181 probatior
1695 3149 1857 3183 primoribus
1873 3154 1990 3183 patrum,
2013 3152 2063 3177 suis
2079 3155 2178 3185 pariter

1136 3180 1281 3214 alienisque
1295 3181 1363 3207 esset.
1417 3182 1503 3208 Huius
1519 3183 1603 3209 famae
1617 3185 1740 3210 consensu
1753 3184 1833 3210 elatus
1848 3185 1879 3211 ad
1892 3185 1984 3213 iustam
1998 3185 2122 3214 fiduciam
2135 3189 2176 3216 sui

1136 3225 1192 3243 rem
1207 3216 1377 3243 intermiffam
1390 3218 1535 3251 permultos
1549 3227 1631 3245 annos
1652 3220 1687 3246 ob
1706 3220 1891 3254 indignitatem
1906 3222 2026 3255 priorum
2038 3223 2177 3252 flaminum

1724 3256 1865 3289 Ingreffinu
1880 3265 1939 3282 eum
1953 3258 2069 3291 curiam,
2094 3269 2176 3294 quum

1137 3288 1164 3314 L.
1180 3288 1299 3314 Licinius
1313 3294 1420 3322 praetor
1434 3289 1496 3315 inde
1509 3290 1650 3322 eduxisset,
1676 3290 1798 3317 tribunos
1817 3292 1900 3326 plebis
1918 3293 2060 3327 appellauit
2073 3295 2176 3322 flamen.

1135 3323 1274 3349 Vetustum
1287 3323 1327 3350 ius
1341 3324 1479 3351 sacerdotii
1494 3326 1642 3359 repetebat:
1677 3325 1766 3352 datum
1787 3327 1815 3353 id
1827 3337 1886 3354 cuin
1900 3335 1959 3362 roga
1980 3336 2128 3363 praetexta,
2149 3337 2176 3358 et

1136 3358 1199 3385 sella
1213 3359 1314 3391 curuli,
1339 3366 1364 3385 et
1380 3360 1500 3386 flaminio
1514 3362 1560 3387 effe
1582 3369 1626 3387 etc.
1648 3362 1771 3389 omnibus
1790 3364 1826 3389 ita
1845 3364 2071 3397 existnnautibiis,
2093 3367 2175 3400 magi·

1135 3395 1270 3421 san&itate
1283 3395 1370 3427 vitae,
1401 3405 1478 3429 quam
1502 3397 1641 3423 sacerdotii
1658 3397 1716 3424 iure
1736 3407 1792 3425 rem
1807 3407 1864 3425 eam
1878 3400 2009 3425 flaminem
2023 3400 2174 3429 obtinuisse.

1841 3434 1950 3468 Augusti
1970 3435 2064 3462 flamen
2082 3439 2175 3473 legitur

1858 3470 1975 3496 Caesaris
1986 3471 2080 3498 flamen
2093 3474 2175 3500 Anto-

1550 3504 1618 3531 Suet.
1632 3504 1679 3532 Iul.
1695 3514 1716 3530 c.
1727 3512 1772 3538 74,
1784 3513 1808 3531 2.
1880 3505 2053 3533 Carmentalis
2073 3509 2127 3535 Cic.
2141 3509 2174 3536 de

1501 3539 1608 3566 Claudii
1622 3541 1679 3566 Vet.
1693 3541 1770 3566 Inscr.
1792 3546 1831 3574 ap.
1853 3541 1958 3567 Panuin.
1971 3541 2000 3568 de
2013 3543 2087 3569 Ciuis.
2103 3546 2172 3572 Rom.

1284 3574 1417 3605 curiales,
1442 3574 1493 3600 vid.
1516 3581 1532 3601 C
1546 3582 1564 3600 V
1576 3582 1655 3601 R1A.
1738 3576 1856 3601 Deorum
1869 3577 1990 3603 omnium
2005 3578 2115 3611 flamen,
2134 3590 2172 3606 oc-

1134 3469 1162 3492 in
1175 3467 1294 3500 Inscript.
1335 3467 1392 3492 th.
1409 3469 1514 3494 Panm‘n.
1529 3468 1557 3494 de
1569 3469 1621 3495 Ciu.
1635 3470 1704 3496 Rom.
1718 3479 1739 3495 c.
1747 3479 1787 3504 27.

1135 3503 1195 3528 nius
1221 3503 1276 3528 Cic.
1290 3501 1404 3537 Philipp.
1413 3511 1438 3535 2,
1453 3508 1494 3536 48.

1134 3537 1205 3563 Clar.
1220 3538 1293 3565 Orat.
1309 3540 1339 3570 56
1359 3548 1378 3563 c.
1394 3547 1431 3571 14.

1135 3582 1155 3598 c.
1171 3580 1212 3607 27.

705 3605 857 3633 Admonere
878 3607 998 3641 flagello,
1018 3607 1071 3633 vid.
1086 3610 1118 3636 95
1133 3611 1215 3634 currit
1228 3611 1254 3633 in
1272 3609 1504 3643 Inscriptionibus:
1539 3610 1591 3636 vid.
1615 3610 1721 3637 Tur-neb.
1734 3610 1839 3644 Aduerfi
1853 3621 1892 3642 11,
1911 3621 1945 3638 ιο.
1981 3620 2005 3639 et
2024 3615 2129 3642 Ponuin.
2143 3616 2173 3643 de

1132 3643 1207 3669 Ciuit.
1222 3644 1287 3670 Rom.
1303 3653 1325 3670 c.
1333 3653 1371 3679 27.
1427 3645 1500 3681 Conf.
1510 3646 1600 3681 Spanh.
1614 3645 1642 3671 dc
1656 3645 1704 3680 l’su
1717 3654 1782 3671 num.
1795 3646 1832 3672 T.
1846 3655 1861 3672 2
1876 3656 1957 3681 p.419
1972 3649 2007 3684 sq.

1132 3678 1186 3704 vid.
1200 3678 1266 3704 Gell.
1280 3680 1297 3705 1.
1304 3688 1325 3705 c.
1361 3687 1385 3706 et
1399 3681 1507 3707 Tur-neb.
1521 3681 1624 3716 Aduerfi
1638 3690 1678 3714 27,
1691 3690 1715 3714 7.

1133 3714 1244 3739 floralis
1270 3712 1307 3739 Id.
1322 3717 1346 3745 6,
1359 3724 1380 3747 3.
1452 3717 1580 3743 Furinalis
1612 3715 1649 3741 Id.
1664 3724 1696 3748 4,
1711 3723 1745 3748 15.

1133 3750 1238 3774 Panum.
1253 3749 1305 3775 Ciu.
1317 3751 1386 3777 Rom.
1398 3760 1418 3777 c.
1427 3761 1466 3785 ²7-
1501 3761 1530 3778 ex
1544 3751 1669 3784 Spartian-
1685 3759 1754 3786 c-27.

2078 3651 2171 3684 Dialis,

1783 3681 1904 3714 Falacer,
1928 3683 1980 3711 uid.
1997 3686 2083 3713 Varro
2094 3696 2121 3719 4,
2137 3695 2169 3718 15.

1817 3716 1985 3746 Hadrianalis
1998 3721 2026 3746 in
2040 3722 2169 3754 Inscriptt.

1825 3754 1940 3781 Maiores
1954 3756 2071 3782 flamines
2084 3756 2169 3790 appel-

1863 3791 1932 3817 Haec
1948 3791 2015 3818 Sext.
2030 3792 2118 3824 Pomp.
2136 3799 2167 3817 11.

1131 3819 1266 3846 Martiales
1282 3821 1508 3854 ·Cie.de1)iuin.1,
1533 3840 1540 3848 .
1564 3839 1571 3847 .
1607 3821 1895 3859 etdeArusp.Resp.12.
1931 3827 2057 3853 etPhil.ii
2072 3836 2094 3851 c.
2106 3831 2165 3860 gpr.

1137 3855 1194 3882 Vstl.
1209 3856 1283 3881 Laur.
1304 3857 1364 3883 Var.
1380 3858 1447 3884 Sacr.
1463 3859 1533 3883 (ient.
1546 3866 1566 3883 e.
1575 3867 1594 3883 1.
1656 3857 1713 3885 Vni.
1727 3860 1816 3894 Spanh.
1826 3860 1855 3887 de
1874 3861 1924 3897 lssu
1937 3871 1999 3888 uum.
2014 3861 2051 3886 T-
2062 3870 2076 3886 2-
2089 3869 2114 3894 P-
2129 3866 2165 3892 85.

1131 3894 1161 3917 i!-
1181 3899 1235 3922 203-
1321 3891 1458 3920 Palatualis
1497 3892 1572 3918 Varr.
1596 3893 1626 3920 L.
1643 3893 1674 3922 L.
1699 3895 1734 3927 6,
1755 3903 1777 3927 3.
1855 3896 2003 3922 Pomonalis
2037 3895 2075 3921 Id.
2098 3895 2165 3921 ibid.

1132 3925 1280 3960 Qiirinnlis
1306 3926 1360 3953 Cic.
1376 3928 1407 3954 de
1422 3927 1511 3962 Arusp.
1525 3928 1598 3964 Resp.
1614 3938 1648 3956 12.
1691 3930 1747 3956 Vid.
1758 3930 1848 3966 Spanh.
1862 3931 1907 3957 l.c.
1921 3940 1943 3964 p.
1952 3936 1988 3963 85.
2060 3930 2165 3970 Virbia-

983 3962 1070 3990 Setius
1080 3967 1122 3994 105
1131 3962 1162 3989 lis
1176 3971 1205 3996 er
1219 3962 1493 4025 Inscrkcilpurdrpmzuin.
1512 3964 1529 3990 l.
1541 3973 1562 3991 c.
1634 3965 1782 3994 Volcanalis
1814 3966 1852 3994 Id.
1866 3965 1930 3992 ibid.
2002 3965 2165 4028 voltuxrsssslssg
