2479 4225
14 2537 24 2568 1

0 243 12 253 ,1
47 224 152 262 -1129
181 204 192 233 Ῑ
351 259 354 261 μ
473 214 488 253 I

0 289 25 305 ³¹
44 305 54 335 ᾗ,
72 299 181 332 dederit,
201 297 319 336 faHique
330 298 386 333 filit
399 300 467 328 ambo
482 301 521 328 dii
540 304 648 335 marini,
667 301 723 338 ipsa
738 301 897 332 Leucothea,
918 288 958 327 ille
969 300 1117 328 Palaemon.

575 212 757 253 No

73 334 155 363 Ouid.
173 334 238 361 Fast.
253 337 279 368 6,
294 343 340 368 545
362 337 513 364 Leucothee
526 337 630 369 Graiis,
649 339 751 364 Matuta
766 337 895 364 vocabere
908 336 1012 363 nostris.
1063 337 1119 363 Fle-

72 371 136 398 bilis
149 371 241 397 Horat.
254 371 287 397 de
300 372 364 398 Arte
379 374 450 399 Poet.
466 381 514 404 123.
585 373 703 409 Accustzt.
739 374 838 408 Hygin.
853 373 873 398 f.
886 381 904 404 4
934 371 1023 398 Postea
1041 373 1119 398 resci-

74 407 135 438 scit,
155 406 264 445 Inonem
278 406 307 432 in
323 408 440 434 Parnasso
452 409 518 440 esse,
536 413 614 442 atque
630 408 809 435 bacchationis
822 408 896 434 causa
913 416 947 433 eo
966 408 1116 442 peruenitl'e.

108 447 149 468 ΙΝ
159 447 206 467 OV
217 447 246 474 S,
267 450 290 475 a,
309 451 362 469 um.

71 476 204 510 Inoosque
217 476 298 508 linus,
320 478 559 513 Athamanteosque
575 485 719 513 pererrant.

73 518 98 539 et
109 521 137 544 4,
150 520 173 543 3,
187 513 231 537 60.
284 514 366 540 Ouid.
380 515 411 541 de
424 516 487 541 Arte
502 516 561 541 Am.
576 523 588 547 3
598 535 606 547 ‚
622 517 676 549 176.

109 554 120 573 1
133 553 155 572 N
165 554 184 574 o
195 553 210 573 Β
219 554 234 573 Ρ.
245 555 263 574 1)
273 554 282 573 1
293 557 312 576 o
322 569 330 581 ,
352 553 399 576 ire.
438 552 603 586 Norzpanere.
641 550 761 577 Ambros.
777 549 858 576 Scrm.
873 547 964 583 Epiph.
976 558 984 575 1
1011 550 1032 575 A
1046 558 1119 584 para-

74 581 132 644 ἁὲΐο
143 582 284 644 drecellistis
304 585 498 620 superbiendo,
517 585 698 613 inobediendo
714 591 739 612 et
759 584 849 611 cibum
865 584 1031 619 prohibitum
1050 594 1120 611 com-

73 626 88 643 e
108 626 140 644 en
161 627 186 644 0.
202 636 208 642 .

112 660 121 678 1
131 660 153 679 Ν
163 660 207 680 013
216 660 238 680 Α
247 660 313 681 vni
324 662 359 688 o,
379 658 428 683 ire.
463 656 539 684 Idem.
572 656 689 683 Tertull.
698 654 758 682 adu.
767 655 848 682 Marc.
861 656 919 687 3,16
939 655 1037 682 Exaudi
1050 664 1120 687 eum,

75 697 109 714 ne
124 689 306 717 inobaudieris
320 699 389 717 euin.

75 731 121 786 T}
132 731 153 750 N
164 731 207 752 OB
217 731 303 752 eme
315 733 336 752 N
349 733 362 752 s
375 747 384 759 ,
409 728 485 754 entis.
519 727 613 755 Partic.
650 726 731 761 Vulg.
751 727 862 762 Interpr.
876 726 953 752 Dent.
972 732 999 759 8,
1018 735 1061 753 20.
1097 732 1120 753 et

107 765 138 786 it.
159 769 185 793 1,
211 769 249 786 10.

760 479 834 507 Adde
847 478 909 505 Stat.
924 477 987 506 Silu.
1000 487 1027 510 2,
1041 488 1064 509 2,
1082 486 1118 512 35,

112 802 121 821 1
133 802 154 821 N
166 802 184 822 O
195 802 211 822 Β
220 796 237 822 ἑ
248 802 266 821 D
276 802 297 821 V
306 802 319 822 s
328 815 335 827 ,
355 806 380 830 a,
400 806 455 824 um.
490 795 551 823 Adi.
589 796 665 824 Idem.
703 795 821 824 Ino‘beda
833 796 937 826 celsatio
950 797 1049 824 Arnob.
1058 804 1075 832 7
1093 806 1118 833 p.
1140 815 1166 841 ¹5

74 835 134 863 248.
171 831 246 866 Conf.
260 832 363 867 Salmas}
377 837 403 858 in
416 833 498 862 Solin.
518 832 537 858 f.
551 840 594 865 24.

110 873 120 892 1
132 872 154 891 N
165 872 184 892 0
194 873 209 893 Β
218 873 235 893 Ε
244 873 262 892 D
272 875 280 894 1
290 874 337 894 EN
346 875 367 894 T
379 874 393 893 Ε
402 875 418 895 R
428 889 435 895 .
470 867 539 894 Adu.
576 867 652 894 Idem.
690 866 826 901 Augustin.
840 865 872 892 de
887 867 946 893 Ciu.
961 867 1011 894 Dei
1032 876 1071 901 14,
1093 876 1121 902 17

74 900 206 928 Aduersus
220 901 368 930 damnatam
387 903 489 938 culpam
506 902 721 936 inobedientiae,
740 903 903 930 voluntatem
922 903 1008 930 libido
1028 904 1121 930 inobe-

76 937 182 963 dienter
199 940 332 965 mouebat.

113 978 121 998 1
133 979 154 999 N
167 980 186 999 0
197 979 212 1000 Β
222 980 237 1000 Ε
246 980 265 999 n
275 981 284 999 1
294 980 310 1000 Ε
319 980 340 999 Ν
350 981 372 1000 Τ
383 980 391 999 1
402 981 421 1000 A
431 994 440 1007 ‚
467 983 505 1001 ae.
543 973 563 1000 f.
601 973 739 1007 Augustin.
760 972 829 999 modo
847 973 969 999 laudatus.
1007 975 1120 1001 Hieron.

76 1007 181 1069 ffiaest.
196 1008 279 1035 Hebr.
293 1009 323 1036 in
339 1018 354 1035 2
369 1010 431 1044 Reg.
446 1018 465 1036 1.
514 1009 629 1036 Saluian.
642 1010 674 1037 de
688 1009 805 1036 Gubern.
819 1008 870 1035 Dei
890 1017 899 1034 1
929 1019 953 1043 p.
970 1019 1012 1036 20.
1046 1017 1071 1036 et
1089 1010 1120 1036 de

102 1052 157 1070 uar.
169 1053 189 1076 4
209 1053 234 1078 p.
246 1052 306 1076 299.

115 1086 124 1104 1
135 1085 158 1105 N
168 1085 187 1106 0
198 1085 346 1106 BAVD1E
360 1085 380 1105 Ν
394 1087 415 1106 T
426 1086 435 1105 1
447 1087 467 1106 A
477 1100 484 1112 ,
505 1088 543 1109 ae.
578 1080 598 1106 f.
635 1079 711 1106 Idem.
746 1078 867 1105 Tertull.
884 1079 943 1105 adu.
956 1080 1038 1108 Marc.
1050 1090 1079 1114 4,
1092 1088 1122 1116 17

77 1114 133 1147 Qu
147 1119 174 1141 et
186 1114 417 1142 inobaudientiam
431 1116 485 1142 illis
497 1115 657 1150 exprobrare
675 1114 768 1148 potest.

113 1155 150 1175 IN
163 1156 182 1176 O
191 1156 255 1176 Βωῑ
265 1150 313 1176 C'T
323 1157 341 1177 o
350 1157 369 1176 R
378 1170 387 1183 ,
400 1151 450 1177 ari.
471 1152 536 1184 Dep.
564 1150 725 1177 [11οο1οἇ1311
739 1150 768 1176 in
781 1148 843 1176 filiis
857 1149 996 1178 hominum
1003 1151 1122 1180 Tertull.

76 1183 136 1210 adu.
150 1185 279 1219 Hcrmog.
300 1195 321 1211 c.
339 1191 372 1215 18.
405 1189 424 1212 i.
444 1186 620 1212 detestabatur.

115 1226 154 1245 1N
163 1226 181 1246 o
191 1225 208 1246 Β
221 1227 290 1247 1.1’1
301 1227 318 1247 E
326 1228 343 1247 R
353 1229 374 1248 A
383 1228 404 1248 T
413 1228 434 1246 ν
444 1227 456 1247 s
464 1241 473 1253 ,
494 1231 508 1247 a
516 1241 525 1254 ,
549 1229 604 1247 um.
640 1219 700 1246 Adi.
740 1222 798 1247 Non
813 1220 966 1248 obliteratus.
1002 1222 1122 1249 Tertull.

76 1251 110 1294 de
122 1255 218 1281 Anima
238 1265 258 1282 c.
277 1264 312 1290 24
348 1257 379 1282 Et
397 1256 503 1283 homini
524 1255 727 1283 obliuiofissimo
748 1256 919 1284 inobliterata
945 1257 1123 1292 perseuerabit

75 1289 184 1316 scientia
200 1292 371 1318 naturalium.

112 1332 121 1350 1
134 1332 156 1351 N
168 1331 186 1352 o
195 1332 235 1353 BL
244 1330 283 1353 ῖΤ
292 1334 311 1353 ν
322 1335 334 1354 s
343 1347 351 1359 ,
370 1335 395 1356 a,
414 1335 468 1353 um.
494 1325 555 1353 Adi.
580 1327 761 1362 [adventans-05]
788 1328 893 1355 Memor.
913 1328 993 1354 Ouid.
1007 1337 1039 1355 ex
1046 1329 1121 1356 Pont.

74 1368 102 1393 4,
115 1368 149 1394 15,
162 1368 194 1396 37
214 1363 320 1396 Semper
335 1362 448 1389 inoblita
460 1367 577 1396 repetam
591 1369 634 1389 tua
649 1372 758 1390 munera
773 1369 871 1390 mente.

114 1402 237 1424 1N013R
249 1396 369 1430 VTvs,
388 1405 419 1429 a,
437 1406 492 1425 um.
530 1398 591 1424 Adi.
627 1397 801 1433 [deda-mos]
845 1398 927 1426 Ouid.
945 1400 1009 1426 Met.
1028 1407 1061 1434 7,
1078 1400 1122 1432 356

75 1430 268 1460 Deucalioneas
281 1432 375 1468 effugit
386 1432 528 1459 inobrutus
542 1434 638 1465 vndas,
664 1434 689 1460 h.
704 1443 724 1460 e.
744 1444 792 1460 non
807 1435 915 1461 obrutus.

111 1474 121 1492 1
131 1474 152 1493 N
161 1474 181 1494 O
191 1474 206 1494 B
215 1475 227 1494 S
236 1474 252 1495 C
261 1470 283 1494 V
293 1475 311 1493 R
322 1476 341 1495 O
350 1488 358 1503 ,
382 1473 435 1494 510.
472 1469 636 1503 [imno-rim]
674 1470 810 1504 Obscurum
823 1470 933 1502 reddere,
950 1473 998 1501 ita,
1012 1476 1041 1496 vt
1055 1469 1122 1496 nulla

66 1501 127 1537 fere
134 1502 242 1538 fitpetfit
259 1505 383 1530 memoria.
420 1504 475 1529 Cic.
488 1503 600 1539 Philipp.
616 1513 642 1536 9,
656 1513 684 1530 10
701 1515 723 1530 c.
738 1515 749 1535 5
770 1506 820 1531 Cui
834 1505 852 1531 fi
867 1506 974 1532 statuam
987 1506 1017 1531 in
1031 1506 1123 1531 rostris

399 444 458 471 Adi.
493 444 603 477 [ivam]
639 444 721 470 Ouid.
735 445 798 471 Met.
812 454 838 477 4,
856 450 910 477 497
947 458 992 462 -
1028 449 1054 469 at
1075 444 1118 470 uu
1144 457 1158 483 ς

1132 636 1163 655 10
1222 622 1579 650 inofficiosi‘rsxs,
1597 617 1654 644 atis.
1680 618 1701 644 f.

1135 996 1170 1014 20

1139 1175 1167 1201 ²⁵
1185 1192 1264 1212 tenet.

1578 210 1595 250 Ι
1680 208 1725 248 Ν
1812 211 1848 249 O
2148 231 2227 270 1130

1218 305 1228 324 1
1240 306 1259 325 N
1271 305 1289 326 0
1301 304 1317 325 1³
1328 305 1345 326 F
1354 306 1363 324 1
1372 304 1389 325 C
1398 305 1408 325 1
1418 297 1437 325 ὅ
1447 304 1459 325 S
1469 305 1488 324 V
1498 305 1510 325 S
1520 318 1528 331 ,
1548 307 1573 331 a,
1589 308 1644 326 um.
1673 297 1734 325 Adi.
1760 296 1918 334 [οἶχσέριτοε]
1954 303 2005 337 Qui
2017 310 2105 331 contra
2118 301 2225 339 officium

1176 333 1258 371 socie,
1279 335 1331 364 vel,
1351 337 1393 369 qui
1406 335 1494 360 nullum
1508 333 1613 368 officium
1623 332 1736 370 praestat
1747 337 1833 360 amico.
1871 335 1926 362 Cic.
1942 337 1995 364 Att.
2011 348 2042 371 13,
2056 342 2111 374 (27)
2138 341 2226 368 Aliter

1185 372 1256 396 enim
1273 370 1406 396 fuiss'emus
1424 375 1449 394 et
1465 370 1492 395 111
1509 371 1556 396 hos
1574 369 1730 402 inofficiosi,
1750 369 1818 395 etin
1835 370 2014 405 nosmetipsos.
2085 375 2227 411 Priuignus⁷

1186 406 1349 440 Apul.Apol.
1363 407 1448 438 p.336.
1487 405 1664 432 Inotliciosuiu
1677 406 1904 434 testamentuni,vt
1918 410 1954 432 ait
1969 408 2070 435 Paullus
2085 411 2224 438 Iuriscons.

1182 441 1291 472 dicitur,
1306 440 1385 474 Quod
1400 449 1453 466 non
1467 448 1498 466 ex
1514 440 1603 468 otlicio
1617 442 1720 475 pictatis
1735 446 1857 475 paternae
1869 441 2021 468 confectum
2036 444 2080 475 est,
2099 445 2161 472 siliis
2170 447 2225 474 sine

1184 477 1301 510 legitima
1321 477 1393 502 causa
1413 475 1586 503 exheredatis.
1674 478 1731 502 Cic.
1748 477 1825 502 Vcrr.
1841 483 1851 502 1
1877 485 1899 503 e.
1918 484 1954 509 42
1980 477 2177 508 Testamentum
2197 483 2224 509 Ρ.

1186 513 1286 538 Annius
1306 512 1402 537 fecerat
1422 520 1476 536 non
1497 511 1665 545 improbum,
1686 521 1740 538 nou
1758 509 1952 544 inofficiosum.
1969 520 2024 539 non
2043 514 2225 544 inhumanum.

1184 549 1259 583 Conj.
1276 547 1384 580 Qiinei.
1407 547 1479 572 Det-1.
1495 550 1552 579 264.
1607 547 1684 582 Apul.
1703 548 1782 582 Apol.
1803 556 1826 581 p.
1839 554 1894 582 337.

1221 590 1229 608 1
1244 589 1263 608 Ν
1275 590 1294 609 o
1306 589 1320 608 κ’
1333 587 1395 609 ric
1407 589 1416 608 1
1427 588 1504 608 ose.
1541 581 1613 608 Adin
1645 584 1700 609 icti
1718 593 1745 608 m
1764 583 1824 616 Dig.
1861 602 1868 608 .
1905 602 1913 609 .
1950 600 1957 608 .

1738 618 1861 644 Ruricius
1875 617 1952 652 Epist.
1965 626 1989 651 2,
2003 625 2036 652 15.
2072 624 2096 646 et
2111 619 2224 649 Saluian.

1183 654 1228 688 Ep.
1244 662 1256 685 3
1284 663 1307 687 p.
1324 661 1375 685 303.
1487 687 1492 691 -
2006 661 2009 663 ’

1223 697 1228 714 1
1243 690 1394 716 N131AEN8
1405 707 1412 718 ,
1439 694 1514 713 entis.
1550 687 1611 714 Adi.
1647 688 1705 714 Non
1726 689 1808 720 olens,
1826 687 1891 724 quod
1911 688 2001 714 nullum
2015 688 2104 725 spirat
2121 691 2227 718 odorem,

1183 724 1289 751 Lucrct.
1305 733 1328 757 2,
1342 730 1392 758 849
1418 724 1496 756 Qtod
1511 723 1570 750 licet
1589 732 1617 750 ac
1630 722 1703 758 90111»-
1717 724 1833 758 reperire
1847 723 1973 750 inolentis
1986 724 2056 752 oliui
2085 726 2228 760 Naturam,

1184 760 1284 787 nullam
1298 768 1364 794 quae
1378 758 1465 784 mittat
1485 759 1592 785 naribus
1605 767 1704 785 auram.

1223 803 1260 822 iN
1273 804 1291 821 o
1303 803 1317 820 1
1328 801 1343 820 E
1354 802 1366 820 s
1376 800 1392 820 c
1401 802 1420 820 o
1429 813 1437 825 ,
1457 794 1542 820 11101111
1563 802 1585 820 ct
1606 794 1725 826 inolrui,
1743 793 1867 820 inolitum
1876 813 1885 826 ,
1906 795 1960 820 e're.
1995 792 2162 830 [οἷδ;.ό1ομκι,
2177 798 2227 823 ἐπι.

1183 830 1298 865 φύομαι]
1333 830 1444 865 Cre-stra·
1456 832 1483 854 in
1499 832 1557 861 Aio,
1577 832 1730 866 inualeJccre.
1767 829 1897 855 Columel.
1911 838 1932 862 ς,
1948 838 1976 856 10
1996 831 2138 865 amygdala
2153 832 2171 859 fi
2184 841 2228 866 pa·

1183 875 1243 893 111111
1257 866 1330 892 ferax
1346 866 1413 899 erit,
1438 865 1522 891 forata
1538 865 1634 891 arbore
1646 865 1761 901 lapidem
1777 865 1904 897 adiicito,
1923 872 1949 891 et
1964 866 1999 892 ita
2013 866 2111 893 librum
2122 867 2229 895 arboris

1184 902 1328 929 inolescere
1348 900 1443 933 finito,
1467 904 1485 926 i.
1497 901 1693 936 fimet-cresccre,
1712 900 1838 935 crescendo
1852 909 1931 936 τρέπε
1944 902 2058 935 lapidem.
2131 904 2228 938 Virgil-

1185 938 1282 971 Georg.
1297 946 1318 969 2,
1334 943 1376 970 77.
1431 936 1475 962 Sil.
1490 942 1511 965 g,
1526 942 1566 969 582
1597 951 1642 956 -—
1673 938 1736 969 Qio
1750 936 1852 971 gurgite
1872 936 1978 962 tradunt
2012 936 2144 964 Duriticm
2163 939 2230 974 lapi-

1185 973 1248 999 dum
1268 972 1357 998 mcrfis
1377 971 1518 1006 inolescere
1537 972 1626 998 ramis.
1662 971 1690 997 dt*
1705 973 1793 998 Siluro.
1888 971 2016 1004 molt-uit,
2035 972 2132 999 scitur.-
2159 975 2227 1001 oeli.

1185 1017 1223 1040 12,
1238 1015 1250 1040 5
1274 1008 1376 1034 Natura
1395 1007 1516 1033 onmium
1536 1016 1642 1036 rerum,
1662 1015 1729 1041 quae
1743 1015 1790 1032 nos
1808 1007 1914 1039 genuit,
1933 1007 2021 1039 induit
2038 1008 2130 1041 nobis,
2144 1011 2228 1037 mole.

1184 1045 1278 1078 vitque
1296 1045 1324 1069 111
1338 1042 1395 1077 iplis
1410 1042 1496 1069 statim
1511 1042 1650 1077 principiis
1667 1041 1766 1076 quibus
1783 1042 1838 1067 nati
1851 1043 1956 1075 sumus,
1973 1051 2090 1070 amorem
2106 1046 2188 1072 nostri
2203 1051 2230 1072 et

1185 1079 1337 1111 caritatem,
1362 1082 1379 1104 i.
1396 1078 1608 1113 inoltjcerefccit,

1223 1121 1232 1140 1
1244 1122 1263 1141 N
1274 1121 1293 1139 0
1304 1120 1319 1140 L
1330 1122 1345 1140 E
1355 1119 1391 1140 sc
1400 1120 1414 1139 h
1428 1120 1446 1139 N
1459 1120 1478 1139 D
1487 1121 1508 1139 v
1517 1121 1546 1145 s,
1568 1122 1589 1143 a,
1611 1121 1664 1138 um.
1701 1111 1761 1138 Adi.
1800 1111 1980 1138 Macrob.Sat.
1989 1120 2011 1145 ς,
2020 1122 2040 1139 11
2065 1114 2094 1141 In
2108 1116 2230 1143 moribus

1184 1149 1357 1176 inolescendis
1373 1158 1494 1182 magnam
1511 1149 1566 1175 fere
1581 1154 1679 1183 partem
1700 1146 1810 1173 nutricis
1835 1147 1974 1182 ingenium
2000 1158 2024 1174 et
2045 1156 2136 1176 natura
2155 1152 2231 1179 130115

1318 1185 1492 1211 Iuolcseeudis
1506 1184 1606 1210 videtur
1618 1181 1714 1217 dixzffi,
1729 1190 1778 1218 pro
1793 1183 1982 1219 Ingenerandzs.
2024 1185 2137 1211 Tandem
2150 1191 2233 1213 verbis

1183 1223 1290 1257 repetita
1307 1229 1336 1246 ex
1351 1220 1418 1246 Gell.
1431 1229 1464 1251 12,
1481 1228 1499 1252 1,
1514 1228 1553 1246 20.

1223 1263 1263 1282 1N
1276 1262 1295 1281 o
1306 1263 1349 1282 Ml
1364 1262 1384 1281 N
1397 1256 1419 1281 Ᾱ
1430 1263 1445 1282 L
1455 1262 1464 1281 1
1475 1263 1503 1286 s,
1524 1264 1547 1281 e.
1574 1254 1634 1281 Adi.
1664 1252 1737 1289 Quod
1751 1251 1784 1286 est
1798 1255 1857 1279 mali
1871 1256 1968 1279 ommis.
2003 1254 2072 1281 Gell.
2084 1263 2107 1288 5,
2117 1263 2145 1290 17
2163 1257 2231 1284 Ante

1186 1292 1257 1318 diem
1271 1299 1379 1326 quoquc
1392 1297 1515 1325 quartum
1529 1290 1673 1322 Calmdas,
1696 1291 1737 1314 vcl
1754 1289 1861 1320 Nonas,
1882 1290 1924 1315 vel
1939 1289 2015 1322 Idus,
2031 1297 2154 1325 tanquam
2173 1293 2233 1319 ino.

1184 1328 1313 1354 ruinalem
1327 1327 1397 1353 diem
1413 1327 1534 1361 plerique
1549 1326 1641 1352 vitant.
1675 1324 1749 1361 Cons.
1763 1325 1844 1350 Matr.
1859 1325 1908 1350 Sat.
1926 1333 1944 1356 1,
1959 1328 1995 1350 16.

1224 1370 1232 1388 1
1245 1369 1266 1388 N
1280 1370 1298 1390 o
1310 1369 1336 1389 M
1349 1369 1358 1388 1
1372 1368 1392 1387 N
1405 1364 1454 1388 ᾹΤ
1465 1369 1485 1386 ν
1498 1369 1510 1388 s
1520 1381 1529 1394 ,
1560 1369 1585 1394 a,
1614 1369 1669 1386 um.
1704 1359 1765 1385 Adi.
1802 1358 1965 1393 [δύσφημος]
2010 1362 2078 1387 Male
2101 1365 2232 1395 ominatur,

1186 1399 1292 1435 Infelix.
1327 1399 1421 1424 Horat.
1437 1398 1518 1431 lipod.
1534 1398 1571 1429 16,
1585 1402 1612 1429 38
1636 1399 1690 1422 Aut
1703 1404 1759 1429 pars
1774 1396 1886 1423 indocili
1900 1396 1997 1421 melior
2009 1406 2105 1431 grege:
2134 1399 2236 1436 mollis,

1185 1441 1211 1460 et
1231 1435 1320 1468 exspes
1356 1434 1505 1460 [nominata
1524 1439 1669 1467 perprimat
1686 1432 1801 1461 cubilia,
1834 1434 1852 1457 i.
1877 1431 2004 1466 mjazffla,
2030 1439 2054 1458 et
2072 1434 2136 1460 nudo
2154 1437 2234 1469 Jeltci

1185 1473 1264 1496 omine
1272 1470 1416 1505 jabricata.

1222 1512 1232 1531 1
1243 1511 1264 1530 Ν
1275 1512 1293 1531 O
1302 1512 1317 1531 p
1328 1505 1370 1531 ,Rc
1380 1512 1398 1531 O
1407 1524 1415 1536 ,
1435 1508 1486 1530 510.
1522 1502 1689 1537 [ἓπισκιοίζω]
1727 1502 1836 1536 Opacum
1849 1502 1959 1534 reddere,
1973 1509 1995 1527 er
2010 1503 2145 1538 ulfi-urum.
2182 1505 2235 1531 Co-

73 1537 180 1566 decreto
196 1538 283 1565 vestro
296 1538 457 1571 statueritis,
477 1539 551 1566 nulla
571 1548 628 1565 eius
647 1539 806 1579 legatiotrem
825 1541 984 1576 posteritatis
1002 1540 1123 1567 inobscu-
1138 1527 1166 1553 35
1186 1540 1276 1567 lumel.
1291 1545 1319 1573 8,
1334 1547 1359 1572 15
1390 1539 1481 1566 Media
1498 1539 1587 1565 rursus
1604 1545 1708 1564 terrena
1727 1546 1784 1571 pars
1804 1538 1851 1563 eil‘e
1871 1541 1965 1569 debet,
1986 1546 2013 1563 vt
2027 1540 2160 1568 colocasiis
2173 1548 2235 1567 con.

72 1573 144 1600 rabit
161 1574 277 1600 obliuio.

110 1614 525 1641 1NOBSCVRABILIS,e.
561 1608 623 1636 Adi.
660 1610 780 1637 Tertull.
801 1610 941 1638 deAnima
960 1621 1017 1643 c.3.

110 1651 121 1670 1
133 1650 155 1669 N
166 1652 184 1670 o
192 1651 209 1671 B
218 1652 230 1670 s
240 1651 256 1671 E
265 1651 280 1670 1>
290 1651 311 1670 T
319 1650 339 1668 ν
349 1651 361 1670 s
371 1664 379 1677 ,
398 1653 421 1675 a,
442 1653 496 1670 um.
534 1644 592 1673 Adi.
632 1647 689 1672 Non
703 1647 799 1682 septus.
836 1647 953 1674 Laetant.
976 1648 1008 1674 de
1027 1646 1123 1682 Opific.

73 1678 126 1710 Dei
141 1688 163 1704 e.
178 1684 191 1709 8
212 1679 326 1706 Aurium
342 1679 474 1707 foramina
485 1680 573 1706 voluit
587 1681 657 1707 Deus
670 1683 719 1708 elle
732 1682 819 1715 nuda,
834 1689 860 1709 et
874 1683 1019 1717 inobsepta.

112 1722 122 1740 Ι
132 1721 155 1740 N
164 1721 184 1741 Ο
193 1721 208 1741 Β
217 1722 230 1742 S
240 1714 256 1741 ἐ
265 1721 314 1752 QV
324 1722 340 1741 F.
352 1722 372 1741 N
385 1722 398 1741 S
408 1734 415 1745 ,
447 1716 523 1742 entis.
560 1717 621 1743 Adi.
658 1717 800 1752 [εἰπειθὴς]
847 1719 999 1744 Inobcdz'cns.
1035 1719 1124 1744 Senec.

73 1747 186 1783 Hippoi.
200 1759 229 1776 10
255 1760 280 1776 v.
299 1753 360 1780 1068
392 1750 596 1785 Inobfcquentes
615 1753 736 1786 protinus
753 1753 840 1780 frenis
853 1754 916 1788 equi
934 1762 1046 1788 rapuere
1066 1762 1125 1780 eur-

73 1793 144 1811 rum.
183 1786 257 1821 Conf.
271 1786 391 1812 Tei-tull.
407 1786 467 1812 adu.
481 1787 563 1813 Marc.
577 1798 600 1819 4,
619 1795 647 1821 17
666 1796 731 1814 extr.

111 1826 120 1844 1
131 1827 153 1846 N
166 1827 185 1846 ο
195 1827 212 1846 Β
222 1828 234 1846 s
243 1828 260 1847 E
269 1827 348 1853 RyA
358 1828 377 1845 N
391 1827 403 1846 s
413 1841 421 1852 ,
441 1821 518 1847 antis.
553 1823 622 1848 Part.
659 1823 791 1848 Homines
807 1822 903 1848 Pallad.
918 1831 938 1853 1,
952 1829 988 1854 35.

112 1861 122 1880 1
131 1862 153 1880 N
161 1861 181 1881 O
190 1862 206 1881 B
214 1862 226 1881 s
235 1862 252 1881 E
260 1862 280 1882 R
289 1861 311 1881 v
318 1862 342 1882 A
349 1863 371 1881 N
379 1863 401 1881 T
410 1862 420 1880 1
428 1863 450 1881 A
458 1874 466 1886 ,
484 1865 524 1881 ae.
558 1857 578 1881 f.
615 1857 690 1882 Hanc
701 1866 783 1883 vocem
795 1860 868 1882 aiunt
884 1858 935 1892 legi
955 1856 1038 1881 dehere
1055 1854 1125 1880 Suet.

48 1876 182 1924 ‘August
201 1899 223 1915 e.
237 1892 282 1923 76.
308 1890 351 1915 vbi
365 1890 417 1916 vid.
432 1890 533 1925 Cafiiub.
552 1897 577 1916 et
593 1891 712 1917 Torrent.
749 1895 780 1917 ir.
795 1891 894 1927 Gqfizer.
908 1891 943 1917 ad
955 1889 1088 1926 Quinctil.
1098 1898 1128 1923 4,

75 1933 101 1956 2,
118 1933 175 1960 107.
210 1925 426 1956 Inobseruantia,
445 1924 572 1961 neglcfius
587 1926 690 1952 diaetae.

111 1968 122 1986 1
131 1967 153 1986 N
163 1967 182 1987 0
192 1966 208 1986 B
217 1968 229 1987 S
239 1967 255 1986 E
264 1967 283 1986 R
292 1968 311 1986 V
322 1962 345 1986 Ᾰ
353 1968 374 1987 Τ
385 1968 404 1986 V
413 1968 443 1994 S,
461 1969 492 1992 a,
513 1970 567 1987 um.
606 1961 667 1987 Adi.
705 1959 932 1994 [ἐδικφῦλακτος]
970 1962 1029 1986 Non
1045 1959 1125 1994 obfir-

73 2002 158 2022 vatus.
214 1994 330 2022 Martial.
349 2000 370 2025 8,
386 2003 411 2026 33
438 1996 547 2022 Luserat
566 1996 617 2021 hoc
637 1996 723 2027 casus,
743 1996 791 2021 nisi
812 1996 982 2022 inobseruata
997 2000 1126 2021 maneret.

79 2031 138 2057 Vici.
153 2029 235 2057 Ouid.
250 2030 314 2056 Met.
329 2038 358 2063 4,
373 2038 428 2063 341.
464 2037 488 2056 et
505 2039 537 2062 2,
552 2039 612 2064 544.
666 2031 764 2057 Cursus
784 2031 841 2057 Sen.
858 2032 903 2065 Ep.
916 2039 962 2062 40.

73 2066 157 2093 Ouid.
170 2065 236 2092 Fast.
251 2074 274 2098 3,
287 2074 332 2092 111.
373 2066 496 2099 Tempus
516 2066 574 2092 Seu.
590 2066 696 2099 Qiaest.
711 2066 773 2092 Nat.
787 2074 810 2098 3,
824 2068 867 2092 26.
923 2065 1043 2091 Varietas
1057 2064 1124 2090 Plin.

72 2108 117 2133 28,
136 2108 158 2134 5.
240 2101 473 2137 sNegotiationum
493 2101 578 2136 specie
596 2101 763 2129 inobseruati
781 2107 870 2136 portas
893 2107 1054 2135 aperuerunt
1074 2099 1126 2126 suis

72 2137 197 2164 Frontin.
211 2136 288 2163 strat.
302 2145 323 2169 3,
343 2145 366 2168 2,
381 2142 402 2167 8.

110 2174 384 2204 INOBSERVABi'Lls‚
403 2180 426 2198 e.
451 2171 512 2198 Adi.
538 2171 743 2207 [οἷνεπιτὴρητσς]
772 2169 1125 2211 Qodpbfiruarinonsolet,

72 2243 124 2269 sus.
167 2243 265 2270 Catull.
278 2244 341 2277 Arg.
355 2245 397 2273 62,
414 2251 454 2272 115
488 2256 534 2262 —·
570 2241 778 2269 inobseruabilie
794 2247 881 2267 error.
1087 2274 1093 2278 -

113 2285 122 2304 1
133 2276 155 2303 N
165 2283 186 2304 ο
196 2285 233 2307 ns
245 2284 265 2304 o
277 2285 293 2304 1.
302 2285 319 2305 E
328 2285 349 2304 ‘r
359 2284 378 2302 ν
389 2284 402 2303 s
411 2278 422 2308 3·
439 2286 464 2309 a,
481 2286 535 2303 11111.
571 2277 631 2303 Adi.
666 2277 830 2302 Vestimenta
848 2282 873 2302 et
892 2275 1068 2302 calceamenta
1084 2282 1125 2300 m-

75 2313 172 2340 detrita
183 2319 210 2340 et
221 2313 371 2340 inobsoleta
384 2312 537 2338 manserunt
549 2312 668 2338 Tertull.
681 2312 714 2338 de
723 2313 829 2338 Resurr.
845 2312 923 2337 Carn.
941 2319 963 2336 c.
980 2315 1017 2342 58.

111 2356 121 2374 1
132 2356 155 2381 N
167 2354 186 2374 ο
197 2354 214 2374 c
225 2354 242 2374 c
253 2353 291 2374 1D
300 2355 320 2374 ν
330 2354 351 2374 ν
361 2353 376 2373 s
386 2366 395 2379 ,
420 2355 452 2380 a,
477 2356 531 2372 um.
567 2347 628 2373 Adi.
685 2345 789 2381 ἄθυτος]
838 2348 897 2372 Non
915 2345 1040 2372 occiduus.
1082 2344 1125 2375 Vt,

1131 1697 1169 1724 40
1190 1683 1256 1709 tiam
1270 1683 1343 1708 suam
1361 1681 1481 1708 Tertull.
1496 1680 1557 1706 adu.
1571 1681 1654 1706 Marc.
1666 1686 1687 1711 5,
1703 1686 1740 1712 17.

1186 1578 1287 1603 seratur
1296 1595 1305 1608 ,
1324 1576 1438 1610 aliisque
1450 1575 1629 1601 familiaribus
1642 1581 1725 1608 aquae
1737 1573 1888 1606 viridibus,
1909 1581 1975 1608 quae
1990 1581 2129 1608 inopacant
2141 1578 2235 1603 auium

1185 1611 1358 1645 receptacula.

1225 1655 1234 1674 1
1246 1654 1266 1673 N
1277 1654 1295 1673 0
1306 1654 1320 1673 Ρ
1330 1654 1346 1673 Ε
1354 1653 1373 1672 R
1382 1652 1403 1672 0
1411 1652 1430 1672 R
1439 1664 1448 1677 ‚
1466 1644 1515 1671 iri.
1552 1645 1618 1678 Dep.
1654 1643 1725 1670 Deus
1741 1643 1893 1677 inoperatus
1903 1643 1940 1669 est
1952 1643 1980 1669 in
1993 1643 2129 1670 Christum
2145 1645 2233 1672 valen-

1226 1725 1264 1744 1N
1275 1725 1294 1743 o
1304 1725 1318 1744 r
1330 1724 1345 1743 E
1354 1724 1372 1743 R
1384 1724 1404 1743 A
1414 1724 1435 1742 'r
1445 1723 1464 1742 ν
1474 1723 1486 1742 s
1496 1735 1503 1746 ‚
1522 1725 1546 1745 a,
1565 1724 1619 1740 um.
1655 1713 1717 1739 Adi.
1755 1711 1864 1747 otiosus.
1896 1712 1956 1738 Nec
1970 1718 2064 1739 natura
2078 1713 2128 1740 Dei
2144 1713 2236 1750 inope-

1187 1760 1271 1780 ratam
1290 1752 1384 1778 debuit
1398 1750 1554 1777 continuiss'e
1567 1750 1714 1775 bonitatem
1727 1747 1845 1773 Tertull.
1859 1748 1918 1772 adu.
1931 1748 2012 1773 Marc.
2026 1756 2057 1778 2,
2073 1757 2104 1775 11.

1226 1795 1235 1813 1
1246 1795 1266 1813 N
1279 1794 1298 1812 ο
1308 1794 1323 1813 P
1332 1794 1348 1812 Ε
1357 1793 1375 1812 R
1383 1792 1405 1811 Τ
1415 1792 1434 1810 V
1445 1792 1457 1811 s
1466 1804 1475 1815 ,
1497 1793 1521 1815 a,
1543 1792 1596 1809 um.
1633 1782 1694 1808 Adi.
1734 1784 1792 1809 Non
1810 1788 1908 1816 operi-us
1917 1801 1923 1813 ,
1945 1791 2053 1817 apertus.
2089 1786 2182 1819 capite
2195 1786 2236 1812 in-

1189 1830 1285 1855 operto
1303 1821 1361 1847 Sen.
1376 1820 1408 1846 de
1423 1819 1557 1845 Beat.Vit.
1579 1827 1600 1843 c.
1615 1826 1648 1850 13.
1706 1818 1830 1851 Inoperta
1843 1826 1871 1844 ac
1885 1819 1995 1844 confr-ssa
2006 1819 2102 1846 veritas
2115 1822 2189 1848 Idem
2202 1822 2234 1848 de

1159 1872 1172 1897 ς
1190 1857 1234 1883 Ot.
1249 1856 1306 1889 Sap.
1328 1865 1350 1881 01
1364 1864 1404 1887 3ο.
1441 1853 1509 1881 Add.
1525 1854 1602 1880 Prud.
1617 1852 1695 1880 Cath.
1709 1861 1733 1886 3,
1753 1861 1802 1887 117.

1228 1898 1238 1917 1
1252 1897 1275 1916 N
1289 1897 1403 1922 οΡΙΑ,
1439 1890 1649 1915 vid.1NOPS.

1226 1932 1403 1957 1N01²1N0R‚
1428 1926 1477 1950 311.
1515 1925 1579 1957 Dep.
1618 1925 1722 1958 Opinor.
1759 1921 1831 1947 Mifit
1843 1920 1954 1956 librum,
1968 1933 2046 1959 quem
2064 1926 2234 1960 promiserat:

1188 1962 1295 1993 Verrii,
1317 1961 1460 1994 inopinor,
1478 1960 1563 1985 Flacci
1575 1964 1630 1985 erat
1649 1958 1717 1984 Gell.
1735 1962 1770 1988 18,
1784 1965 1809 1991 7·
1851 1960 1956 1985 Gronau.
1973 1961 2080 1994 opinor.

1226 2003 1235 2021 1
1248 2003 1269 2021 N
1281 2004 1299 2021 o
1310 2003 1326 2022 P
1338 1999 1375 2020 ῐΝ
1385 2002 1405 2021 Λ
1416 2002 1434 2019 Ν
1446 2002 1458 2021 s
1468 2013 1475 2024 ,
1495 1994 1571 2020 antis.
1593 1991 1716 2027 [οἷδοκῶν]
1737 2027 1743 2033 .
1755 1992 1847 2019 Partic.
1862 1996 1917 2026 stne
1929 1996 2022 2021 Verbo:
2043 2004 2108 2023 certe
2122 2001 2235 2033 negatiue

1035 2028 1125 2055 Sidera
1142 2049 1173 2075 50
1183 2030 1299 2066 pofirum.
1336 2030 1409 2057 Caes.
1424 2031 1452 2056 Β.
1467 2030 1498 2055 G.
1514 2032 1539 2063 6,
1557 2038 1590 2061 29
1616 2029 1716 2055 Multos
1735 2036 1763 2054 111
1777 2029 1847 2062 agris
1868 2029 2033 2063 inopinantzs
2049 2031 2233 2066 deprehendit.

1188 2066 1256 2093 Adai.
1270 2065 1343 2092 Idem
1363 2076 1398 2099 4,
1415 2077 1442 2099 4.
1493 2065 1605 2098 Quin&
1621 2073 1644 2097 ς,
1658 2072 1687 2093 10
1712 2065 1732 2089 A
1746 2064 1907 2098 praeparatis
1918 2065 2095 2100 inopinantes.

1191 2101 1299 2135 Epist.3‚
1311 2110 1327 2127 2
1346 2101 1523 2134 inopinantis,
1543 2098 1692 2126 nescientis.
1727 2098 1801 2133 Conf-
1817 2099 1883 2133 Nep.
1898 2108 1937 2133 14,
1950 2109 1973 2134 3,
1986 2111 2012 2135 4,

1189 2137 1280 2163 lustin.
1298 2146 1324 2167 1,
1340 2145 1377 2167 10,
1391 2145 1423 2163 ις.
1453 2142 1477 2161 es
1496 2144 1519 2167 2,
1534 2144 1560 2167 4,
1578 2142 1614 2166 19.
1651 2132 1705 2159 vid.
1727 2140 1891 2160 1ND1CENS.

1226 2178 1235 2195 1
1246 2179 1267 2197 N
1278 2178 1297 2197 o
1308 2177 1323 2195 P
1334 2178 1343 2196 1
1354 2177 1375 2196 N
1387 2177 1408 2196 A
1419 2176 1440 2194 Ν
1450 2177 1471 2196 T
1480 2177 1496 2196 E
1508 2176 1536 2196 11.
1571 2170 1638 2195 Adu.
1675 2167 1877 2204 [infusionvirwn
1885 2170 1927 2196 Gl.
1936 2170 1992 2198 Lat.
2001 2173 2062 2206 Gn]
2081 2181 2128 2209 pro
2143 2175 2235 2208 Subito,

2166 2070 2234 2097 Plin.

2066 2103 2125 2129 Liu.
2138 2112 2178 2139 27,
2192 2111 2235 2137 48,

19 2197 37 2253 ᾗ
72 2208 199 2235 ueletiam
211 2206 359 2243 nonpotest.
399 2206 465 2233 Plin.
479 2216 502 2239 2,
516 2215 545 2242 17
565 2207 648 2234 Cuius
663 2207 699 2233 est
711 2208 825 2233 maxime
844 2204 1052 2232 inobseruabilis
1065 2212 1123 2229 cur·
1141 2216 1170 2242 55
1189 2212 1212 2231 et
1222 2212 1325 2241 praeter
1339 2204 1554 2240 exspefflationem.
1598 2205 1667 2231 Suet.
1682 2205 1710 2230 in
1725 2204 1823 2231 Tiber.
1840 2207 1912 2232 Caes.
1933 2215 1954 2232 c.
1969 2209 2004 2233 60
2030 2210 2060 2234 Iu
2080 2211 2168 2242 paucis
2181 2210 2237 2237 die-

1189 2241 1252 2273 bus,
1268 2250 1347 2275 quam
1361 2242 1473 2275 Capreas
1490 2241 1592 2275 attigit,
1611 2241 1750 2274 piscatori,
1770 2241 1818 2274 qui
1834 2241 1883 2267 1101
1899 2243 2025 2268 secretum
2038 2245 2141 2278 agenti,
2161 2255 2236 2280 gran-

1190 2277 1250 2303 dem
1263 2276 1366 2302 mulum
1384 2276 1556 2311 inopinanter
1572 2276 1720 2309 obtulerat,
1738 2283 1786 2301 etc.

1226 2319 1294 2339 iNo
1308 2318 1323 2338 1>
1335 2313 1500 2343 ΙΝᾸΤνς,
1518 2321 1541 2343 a,
1560 2321 1614 2338 um.
1650 2312 1710 2338 Adi.
1732 2313 1770 2337 uel
1787 2311 1879 2337 Partic.
1888 2311 1948 2338 Pais.
1986 2311 2137 2350 [alidan-ros]
2174 2318 2235 2344 Non

1188 2351 1329 2382 opinatum,
1355 2348 1528 2383 improuifiam,
1553 2346 1618 2382 quod
1632 2353 1733 2382 praeter
1748 2352 1818 2381 Jpem
1844 2354 1868 2386 ct
1885 2351 2021 2381 opinionem
2039 2356 2125 2377 euenit.
2179 2355 2234 2380 Cic.

72 2384 153 2410 Visus
167 2383 318 2415 inoccidui,
338 2385 358 2409 i.
371 2383 437 2409 oculi
444 2382 542 2418 semper
555 2385 692 2418 vigilantes
706 2383 767 2409 Stat.
780 2381 873 2409 Theb.
887 2384 914 2413 6,
928 2388 981 2415 277
1003 2380 1031 2406 de
1044 2381 1124 2415 Argo.
1137 2389 1172 2416 60
1187 2383 1270 2409 Tusc.
1284 2392 1305 2415 3,
1319 2385 1354 2417 76
1376 2385 1448 2409 Haec
1467 2383 1538 2408 0111111
1553 2382 1610 2408 fere
1624 2388 1681 2407 tum
1701 2381 1826 2408 habemus
1843 2391 1871 2408 111
1886 2390 2007 2416 promtu,
2028 2387 2096 2413 nilul
2110 2395 2235 2421 oportere

72 2420 177 2447 Aeuum
190 2418 339 2446 Nenoefian.
355 2419 456 2451 Cyneg.
479 2426 505 2443 ν.
519 2425 571 2449 105.
639 2417 704 2443 Axis
721 2417 892 2448 inocciduus,
912 2414 1125 2445 PolusArHicus,

21 2461 30 2488 ᾗ
72 2458 117 2492 qui
135 2464 259 2494 nunquam
278 2453 390 2483 occidits
400 2452 449 2487 fid
459 2451 557 2487 semper
573 2458 676 2487 apparet
695 2454 793 2480 Lucan.
808 2458 830 2484 8,
845 2460 889 2487 175
924 2466 970 2472 ——
1005 2450 1055 2478 Sed
1076 2450 1124 2484 qui

72 2499 129 2517 non
142 2495 274 2523 mergitur
287 2488 365 2514 vndis
386 2489 450 2513 Axis
465 2488 619 2514 inocciduus
632 2489 735 2522 gemina
749 2488 900 2515 clariffiinus
911 2487 1000 2514 Arete.

73 2535 119 2553 nes
136 2525 229 2551 Claud.
245 2524 273 2550 in
286 2523 391 2557 Gigant.
408 2531 438 2548 11.
481 2523 617 2550 Continua
629 2531 655 2550 et
668 2524 808 2550 inoccidua
823 2524 878 2551 vita
891 2522 992 2549 Arnob.
1006 2530 1023 2548 2
1043 2531 1066 2555 p.
1080 2524 1121 2551 68.

109 2568 119 2586 1
131 2565 237 2586 Nocc
249 2566 286 2591 ο,
302 2563 355 2585 are.
392 2556 570 2593 [ἔωλοκοπέω]
600 2558 732 2596 fignificat
747 2560 891 2595 Cooperire:
922 2556 1036 2596 quodfin
1049 2566 1122 2593 quum
1139 2569 1171 2601 65
1185 2567 1211 2587 et
1230 2560 1277 2587 ino
1298 2560 1398 2586 inatum
1419 2560 1468 2585 hoc
1488 2559 1530 2585 illi
1549 2559 1645 2585 accidit
1666 2559 1722 2585 Cic.
1742 2560 1817 2585 Verr.
1841 2569 1867 2592 ε,
1888 2569 1922 2592 99
1953 2569 1975 2586 c.
1995 2565 2034 2591 23.

22 2628 23 2631 Ἰ
67 2595 160 2634 fimens
169 2597 196 2620 in
214 2604 275 2630 agro
284 2595 435 2630 seminatum
454 2592 502 2627 est,
520 2601 544 2621 et
555 2595 639 2631 glebas
650 2596 763 2630 jare-ulis
781 2601 825 2621 aut
835 2595 948 2621 cratibur
963 2592 1125 2626 distoluimus,

74 2639 104 2658 vt
111 2631 194 2666 fimen
207 2630 277 2657 humo
290 2636 443 2666 contegatur.
480 2630 611 2656 Columel.
624 2639 648 2661 2,
665 2636 678 2661 8
706 2631 777 2657 Nam
790 2632 876 2657 semen
895 2629 967 2664 quod
978 2629 1044 2655 sicco
1066 2628 1124 2654 solo

73 2666 205 2700 ingestum
219 2672 244 2691 et
255 2665 309 2692 iam
323 2665 473 2691 inoccatum
486 2665 533 2697 est,
549 2666 658 2699 perinde
672 2675 700 2692 ac
714 2666 732 2692 fi
746 2666 889 2700 repositum
904 2666 931 2691 in
946 2665 1055 2695 horreo,
1068 2672 1123 2689 non

75 2701 265 2735 corrumpitur.
353 2700 426 2726 Idem
441 2708 462 2732 3,
476 2707 501 2732 ις
521 2701 699 2736 Seriturvergo
714 2702 786 2735 prius
800 2700 982 2731 inemundata,
996 2699 1124 2725 inoccata-

75 2746 145 2772 que,
164 2743 191 2762 et
205 2741 313 2769 aequata
327 2735 509 2770 pastinatione.
544 2736 613 2762 Add.
629 2737 667 2763 Id.
683 2745 718 2769 11,
731 2745 753 2762 2.

118 2779 127 2797 1
142 2779 163 2797 N
176 2779 195 2799 ο
206 2777 224 2798 c
234 2771 308 2798 V'Lo
318 2791 325 2802 ‚
347 2775 400 2798 are.
437 2772 449 2804 [
458 2770 652 2806 ἓνοφθαλμίξω]
679 2771 813 2808 fignificat
828 2771 947 2803 Oculum,
960 2770 986 2806 fi
1002 2770 1124 2795 Gemmam

74 2810 151 2833 vuius
168 2807 268 2834 arboris
280 2808 355 2833 alteri
373 2806 502 2838 adhibere,
514 2806 559 2868 {eu
572 2809 667 2834 oculum
678 2810 777 2834 arboris
790 2810 867 2833 vtzizts
879 2807 985 2842 instrere
998 2808 1025 2831 in
1039 2806 1125 2831 aliam.

76 2843 182 2869 Colum.
196 2851 227 2872 11,
242 2851 258 2869 2
278 2842 328 2868 His
344 2841 453 2876 quidem
467 2842 511 2868 die
532 2851 561 2868 us
576 2843 684 2877 arbores
698 2843 809 2869 ficorum
827 2843 1005 2868 inoculantur.
1041 2840 1124 2874 Qiod

75 2887 157 2913 genus
170 2878 302 2904 insitionis
328 2877 505 2911 emplastratio
519 2884 637 2904 vocatur.
684 2879 752 2906 Add.
765 2878 842 2913 Apul.
856 2878 927 2904 Flor.
947 2885 1037 2912 p.343.
1082 2878 1124 2902 Iu-

73 2914 160 2940 stitiae
172 2913 280 2939 affectus
296 2913 448 2947 pefioribus
462 2913 637 2940 inoculandus
650 2915 768 2941 Macrob.
782 2915 871 2940 Sorun.
885 2913 951 2948 Scip.
968 2923 986 2946 1,
1003 2921 1021 2938 1.
1077 2911 1125 2937 Sed

75 2948 196 2976 Tertull.
217 2948 249 2974 de
262 2950 357 2975 Anima
376 2959 397 2974 c.
414 2957 443 2980 19
468 2950 522 2975 Aut
535 2949 605 2975 vnde
623 2958 676 2976 nox
697 2950 750 2976 illis
771 2949 951 2985 (arbusculis)
971 2955 997 2975 et
1015 2947 1124 2974 frutices

77 2984 263 3016 inoculantur,
281 2991 307 3010 et
321 2985 387 3010 folia
404 2984 570 3017 formantur,
589 2991 615 3011 et
627 2986 745 3020 germina
758 2986 899 3018 inflantur,
919 2993 964 3012 etc.
998 2984 1124 3019 Derllus

74 3026 180 3047 naturae
193 3020 305 3055 operibus
318 3019 418 3046 videtur
430 3021 453 3045 lo
472 3023 499 3046 ui
506 3040 514 3052 ,
531 3030 584 3046 cum
598 3023 677 3048 oculos
686 3021 826 3057 protrudit.

114 3061 156 3081 IN
165 3062 210 3082 oc
219 3061 240 3080 V
250 3061 267 3080 L
276 3062 298 3082 A
307 3062 328 3081 Τ
338 3061 358 3081 V
369 3062 382 3081 s
413 3054 450 3081 bu
462 3055 494 3081 lis
511 3056 599 3082 aureis
619 3057 697 3091 Apul.
711 3058 776 3084 Met.
790 3059 807 3083 6
833 3066 857 3092 p.
871 3061 919 3088 185.
949 3058 967 3082 i.
981 3061 1122 3081 exornatus.

114 3097 125 3116 1
135 3095 157 3115 N
168 3095 189 3116 0
201 3096 217 3117 C
228 3097 336 3117 VLAT
346 3097 354 3115 I
365 3098 384 3117 O
395 3111 402 3123 ,
423 3091 492 3117 onis.
517 3092 550 3132 f..
574 3092 819 3127 [ἓνοφᾶαλμισμδς]
853 3093 958 3119 Colum.
972 3099 996 3123 5,
1010 3100 1031 3117 1¹
1052 3091 1123 3116 Ter·
1139 3100 1172 3125 80
1186 3093 1336 3123 Numidae,
1357 3094 1520 3128 Hispanique
1539 3103 1599 3120 cum
1618 3093 1763 3128 elephantis
1781 3095 1938 3127 irrupilsent.

76 3125 147 3152 tium
159 3133 213 3159 quo
227 3126 293 3160 ipsas
307 3135 421 3160 gemmas
434 3136 494 3153 cum
508 3135 606 3161 exiguo
620 3129 719 3154 cortice
738 3129 767 3154 in
788 3134 885 3162 partem
907 3128 946 3154 sui
965 3127 1123 3153 delibratam

77 3160 191 3199 recipit,
208 3169 286 3194 quam
297 3169 392 3188 vocant
410 3163 541 3196 agricolae
554 3163 793 3198 emplastrationem
807 3174 812 3190 :
841 3164 892 3195 vel,
909 3170 937 3190 vt
951 3163 1069 3197 quidam,
1084 3163 1122 3187 in-

77 3196 265 3223 oculationem,
299 3197 367 3224 Add.
381 3198 446 3224 Plin.
461 3206 499 3232 17,
513 3207 551 3232 14.

116 3232 403 3266 1NOCVLAT0R,
423 3234 488 3259 sris.
525 3244 560 3260 m.
598 3234 818 3269 [mammea]
854 3235 974 3268 pamm,
993 3241 1020 3265 33
1043 3219 1121 3259 Hune

4 3291 5 3299 ,
20 3259 34 3279 '³
78 3272 169 3294 caueat
183 3264 276 3291 insitor
289 3267 407 3301 calamis,
427 3270 591 3304 gemmisque
607 3271 765 3298 inoculator.

114 3309 124 3327 1
134 3308 156 3326 N
169 3308 188 3327 o
198 3308 217 3328 D
226 3303 245 3327 6
254 3307 316 3333 RO,
337 3307 388 3331 Ere..
425 3303 577 3340 [s'uoolulg'w]
616 3305 697 3332 Odore
710 3306 817 3342 inficere.
853 3305 958 3332 Colum.
972 3312 1005 3336 11,
1018 3313 1029 3335 3
1048 3304 1121 3330 Nam

33 3347 36 3350 ·
50 3334 54 3335 ⁷
79 3337 113 3364 fic
128 3338 196 3368 sata,
214 3343 240 3362 et
252 3338 341 3362 rursus
358 3338 390 3364 fic
403 3341 538 3367 recondita
553 3341 754 3374 existimantur,
774 3350 860 3377 neque
879 3341 1004 3368 acerrimi
1023 3340 1124 3374 saporis

0 3365 16 3398 i·
40 3397 42 3402 ,
80 3373 208 3402 existere,
228 3380 314 3406 neque
331 3374 510 3404 mandentium
525 3376 621 3403 halitus
640 3377 791 3404 inodorare.
828 3377 857 3405 de
870 3378 948 3403 alliis.

17 3719 19 3723 ,
47 3705 50 3707 ·
79 3691 183 3717 arundo
202 3691 254 3717 via.

10 3723 17 3732 ‘
43 3738 47 3739 ⁷
79 3727 147 3752 Plin.
161 3726 240 3761 Epist.
255 3728 282 3757 6,
296 3734 323 3758 4.

116 3409 350 3439 1NOD6RVS,
369 3417 400 3440 a,
429 3419 482 3438 um.
520 3413 622 3438 Adieci.
660 3411 797 3447 [o'e‘voclms]
832 3412 904 3447 Quod
922 3409 954 3444 2st
967 3409 1023 3444 fine
1043 3410 1124 3441 odore,

77 3443 151 3478 Qcod
163 3442 283 3469 odorandi
292 3442 366 3479 st'nfi‘
379 3444 533 3478 etfacultate
547 3455 624 3475 caret.
661 3448 730 3475 Gell.
744 3451 795 3483 7‚6
816 3447 951 3482 Quaedam
966 3447 1122 3487 animalium
1136 3464 1172 3487 90
1187 3451 1271 3484 Qiies
1291 3451 1365 3483 Vix-g.
1381 3450 1446 3474 Aen.
1461 3457 1490 3487 ᾗ,
1507 3452 1562 3481 837.

78 3479 130 3505 alia
146 3484 235 3504 carent
248 3478 318 3509 alio,
339 3484 364 3504 et
379 3484 422 3505 aut
440 3488 513 3508 caeca
526 3489 619 3510 natura
632 3484 791 3518 gignuntur,
811 3491 856 3510 aut
873 3483 1001 3514 inodora,
1023 3490 1122 3508 11131111-

76 3521 147 3541 taue.
202 3513 329 3553 ,Qaaedzzm
349 3516 496 3553 exetnplaria
510 3518 609 3554 legum,
626 3521 706 3546 lnora
716 3539 724 3551 ,
746 3523 764 3548 i.
773 3518 829 3553 stne
842 3529 892 3546 ort.
927 3517 995 3545 Add.
1010 3517 1082 3544 Non.
1096 3525 1122 3550 2,

75 3553 134 3584 463.
154 3548 198 3574 vbi
211 3548 324 3575 inodora
343 3555 368 3575 et
382 3550 514 3583 inaudita,
534 3555 641 3581 Mercer.

113 3593 125 3611 1
135 3591 157 3610 N
168 3591 187 3611 O
198 3590 214 3610 F
226 3590 242 3611 F
250 3591 267 3610 E
276 3591 298 3610 N
309 3591 321 3610 S
330 3590 351 3609 V
361 3590 373 3609 S
382 3604 390 3615 ‚
409 3593 433 3615 a,
451 3593 505 3613 um.
542 3588 600 3615 Adi.
635 3589 835 3625 [αἰπρὸσκοπτος]
872 3589 916 3616 Ad
926 3588 993 3625 quod
1005 3590 1061 3623 quis
1073 3596 1122 3613 non

85 3619 201 3653 offendit.
238 3620 335 3646 Cursus
350 3619 492 3647 inoffensus
504 3621 635 3651 honorum
649 3626 741 3653 Tacit,
752 3626 819 3652 Hist,
835 3635 855 3658 1,
870 3631 910 3659 48,
926 3633 947 3657 5.
987 3625 1042 3650 Iter
1056 3623 1125 3650 inof-
1137 3633 1168 3659 93

80 3655 184 3682 sensum
202 3654 275 3681 Idem
290 3657 357 3681 Ann.
372 3664 397 3687 1,
418 3657 458 3687 56.
525 3658 640 3688 Martial.
659 3670 705 3695 14,
725 3670 773 3694 214
808 3678 853 3682 —
890 3659 1016 3687 inoffensa
1036 3664 1123 3685 curret

337 3690 478 3717 Inorfensas
496 3691 641 3727 voluptates
657 3698 852 3730 transmittere,
872 3704 914 3732 per
934 3696 1122 3721 translationem

305 3762 309 3765 .
419 3726 521 3752 Lumen
535 3727 689 3758 inoffensum
701 3734 841 3759 oculorum
855 3731 949 3759 Pallad.
966 3739 986 3762 1,
1000 3739 1022 3762 3.
1081 3730 1122 3754 In-

79 3761 331 3831 fflqngfopmauo
345 3769 457 3793 vocum,
475 3765 557 3788 Aures
577 3773 625 3790 non
642 3767 781 3799 offendens,
798 3779 846 3795 non
862 3776 962 3803 aspera,
978 3765 1026 3801 fid
1043 3764 1123 3791 dulcis

108 3805 156 3826 um
184 3805 192 3823 1
207 3817 213 3823 .
228 3806 237 3824 1
259 3806 297 3829 ιο,
315 3805 350 3828 23.
1013 3801 1017 3805 “

79 3832 209 3859 Inoffensa
229 3819 348 3867 t’empora
367 3841 381 3858 a
396 3831 548 3859 valetudine
570 3835 694 3867 viuere„
710 3839 782 3865 Nullo
803 3840 883 3866 morbo
905 3839 968 3873 laesit
987 3844 1010 3863 ct
1027 3835 1122 3871 offiwisa

80 3867 148 3894 Gell.
161 3876 197 3899 2,-
214 3876 224 3894 1
248 3868 278 3895 de
297 3868 405 3895 Socrate.
480 3868 540 3894 Vita
559 3869 640 3896 Ouid.
654 3871 736 3897 Trist.
752 3882 771 3904 1,
782 3880 805 3906 8,
818 3884 828 3901 1
854 3878 921 3901 citra
940 3874 1013 3899 ullum
1031 3873 1121 3897 malum

78 3900 219 3930 tram-aflei.
288 3902 383 3929 Pedem
397 3903 555 3929 inoffensum
569 3905 685 3938 referre,
705 3909 724 3932 i.
737 3912 779 3942 qui
797 3919 846 3937 non
859 3909 993 3945 offenderit
1011 3907 1045 3935 ad
1059 3907 1122 3943 Iapi-

80 3937 149 3969 dem,
168 3945 213 3964 aut
224 3938 295 3965 aliud
307 3939 414 3965 Tibull.
430 3947 449 3970 1,
466 3948 488 3972 7,
501 3942 543 3965 62.

115 3980 125 3999 1
137 3979 159 3999 N
170 3979 190 4000 o
200 3979 217 3999 F
228 3980 270 4001 PE
281 3981 359 4002 NSE.
397 3974 465 4002 Adu.
502 3973 654 4002 Iuoffcnflus
674 3975 741 4002 Gell.
759 3979 790 4009 6,
805 3986 829 4006 2.

216 4015 302 4037 VOL.
338 4011 372 4038 II.

1152 3282 1164 3308 ς
1185 3271 1273 3298 dicere
1287 3272 1473 3306 inopinabiles.

1136 3987 1180 4014 105
1190 3981 1258 4008 satis.

1187 2419 1355 2452 inopinatum
1373 2418 1470 2444 videri.
1566 2416 1702 2451 Inopinati
1719 2417 1787 2451 capti
1807 2419 1864 2444 sunt
1885 2419 2004 2446 Frontiu.
2019 2421 2094 2449 Strat.
2109 2433 2136 2456 3,
2155 2427 2186 2455 6,
2206 2435 2234 2459 4.

1187 2454 1318 2487 Quinctil.
1333 2462 1355 2484 ς,
1369 2462 1392 2485 13
1419 2454 1545 2479 Patronus
1559 2453 1639 2479 etiam
1660 2453 1803 2485 inopinatis
1816 2453 1967 2488 frequenter
1980 2459 2104 2484 occurrit.
2175 2461 2232 2487 Cic.

1038 2486 1123 2512 Trio·
1186 2490 1263 2515 Vei-r.
1278 2497 1301 2521 2,
1316 2497 1348 2521 24
1369 2498 1390 2514 0.
1406 2494 1418 2519 Β
1442 2489 1523 2515 Noua
1537 2488 1587 2514 tibi
1601 2488 1664 2514 haec
1677 2489 1750 2519 sunt,
1770 2495 1795 2513 et
1811 2488 1964 2522 inopinata?
2058 2493 2139 2520 Noua
2152 2501 2177 2520 et
2194 2496 2234 2522 in-

1186 2525 1292 2559 opinata
1307 2525 1381 2551 causa
1396 2525 1528 2558 Papinian.
1543 2524 1572 2549 in
1585 2523 1602 2549 l.
1616 2532 1627 2555 3
1649 2524 1680 2549 D.
1694 2522 1726 2549 de
1742 2523 1856 2550 condiet.
1872 2525 1979 2551 inolebit.
2051 2528 2232 2564 Improuisum

2129 2566 2187 2592 Liu.
2210 2575 2233 2600 3,

1188 2598 1217 2621 26
1245 2595 1282 2621 Ni
1305 2595 1323 2620 il
1344 2601 1396 2621 tam
1416 2604 1463 2621 nec
1483 2595 1667 2629 inopinatum,
1688 2603 1735 2619 1100
1750 2601 1802 2620 tam
1823 2596 1979 2629 insperatum
1999 2600 2117 2626 accidere
2137 2609 2233 2635 potum

1187 2631 1332 2665 Repentina
1350 2636 1376 2657 et
1390 2631 1543 2665 inopinata,
1564 2630 1689 2664 grauiora
1704 2630 1759 2656 010.
1774 2630 1888 2656 Tuscul.
1902 2639 1924 2663 3,
1939 2640 1980 2665 45.
2076 2636 2156 2662 Dic-*tu
2173 2638 2232 2664 ino-

1187 2667 1307 2701 pinatum
1327 2673 1353 2692 et
1375 2667 1498 2692 mirabile
1518 2666 1590 2692 Idem
1609 2666 1637 2691 in
1658 2665 1745 2692 Parad.
1763 2673 1784 2698 ς.
1880 2668 1935 2694 Cic.
1957 2667 1988 2694 de
2003 2669 2096 2697 Natur.
2112 2673 2192 2699 Dcor.
2208 2682 2234 2706 2,

1191 2711 1230 2734 123
1252 2704 1285 2728 Vt
1299 2702 1327 2728 in
1342 2702 1486 2728 araneolis:
1510 2701 1578 2728 aliae
1592 2702 1663 2735 quali
1678 2708 1732 2727 rete
1746 2707 1847 2734 texunt,
1864 2709 1892 2729 vt
1905 2702 1923 2728 ii
1938 2705 2000 2738 quid
2017 2706 2156 2734 inhaeserit
2171 2719 2233 2735 con-

1156 2756 1173 2773 Ο
1188 2737 1295 2764 flciant:
1328 2738 1394 2764 aliae
1413 2744 1515 2769 autem,
1536 2744 1563 2763 vt
1584 2738 1621 2763 Ex
1636 2737 1775 2770 inopinato
1792 2737 1946 2770 obseruant,
1966 2747 1991 2766 et
2011 2741 2106 2776 liquid
2125 2744 2233 2776 incidit,

1187 2774 1336 2808 arripiunt,
1354 2773 1434 2808 idque
1449 2775 1613 2800 consumunt.
1686 2774 1803 2806 Repente
1824 2782 1854 2799 ex
1871 2775 2009 2809 inopinato
2027 2777 2134 2805 Sueten.
2149 2780 2234 2808 Galba

1187 2818 1209 2835 c.
1232 2819 1279 2835 10.>
1335 2809 1475 2843 Inopinata
1494 2818 1534 2835 res
1554 2816 1580 2834 et
1598 2817 1687 2834 recens
1709 2810 1764 2834 Cic.
1783 2818 1830 2843 pro
1851 2810 1940 2836 Domo
1957 2820 1985 2844 14
2011 2821 2031 2837 c.
2053 2824 2074 2844 4.
2152 2816 2233 2842 Fraug

1187 2845 1232 2871 Sil.
1246 2852 1273 2879 7,
1289 2853 1342 2878 134.
1437 2845 1502 2870 Plin.
1517 2849 1556 2875 28,
1571 2853 1586 2870 2
1613 2845 1710 2878 Neque
1725 2844 1760 2870 est
1773 2844 1851 2871 facile
1869 2845 1957 2882 dictu,
1977 2856 2083 2875 externa
2097 2851 2177 2877 verba
2196 2858 2234 2878 at-

1187 2889 1239 2914 que
1253 2880 1414 2912 ineffabilia,
1433 2879 1560 2917 derogent
1574 2879 1653 2906 fidem
1667 2879 1792 2911 validius,
1807 2889 1839 2906 an
1853 2880 1945 2908 Latina
1960 2883 2093 2917 inopinata
2103 2905 2110 2916 ‚
2126 2893 2151 2913 et
2165 2896 2233 2921 quae

1157 2929 1169 2953 3
1187 2916 1301 2942 ridicula
1315 2916 1403 2941 videri
1419 2918 1489 2950 cogit
1503 2916 1614 2943 animus.
1686 2916 1749 2941 Non
1765 2916 1900 2950 inopinata
1918 2918 1986 2953 Nep.
1999 2928 2037 2953 ¹9,
2052 2931 2079 2954 4,
2093 2929 2114 2952 3.
2171 2924 2232 2948 Sen-

1186 2953 1226 2978 sus
1240 2950 1458 2986 inopinatissimus
1472 2951 1610 2985 Augustin.
1625 2951 1656 2977 de
1669 2951 1751 2982 Trin.
1767 2959 1793 2986 7,
1810 2961 1826 2978 1.

1224 2993 1295 3013 1No
1308 2988 1477 3018 ΡιΝᾹΊ-Ε,
1506 2995 1528 3012 et
1556 2989 1819 3013 1Νο11ΝᾹΤο.
1856 2986 1923 3013 Adu.
1961 2987 2117 3025 [ἀδοκήτως]
2155 2992 2232 3028 Idem,

1186 3022 1251 3062 quod
1269 3024 1370 3048 Praeter
1385 3021 1463 3057 spem.

1185 3059 1322 3092 inopinate
1335 3062 1475 3084 accideret.

1505 3023 1565 3048 Liu.
1580 3031 1621 3055 34,
1635 3027 1666 3052 28
1694 3023 1750 3056 Qui
1770 3023 1801 3048 ad
1816 3021 1859 3055 id,
1880 3023 1951 3057 quod
1971 3025 2091 3052 futurum
2109 3036 2177 3057 erat,
2197 3038 2231 3055 ne

1567 3058 1606 3085 Id.
1625 3060 1668 3089 26,
1682 3061 1698 3083 6
1723 3060 1811 3091 Quini
1826 3059 1965 3093 inopinato
1979 3060 2006 3085 111
2019 3062 2099 3088 castra
2114 3063 2232 3090 Romana

2031 3097 2170 3130 inopinate
2190 3109 2234 3125 oc-

1186 3138 1281 3163 cupare
1300 3129 1357 3155 5011.
1371 3129 1402 3155 ad
1419 3130 1496 3156 Helu.
1516 3139 1537 3156 c.
1552 3137 1574 3162 5.
1610 3129 1678 3156 Add.
1693 3130 1766 3164 Spon.
1780 3130 1855 3164 Mifin
1872 3131 1913 3156 Er.
1926 3131 1989 3156 Ant.
2007 3138 2036 3167 p.
2049 3142 2100 3163 205.
2140 3134 2234 3163 ferret.

1188 3167 1255 3191 Mul.
1275 3166 1310 3191 La
1330 3185 1335 3190 .
1375 3184 1381 3190 .
1397 3169 1448 3191 106.

1224 3194 1269 3226 sN
1281 3172 1329 3229 Οξ)
1339 3172 1409 3226 ΙξΙΑ
1419 3207 1433 3227 Β
1443 3202 1495 3226 i'LI
1505 3207 1534 3232 S,
1554 3208 1577 3226 e.
1614 3198 1673 3226 Adi.
1710 3197 1847 3233 [dio-nonos]
1883 3199 1957 3234 de
1975 3204 2030 3236 quis
2044 3212 2167 3238 nunquam
2181 3207 2233 3231 cxi.

1177 3234 1300 3270 stimaffit
1313 3236 1441 3272 sutorum.
1498 3236 1566 3261 Gell.
1582 3242 1617 3269 17,
1631 3244 1658 3261 12
1689 3235 1802 3261 Infames
1821 3240 1956 3266 materias,
1977 3236 2030 3263 siue
2054 3239 2111 3273 quis
2127 3241 2232 3268 mauult

1355 3272 1360 3277 ‘
1530 3271 1603 3297 Idem
1616 3279 1652 3300 11,
1672 3275 1705 3299 18.
1757 3271 1788 3296 1²..
1806 3278 1843 3304 17,
1861 3279 1877 3302 9
1902 3271 2035 3299 Profunda
2054 3275 2181 3308 quaedam
2203 3282 2232 3303 et

1184 3307 1356 3342 inopinabilis
1371 3308 1487 3339 latebra,
1507 3306 1534 3332 de
1547 3309 1643 3332 ratione
1656 3306 1891 3341 occultescribemli.
1985 3309 2035 3334 Res
2055 3311 2145 3336 Aurcl.
2162 3311 2231 3339 Vict.

1182 3343 1213 3369 in
1233 3343 1347 3370 Dioclet.

1223 3382 1362 3406 1N01’iN
1375 3384 1395 3402 ν
1406 3385 1433 3408 ς,
1455 3385 1484 3408 3,
1505 3385 1558 3402 um.
1597 3375 1657 3402 Adi.
1694 3375 1863 3411 [εἰννπόητος]

1907 3377 1974 3404 Idem
1992 3379 2057 3414 quod
2075 3381 2230 3417 Inopinatur.

1185 3415 1272 3441 Dolor
1291 3415 1416 3448 inopinus
1436 3412 1496 3438 Stat.
1510 3411 1602 3438 Theb.
1617 3421 1642 3444 1,
1664 3420 1726 3445 249.

1798 3412 1902 3438 Gaudia
1922 3413 1995 3440 Idem
2010 3415 2074 3442 Silu.
2091 3424 2117 3448 1,
2139 3425 2168 3447 2,
2185 3420 2230 3450 46.

1634 3448 1740 3473 Siccitas
1759 3448 1824 3474 Plin.
1838 3449 1897 3474 Pan.
1919 3458 1940 3475 c.
1956 3458 1995 3481 30.
2066 3451 2167 3478 Turbo
2186 3453 2232 3480 Sil.

1186 3495 1224 3518 12,
1239 3491 1286 3518 185.
1337 3485 1450 3518 Inopina
1463 3483 1541 3508 tacius
1555 3482 1678 3509 laborum
1694 3483 1769 3516 Virg.
1783 3484 1849 3509 Aen.
1865 3486 1891 3516 6,
1908 3492 1965 3518 104.

1224 3529 1231 3547 1
1243 3529 1264 3547 N
1277 3527 1295 3547 o
1305 3528 1320 3547 Ρ
1330 3527 1344 3546 Ρ
1355 3526 1374 3545 Ο
1384 3526 1402 3545 R
1412 3526 1433 3545 T
1441 3520 1463 3544 ῦ
1471 3525 1492 3544 Ν
1503 3525 1522 3544 v
1531 3525 1544 3544 s
1553 3537 1561 3549 ,
1580 3527 1604 3549 a,
1621 3527 1675 3544 um.
1709 3518 1768 3544 Adi.
1798 3517 1925 3553 [ἄκαιρος]
1961 3520 2121 3555 Opportuno
2134 3530 2233 3550 contra-

1185 3560 1258 3583 rium.
1293 3557 1348 3582 Cic.
1365 3555 1397 3581 de
1410 3555 1483 3580 Orat.
1497 3562 1519 3587 3,
1536 3559 1561 3584 18
1581 3563 1603 3579 c.
1617 3562 1630 3587 5
1657 3555 1760 3580 Etenim
1774 3554 1810 3580 est
1827 3554 1890 3580 huic
1908 3555 1968 3581 loco
1981 3556 2071 3584 nostro
2091 3557 2162 3585 sedes
2177 3568 2232 3586 non

1184 3593 1363 3627 inopportuna
1382 3589 1507 3616 sermoni.

1224 3635 1264 3654 IN
1275 3634 1317 3654 01>
1328 3634 1340 3653 S
1354 3646 1363 3659 ‚
1384 3625 1450 3660 opis.
1487 3624 1546 3651 Adi.
1585 3623 1735 3658 [οἵω-ἡμων,
1753 3623 1865 3660 ἄκληρος,
1883 3624 1985 3660 dmin]
2021 3627 2132 3663 Pauper,
2151 3638 2232 3665 egens,

1185 3667 1227 3689 cui
1241 3673 1288 3690 non
1296 3663 1358 3698 sunt
1370 3669 1434 3696 opes.
1472 3661 1553 3686 Plaut.
1569 3660 1651 3686 Trin.
1665 3668 1686 3691 3.
1700 3668 1724 3691 2,
1739 3661 1765 3691 63
1790 3659 1865 3686 Nolo
1879 3669 1929 3694 ego
1941 3661 2009 3688 mihi
2022 3669 2048 3689 te
2068 3670 2119 3690 tam
2131 3665 2232 3698 prospi-

1187 3707 1261 3731 cere,
1280 3699 1328 3733 qui
1342 3706 1428 3729 meam
1448 3696 1587 3729 egestatem
1602 3695 1672 3721 leues
1687 3705 1692 3720 :
1722 3694 1763 3720 scd
1777 3701 1805 3720 vt
1819 3695 1895 3730 inops
1909 3697 2050 3725 infamisue
2065 3699 2119 3729 sim.
2174 3700 2230 3725 Cic.

1187 3734 1240 3760 Off.
1255 3743 1275 3765 2,
1289 3736 1319 3765 36
1339 3733 1409 3759 Nam
1422 3740 1502 3766 quum
1516 3737 1680 3764 premeretur
1695 3730 1770 3764 inops
1783 3731 1928 3759 multitudo
1941 3733 1974 3759 ab
1988 3733 2034 3764 iis,
2055 3735 2099 3767 qui
2115 3734 2229 3759 maiores

1190 3778 1251 3803 opes
1267 3768 1412 3799 habebant,
1429 3774 1474 3793 stc.
1518 3767 1592 3792 Vetus
1606 3767 1727 3801 exemplar
1740 3766 1828 3799 habet,
1846 3769 1874 3794 In
1888 3767 1969 3795 initio
1981 3769 2133 3794 multitudo.
2187 3769 2229 3794 In-

388 3798 430 3823 sic
444 3805 491 3828 1,1,
506 3806 530 3828 31
549 3799 676 3826 Inoffensa
688 3802 824 3831 literarum
839 3807 906 3830 inter
921 3804 944 3828 se
959 3800 1122 3827 coniunctio.
1132 3808 1178 3827 100
1186 3813 1233 3838 ops
1249 3805 1281 3830 ab
1294 3804 1402 3835 amicis,
1421 3804 1563 3828 Amicorum
1581 3802 1674 3827 auxilio
1694 3799 1831 3834 destitutus.
1867 3804 1922 3830 Cic.
1942 3813 1990 3838 pro
2004 3804 2090 3828 Domo
2105 3808 2132 3835 58
2160 3812 2181 3829 0.
2195 3812 2228 3829 22

1186 3840 1258 3866 Tam
1273 3840 1348 3874 inops
1362 3844 1448 3865 autem
1462 3845 1532 3863 eram
1548 3836 1581 3862 ab
1592 3836 1694 3869 amicis,
1703 3842 1747 3863 aut
1760 3843 1813 3863 tam
1826 3839 1895 3866 nuda
1904 3838 2056 3872 Respublica
2070 3846 2083 3863 3
2097 3838 2228 3871 magistra-

1187 3874 1282 3901 tibus?
1356 3875 1433 3908 Inops
1453 3872 1484 3898 ad
1504 3872 1667 3904 ornandum,
1693 3877 1719 3899 et
1734 3873 1856 3907 expedita
1875 3874 1907 3901 ad
1926 3872 2130 3903 inueniendum,
2151 3873 2227 3898 disci-

1188 3911 1260 3944 plina
1276 3910 1455 3944 Hermagorae
1474 3907 1546 3933 Idem
1562 3907 1593 3934 de
1606 3908 1676 3934 0131.
1690 3909 1764 3935 Orat.
1779 3910 1832 3941 263.
1912 3910 1943 3934 Et
1960 3908 1991 3933 de
2006 3908 2076 3934 0131.
2089 3909 2162 3933 Orat.
2178 3915 2228 3942 047

1189 3954 1210 3971 c.
1224 3953 1259 3979 70
1284 3945 1348 3972 Non
1363 3944 1450 3971 tardus
1470 3943 1619 3974 sententiis,
1639 3952 1693 3970 non
1710 3943 1785 3978 inops
1804 3942 1906 3973 verbis,
1923 3951 1988 3968 voce
2001 3950 2110 3973 canora,
2130 3943 2228 3970 facetus

1330 3980 1415 4015 Aequi
1428 3980 1507 4039 1110ρὸ
1519 3979 1581 4006 Stat.
1593 3978 1684 4006 Theb.
1701 3988 1736 4011 12,
1750 3987 1809 4012 445.
1881 3978 1936 4004 Cic.
1951 3977 1983 4004 dc
1996 3978 2078 4004 Amic.
2091 3979 2135 4037 26Γ
2148 3978 2228 4038 (PM

1447 4022 1463 4048 7
2129 4022 2135 4037 1
2170 4019 2228 4039 orte
