2479 4225
247 167 302 206 τις
632 144 673 186 D
757 143 802 185 E'
878 140 904 181 S
1030 159 1031 162 ¹
1664 133 1771 197 >D
1863 134 1898 177 E
1990 134 2018 175 S
2170 195 2181 201 ,
2313 133 2379 174 116

252 243 295 271 his
316 240 422 277 poenis,
447 233 560 272 quas'ab
578 243 611 261 eo
629 233 698 261 serui
717 231 806 258 fideles
824 237 873 264 pro
892 224 996 254 domini
1014 222 1069 252 vita
1088 223 1279 260 expetiuerunt-
1341 223 1436 256 vitias,
1455 228 1618 260 paupertates
1631 223 1732 251 excelso
1746 222 1850 255 animo,
1869 232 2017 260 magnoque
2030 222 2161 257 despicere
2179 222 2235 250 Cic.
2243 222 2296 250 Offi
2303 231 2329 255 2,
2348 241 2355 248 .
2375 241 2383 248 .

254 277 436 306 Marcellinum
447 271 564 298 nostruin
580 278 628 304 ego
641 278 694 295 non
708 267 831 301 despero,
851 263 993 289 etiamnum
1006 261 1106 288 seruari
1119 259 1200 295 potest
1220 258 1279 284 Sen·
1344 260 1442 287 Omnia
1454 261 1567 287 humana
1586 259 1659 288 Idem
1673 259 1725 286 Off.
1741 268 1753 291 3
1767 268 1788 284 c.
1802 265 1845 292 27.
2040 256 2061 295 fl
2080 267 2093 291 3
2130 259 2268 293 Despiccre
2286 258 2319 291 est
2333 258 2383 284 De-

255 314 301 347 ΕΡ,
321 320 359 344 29-
411 306 539 341 Sapientia
552 314 594 332 ars
606 304 656 331 est:
686 303 765 336 eligat
777 298 955 335 profe&11ros;
982 295 1015 322 ab
1028 296 1086 329 his,
1112 304 1178 330 quos
1193 293 1281 328 despe-
1344 295 1425 322 iicet-e
1443 296 1534 322 oculos
1554 302 1577 322 et
1597 296 1626 322 ab
1643 304 1669 322 re
1687 296 1770 330 aliqua
1784 293 1918 325 darnouwe,
1944 301 1968 320 et
1978 292 2018 329 fic
2031 295 2109 321 locum
2129 293 2187 320 dare
2201 293 2382 327 infidiantibus.

253 347 323 374 rauit
355 342 457 371 recedat
476 341 515 368 Ib.
586 340 703 367 Temere
715 337 848 370 desperare
866 332 921 357 Cic.
935 330 988 357 Off.
1003 340 1024 364 1,
1038 339 1077 366 73,
1149 330 1205 355 Cum
1221 328 1282 364 Iifi-
1343 330 1392 357 Cic
1405 339 1454 364 pro
1466 332 1540 358 Rosc.
1555 332 1614 358 Ain.
1628 340 1661 358 22
1673 340 1694 357 c.
1709 336 1722 360 8
1742 331 1810 356 Cuui
1822 333 1862 355 tot
1875 329 2004 365 tantisque
2016 329 2130 364 negotiis
2145 329 2269 355 distentus
2282 328 2312 355 fit
2337 342 2398 361 -χ

254 365 340 407 nitiuo’.
383 379 454 404 Idem
470 377 501 403 de
514 375 605 403 Diuin.
619 379 652 407 48
677 373 741 400 Non
753 367 875 404 equidem
893 366 969 401 plane
990 366 1099 401 despero
1115 365 1161 391 ista
1176 365 1224 390 ess'e
1237 372 1282 404 γε·
1306 370 1320 397 ς
1345 374 1405 391 cum
1419 367 1569 399 praesertim
1590 372 1643 393 tam
1658 366 1736 392 multi
1753 364 1954 398 occupationem
1972 366 2027 392 eius
2041 365 2196 397 obseruent,
2230 378 2276 384 —
2311 368 2341 390 vt
2353 362 2383 388 fi.

254 424 296 443 ra:
321 413 363 440 sed
378 413 480 444 nescio,
508 417 533 438 et
546 411 643 437 discere
661 416 676 434 a
693 412 718 434 te
730 406 803 433 volo.
858 400 922 435 Paff.
943 402 999 429 Cic.
1014 403 1144 435 Q-‚Frazr-
1158 409 1177 431 i,
1190 408 1203 431 3
1221 399 1283 426 Siue
1346 400 1400 427 mul
1415 406 1492 434 atque
1505 401 1550 427 ille
1562 401 1725 437 despexerit,
1742 401 1777 427 ali
1798 400 1844 426 uid
1858 398 2042 427 huiuscemodi
2053 400 2206 426 moliantur.
2247 398 2306 425 Viti.
2328 405 2384 426 DF:

253 448 425 480 restituimur,
440 447 492 474 siue
513 446 689 479 desperantur,
712 440 779 467 nihil
793 436 905 471 amplius
917 446 981 472 opus
996 437 1040 464 est.
1110 434 1285 470 Desperaban·
1346 443 1356 463 1
1365 443 1375 463 1
1386 442 1403 462 c
1412 443 1423 462 1
1434 441 1453 462 ο
1475 436 1573 463 oculos.
1773 410 1796 474 ὃ
1874 435 1943 469 Qae
1959 435 2089 462 laudantur
2098 442 2145 471 pro
2158 435 2267 471 generali
2280 433 2385 460 videndi

253 490 298 512 tut-
310 483 424 518 promiffi
437 482 532 518 praelia
544 479 636 507 Martis
655 476 768 504 Martial.
782 473 814 499 de
830 472 913 507 Spe&
924 481 980 506 223.
1051 471 1185 505 Turpiter
1196 469 1284 505 despe-
1338 470 1525 508 *significatione
1545 481 1574 499 ex
1605 471 1661 498 Cic.
1676 470 1708 498 de
1723 471 1780 498 Fin.
1800 481 1828 506 4,
1842 472 1878 505 64
1899 479 1922 495 c.
1936 477 1974 501 23.
1986 476 2010 495 et
2021 480 2069 504 pro
2082 471 2151 497 Sulla
2165 479 2202 503 40
2216 479 2237 496 c.
2252 478 2284 502 ¹4
2313 478 2339 496 ea
2350 467 2385 496 ad

253 525 326 548 ratur
339 518 469 553 quidquid
482 516 539 543 fieri
551 513 632 549 potest
652 510 780 545 Qlinffffl·
795 517 815 541 Ι,
830 517 867 534 ¹0·
968 536 971 541 Α
1161 540 1166 545 ¹
1352 513 1372 533 D
1385 514 1415 534 IS
1424 514 1438 533 P
1449 514 1457 532 1
1468 512 1485 532 C
1496 512 1534 532 10
1556 514 1672 542 putamus
1679 510 1820 541 pertinere,
1838 513 1867 533 vt
1882 512 1906 532 et
1929 504 2036 531 Sueten.
2042 507 2145 533 Neron.
2162 514 2198 539 ¹9·
2253 506 2340 531 Mirus
2352 502 2386 536 est*

291 561 333 581 DE
343 562 378 581 sr
389 555 526 582 ΕΚΑΝε,
557 549 633 575 antis.
661 547 752 574 Partic-
787 542 974 578 [ἐπελπίζων]
1010 542 1066 569 Cic·
1085 540 1118 567 de
1138 541 1195 580 ΡΨ
1216 549 1237 572 1,
1257 541 1286 567 61
1301 549 1331 569 ιο
1349 543 1400 568 Iac.
1415 543 1569 573 Gronouius,
1585 551 1639 568 cum
1665 543 1733 569 Tac.
1747 543 1796 569 An.
1812 550 1847 574 ¹3,
1862 549 1890 574 55
1920 540 2058 567 Medic-eam
2077 541 2203 568 lethonem
2223 540 2310 566 Solem
2322 539 2386 565 inde

255 590 352 616 Omnia
368 590 465 623 semper
483 586 650 619 desperantes.
719 580 880 607 Titubantes
901 585 927 606 et
941 578 973 605 de
986 578 1065 605 rebus
1078 578 1186 603 summis
1199 575 1286 610 despe-
1347 577 1490 612 despiciens
1504 582 1531 603 et
1545 581 1645 604 caetera
1657 576 1739 604 sidera
1751 586 1856 609 vocans,
1864 576 1935 611 quasi
1949 584 2038 601 coram
2053 575 2246 611 interrogabat.
2266 577 2389 610 interpre-

256 631 341 652 rantes
371 625 437 658 Nep.
452 626 485 652 18,
498 629 523 653 9,
535 629 559 646 2·
629 617 694 646 Pliss·
710 625 749 647 22,
764 624 800 650 24
830 615 943 642 D010reS
956 622 1101 640 ”Grumum
1116 612 1227 645 mulcet,
1247 611 1286 638 vl·
1347 619 1416 639 tatur
1429 612 1456 638 de
1476 612 1557 638 radiis
1576 612 1644 638 humi
1661 613 1914 648 refidendcscentibus.
1971 612 2102 638 Neminem
2120 619 2206 638 temere
2218 612 2262 637 hoc
2276 610 2389 639 mauebit.

255 669 366 695 ceraque
382 660 433 686 iani
454 655 613 690 desperantia
624 651 743 680 cicatrice
756 650 876 677 includit.
914 649 995 676 Hard.
1012 648 1168 675 cicatricem.
1346 651 1406 683 quin
1419 649 1490 675 malit
1503 657 1558 674 cum
1571 648 1631 673 aliis
1644 647 1717 674 libris
1729 648 1882 682 adspiciens,
1903 647 1944 674 vel
1954 645 2105 681 respiciens.
2146 648 2224 673 Verba
2237 646 2293 672 Cic.
2307 645 2339 671 ad
2352 645 2391 677 Q

295 702 314 722 D
324 703 340 721 E
350 703 361 721 s
372 700 387 720 P
397 700 413 720 Ε
422 699 440 719 R
449 698 553 718 ANTE
562 698 589 716 R.
627 687 692 714 Adu.
729 686 743 720 [
750 686 898 722 εὔελπίς-ως]
934 685 990 712 Cic.
1004 685 1059 711 Att.
1072 693 1111 716 14,
1127 688 1153 713 18
1180 681 1286 709 Seruius
1347 685 1390 711 Fr.
1413 692 1433 716 1,
1451 692 1470 716 4
1490 689 1555 709 extr.
1584 682 1611 709 Si
1625 687 1697 709 tuam
1714 683 1885 710 solitudinem
1920 698 1966 702 -
2002 690 2083 708 nemo
2094 681 2248 716 despexerit,
2255 684 2342 717 potius
2356 679 2390 707 ad

255 730 433 765 proficiscens,
462 725 533 761 quod
551 725 713 758 desperanter
730 728 816 748 tecum
835 721 958 756 loquutus
979 720 1030 754 est,
1055 719 1167 746 minime
1186 718 1286 744 miror:
1304 725 1329 752 ις
1347 728 1374 746 n.
1388 728 1404 747 2
1425 719 1566 750 retulerim,
1585 721 1603 744 i.
1609 716 1635 751 fi
1647 724 1671 743 te
1685 727 1750 745 nemo
1762 722 1863 745 vexarit
1876 718 1978 749 litibus,
1997 724 2043 743 etc.

254 774 338 800 neque
352 764 376 789 ei
389 761 531 798 quidquam
544 761 572 786 in
586 758 764 793 desperatione
777 757 900 783 concedo.
1314 777 1316 780 ,
1384 760 1428 781 DE
1437 762 1449 780 3
1460 761 1474 780 r
1485 760 1519 780 ic
1530 760 1538 779 1
1550 760 1566 780 E
1575 760 1597 779 N
1607 759 1637 785 3,
1663 753 1740 779 entis.
1767 754 1834 780 Part.
1870 753 2064 788 [καταφρονῶν]
2101 751 2156 778 Cic.
2170 750 2285 784 deOrat.
2299 760 2325 783 2,
2339 752 2389 783 364

291 806 353 825 Des
362 806 376 825 r
385 805 426 825 ER
437 799 485 823 ᾹΤ
495 802 535 822 vs
544 814 552 827 ‚
577 802 602 827 a,
626 802 680 820 um.
715 793 807 819 Partic.
843 791 1058 826 [ἀπεγνωσμένος]
1098 791 1137 818 De
1150 799 1195 826 quo
1208 790 1249 816 vel
1259 791 1287 814 in
1348 799 1371 817 c.
1385 794 1416 823 89
1441 790 1531 816 Nemo
1542 797 1660 823 vnquam
1675 794 1729 814 tam
1742 789 1781 815 sui
1795 788 1939 823 despiciens
1952 790 2021 821 fuit,
2041 788 2087 822 qui
2102 787 2262 821 desperaret,
2279 794 2324 814 aut
2337 795 2389 812 me-

253 844 298 871 quo
309 833 375 860 nulla
386 832 418 866 est
427 832 494 868 spes.
531 831 616 866 Itaque
623 829 696 866 saepe
709 829 815 855 hominis
825 828 935 867 perditi,
961 834 984 854 et
1002 828 1091 867 ultima
1105 829 1219 867 cananitis
1238 826 1288 864 epi·
1348 826 1411 855 lius,
1425 831 1470 852 aut
1484 824 1577 864 eodem
1592 824 1674 850 niodo
1692 824 1717 849 se
1731 824 1800 858 posse
1820 824 1916 851 dicere.
1987 822 2123 857 Hiempsal
2142 821 2335 862 ignobilitatem
2348 823 2390 848 lu—

252 870 336 896 thcton
351 866 391 901 est.
444 865 578 892 Exercitus
598 864 723 892 colle8m5
744 872 775 890 ex
794 862 898 890 senibus
918 862 1059 897 desperatis
1092 862 1149 888 Cic.
1164 871 1193 887 in
1207 860 1287 887 Catil.
1349 860 1460 895 gurthae
1477 860 1620 894 despiciens
1641 858 1701 885 Sall.
1716 860 1772 893 lug.
1785 868 1807 885 c.
1821 867 1853 886 11.
1925 861 2046 896 Proprie,
2071 859 2221 892 Despiciens
2240 866 2311 884 mare
2324 857 2391 884 veli-

252 913 270 933 2
282 913 302 930 c.
318 913 338 936 3.
408 900 482 928 Idem
495 901 524 927 in
538 901 616 928 Catil.
628 909 654 933 2,
673 909 701 926 10
726 899 928 934 Desperatorum
941 897 1082 924 hominum
1093 896 1214 933 flagitiosi
1229 904 1286 929 gre·
1294 901 1330 919 20
1349 896 1455 927 volum,
1483 901 1619 930 terrasque
1632 895 1746 921 iacentes
1767 894 1841 929 Virg.
1861 894 1927 921 Aen.
1939 903 1960 927 1,
1980 902 2040 930 227.
2079 894 2108 920 de
2123 896 2194 926 Ioue,
2229 892 2256 920 h.
2269 902 2289 919 e.
2307 894 2390 920 Deor-

252 948 304 973 ges.
359 938 382 963 A
395 936 479 971 seipso
497 934 645 971 desperatus
659 941 684 962 et
695 935 802 962 relidius
836 933 875 961 Id.
890 934 918 959 in
932 933 1015 960 Pison.
1029 941 1073 966 99.
1145 929 1288 966 Aspritudo
1349 933 1406 959 sum
1420 931 1573 966 adspiciens.
1593 930 1709 957 Seruius.
2093 958 2096 960 ,

251 974 383 1007 desperata
396 981 410 998 a
420 971 579 1006 quibusdam
611 971 729 998 Scribon.
742 978 783 1005 37.
855 970 1010 1003 Desperatus
1027 968 1061 994 ab
1075 968 1200 994 omnibus
1229 966 1285 993 Cic.
1384 973 1403 993 D
1412 973 1429 993 Ε
1437 974 1450 994 3
1458 974 1473 993 Ρ
1483 975 1492 993 1
1501 974 1518 993 C
1529 974 1538 993 1
1548 973 1565 993 Ε
1574 973 1596 992 Ν
1605 972 1624 992 D
1634 972 1654 991 V
1665 972 1677 991 S
1686 986 1695 998 ‚
1714 975 1739 998 a,
1759 974 1815 992 utri.
1842 965 1935 992 Partic.
1973 964 2199 1000 [καταφρονητέος]
2235 962 2317 989 Ouid.
2325 962 2391 989 Fast.

250 1018 300 1043 pro
313 1009 388 1035 Rosc.
401 1008 490 1034 Amer.
509 1015 551 1042 27.
622 1007 669 1033 Sed
684 1016 726 1033 me
739 1005 845 1032 hercule
865 1005 952 1031 rursus
965 1010 1019 1031 tam
1036 1003 1166 1030 abiee‘tam
1180 1011 1287 1036 compo·
1349 1004 1434 1036 5,642.
1453 1002 1536 1029 Tunc
1550 1002 1630 1028 etiam
1643 1002 1735 1036 pecori
1749 999 1929 1035 despiciendus
1943 1009 2024 1027 eram.
2061 1002 2091 1027 Et
2099 1000 2188 1027 Gallus
2197 999 2266 1033 Eleg.
2280 1006 2306 1031 2,
2314 1007 2357 1024 20.

251 1043 352 1070 titionis
366 1044 436 1078 spem
448 1052 502 1069 non
515 1042 741 1077 desperatissimam
759 1042 806 1067 esse
821 1045 886 1075 puto
917 1039 991 1066 Idem
1004 1040 1058 1066 Att.
1072 1047 1097 1072 9,
1111 1044 1133 1069 8.
1204 1038 1288 1064 Causa
1385 1044 1405 1064 D
1414 1043 1475 1064 ESP
1484 1045 1494 1064 i
1503 1044 1537 1064 cl
1548 1044 1564 1064 E
1573 1044 1624 1064 NT
1635 1044 1675 1064 1A
1684 1056 1693 1069 ,
1718 1045 1757 1063 ae.
1778 1037 1799 1063 f.
1836 1035 1998 1070 [noeebpotms‚
2018 1035 2151 1072 ὑπεροψία]
2187 1034 2243 1061 Cic.
2259 1034 2287 1060 in
2301 1032 2394 1060 Partit.

249 1079 355 1114 publica
370 1080 504 1113 desperata
522 1078 561 1104 Id.
576 1079 629 1104 Att.
647 1086 674 1112 7,
688 1086 724 1110 23.
794 1077 850 1103 Cic.
864 1074 897 1102 de
909 1074 1001 1110 Legib.
1016 1083 1039 1107 3,
1054 1083 1089 1108 24
1119 1074 1200 1108 Qiod
1214 1073 1286 1100 enim
1299 1077 1331 1104 25
1350 1083 1373 1100 c.
1388 1081 1415 1105 23
1435 1073 1613 1108 Despicientia
1627 1072 1654 1098 in
1669 1072 1868 1098 contemnendis
1880 1071 2037 1098 honoribus.
2109 1069 2287 1104 Despicientia
2304 1077 2395 1096 rerum
2443 1089 2447 1097 .

249 1114 286 1141 est
301 1121 353 1141 tam
373 1114 536 1149 desperatum
554 1113 703 1147 Collegium
713 1132 722 1146 ‚
735 1112 763 1138 in
776 1121 830 1146 quo
844 1120 923 1139 nemo
936 1120 950 1136 e
964 1109 1053 1136 decent
1068 1110 1127 1136 sana
1139 1115 1226 1136 mente
1241 1109 1287 1135 sit?
1349 1109 1524 1135 humanarum
1544 1109 1600 1135 Cic.
1615 1108 1700 1134 Tusc.
1716 1116 1736 1140 i,
1749 1116 1780 1140 93
1793 1117 1814 1134 c.
1830 1116 1875 1141 40.
1946 1107 2020 1133 Idem
2027 1106 2079 1134 Off.
2093 1115 2120 1139 2,
2134 1111 2161 1138 38
2175 1116 2196 1132 c.
2211 1114 2234 1132 11
2252 1106 2324 1132 Haec
2338 1103 2395 1131 ani-

250 1150 323 1185 Fuga
336 1150 447 1176 alicuius
466 1149 538 1175 Idem
552 1148 663 1183 Philipp.
678 1156 701 1182 ς,
713 1150 753 1180 36.
824 1146 945 1173 Lustrum
973 1145 1013 1172 Id.
1027 1146 1081 1172 Att.
1093 1155 1121 1179 4,
1136 1153 1169 1178 ις.
1230 1145 1287 1171 Ma·
1350 1144 1388 1171 mi
1401 1144 1572 1178 despicientia
1586 1143 1823 1170 admirabilitatem
1836 1150 1958 1178 magnam
1978 1142 2050 1169 facit.
2113 1143 2212 1169 Rerum
2224 1146 2395 1168 externarum

251 1195 315 1220 gnus
330 1192 355 1211 ct
369 1185 523 1217 diuturnus,
543 1190 568 1210 et
585 1184 638 1210 iam
650 1184 797 1218 desperatus
810 1182 886 1216 Reip.
899 1179 1009 1208 morbus
1028 1181 1085 1207 Cic.
1100 1190 1149 1215 pro
1162 1180 1231 1206 Sulla
1243 1182 1287 1214 76.
1350 1179 1520 1214 despicientia
1533 1192 1535 1196 v
1549 1179 1588 1205 Id.
1602 1179 1654 1205 Off.
1670 1188 1689 1211 i,
1701 1181 1735 1206 66
1748 1188 1769 1205 c.
1783 1187 1825 1205 zo.
2395 1208 2398 1210 v

251 1221 325 1248 Idem
339 1229 387 1255 pro
401 1221 521 1247 Muraen.
534 1228 568 1253 42
604 1220 660 1254 Ipse
674 1225 761 1246 autern
774 1219 803 1244 in
822 1217 923 1249 Gallia,
947 1226 976 1243 vc
997 1216 1081 1243 nostri
1100 1215 1222 1242 homines
1247 1216 1290 1241 de·
1387 1221 1585 1242 DESPECTV
1595 1222 1626 1247 s,
1646 1223 1669 1245 a,
1690 1223 1745 1241 um.
1781 1213 1873 1240 Partic.
1910 1213 2178 1248 [καταπεφρονημένος,
2193 1210 2395 1247 καταφρόνητος]

252 1258 363 1291 speratas
399 1257 450 1281 iam
485 1255 606 1281 Pecunias
637 1255 771 1289 exigerent
784 1273 792 1286 ,
821 1253 952 1288 aequitate
984 1252 1174 1286 diligentiaque
1204 1251 1289 1286 perse·
1303 1254 1336 1279 30
1352 1251 1408 1278 Cic.
1422 1250 1451 1276 in
1463 1251 1548 1277 Pison.
1565 1258 1630 1277 extr.
1651 1249 1700 1276 Sed
1714 1249 1864 1281 abieftum,
1884 1254 2061 1280 contemtum,
2082 1247 2232 1282 despetSmni
2248 1257 2262 1274 a
2276 1246 2396 1278 caeteris,

251 1293 295 1318 cit.
347 1290 581 1325 Desperatissimum
594 1290 745 1324 perfugium
776 1288 815 1316 Id.
835 1289 911 1315 Verr.
930 1286 987 1314 Αᾶὶ.
1010 1297 1029 1319 1,
1043 1296 1083 1314 101
1102 1296 1123 1313 c.
1143 1296 1183 1320 41.
1238 1287 1288 1312 Re-
1351 1293 1398 1313 etc.
1415 1286 1509 1312 videre
1524 1291 1550 1312 te
1561 1286 1648 1312 volui.
1703 1287 1779 1320 Qiae
1792 1293 1833 1314 res
1846 1284 1908 1311 huic
1922 1283 2045 1319 despe8m
2060 1283 2136 1309 saluti
2150 1282 2196 1310 fiat
2214 1283 2284 1317 Nep.
2298 1287 2323 1315 8,
2336 1291 2359 1314 2,
2373 1289 2396 1307 2.

251 1326 300 1354 bus
314 1326 453 1361 desperatis
480 1326 549 1360 Nep.
564 1334 601 1358 14,
613 1327 638 1357 6,
654 1334 676 1357 3.
696 1332 719 1351 et
738 1332 776 1357 25,
787 1330 812 1356 8,
825 1331 846 1357 ς.
917 1323 968 1349 Res
983 1331 1065 1358 paene
1080 1322 1214 1357 desperata
1232 1322 1289 1348 Cic.
1352 1321 1495 1356 Despetffiis
1508 1320 1561 1347 tibi
1575 1322 1631 1348 sum
1662 1321 1738 1355 Virg.
1756 1320 1809 1348 Ecl.
1829 1329 1855 1354 2,
1870 1329 1907 1353 19.
1979 1318 2096 1346 Consilia
2109 1318 2227 1354 despeeta
2256 1317 2348 1344 Claud.
2363 1315 2397 1343 de

250 1370 300 1398 pro
314 1363 402 1388 Domo
414 1362 457 1387 sua
473 1369 515 1393 24.
551 1361 690 1395 Desperata
704 1366 728 1386 et
740 1365 847 1394 aegrota
862 1358 975 1393 Respub.
995 1358 1290 1385 IdeniDiuin.inVerr.
1351 1358 1428 1392 Rapt.
1443 1358 1559 1391 Proserp.
1573 1365 1599 1389 2,
1615 1359 1675 1383 266.
1749 1357 1842 1383 Honos
1854 1355 1986 1390 despeems
2001 1355 2071 1389 pacis
2088 1354 2134 1381 Sil.
2148 1363 2167 1386 1,
2188 1374 2194 1380 .
2216 1373 2223 1380 .
2279 1353 2323 1380 Ne
2335 1361 2397 1380 con-

250 1400 286 1432 76
300 1407 318 1423 c.
333 1407 373 1424 22.
445 1397 515 1423 Haec
529 1404 688 1430 quamquam
704 1395 793 1421 nihilo
806 1394 918 1420 meliora
936 1394 1011 1426 sunt,
1031 1403 1099 1420 nunc
1112 1394 1191 1419 etiam
1205 1393 1291 1419 multo
1351 1392 1495 1420 temtiffimi
1508 1401 1538 1419 ac
1551 1392 1733 1427 despee'fiffimi
1746 1393 1794 1418 esse
1805 1391 1945 1418 videamur
1965 1391 2021 1418 Cic.
2036 1392 2114 1416 Verr.
2131 1399 2144 1423 3
2157 1399 2179 1416 c.
2191 1398 2232 1422 41.

251 1432 425 1467 desperatiora
444 1430 482 1457 ld.
496 1432 567 1457 Fam.
580 1433 607 1462 6,
620 1439 658 1457 22.
713 1429 869 1464 Respublica
881 1429 1012 1463 desperata
1025 1430 1109 1456 sanari
1125 1429 1207 1463 potest
1228 1429 1293 1455 Bru·
1306 1433 1335 1459 35
1389 1436 1409 1455 D
1418 1435 1435 1455 E
1445 1436 1457 1455 S
1469 1435 1484 1454 P
1494 1435 1510 1455 E
1520 1435 1537 1455 c
1546 1435 1595 1455 TV
1605 1435 1618 1455 s
1627 1447 1636 1460 ‚
1654 1426 1694 1454 sis,
1711 1437 1747 1454 m.
1784 1425 1923 1462 Adspeflus
1936 1425 2045 1462 deorsum
2058 1435 2171 1463 vergens.
2191 1424 2264 1451 Caes.
2281 1424 2309 1451 B.
2324 1423 2357 1450 G.
2370 1430 2399 1458 7,

249 1473 290 1496 tus
305 1468 391 1493 Attico
406 1467 432 1492 in
446 1466 523 1500 Epist.
536 1465 568 1491 ad
580 1466 690 1491 Brutum
706 1473 743 1499 17.
814 1464 1022 1498 Desperatislima
1035 1465 1096 1498 Spes
1115 1465 1212 1491 Balbus
1236 1464 1292 1490 Cic.
1355 1472 1391 1499 79
1416 1464 1476 1490 Erat
1493 1472 1526 1489 ex
1544 1463 1645 1498 oppido
1659 1463 1752 1489 Alexia
1772 1462 1905 1497 deschtus
1924 1462 1951 1488 in
1966 1470 2096 1496 campum.
2166 1459 2268 1487 Ibidem
2284 1468 2307 1492 3,
2324 1467 2362 1492 ι4.
2374 1464 2400 1484 et

250 1504 303 1530 Ati.
317 1511 342 1535 9,
357 1511 382 1535 9,
396 1506 442 1533 (8).
477 1500 551 1535 Conf.
563 1503 591 1526 in
604 1499 653 1526 Pis.
675 1501 711 1532 64
724 1508 746 1525 c.
760 1501 795 1538 26
807 1505 872 1524 extr.
926 1499 1074 1533 Desperatis
1093 1500 1171 1525 etiam
1191 1500 1294 1534 Hippo·
1354 1508 1381 1532 2,
1393 1507 1435 1532 29.
1491 1499 1640 1525 Contemtus.
1676 1498 1810 1525 Ludibrio
1828 1504 1855 1525 et
1867 1497 2001 1533 despce‘tui
2019 1496 2153 1532 aliquibus
2169 1495 2270 1530 opponi
2295 1494 2400 1521 Auetor

252 1546 333 1566 crate*
346 1543 416 1563 vetat
428 1535 553 1562 adhibere
567 1534 727 1561 medicinam
755 1534 812 1560 Cic.
827 1533 880 1559 Att.
895 1535 934 1564 16,
955 1541 988 1565 15.
1044 1534 1140 1566 Neque
1158 1543 1191 1559 eo
1209 1534 1293 1568 magis
1352 1534 1386 1561 ad
1402 1535 1501 1560 Heren.
1516 1542 1536 1567 4
1547 1542 1569 1560 c.
1581 1542 1621 1566 39.

251 1574 354 1610 potenti
367 1570 484 1598 adulatus
499 1570 534 1596 est
548 1570 674 1600 Antonio,
688 1577 774 1604 neque
786 1568 934 1603 desperatos
946 1567 1060 1603 reliquit
1093 1568 1162 1602 Nep.
1176 1576 1217 1600 κς,
1230 1573 1253 1599 8,
1268 1571 1293 1593 6.
1390 1574 1409 1594 D
1418 1576 1434 1594 E
1443 1576 1455 1594 s
1464 1576 1477 1594 ι’
1486 1576 1502 1594 E
1511 1575 1558 1595 CT
1567 1575 1576 1594 1
1585 1575 1604 1595 o
1613 1588 1622 1601 ‚
1654 1568 1722 1595 onis.
1751 1569 1771 1595 f.
1809 1568 1972 1604 [παρόρασις]
2010 1568 2066 1595 Cic.
2083 1567 2150 1603 apud
2162 1566 2284 1594 Nonium
2306 1574 2335 1598 4,
2355 1573 2399 1598 141

251 1611 282 1637 In
297 1608 404 1643 perditis
417 1612 442 1633 et
456 1605 595 1640 desperatis
608 1603 719 1637 habere,
749 1603 802 1630 vid.
835 1609 972 1631 HABEO.
1051 1602 1129 1636 Qiasi
1147 1603 1294 1638 quidquam
1309 1609 1347 1634 40
1355 1603 1545 1629 Consolabitur
1566 1608 1619 1629 tam
1637 1603 1793 1638 magnitudo
1812 1605 1914 1637 animi,
1939 1610 1964 1630 et
1983 1602 2156 1630 humanarum
2173 1602 2334 1637 opinionum
2345 1600 2399 1627 alta

251 1643 410 1679 desperatius
430 1642 477 1668 esse
497 1641 586 1676 ponit,
598 1648 677 1674 quam
694 1645 819 1674 torquere
833 1647 910 1671 eum,
928 1647 1006 1673 quem
1023 1638 1086 1666 scias
1103 1639 1151 1665 esse
1169 1639 1294 1665 innocen·
1352 1637 1481 1673 quaedam
1495 1637 1638 1672 despee‘tio.

250 1686 304 1708 tem
324 1678 396 1706 Latii.
410 1686 432 1711 ς,
447 1686 473 1710 9.
1392 1681 1411 1700 D
1419 1680 1435 1699 r,
1444 1680 1457 1699 3
1467 1681 1481 1699 P
1490 1681 1507 1700 E
1517 1680 1533 1700 c
1545 1681 1565 1700 T
1575 1681 1594 1700 o
1602 1681 1621 1700 R
1629 1694 1638 1707 ,
1658 1673 1722 1700 oris.
1742 1682 1778 1699 m.
1800 1673 1851 1708 Qi
1862 1672 1976 1709 despicit.
1995 1673 2114 1699 Tertull.
2128 1673 2228 1699 aduers.
2236 1672 2317 1698 Marc.
2330 1677 2356 1701 2,
2367 1676 2398 1701 23
2431 1701 2436 1706 Α

288 1722 307 1742 D
316 1722 332 1741 E
342 1722 354 1741 s
366 1721 380 1740 P
390 1720 407 1740 E
417 1720 436 1739 R
445 1720 465 1739 Α
474 1719 495 1739 Τ
504 1717 530 1737 E.
568 1709 636 1737 Adu.
678 1711 729 1742 Vt,
752 1709 891 1745 Desperate
904 1708 1030 1736 sollicitus
1064 1708 1201 1743 Augustin.
1212 1707 1291 1742 Epist.
1353 1708 1469 1742 Eligitur
1481 1708 1557 1740 Saul,
1577 1708 1620 1734 sed
1633 1709 1752 1735 nondum
1766 1708 1902 1743 despedbi·
1913 1708 2056 1743 prophetae
2069 1708 2204 1735 Samuelis.

249 1758 298 1785 237
317 1749 350 1776 ad
364 1749 493 1775 Celerem.
1389 1749 1409 1769 D
1417 1750 1434 1769 Ε
1443 1750 1455 1769 3
1465 1749 1481 1768 Ρ
1491 1750 1508 1770 E
1517 1749 1534 1769 C
1542 1750 1563 1769 T
1573 1750 1592 1769 R
1600 1751 1610 1769 1
1618 1751 1638 1770 x
1646 1763 1656 1776 ‚
1684 1745 1740 1769 scis.
1771 1744 1792 1770 f.
1828 1743 1945 1769 Tertull.
1961 1744 2036 1777 Apol.
2049 1753 2070 1769 c.
2084 1745 2119 1769 26
2142 1743 2238 1769 Iudaea
2253 1738 2401 1775 despectrix

289 1792 306 1811 D
315 1791 350 1810 ΕΞ
360 1791 374 1809 Ρ
384 1790 399 1809 Ε
409 1790 426 1808 R
436 1790 456 1808 Α
468 1787 516 1808 ND
525 1787 583 1812 vs,
612 1789 638 1813 ἃ,
668 1789 723 1807 um·
759 1780 853 1807 Partic-
892 1778 1157 1814 [οἷπογνωιθσσόμενοε]
1193 1778 1249 1803 Cic.
1263 1777 1333 1811 in45
1354 1777 1537 1805 diuinitatum.
1592 1778 1666 1804 Idem
1681 1777 1713 1804 de
1725 1778 1822 1804 Anima
1835 1787 1856 1803 c.
1872 1786 1898 1809 23
1929 1777 2180 1811 Virtusrdespeetrix
2192 1776 2294 1802 mundi.

251 1819 329 1847 Catil.
344 1826 369 1850 2,
387 1825 415 1843 10
428 1826 449 1842 c.
464 1823 476 1848 ς
508 1814 589 1848 Qiod
602 1815 621 1841 fi
639 1815 668 1841 in
680 1816 746 1842 vino
759 1822 784 1842 et
797 1816 853 1843 alea
867 1815 1061 1842 comessationes
1074 1814 1159 1841 solum
1172 1818 1197 1839 et
1210 1814 1294 1839 scorta
1390 1821 1410 1841 D
1419 1820 1456 1840 Es
1468 1819 1484 1839 P
1495 1820 1511 1840 Ε
1522 1818 1539 1839 c
1549 1819 1571 1840 T
1580 1819 1616 1845 o,
1647 1817 1699 1840 are.
1735 1812 1887 1848 [καθοροέω]
1924 1813 2000 1846 Virg.
2020 1813 2087 1839 Aen.
2108 1820 2127 1843 1,
2140 1814 2189 1844 396
2220 1811 2301 1838 Nunc
2314 1815 2399 1836 teri-as

252 1859 424 1891 quaererent,
443 1852 520 1877 ess'ent
541 1849 583 1874 illi
604 1850 712 1888 quidem
731 1850 902 1885 desperandi,
920 1849 964 1877 scd
982 1856 1070 1877 tamen
1089 1850 1166 1875 essent
1178 1848 1292 1874 ferendi.
1354 1849 1450 1876 ordine
1465 1849 1547 1882 longo
1583 1848 1637 1874 Aut
1654 1857 1762 1882 capere,
1782 1853 1827 1874 aut
1840 1854 1924 1882 captas
1937 1856 1990 1874 iam
2004 1847 2151 1882 despectare
2163 1846 2296 1873 videntur.
2337 1844 2399 1870 Liu.

252 1892 319 1919 Hor.
332 1890 383 1916 Od.
397 1896 416 1919 ι,
430 1894 456 1922 7,
469 1893 512 1920 27.
582 1884 664 1910 Cuius
678 1893 753 1911 aures
766 1886 873 1912 veritati
887 1885 987 1912 clausae
999 1887 1074 1918 sunt,
1100 1884 1156 1911 eius
1169 1883 1235 1910 salus
1250 1883 1294 1909 de.
1355 1887 1386 1916 36
1403 1885 1479 1911 Tum
1489 1883 1628 1917 regionem
1645 1884 1760 1909 maxime
1780 1892 1813 1909 eo
1827 1882 1957 1918 despee'tat
1975 1883 2091 1917 oppido,
2114 1891 2164 1916 qua
2179 1881 2260 1907 breue
2274 1879 2402 1906 interual-

251 1924 376 1962 speranda
389 1922 424 1948 est
443 1921 498 1948 Cic.
512 1919 544 1945 de
556 1919 638 1945 Amic.
661 1928 683 1945 c.
697 1928 742 1952 24.
1354 1919 1411 1944 lum
1430 1918 1545 1944 videtur.
1620 1918 1657 1943 Ex
1676 1917 1781 1943 aethere
1801 1917 1930 1951 despefflt
1947 1924 2029 1944 terras
2062 1917 2144 1950 Quid.
2157 1917 2222 1942 Met.
2245 1925 2272 1949 4,
2293 1917 2350 1942 622.
2371 1913 2403 1942 de

289 1968 308 1988 D
318 1967 354 1987 ES
364 1967 379 1985 i>
388 1965 404 1984 E
414 1964 433 1984 R
443 1964 464 1983 Α
474 1962 495 1982 Τ
504 1963 512 1981 1
521 1961 558 1986 ο,
582 1954 649 1980 onis.
672 1954 692 1980 f.
727 1953 878 1988 [α’πόγνοιοι,
899 1953 1049 1989 ἀπόγνωσις]
1091 1953 1148 1980 Cic.
1162 1951 1247 1978 Tusc.
1264 1959 1293 1984 4,
1305 1956 1337 1982 50
1355 1953 1441 1989 Perseo
1456 1953 1564 1979 volante.
1598 1952 1648 1978 Pro
1661 1959 1826 1978 contemnere:
1853 1952 1911 1978 Piso
1924 1952 1971 1978 vix
1984 1951 2104 1979 Tiberio
2119 1950 2331 1983 cederesliberos
2343 1951 2403 1977 eiu·

254 2006 283 2031 19
296 2006 317 2023 ς,
331 2000 345 2026 8
364 1991 534 2027 Desperatio,
552 1988 689 2023 aegritudo
705 1988 757 2014 fine
771 1989 825 2015 vlla
837 1998 927 2015 rerum
945 1988 1128 2023 expefiatione
1141 1987 1294 2013 meliorum.
1356 1994 1385 2015 vt
1399 1988 1512 2015 multum
1533 1987 1605 2014 infra
1624 1987 1773 2023 despefitare
1799 1986 1869 2014 Tac.
1884 1987 1953 2014 Arm,
1971 1996 1999 2020 2,
2017 1995 2061 2020 43,
2082 1988 2108 2013 6.
2178 1987 2277 2014 Omnia
2293 1991 2403 2014 ten-eng

253 2033 327 2061 Idem
342 2030 413 2057 Fam.
428 2037 456 2061 4,
470 2035 483 2059 3
511 2025 601 2052 Tanta
613 2024 648 2050 est
662 2024 784 2050 omnium
799 2031 888 2049 rerum
908 2024 1032 2056 Amissio‚
1052 2029 1079 2051 et
1096 2023 1242 2058 desperatio
1256 2031 1297 2049 re·
1354 2024 1487 2051 Ammian.
1507 2032 1548 2056 ¹4,
1563 2031 1594 2050 11.

257 2064 408 2102 cuperandi.
478 2062 572 2088 Brutus
586 2059 641 2085 Cic.
656 2061 684 2085 16
706 2058 754 2084 Ista
767 2067 832 2085 vero
845 2058 1015 2085 Imbecillitas
1029 2065 1054 2085 et
1067 2058 1231 2093 desperatio,
1252 2066 1296 2083 cu-
1393 2066 1412 2086 n
1421 2066 1437 2086 E
1447 2067 1459 2085 s
1469 2066 1483 2085 r
1493 2066 1510 2085 E
1519 2065 1536 2085 c
1548 2066 1570 2085 T
1580 2065 1600 2084 A
1610 2064 1633 2084 N
1644 2065 1673 2090 s,
1694 2057 1770 2083 antis.
1807 2057 1900 2083 Partic.
1936 2056 2085 2091 Speeiacula
2097 2056 2249 2092 Tarpeium
2262 2066 2344 2092 prope
2356 2056 2401 2084 de-

255 2104 298 2131 ius
311 2102 386 2135 culpa
398 2107 452 2125 non
465 2096 547 2131 tnagis
563 2095 590 2135 in
603 2100 628 2120 te
640 2093 829 2134 refidet,quam
844 2093 872 2119 in
884 2091 1082 2133 omnibitsaliis
1091 2113 1099 2125 ‚
1115 2099 1141 2119 et
1155 2093 1293 2119 Caesarem
1357 2094 1500 2129 speetantia
1512 2093 1615 2120 culmen
1633 2093 1759 2127 Calpurn.
1772 2092 1825 2119 Ecl.
1839 2094 1866 2124 6,
1878 2101 1922 2125 24.
1943 2095 1960 2118 i.
1973 2094 2072 2119 altiora.
2127 2092 2251 2120 Prudent.
2264 2092 2401 2126 Psychom.

255 2139 285 2167 in
300 2135 468 2172 cupiditatem
481 2131 556 2166 regni
566 2130 689 2164 impulit,
709 2137 754 2156 etc.
824 2129 924 2155 Rerum
944 2129 1056 2155 alicuius
1075 2128 1221 2163 desperatio
1240 2127 1296 2153 ani·
1310 2131 1339 2157 53
1356 2139 1383 2156 v.
1399 2134 1442 2160 182
1460 2129 1585 2156 Tumido
1599 2128 1748 2163 despectans
1762 2127 1865 2163 agmina
1881 2127 1955 2154 fastu.

255 2183 314 2203 mos
328 2171 449 2199 omnium
461 2173 570 2201 occupat
589 2166 708 2192 Cic-Att-
725 2173 756 2195 11,
769 2166 794 2191 6.
865 2165 938 2191 Idem
952 2164 984 2190 de
996 2163 1055 2190 Fin.
1070 2172 1099 2196 4,
1135 2183 1142 2190 .
1179 2183 1185 2189 .
1222 2162 1295 2202 Iiuic
1393 2171 1437 2192 DE
1447 2172 1459 2191 s
1471 2170 1488 2191 ι’
1498 2171 1540 2192 Ec
1550 2170 1698 2197 TATio,
1719 2164 1788 2191 onis.
1817 2164 1838 2190 f.
1875 2163 1980 2190 Vitruu.
1995 2172 2018 2196 2,
2031 2168 2046 2194 8
2075 2162 2287 2198 Despeetationeu
2305 2172 2399 2191 coena.

254 2210 326 2238 mori
344 2200 474 2241 optimum
491 2203 538 2229 effe
555 2207 661 2236 propter
681 2199 888 2234 desperationem
909 2199 1064 2234 Sapientiae.
1135 2200 1166 2225 Et
1178 2197 1293 2232 Philipp.
1353 2199 1484 2227 culorum.
2032 2217 2037 2226 ,

256 2254 296 2278 12,
312 2253 340 2270 io
358 2242 408 2269 His
422 2240 503 2275 igitur
518 2236 642 2264 omnibus
653 2236 798 2262 vieini-iam
813 2235 975 2270 sperantibus
984 2255 993 2267 ,
1012 2234 1082 2269 pacis
1094 2242 1192 2273 nomen
1204 2234 1294 2260 affere-
1390 2243 1409 2262 D
1418 2243 1434 2263 E
1444 2242 1481 2263 sP
1490 2243 1507 2263 Ε
1517 2242 1533 2263 c
1542 2242 1623 2263 TAT
1632 2242 1677 2262 on
1686 2255 1695 2268 ,
1715 2235 1778 2262 oris.
1804 2244 1840 2262 m.
1876 2233 2074 2270 Despeetatores
2092 2234 2245 2261 diuinarum
2259 2235 2401 2262 sentcntia-

257 2289 331 2312 mus,
354 2277 381 2304 id
400 2276 451 2309 est,
476 2273 683 2307 desperationem
700 2271 847 2297 victoriae?
918 2270 998 2297 Vitae
1018 2269 1165 2303 desperatio
1186 2274 1294 2303 propter
1354 2280 1415 2298 rum
1433 2271 1551 2298 Tertull.
1566 2270 1599 2298 ad
1612 2272 1696 2298 onr,
1717 2280 1740 2304 2,
1756 2276 1768 2301 8
1777 2278 1821 2307 Pr,

256 2313 441 2343 conscientiam
457 2310 580 2336 scelerum
613 2307 668 2334 Cic.
682 2306 794 2347 Philipp.
814 2315 840 2339 z,
853 2311 881 2336 88
896 2315 917 2332 c·
930 2314 966 2339 35-
1036 2306 1127 2338 Qtum
1147 2312 1238 2338 magua
1252 2303 1295 2330 de.
1310 2307 1345 2331 60
1392 2314 1456 2334 Drs
1466 2314 1480 2333 r
1490 2315 1500 2334 1
1510 2313 1527 2334 c
1543 2313 1564 2333 Α
1574 2314 1595 2334 Τ
1605 2314 1624 2334 ν
1636 2314 1648 2334 3
1658 2327 1666 2339 ,
1684 2315 1708 2338 a,
1727 2316 1782 2333 um.
1807 2305 1867 2334 Adi.
1902 2307 1931 2334 A
1934 2305 2025 2343 spica5
2044 2308 2062 2333 i.
2075 2312 2147 2334 acuto
2154 2306 2215 2342 palo
2229 2304 2338 2342 infixus.-
2357 2311 2399 2342 ap.

256 2349 405 2386 speratione
418 2345 523 2373 affe—etus
535 2345 626 2376 essem,
643 2351 701 2369 ecce
715 2342 782 2373 tibi,
803 2349 849 2367 etc.
869 2340 942 2368 Ideni
957 2341 1009 2367 Att.
1027 2349 1066 2373 14,
1101 2359 1106 2364 .
1145 2359 1151 2365 .
1225 2340 1295 2366 Cum
1355 2341 1444 2368 Rufin.
1464 2343 1499 2368 H.
1511 2343 1537 2368 E.
1557 2351 1592 2375 ιι,
1606 2351 1648 2376 ²4-
2405 2356 2411 2358 γ

257 2385 379 2414 omnium
398 2390 487 2408 rerum
506 2378 685 2418 desperatione
703 2377 824 2412 confligit
847 2376 918 2403 bona
937 2377 992 2411 spes
1022 2375 1061 2402 Id.
1078 2374 1107 2401 in
1120 2374 1199 2402 Catil.
1212 2383 1238 2407 2,
1256 2383 1294 2408 25.
1394 2382 1605 2410 DESPICOR,
1632 2377 1681 2403 ari.
1718 2376 1871 2412 [ὑπερορῶ]
1909 2376 1977 2404 Idem
1995 2377 2062 2412 quod
2078 2376 2216 2413 Despicere.
2250 2376 2320 2404 Ter.
2333 2376 2400 2404 Eun.

258 2421 299 2450 Ad
312 2417 519 2454 desperationem
540 2422 680 2449 ΡΘΠΗΞΠΙΥε
710 2413 780 2448 ΝΘΡ·
799 2417 834 2445 18,
850 2420 888 2444 ¹2,
909 2420 927 2438 ¹·
940 2419 963 2438 ft
977 2419 1017 2443 22,
1029 2420 1051 2442 2,
1062 2419 1084 2443 Ξ·
1104 2445 1110 2451 ⁸
1161 2410 1239 2444 Saepe
1255 2410 1297 2450 de·
1358 2420 1384 2445 2,
1398 2421 1419 2444 3,
1433 2421 1466 2445 92.
1487 2414 1562 2446 Quae
1575 2421 1622 2439 nos
1636 2412 1805 2446 nostramque
1818 2412 2021 2439 adolescentiam
2034 2412 2130 2439 habent
2144 2412 2310 2447 despicatam.
2351 2412 2402 2439 Vbi

257 2455 373 2492 spei-atio
387 2452 439 2488 spei
454 2451 527 2477 causa
540 2449 575 2489 esi
597 2450 670 2476 Curt.
684 2457 707 2481 ς,
722 2457 750 2481 4,
764 2457 800 2480 3ι.
840 2447 909 2488 ᾼάά.
923 2456 949 2481 9,
961 2455 985 2480 ς,
998 2449 1024 2473 6.
1079 2446 1135 2486 Cic·
1149 2445 1205 2480 post
1219 2445 1296 2472 redlt·
1357 2448 1490 2479 Donatus,
1510 2449 1689 2482 Despicatam‚
1715 2448 1901 2482 Contemptam
1916 2454 1994 2483 atque
2007 2447 2169 2483 dcspedhm,
2195 2453 2220 2474 et
2233 2448 2270 2474 ita
2283 2447 2320 2474 est
2336 2448 2401 2473 ἐπέν-

258 2493 288 2521 in
299 2492 383 2518 Senat.
398 2497 428 2515 22
441 2496 462 2513 c.
475 2495 491 2519 9
519 2486 575 2518 Qu
587 2492 630 2510 me
643 2492 658 2510 a
671 2491 758 2510 morte
776 2483 808 2510 ad
820 2489 919 2515 Vitam,
938 2491 952 2508 a
971 2482 1152 2516 desperatione
1170 2481 1202 2508 ad
1216 2482 1297 2516 spem,
1309 2483 1340 2514 65
1357 2483 1422 2509 &tots
1441 2489 1467 2509 et
1479 2483 1677 2516 μεταπλασμός,
1699 2483 1742 2509 vel
1757 2488 1826 2509 certe
1844 2483 1953 2509 alterius
1973 2483 2049 2509 verbi
2067 2483 2210 2509 declinatio
2230 2483 2263 2509 ab
2283 2491 2316 2509 eo
2328 2482 2402 2518 quod

259 2527 293 2555 ab
307 2526 389 2552 exitio
403 2523 434 2549 ad
455 2522 561 2547 salutem
575 2518 721 2545 reuocauit.
791 2519 927 2552 Quaerere
945 2517 1127 2552 desperatione
1144 2517 1234 2551 fugam
1244 2537 1252 2549 ,
1272 2523 1297 2543 et
1359 2519 1395 2545 est
1408 2519 1535 2553 Despicor
1544 2536 1553 2549 ‚
1579 2524 1608 2545 vt
1623 2518 1777 2552 Conspicor.
1848 2517 1915 2544 Plin.
1928 2516 1961 2543 de
1974 2518 2049 2543 Viris
2061 2518 2142 2544 lllust.
2163 2518 2191 2543 in
2205 2517 2322 2543 Camillo
2334 2526 2356 2542 c.
2369 2526 2400 2549 23

260 2560 423 2590 maritimam
441 2555 663 2589 opportunitatem
681 2554 812 2580 IdemAtt.
827 2558 850 2585 8,
864 2558 885 2583 8.
958 2553 1033 2579 Noui
1045 2553 1237 2587 desperationes
1251 2561 1297 2579 eo·
1359 2555 1477 2581 Primum
1497 2561 1525 2581 vt
1540 2553 1603 2580 deos
1621 2553 1759 2585 venerati,
1783 2551 1879 2579 deinde
1896 2558 1925 2579 vt
1944 2551 2067 2578 homines
2088 2552 2212 2587 despicati
2233 2551 2401 2578 interfecere.

261 2606 337 2629 rum,
357 2594 403 2629 qui
419 2593 488 2618 senes
508 2596 579 2615 erant
600 2588 761 2628 adolescente
775 2598 818 2615 me
838 2588 877 2614 ld.
892 2589 963 2615 Fam·
978 2597 1003 2619 2,
1019 2596 1046 2621 25
1060 2595 1124 2614 extr.
1359 2590 1416 2617 Cic.
1429 2598 1478 2625 pro
1489 2589 1577 2616 Sextio
1590 2591 1621 2621 36
1634 2598 1655 2615 c.
1671 2590 1700 2615 16
1719 2587 1783 2615 Cesli
1795 2587 1918 2614 Tribuni
1932 2586 2016 2622 plebis
2028 2587 2216 2622 despicatissimi
2230 2586 2348 2613 hominis
2359 2585 2402 2612 fu—

298 2639 318 2660 D
328 2638 344 2658 E
353 2638 366 2658 s
375 2637 389 2655 r
399 2635 442 2655 Ei(
453 2628 499 2652 Ᾱτ
509 2632 528 2651 o
538 2630 556 2650 R
566 2643 574 2655 ‚
593 2632 656 2650 ΟΠΞ.
676 2632 719 2662 ¹¹¹2
748 2623 825 2648 Gloff.
840 2624 886 2648 Gr.
900 2624 956 2649 Lat·
976 2624 1134 2658 empnam..
1359 2626 1427 2653 rori.
1482 2625 1551 2652 Gell.
1567 2632 1602 2657 ις,
1616 2633 1634 2658 4
1656 2623 1858 2659 Ignobilislimos
1872 2623 1944 2657 prius
1958 2622 2079 2650 homines
2093 2629 2118 2648 et
2132 2621 2352 2657 despicatisliiuos.

297 2673 316 2694 D
325 2674 342 2693 E
351 2672 363 2692 s
372 2672 387 2691 1³
397 2671 413 2691 E
423 2666 536 2689 RABIL
546 2667 555 2685 1
564 2666 576 2686 S
585 2678 593 2691 2
611 2667 633 2684 e.
670 2657 730 2684 A‘h·
765 2657 843 2690 ang.
857 2658 953 2691 Interp.
966 2659 1016 2684 Ier.
1031 2666 1065 2690 ¹5,
1079 2664 1113 2688 ¹8·
1310 2669 1347 2697 70
1398 2668 1442 2688 DE
1451 2668 1464 2688 3
1475 2667 1492 2687 r
1501 2666 1534 2687 ic
1546 2661 1568 2686 Ᾰ
1578 2666 1599 2686 Τ
1608 2667 1649 2686 vs
1658 2679 1666 2692 ‚
1695 2658 1734 2685 sis.
1761 2668 1797 2685 m.
1839 2660 1849 2689 [
1864 2657 2023 2692 ὕπερόρασις]
2067 2658 2214 2684 Contemtus.
2251 2657 2402 2692 Despicatui
2442 2654 2453 2672 ’-

302 2697 413 2730 ΒΕεΡῖ
422 2704 502 2728 cio,
527 2694 580 2734 exi,
600 2693 697 2725 θὸὶυῐυ,
717 2694 786 2731 &reg
808 2690 1007 2730 [5'f59'5⁷=†0a⁴0⁶1›
1030 2692 1152 2731 φθορέα),
1176 2698 1299 2732 καταφρο-
1361 2697 1440 2729 duci,
1459 2695 1492 2730 est
1506 2697 1641 2723 Contemni.
1692 2695 1749 2721 Cic.
1762 2702 1810 2728 pro
1823 2694 1905 2720 Flacc.
1921 2695 1952 2725 65
1963 2702 1985 2719 c.
2001 2700 2036 2727 27
2050 2710 2052 2712 v
2066 2692 2141 2727 Qud
2160 2701 2243 2727 pori-o
2256 2693 2285 2718 in
2297 2693 2401 2719 Graeco

264 2739 322 2771 νέω]
357 2733 474 2769 Deorjitm
494 2730 625 2766 adspicere.
661 2729 680 2755 E
692 2726 800 2767 tumulis
814 2725 957 2752 subieetam
972 2726 1079 2760 despicit
1094 2727 1185 2752 vrbem
1200 2728 1246 2765 Sil.
1261 2735 1300 2758 12,
1363 2733 1482 2757 sermone
1494 2738 1548 2758 tam
1562 2731 1658 2756 tritum
1675 2736 1755 2763 atque
1768 2729 1928 2755 celebratum
1941 2728 2080 2762 est‚quam
2093 2728 2110 2755 fi
2124 2729 2183 2763 quis
2196 2727 2337 2761 despicatui
2352 2726 2400 2752 du-

265 2779 323 2807 488·
375 2770 455 2797 Plaut.
469 2766 557 2794 Cistel.
570 2775 597 2799 4,
610 2773 633 2796 2,
646 2771 676 2797 23
703 2764 762 2802 Hoc
781 2770 889 2797 inquam
903 2769 964 2795 age,
983 2761 1013 2787 ad
1028 2766 1124 2786 tei-ram
1138 2761 1301 2799 adspice,·et
1363 2765 1450 2796 citur,
1469 2771 1498 2791 vt
1513 2766 1650 2796 Mysorum
1666 2764 1775 2790 vltimus
1789 2763 1838 2788 css'e
1852 2762 1972 2788 dicatur?
2040 2764 2191 2799 Despicatui
2200 2762 2299 2788 habere
2317 2761 2398 2788 Plaut.

266 2808 384 2843 despice,
409 2803 494 2831 oculis
513 2800 649 2834 inuestiga.
718 2798 774 2824 Cic.
790 2797 821 2823 de
834 2797 926 2831 Arusp.
940 2796 1015 2830 Resp.
1038 2804 1063 2833 33
1091 2795 1204 2821 Tollam
1225 2796 1302 2820 altius
1361 2799 1432 2826 Men,
1446 2807 1475 2830 4,
1487 2807 1510 2830 3,
1524 2807 1561 2830 19,

266 2844 378 2872 teftum:
413 2848 468 2865 non
491 2843 518 2864 vt
540 2844 589 2870 ego
608 2841 634 2861 te
652 2833 808 2866 despiciam,
829 2832 870 2858 sed
883 2838 912 2858 tu
925 2840 957 2858 ΠΕ
977 2831 1104 2865 adspiffls
1126 2829 1218 2856 vrbem
1234 2839 1302 2861 eam,
1314 2838 1346 2866 75
1398 2839 1505 2859 Drsri
1517 2838 1658 2861 CATIO,
1688 2831 1756 2857 onis.
1783 2831 1803 2857 f.
1840 2831 2022 2867 [ὑπιρόρυιμα]
2063 2833 2118 2859 Cic.
2131 2832 2162 2858 de
2175 2831 2233 2858 Fiii.
2246 2839 2266 2864 1,
2280 2834 2315 2867 67
2328 2840 2350 2859 c.
2363 2840 2400 2859 20

266 2888 345 2915 quam
360 2875 443 2904 deleri
457 2871 573 2899 voluisti.
644 2869 782 2903 Despicere
795 2868 827 2894 ad
840 2868 956 2902 aliquem
986 2867 1068 2893 Plaut·
1082 2865 1162 2892 Milst·
1185 2874 1210 2897 2,
1231 2875 1252 2897 32
1268 2867 1303 2890 16·
1363 2868 1398 2894 Vt
1409 2867 1488 2900 odia,
1510 2866 1644 2899 inuidiae,
1668 2865 1855 2900 despicationes
1870 2864 2040 2894 aduersantur
2054 2867 2242 2902 voluptatibus.

269 2915 309 2943 De
322 2912 420 2941 vertice
433 2908 531 2936 montis
546 2907 573 2933 in
586 2906 667 2933 valles
696 2904 777 2931 Ouid·
792 2905 856 2929 Met.
876 2912 909 2935 Π,
923 2910 982 2937 504-
1054 2903 1084 2928 1¹¹
1098 2908 1194 2927 te“2¹1n
1222 2900 1302 2926 Colu-
1401 2910 1444 2929 DE
1454 2910 1466 2929 s
1476 2910 1491 2929 P
1502 2910 1510 2929 1
1522 2909 1539 2929 c
1552 2904 1570 2929 Ᾱ
1580 2909 1637 2929 1311.
1649 2909 1657 2927 1
1668 2909 1680 2928 s
1691 2922 1699 2934 ,
1717 2910 1739 2927 e.
1776 2902 1836 2929 Adi.
1872 2903 1983 2929 Paullin.
1999 2903 2118 2929 Nolanus
2134 2903 2211 2938 Epist.
2227 2911 2256 2929 ει
2267 2911 2294 2929 n.
2307 2911 2323 2930 2
2343 2903 2400 2930 Ho-

268 2950 329 2978 mel.
344 2958 372 2982 4,
385 2949 426 2974 26.
496 2944 564 2970 Hor.
577 2941 657 2973 Od·3›
671 2948 697 2975 7,
713 2948 743 2972 29
779 2939 863 2965 Prima
877 2938 955 2965 Πθεῐθ
968 2937 1077 2964 domum
1091 2935 1198 2968 ‘lassde'
1217 2944 1302 2969 neque
1364 2938 1523 2964 norabiliter
1537 2936 1707 2972 despicabiles
1719 2945 1806 2970 vocat,
1821 2938 1868 2973 qui
1879 2937 2038 2964 munditiem
2055 2938 2138 2965 cultus
2155 2944 2181 2965 et
2197 2938 2305 2965 vestitus
2316 2939 2400 2973 negli-

269 2987 299 3013 in
318 2985 374 3012 vias
409 2980 461 3008 Sub
480 2983 556 3005 cantu
576 2976 700 3012 querulae
718 2974 819 3009 despice
837 2973 928 3000 tibiae.
1159 2969 1179 3008 ff
1202 2980 1218 2997 2
1256 2973 1303 2997 Per
1365 2979 1443 3008 gunt,
1461 2973 1617 3000 intrinsecus
1630 2978 1716 2998 autem
1733 2973 1770 3007 pii
1782 2981 1808 3000 et
1823 2973 1925 3000 honesti
1940 2982 1968 3000 ac
1981 2979 2118 3008 propterea
2136 2973 2305 3000 honorabiles
2319 2983 2400 3007 quan-

268 3021 471 3049 translationem,
486 3022 534 3050 pro
553 3014 721 3044 Contemnere,
740 3017 763 3036 et
778 3008 844 3045 quast
857 3009 933 3045 Infra
940 3007 983 3044 fi’›
1009 3014 1032 3034 el
1053 3007 1087 3034 ad
1094 3007 1168 3042 pedes
1176 3006 1235 3042 suos
1244 3013 1304 3041 pro·
1321 3013 1353 3039 80
1365 3018 1443 3043 quam
1458 3009 1539 3043 vulgo
1552 3008 1674 3043 despicati
1689 3008 1746 3034 lint.
1807 3008 1919 3035 Saluian.
1933 3009 2012 3043 Epist.
2026 3018 2035 3035 i
2057 3009 2144 3036 Domo
2157 3018 2211 3036 non
2224 3009 2399 3044 despicabilis.

268 3055 357 3084 iet-'lum
370 3053 506 3089 adspicere.-
529 3047 726 3085 quemadmodum
738 3052 761 3072 σε
781 3045 915 3079 Suspicerc
938 3045 1058 3071 Veni-rari
1067 3042 1213 3079 fignificat,
1238 3040 1305 3076 quast
1366 3046 1396 3071 Et
1417 3050 1485 3071 cont.
1498 3046 1576 3071 Auar.
1596 3053 1612 3071 2
1632 3052 1657 3078 p.
1670 3046 1702 3074 68
1730 3044 1903 3079 Despicabilis
1920 3045 2034 3071 vilitate.
2086 3045 2160 3072 Adde
2177 3045 2308 3072 Anunian.
2327 3047 2367 3078 26,
2385 3050 2401 3075 8

264 3092 343 3129 supra
357 3099 401 3116 nos
413 3087 576 3123 adspicianms
589 3085 692 3119 aliquem
700 3080 742 3115 effi?
755 3081 904 3107 collocatam.
943 3080 995 3105 Hoc
1010 3079 1160 3114 intelligitur
1173 3087 1202 3103 ex
1212 3078 1306 3112 puerili
1365 3079 1454 3106 Sidon.
1468 3080 1545 3114 Epist.
1560 3090 1588 3114 4,
1602 3087 1627 3114 7.
1641 3086 1663 3104 et
1677 3087 1699 3111 3,
1714 3087 1737 3111 9.
1793 3081 1871 3106 Mai-t.
1886 3080 1986 3114 Capell.
2000 3083 2016 3107 6
2032 3089 2056 3114 p.
2070 3089 2124 3114 192.
2176 3081 2288 3116 Compar.
2307 3080 2397 3107 Sidon.

272 3126 446 3162 amphibologia
459 3129 498 3156 αΡ-
511 3118 629 3148 Macrob-
650 3118 700 3145 Sat·
715 3126 737 3150 2,
752 3119 768 3142 6
798 3116 908 3142 Verrius
922 3114 1029 3141 Flaccus
1049 3113 1099 3153 ait,
1121 3121 1180 3139 cunt
1193 3112 1304 3147 populus
1364 3115 1442 3150 Epist.
1457 3124 1477 3144 2,
1492 3124 1520 3141 10
1538 3115 1664 3149 stipulam
1676 3114 1903 3148 despicabiliorem
1917 3117 2096 3150 pronuntiare.
2249 3133 2252 3137 -

272 3163 349 3189 Rom.
361 3157 507 3195 pestilentia
521 3155 667 3184 laboraret,
684 3154 796 3187 essetque
808 3151 975 3191 responssmjs
994 3148 1167 3189 iti—aceldere,
1188 3147 1250 3183 quod
1266 3154 1304 3174 D1
1400 3157 1490 3177 DEsP
1502 3157 1509 3176 1
1523 3156 1540 3177 c
1553 3157 1572 3176 V
1584 3158 1614 3183 s,
1647 3158 1672 3182 a,
1707 3159 1761 3176 um.
1804 3150 1863 3178 Adi.
1908 3150 1984 3185 Fuiffe
2003 3155 2128 3187 antiquum
2146 3160 2230 3178 ’tomen
2249 3150 2334 3177 docem
2352 3148 2402 3184 isto

273 3197 457 3232 despicerentur,
470 3192 574 3219 anxiam
586 3189 679 3216 vrbem
691 3188 780 3220 fuisse,
799 3196 861 3222 quia
875 3195 929 3212 non
948 3184 1139 3219 intelligeretur
1152 3183 1304 3213 oraculunu
1319 3191 1348 3219 ες
1365 3185 1437 3212 Νοη,
1452 3195 1477 3218 2,
1491 3188 1543 3220 667
1563 3185 1683 3220 Prospica
1696 3192 1721 3212 et
1735 3186 1844 3220 Despica
1853 3207 1861 3218 ‚
1879 3186 1978 3214 intenta
1990 3193 2015 3213 et
2029 3193 2157 3213 contenta.
2203 3185 2323 3212 Naeuius
2338 3186 2400 3213 Affi-

275 3232 437 3264 euenifl'cque
446 3249 454 3262 ‚
478 3233 506 3254 vt
519 3225 679 3253 Circensium
694 3224 737 3250 die
750 3232 828 3258 puer,
856 3222 888 3248 de
899 3220 1039 3248 coenaculo
1058 3228 1180 3259 pompam
1193 3219 1304 3257 ssipernhe
1365 3221 1478 3254 togiola:
1521 3223 1555 3248 Ac
1569 3221 1617 3248 fibi
1633 3221 1766 3255 prospica,
1786 3230 1814 3248 ac
1828 3222 1939 3256 despica.
1990 3222 2074 3249 Potest
2088 3230 2151 3256 ergo
2163 3222 2297 3256 prospicus
2308 3231 2340 3248 ac
2354 3222 2399 3249 de—

277 3266 430 3299 despiceret,
449 3271 473 3290 et
489 3262 556 3298 patri
569 3261 692 3291 referret,
712 3268 766 3294 quo
780 3258 875 3284 ordine
894 3257 988 3284 secreta
1003 3256 1134 3282 sacrorum
1150 3262 1252 3294 “in-arca
1265 3262 1304 3287 pi-
1362 3256 1446 3290 spiens
1464 3257 1526 3283 dici,
1566 3258 1632 3283 Haec
1648 3258 1752 3283 Νρῃῐω,

279 3301 342 3327 lenti
355 3299 490 3333 composita
503 3297 619 3325 vidisset:
649 3296 696 3330 qui
709 3303 768 3321 cum
782 3302 837 3320 rein
851 3293 945 3328 gestam
959 3291 1060 3318 senatui
1075 3291 1232 3330 minciaflct,
1254 3289 1304 3323 pla·
1400 3299 1418 3318 D
1428 3299 1443 3318 E
1453 3300 1487 3318 sp
1497 3300 1511 3318 L
1521 3300 1537 3318 Ε
1547 3299 1567 3318 N
1579 3299 1596 3318 D
1608 3299 1645 3319 ES
1655 3298 1698 3319 co
1707 3312 1715 3325 ‚
1746 3294 1799 3318 ere.
1845 3292 1889 3319 Ne
1906 3292 2060 3327 rubiginem
2074 3290 2238 3326 insipientiae
2258 3292 2398 3327 colligatis,

279 3337 354 3361 tuisse
377 3335 458 3360 velari
471 3335 526 3360 loca
543 3341 586 3363 ea,
614 3340 665 3366 qua
683 3338 778 3365 pompa
796 3328 951 3359 vehet-etun
980 3332 1058 3361 atque
1073 3332 1108 3351 ita
1128 3325 1195 3360 peste
1209 3325 1304 3356 sedata,
1364 3336 1415 3361 qua
1431 3327 1621 3361 desplendescat
1640 3327 1712 3354 nitor
1731 3327 1818 3354 cordis
1830 3328 1911 3355 vestri
1939 3324 2048 3355 Paullin.
2062 3327 2126 3354 Nol.
2140 3327 2215 3362 Epist.
2227 3335 2257 3360 39
2286 3330 2336 3361 (al.
2347 3329 2398 3360 30)

279 3378 404 3405 puerum,
424 3369 468 3401 qui
485 3368 683 3403 ambiguitatem
703 3365 780 3392 sortis
801 3364 965 3394 absolucrat,
982 3368 1058 3396 togae
1072 3366 1217 3395 praetextae
1231 3360 1306 3385 vsum
1320 3369 1355 3394 90
1364 3369 1427 3388 extr.
1445 3373 1463 3388 i.
1472 3362 1623 3402 splendorem
1643 3367 1753 3389 amittat.

282 3413 374 3430 munus
389 3405 565 3436 impetrauiffe.
620 3403 677 3429 Cic.
691 3410 739 3436 pro
747 3400 858 3427 Fonteio
870 3402 902 3426 26
921 3397 1000 3432 Qiod
1014 3397 1032 3423 fi
1048 3403 1129 3436 tantas
1144 3395 1305 3422 auxiliorum
1403 3404 1466 3424 DEs
1476 3405 1533 3424 ΡΟι
1553 3405 1606 3431 10,
1635 3402 1687 3425 Ere.
1723 3398 1735 3431 [
1749 3395 1856 3429 οἷποδόω,
1874 3397 2007 3432 οἷφιμοιτόω
2021 3400 2032 3432 ]
2068 3398 2167 3424 Exuere.
2211 3398 2291 3424 Plaut.
2312 3396 2395 3424 Cafin.

281 3440 430 3465 nostrorum
449 3438 532 3470 copias
549 3437 744 3464 induciomarus
758 3436 812 3471 ipse
833 3435 986 3469 despexerit.
1055 3432 1152 3458 Tibul.
1175 3440 1199 3463 i,
1221 3439 1245 3461 i,
1263 3439 1304 3470 92.
1366 3442 1394 3465 4,
1409 3442 1437 3466 4,
1450 3444 1467 3465 4
1486 3434 1536 3458 Vir
1549 3440 1573 3459 te
1587 3434 1694 3465 vestiat,
1720 3440 1748 3459 tu
1763 3434 1851 3460 virum
1868 3433 2003 3467 despolies.
2076 3433 2132 3459 Cic.
2147 3434 2199 3460 Att.
2223 3440 2250 3468 7,
2262 3440 2280 3465 9
2305 3433 2396 3466 Qium

282 3475 377 3501 Fronte
390 3471 498 3507 superba
516 3473 642 3506 despicere
661 3473 777 3506 aliquem
789 3470 883 3498 Claud.
895 3471 943 3496 sec.
957 3468 1034 3495 Cons-
1049 3468 1132 3494 Stilic.
1146 3471 1199 3496 218·
1256 3466 1306 3505 Re}
1366 3469 1448 3494 ferret
1468 3468 1555 3494 literas
1575 3468 1607 3494 ad
1627 3468 1729 3495 bustum
1751 3469 1854 3501 Basilii,
1871 3469 2022 3495 vulneratus
2041 3473 2067 3494 et
2084 3468 2240 3503 despoliatus
2259 3466 2302 3493 est.
2338 3468 2397 3494 Vid.

283 3508 422 3535 familiaris
439 3506 552 3540 despexit
564 3508 677 3535 frutetum
707 3508 776 3542 Nep.
790 3514 829 3540 ις,
844 3509 870 3538 6,
885 3514 911 3538 4.
981 3503 1133 3538 Despicere,
1160 3511 1188 3528 ac
1202 3510 1249 3535 pro
1267 3510 1306 3526 ni·
1368 3510 1385 3529 D
1399 3511 1404 3528 t
1416 3510 1428 3529 3
1441 3509 1456 3529 i>
1468 3510 1486 3528 o
1498 3511 1513 3530 1.
1524 3511 1529 3529 i
1541 3511 1574 3529 o:
1598 3505 1671 3539 saepe
1689 3507 1751 3529 enim
1771 3504 1968 3540 confunduntur.
2038 3504 2124 3530 Armis
2139 3505 2210 3531 Caes.
2228 3503 2256 3529 B.
2270 3502 2302 3528 G.
2323 3511 2347 3534 2,
2361 3512 2396 3535 31.

284 3543 342 3570 hilo
355 3547 442 3576 putare
461 3542 517 3567 Cic.
530 3540 622 3567 deFin.
637 3552 659 3574 3,
673 3552 702 3576 29
714 3553 736 3569 c.
754 3548 777 3572 8.
847 3541 919 3568 Idem
933 3540 965 3566 de
980 3540 1037 3566 Fin.
1050 3549 1078 3572 4,
1115 3558 1122 3564 .
1159 3557 1166 3564 .
1202 3536 1250 3563 Sed
1264 3545 1307 3562 ne·
1323 3545 1355 3571 93
1368 3538 1518 3565 Nobilitate
1541 3539 1612 3564 Idem
1631 3540 1658 3565 B.
1682 3539 1714 3565 G.
1733 3547 1755 3571 ς,
1772 3541 1798 3566 6.
1875 3539 1939 3565 Non
1960 3537 1993 3565 sic
2017 3546 2087 3573 prata
2107 3548 2178 3566 nouo
2195 3546 2257 3565 vere
2278 3537 2398 3565 decentia

305 3587 336 3603 uc
354 3585 474 3609 magnum
493 3576 607 3606 bonnm,
630 3583 654 3602 ct
672 3587 731 3611 prae
750 3577 829 3605 reffis
856 3575 1023 3610 honestisque
1042 3573 1260 3600 contemnendum
1281 3578 1307 3599 et
1368 3574 1476 3601 Aestatis
1495 3574 1592 3600 calidae
1612 3573 1737 3608 despoliat
1757 3582 1840 3608 vapor
1864 3574 1921 3600 Sen.
1941 3574 2048 3609 Hippoi.
2069 3584 2095 3601 v.
2113 3577 2174 3609 764.
2243 3573 2398 3607 Despoliare

285 3587 493 3646 despiciendum,
513 3619 558 3649 ης(
570 3618 721 3649 magnopere
733 3612 914 3648 expetendum.
982 3609 1062 3637 Ouid.
1077 3609 1141 3635 Fast.
1157 3617 1176 3641 i,
1191 3616 1244 3642 420
1260 3608 1306 3634 Fa·
1367 3610 1480 3643 digitos,
1495 3616 1543 3644 pro
1557 3611 1668 3636 Annulos
1690 3619 1718 3635 ex
1731 3609 1822 3645 digitis
1839 3609 1974 3636 detrahere.
2011 3610 2090 3637 Plaut.
2105 3609 2185 3637 Milit.
2205 3618 2233 3641 4,
2249 3617 2271 3640 2,
2290 3617 2321 3643 57
2354 3608 2397 3636 Ab

284 3648 336 3674 stus
357 3646 419 3672 inest
440 3644 569 3678 pulchris,
592 3645 754 3683 sequiturque
776 3647 896 3682 superbia
916 3647 1029 3673 formam
1049 3645 1156 3671 Irrisum
1174 3643 1250 3670 vultu
1264 3642 1307 3669 de·
1368 3646 1424 3678 illa,
1438 3654 1504 3680 quae
1523 3644 1649 3679 despoliat
1663 3645 1737 3676 suos,
1757 3651 1782 3670 et
1796 3650 1854 3671 tuos
1866 3644 1963 3679 digitos
1977 3644 2091 3672 decorat.
2124 3642 2323 3671 Add.1d.Afin.
2343 3653 2362 3675 i,
2374 3653 2397 3677 3,

285 3683 360 3717 spicit
374 3681 418 3720 illa
430 3680 502 3721 suo-⁰
553 3679 581 3705 ld
594 3679 633 3704 illi
651 3688 730 3713 vsque
745 3691 776 3708 co
792 3683 976 3717 despexerunt,
993 3687 1022 3707 vt
1049 3681 1116 3714 Nep.
1129 3682 1167 3711 16,
1181 3688 1203 3711 3,
1218 3686 1227 3704 1
1283 3678 1305 3704 A
1369 3689 1407 3713 52.
1465 3681 1553 3714 Virgis
1573 3679 1678 3706 dorsum
1696 3679 1805 3706 alicuius
1823 3679 1902 3707 plaut,
1916 3680 1989 3714 Epid.
2003 3690 2023 3713 i,
2039 3690 2059 3713 i,
2072 3686 2108 3713 85.
2132 3678 2189 3705 Vid.
2203 3679 2227 3705 h.
2239 3680 2256 3705 Ι.
2270 3680 2395 3706 Boi-horn.

286 3718 336 3744 suis
352 3717 445 3750 del-1³¹0
473 3716 527 3740 (1¹⁰-
540 3714 571 3739 de
584 3713 682 3753 Senth.
696 3721 721 3748 7·
789 3718 898 3744 Munera
909 3717 1020 3744 alicuius
1035 3716 1165 3749 despicere
1190 3716 1423 3747 Propert.100Cic.
1437 3717 1510 3742 Verr.
1527 3725 1546 3747 1,
1561 3725 1592 3748 54
1623 3715 1678 3748 Q¹i
1700 3715 1726 3740 in
1748 3717 1791 3741 sua
1807 3714 1889 3749 patria
1908 3716 1959 3742 dux
1974 3716 2016 3742 isti
2034 3713 2164 3751 quondam
2185 3720 2211 3740 et
2230 3714 2352 3748 magister
2363 3713 2396 3740 ad

286 3762 308 3785 i,
323 3761 362 3785 14,
380 3760 422 3784 24.
493 3749 588 3775 Omnes
602 3748 744 3782 despicere,
762 3757 788 3777 et
801 3751 934 3779 hominem
955 3761 1016 3788 prae
1030 3752 1055 3778 se
1069 3751 1201 3777 neminem
1218 3755 1308 3783 putare
1369 3751 1566 3785 despoliandum
1582 3751 1680 3777 Dianae
1692 3750 1819 3783 templum
1833 3750 1891 3776 fuit.
1960 3751 2032 3777 Idem
2046 3752 2114 3777 Fani.
2129 3757 2168 3781 14,
2182 3757 2198 3775 2.
2227 3749 2294 3776 Illud
2308 3749 2397 3781 doleo,

286 3788 341 3815 Cic.
358 3795 404 3820 pro
418 3784 491 3811 Rosc.
506 3784 594 3810 Amer.
609 3791 680 3822 ¹335
693 3786 735 3822 46-
795 3786 825 3811 Et
838 3795 927 3820 regum
940 3796 1048 3822 magnae
1060 3786 1234 3820 despiciantur
1245 3793 1307 3819 opcs
1368 3796 1436 3821 quae
1453 3786 1567 3821 impensa
1587 3786 1704 3811 facienda
1725 3785 1777 3816 cst,
1804 3786 1831 3811 in
1851 3787 1906 3812 cius
1926 3794 2024 3820 partem
2042 3783 2161 3811 miseram
2181 3791 2207 3810 et
2224 3784 2397 3818 despoliatam

285 3822 382 3849 Tibul.
399 3830 417 3851 1,
432 3828 455 3851 9,
470 3828 508 3851 34.
578 3818 659 3851 Vulgi
672 3824 697 3844 et
712 3821 891 3859 imperitorum
903 3822 1030 3849 inscitiam
1054 3822 1108 3848 Cic.
1122 3821 1174 3848 Off.
1189 3829 1212 3852 3,
1240 3839 1246 3846 ·
1270 3838 1277 3845 ·
1302 3838 1309 3845 -
1367 3823 1467 3848 venire.
1509 3822 1610 3848 Petron.
1630 3831 1651 3847 c.
1664 3830 1694 3854 3ο
1713 3829 1738 3855 p.
1754 3829 1795 3853 ¹14
1811 3828 1833 3847 ct
1846 3831 1867 3846 c.
1882 3831 1916 3853 49
1936 3831 1961 3856 p.
1975 3823 2024 3854 246
2043 3819 2071 3845 de
2083 3822 2118 3844 iis
2129 3819 2239 3851 adhibet,
2252 3823 2295 3855 qui
2313 3822 2398 3856 uirgis

286 3858 357 3884 Idem
371 3856 401 3882 de
413 3855 448 3881 N.
464 3855 494 3880 l).
513 3861 524 3885 3
543 3862 564 3878 c·
580 3860 611 3884 ¹3-
630 3887 635 3891 ,
679 3853 867 3884 Solitudinem,
890 3865 1107 3892 communemque
1125 3856 1231 3883 alterius
1244 3855 1308 3882 cala·
1366 3857 1482 3884 caedendi
1495 3865 1626 3883 exmmmr.
1741 3854 1762 3892 fl
1783 3865 1799 3884 2
1834 3856 2073 3893 Despolianturpro
2086 3854 2248 3889 Despoliane
2260 3862 2332 3881 notat
2343 3855 2398 3882 Pri·

287 3893 404 3918 mitatem
416 3897 493 3916 ¹¹e¹¹¹0
505 3888 649 3923 despexerit
668 3886 706 3914 Id·
722 3889 759 3921 Οὐ
770 3889 850 3918 Fratr.
866 3897 887 3923 ¹,
898 3899 924 3923 4.
993 3893 1098 3925 Vitam,
1117 3897 1247 3926 mortem,
1270 3890 1441 3922 di-105scian.
1454 3898 1468 3924 8
1486 3901 1510 3927 p.
1526 3894 1586 3927 796.
2050 3920 2056 3921 t

2282 3929 2397 3957 ,ensem
