2479 4225
233 174 326 221 1067
605 165 649 205 1'
710 163 755 204 ῙἿ
833 160 870 200 Ῑ)

232 256 370 287 Imbellem
382 254 478 281 auertis
491 253 618 281 Romanis
636 251 740 279 arcibus
759 249 860 277 Indum.
916 243 1036 271 Parthum
1054 246 1118 271 enim
1129 242 1271 279 fignificat,

233 291 318 322 credo,
332 290 396 327 quod
405 289 507 316 Parthis·
519 288 595 316 India
612 291 685 314 etiam
693 290 802 325 parer-SR
822 288 846 308 C!
859 284 886 320 {¹²2
898 289 978 306 mrum
987 279 1119 315 praefidit&
1134 279 1193 319 lf'di
1206 280 1272 305 'mli‘

233 334 326 354 tarent.
396 324 517 359 Hyginus
535 324 599 352 Fab.
615 331 660 358 275
677 324 750 349 Iouis
768 327 796 345 111
810 315 886 343 India
900 315 1026 346 Thebas,
1048 315 1206 342 Thebaidos
1224 323 1271 341 no-

234 363 307 390 mine
319 360 429 386 nutricis
444 361 520 392 suae,
535 369 602 395 quae
621 354 821 387 Hecatompylae
840 352 1028 383 nominantur,
1048 351 1110 377 idco
1123 349 1195 385 quod
1215 359 1273 376 cen-

234 402 393 468 tltllgtglysstgssj
402 395 549 465 Ξὲιὶῗίῖἑιίαε
557 429 708 465 finitimam,
727 427 755 449 in
768 431 816 458 qua
828 427 900 448 erant
912 422 1018 448 Thebae.
1055 423 1123 447 Haec
1134 421 1273 461 Turnebus.

235 469 354 495 Occurrit
372 467 467 503 elegans
481 465 569 493 Indiae
584 461 714 496 discriptio
733 458 800 499 apud
812 458 886 497 Curt.
902 462 926 491 8,
941 465 967 490 9,
982 466 1006 484 2.
1043 456 1116 496 Cous.
1132 457 1221 482 lustin.
1236 464 1272 487 12,

236 510 263 537 7²
276 512 303 535 4·
339 508 363 528 et
380 510 413 534 13,
432 512 461 536 4,
475 509 512 534 19.
599 494 715 522 Decolor
735 494 792 519 ben.
807 493 918 527 Hippol.
934 494 952 519 s.
966 501 987 524 3.
1076 493 1157 518 Diues
1176 492 1274 531 Horat.

234 539 324 564 Carm.
344 545 373 570 3,
392 546 438 570 24,
454 545 478 562 2.
554 530 639 558 Tosta
665 528 760 556 Catull.
779 536 830 562 43,
850 531 876 555 6.
947 528 1024 555 Vasta
1043 533 1068 554 ct
1089 527 1196 562 agrestis
1216 529 1274 554 Cic.

236 572 454 638 Tillgzug'xfgjff
467 613 501 630 m,
534 599 641 635 [Ἱνδδς]
678 600 730 633 Qi
743 596 777 632 est
796 608 826 626 ex
838 598 922 626 India.
958 598 1078 626 Colorati
1097 598 1156 625 Indi
1176 598 1275 633 Virgil.

237 644 334 677 Georg,
349 651 376 675 4,
391 648 443 672 293·
468 642 486 664 i.
500 635 581 672 fusci.
651 635 762 668 Dentes,
786 637 805 661 i.
824 635 976 670 elephantini
998 634 1079 661 Ouid.
1094 635 1158 660 Met.
1171 639 1200 666 8,
1218 639 1274 664 288.

236 679 360 706 Discolor
377 676 447 702 Idem
461 671 546 699 Trist.
561 679 591 704 ς,
611 679 639 703 3,
659 679 702 703 24.
795 670 876 704 Nigri
895 670 977 696 Ouid.
996 671 1028 697 dc
1043 672 1106 696 Arte
1120 670 1179 697 Am.
1196 678 1213 700 1,
1236 677 1273 701 53.

236 713 348 741 Odorati
363 711 406 737 Sil.
419 717 456 742 17,
470 710 526 740 652.
550 710 568 733 i.
586 716 602 733 a
615 706 702 742 quibus
717 704 802 732 odores
815 712 839 731 et
851 712 964 732 aromata
976 706 1128 739 afferuntur.
1178 704 1276 731 Sitien-

235 756 273 776 tes
293 748 364 780 Virg.
378 745 473 777 Georg.
487 751 517 777 4,
530 750 586 775 293.

231 783 349 821 positione
367 785 423 806 AD.
663 811 669 815 .
1222 810 1227 815 .

272 817 453 845 tnni'cvs,
478 823 507 846 a,
528 822 583 839 um.
618 812 680 838 Ad1.
717 808 844 844 [Ἰνδικδς]
880 812 933 847 Qi
952 821 981 838 ex
995 811 1072 840 India
1089 810 1131 846 ςβ.
1168 810 1275 837 Indicos

232 852 398 886 elephantos,
418 849 547 876 maximos
555 851 734 882 interpretatur
741 846 846 872 Seruius
857 847 893 873 od
904 848 1002 883 Georg.
1012 857 1031 880 1,
1045 855 1072 881 57
1096 846 1163 882 apud
1170 847 1275 875 Ter.in

233 889 297 915 Eun.
311 895 332 918 3,
348 894 367 918 ι,
381 893 411 917 23
436 884 585 919 Elephantis
602 891 681 917 quem
693 881 791 909 Indicis
808 882 979 917 praefecerat.
1050 884 1125 918 Aqua
1145 882 1226 909 Ouid.
1242 890 1275 908 ex

231 924 306 950 Pont.
321 930 330 947 1
361 930 388 952 ς,
408 925 448 949 80.

269 941 818 987 lNzichT10‚1ND1CATVRA,
838 959 954 981 INDIC
966 959 1086 985 ATVS,
1106 959 1275 987 INmCIVM,

231 992 487 1022 vid.1ND1(:0‚
507 999 541 1016 as.

267 1034 277 1053 1
287 1034 307 1054 N
317 1033 335 1052 D
344 1028 377 1053 i'C
386 1032 404 1053 o
413 1046 421 1058 ,
441 1030 494 1052 are.
530 1022 642 1058 [μηνύω,
656 1022 773 1058 γνωρίζω]
802 1027 908 1060 proprie
921 1023 954 1058 est
968 1022 1108 1057 ostendere,
1122 1025 1275 1061 patefacere,

231 1063 273 1089 vel
285 1061 400 1095 confluo,
418 1062 459 1088 vcl
470 1060 656 1096 imprudentem.
692 1059 761 1086 Ter.
775 1060 857 1088 Andr.
872 1069 893 1093 1,
906 1069 927 1093 1,
942 1068 984 1093 105
1006 1059 1048 1086 Ibi
1068 1066 1126 1086 tum
1141 1061 1276 1087 exanima-

231 1103 272 1125 tus
284 1096 434 1131 Pamphilus
448 1096 515 1123 bene
529 1095 713 1123 dissimulatum
725 1104 844 1122 amorem
859 1102 884 1122 et
898 1096 1010 1122 celatum
1025 1096 1133 1123 indicat.

233 1141 256 1167 5,
269 1142 288 1165 3,
301 1140 318 1167 7
336 1133 405 1159 Vide
415 1141 478 1158 num
493 1132 550 1158 eius
563 1130 645 1157 Color
658 1129 767 1164 pudoris
782 1131 881 1166 lignum
895 1140 1005 1166 vsquam
1019 1131 1136 1158 indicat?
1182 1132 1275 1158 Exitus

232 1169 273 1196 rei
287 1168 337 1195 hoc
348 1167 475 1194 indicabit
495 1167 551 1193 Cic.
566 1165 597 1192 dc
611 1165 705 1199 Legib.
720 1176 740 1198 3,
754 1174 792 1199 25.
865 1167 1009 1201 Epularmn
1028 1167 1196 1194 sollemnium
1212 1168 1275 1194 fides

233 1213 262 1231 ac
274 1204 371 1236 tibiae,
391 1203 572 1236 Saliorumque
587 1202 675 1227 versus
688 1202 805 1228 indicant
818 1201 892 1229 Idem
908 1202 940 1229 de
951 1203 1026 1229 Orat.
1042 1212 1065 1235 3,
1080 1211 1131 1237 ¹95·
1185 1204 1275 1230 Verba

232 1246 321 1274 aperte
333 1238 448 1264 indicant
465 1238 522 1264 Cic.
538 1238 620 1263 Bruto
634 1244 656 1269 ς.
749 1239 842 1264 Mores
859 1238 959 1265 indicat
972 1239 1062 1265 vultus
1093 1239 1167 1266 Idem
1181 1239 1213 1265 de
1226 1239 1275 1265 Le-

232 1275 287 1308 gib.
301 1283 319 1304 1,
334 1281 365 1308 27
384 1283 404 1300 c.
418 1282 444 1306 9.
538 1273 641 1299 Clarius
655 1272 880 1301 indicareHorat.
895 1275 983 1301 Carm.
997 1284 1026 1308 4,
1039 1280 1062 1304 8,
1076 1283 1114 1307 19.

232 1310 299 1336 lium
312 1310 386 1335 suum
399 1308 571 1335 temerarium
590 1308 676 1336 Planc.
693 1307 726 1334 ad
737 1309 794 1336 Cic.
808 1310 878 1338 Fam.
893 1319 930 1341 10,
944 1319 978 1336 21.

230 1345 364 1371 orationes
377 1344 489 1371 alicuius
503 1344 558 1371 Cic.
573 1343 605 1370 de
618 1343 689 1370 Clar.
703 1345 778 1372 Orat.
794 1353 852 1379 324.

231 1381 296 1407 Met.
312 1390 343 1410 ις,
355 1382 413 1410 668.

231 1417 271 1450 Q
284 1417 367 1442 Fratr.
388 1424 418 1448 3,
438 1422 461 1448 5.

1048 1310 1160 1336 Posteris
1179 1310 1277 1336 nostris

923 1345 1010 1380 Signis
1027 1345 1092 1380 quid
1110 1345 1176 1372 velis
1191 1345 1275 1372 Ouid.

520 1379 601 1413 Qod
614 1379 643 1405 in
656 1379 751 1414 primis
763 1386 790 1407 te
802 1381 914 1408 celatum
926 1381 1050 1408 volebam
1058 1400 1066 1412 ‚
1080 1380 1205 1408 indicabo
1219 1382 1276 1409 Cic.

533 1415 653 1442 indicare
667 1415 696 1441 in
707 1416 816 1450 vulgus,
835 1418 909 1443 nefas
922 1417 962 1443 est.
977 1417 1050 1444 Idem
1068 1417 1100 1443 de
1113 1417 1235 1444 Vniuers.
1249 1426 1277 1451 4.

230 1452 280 1478 Res
295 1451 348 1486 ipsa
362 1451 475 1482 indicat,
494 1450 523 1477 id
533 1452 575 1478 vel
586 1460 615 1477 ex
630 1461 656 1477 re
669 1451 723 1486 iposa
735 1452 910 1487 apertiffimum
922 1451 955 1486 est
969 1453 1037 1479 Ter.
1047 1452 1158 1486 Adelph.
1167 1462 1222 1485 3‚2‚
1230 1461 1276 1486 40.
1294 1469 1307 1494 3

229 1486 304 1514 Idem
316 1488 381 1513 Eun.
397 1496 426 1520 4,
439 1496 468 1521 4,
483 1494 515 1522 37
539 1486 633 1513 Credis
647 1486 726 1518 huic,
745 1487 818 1522 quod
831 1488 919 1515 dicati
954 1494 1002 1517 ΡΥ.
1023 1488 1089 1523 quid
1103 1489 1146 1515 isti
1160 1489 1276 1521 credam,

230 1532 271 1550 res
285 1522 339 1557 ipsa
352 1522 460 1549 indicat.
557 1522 678 1548 Indicare
697 1523 749 1550 iter
770 1523 830 1549 Liu.
844 1528 876 1556 8,
895 1531 941 1557 24.
1009 1525 1135 1559 Exponrre
1152 1523 1185 1557 est
1206 1524 1274 1551 Plin.

232 1566 268 1590 12,
283 1567 307 1591 ις
326 1559 401 1584 Prius
414 1556 527 1584 Arabiae
539 1557 647 1584 diuitias
661 1558 779 1585 indicare
792 1560 942 1586 conueniet.
1015 1560 1148 1595 Accufim’,
1169 1560 1277 1596 deferre,

224 1593 370 1630 significare
384 1592 499 1625 videtur,
516 1602 570 1619 cum
584 1593 626 1626 id,
647 1593 712 1629 quod
722 1593 868 1627 indicatur,
888 1598 981 1621 crimen
996 1594 1038 1629 cst.
1081 1596 1211 1622 Donatus:
1235 1597 1276 1622 Iu-

231 1629 301 1655 dicat
314 1628 353 1660 is,
373 1628 420 1663 qui
437 1628 469 1654 de
483 1629 507 1654 se
520 1628 611 1654 volens
624 1628 743 1663 aliquid,
763 1635 789 1656 et
807 1629 839 1655 de
857 1630 917 1657 aliis
937 1631 1017 1657 etiam
1037 1631 1136 1665 prodit.

230 1664 298 1691 Eun.
311 1671 334 1696 ς,
346 1671 374 1697 7,
385 1672 410 1695 13
437 1664 477 1688 An
490 1663 642 1697 poenitebat
655 1664 750 1698 flagitii
761 1671 787 1691 te
800 1665 908 1693 11υᾶ1010
920 1667 994 1701 quod
1007 1667 1105 1694 fecisset
1118 1667 1277 1700 adolescens,

232 1699 261 1725 ni
273 1698 397 1725 miserum
411 1698 519 1732 insuper
533 1698 613 1724 etiam
626 1700 694 1732 patri
708 1700 855 1727 indicares?
948 1702 1005 1728 Cic.
1020 1703 1103 1728 Tusc.
1119 1711 1141 1735 3,
1156 1710 1186 1734 52
1204 1704 1276 1729 Zeno

230 1740 396 1770 proponatur
416 1733 532 1766 Eleates,
555 1734 602 1768 qui
621 1735 749 1769 perpessus
768 1734 805 1761 est
823 1736 915 1761 omnia
934 1737 1036 1770 potius,
1060 1746 1140 1771 quam
1158 1738 1277 1763 conscios

230 1769 357 1796 delendae
372 1769 518 1800 tyrannidis
531 1769 668 1796 indicaret.
735 1769 809 1796 Idem
827 1779 876 1804 pro
890 1772 1010 1797 Muraen.
1025 1779 1049 1804 51
1077 1773 1163 1805 Atque
1178 1772 1232 1802 ille,
1247 1778 1275 1799 vt

231 1806 333 1838 semper
344 1804 397 1830 fuit
410 1803 595 1837 apertiffimus,
612 1813 666 1830 non
680 1805 705 1831 se
720 1806 859 1839 purgauit,
876 1806 920 1832 sed
933 1805 1063 1833 indicauit
1081 1813 1160 1841 atque
1179 1807 1276 1833 induit.
1291 1817 1324 1844 45
1341 1810 1430 1837 oratio
1444 1815 1499 1836 tua.

231 1840 271 1866 De
284 1839 372 1873 aliqua
385 1847 414 1864 re
432 1838 549 1864 indicare
563 1839 619 1864 Cic.
634 1848 683 1872 pro
698 1840 781 1866 Flacc.
795 1849 834 1871 92.

231 1884 314 1910 quum
334 1874 433 1900 diceret
451 1874 476 1898 se
495 1872 675 1899 indicaturum
694 1874 726 1900 de
741 1875 935 1901 coniuratione.

230 1911 318 1937 minae
330 1911 388 1935 suae
404 1908 532 1934 indicauit
548 1916 614 1942 puer
632 1908 688 1934 Cic.
707 1917 755 1943 pro
768 1910 871 1935 Cluent.
886 1915 939 1939 180.

231 1955 290 1972 care
307 1945 408 1979 aliquid
424 1944 496 1970 Idem
510 1944 540 1969 in
553 1943 630 1969 Catil.
645 1952 667 1975 3,
681 1948 704 1973 8.

936 1842 1037 1868 Sallust.
1054 1842 1133 1869 Catil.
1154 1852 1175 1868 c.
1189 1848 1223 1876 48
1252 1843 1278 1869 Is

1029 1878 1095 1903 Rem
1109 1887 1216 1903 omnem
1230 1877 1277 1904 do-

1009 1911 1071 1937 Sine
1090 1912 1188 1938 timore
1208 1912 1278 1938 indi-

808 1944 942 1971 Malitiam
962 1945 1034 1972 suam
1055 1946 1111 1972 Cic.
1125 1947 1196 1972 Fam.
1210 1956 1235 1979 9,
1250 1955 1275 1980 7.

230 1982 263 2008 Se
275 1981 356 2008 alicui
369 1980 441 2006 Idem
455 1979 486 2006 de
502 1979 572 2006 Clar.
585 1980 659 2006 Orat.
678 1987 727 2005 112.
781 1980 814 2006 Et
832 1980 863 2006 de
879 1980 937 2007 Fin.
952 1989 976 2012 1,
994 1990 1033 2011 50.
1240 1982 1244 1985 '

230 2026 291 2043 nem
309 2017 365 2043 Cic.
383 2016 415 2042 de
433 2015 525 2042 Diuin.
541 2022 562 2045 1,
598 2035 604 2040 .
642 2035 649 2041 .
844 2013 865 2051 ff
887 2025 903 2042 2
937 2015 1062 2042 Indicaffe
1081 2025 1156 2043 reum
1176 2020 1278 2052 (inquit

232 2052 336 2087 leian.
353 2051 381 2077 in
401 2051 419 2077 l.
439 2050 561 2076 Indicaffe
590 2051 622 2076 D.
648 2049 681 2076 de
695 2049 770 2076 verb.
786 2049 913 2084 fignitie.)
940 2051 976 2077 est
995 2051 1135 2083 Detuliss'e,
1155 2053 1276 2086 arguiffc,

231 2088 365 2118 accusasse,
385 2086 533 2113 conuiciffe.
580 2085 703 2112 lndicass'e
720 2094 836 2122 germano
846 2087 921 2122 sensi-c
934 2090 1014 2113 minus
1029 2086 1061 2119 cst
1092 2098 1145 2113 uam
1154 2088 1276 2114 Dcserre.

230 2125 275 2151 Ita
292 2126 319 2149 in
331 2125 498 2149 coniuratione
512 2121 717 2147 Catilium-ioum
731 2122 819 2147 Fuluia
831 2121 911 2148 iudex
925 2121 992 2158 fuit.
1032 2123 1061 2149 Se
1092 2123 1215 2149 interdum
1223 2124 1278 2158 plc-

233 2162 291 2185 nius
309 2158 370 2193 quid
382 2159 475 2194 sonat,
494 2163 523 2183 vt
539 2166 587 2183 non
603 2156 718 2183 Dcferre
737 2162 834 2183 tantum
852 2163 876 2184 et
894 2156 1066 2190 denuntiare,
1079 2157 1126 2193 fid
1145 2158 1277 2185 Damnare
1294 2164 1323 2191 53

226 2194 361 2231 significet.
413 2192 486 2228 Qtod
497 2195 535 2219 ita
553 2191 697 2227 capiendum
711 2197 845 2227 putamus,
869 2202 923 2218 cum
940 2193 969 2218 de
978 2197 1091 2228 praemio
1108 2193 1276 2226 constituendo

232 2229 362 2256 indicanti
380 2231 522 2263 quaeritur,
543 2227 606 2263 quod
625 2227 716 2253 demum
736 2227 907 2263 consequitur,
928 2232 971 2263 qui
990 2237 1041 2254 eam
1058 2228 1103 2255 dat
1116 2235 1227 2263 operam,
1247 2236 1277 2255 vt

233 2275 282 2291 non
295 2265 436 2296 denuntiet,
455 2270 560 2300 arguat,
580 2262 673 2299 accuset
687 2263 783 2298 solum,
799 2262 846 2299 scd
864 2267 937 2289 ctiam
951 2263 1056 2290 damnet.
1111 2266 1153 2291 Ita
1172 2264 1278 2300 vfierpat

234 2301 316 2329 Plaut.
333 2299 401 2327 Afin.
415 2306 437 2332 ς,
452 2308 474 2332 2,
486 2305 513 2330 87
537 2299 580 2324 vbi
595 2299 669 2325 Senex
685 2298 714 2324 ab
730 2308 806 2325 uxore
819 2298 980 2334 deprehensus
994 2302 1021 2325 in
1034 2301 1167 2334 lupanari,
1185 2307 1209 2325 et
1223 2309 1279 2326 con-

235 2336 362 2362 demnatus
374 2338 475 2370 rapitur
488 2334 593 2367 domum,
606 2340 722 2369 tanquam
736 2333 770 2360 ad
775 2333 939 2370 supplicium.

234 2372 380 2398 indicatum
401 2379 444 2396 me
460 2379 529 2396 vxor
547 2369 654 2396 adducit
674 2369 791 2395 domum.
846 2370 932 2396 Pollct.
948 2368 1015 2402 Hist.
1040 2371 1094 2397 For.
1110 2372 1178 2397 Rom.
1194 2382 1227 2404 4,
1244 2381 1278 2397 11.

233 2408 360 2434 Gzctcrum
372 2410 399 2432 in
413 2406 497 2432 Plauti
516 2405 533 2431 l.
548 2415 569 2431 c.
588 2414 635 2431 non
650 2404 794 2432 indicatum
808 2406 899 2442 legitur
912 2405 996 2438 hodie,
1009 2405 1057 2441 sed
1073 2405 1234 2438 iudicatum,
1260 2409 1279 2432 i.

233 2443 390 2473 damnatum,
410 2439 554 2473 addiciunt,
572 2450 666 2467 nemim.
728 2442 818 2467 Verum
840 2444 957 2477 antiquae
975 2440 1046 2468 editt.
1066 2441 1230 2473 indicatum,
1255 2447 1280 2467 et

232 2481 433 2513 interpretantur
446 2475 576 2513 manifesto
590 2476 769 2513 deprchenfiaem.
967 2474 988 2514 ᾖ
1013 2485 1026 2509 3
1063 2476 1197 2508 Indicare,
1224 2477 1279 2509 [τι-

233 2513 341 2547 μᾶιθαι]
366 2512 519 2546 Aestimare,
534 2515 644 2548 pretium
658 2516 695 2538 rei
714 2510 935 2545 venalisstatuere.

227 2548 295 2583 ficut
308 2548 396 2574 Liceri
412 2551 520 2575 emtoris.
568 2547 649 2574 Plaut.
663 2548 731 2575 Pers.
746 2557 774 2581 4,
794 2557 822 2581 4,
838 2556 870 2582 37
897 2547 1003 2581 Indica,
1024 2548 1065 2574 fac
1084 2549 1208 2583 pretium.
1248 2554 1279 2574 D.

236 2590 280 2611 tua
293 2592 367 2610 merx
380 2583 432 2616 est,
447 2589 491 2610 tua
504 2582 632 2609 indicatio
646 2583 690 2609 est.
762 2583 830 2609 Ibid.
846 2592 874 2616 4,
885 2592 913 2617 4,
927 2592 973 2616 109
992 2581 1078 2610 Tanti
1091 2584 1186 2610 indica.
1240 2582 1279 2610 Id.

236 2619 298 2647 Aul.
311 2627 335 2649 2,
348 2626 369 2651 ς,
383 2627 404 2650 3.
457 2619 534 2653 Apul.
547 2619 612 2645 Met.
628 2627 636 2645 1
657 2628 681 2653 p.
696 2626 733 2650 113
759 2620 789 2645 Et
801 2626 957 2653 percontato
971 2619 1072 2654 pretio,
1091 2619 1163 2654 quod
1176 2624 1282 2645 centum

235 2655 324 2681 munis
339 2653 476 2684 indicaret,
495 2655 658 2687 aspernatus,
678 2660 781 2680 centum
796 2655 909 2681 denariis
922 2655 1089 2689 praestinaui.
1161 2655 1216 2681 Cic.
1227 2654 1279 2681 Off.

238 2700 261 2723 3,
273 2692 303 2716 62
331 2690 369 2722 Q
381 2688 489 2723 quidem
502 2688 626 2715 Scaeuola
639 2688 721 2720 filius,
740 2698 822 2723 quum
836 2699 870 2724 po
895 2690 991 2723 ulass’et,
1007 2697 1036 2717 vt
1050 2690 1100 2718 fibi
1113 2690 1220 2722 fundus,
1237 2700 1279 2716 cu-
1293 2699 1330 2726 70

238 2726 279 2752 ius
298 2731 385 2751 emtor
398 2730 467 2756 erat,
488 2724 566 2750 semel
586 2724 754 2750 indicaretur.
864 2690 914 2784 Q

276 2767 284 2786 1
295 2767 316 2786 N
327 2767 346 2786 D
359 2767 368 2785 1
379 2765 396 2785 c
406 2766 428 2785 A
438 2766 460 2785 T
470 2765 491 2784 V
500 2766 513 2785 S
522 2778 530 2791 ,
549 2768 574 2790 a,
594 2768 648 2785 um.
683 2759 777 2785 Partic.
813 2759 880 2792 [μην
916 2759 963 2792 εἰς]
999 2760 1157 2796 Pate-focius,
1164 2759 1282 2797 ostensus,

238 2796 375 2832 accufiztus.
410 2794 542 2821 Indicatus
555 2793 704 2827 smaragdus
717 2795 759 2820 sex
775 2795 862 2820 aureis
875 2794 989 2821 denariis
1003 2796 1069 2822 Plin.
1085 2805 1122 2828 ic,
1137 2805 1153 2822 1.

277 2838 287 2857 1
298 2837 320 2857 N
332 2837 351 2857 D
361 2836 421 2862 Ex,
441 2829 498 2855 i'cis.
535 2838 556 2855 c.
594 2828 735 2862 [μηνυτής]
770 2830 812 2859 Is,
831 2830 870 2855 vel
881 2838 924 2861 ra,
942 2834 983 2865 qui
1002 2833 1042 2858 uel
1062 2841 1119 2867 qum
1133 2832 1231 2867 ,huyum
1242 2835 1280 2857 in-

238 2866 316 2898 dicat,
335 2866 375 2892 vel
387 2865 494 2905 accusat:
530 2865 655 2891 Asconius
669 2864 698 2890 in
712 2864 765 2891 Cic.
780 2864 980 2892 Diuinat.Vcrr.
991 2875 1023 2899 34
1038 2867 1142 2901 stt-tou.
1162 2875 1169 2894 3
1185 2867 1280 2894 :dicem
1297 2874 1331 2903 75
1345 2870 1487 2897 merariam
1502 2868 1703 2895 iudicationem.

239 2903 298 2934 effe,
318 2901 365 2935 qui
378 2901 515 2932 facinoris,
532 2900 608 2926 cuius
621 2900 675 2933 ipse
689 2899 724 2926 est
738 2900 872 2931 conscius,
887 2900 996 2928 latebras
1008 2902 1107 2928 indicat
1121 2903 1279 2937 impunitate

239 2937 381 2972 proposita.
475 2936 531 2962 Cic.
546 2943 594 2970 pro
608 2935 712 2961 Cluent.
727 2943 758 2968 39
777 2935 927 2962 Extrahitur
941 2936 1022 2964 domo
1037 2938 1140 2965 latitans
1154 2939 1281 2974 Oppiani-

240 2982 284 2999 cus
305 2980 318 2999 a
333 2971 447 2999 Manilio
459 2982 465 2998 ε
493 2971 571 2998 index
585 2970 690 2997 Auilius
704 2979 734 2996 ex
746 2970 825 2997 altera
837 2977 909 3005 parte
923 2981 1010 2999 coram
1025 2980 1136 3001 tenetur.
1196 2975 1279 3001 Plaut-

241 3010 322 3035 Merc.
337 3007 403 3041 prol.
420 3015 447 3041 17
468 3008 516 3034 Per
528 3016 570 3033 me
582 3011 747 3040 percontatus
765 3007 831 3039 sum,
848 3006 952 3042 fineque
965 3008 1051 3035 indice
1064 3010 1166 3045 aliquo.
1208 3011 1278 3036 Haec

240 3045 331 3070 omnia
345 3043 442 3069 indices
455 3042 605 3069 detulerunt
619 3042 674 3068 Cic.
689 3041 766 3068 Catil.
781 3051 800 3075 4
821 3051 842 3067 c.
860 3050 878 3073 3.

242 3079 276 3105 ab
289 3079 376 3106 indice
389 3078 536 3109 nominati,
556 3079 580 3104 se
594 3078 641 3103 ess‘e
657 3076 820 3104 Christianos
834 3076 972 3110 dixerunt,
991 3085 1016 3106 et
1029 3090 1091 3107 mox
1111 3087 1281 3115 negauerunt.

242 3115 347 3141 Prolato
361 3114 450 3140 indice
470 3113 561 3140 lustin.
576 3121 615 3146 39,
629 3121 654 3145 2,
669 3118 691 3142 8.
762 3113 870 3139 Mittere
884 3113 984 3140 indices
1001 3115 1032 3141 ad
1047 3117 1089 3142 rei
1104 3117 1283 3144 confirmatio-

243 3159 303 3176 nem
319 3150 390 3176 Idem
405 3158 443 3182 32,
456 3158 480 3180 2,
496 3158 521 3182 9.
599 3149 704 3179 Falsus,
726 3148 802 3174 Cuius
814 3148 911 3184 falsum
928 3148 960 3181 cst
979 3150 1098 3177 indicium
1118 3158 1141 3178 rt
1159 3155 1284 3188 accusatio

243 3185 342 3212 Sallust.
364 3185 443 3212 Catil.
463 3195 484 3211 0.
504 3192 544 3217 50.
636 3184 785 3218 Torquere
799 3184 898 3210 indices
915 3184 1004 3210 lustin.
1019 3194 1056 3218 32,
1072 3195 1098 3219 2,
1112 3196 1136 3213 2.
1205 3190 1282 3214 Acce.

245 3220 305 3247 dere
318 3221 433 3255 aliquem
453 3220 552 3252 indici,
577 3219 631 3246 vid.
652 3226 784 3246 ACCEDO.
880 3220 937 3245 Cic.
950 3221 1027 3246 Verr.
1047 3231 1074 3250 c,

243 3256 285 3284 rei
305 3265 388 3290 neque
402 3255 495 3286 index,
513 3265 599 3290 neque
620 3255 760 3290 vestigium
780 3255 906 3289 aliquod,
925 3264 1011 3290 neque
1028 3256 1141 3291 suspicio
1160 3259 1285 3292 cuiquam

245 3292 305 3317 esset
318 3292 380 3317 vlla.
472 3291 537 3318 Plin.
549 3297 573 3322 8,
589 3293 616 3317 16
641 3291 760 3317 Leonum
774 3291 866 3317 Animi
885 3290 962 3317 index
984 3292 1074 3323 cauda,
1090 3292 1152 3319 ficut
1165 3297 1190 3318 et
1205 3303 1285 3328 equo-

246 3335 306 3353 rum
322 3335 404 3353 aures.
475 3327 567 3352 Animi
580 3326 669 3359 imago
681 3326 768 3352 vultus
781 3327 830 3357 cst,
850 3326 949 3353 indices
961 3327 1033 3353 oculi
1052 3328 1107 3354 Cic.
1121 3329 1149 3354 in
1163 3329 1236 3355 Orat.
1250 3332 1285 3354 60

248 3370 269 3386 c.
284 3366 308 3390 18
327 3369 390 3388 extr.
460 3362 605 3388 Libertatis
625 3362 702 3388 index
722 3361 818 3388 tabella
838 3361 909 3388 Idem
923 3362 954 3388 de
967 3363 997 3388 L.
1011 3364 1073 3398 Agr.
1086 3372 1112 3396 2,
1125 3373 1151 3397 4.
1222 3365 1286 3391 Sunt

248 3402 270 3421 tt
284 3396 412 3423 librorum
426 3398 525 3432 quidam
537 3397 639 3428 indices,
657 3406 716 3433 quos
729 3397 799 3423 hodie
805 3397 864 3432 sere
878 3398 970 3424 titulos
985 3400 1191 3435 vocarerlrmus.
1227 3399 1285 3425 cic.

249 3430 280 3468 de
293 3432 365 3458 Orat.
378 3442 399 3461 2,
412 3435 441 3458 61
461 3442 482 3459 c.
497 3442 525 3467 ¹4
551 3434 582 3458 111
596 3432 768 3467 Philosophos
783 3433 882 3459 vestros
897 3433 914 3459 fi
928 3434 1034 3468 quando
1046 3434 1146 3467 incidi,
1164 3434 1286 3468 deceptus

250 3464 381 3492 indicibus
394 3467 523 3494 librorum
533 3487 540 3499 ,
560 3469 631 3502 quod
646 3470 704 3494 sunt
722 3469 779 3494 sere
794 3468 912 3503 inscripti
925 3469 956 3495 de
969 3470 1047 3496 rebus
1059 3471 1129 3497 notis
1140 3476 1166 3496 et
1181 3470 1286 3496 illustri-

252 3498 316 3531 bus,
332 3501 362 3525 de
375 3502 487 3534 virtute,
507 3502 538 3530 de
552 3504 667 3536 iustitia,
687 3504 718 3530 de
732 3503 876 3536 honestate,
896 3504 928 3530 de
940 3505 1087 3540 voluptate,
1107 3512 1151 3532 etc.
1188 3507 1247 3531 Hii
1266 3508 1287 3531 i-

251 3535 368 3573 tur-sunt
389 3537 504 3571 Indices,
523 3539 554 3564 de
569 3539 683 3569 virtute,
703 3539 734 3565 de
752 3539 868 3569 iustitia,
886 3541 984 3576 reliqui.

254 3569 407 3608 scriptiones
425 3580 514 3605 uocat,
535 3574 645 3607 titulos,
663 3575 772 3602 indices,

255 3605 334 3643 Attic.
348 3613 379 3644 4,
398 3613 416 3636 4
439 3606 521 3633 Etiam
539 3610 635 3636 vellem
655 3610 724 3636 mihi
742 3610 829 3636 mittas
848 3610 880 3636 de
902 3611 954 3637 tuis
971 3611 1118 3639 librariolis
1138 3611 1219 3645 duos,
1240 3620 1285 3639 cte.

255 3648 342 3674 usquc
358 3648 484 3679 imperes²
502 3644 640 3681 x⁷ts11n1ant
652 3645 878 3678 membranulam,
898 3655 929 3673 cx
944 3656 995 3681 qua
1008 3647 1106 3674 indices
1121 3647 1198 3679 fiant,
1238 3657 1285 3674 uos

256 3682 303 3715 vos
317 3675 410 3701 Graeci
430 3678 477 3716 (vt
490 3682 602 3710 opinor)
620 3680 746 3706 συλλάβῃ
760 3681 904 3715 appellatis.
938 3681 1059 3709 σιλλύζες
1070 3683 1195 3718 legendam
1208 3684 1233 3716 ο]
1245 3694 1285 3710 en-

256 3709 296 3735 (ΙΙΙ
309 3708 365 3744 Post
382 3711 512 3736 Graculum
525 3712 636 3744 Entellus
653 3718 679 3740 in
692 3716 776 3747 clane,
795 3718 827 3743 V.
841 3716 982 3750 σύλλαέῗος,
1001 3727 1049 3753 qua
1062 3727 1119 3744 voce
1137 3728 1191 3744 cum
1205 3721 1286 3754 appel-

1056 3541 1124 3568 Gell.
1139 3542 1221 3575 praef.
1260 3550 1288 3567 n-

254 3746 306 3770 lent
315 3746 401 3771 Gv'dffl'
416 3755 457 3776 «ἀ,
475 3754 534 3781 quae
548 3749 619 3781 uulgo
631 3749 745 3782 Regilli-a
760 3758 897 3778 uocantur.-
916 3753 974 3779 hinc
988 3763 1035 3779 vox
1049 3757 1131 3780 notior
1144 3755 1243 3789 irrepsit
1260 3758 1287 3780 in
1295 3766 1342 3784 100
1350 3755 1416 3787 dus)
1435 3763 1489 3781 non
1503 3752 1640 3782 inuellioo,
1659 3759 1691 3776 ne
1706 3750 1734 3776 111
1747 3750 1801 3776 istis
1814 3751 1923 3785 quidem
1940 3751 2120 3784 voluptatibus
2133 3751 2193 3785 ipsis
2212 3759 2300 3777 carere
2313 3751 2388 3777 sensu
2427 3746 2435 3789 Ἀ

253 3779 330 3818 libros
345 3781 481 3810 Ciceronis,
497 3787 519 3806 et
535 3781 714 3821 falsa-nomini
728 3786 822 3813 indicis
841 3785 1090 3824 affiflafignificatio
1107 3787 1154 3821 est,
1175 3797 1203 3816 vt
1222 3797 1289 3817 notet

254 3821 341 3856 capita
352 3824 440 3857 rerum
462 3815 515 3849 (fic
530 3816 597 3857 Cell.
614 3826 641 3842 111
655 3820 735 3857 praef,
748 3823 834 3855 extr.)
855 3830 878 3848 et
891 3824 965 3850 verba
977 3831 1064 3850 notatu
1077 3824 1154 3860 digna
1162 3844 1171 3857 ‚
1192 3827 1232 3852 vel
1247 3835 1287 3852 or-

253 3849 309 3876 dune
321 3850 380 3876 11br1
395 3857 417 3877 et
431 3848 592 3890 trubiottonis
602 3855 739 3886 propalata,
760 3856 914 3892 (ursacium
926 3869 942 3885 a
955 3861 1037 3886 Plinio
1052 3863 1143 3886 maiore
1156 3868 1179 3886 et
1193 3861 1269 3887 Gellio
1266 3862 1287 3895 )

254 3886 306 3916 vel,
326 3892 353 3911 vt
368 3895 433 3911 nunc
440 3888 658 3920 J01c1,clemcntari
671 3888 783 3923 clispofita
797 3892 890 3921 ordine.
909 3901 954 3921 etc.
1024 3895 1183 3922 Morborum
1197 3897 1287 3928 index,

568 396 619 421 Hic
631 391 749 424 Hyginus
762 387 865 414 Indiam
884 389 958 412 ctiam
976 386 1110 422 appellauit
1119 387 1274 421 filperiorem
1295 392 1311 420 5

1292 577 1324 597 10
1341 564 1429 591 index.

657 742 750 768 Petere
767 741 797 767 in
809 740 906 774 Indos,
924 741 979 767 vid.
993 742 1033 768 Ad
1048 742 1136 774 Seras,
1154 743 1182 767 in
1198 742 1274 767 Prae·
1298 752 1328 780 ¹5¹

1185 1275 1276 1302 Consi·
1295 1289 1327 1313 30
1340 1277 1398 1304 Cic.
1414 1277 1446 1303 de
1460 1277 1522 1304 Diu.
1537 1286 1558 1310 2,
1572 1280 1616 1312 46.

1310 1456 1468 1494 {scelerum
1488 1461 1566 1482 notae
1585 1456 1641 1482 Cic.
1660 1462 1710 1488 pro
1723 1453 1795 1479 Sulla
1807 1456 1852 1487 76.

1206 1631 1276 1658 Ter.
1285 1646 1322 1672 40
1340 1640 1462 1660 mortuae
1479 1642 1592 1668 corpore
1605 1632 1714 1659 fuerunt
1730 1630 1804 1658 Idem
1815 1639 1865 1665 pro
1879 1630 1984 1671 Cluent.
1998 1633 2038 1663 30.

1105 1982 1276 2008 Coniurano-
1292 1990 1323 2017 50

1306 2108 1307 2113 ,
1342 2091 1416 2121 dare,
1435 2092 1475 2117 vel
1493 2092 1540 2117 Per
1550 2090 1652 2126 signum
1671 2089 1792 2124 ostendere
1811 2091 1881 2117 Ter.
1892 2089 2005 2124 Adelph.
2019 2101 2048 2124 4,
2061 2100 2089 2124 4,
2103 2095 2126 2120 8.
2160 2091 2234 2117 Idem
2247 2092 2312 2118 Hec.
2326 2102 2355 2126 4,
2370 2100 2393 2125 1,

987 2334 1057 2361 Male
1070 2334 1221 2361 cubandum
1234 2335 1279 2367 est,
1298 2337 1333 2362 60
1344 2338 1542 2364 conueniretur.
1578 2337 1653 2372 Conf.
1670 2339 1757 2363 Gracu.
1775 2338 1809 2364 ad
1822 2339 1878 2365 Cic.
1894 2338 1947 2363 Att.
1961 2345 1985 2367 2,
1997 2346 2032 2370 24

945 3044 1010 3070 Plin.
1024 3045 1102 3079 Epist.
1119 3055 1156 3076 10,
1170 3054 1205 3080 97
1222 3046 1279 3072 Alii
1297 3048 1330 3074 80
1345 3047 1393 3074 lin.
1417 3055 1472 3080 cap·
1494 3054 1540 3078 53·

1306 3409 1342 3433 90
1384 3404 1536 3431 munseo,
1555 3399 1597 3429 xi,
1618 3396 1706 3430 8111111,
1725 3399 1777 3425 ἐκ.
1797 3397 1996 3432 [καταγγέλλω]

1349 3437 1419 3463 Vici.
1432 3436 1463 3462 de
1476 3436 1549 3462 Viris
1561 3433 1655 3462 Illustr.
1676 3443 1696 3459 c.
1710 3442 1728 3467 4
1750 3432 1849 3460 Tullus
1866 3432 2010 3464 Hostilius,
2030 3433 2092 3467 quia
2110 3432 2207 3459 bonam
2222 3441 2330 3467 operam
2344 3433 2389 3459 ad-
2434 3468 2438 3477 ι

825 3576 863 3600 De
881 3575 922 3602 his
943 3579 1017 3602 etiam
1037 3576 1211 3613 intelligendus
1229 3577 1287 3603 Cic.
1300 3583 1333 3609 95
1348 3579 1416 3605 Belli
1429 3577 1562 3604 indicendi
1576 3575 1719 3601 formulam
1732 3580 1789 3609 pere
1805 3583 1832 3599 cx
1845 3574 1904 3600 Liu.
1920 3583 1945 3604 1,
1960 3582 1995 3606 32.

2333 0 2337 11 ¹
2371 0 2451 28 [²⁷³5

2396 29 2397 32 .
2416 31 2435 51 '⁴¹¹
2445 36 2450 44 t

1332 251 1377 273 tur
1390 236 1457 273 Plin.
1473 255 1506 279 11,
1521 254 1562 282 37.
1633 245 1771 273 Orationis
1792 245 1908 272 indicem
1921 254 2016 272 vocem
2029 246 2155 275 habemus
2171 247 2229 275 Cic.
2244 246 2295 275 Off.
2310 256 2332 281 1,
2345 256 2384 281 ¹33

1336 291 1358 307 c.
1372 290 1412 316 37.
1479 282 1595 309 Ρεᾶοῑίς
1617 281 1696 308 index
1711 281 1786 308 color
1803 287 1828 308 et
1847 282 1942 308 macies
1962 281 2044 308 Ouid.
2059 284 2123 310 Met.
2137 293 2162 317 ι),
2175 292 2226 317 533.
2296 284 2385 311 Lacri-

1337 325 1396 343 mae
1409 318 1589 344 Poenitentiae
1604 317 1704 343 indices
1724 318 1800 344 Curt.
1816 324 1837 350 5,
1853 326 1937 350 10,13.
2009 317 2180 346 Voluntatum
2200 327 2261 354 erga
2279 327 2322 345 me
2341 328 2384 345 ve-

1339 352 1450 380 strarum
1470 354 1550 380 index
1571 362 1622 379 vox
1644 353 1700 379 Cic.
1721 352 1753 378 de
1767 353 1829 387 Leg.
1843 353 1905 387 Agr.
1925 361 1954 385 2,
1971 361 1999 385 4.
2092 353 2215 381 Herculis
2234 354 2329 380 indicis
2345 354 2384 381 fa-

1338 396 1402 413 num
1416 390 1583 416 nominatum
1599 387 1674 415 Idem
1687 387 1719 413 de
1732 388 1794 414 Diu.
1810 397 1828 420 1,
1842 396 1884 421 54.

2277 131 2407 207 1068l

2409 236 2460 391 sk}

1955 389 1986 414 Et
2000 389 2077 415 Verr.
2093 397 2110 419 1,
2124 397 2167 422 1ος
2185 391 2282 417 Vtrum
2294 389 2385 416 admo·
2411 394 2423 418 ,f
2457 394 2459 414 l

2457 253 2479 347 l

1339 423 1426 456 nitus,
1441 432 1473 450 an
1488 431 1616 457 tentatus,
1636 433 1668 450 an
1683 432 1735 458 qua
1753 423 1788 450 est
1807 423 1852 449 iste
1866 423 2004 457 sagacitate
2023 424 2051 449 in
2064 423 2106 450 his
2126 425 2222 458 rebus,
2249 425 2301 452 11110
2322 425 2387 451 duce
2412 426 2453 459 ᾗ.

1339 458 1404 489 vllo‚
1423 458 1474 485 fine
1488 461 1576 487 indice
1591 459 1742 494 peruenerit
1755 459 1786 484 ad
1799 458 1866 485 hanc
1879 458 2088 493 improbitatem,
2102 460 2198 486 nescio.
2328 458 2354 495 *ff
2369 468 2386 487 2.
2405 463 2435 496 ξς
2467 464 2476 483 .·

1341 493 1423 520 Index
1442 498 1514 522 etiam
1528 496 1634 531 Lapidis
1651 496 1790 522 terminalis
1808 503 1909 521 nomen:
1945 494 2027 521 Ouid.
2043 495 2106 521 Met.
2118 504 2145 528 2,
2157 497 2211 530 706
2246 509 2292 517 --
2327 496 2388 521 Per-
2411 499 2425 526 (ἡ
2449 503 2451 509 ’

1341 529 1453 564 iuraque
1471 531 1579 566 perstem
1599 532 1681 558 vertit
1719 532 1750 557 In
1764 529 1861 556 durum
1874 529 1989 562 silicem,
2006 530 2053 564 qui
2070 539 2140 557 nunc
2158 539 2266 565 quoque
2287 530 2388 558 dicitur
2419 524 2436 561 ξ
2461 538 2463 543 ⁴

1339 600 1412 627 forte
1430 600 1539 635 lateret,
1576 601 1666 628 Indice
1680 601 1836 628 monstraret
1852 600 1947 634 digito.
2001 602 2055 628 Ima
2075 603 2126 628 inis
2139 603 2179 628 vel
2183 600 2284 634 statuae
2298 604 2389 638 inscri-

1334 638 1393 671 ptio
1412 638 1549 676 compendio
1561 637 1692 668 indicans,
1710 638 1774 672 quod
1785 640 1890 662 maxime
1896 636 1964 676 sciri
1978 610 2080 670 intereffii
2091 647 2099 662 .·
2134 636 2243 663 Tibull.
2258 646 2286 671 4,
2300 647 2324 669 1,
2346 646 2389 669 ¹30

1501 568 1602 594 Primus
1620 577 1635 594 α
1650 566 1739 602 pollice
1759 566 1872 602 digitus:
1907 566 1975 592 Hor.
1990 566 2071 591 Serm.
2087 575 2108 596 2,
2122 571 2146 598 8,
2159 568 2194 592 26
2219 565 2274 600 Qu
2287 566 2305 592 fi
2320 565 2387 606 quid
2408 585 2409 590 ,
2434 563 2436 597 }
2462 559 2466 574 ³

1341 672 1400 698 Nec
1412 673 1500 706 quiuis
1514 674 1577 712 quid
1590 681 1694 708 quaque
1709 673 1787 699 index
1804 671 1850 697 sub
1866 672 1982 706 imagine
1996 671 2074 699 dicat.
2108 671 2167 699 Vid.
2178 672 2270 709 Figrel.
2284 672 2312 698 de
2322 673 2389 700 Stat.
2408 710 2410 713 Ι
2455 679 2457 684 ’
2470 667 2475 679 ”

1339 708 1410 734 Rom.
1430 717 1451 733 c.
1466 718 1506 743 ²7·
1527 712 1532 714 '
1548 710 1656 736 Vocatur
1676 712 1749 735 etiam
1763 707 1885 734 Titulus.

1378 745 1607 776 IND'x'CVLvs,
1629 745 1647 771 i.
1669 753 1704 771 m.
1741 744 1841 770 Dimin.
1878 741 1978 770 Ennod.
1994 742 2074 777 Epist.
2089 750 2111 776 ς,
2125 751 2159 776 24
2178 742 2300 770 Indiculo
2316 751 2388 770 cotn-

1340 777 1467 812 prehensa
1485 781 1615 814 cognatio.

1376 820 1387 839 1
1396 820 1445 840 ND
1457 821 1468 840 1
1479 821 1496 841 c
1508 821 1527 840 v
1538 823 1582 842 Lv
1592 822 1635 848 M,
1654 814 1673 844 i.
1705 824 1732 841 n.
1768 813 1846 841 Idem.
1883 814 1996 849 Gregor.
2009 813 2166 841 Turonens.
2180 818 2211 847 8,
2230 819 2259 844 28
2284 813 2392 841 Indicu-

1339 849 1396 875 Ium
1414 849 1450 876 est
1463 857 1604 885 repertum.

1376 891 1647 919 1ND1CABIL18‚
1665 895 1688 912 e.
1725 883 1787 911 Adi.
1824 883 1896 911 Cael.
1913 885 1978 912 Aur.
1993 885 2069 912 Acut.
2083 893 2108 917 2,
2128 893 2141 917 3
2173 884 2282 920 Signum
2300 884 2390 913 fatere
2418 878 2421 893 ³

1284 934 1321 954 20
1340 919 1486 948 indicabile
1505 922 1626 957 lethargi.

1376 962 1387 981 1
1397 962 1419 981 N
1429 962 1448 982 D
1458 964 1468 983 1
1479 962 1495 984 c
1506 959 1596 991 ῑΝΑ,
1614 966 1654 987 ae.
1690 956 1710 982 f.
1747 955 1825 990 Apul.
1840 955 1905 982 Met.
1919 958 1934 982 6
1957 965 1982 990 p.
1999 959 2056 992 176,
2072 964 2102 989 ¹4
2125 955 2153 982 Si
2167 956 2227 990 quis
2241 964 2256 982 a
2273 956 2336 991 fuga
2350 964 2393 983 re·

1339 991 1444 1019 trahere
1479 1007 1530 1013 —-›
1556 1000 1710 1028 accepturus
1733 992 1866 1018 iudiciuae
1893 992 2004 1018 nomine
2030 993 2063 1018 ab
2086 992 2142 1026 ipsa
2162 993 2267 1018 Venere
2289 992 2391 1027 septem

1338 1027 1410 1054 sauia
1425 1028 1529 1061 suauia,
1548 1036 1594 1056 etc.
1635 1028 1714 1056 Gloff.
1728 1029 1786 1054 Vet.
1804 1027 1940 1060 Indicina,
1955 1026 2079 1064 μήνυτρον.

1376 1069 1464 1090 INDI
1475 1069 1492 1090 C
1503 1071 1589 1097 IVM,
1614 1065 1633 1091 i.
1669 1073 1694 1090 n.
1731 1063 1860 1096 [μ’]’νυσ-ις,
1879 1062 2002 1097 μήνυμα]

1338 1170 1431 1197 feras?
1475 1170 1521 1198 Sed
1536 1172 1684 1207 generaliter
1698 1177 1782 1201 notat,
1805 1169 1928 1209 quidquid
1945 1168 1993 1201 est,
2013 1179 2060 1205 quo
2074 1169 2172 1205 aliquid
2184 1169 2328 1202 indicatur,
2349 1170 2392 1202 Si-

1338 1215 1422 1241 gnum,
1441 1214 1619 1242 argumentum.

1339 1241 1509 1268 neuolentiae
1527 1247 1586 1268 tuae
1600 1241 1699 1277 insigne
1712 1249 1773 1275 erga
1787 1250 1828 1268 me
1841 1240 1915 1267 Idem
1931 1241 2003 1267 Fam.
2017 1249 2043 1275 7,
2057 1243 2083 1268 6.

1340 1312 1428 1339 cium.
1494 1313 1577 1340 Exitii
1588 1312 1737 1340 communis
1751 1311 1851 1338 indicia
1864 1312 1959 1338 afferre
1975 1313 2031 1338 Cic.
2047 1320 2096 1346 pro
2111 1313 2200 1338 Domo
2212 1319 2265 1345 134.
2322 1311 2392 1338 Mali

1340 1348 1472 1376 indicium
1491 1348 1571 1375 Ouid.
1587 1349 1620 1376 ad
1633 1349 1693 1375 Liu.
1709 1356 1762 1381 142.

1339 1392 1364 1418 5,
1383 1389 1425 1417 48·

1340 1420 1443 1454 aliquid
1462 1420 1621 1447 constituere
1642 1419 1715 1445 Idem
1734 1419 1762 1444 in
1781 1419 1868 1444 Pison.
1883 1426 1922 1450 92·
2015 1417 2224 1445 parricidiorum
2244 1418 2342 1445 indicia
2364 1423 2393 1445 et

1946 1453 2055 1479 Sceleris
2073 1460 2228 1487 argumenta
2247 1460 2272 1480 et
2292 1453 2394 1480 indicia

1340 1491 1415 1518 Idem
1429 1491 1459 1517 in
1472 1491 1552 1518 Catil.
1566 1500 1590 1524 3,
1603 1499 1635 1522 13.
1731 1488 1865 1515 Scelerum
1879 1487 1980 1515 indicia
1993 1488 2147 1520 ostendere,
2167 1495 2193 1514 et
2211 1488 2393 1522 periculorum

1340 1526 1411 1561 figna
1424 1527 1570 1561 patefacere
1584 1526 1641 1552 Cic.
1655 1524 1688 1551 de
1702 1524 1799 1558 Arusp‚-
1810 1524 1886 1558 Resp.
1900 1532 1941 1557 24.
2011 1524 2046 1550 Vt
2065 1525 2125 1550 ess'et
2137 1523 2269 1550 indicium
2282 1523 2393 1558 oppreffi

1341 1563 1450 1589 Senatus
1469 1563 1502 1589 ad
1516 1560 1675 1589 memoriam
1692 1560 1867 1594 sempiternae
1888 1557 2078 1593 turpitudinis,
2096 1566 2278 1599 monumentum
2283 1559 2393 1594 positum
2430 1559 2436 1578 ’-

1340 1596 1406 1625 cic.'
1419 1607 1467 1633 pro
1489 1599 1578 1624 Domo
1596 1605 1646 1623 112.
1739 1594 1844 1622 Veneni
1863 1595 1962 1621 indicia
1986 1601 2012 1621 et
2029 1594 2140 1629 vestigia
2152 1595 2248 1621 'omnia
2269 1604 2299 1621 m
2317 1594 2393 1621 illium

1339 1671 1418 1696 mulae
1437 1670 1570 1696 Verborum
1586 1679 1594 1693 :
1632 1667 1754 1694 Defixum
1769 1666 1801 1693 ad
1814 1674 1974 1694 memoriam
1985 1666 2109 1693 omnium
2123 1666 2242 1701 gentium
2255 1666 2393 1700 sempiter-

1339 1714 1402 1732 nam
1422 1704 1552 1732 indicium
1572 1703 1629 1731 Cic.
1650 1712 1698 1738 pro
1711 1703 1800 1729 Domo
1821 1710 1872 1734 103.

1341 1747 1394 1766 tam
1414 1741 1575 1774 insperatum
1594 1739 1736 1774 gaudium,
1756 1747 1840 1773 quum
1863 1737 1905 1764 illi
1926 1736 1995 1764 nihil
2017 1738 2132 1772 periculi
2150 1745 2182 1763 ex
2200 1736 2304 1763 indicio
2324 1736 2370 1763 fiet
2382 1737 2395 1764 ἔ

1341 1776 1416 1802 Idem
1428 1776 1524 1802 Heaut.
1536 1784 1563 1808 2,
1575 1783 1606 1806 4,
1617 1783 1636 1807 4
1665 1774 1736 1800 Nam
1750 1773 1820 1800 mihi
1836 1774 1914 1807 quale
1928 1773 2065 1808 ingenium
2080 1773 2205 1805 haberes,
2223 1772 2277 1799 fuit
2289 1771 2394 1799 indicio

1568 1809 1626 1836 Cic.
1638 1817 1688 1843 pro
1701 1809 1790 1834 Domo
1810 1817 1850 1834 110
1876 1811 1951 1842 Quae
1965 1809 2059 1835 domus
2078 1814 2133 1835 erat
2153 1809 2208 1843 ipsa
2226 1808 2330 1835 indicio
2350 1807 2393 1835 tui

1342 1844 1526 1876 crudeliffimi,
1544 1851 1591 1870 etc.

1341 1890 1389 1908 vos
1403 1881 1478 1906 eritis
1491 1879 1607 1912 iudices,
1627 1878 1735 1905 laudine
1750 1887 1782 1905 an
1795 1879 1865 1905 vitio
1879 1878 1941 1905 duci
1954 1879 2053 1905 facium
2070 1885 2200 1913 oporteat.

1344 1922 1399 1942 tus:
1419 1916 1524 1941 indicio
1538 1915 1607 1947 erit,
1627 1923 1677 1948 pro
1692 1914 1774 1940 Index
1793 1914 1853 1941 erit.

1342 1950 1378 1976 est
1393 1950 1525 1976 Heluetiis
1544 1959 1591 1983 per
1606 1948 1737 1975 indicium
1757 1949 1910 1980 enuntiata,
1936 1949 2059 1974 moribus
2077 1949 2129 1974 suis
2151 1949 2339 1983 Orgetorigem
2360 1957 2395 1976 ex

1341 1984 1455 2010 vinculis
1474 1985 1575 2011 causam
1590 1984 1678 2010 dicere
1691 1986 1842 2017 coe’gerunt.
1913 1983 1997 2009 Edere
2011 1983 2154 2015 indicium,
2181 1984 2235 2010 vid.
2255 1990 2326 2017 EDO,
2341 1984 2395 2012 dis.

1342 2020 1473 2047 Deferre:
1503 2019 1704 2053 Chirographa,
1723 2018 1937 2051 testificationeS,
1955 2018 2069 2052 indicia,
2089 2019 2254 2054 quaestiones
2267 2029 2325 2046 rem
2338 2029 2394 2047 ma.

1341 2055 1464 2082 nifestam
1479 2055 1602 2081 deferunt
1616 2056 1673 2083 Cic.
1685 2055 1716 2081 de
1729 2055 1799 2081 Clar.
1812 2056 1888 2082 Orat.
1901 2058 1955 2089 176.
2012 2056 2108 2082 Facere
2121 2056 2270 2088 indicium,
2290 2057 2395 2094 Signum

1343 2135 1369 2158 31
1386 2127 1466 2153 Nunc
1483 2135 1523 2152 res
1537 2126 1667 2152 indicium
1681 2126 1743 2151 haec
1757 2126 1837 2158 facit,
1858 2135 1912 2160 quo
1931 2126 2007 2160 paolo
2022 2126 2123 2152 fafium
2136 2127 2264 2153 voluerit.
2335 2128 2394 2154 Cic.

1341 2162 1404 2188 Diu.
1419 2162 1494 2187 Verr.
1509 2170 1541 2194 34
1566 2169 1588 2187 c.
1601 2166 1614 2191 8
1639 2162 1808 2195 Qtapropter
1822 2161 1840 2187 fi
1855 2162 1906 2188 tibi
1921 2161 2052 2189 indicium
2070 2163 2110 2196 (i.
2120 2162 2272 2198 factaltatem
2284 2169 2308 2189 et
2317 2169 2393 2199 pra?-

2042 1061 2159 1090 Drtefiio
2178 1063 2286 1089 alicuius
2303 1064 2392 1089 crimi-
2422 1055 2434 1080 ⁵·

1204 1096 1274 1122 Ibid.
1293 1112 1325 1138 25
1339 1102 1395 1130 nis,
1407 1097 1462 1132 fine
1480 1099 1609 1134 accusatio.
1646 1100 1701 1126 Cic.
1716 1107 1765 1134 pro
1778 1098 1884 1125 Cluent.
1899 1101 1942 1128 186
1962 1099 2011 1125 Tu
2025 1098 2173 1133 periculum
2184 1099 2288 1132 capitis,
2307 1103 2336 1125 tu
2349 1098 2391 1125 in-

1339 1134 1439 1161 dicium
1453 1134 1569 1168 sceleris,
1588 1142 1618 1162 tu
1631 1135 1751 1161 fortunas
1765 1135 1873 1161 alterius
1888 1134 1973 1161 literis
1987 1135 2145 1168 conscriptas
2163 1134 2191 1160 in
2205 1133 2338 1160 iudicium
2351 1133 2392 1160 af-
2411 1135 2427 1155 ἰ

1675 1205 1911 1232 Animiindicium
1929 1204 1985 1231 Cic.
2000 1205 2057 1240 post
2070 1206 2126 1233 red.
2139 1205 2169 1231 in
2183 1205 2267 1232 Senat.
2279 1213 2306 1239 7.
2342 1205 2392 1231 Be-
2455 1235 2456 1238 Ἴ

2187 1239 2391 1268 Coniurationis
2430 1240 2456 1274 35⁹

1722 1277 1832 1302 Doloris
1851 1277 1992 1311 praesentis
2013 1277 2087 1303 Idem
2101 1275 2198 1304 oetan.
2232 1278 2307 1304 Alias
2318 1275 2391 1303 Iudi·
2437 1272 2453 1305 f:

1834 1348 1952 1374 Naturae
1967 1348 2081 1374 clariora
2095 1348 2197 1374 indicia
2211 1349 2267 1374 Cic.
2282 1347 2314 1373 de
2329 1347 2390 1373 Fin.
2414 1345 2450 1381 -ῗρ,

1519 1385 1647 1411 Nominis
1665 1384 1698 1410 ad
1716 1383 1830 1417 indicia,
1850 1390 1876 1409 et
1891 1384 2080 1417 sempiternum
2094 1384 2198 1417 generis
2210 1383 2252 1409 sui
2268 1382 2393 1415 dedecus,
2432 1386 2439 1418 s

2235 1628 2256 1668 ff
2280 1639 2294 1656 2
2333 1631 2394 1657 For·
2434 1627 2437 1629 ⁵

1977 1702 2044 1729 Ter.
2058 1703 2155 1729 Heaut.
2173 1710 2197 1734 3,
2217 1709 2238 1734 1,
2255 1709 2269 1732 ς
2297 1701 2393 1728 Celent
2438 1689 2453 1718 “l

1697 1842 1766 1870 Ter.
1775 1844 1803 1869 in
1818 1843 2005 1877 prol.Adelph.
2019 1852 2038 1876 4
2059 1844 2162 1870 Indicio
2177 1843 2209 1869 de
2221 1843 2247 1870 se
2254 1844 2317 1896 7ipse
2331 1844 2396 1875 erit,
2426 1850 2453 1870 κ’.

1921 1914 1995 1940 Caes.
2010 1913 2075 1940 Bell.
2089 1914 2157 1940 Gall.
2172 1923 2193 1946 1,
2207 1921 2221 1946 5
2242 1880 2395 1947 iidlrgffnxavt

1340 2199 1415 2222 mium
1431 2196 1585 2229 indicandi)
1604 2196 1717 2222 Postulas
1731 2197 1804 2229 dari,
1826 2197 1898 2231 quod
1917 2203 2003 2224 tecum
2022 2207 2073 2225 vna
2087 2198 2198 2230 fecerit,
2219 2197 2352 2231 concedo,
2372 2198 2391 2225 fi
2433 2203 2447 2213 ”

1342 2232 1370 2258 id
1390 2232 1447 2266 lege
1467 2232 1641 2265 permittitur.

1343 2267 1362 2293 l.
1378 2276 1386 2292 1
1415 2267 1504 2299 Qiue
1519 2276 1602 2302 quum
1614 2266 1779 2301 magistratus
1795 2269 1869 2299 esset,
1890 2267 2034 2301 publicone
2053 2268 2156 2296 iudicio
2174 2271 2310 2304 praeesset,
2331 2278 2394 2304 ope-

1342 2311 1400 2329 ram
1415 2302 1532 2334 dederit,
1549 2311 1603 2337 quo
1617 2303 1677 2336 quis
1692 2302 1786 2328 falsum
1800 2303 1929 2329 indicium
1942 2302 2130 2337 profiteretur,
2149 2311 2179 2331 vt
2193 2306 2252 2340 quis
2266 2305 2391 2331 innocens

2070 2358 2076 2364 .
2093 2345 2144 2368 285.
2212 2339 2334 2365 Profiteri
2349 2340 2391 2365 in-

1345 2373 1462 2405 dicium,
1483 2381 1532 2408 pro
1554 2372 1669 2399 indicare
1691 2372 1791 2399 Sallust¹
1809 2372 1928 2407 Iugurth.
1948 2380 1993 2405 35,
2014 2348 2066 2400 6.Ρ
2109 2373 2176 2400 Plin.
2190 2374 2235 2408 Ep.
2250 2382 2270 2405 3,
2291 2376 2329 2406 16,
2350 2383 2388 2401 10.

1344 2409 1466 2435 Seruatus
1480 2408 1549 2435 tristi
1563 2408 1665 2435 indicio
1680 2409 1741 2434 Stat.
1754 2408 1845 2435 Theb.
1862 2417 1955 2441 3.4o4.
2150 2406 2170 2444 q
2190 2417 2204 2440 3
2238 2409 2390 2436 Praemium

1342 2445 1452 2475 indicis,
1472 2442 1505 2476 est
1519 2443 1662 2469 Indicium.
1704 2444 1760 2470 Cic.
1781 2453 1830 2478 pro
1850 2444 1926 2471 Rosc.
1942 2444 2031 2470 Amer.
2045 2449 2093 2477 107
2111 2451 2134 2469 e.
2149 2451 2182 2476 27
2206 2443 2233 2469 Si
2246 2452 2322 2476 eum,
2340 2444 2390 2479 qui

1343 2479 1438 2505 indicii
1458 2484 1558 2512 partem
1579 2480 1724 2512 acceperit,
1743 2480 1828 2506 oculis
1843 2479 1970 2509 cernetis,
1990 2478 2112 2513 poteritis
2125 2487 2158 2504 110
2176 2477 2314 2511 dubitare,
2329 2480 2391 2513 quie

983 2510 1024 2546 Est
1037 2519 1116 2538 autem
1132 2511 1281 2544 venditoris,
1297 2512 1329 2544 65
1344 2513 1469 2541 indicarit
1484 2515 1494 2540 3
1531 2515 1587 2540 Huc
1594 2516 1707 2548 pertinet
1721 2515 1787 2540 locus
1801 2515 1869 2540 modo
1881 2515 1997 2540 laudatus
2010 2515 2065 2540 Cic.
2079 2514 2142 2540 Diu.
2155 2513 2184 2540 in
2197 2515 2273 2541 Verr.
2285 2522 2319 2548 34
2337 2523 2358 2540 c.
2367 2519 2391 2544 8.
2423 2543 2425 2545 ,

1344 2549 1422 2584 Apul.
1437 2550 1501 2575 Met.
1517 2551 1534 2575 6
1558 2558 1583 2584 p.
1596 2551 1653 2583 176,
1670 2557 1699 2583 14
1723 2549 1766 2575 vbi
1780 2549 1887 2575 Elmenh.
1910 2548 2047 2574 Indicinae
2064 2549 2154 2581 babet,
2174 2549 2221 2575 alii
2233 2556 2298 2584 prae
2309 2549 2393 2585 fisc-

1342 2592 1402 2612 runt
1416 2584 1521 2611 Iudicii.
1593 2584 1761 2619 leian.inl.
1776 2583 1847 2611 Idem
1861 2582 1884 2621 §.
1899 2584 1925 2610 Si
1939 2583 1990 2610 tibi
2009 2585 2041 2610 D.
2056 2582 2087 2609 de
2101 2583 2179 2611 cond.
2192 2584 2227 2610 ob
2241 2590 2310 2619 turp.
2324 2585 2394 2611 caus.

1344 2621 1372 2647 Si
1385 2620 1436 2647 tibi
1449 2620 1579 2646 iudicium
1593 2619 1691 2646 dedero
1700 2640 1708 2652 ,
1727 2627 1756 2646 vt
1770 2620 1917 2655 fugitiuum
1929 2629 2018 2646 meum
2031 2619 2140 2646 indices.
2195 2617 2395 2656 Etpaullopqsi',

1346 2656 1395 2683 Sed
1410 2656 1426 2681 li
1440 2655 1495 2690 ipse
1510 2655 1555 2682 fur
1568 2655 1699 2682 indicium
1711 2664 1726 2681 a
1739 2664 1781 2682 me
1795 2656 1911 2690 accepit,
1931 2662 1977 2681 etc.

1381 2699 1391 2717 1
1400 2698 1422 2716 N
1432 2697 1450 2716 D
1459 2699 1468 2718 1
1477 2698 1493 2717 C
1503 2698 1525 2718 A
1534 2697 1554 2717 Τ
1564 2698 1574 2717 1
1585 2697 1604 2717 Ο
1613 2711 1621 2722 ,
1639 2691 1706 2717 onis.
1743 2691 1764 2717 f.
1800 2692 1934 2725 [τζαησις]
1969 2689 2117 2723 Aestimatio
2135 2700 2165 2717 ac
2179 2690 2298 2727 probatio
2314 2691 2392 2717 alicu.

1343 2731 1383 2754 ius
1403 2730 1455 2757 rei,
1467 2726 1520 2760 stuc
1535 2727 1696 2762 Appretiatio
1715 2735 1786 2761 quam
1804 2733 1902 2753 vocant.
1952 2726 2034 2752 Plaut.
2051 2727 2119 2752 Pers.
2138 2735 2167 2760 4,
2187 2736 2214 2761 4,
2233 2735 2266 2758 30
2291 2726 2394 2758 Indica,

1343 2764 1386 2790 fac
1400 2762 1524 2797 pretium.
1553 2769 1580 2788 D.
1598 2767 1642 2789 tua
1657 2770 1730 2788 merx
1744 2761 1788 2793 est,
1807 2767 1853 2788 tua
1868 2761 1997 2788 indicatio
2010 2760 2055 2788 est.
2092 2762 2158 2789 Plin,
2171 2771 2214 2794 22,
2226 2770 2266 2792 24·
2305 2763 2394 2788 Aliter

1343 2799 1403 2833 le.
1419 2798 1446 2824 in
1461 2798 1477 2823 l.
1494 2798 1611 2824 Iulianus
1632 2795 1654 2834 §.
1671 2806 1680 2823 1
1701 2797 1784 2833 infin.
1812 2797 1844 2823 D.
1859 2797 1892 2823 de
1906 2797 1956 2824 381.
1969 2804 2031 2824 emt.
2047 2803 2073 2823 et
2091 2797 2168 2824 vend.

2193 2797 2330 2830 Qioniam
2344 2795 2394 2832 qui
2428 2807 2431 2821 c

1735 2232 1883 2259 Marcianus
1902 2232 1934 2259 ad
1956 2233 2041 2265 legem
2061 2233 2215 2260 Corneliam
2235 2233 2267 2260 de
2286 2234 2394 2261 Sieariis
2440 2259 2444 2265 ,

1344 2835 1406 2866 scit,
1425 2841 1598 2867 praemonere
1611 2833 1706 2859 debuit
1716 2833 1804 2860 furem
1819 2833 1867 2860 else
1879 2843 1886 2859 ι
1911 2832 1955 2859 hic
1973 2841 2028 2859 non
2042 2832 2135 2860 debuit
2146 2833 2231 2860 facilis
2243 2833 2291 2859 ess'e
2309 2832 2342 2861 ad
2354 2838 2393 2858 te-
2432 2862 2439 2868 ,.

1381 2910 1676 2936 1NDICAT1vvs,
1694 2913 1719 2936 a,
1739 2913 1794 2930 um.
1831 2903 1892 2930 Adi.

1342 2943 1554 3005 Μαιῖίςέυοεαιιιὲ
1571 2949 1616 2975 quo
1633 2940 1749 2976 praesens
1763 2938 1837 2967 aHus
1849 2938 1987 2966 indicatur.
1998 2967 2006 2977 ·
2029 2938 2088 2966 Vici.
2101 2939 2181 2965 Mart.
2193 2936 2294 2971 Capell.
2306 2945 2328 2969 3,
2349 2957 2356 2964 .
2383 2956 2390 2964 .

1342 2978 1374 3004 Et
1413 2985 1419 3001 1
1441 2984 1522 3007 (11.1,
1557 2995 1563 3001 .

1380 3019 1390 3037 1
1402 3019 1423 3038 N
1432 3017 1451 3037 D
1461 3017 1469 3036 1
1479 3016 1496 3037 C
1509 3018 1530 3036 Α
1541 3017 1563 3037 Τ
1573 3016 1591 3036 0
1601 3016 1619 3036 R
1628 3029 1638 3043 ,
1666 3010 1732 3037 oris.
1767 3020 1803 3037 m.
1851 3009 1989 3036 Indicator
2017 3013 2127 3036 naturae
2150 3008 2318 3041 Anaxagoras
2343 3008 2390 3035 So-

1914 2902 1969 2937 fic,
1988 2903 2100 2930 Modum
2114 2902 2288 2929 Indicatiuum
2300 2902 2389 2928 Gram-
2426 2894 2435 2906 '⁹

1382 3090 1391 3108 1
1402 3090 1423 3109 N
1433 3089 1451 3108 D
1462 3089 1470 3107 1
1480 3087 1496 3107 c
1506 3087 1556 3107 AT
1566 3082 1615 3106 VR
1627 3086 1649 3107 A
1659 3100 1667 3112 ‚
1681 3089 1721 3107 ae.
1743 3080 1764 3106 f.
1799 3078 1956 3113 Aestimatio.
1992 3079 2058 3107 Plin.
2072 3078 2099 3104 in
2113 3078 2194 3111 praef.
2213 3087 2239 3112 p.
2253 3089 2280 3112 4,
2293 3085 2311 3113 7
2331 3079 2390 3107 Nec
2434 3083 2437 3086 '

1344 3118 1442 3146 fiducia
1454 3117 1542 3151 operis
1556 3115 1619 3142 haec
1634 3116 1684 3147 est,
1705 3115 1748 3142 sed
1761 3115 1924 3148 indicatura,
1949 3119 1968 3141 i.
1987 3125 2015 3141 ea
2026 3114 2080 3148 ipJa
2092 3116 2199 3139 nominis
2217 3117 2256 3140 tui
2268 3114 2392 3150 praescri-
2432 3131 2436 3141 2

1340 3158 1427 3190 ptione
1440 3154 1550 3188 pretium
1571 3153 1704 3177 conciliare
1724 3152 1851 3184 volumus,
1871 3152 1925 3178 dum
1945 3150 2082 3176 Indicamus
2099 3148 2164 3175 illud
2180 3153 2260 3181 tanti,
2280 3150 2346 3185 quod
2356 3157 2390 3177 rt·
2436 3163 2441 3184 '.

1346 3193 1396 3216 iam
1409 3189 1509 3224 Caesari
1529 3185 1619 3219 offerri
1628 3186 1711 3221 poffit.
1746 3187 1812 3213 Plin.
1827 3195 1870 3219 29,
1886 3195 1895 3212 1
1919 3185 1962 3212 Ne
1978 3184 2119 3211 auaritiam
2141 3183 2250 3224 quidem
2269 3194 2390 3219 arguam,
2429 3207 2447 3219 η.

1155 3242 1162 3247 .
1199 3223 1283 3249 Cuius
1301 3224 1330 3253 85
1347 3232 1504 3259 capacesque
1522 3221 1650 3248 nundinas
1669 3221 1842 3255 pendentibus
1862 3221 1938 3253 fatis,
1957 3225 1983 3247 et
2003 3218 2128 3246 dolorum
2147 3219 2339 3253 indicaturam,
2358 3229 2389 3248 ae
2434 3230 2435 3233 ¹

1347 3260 1441 3287 mortis
1454 3259 1576 3289 arrham,
1592 3263 1637 3283 aut
1650 3265 1743 3283 arcana
1756 3263 1898 3292 praecepta.
1933 3257 1971 3282 De
1987 3255 2105 3287 medias,
2123 3258 2167 3291 qui
2180 3256 2248 3282 velut
2261 3260 2390 3293 negotian-

1346 3304 1389 3323 tur
1406 3305 1461 3322 cum
1473 3296 1591 3331 aegrotis,

1348 3339 1388 3365 37,
1405 3339 1417 3356 2
1440 3331 1537 3364 Neque
1557 3328 1592 3354 est

1341 3369 1451 3401 pretium
1460 3385 1468 3397 ,
1488 3367 1593 3391 taxatio.

1630 3327 1692 3354 odie
1709 3327 1844 3355 murrhini
1860 3326 1969 3354 alterius
1988 3326 2162 3361 praestantior
2180 3326 2344 3360 indicatura,
2368 3330 2389 3355 i.

2030 3397 2186 3424 Demmtiare
2198 3397 2302 3433 aliquid.
2321 3398 2389 3425 Aur.

1349 3473 1454 3498 versum
1470 3472 1578 3498 Sabinos
1593 3475 1744 3500 nauauerat,
1763 3476 1809 3494 rex
1823 3474 1931 3498 creatus,
1950 3468 2049 3494 bellum
2062 3467 2171 3494 Albanis
2186 3468 2293 3494 indixit.
2329 3469 2387 3495 Cic.

1351 3508 1403 3534 Off.
1420 3517 1439 3539 ι,
1453 3510 1483 3539 36
1504 3507 1539 3533 Ex
1554 3513 1607 3540 quo
1621 3504 1733 3537 intelligi
1748 3502 1839 3537 potest,
1848 3504 1949 3529 nullum
1964 3503 2064 3529 bellum
2077 3503 2124 3529 effe
2138 3503 2300 3536 iustun1,nifi
2315 3503 2389 3538 quod

1349 3549 1395 3570 aut
1418 3543 1496 3570 rebus
1517 3540 1634 3575 repetitis
1655 3544 1774 3574 geratur,
1798 3545 1842 3564 aut
1860 3538 2042 3565 denuntiatum
2062 3545 2120 3565 ante
2135 3538 2181 3571 sit,
2200 3544 2225 3565 et
2246 3538 2388 3566 indicium.

2064 3574 2164 3600 Bellum
2184 3574 2288 3608 populis
2305 3574 2388 3601 Ouid.

1906 3609 2007 3636 Bellum
2025 3609 2223 3643 voluptatibus,
2239 3616 2286 3671 ger
2304 3616 2389 3636 trans-

2161 3645 2217 3671 Cic.
2257 3654 2271 3670 e
2285 3645 2387 3672 Senee'r.

1350 3616 1415 3641 Met.
1434 3617 1458 3645 6,
1474 3622 1515 3646 92.
1569 3610 1624 3637 Cic.
1639 3609 1717 3636 Catil.
1735 3617 1750 3634 2
1776 3618 1797 3634 c.
1811 3611 1835 3635 6.

1348 3651 1464 3676 lationem
1485 3646 1578 3674 dic‘lum
1590 3656 1598 3670 .·
1627 3645 1652 3671 h.
1667 3654 1685 3671 e.
1705 3645 1819 3680 Pugnare
1835 3644 1953 3680 aduersus
1971 3646 2117 3679 voluptates.

1349 3693 1383 3717 43
1405 3694 1426 3711 c.
1442 3693 1471 3717 14
1499 3680 1610 3716 Qiodbfi
1623 3688 1702 3714 quem
1720 3681 1799 3706 etiam
1823 3680 1870 3706 ista
1885 3680 2014 3706 delectant
2034 3682 2084 3711 (ne
2102 3681 2214 3706 omnino
2228 3680 2329 3707 Bellum
2347 3681 2389 3708 in-

1349 3721 1441 3747 dixisse
1454 3719 1544 3746 videat
1556 3715 1698 3750 voluptati,
1720 3716 1792 3741 cuius
1805 3716 1841 3741 est
1855 3716 1934 3742 etiam
1948 3716 2052 3742 fortafl‘e
2066 3715 2174 3749 quidem
2187 3715 2313 3742 naturalis
2331 3725 2389 3742 mo·

1349 3791 1517 3817 seneemtern⁴
1586 3772 1688 3812 §ellum
1708 3787 1794 3812 ventri
1813 3787 1908 3813 Horat.
1922 3786 2002 3813 Serm.
2023 3793 2049 3818 1,
2069 3793 2096 3818 5,
2116 3791 2137 3816 8-
2208 3786 2310 3812 Bellum
2329 3785 2388 3817 fibi,

1627 3292 1670 3317 uiti
1681 3292 1762 3325 dabis,
1775 3299 1803 3319 ut
1814 3293 1860 3319 hoc
1874 3292 1963 3321 dolore,
1982 3290 2027 3317 hoc
2039 3291 2120 3317 morbo
2132 3297 2156 3317 to
2168 3291 2285 3317 liberem?
2322 3291 2389 3318 Plin.
2421 3297 2423 3300 ’

1350 3827 1404 3853 Sibi
1424 3824 1470 3860 ipfi
1486 3825 1584 3850 noxium
1605 3820 1664 3853 tffifi.
1683 3823 1722 3847 vel
1730 3821 1781 3854 sthi
1800 3821 1847 3856 ipfi
1865 3821 2090 3861 noxiamjnferre.
2127 3821 2184 3847 Cic.
2200 3820 2232 3847 de
2246 3821 2303 3847 Fin.
2320 3830 2342 3854 ς,
2357 3830 2389 3854 29
2434 3843 2438 3846 .
2454 3835 2455 3846 1

1350 3861 1430 3887 Velut
1445 3859 1492 3894 qui
1507 3857 1553 3891 ipsi
1566 3856 1613 3882 fibi
1630 3856 1731 3882 Bellum
1744 3856 1903 3888 indixissent,
1911 3857 2022 3883 cruciari
2030 3856 2094 3888 dies,
2101 3855 2190 3882 noctes
2198 3857 2320 3890 torqueri
2334 3857 2389 3882 vel·

1348 3896 1411 3922 lent.
1483 3893 1587 3919 Choros
1600 3891 1666 3918 tibia
1681 3892 1778 3918 indixit
1790 3892 1863 3926 Virg.
1874 3893 1938 3918 Aen.
1953 3900 1985 3924 11,
1998 3899 2056 3925 737.

256 3918 310 3946 sere
323 3920 357 3947 est
369 3923 525 3950 arteriarum
541 3922 646 3958 pulsum
673 3923 698 3951 h.
713 3933 732 3950 c.
745 3924 819 3962 signa
831 3928 966 3956 morborum
979 3930 1124 3966 expulflhus
1136 3932 1284 3969 cognoscum
1293 3938 1338 3964 ¹05
1345 3928 1484 3963 iubsrefibi
1495 3937 1593 3956 coenam
1605 3931 1739 3963 imperari.-
1762 3927 1962 3961 Martial.11,50
1979 3925 2082 3955 Indixit
2095 3934 2205 3957 coenam
2217 3926 2291 3955 diues
2304 3927 2389 3954 amica

2325 3962 2386 3991 ubi.
2414 3976 2427 3991 .›

2127 3891 2245 3917 Coenam
2261 3892 2387 3925 indicere,
2411 3887 2432 3929 ,ζ
