2479 4225
292 186 358 225 435
670 162 829 205 Ev
918 161 953 199 0

295 261 410 293 Propert.
426 266 445 289 i,
458 264 482 291 7,
498 258 526 282 16
551 254 630 289 Quod
643 254 726 281 nolim
740 252 840 278 nostros
855 246 980 275 euoluisse
994 244 1066 277 deos,
1090 248 1108 270 i.
1122 241 1325 282 nolzmilludfa-

293 290 428 329 tum‚‘quod
441 299 463 317 te
477 300 558 317 amare
569 290 647 321 iubet,
667 293 715 315 iam
724 287 889 323 praeterierit.
932 282 956 307 V
955 283 1007 306 nice
1018 281 1064 307 huc
1071 280 1143 315 facit
1155 278 1235 304 Ouid.
1244 277 1322 311 Epist.

295 339 331 361 12,
344 338 361 361 4
382 328 478 359 Tunc,
496 335 562 361 quae
576 326 719 359 dispensant
733 320 852 348 mortalia
866 318 924 356 tila,
944 317 1046 342 sorores
1083 314 1233 341 Debuerant
1253 313 1323 338 fusos

294 363 418 390 euoluiffe
431 371 511 388 meos.
552 362 631 388 Tunc
646 359 718 394 potui
732 355 822 382 Medea
838 360 907 378 mori
923 351 996 377 benc.
1067 349 1139 376 Idem
1154 349 1217 374 Met.
1231 355 1268 380 15,
1282 356 1324 380 152

293 398 482 432 Trepidosque
497 397 654 429 obitumque
666 394 783 419 timentes
818 388 859 413 Sic
873 386 1018 418 exhortari,
1038 386 1184 418 seriemque
1198 383 1322 409 euoluere

293 435 342 460 fati
384 433 412 459 de
426 433 582 469 Pythagora,
603 430 739 455 declarante
745 425 809 460 fata
823 430 845 448 et
858 422 925 448 illam
937 423 1094 448 euolutionem
1108 418 1253 452 ostendente,
1265 427 1323 454 quae

287 454 391 505 propi-ie
405 470 536 495 Parcarum
550 473 606 500 opus
620 461 667 494 eli,
688 462 770 492 Quae,
785 465 814 484 vt
828 457 966 484 Claudian.
982 460 1018 483 ait
1036 457 1066 482 de
1081 457 1164 489 Raptu
1178 454 1294 487 Proserp.
1304 462 1324 485 1,

293 513 321 539 53
344 505 437 530 scriem
452 504 563 530 fatorum
577 498 670 532 pollice
683 496 788 526 ducunt,
808 494 949 527 Longaque
963 492 1067 519 ferratis
1080 491 1210 516 euoluunt
1222 489 1324 515 saecula

293 539 385 575 pensis.
670 530 736 557 Illud
753 533 801 555 iam
819 529 976 564 obstruat-unt
992 529 1083 553 attenti
1099 524 1201 552 lectores
1212 524 1325 560 superio-

1347 386 1361 412 5
1385 383 1538 417 phranoris,
1557 390 1583 411 et
1600 385 1743 416 Polycleti,
1763 390 1809 412 etc.

1770 153 1807 192 E
1886 153 1925 194 V
2012 155 2045 195 R
2351 159 2425 207 436.

1384 241 1499 269 Plurima
1520 243 1589 278 signa
1607 241 1764 269 nobiliffima
1784 250 1815 268 ex
1834 250 1893 269 aere
1912 243 2041 275 confecit,
2061 250 2120 280 quae
2136 249 2308 270 enumerantur
2325 253 2340 269 a
2354 244 2420 273 Plin.
2442 255 2447 259 ’

1384 286 1426 310 34,
1440 283 1461 308 8.
1518 281 1584 305 Idem
1598 285 1623 305 et
1637 278 1738 308 PiCmr,
1759 284 1784 303 et
1799 278 1990 305 Marmorarius
2009 280 2076 311 fuit,
2096 281 2123 305 in
2144 288 2306 314 vnoquoque
2325 289 2420 314 genere

1384 313 1529 346 excellens,
1544 315 1645 348 sibique
1659 313 1789 347 aequalis,
1805 311 1863 345 teste
1876 313 1952 340 eodem
1967 314 2031 340 Plin.
2047 323 2083 347 35,
2099 323 2129 340 ii.

1385 348 1516 381 Quinem.
1532 358 1567 382 12,
1583 357 1620 375 ιο.
1674 350 1735 376 Item
1751 349 1841 374 quen.
1856 348 1905 375 Sat.
1918 357 1940 381 3,
1954 358 1997 385 217
2013 350 2065 377 Hic
2079 349 2180 384 aliquid
2195 349 2358 384 praeclarum
2370 351 2422 377 Eu-

1422 425 1438 444 Β
1449 425 1468 444 ν
1480 426 1494 445 Ρ
1505 425 1526 445 H
1536 421 1611 446 RAT
1620 427 1636 446 E
1645 427 1657 445 S
1666 441 1674 454 ‚
1692 421 1722 445 is.
1742 429 1776 445 m.
1802 417 1968 453 [Εὖφροὲτης]
2005 421 2104 446 Fluuius
2119 417 2316 454 Mesopotamiae.
2352 420 2423 447 Stra.

1385 452 1413 479 bo
1421 453 1515 489 scribit
1528 455 1685 490 Euphratem
1700 465 1728 481 ex
1744 455 1854 489 Niphate
1867 460 1946 479 monte
1959 455 2100 488 Armeniae,
2119 464 2242 490 magnum,
2257 454 2422 490 profundum,

1385 495 1410 514 et
1428 490 1526 515 celerem
1542 501 1573 516 na
1587 494 1625 516 ci:
1652 493 1719 517 exire
1736 497 1813 516 autem
1827 493 1853 515 in
1867 498 1933 514 mare
1949 489 2063 522 rubrum,
2079 493 2153 525 prius
2167 497 2247 515 tamen
2261 491 2422 524 Bahyloniam
2433 496 2444 503 ”

1383 530 1429 558 per
1442 524 1544 550 medium
1575 526 1683 557 midere,
1702 532 1724 552 et
1741 527 1819 561 Tigri
1831 522 1986 550 corziianum
1999 525 2200 560 Mesopotamiam
2207 525 2304 560 facere.
2341 525 2422 552 Sallu-

293 585 362 607 ναηι,
382 573 495 605 diaeresin
509 574 534 596 In
547 570 590 595 hoc
603 566 673 593 verbo
687 567 764 594 locum
775 564 877 597 habere,
895 571 923 590 vt
937 566 1040 599 quinque
1055 560 1205 596 Syllabarum
1211 558 1249 594 fit
1261 567 1324 585 euo—
1340 564 1370 582 ιο
1387 558 1449 585 stius
1469 569 1560 595 quoquc
1578 563 1632 592 ait,
1651 566 1704 587 tam
1718 561 1814 596 Tigris
1834 568 1911 595 quam
1931 559 2072 593 Euphratis
2091 569 2118 586 in
2131 560 2256 587 Armenia
2273 560 2359 587 fontes
2379 561 2423 587 de-

294 611 382 642 luisse,
406 616 428 635 et
446 606 564 633 euoluain
581 608 694 638 quatuor.
856 634 861 639 ·
1128 634 1132 638 ι

329 654 346 673 E
356 652 425 671 VOL
435 645 482 667 V'T
494 648 511 665 v
522 646 534 665 S
545 658 551 669 ,
571 647 594 669 a,
615 646 667 663 um.
705 635 797 661 Partic.
830 635 891 661 Liu.
904 636 948 667 26,
963 642 990 666 19
1009 632 1037 659 de
1056 641 1131 668 angui
1148 631 1263 670 loquens,
1281 629 1322 654 In-

292 685 462 710 terucntuque
483 674 619 700 hominum
643 671 776 698 euolutair.
795 675 918 703 repente,
941 675 1019 703 atque
1042 677 1072 694 ex
1093 666 1176 693 oculis
1202 665 1321 705 elapsam.

292 715 395 744 Flueffus
414 714 467 738 sen.
482 711 557 735 Herc.
570 710 629 735 Oet.
647 708 664 733 s.
678 709 702 732 6.
774 705 918 731 Euolutum
937 704 1041 730 furfure
1055 703 1176 738 panicum
1190 700 1322 735 pinsitum,

291 753 316 780 b.
331 760 348 776 e.
361 747 467 783 jin-stuc
480 751 576 770 exutum
597 742 727 769 Columel.
744 749 767 771 2,
781 749 806 773 9.
1081 774 1084 778 .

291 795 335 810 νο
354 784 411 811 086
432 781 555 806 Libenter
568 779 637 804 enim
651 784 675 803 te
689 777 824 811 cognitum
837 775 890 802 iam
903 773 1039 805 artificem,
1052 772 1246 808 aliquandoque
1261 779 1323 796 euo-

289 803 372 845 fdmm
394 817 446 842 illis
463 814 646 849 integumentis
666 812 873 839 diffimulationis
895 816 969 843 tuae,
985 809 1164 843 nudatumque
1184 807 1322 848 perspicio.

289 855 372 880 Senec.
388 851 465 885 Epist.
481 858 511 885 75
550 850 696 876 Occurrent
721 847 774 873 aeti
801 847 830 872 in
851 846 977 877 exilium,
1007 851 1033 871 et
1054 844 1132 871 bonis
1155 843 1264 869 euoluti.
1301 851 1320 868 1.

284 889 415 915 deturbati.

321 930 338 949 E
352 929 369 947 v
381 929 400 948 O
410 929 425 946 L
435 928 455 947 v
465 928 505 948 Ti
516 928 550 953 o,
567 920 634 947 onis.
655 920 674 945 f.
710 917 875 952 [ἐνάπτυξις]
909 916 964 943 Cic.
977 915 1009 942 de
1023 916 1081 942 Fin.
1095 924 1114 947 1,
1128 921 1158 947 25
1178 922 1200 939 c.
1214 920 1230 947 7
1248 910 1321 945 Quid
1333 922 1368 940 20

285 958 427 990 historiae,
448 957 618 990 cognitioque
632 964 720 981 rerum
729 974 736 986 ,
757 952 821 987 quid
835 954 972 978 Poetarum
986 951 1124 977 euoluti03
1194 946 1235 981 Est
1249 951 1322 973 etiam

285 994 428 1023 Euoluti0‚
454 988 512 1018 ‘Vox
532 994 651 1017 militaris
670 989 760 1023 vsttata
783 987 959 1023 interpretibus
978 987 1125 1013 Graecorum
1148 983 1323 1014 Taflicorum,

283 1033 378 1066 quoties
395 1037 479 1065 agmen
491 1027 599 1054 ordinem
606 1026 677 1062 ficum
691 1032 713 1051 et
719 1025 831 1061 sormam
849 1029 928 1049 mutat
934 1021 1027 1059 subito.
1063 1021 1111 1049 Sed
1123 1020 1227 1047 nondum
1240 1021 1324 1045 inueni

284 1064 351 1101 apud
362 1066 486 1090 Latinum.
771 1072 773 1074 v

911 740 1052 774 Metaphor.
1085 739 1140 764 Cic.
1161 736 1193 762 de
1207 737 1280 762 Orat.
1296 743 1322 767 2,
1338 742 1365 769 ις
1384 745 1492 770 magnus
1511 736 1543 763 ad
1555 737 1646 763 Altum
1683 736 1816 764 Fulminat
1834 737 1991 770 Euphratem
2012 735 2093 763 bello.

1386 594 1536 621 monstrari.
1607 595 1743 628 Bo'e'thius,
1778 616 1785 622 .
1825 616 1832 622 .
1867 615 1873 621 .
1911 595 2006 629 Tigris
2028 600 2053 620 et
2071 595 2211 630 Euphrates
2231 604 2285 621 vno
2303 597 2328 621 se
2347 597 2425 623 fonte
2446 617 2450 621 ,

1385 630 1529 657 resoluunt.
1569 631 1628 656 Vid.
1643 631 1708 657 Plin.
1721 640 1744 664 5,
1755 640 1799 664 24.
1834 631 1865 657 Et
1878 630 1960 655 Solin.
1980 639 2001 655 c.
2018 637 2057 662 50.
2124 630 2179 657 Cic.
2194 631 2225 657 de
2240 630 2424 659 Namnneor.

1386 673 1409 698 2,
1425 674 1467 697 130
1490 666 1710 700 Mesopotamiam
1722 666 1839 694 fertilem
1859 664 1937 691 efficit
1951 665 2108 699 Euphrates,
2127 666 2157 692 in
2174 675 2252 701 quam
2272 668 2423 700 quotannis,

1385 701 1456 735 quasi
1471 710 1554 728 nouos
1568 710 1643 735 agros
1657 701 1769 728 inuehit.
1840 701 2042 735 Virgil.Ge0rg.
2056 710 2084 733 4,
2096 702 2139 730 561
2174 717 2218 721 —
2254 702 2346 728 Caesar
2359 702 2423 729 dum
2443 726 2445 728 .

2163 737 2323 769 Babylonius
2341 737 2424 766 Ouid.

1384 771 1449 797 Met.
1464 781 1486 804 2,
1500 777 1555 805 248.
1627 771 1704 799 Celer
1723 771 1860 798 Claudian.
1875 772 1952 798 Cons.
1967 772 2071 798 Honor.
2085 780 2114 804 4,
2129 776 2182 806 387.
2235 773 2331 799 Lucan.
2341 781 2364 805 3,
2373 775 2424 799 260
2435 773 2446 778 ”

1385 806 1489 841 Sparsus
1503 808 1531 834 in
1545 816 1621 842 agros
1651 807 1757 833 Fertilis
1772 807 1914 841 Euphrates
1927 806 2036 833 Phariae
2048 807 2106 833 vice
2120 807 2239 840 fungitur
2251 808 2351 841 vndae,
2372 817 2422 835 non

1384 845 1481 876 minus,
1496 852 1569 880 quam
1583 844 1660 869 Nilus
1673 851 1726 868 cum
1740 844 1796 868 limo
1804 842 1987 877 fecunditatem
2002 842 2097 878 adfert.
2168 841 2241 868 Idem
2254 852 2276 875 3,
2289 851 2339 879 257

1538 880 1652 912 Qiaque
1673 884 1749 912 caput
1766 877 1859 911 rapido
1877 878 1949 904 tollit
1967 887 2025 904 cuin
2039 876 2156 911 Tigride
2175 886 2284 912 magnus

1540 914 1699 948 Euphrates,
1721 921 1786 947 quos
1807 921 1862 939 non
1882 912 1990 940 diuersis
2009 913 2130 940 fontibus
2155 913 2210 940 edit

1539 949 1636 982 Persis,
1658 955 1683 975 et
1703 949 1848 979 incertum,
1867 948 1944 974 tellus
1963 948 1980 975 si
1997 949 2102 975 misceat
2120 957 2219 974 amnes.

1385 983 1521 1010 Tumidus
1536 985 1673 1011 Claudiam.
1690 985 1767 1011 Cons.
1783 984 1887 1010 Honor.
1900 992 1923 1016 3,
1936 991 1981 1018 70.
2050 985 2140 1018 Vagus
2158 984 2220 1010 Stat.
2237 983 2301 1010 Silu.
2315 990 2339 1017 5,
2351 992 2371 1016 i,
2382 988 2423 1018 89.

1386 1019 1528 1053 Euphrates
1542 1022 1707 1054 Metonymice
1718 1023 1833 1055 capitur,
1845 1026 1891 1054 pro
1906 1020 2018 1046 Orientis
2027 1021 2127 1055 populis
2139 1029 2153 1045 a
2172 1019 2205 1045 ud
2216 1019 2315 1054 Virgil.
2325 1019 2424 1055 Georg-

1385 1063 1406 1087 1,
1421 1063 1468 1087 509
1494 1056 1563 1082 Hinc
1584 1063 1674 1082 mouet
1689 1056 1845 1090 Euphrates,
1864 1054 1937 1080 illinc
1950 1055 2092 1082 Germania
2108 1054 2150 1081 bel
2164 1063 2218 1081 um.
2299 1055 2425 1090 Euphra·
2445 1062 2451 1071 ¹

322 1107 339 1126 E
351 1106 371 1125 v
383 1106 434 1126 OM
445 1105 463 1125 Ο
473 1118 481 1131 ,
497 1107 542 1130 ιιι,
562 1099 643 1129 itum,
665 1098 718 1123 ere.
753 1094 878 1128 [ἒξεμέω]
913 1093 992 1119 Extra
1008 1102 1111 1119 vomere.
1147 1091 1212 1117 Plin.
1229 1099 1273 1122 10,
1286 1098 1323 1122 40
1335 1094 1366 1120 25
1383 1095 1421 1115 tes
1436 1090 1491 1116 ibat
1503 1092 1556 1118 iani
1570 1092 1681 1118 mollior
1695 1092 1773 1118 vndis
1788 1090 1859 1116 Idem
1873 1091 1939 1116 Aen.
1954 1095 1976 1120 8,
1984 1093 2041 1124 726.
2067 1093 2086 1116 i.
2102 1088 2235 1122 Sentiens,
2253 1090 2324 1124 quali
2336 1091 2362 1116 se
2375 1090 2426 1117 esse

286 1135 373 1162 Platea
386 1135 472 1161 calore
485 1133 584 1159 ventris
603 1131 688 1159 coctas
701 1129 810 1157 conchas
830 1129 939 1155 euomit.
1011 1129 1067 1155 Cic.
1085 1128 1117 1154 de
1130 1128 1225 1154 Natur.
1240 1126 1322 1151 Deor.

287 1179 309 1202 2,
325 1179 370 1203 124
389 1179 409 1195 c.
425 1177 460 1202 49
480 1168 626 1202 Eademque
641 1166 702 1194 haec
723 1166 777 1192 auis
797 1164 921 1191 scribitur
934 1163 1040 1190 conchis
1059 1164 1083 1190 se
1098 1163 1181 1189 solere
1200 1161 1322 1200 implere,

286 1214 381 1240 easque
399 1213 482 1239 quum
498 1203 624 1229 stomachi
642 1202 728 1229 calore
747 1200 914 1232 concoxerit,
934 1208 1074 1231 enomere,
1093 1206 1137 1224 etc.
1210 1196 1321 1236 Vesbius

287 1241 407 1268 euomuit
423 1240 494 1274 ignes
508 1239 552 1265 Sil.
568 1246 606 1273 17,
620 1243 674 1270 598.
744 1236 798 1262 Cic.
812 1236 841 1262 in
854 1234 930 1262 Catil.
944 1244 969 1267 2,
985 1244 1000 1261 2
1021 1236 1096 1268 Qiae
1110 1233 1218 1268 quidem
1231 1232 1322 1258 laetari

1383 1126 1539 1160 superatum.
1595 1128 1636 1155 Sic
1649 1128 1722 1154 Seru.
1744 1125 1876 1165 Significat
1891 1126 2004 1152 Orientis
2013 1127 2118 1161 populos
2133 1123 2214 1152 viflos
2226 1125 2256 1151 ab
2267 1124 2387 1162 Augusto.

1421 1167 1437 1186 E
1447 1168 1468 1187 v
1476 1168 1491 1186 P
1500 1170 1520 1188 H
1529 1169 1548 1188 R
1559 1169 1579 1189 o
1590 1169 1604 1189 s
1613 1161 1638 1190 *1⁹
1646 1170 1668 1188 N
1678 1170 1698 1188 v
1709 1169 1751 1194 M,
1779 1170 1797 1187 1.
1832 1170 1858 1187 n.
1898 1160 1995 1192 Herba,
2015 1169 2074 1196 quae
2093 1160 2218 1198 Bugloffivs
2238 1162 2302 1187 alias
2320 1161 2427 1193 dicitur,
2447 1180 2449 1182 -

1376 1194 1430 1230 siue
1443 1196 1593 1233 Buglqffum,
1610 1198 1654 1225 boc
1666 1196 1698 1230 qli
1713 1199 1812 1233 Lingua
1825 1195 1909 1222 bubula
1919 1216 1927 1228 ,
1945 1199 2057 1231 quoniam
2075 1197 2174 1232 linguae
2191 1195 2260 1222 boum
2271 1195 2308 1230 fit
2320 1195 2428 1229 similis.-
2442 1205 2449 1209 ·

1376 1232 1473 1267 species
1486 1234 1622 1269 boraginis.
1657 1233 1724 1260 Plin.
1738 1241 1785 1265 25,
1800 1237 1813 1262 8
1833 1232 1955 1266 Iungitur
1976 1231 2037 1257 huic
2052 1231 2199 1265 buglossos,
2218 1231 2300 1258 boum
2320 1232 2427 1266 linguae

287 1276 357 1304 mihi
374 1276 493 1305 videtur,
518 1274 587 1308 quod
608 1279 705 1300 tantam
724 1272 819 1306 pestem
839 1272 1004 1303 euomuerit,
1025 1270 1149 1304 forasque
1168 1268 1321 1308 proiecerit.
1334 1273 1366 1297 30
1385 1267 1493 1301 similis,
1513 1270 1555 1295 cui
1573 1270 1759 1303 praecipuum,
1779 1266 1851 1302 quod
1868 1267 1897 1294 iu
1920 1267 2013 1293 vinum
2034 1267 2151 1299 deiefffl,
2176 1267 2259 1293 animi
2278 1267 2428 1302 voluptate·

284 1312 359 1340 Idem
372 1319 420 1344 pro
434 1309 527 1335 Milon.
541 1317 575 1343 79
595 1317 615 1335 c.
630 1316 664 1340 29
683 1308 748 1334 Non
763 1308 845 1333 timeo
859 1305 970 1337 Iudices,
989 1314 1022 1331 ne
1035 1305 1100 1331 odio
1115 1303 1320 1330 inimicitiarum

286 1355 403 1373 mearum
415 1346 604 1374 inflammatus,
623 1343 747 1370 libentius
762 1342 824 1368 haec
843 1343 870 1368 in
886 1342 959 1368 illum
974 1350 1098 1367 euomere
1113 1339 1219 1370 videar,
1240 1347 1321 1373 quam

285 1381 383 1408 verius.
453 1379 526 1406 Idem
540 1379 652 1414 Philipp.
669 1387 690 1411 5,
701 1387 735 1404 20
755 1377 785 1403 In
798 1386 840 1404 me
856 1377 986 1403 absentem
1003 1376 1152 1403 orationem
1172 1383 1220 1401 ore
1235 1375 1320 1408 impu-

285 1416 382 1444 riffimo
396 1416 524 1442 euomuit.
595 1416 664 1441 Iram
680 1414 706 1439 in
721 1413 836 1447 aliquem
850 1413 918 1439 Ter.
933 1412 1043 1446 Adelph.
1058 1420 1080 1444 3,
1097 1420 1122 1443 2,
1136 1419 1174 1443 14-
1246 1409 1321 1436 Idem

1377 1408 1514 1436 ''Eunleiuu

1898 1304 1954 1329 Alii
1967 1310 2046 1328 autem
2060 1303 2249 1337 Euphrosynen
2265 1309 2362 1329 vocant.
2436 1333 2438 1336 y

1420 1341 1593 1372 ΕνΡιΙῗΑ,
1622 1348 1660 1366 ae.
1695 1340 1715 1366 f.
1757 1338 1868 1371 Herba,
1894 1347 1946 1373 qua
1965 1337 2106 1372 perun&0s
2124 1338 2356 1365 commendatioris
2377 1337 2427 1365 esse

1383 1374 1470 1401 famae
1483 1375 1588 1402 tradunt
1602 1375 1675 1410 Magi
1700 1374 1767 1401 Plin.
1784 1381 1820 1407 25,
1837 1383 1873 1401 10.
1919 1373 1967 1400 Illa
1987 1377 2071 1400 virtus
2085 1377 2172 1409 potius
2184 1374 2306 1400 Eucleam
2319 1374 2428 1409 suadet,

1716 1408 1736 1447 ff
1765 1419 1780 1436 2
1819 1409 1904 1445 Insula
1924 1412 2002 1435 maris
2030 1410 2159 1443 Tyrrheni
2186 1412 2259 1436 iuxta
2285 1410 2426 1445 Neapolim.

1384 1308 1475 1337 auget,
1495 1310 1520 1330 et
1534 1310 1644 1331 vocatur
1657 1303 1861 1339 euphrosynum.

284 1451 396 1486 Adelph.
411 1460 432 1483 3,
446 1459 473 1483 4,
487 1453 517 1483 65
535 1450 600 1481 Ibo,
618 1459 645 1475 ac
660 1449 795 1482 requiram
807 1448 930 1474 fratrem:
956 1454 984 1474 vt
998 1448 1026 1473 in
1039 1456 1098 1473 eum
1112 1446 1174 1472 hacc
1188 1454 1320 1471 euomam.
1337 1453 1366 1480 35
1384 1445 1446 1471 Stat.
1462 1446 1525 1471 Silu.
1535 1454 1572 1485 J,
1587 1455 1609 1477 2,
1622 1453 1656 1480 79
1678 1445 1742 1472 Inde
1756 1445 1829 1480 vagis
1842 1454 1921 1471 omen
1933 1444 1998 1471 felix
2011 1445 2108 1480 Euplea
2126 1445 2230 1471 carinis.

284 1487 391 1516 Euomit
406 1488 429 1512 se
444 1486 522 1512 Nilus
536 1485 625 1510 multis
638 1484 756 1509 faucibus
769 1483 797 1508 in
812 1483 970 1517 Aegyptium
983 1491 1054 1509 mare
1068 1482 1133 1508 Plin.
1149 1489 1170 1514 5,
1185 1490 1208 1513 9.
1256 1482 1321 1507 Ora-

285 1523 386 1550 tionem
400 1530 430 1547 ex
446 1520 615 1555 impurissimo
628 1519 683 1545 Cic.
696 1518 809 1552 Philipp.
823 1525 846 1550 5,
854 1526 896 1544 20.
968 1517 1082 1544 Talenta
1092 1537 1099 1548 ,
1118 1521 1135 1542 i.
1150 1516 1248 1542 reddere
1260 1517 1322 1541 male

285 1565 383 1592 acce-pta
403 1556 475 1583 Idem
495 1557 523 1582 in
537 1556 620 1581 Pison.
634 1563 676 1588 90.
747 1554 778 1580 Et
799 1552 830 1578 de
845 1552 952 1579 Amicit.
966 1557 997 1584 89
1022 1552 1097 1586 Apud
1117 1559 1195 1585 quem
1215 1555 1323 1577 euomat

285 1594 361 1620 virus
388 1592 537 1618 acerbitatis
561 1591 627 1616 suae.
827 1585 848 1624 fl
883 1597 894 1613 2
933 1589 963 1614 In
982 1587 1067 1613 bonam
1083 1593 1182 1622 partem
1201 1585 1322 1611 Prudent.

287 1627 385 1662 Apoth.
395 1634 438 1659 595
459 1626 574 1652 Promite
587 1627 695 1651 secretos
709 1624 787 1656 fatus,
807 1623 864 1649 date
878 1622 984 1657 pandite
997 1622 1097 1649 librum
1133 1621 1258 1648 Euomuit
1272 1621 1322 1655 spi·
1330 1630 1367 1655 40
1387 1630 1406 1652 1,
1421 1630 1450 1654 4,
1464 1629 1473 1647 1
1495 1621 1605 1655 Eupolis
1623 1627 1702 1661 atque
1720 1621 2097 1656 Cratinus‘Aristophanesque
2114 1621 2223 1651 Poetae,
2243 1627 2288 1646 etc.

287 1668 362 1691 tante
374 1663 430 1688 Deo
451 1670 528 1695 quem
546 1660 646 1686 sanfihis
664 1660 756 1686 Esaias.

327 1704 344 1724 E
355 1704 375 1722 V
386 1703 405 1722 0
416 1703 534 1727 MENS,
554 1695 628 1723 entis.
662 1695 755 1721 Partic.
789 1693 838 1719 Ille
854 1698 977 1728 tanquam
995 1693 1066 1718 nisus
1082 1691 1230 1718 euomentis
1248 1690 1322 1717 adiu-

288 1738 363 1761 varet
377 1731 466 1758 Tacit.
481 1732 547 1757 Ann.
566 1739 599 1761 ιε,
612 1732 656 1763 67,
671 1738 690 1761 3.
1305 1759 1311 1764 .

324 1773 464 1798 EVONVS,
485 1767 502 1792 i.
527 1766 546 1791 f.
583 1763 706 1798 [Εἵίωνος]
748 1763 834 1790 Insula
854 1762 885 1788 ad
900 1763 998 1795 Athon,
1018 1770 1116 1788 nouem
1137 1767 1172 1786 M.
1187 1761 1246 1794 pass.
1266 1759 1324 1785 lati-

288 1802 395 1833 tudine,
417 1809 482 1834 quae
499 1800 578 1826 hodie
592 1798 748 1833 Peparethus
761 1804 878 1825 vocatur.
920 1799 976 1824 Via.
992 1798 1056 1823 Plin.
1073 1806 1100 1829 4,
1116 1804 1152 1822 12.

322 1841 508 1865 EVONYMOS,
530 1834 547 1859 i.
585 1835 604 1860 f.
641 1833 797 1868 [Εὐώνυμος]
833 1833 918 1869 Insula
938 1832 970 1866 es}
990 1842 1039 1859 vna
1058 1840 1087 1857 cx
1107 1831 1235 1857 Uulcaniis
1248 1840 1255 1853 .·
1286 1831 1324 1855 ita

286 1869 355 1898 dista
364 1890 371 1902 ‚
391 1868 454 1905 quod
471 1878 482 1894 e
495 1869 604 1903 Lipara,
623 1871 650 1893 in
663 1869 773 1894 Siciliam
787 1868 963 1903 nauigantibus
967 1866 1073 1901 sinistra
1087 1865 1220 1899 offeratur.
1257 1864 1324 1890 Nam

287 1905 396 1938 εὐώνυμα
415 1905 503 1930 Graeci
519 1902 575 1928 κατ’
588 1901 741 1935 εὖφημιτμδν
760 1902 970 1933 vocantstnijslra.
1008 1898 1086 1927 Αιιέἶ.
1102 1899 1181 1925 strab.
1190 1903 1215 1924 6.
1254 1898 1323 1924 Add.

286 1942 353 1969 Plin,
368 1949 390 1974 ς,
406 1948 442 1973 19·
636 1934 656 1973 ff
677 1945 688 1961 2
726 1933 766 1968 Est
782 1939 838 1960 item
851 1936 1016 1965 Euonymos,
1035 1934 1138 1963 Arbor,
1155 1933 1184 1957 de
1197 1941 1243 1966 qua
1257 1932 1324 1957 Plin.

287 1986 321 2009 ¹3,
337 1985 367 2002 22
385 1983 426 2011 pr.
446 1975 502 2001 Nec
516 1972 672 2007 auspicatior
685 1971 712 1997 in
727 1969 812 1996 Lesbo
832 1969 915 1994 insula
928 1968 1024 1999 arbor,
1045 1975 1112 2001 quae
1130 1971 1240 1991 vocatur
1258 1965 1324 1990 Euo·
1337 1970 1369 1995 50

287 2021 396 2044 nymos‚
417 2019 469 2036 non
483 2008 608 2035 absimilis
621 2004 849 2041 Punicaewarbori,
871 2005 940 2029 inter
953 2011 1011 2029 eam
1030 2007 1056 2028 et
1070 2001 1176 2028 laurum
1194 1999 1257 2027 folii
1271 2007 1324 2026 ma-

286 2047 426 2083 gnitudine
462 2059 506 2065 ——
543 2043 628 2070 statim
645 2042 742 2078 pestem
759 2040 931 2072 denuntians,
951 2045 997 2065 etc.

667 2105 693 2136 E
790 2103 818 2134 V
921 2102 943 2133 P

325 2162 343 2182 E
352 2162 395 2182 Vi>
404 2162 423 2181 Α
433 2161 449 2180 1.
459 2161 480 2181 Α
488 2160 540 2179 Μν
549 2159 573 2185 S,
591 2152 609 2178 i:
630 2160 665 2178 m.
691 2149 797 2177 Daedali
806 2155 880 2185 pater
887 2147 955 2185 fuit,
964 2145 990 2180 fi
1002 2145 1113 2173 audimus
1124 2143 1251 2183 quosdam,
1259 2142 1325 2180 apud
1340 2145 1370 2174 55

290 2191 361 2218 Seru.
376 2190 408 2216 ad
421 2192 483 2215 Aen.
497 2192 523 2221 6,
537 2197 580 2221 14:
602 2186 774 2219 Ἐυποίλοιμος,
785 2194 897 2211 manuum
906 2181 1084 2219 praestantiam
1099 2188 1178 2209 notat.

326 2232 527 2253 EVPAToui
540 2231 578 2255 A,
592 2232 629 2249 ae.
649 2223 668 2249 f.
690 2222 714 2258 s.
736 2225 1018 2251 EVPATORIVM,
1045 2219 1062 2244 i.
1083 2227 1108 2244 n.
1145 2214 1326 2251 [εὐκατώριον]

289 2261 396 2289 Herbae
409 2269 503 2295 genus,
523 2260 604 2297 caulis
620 2257 721 2292 lignoli,
737 2256 899 2291 nigricantis,
914 2253 1020 2286 hirsuti,
1035 2253 1156 2280 cubitalis
1171 2251 1325 2286 aliquando,

290 2303 317 2323 et
332 2296 475 2331 amplioris.
512 2295 576 2320 Plin.
593 2302 626 2327 25,
641 2296 666 2320 6.
703 2295 810 2319 Putatur
823 2289 865 2325 effi·
883 2300 909 2317 ca
923 2290 1010 2322 herba,
1031 2299 1102 2325 quam
1118 2287 1274 2323 Diofiorides
1287 2289 1325 2312 ait

290 2342 305 2358 a
318 2333 418 2358 Latinis
432 2331 614 2365 Agrimoniam
628 2329 733 2361 vocari,
749 2335 820 2364 atque
838 2330 875 2353 ita
894 2335 983 2362 quoque
999 2327 1072 2360 vulgo
1091 2325 1235 2360 appellatur.
1274 2324 1325 2348 No·
1332 2327 1368 2352 60

288 2376 342 2394 men
360 2367 430 2394 habet
451 2366 480 2392 ab
499 2375 553 2402 rege
567 2364 734 2396 Mithridate,
753 2367 792 2390 cui
811 2370 940 2398 cognomen
955 2361 1013 2397 fuit
1032 2362 1164 2394 Eupator,
1178 2359 1227 2399 spe.
1242 2357 1324 2397 Strah.

288 2412 335 2430 ιο.
531 2400 551 2439 fl
578 2410 593 2427 z
629 2400 784 2434 Eupatoria,
820 2396 1006 2436 [Εὐπατῲρια]
1041 2395 1231 2434 Paphlagoniae
1250 2400 1325 2435 oppi-

286 2437 351 2500 gpm
374 2445 390 2499 ἓ
414 2435 569 2463 Mithridate
593 2435 750 2468 conditum,
780 2432 853 2469 quod
873 2433 964 2460 Amiso
991 2430 1112 2458 ιυηξὶυιιι
1137 2430 1212 2457 fuisse
1233 2429 1327 2465 scribit

317 2482 353 2499 in.
398 2492 405 2504 ,
425 2480 448 2498 2.

1419 1488 1436 1507 E
1445 1488 1465 1507 V
1475 1488 1489 1506 P
1499 1488 1515 1507 1.
1524 1488 1543 1507 ο
1553 1488 1569 1508 C
1578 1481 1600 1507 A‘
1609 1488 1631 1507 M
1642 1488 1661 1506 V
1671 1488 1700 1514 S,
1718 1490 1742 1514 a,
1761 1490 1815 1507 uin.
1853 1480 1912 1507 Adi.
1949 1481 2088 1513 Comalum,
2108 1482 2148 1506 vel
2161 1483 2333 1506 concinnatum
2345 1485 2428 1507 notat-

1383 1516 1470 1542 Lucil.
1488 1516 1554 1553 apud
1569 1517 1641 1542 Non.
1651 1524 1670 1548 i,
1684 1523 1723 1548 155
1741 1516 1901 1550 Euplocamo
1914 1515 2004 1550 digitis
2018 1516 2272 1548 discerniculumque
2286 1514 2392 1548 capillo.

1421 1550 1586 1577 EVPGLIS
1599 1571 1607 1582 ,
1628 1550 1687 1576 i'dis.
1706 1560 1741 1577 m.
1764 1550 1905 1586 [Εῧπολις]
1943 1551 2042 1587 Priscae
2065 1550 2203 1577 Comoediae
2220 1550 2334 1585 scriptor
2351 1549 2427 1584 suit.

1384 1589 1427 1621 qui
1447 1589 1512 1612 vitia
1526 1587 1614 1621 populi
1632 1595 1722 1621 magna
1740 1596 1792 1612 cum
1812 1587 1925 1612 libertate
1942 1585 2115 1621 reprehendit,
2134 1584 2163 1611 de
2176 1593 2222 1621 quo
2235 1585 2330 1611 Horat⁶
2341 1584 2427 1646 sliri-s·

2373 1628 2387 1646 e
2414 1637 2426 1646 .

1386 1665 1412 1690 1,
1431 1665 1479 1691 124
1510 1655 1612 1683 Audaci
1631 1665 1783 1691 quicunque
1804 1657 1888 1682 afflate
1909 1657 2020 1683 Cratino
2056 1657 2157 1682 Iratum
2177 1656 2215 1681 Eu
2235 1655 2332 1681 olidem
2351 1662 2425 1694 prae-

1387 1692 1482 1726 grandi
1496 1701 1554 1718 cum
1570 1693 1630 1718 sene
1648 1692 1743 1726 palles.
1792 1691 1949 1726 Eupolidem
1963 1692 2060 1719 iratum
2078 1698 2151 1717 vocat
2163 1692 2210 1717 Per
2220 1699 2276 1723 ius,
2295 1692 2360 1725 quast
2379 1690 2427 1716 Ve-

1386 1728 1492 1753 hementi
1509 1730 1550 1753 ira
1568 1730 1595 1752 in
1614 1728 1737 1754 hominum
1754 1730 1821 1754 vitia
1839 1725 1971 1754 inueHum.
2025 1727 2139 1762 Eupolin
2158 1729 2185 1752 in
2197 1725 2346 1762 Accusatiuo
2366 1723 2431 1750 dicio

1385 1762 1454 1786 Hor.
1468 1761 1549 1786 Serm.
1567 1770 1588 1791 2,
1600 1770 1621 1793 3,
1636 1770 1672 1788 12.
2118 1763 2121 1764 ⁷

1422 1801 1644 1826 EVPOMPVS,
1665 1796 1683 1820 i.
1711 1805 1746 1821 m.
1782 1796 1848 1821 Plin.
1862 1804 1898 1828 35,
1919 1805 1948 1822 10
1979 1797 2109 1824 Praeclari
2121 1796 2234 1824 Pictoris
2245 1803 2361 1827 nomen,
2380 1793 2430 1829 qui

1388 1829 1480 1855 docuit
1492 1829 1656 1862 Pamphilum
1673 1829 1771 1863 Apellis
1789 1836 1992 1864 praeceptorem.

1423 1871 1470 1891 Ev
1483 1870 1691 1895 PokisTVS‚
1710 1873 1733 1896 a,
1753 1873 1807 1890 um.
1844 1865 1904 1891 Adi.
1942 1865 2015 1900 Quod
2030 1868 2120 1901 parari
2134 1865 2217 1900 facile
2231 1862 2328 1900 potest,
2347 1863 2431 1890 Medi-

1386 1905 1550 1924 camentorum
1570 1899 1703 1933 epitheton.
1752 1899 1862 1926 Theod.
1874 1900 1996 1927 Priscian.
2021 1908 2044 1927 et
2058 1901 2117 1927 oct.
2132 1901 2269 1927 Horatian.
2283 1899 2394 1925 Praefat.
2408 1907 2429 1926 1.
2446 1896 2450 1902 “

1386 1939 1409 1957 et
1431 1940 1456 1963 1,
1477 1940 1515 1957 21.

1423 1971 1439 1990 E
1449 1971 1468 1989 v
1478 1973 1493 1991 P
1503 1964 1522 2004 ci
1531 1973 1549 1991 R
1559 1972 1580 1991 v
1589 1972 1602 1991 s
1611 1984 1619 1997 ,
1636 1966 1654 1991 i.
1673 1975 1709 1991 m.
1747 1967 1901 2002 Seruus-suit
1915 1969 1942 1993 C.
1957 1969 2074 2000 Gracchi,
2089 1968 2136 2002 qui
2149 1967 2332 2001 dominum-ex
2343 1969 2430 1996 Auen.-
2445 1997 2448 2001 ,

1387 2001 1445 2026 tino
1458 2000 1604 2033 fugientem
1613 2019 1621 2031 ,
1640 2009 1692 2039 qua
1705 2001 1792 2034 potuit
1805 2002 1908 2028 ratione
1921 2008 2018 2029 tutatus
2031 2003 2081 2034 est,
2101 2012 2129 2029 ac
2143 2004 2219 2038 super
2231 2004 2361 2037 occisum,
2374 2005 2430 2032 ani-

1388 2044 1457 2062 mam
1470 2035 1544 2061 [ciffis
1556 2043 1666 2069 proprio
1677 2035 1786 2062 vulnere
1801 2036 1945 2064 visceribus
1959 2037 2067 2071 effudit,
2083 2041 2166 2074 inquit
2177 2039 2297 2066 Macrob.
2306 2040 2354 2068 Sat.
2366 2048 2427 2074 1,11·
2462 2067 2463 2070 ,

1394 2071 1451 2099 Vid.
1467 2071 1536 2097 Vell.
1551 2079 1575 2101 2,
1590 2073 1614 2101 6,
1630 2072 1654 2097 6.
1673 2106 1679 2111 .
1700 2072 1770 2098 Max.
1781 2074 1807 2104 6,
1815 2077 1836 2104 8,
1844 2081 1866 2105 3.
1903 2079 1926 2099 et
1938 2073 2033 2100 Victor
2052 2083 2074 2100 c.
2089 2077 2128 2107 65.
2460 2073 2465 2080 ’

1421 2113 1490 2135 Evr
1499 2113 1520 2134 T
1529 2105 1547 2134 ἔ
1555 2113 1575 2134 R
1584 2111 1603 2132 0
1614 2112 1652 2140 Ν,
1671 2115 1691 2133 i.
1726 2116 1754 2135 n.
1790 2109 1875 2136 Herba
1891 2110 1957 2137 alias
1971 2109 2143 2142 Polytrichon
2155 2110 2234 2145 Apul.
2251 2120 2273 2138 c.
2287 2118 2323 2145 51.

1775 2182 1803 2214 E
1901 2183 1930 2214 V
2026 2183 2054 2216 R

1422 2256 1657 2284 EVRANIVM,
1682 2252 1701 2279 i.
1736 2261 1762 2280 n.
1799 2251 1943 2287 [Εὖροένιον]
1979 2252 2073 2279 Cariae
2090 2252 2215 2287 oppidum
2234 2252 2286 2285 est,
2306 2252 2439 2281 naum-'2

1386 2288 1532 2314 nass'eorum
1552 2287 1734 2314 iurisdie‘tioni
1751 2288 1783 2315 ab
1799 2288 1949 2315 Alexandro
1964 2296 2058 2321 magno
2073 2288 2231 2322 affignatum.
2269 2287 2334 2314 Plin.
2348 2296 2370 2321 5,
2382 2297 2426 2322 29.

1422 2329 1439 2349 E
1449 2329 1495 2349 VR
1506 2330 1522 2349 i:
1533 2330 1553 2350 o
1565 2330 1593 2354 s,
1631 2324 1741 2350 Gemma
1755 2323 1849 2351 nucleo
1870 2323 1958 2349 oliuae
1974 2322 2075 2349 fimilis.
2111 2323 2176 2349 rim.
2189 2331 2231 2357 37,
2249 2331 2286 2349 10.

1422 2357 1522 2385 EVRE*
1534 2365 1554 2384 'r
1569 2364 1588 2384 R
1602 2366 1667 2390 ON,
1688 2357 1706 2386 i.
1733 2368 1758 2386 n.
1789 2359 1813 2395 s.
1836 2364 2023 2385 HEVRETR
2035 2365 2054 2384 o
2066 2366 2103 2390 N,
2130 2357 2162 2391 est
2176 2368 2239 2384 emm
2254 2358 2299 2383 Gr.
2313 2357 2421 2394 ἓὶιμτμι.

1386 2394 1483 2420 Merces
1498 2395 1525 2420 ob
1538 2394 1657 2420 indicium
1673 2398 1710 2421 rei
1722 2398 1843 2421 inuentae.
1879 2393 1941 2428 le.
1955 2393 1972 2419 l.
1986 2402 2017 2426 43
2036 2392 2059 2429 ᾗ.
2072 2403 2088 2426 9
2106 2393 2133 2419 ff.
2148 2393 2179 2419 de
2193 2393 2281 2424 furtis,
2315 2422 2318 2424 Ὗ

1423 2436 1467 2455 Εν
1478 2437 1526 2456 RH
1537 2436 1554 2455 Y
1566 2436 1585 2455 T
1598 2436 1617 2455 Η
1630 2437 1652 2455 Μ
1663 2438 1718 2463 lA,
1747 2439 1786 2457 ae.
1821 2429 1842 2455 f.
1884 2428 2068 2455 Architeffiura
2090 2428 2187 2455 constat
2208 2428 2373 2455 ordinatione
2392 2431 2420 2454 et
2462 2447 2463 2452 ,

1388 2463 1575 2499 dispositione,
1595 2464 1762 2498 enrhythmia
1774 2471 1799 2492 et
1813 2465 1979 2497 symmetria,
2000 2471 2044 2490 etc.
2064 2464 2132 2490 Vitr.
2147 2473 2167 2496 1,
2183 2472 2200 2490 2
2214 2470 2257 2498 pr.
2295 2463 2334 2496 Est
2347 2468 2424 2490 autem

322 2515 338 2534 E
349 2515 368 2533 v
379 2513 544 2540 PATRiA,
563 2516 601 2534 ae.
636 2507 657 2533 f.
692 2508 730 2534 De
742 2507 843 2533 ultimae
850 2502 1049 2541 Jbrtitfemina,
1063 2508 1110 2538 per
1124 2502 1251 2534 ironiam,
1263 2498 1330 2534 apud
1341 2498 1372 2530 65
1390 2499 1558 2532 eui-hythmia
1576 2500 1711 2535 obseruatio
1730 2501 1825 2527 decoris
1844 2507 1866 2526 ee
1884 2503 2081 2532 conuenientius,
2100 2507 2128 2525 ut
2135 2499 2195 2535 filos
2215 2508 2255 2525 res
2269 2506 2371 2535 quaeque
2382 2506 2428 2524 nu·

309 2550 391 2569 etron,
410 2551 431 2569 e.
478 2562 484 2568 .

287 2544 308 2639 Ξ
324 2584 418 2637 Evrbi:
429 2550 529 2609 L317os,
564 2577 663 2611 Herba,
683 2578 716 2604 al.
734 2574 909 2612 Daphnoidcs,
929 2573 1068 2606 Laureolo,
1090 2570 1230 2600 Vifforiola
1250 2569 1327 2605 Apul.

310 2622 324 2639 e
336 2613 391 2638 Her
413 2631 418 2637 .
435 2620 456 2636 c.
472 2616 506 2640 ¹8.

325 2627 531 2676 EVPETAL³os‚
551 2642 570 2670 i.
596 2654 632 2670 m.
669 2645 841 2680 [εὐπέταλος]
889 2645 998 2671 Gemma
1015 2643 1068 2677 est,
1095 2648 1208 2679 quatuor
1229 2640 1326 2668 habens

292 2683 403 2714 colores,
422 2681 538 2714 igneum,
555 2679 717 2710 caeruleum,
736 2680 824 2709 minii,
843 2685 867 2705 et
885 2681 955 2706 mali.
992 2680 1057 2706 Plin.
1074 2681 1117 2712 36,
1131 2688 1168 2705 10.

292 2718 374 2745 Lauri
393 2725 490 2750 genus,
509 2713 582 2749 quod
600 2713 647 2740 alii
666 2713 848 2747 Daphnoides,
867 2715 913 2740 alii
934 2715 1084 2748 Pelasgum,
1110 2715 1156 2740 alii
1176 2711 1327 2747 Stephanon

291 2752 436 2780 Alexandri
456 2756 549 2777 vocant
565 2760 570 2775 :
603 2749 638 2775 est
657 2754 744 2774 autem
765 2748 851 2774 frutex
864 2749 994 2780 ramosus,
1020 2749 1137 2774 craffiore
1159 2757 1188 2774 ac
1200 2747 1327 2773 molliore

293 2796 372 2822 quam
387 2787 473 2813 laurus
487 2785 572 2816 folio,
593 2784 666 2810 cuius
680 2783 780 2818 gustatu
793 2782 941 2808 accenditur
956 2791 984 2807 os
1001 2783 1077 2816 atque
1089 2789 1195 2816 guttur,
1214 2782 1299 2809 baccis
1313 2790 1327 2808 e

293 2823 372 2857 nigro
385 2821 447 2848 rufis
460 2821 526 2846 Plin.
541 2827 564 2852 15
584 2828 604 2845 c.
620 2819 667 2845 vlt.
704 2818 787 2853 Diosc.
800 2826 828 2850 4,
846 2825 898 2848 143.

330 2865 347 2884 E
356 2864 376 2883 V
384 2864 398 2884 P
408 2864 427 2883 Η
437 2863 452 2882 Ε
462 2863 486 2882 Μ
495 2863 504 2881 1
513 2862 534 2881 A
544 2874 552 2886 ,
571 2863 610 2881 ae.
629 2854 648 2880 f.
678 2853 832 2887 [Εὐφημία]
863 2849 974 2884 Faustam
988 2852 1183 2877 acclamationem
1190 2849 1328 2886 figvzficat,
1341 2855 1373 2883 75

293 2894 334 2920 vel
350 2892 423 2919 verba
442 2898 506 2918 certe
523 2890 579 2916 boni
599 2892 703 2920 ominis,
718 2888 889 2923 silentiumque
908 2886 984 2919 adeo,
1007 2887 1127 2912 Graecis:
1161 2888 1213 2912 Dea
1232 2888 1329 2920 gratiae

293 2930 430 2956 Fortunat.
450 2926 467 2953 l.
482 2931 495 2956 8
514 2928 569 2961 qui,
581 2924 649 2959 Jicut
667 2931 690 2951 et
710 2923 798 2950 Sidon.
812 2924 899 2950 Carni.
915 2931 938 2955 2,
952 2927 1003 2955 482.
1022 2922 1237 2957 antepenultimam
1251 2922 1328 2945 corri-

289 2967 333 3001 pit
340 2986 348 2998 ‚
362 2962 409 2998 sed
423 2962 561 2997 perperam.

330 3006 346 3026 E
356 3005 376 3024 v
385 3005 400 3024 r
409 3004 428 3024 H
438 3004 454 3023 E
463 3002 526 3022 Mis
536 3003 560 3022 M
570 3002 590 3021 v
599 3001 612 3021 s
621 3014 629 3026 ‚
659 2993 678 3020 i.
714 3002 750 3019 m.
788 2994 880 3029 Figura
904 2993 1029 3020 rhetorum
1037 3012 1045 3025 ,
1071 3000 1142 3027 quam
1163 2991 1212 3017 late
1233 2987 1330 3016 traiciat

299 3033 364 3068 Voffi
381 3031 440 3066 Inst.
456 3033 529 3058 Orat.
545 3032 614 3057 Part.
628 3039 642 3057 2
657 3037 686 3066 p.
700 3033 754 3060 186.
776 3038 828 3056 cum
845 3028 919 3055 verba
931 3028 1027 3060 mollia,
1046 3027 1102 3053 benc
1116 3029 1238 3059 ominata,
1260 3034 1330 3061 quae·
1342 3030 1374 3055 80

294 3076 385 3098 runtur
398 3071 425 3094 in
438 3067 507 3094 rebus
519 3064 632 3098 molestis.

331 3112 347 3132 E
357 3111 377 3130 V
386 3111 400 3131 P
410 3111 429 3130 H
441 3105 459 3129 6
469 3110 490 3128 N
502 3101 511 3127 ἷ
521 3109 541 3128 Α
550 3122 558 3134 ,
577 3109 614 3127 ae.
636 3100 655 3126 f.
693 3099 837 3134 [Εὗφωνιά]
873 3100 942 3125 Bona
957 3107 1005 3124 uox
1013 3117 1021 3129 ‚
1035 3097 1135 3132 fhnitus
1147 3105 1231 3122 vocum
1244 3098 1331 3122 iucun-

295 3140 359 3167 dior.
396 3138 527 3172 Qninffil.
543 3146 562 3169 1,
577 3144 599 3168 5,
613 3145 630 3169 4
659 3135 718 3162 Sola
735 3135 785 3166 est,
806 3142 872 3169 quae
889 3134 974 3160 notari
996 3132 1084 3167 possit,
1104 3132 1175 3158 velut
1195 3131 1330 3163 vocalitas,

297 3184 362 3211 quae
376 3174 512 3208 Euphonia
526 3172 639 3203 dicitur,
657 3171 730 3196 cuius
749 3170 776 3196 in
797 3179 829 3195 eo
846 3169 961 3195 delectus
977 3168 1027 3199 est,
1048 3175 1075 3193 vt
1090 3168 1158 3193 inter
1171 3167 1241 3197 duo,
1263 3175 1330 3201 quae

296 3212 367 3238 idem
381 3209 530 3244 significant,
543 3216 570 3233 ac
585 3206 746 3233 tantumdem
761 3205 858 3237 valent,
871 3203 942 3240 quod
956 3203 1049 3230 melius
1064 3204 1135 3229 sonet
1148 3203 1233 3229 malis.
1271 3201 1330 3229 Vid.
1346 3209 1375 3237 85

298 3246 387 3273 Sidon.
401 3244 478 3279 Epist.
493 3253 515 3277 5,
534 3251 556 3276 5.
1217 3273 1222 3278 ι

334 3288 400 3308 EVP
410 3288 429 3307 H
440 3287 457 3307 o
467 3287 485 3306 R
497 3285 574 3310 ΒΙΑ,
595 3286 632 3304 ae.
669 3276 688 3302 f.
726 3273 884 3311 [εὗφᾶρξιον]
921 3273 1019 3306 Herba,
1038 3273 1066 3299 de
1080 3271 1172 3308 quafic
1185 3273 1251 3299 Plin.
1266 3280 1331 3306 25,7

298 3316 402 3342 Inuenit
416 3322 440 3342 et
455 3322 556 3349 patrum
569 3313 718 3339 nostrorum
732 3318 814 3338 aetate
828 3319 872 3336 rex
886 3309 958 3339 Iuba,
971 3318 1049 3344 quam
1063 3308 1203 3342 appellauit
1218 3308 1332 3341 euphor-

299 3351 381 3383 biam,
397 3351 491 3377 medici
504 3350 544 3376 sui
558 3348 665 3375 nomine
679 3353 704 3373 et
717 3347 804 3374 fratris
819 3347 915 3373 Musae.
957 3347 1060 3371 Dicitur
1081 3350 1104 3369 et
1124 3349 1330 3369 EVPHORBWM

300 3392 384 3412 neutro
421 3395 496 3412 encre.

300 3421 406 3455 Euphor
427 3423 481 3446 ium
501 3420 593 3447 dicitur
607 3418 723 3445 Macrob.
736 3418 786 3444 Sat.
803 3425 830 3451 7,
844 3424 864 3449 5.

339 3463 354 3481 Ε
364 3463 381 3481 v
392 3463 405 3481 P
414 3463 433 3481 Η
444 3463 462 3482 o
471 3463 489 3482 1<
499 3463 514 3482 B
524 3463 541 3481 v
552 3463 564 3482 s
573 3475 581 3487 ‚
602 3454 620 3480 i.
655 3463 690 3480 ui.
718 3451 874 3488 [Εὔφορβος]
914 3452 1040 3478 Troianus
1048 3470 1056 3483 ‚
1073 3449 1165 3476 Panthi
1178 3448 1252 3484 filius
1260 3468 1267 3479 ‚
1287 3451 1331 3484 qui

303 3491 441 3516 Patroclum
462 3493 613 3520 uulnerauit,
642 3485 791 3525 interfeHics
815 3487 844 3514 ab
865 3487 976 3519 Achille,
1002 3493 1030 3512 vt
1055 3483 1087 3518 est
1109 3484 1175 3520 apud
1194 3485 1331 3510 Homerum.

303 3524 456 3550 Panthoides
476 3525 629 3558 Euphorbus
649 3524 729 3551 Ouid.
744 3524 806 3550 Met.
827 3530 861 3556 ις,
882 3524 931 3548 161.
1126 3518 1146 3557 ff
1176 3528 1191 3545 2
1231 3520 1287 3545 Fuit
1309 3526 1331 3545 ct

1271 2674 1292 2712 ἢ
1314 2681 1371 2709 270

1387 2545 1464 2562 meros
1477 2536 1562 2561 habeat
1571 2555 1579 2567 ,
1596 2535 1654 2569 seu,
1668 2542 1696 2561 vt
1711 2536 1761 2571 ipse
1776 2535 1931 2566 Vitruuius,
1952 2534 1991 2560 Est
2008 2535 2112 2560 venusta
2132 2535 2242 2568 species,
2263 2532 2428 2562 commodus-

1389 2580 1440 2606 que
1454 2572 1482 2597 in
1497 2570 1732 2604 compositionibus
1746 2570 1927 2596 membrorum
1940 2569 2080 2603 adspectus.
2132 2570 2205 2595 Haec
2217 2568 2346 2601 efficitur,
2367 2571 2430 2595 cuni

1388 2606 1508 2633 membra
1522 2607 1609 2640 operis
1629 2606 1812 2632 conuenientia
1829 2606 1902 2637 sunt,
1921 2604 2067 2631 altitudinis
2086 2603 2118 2630 ad
2136 2603 2320 2636 latitudinem,
2340 2605 2430 2630 latita-¹

1388 2642 1457 2669 dinis
1476 2642 1508 2667 ad
1525 2641 1737 2675 longitudinem,
1755 2647 1780 2667 et
1798 2640 1831 2667 ad
1846 2641 1972 2666 summam
1991 2640 2081 2665 omnia
2099 2640 2271 2673 respondeant
2291 2639 2348 2665 suae
2361 2640 2440 2671 sym-'

1388 2677 1507 2705 metriae.
1578 2675 1652 2702 Ideni
1671 2679 1697 2708 6,
1711 2685 1724 2702 2
1744 2683 1808 2702 extr.
1836 2676 1905 2701 Cum
1920 2675 1997 2700 semel
2017 2674 2156 2700 constituta
2171 2674 2253 2701 fuerit
2266 2674 2429 2709 magnitudo,

1390 2715 1512 2747 sequatur
1524 2720 1581 2738 eam
1596 2711 1776 2746 proportionis
1791 2710 1822 2737 ad
1836 2710 1960 2737 decorem
1975 2710 2126 2745 apparatio,
2142 2710 2183 2737 vti
2199 2718 2254 2736 non
2271 2709 2302 2737 fit
2315 2710 2430 2738 confide-
2442 2716 2447 2733 ἠ

1390 2748 1510 2776 rantibus
1522 2747 1657 2781 adspectus
1672 2746 1860 2779 Eurhythmiae
1879 2745 1983 2772 dubius.
2361 2750 2363 2752 “
2446 2749 2449 2752 ’

1428 2790 1444 2808 E
1456 2789 1476 2807 v
1488 2783 1549 2808 Rip
1559 2782 1637 2814 sca,
1658 2791 1693 2808 es.
1729 2782 1749 2808 f.
1786 2784 1859 2808 Iunci
1869 2791 1953 2824 genus.
1988 2781 2054 2807 Plin.
2070 2789 2103 2813 21,
2118 2785 2152 2811 18.
2302 2814 2307 2815 .
2434 2792 2438 2798 ·

1425 2823 1443 2844 Ε
1453 2823 1474 2842 ν
1487 2823 1506 2842 R
1519 2818 1531 2842 1’
1540 2824 1555 2842 P
1566 2816 1602 2842 iD
1612 2824 1627 2842 E
1637 2823 1666 2849 S,
1687 2817 1717 2843 is.
1752 2826 1788 2842 m.
1824 2814 1985 2852 [Ευριπίδης]
2021 2815 2176 2851 Atheniensis
2197 2817 2273 2843 Poe'ta
2295 2817 2444 2852 Tragion,-

1388 2858 1462 2877 natus
1481 2860 1525 2885 quo
1543 2851 1582 2876 die
1603 2852 1697 2876 Xerxes
1717 2860 1760 2877 rex
1779 2851 1808 2878 ab
1825 2852 2013 2885 Atheniensibus
2023 2852 2133 2887 fugatus
2152 2849 2193 2884 est.
2247 2852 2305 2877 Fuit
2317 2855 2430 2886 primum

1389 2890 1416 2912 in
1428 2886 1560 2912 Rhetorica
1573 2886 1673 2911 Prodici
1689 2886 1837 2922 discipulus,
1856 2887 1942 2913 deinde
1956 2888 2065 2914 Socratis
2077 2890 2103 2912 in
2118 2884 2273 2920 Philosophia
2286 2896 2294 2910 .-
2316 2886 2351 2913 ad
2363 2889 2431 2914 Tra·
2457 2894 2459 2919 ξ

1389 2921 1499 2956 goediam
1514 2921 1655 2956 conuersus,
1670 2921 1769 2957 secutus
1787 2921 1820 2954 cst
1831 2925 2008 2958 Anaxagoram
2022 2932 2029 2946 :
2055 2921 2161 2947 Athenis
2177 2920 2302 2955 discedens
2315 2925 2384 2948 venit
2395 2921 2438 2949 ad.

1390 2956 1538 2982 Archelaum
1557 2955 1715 2982 Macedoniae
1734 2967 1829 2994 regem,
1855 2957 1921 2992 apud
1938 2966 2002 2992 quem
2028 2959 2055 2981 in
2073 2957 2162 2982 honore
2177 2956 2235 2991 fuit
2249 2966 2257 2981 .·
2287 2957 2429 2991 μισαγννῆς,

1391 2991 1420 3016 id
1433 2989 1465 3023 esi
1484 2991 1537 3026 osor
1549 2992 1690 3021 mulierum,
1707 2995 1734 3018 in
1753 3002 1812 3028 quas
1824 2992 1898 3028 stirpe
1917 2992 2059 3023 inuehitur,
2077 2998 2121 3016 ctc.
2179 2991 2291 3026 Plufiula
2311 2992 2338 3019 de
2356 2993 2428 3019 illius
2458 3019 2459 3023 ,

1391 3035 1491 3063 genere,
1509 3029 1577 3055 vita,
1598 3026 1720 3059 moribus,
1738 3036 1831 3060 morte,
1852 3033 1920 3053 notat
1939 3026 2005 3053 Gell.
2022 3034 2056 3058 15,
2072 3034 2114 3052 20.
2171 3027 2276 3063 Censura
2289 3028 2442 3055 Ciceronis,

1391 3062 1421 3088 de
1439 3060 1580 3096 Euripide,
1601 3061 1672 3087 Fam.
1692 3065 1735 3094 16,
1757 3068 1770 3092 8
1796 3061 1948 3097 Euripides,
1965 3064 2064 3096 inquit,
2083 3062 2124 3087 cui
2143 3067 2170 3087 tu
2191 3069 2316 3097 quantuni
2336 3063 2426 3091 creda's
2457 3067 2458 3071 ’

1393 3097 1500 3124 nescio:
1525 3105 1574 3130 ego
1588 3102 1658 3122 cei-te
1677 3097 1789 3131 singulos
1803 3099 1859 3124 eius
1873 3098 1975 3128 versus,
1997 3096 2093 3130 lingula
2111 3097 2167 3123 eius
2188 3098 2335 3125 testimonia
2354 3104 2428 3134 puto.
2474 3115 2477 3121 ι

1428 3139 1472 3159 Ev
1485 3138 1592 3158 air-in
1603 3132 1619 3157 1}
1630 3138 1648 3154 v
1660 3139 1689 3163 s,
1709 3141 1733 3165 a,
1754 3142 1807 3159 um.
1846 3133 1906 3159 Adi.
1943 3131 2118 3167 [Εὐριπίδειος]
2153 3133 2208 3159 Cic.
2220 3133 2331 3160 Tuscul.
2344 3143 2375 3168 3,
2395 3142 2427 3169 59
2477 3141 2479 3157 τ

1390 3168 1561 3202 Euripideum
1576 3175 1687 3194 carmen.
2448 3170 2450 3173 “

1427 3204 1572 3234 EvRiPVS,
1587 3203 1604 3228 i.
1626 3211 1659 3228 m.
1698 3202 1830 3237 [Εὖρῖπος]
1866 3203 1950 3229 Maris
1965 3208 2027 3236 pars
2041 3205 2106 3229 inter
2119 3203 2355 3231 Aulidem-Boeotiae
2366 3210 2434 3240 por-¹

1390 3246 1458 3271 tum,
1478 3246 1500 3264 et
1517 3239 1630 3264 Euboeam
1645 3238 1763 3272 insulam,
1784 3242 1853 3264 cuius
1867 3240 1976 3264 meminit
1990 3238 2070 3264 Strab.
2085 3248 2108 3272 9.
2164 3240 2195 3264 Et
2214 3239 2279 3265 Plin.
2295 3248 2320 3271 2,
2334 3248 2368 3274 97
2394 3241 2426 3268 Et
2439 3236 2445 3242 ⁹

1392 3274 1555 3309 quorundam
1569 3280 1654 3299 tamen
1668 3273 1769 3306 priuata
1783 3280 1875 3299 natura
1890 3273 1934 3304 e‘st,
1953 3273 2024 3299 velut
2035 3273 2254 3302 Tam-ominitani
2268 3274 2363 3309 Euripi<
2374 3276 2427 3302 sae·
2440 3282 2444 3287 ·
2456 3289 2457 3293 =

1392 3311 1459 3344 pius,
1473 3317 1498 3336 et
1513 3310 1541 3335 in
1553 3308 1659 3335 Euboea
1673 3309 1765 3342 septies
1779 3308 1822 3334 die
1838 3317 1865 3334 ac
1881 3308 1957 3334 noete
1971 3309 2163 3343 reciprocantis.
2201 3310 2274 3344 Cons-
2281 3310 2426 3338 Sen.Herc.
2455 3305 2457 3345 ‚l

1393 3346 1452 3372 Oet.
1467 3353 1527 3379 779.
1582 3344 1679 3369 Lucan.
1695 3352 1716 3375 5,
1730 3351 1781 3376 235.
1853 3344 1924 3369 Tam
1938 3344 2027 3377 rapida
2044 3352 2130 3371 autem
2145 3346 2313 3372 conuersione
2326 3346 2361 3372 est
2374 3347 2426 3373 Eu-

551 3384 615 3410 Plin.
629 3391 668 3416 25,
687 3391 714 3409 12
740 3382 812 3408 Facit
833 3388 858 3408 et
877 3380 1020 3407 claritatem
1035 3377 1210 3414 euphorbium
1226 3377 1374 3408 iun&i5.9o
1394 3381 1477 3420 ripus,
1497 3386 1535 3411 vt,
1548 3379 1741 3415 quemadmodum
1753 3377 1840 3404 auffor
1854 3376 1886 3410 cst
1900 3379 1978 3411 Mela,
1999 3386 2104 3413 ventos,
2117 3389 2145 3407 ac
2160 3380 2238 3406 etiam
2253 3381 2326 3414 plena
2339 3382 2426 3408 ventis

1393 3416 1498 3448 nauigia
1513 3416 1597 3440 secum
1610 3420 1704 3447 portet.
1775 3413 1828 3439 Cic.
1843 3413 1874 3439 de
1888 3414 1982 3440 Natur.
1998 3416 2076 3442 Deor.
2090 3425 2112 3448 3,
2128 3424 2162 3448 24
2186 3416 2256 3448 Quid
2271 3415 2438 3444 Chalcidico·
2456 3407 2457 3416 l

1393 3451 1492 3484 Euripo
1512 3451 1538 3475 in
1553 3456 1626 3475 motu
1642 3449 1787 3475 identidem
1804 3449 1989 3482 reciprocando
2008 3457 2079 3485 putas
2094 3451 2152 3477 fieri
2167 3452 2235 3485 posse
2249 3451 2426 3480 constantius?
2447 3447 2451 3451 ⁴

1394 3485 1501 3519 Euripi,
1525 3483 1635 3510 TraHus
1649 3483 1747 3519 angusti
1759 3488 1824 3510 inter
1838 3484 1901 3510 vada
1911 3495 1917 3509 .·
1942 3485 2003 3512 Plin.
2018 3489 2043 3517 6,
2056 3495 2082 3518 23
2101 3486 2165 3512 Inde
2181 3485 2275 3512 vadosa
2288 3488 2425 3521 nauigatio

1395 3520 1500 3555 palustri
1515 3519 1605 3545 similis
1619 3529 1624 3543 τ
1651 3529 1695 3553 per
1714 3520 1818 3553 euripos
1838 3525 1924 3546 tamen
1938 3522 2062 3554 quondam
2077 3522 2217 3556 peragitur.
2306 3522 2360 3549 Cic.
2375 3531 2424 3557 pro

303 3559 473 3593 Euphorbus,
494 3560 620 3591 Medicus,
644 3560 733 3586 Musae
747 3559 843 3591 frater,
863 3566 877 3584 a
890 3565 944 3592 quo
961 3556 1053 3582 diuum
1067 3555 1211 3590 Augustum
1231 3555 1332 3581 confer·
1347 3561 1378 3587 95
1397 3557 1521 3583 Muraena
1539 3562 1566 3586 35
1593 3555 1672 3587 Qvod
1692 3556 1761 3580 enim
1781 3556 1892 3587 fretum,
1911 3565 1988 3590 quem
2003 3558 2144 3591 Euripum,
2162 3562 2201 3583 tot
2214 3562 2315 3589 motus,
2331 3564 2424 3591 tantas,

304 3600 393 3621 vatum
406 3595 452 3619 effe
465 3594 559 3620 constat
575 3595 638 3621 Plin.
652 3603 691 3627 25,
707 3603 732 3629 7.

339 3635 542 3660 EVPHORiON,
562 3638 627 3654 onis.
649 3639 683 3656 m.

304 3665 364 3690 tulit
378 3663 481 3693 Gallus,
494 3662 588 3698 fifides
603 3665 683 3689 Seruio
697 3665 729 3690 ad
741 3665 836 3699 Virgil.
851 3663 903 3690 Ecl.
918 3671 956 3694 ιο,
968 3670 1007 3695 50.
1042 3661 1152 3687 Habebat
1166 3662 1206 3687 hic
1220 3661 1333 3696 quosdam

304 3702 342 3725 ita
356 3697 504 3731 dciiitossibi
519 3704 681 3728 aniatorer,vt
695 3709 745 3724 eum
754 3700 915 3734 praeferrent
923 3699 1007 3727 Ennio,
1021 3704 1044 3723 et
1058 3698 1160 3732 reliquis
1168 3698 1260 3728 Poetis,
1275 3705 1334 3731 quos

710 3628 861 3663 [Εὐφορίων]
898 3628 973 3654 Poeta
985 3625 1157 3660 Chalcidensis,
1174 3635 1241 3661 quem
1254 3632 1336 3651 tram·-

1396 3598 1448 3618 tam
1461 3590 1546 3617 varias
1560 3588 1655 3615 habere
1674 3591 1770 3623 putatis
1790 3591 1942 3625 agitationes
1962 3592 2106 3624 fluctuum,
2126 3597 2232 3626 quantas
2250 3593 2425 3625 perturbatio·
2454 3597 2456 3600 ”

1396 3635 1457 3659 nes,
1479 3633 1504 3652 et
1517 3631 1625 3660 quantos
1639 3625 1719 3650 aestus
1735 3625 1812 3651 habet
1831 3627 1899 3652 ratio
1918 3629 2087 3654 comitiorum
2103 3629 2111 3653 3
2179 3626 2251 3652 Prius
2266 3627 2369 3654 vicibus
2387 3628 2424 3655 al·
2455 3652 2456 3655 ,

1397 3663 1477 3689 ternis
1490 3662 1568 3695 fugax
1582 3659 1692 3694 Euripus
1706 3661 1772 3687 vnda
1789 3661 1865 3687 stabit
1878 3663 1991 3689 Euboica
2011 3663 2082 3698 piger
2100 3663 2184 3692 Senec.
2198 3662 2275 3689 Herc.
2295 3663 2346 3690 fur.
2365 3671 2424 3698 377.
2437 3660 2456 3693 ‚l

1396 3700 1434 3724 De
1452 3707 1478 3723 re
1495 3694 1641 3732 impqffibih'.
1829 3695 1855 3734 fl
1879 3706 1893 3723 2
1928 3699 2021 3732 Euripi
2040 3701 2112 3724 etiam
2131 3703 2153 3722 e!
2172 3697 2231 3723 Nili
2256 3705 2327 3724 erant
2347 3690 2432 3725 anate⁴
2455 3698 2456 3702 ¹

307 3741 392 3760 notare
406 3733 504 3759 uidetur
518 3732 572 3758 Cic.
585 3732 693 3758 Tuscul.
709 3742 730 3764 3,
742 3742 774 3767 45
792 3744 813 3760 c.
829 3743 857 3766 19
890 3734 933 3760 vbi
945 3731 1000 3768 post
1015 3735 1120 3759 recitata
1133 3731 1246 3767 quaedam
1261 3733 1387 3758 Enniiioo
1396 3731 1484 3758 dubius
1505 3738 1527 3758 ct
1543 3733 1606 3756 aluei
1625 3734 1704 3764 operis
1717 3730 1853 3765 summost,
1880 3736 1921 3768 qui
1941 3743 2027 3769 aquam
2049 3736 2076 3758 in
2097 3740 2183 3757 morem
2195 3734 2331 3766 fluuiorum
2369 3734 2424 3760 edu.

307 3772 416 3796 carmini
429 3768 517 3799 addit,
535 3768 559 3794 O
574 3768 676 3793 Po‘e'tam
691 3769 837 3802 egregium!
856 3777 1013 3803 quamquam
1027 3767 1060 3793 ab
1073 3766 1113 3793 his
1125 3766 1275 3792 cantoribus
1287 3767 1334 3792 Eu-

307 3804 444 3839 phorionis
459 3803 642 3829 contemnitur.
694 3803 747 3828 Cic.
763 3803 794 3828 de
808 3804 870 3829 Diu.
885 3813 918 3836 13¹
941 3813 961 3830 c.
977 3805 1012 3836 64
1027 3802 1075 3829 Ille
1089 3810 1153 3828 vero
1163 3802 1242 3828 nimis
1255 3802 1334 3827 etiam

306 3840 432 3867 obscurus
446 3837 599 3872 Euphorion
615 3848 619 3863 :
644 3842 669 3862 at
689 3845 741 3862 non
754 3839 892 3865 Homerus.
927 3839 992 3866 Add.
1006 3837 1115 3872 Quin&
1132 3846 1167 3867 10,
1181 3846 1198 3863 1.

342 3879 556 3902 EVPHRANO
568 3879 601 3904 R,
620 3873 683 3898 oris.
703 3881 736 3897 m.

756 3872 919 3906 [Εὐφράνωρ]
956 3876 1049 3900 Nomen
1062 3871 1186 3906 statuarii
1200 3871 1335 3906 laudatissi-

1396 3767 1461 3794 t‘lam
1481 3769 1648 3804 conciperent,
1659 3766 1735 3825 Aquod
1751 3767 1976 3803 autemfluuiorum
1995 3776 2017 3794 et
2029 3768 2098 3803 freti
2116 3768 2215 3802 angusti
2227 3787 2233 3797 ,
2254 3771 2322 3803 quale
2341 3770 2435 3795 Euboi-¹

1394 3812 1447 3829 cum
1467 3809 1538 3833 erat,
1549 3802 1656 3834 similitu
1676 3804 1736 3826 inem
1756 3802 1884 3833 haberent,
1902 3805 1955 3829 ideo
1968 3803 2067 3829 delicati
2086 3803 2124 3827 illi
2135 3803 2276 3837 splendidis
2290 3804 2426 3830 nominibut

1396 3837 1474 3864 Nilos
1488 3843 1511 3862 et
1524 3836 1635 3869 Euripos
1648 3837 1775 3862 vocabant.
1813 3838 1868 3864 Cic.
1882 3838 1913 3864 de
1927 3839 2005 3872 Legg.
2019 3846 2044 3869 2,
2057 3845 2072 3862 2
2094 3846 2114 3862 c.
2132 3845 2141 3862 i
2169 3838 2319 3872 Magnificas
2339 3839 2424 3872 villas,

1396 3879 1421 3898 et
1435 3872 1583 3906 pauimenta
1596 3880 1757 3903 marmorea,
1779 3878 1803 3898 et
1822 3873 1939 3907 laqueata
1957 3872 2023 3899 tedia
2043 3878 2191 3899 contemno.
2243 3874 2341 3900 Due'tus
2360 3882 2424 3900 vero

305 3913 356 3943 mi,
375 3908 486 3943 Isthmii,
504 3912 547 3945 qui
565 3907 593 3935 de
605 3907 752 3944 symmetria
771 3914 793 3933 et
805 3907 924 3934 coloribus
939 3911 1033 3945 aliquot
1047 3910 1171 3936 volumina
1184 3907 1335 3944 conscripsit.
1343 3915 1386 3944 105
1394 3916 1539 3943 aquarum,
1556 3914 1622 3942 quos
1641 3906 1684 3933 isti
1702 3907 1781 3934 Nilos
1800 3914 1826 3935 et
1842 3909 1952 3942 Euripos
1971 3908 2078 3938 vocant,
2098 3908 2159 3942 quis
2178 3916 2248 3941 non,
2263 3918 2344 3943 quum
2363 3909 2424 3935 haee

2328 3944 2424 3976 videat,

2169 316 2248 339 Huius
2268 317 2378 342 meminit
2397 322 2422 342 et
2462 336 2467 342 .
