<?xml version="1.0" encoding="UTF-8"?>
<!DOCTYPE html PUBLIC "-//W3C//DTD XHTML 1.0 Transitional//EN"
    "http://www.w3.org/TR/xhtml1/DTD/xhtml1-transitional.dtd">
<html xmlns="http://www.w3.org/1999/xhtml" xml:lang="en" lang="en">
 <head>
  <title>
</title>
<meta http-equiv="Content-Type" content="text/html;charset=utf-8" />
  <meta name='ocr-system' content='tesseract 3.04.00' />
  <meta name='ocr-capabilities' content='ocr_page ocr_carea ocr_par ocr_line ocrx_word'/>
</head>
<body>
  <div class='ocr_page' id='page_1' title='image "./novuslinguaeeter02gesn_0310.png"; bbox 0 0 2479 4225; ppageno 0'>
   <div class='ocr_carea' id='block_1_1' title="bbox 676 153 951 198">
    <p class='ocr_par' dir='ltr' id='par_1_1' title="bbox 676 153 951 198">
     <span class='ocr_line' id='line_1_1' title="bbox 676 153 951 198; baseline -0.022 1"><span class='ocrx_word' id='word_1_1' title='bbox 676 153 951 198; x_wconf 77' lang='lat' dir='ltr'>FAG</span> 
     </span>
    </p>
   </div>
   <div class='ocr_carea' id='block_1_2' title="bbox 283 239 1321 319">
    <p class='ocr_par' dir='ltr' id='par_1_2' title="bbox 283 239 1321 319">
     <span class='ocr_line' id='line_1_2' title="bbox 318 239 1320 281; baseline -0.013 -4"><span class='ocrx_word' id='word_1_2' title='bbox 318 248 545 277; x_wconf 59' lang='lat' dir='ltr'>FAGGTXLxs</span> <span class='ocrx_word' id='word_1_3' title='bbox 559 269 567 281; x_wconf 93' lang='lat'>‚</span> <span class='ocrx_word' id='word_1_4' title='bbox 590 256 614 275; x_wconf 86' lang='lat' dir='ltr'>e.</span> <span class='ocrx_word' id='word_1_5' title='bbox 650 247 710 275; x_wconf 85' lang='lat' dir='ltr'>Adi.</span> <span class='ocrx_word' id='word_1_6' title='bbox 751 246 801 275; x_wconf 79' lang='lat' dir='ltr'>Vt,</span> <span class='ocrx_word' id='word_1_7' title='bbox 825 240 956 276; x_wconf 80' lang='lat' dir='ltr'>Fagutalis</span> <span class='ocrx_word' id='word_1_8' title='bbox 975 239 1086 280; x_wconf 72' lang='lat' dir='ltr'>Iupiter.</span> <span class='ocrx_word' id='word_1_9' title='bbox 1120 275 1124 279; x_wconf 42' lang='lat'>·</span> <span class='ocrx_word' id='word_1_10' title='bbox 1141 239 1207 278; x_wconf 78' lang='lat' dir='ltr'>Plin.</span> <span class='ocrx_word' id='word_1_11' title='bbox 1229 239 1272 271; x_wconf 84' lang='lat'>16,</span> <span class='ocrx_word' id='word_1_12' title='bbox 1291 247 1320 265; x_wconf 86' lang='grc' dir='ltr'>ιο</span> 
     </span>
     <span class='ocr_line' id='line_1_3' title="bbox 283 276 1321 319; baseline -0.013 -7"><span class='ocrx_word' id='word_1_13' title='bbox 283 286 367 312; x_wconf 78' lang='lat' dir='ltr'>Roma</span> <span class='ocrx_word' id='word_1_14' title='bbox 388 285 510 311; x_wconf 80' lang='lat' dir='ltr'>siluarum</span> <span class='ocrx_word' id='word_1_15' title='bbox 533 284 740 319; x_wconf 80' lang='lat' dir='ltr'>distinguebatur</span> <span class='ocrx_word' id='word_1_16' title='bbox 757 277 913 312; x_wconf 76' lang='lat' dir='ltr'>infignibus,</span> <span class='ocrx_word' id='word_1_17' title='bbox 933 276 1051 310; x_wconf 81' lang='lat' dir='ltr'>Fagutali</span> <span class='ocrx_word' id='word_1_18' title='bbox 1067 277 1127 302; x_wconf 82' lang='lat' dir='ltr'>Ioui</span> <span class='ocrx_word' id='word_1_19' title='bbox 1144 281 1224 300; x_wconf 81' lang='lat' dir='ltr'>etiam</span> <span class='ocrx_word' id='word_1_20' title='bbox 1241 283 1321 306; x_wconf 87' lang='lat' dir='ltr'>nunc,</span> 
     </span>
    </p>
   </div>
   <div class='ocr_carea' id='block_1_3' title="bbox 281 308 1322 390">
    <p class='ocr_par' dir='ltr' id='par_1_3' title="bbox 281 308 1322 390">
     <span class='ocr_line' id='line_1_4' title="bbox 281 308 1322 355; baseline -0.012 -8"><span class='ocrx_word' id='word_1_21' title='bbox 281 322 328 347; x_wconf 88' lang='lat' dir='ltr'>vbi</span> <span class='ocrx_word' id='word_1_22' title='bbox 342 321 413 346; x_wconf 83' lang='lat' dir='ltr'>lucus</span> <span class='ocrx_word' id='word_1_23' title='bbox 428 320 519 355; x_wconf 80' lang='lat' dir='ltr'>fageus</span> <span class='ocrx_word' id='word_1_24' title='bbox 532 321 600 353; x_wconf 89' lang='lat' dir='ltr'>fuit,</span> <span class='ocrx_word' id='word_1_25' title='bbox 619 325 691 354; x_wconf 88' lang='lat' dir='ltr'>porta</span> <span class='ocrx_word' id='word_1_26' title='bbox 706 312 930 349; x_wconf 82' lang='lat' dir='ltr'>Qierquetulana‚</span> <span class='ocrx_word' id='word_1_27' title='bbox 950 312 1039 354; x_wconf 78' lang='lat' dir='ltr'>(quam</span> <span class='ocrx_word' id='word_1_28' title='bbox 1053 320 1068 354; x_wconf 80' lang='lat'>⁴.²</span> <span class='ocrx_word' id='word_1_29' title='bbox 1080 313 1213 353; x_wconf 75' lang='lat' dir='ltr'>Querceto</span> <span class='ocrx_word' id='word_1_30' title='bbox 1227 308 1322 350; x_wconf 68' lang='lat' dir='ltr'>diflam</span> 
     </span>
     <span class='ocr_line' id='line_1_5' title="bbox 282 345 1322 390; baseline -0.01 -9"><span class='ocrx_word' id='word_1_31' title='bbox 282 356 401 390; x_wconf 73' lang='lat' dir='ltr'>indicat)</span> <span class='ocrx_word' id='word_1_32' title='bbox 421 356 487 382; x_wconf 86' lang='lat' dir='ltr'>colle</span> <span class='ocrx_word' id='word_1_33' title='bbox 507 356 535 382; x_wconf 89' lang='lat' dir='ltr'>in</span> <span class='ocrx_word' id='word_1_34' title='bbox 550 365 629 390; x_wconf 89' lang='lat' dir='ltr'>quem</span> <span class='ocrx_word' id='word_1_35' title='bbox 646 353 748 380; x_wconf 89' lang='lat' dir='ltr'>vimina</span> <span class='ocrx_word' id='word_1_36' title='bbox 765 347 937 384; x_wconf 80' lang='lat' dir='ltr'>petebantur,</span> <span class='ocrx_word' id='word_1_37' title='bbox 962 356 979 372; x_wconf 85' lang='lat'>1.</span> <span class='ocrx_word' id='word_1_38' title='bbox 999 349 1132 378; x_wconf 75' lang='lat' dir='ltr'>viminali,</span> <span class='ocrx_word' id='word_1_39' title='bbox 1153 353 1199 371; x_wconf 79' lang='lat' dir='ltr'>etc.</span> <span class='ocrx_word' id='word_1_40' title='bbox 1255 345 1322 371; x_wconf 83' lang='lat' dir='ltr'>Luci</span> 
     </span>
    </p>
   </div>
   <div class='ocr_carea' id='block_1_4' title="bbox 283 383 1092 478">
    <p class='ocr_par' dir='ltr' id='par_1_4' title="bbox 283 383 1092 478">
     <span class='ocr_line' id='line_1_6' title="bbox 283 383 1092 426; baseline -0.007 -8"><span class='ocrx_word' id='word_1_41' title='bbox 283 392 415 426; x_wconf 79' lang='lat' dir='ltr'>Fagutalis</span> <span class='ocrx_word' id='word_1_42' title='bbox 431 393 511 419; x_wconf 88' lang='lat' dir='ltr'>etiam</span> <span class='ocrx_word' id='word_1_43' title='bbox 530 394 619 418; x_wconf 81' lang='lat' dir='ltr'>mentio</span> <span class='ocrx_word' id='word_1_44' title='bbox 635 387 701 425; x_wconf 80' lang='lat' dir='ltr'>apud</span> <span class='ocrx_word' id='word_1_45' title='bbox 712 387 787 412; x_wconf 88' lang='lat' dir='ltr'>Varr.</span> <span class='ocrx_word' id='word_1_46' title='bbox 802 384 831 409; x_wconf 94' lang='lat' dir='ltr'>L.</span> <span class='ocrx_word' id='word_1_47' title='bbox 847 383 876 409; x_wconf 92' lang='lat' dir='ltr'>L.</span> <span class='ocrx_word' id='word_1_48' title='bbox 890 391 917 416; x_wconf 89' lang='lat'>4,</span> <span class='ocrx_word' id='word_1_49' title='bbox 930 387 944 413; x_wconf 90' lang='lat'><strong>8</strong></span> <span class='ocrx_word' id='word_1_50' title='bbox 969 392 994 418; x_wconf 83' lang='lat' dir='ltr'>p·</span> <span class='ocrx_word' id='word_1_51' title='bbox 1010 390 1045 416; x_wconf 78' lang='lat'>13,</span> <span class='ocrx_word' id='word_1_52' title='bbox 1058 387 1092 412; x_wconf 86' lang='lat'>18-</span> 
     </span>
     <span class='ocr_line' id='line_1_7' title="bbox 513 440 943 478; baseline -0.007 0"><span class='ocrx_word' id='word_1_53' title='bbox 513 440 516 443; x_wconf 76' lang='grc'><strong><em>’</em></strong></span> <span class='ocrx_word' id='word_1_54' title='bbox 662 449 685 478; x_wconf 84' lang='lat' dir='ltr'>F</span> <span class='ocrx_word' id='word_1_55' title='bbox 794 446 822 476; x_wconf 85' lang='lat' dir='ltr'>A</span> <span class='ocrx_word' id='word_1_56' title='bbox 918 444 943 475; x_wconf 88' lang='lat' dir='ltr'>L</span> 
     </span>
    </p>
   </div>
   <div class='ocr_carea' id='block_1_5' title="bbox 280 176 342 214">
    <p class='ocr_par' dir='ltr' id='par_1_5' title="bbox 280 176 342 214">
     <span class='ocr_line' id='line_1_8' title="bbox 280 176 342 214; baseline 0.016 -1"><span class='ocrx_word' id='word_1_57' title='bbox 280 176 342 214; x_wconf 82' lang='lat'>591</span> 
     </span>
    </p>
   </div>
   <div class='ocr_carea' id='block_1_6' title="bbox 280 488 1325 1201">
    <p class='ocr_par' dir='ltr' id='par_1_6' title="bbox 283 488 1324 778">
     <span class='ocr_line' id='line_1_9' title="bbox 322 488 1323 530; baseline -0.009 -7"><span class='ocrx_word' id='word_1_58' title='bbox 322 505 339 526; x_wconf 71' lang='grc' dir='ltr'>Ρ</span> <span class='ocrx_word' id='word_1_59' title='bbox 349 506 394 526; x_wconf 76' lang='grc' dir='ltr'>Αῐ,</span> <span class='ocrx_word' id='word_1_60' title='bbox 404 507 425 527; x_wconf 81' lang='grc' dir='ltr'>Α</span> <span class='ocrx_word' id='word_1_61' title='bbox 434 505 451 526; x_wconf 92' lang='lat' dir='ltr'>c</span> <span class='ocrx_word' id='word_1_62' title='bbox 460 506 477 526; x_wconf 74' lang='grc' dir='ltr'>Ε</span> <span class='ocrx_word' id='word_1_63' title='bbox 486 506 519 530; x_wconf 81' lang='lat' dir='ltr'>R,</span> <span class='ocrx_word' id='word_1_64' title='bbox 554 497 595 523; x_wconf 85' lang='lat' dir='ltr'>Sic</span> <span class='ocrx_word' id='word_1_65' title='bbox 607 491 689 520; x_wconf 56' lang='lat' dir='ltr'>ditius</span> <span class='ocrx_word' id='word_1_66' title='bbox 701 490 762 528; x_wconf 83' lang='lat' dir='ltr'>fuit</span> <span class='ocrx_word' id='word_1_67' title='bbox 780 500 844 517; x_wconf 81' lang='lat' dir='ltr'>vnus</span> <span class='ocrx_word' id='word_1_68' title='bbox 853 491 998 517; x_wconf 84' lang='lat' dir='ltr'>Flaminum.</span> <span class='ocrx_word' id='word_1_69' title='bbox 1035 490 1121 516; x_wconf 84' lang='lat' dir='ltr'>Varro</span> <span class='ocrx_word' id='word_1_70' title='bbox 1134 488 1166 514; x_wconf 87' lang='lat' dir='ltr'>de</span> <span class='ocrx_word' id='word_1_71' title='bbox 1181 489 1210 515; x_wconf 85' lang='lat'>1..</span> <span class='ocrx_word' id='word_1_72' title='bbox 1220 489 1250 515; x_wconf 90' lang='lat' dir='ltr'>L.</span> <span class='ocrx_word' id='word_1_73' title='bbox 1258 497 1286 522; x_wconf 88' lang='lat'>4,</span> <span class='ocrx_word' id='word_1_74' title='bbox 1299 496 1323 521; x_wconf 92' lang='grc'>15</span> 
     </span>
     <span class='ocr_line' id='line_1_10' title="bbox 286 524 1324 569; baseline -0.011 -8"><span class='ocrx_word' id='word_1_75' title='bbox 286 543 352 569; x_wconf 67' lang='lat' dir='ltr'>p-zg</span> <span class='ocrx_word' id='word_1_76' title='bbox 384 543 400 569; x_wconf 85' lang='lat'>7</span> <span class='ocrx_word' id='word_1_77' title='bbox 422 544 474 561; x_wconf 87' lang='lat' dir='ltr'>cum</span> <span class='ocrx_word' id='word_1_78' title='bbox 488 530 597 564; x_wconf 70' lang='lat' dir='ltr'>dixisset,</span> <span class='ocrx_word' id='word_1_79' title='bbox 621 530 725 555; x_wconf 89' lang='lat' dir='ltr'>Horum</span> <span class='ocrx_word' id='word_1_80' title='bbox 746 526 841 561; x_wconf 83' lang='lat' dir='ltr'>singuli</span> <span class='ocrx_word' id='word_1_81' title='bbox 860 527 1019 560; x_wconf 86' lang='lat' dir='ltr'>cognomina</span> <span class='ocrx_word' id='word_1_82' title='bbox 1037 524 1134 552; x_wconf 84' lang='lat' dir='ltr'>habent</span> <span class='ocrx_word' id='word_1_83' title='bbox 1157 524 1189 550; x_wconf 89' lang='lat' dir='ltr'>ab</span> <span class='ocrx_word' id='word_1_84' title='bbox 1210 533 1243 550; x_wconf 93' lang='lat' dir='ltr'>eo</span> <span class='ocrx_word' id='word_1_85' title='bbox 1263 524 1324 557; x_wconf 63' lang='lat' dir='ltr'>dm,</span> 
     </span>
     <span class='ocr_line' id='line_1_11' title="bbox 285 556 1324 599; baseline -0.012 -1"><span class='ocrx_word' id='word_1_86' title='bbox 285 571 332 599; x_wconf 80' lang='lat' dir='ltr'>cui</span> <span class='ocrx_word' id='word_1_87' title='bbox 349 556 417 597; x_wconf 68' lang='lat' dir='ltr'>sacra</span> <span class='ocrx_word' id='word_1_88' title='bbox 437 569 554 595; x_wconf 83' lang='lat' dir='ltr'>faciunt:</span> <span class='ocrx_word' id='word_1_89' title='bbox 592 564 634 590; x_wconf 88' lang='lat' dir='ltr'>sed</span> <span class='ocrx_word' id='word_1_90' title='bbox 656 563 752 598; x_wconf 83' lang='lat' dir='ltr'>partini</span> <span class='ocrx_word' id='word_1_91' title='bbox 771 563 829 589; x_wconf 89' lang='lat' dir='ltr'>sunt</span> <span class='ocrx_word' id='word_1_92' title='bbox 850 568 954 597; x_wconf 88' lang='lat' dir='ltr'>aperta,</span> <span class='ocrx_word' id='word_1_93' title='bbox 975 561 1071 596; x_wconf 89' lang='lat' dir='ltr'>partim</span> <span class='ocrx_word' id='word_1_94' title='bbox 1089 560 1221 587; x_wconf 87' lang='lat' dir='ltr'>obscura:</span> <span class='ocrx_word' id='word_1_95' title='bbox 1257 563 1324 586; x_wconf 84' lang='lat' dir='ltr'>inter</span> 
     </span>
     <span class='ocr_line' id='line_1_12' title="bbox 285 596 1324 642; baseline -0.012 -9"><span class='ocrx_word' id='word_1_96' title='bbox 285 613 372 642; x_wconf 73' lang='lat' dir='ltr'>aperta</span> <span class='ocrx_word' id='word_1_97' title='bbox 387 604 470 630; x_wconf 69' lang='lat' dir='ltr'>deinde</span> <span class='ocrx_word' id='word_1_98' title='bbox 482 602 560 631; x_wconf 84' lang='lat' dir='ltr'>dicit,</span> <span class='ocrx_word' id='word_1_99' title='bbox 578 600 604 626; x_wconf 90' lang='lat' dir='ltr'>Si</span> <span class='ocrx_word' id='word_1_100' title='bbox 619 601 713 625; x_wconf 83' lang='lat' dir='ltr'>flamen</span> <span class='ocrx_word' id='word_1_101' title='bbox 728 598 865 624; x_wconf 61' lang='lat' dir='ltr'>Falacer‘a</span> <span class='ocrx_word' id='word_1_102' title='bbox 878 597 943 624; x_wconf 89' lang='lat' dir='ltr'>diuo</span> <span class='ocrx_word' id='word_1_103' title='bbox 957 604 1028 631; x_wconf 90' lang='lat' dir='ltr'>patre</span> <span class='ocrx_word' id='word_1_104' title='bbox 1043 596 1157 623; x_wconf 76' lang='lat' dir='ltr'>Falacre.</span> <span class='ocrx_word' id='word_1_105' title='bbox 1201 597 1259 622; x_wconf 86' lang='lat' dir='ltr'>Fuit</span> <span class='ocrx_word' id='word_1_106' title='bbox 1275 598 1324 632; x_wconf 78' lang='lat' dir='ltr'>igi-</span> 
     </span>
     <span class='ocr_line' id='line_1_13' title="bbox 285 633 1324 668; baseline -0.011 -1"><span class='ocrx_word' id='word_1_107' title='bbox 285 648 329 668; x_wconf 68' lang='lat' dir='ltr'>tur</span> <span class='ocrx_word' id='word_1_108' title='bbox 341 644 412 667; x_wconf 75' lang='lat' dir='ltr'>etiam</span> <span class='ocrx_word' id='word_1_109' title='bbox 425 641 472 665; x_wconf 80' lang='lat' dir='ltr'>Dei</span> <span class='ocrx_word' id='word_1_110' title='bbox 484 638 589 662; x_wconf 80' lang='lat' dir='ltr'>alicuius</span> <span class='ocrx_word' id='word_1_111' title='bbox 603 644 686 662; x_wconf 82' lang='lat' dir='ltr'>nomen</span> <span class='ocrx_word' id='word_1_112' title='bbox 700 634 815 661; x_wconf 79' lang='lat' dir='ltr'><strong>Falacer.</strong></span> <span class='ocrx_word' id='word_1_113' title='bbox 871 633 918 660; x_wconf 73' lang='lat' dir='ltr'>sed</span> <span class='ocrx_word' id='word_1_114' title='bbox 929 633 1002 659; x_wconf 84' lang='lat' dir='ltr'>Idem</span> <span class='ocrx_word' id='word_1_115' title='bbox 1017 635 1043 665; x_wconf 87' lang='lat'>6,</span> <span class='ocrx_word' id='word_1_116' title='bbox 1058 641 1069 664; x_wconf 92' lang='grc'>3</span> <span class='ocrx_word' id='word_1_117' title='bbox 1094 641 1118 666; x_wconf 93' lang='lat' dir='ltr'>p.</span> <span class='ocrx_word' id='word_1_118' title='bbox 1134 639 1178 666; x_wconf 88' lang='lat'>74.</span> <span class='ocrx_word' id='word_1_119' title='bbox 1195 638 1239 666; x_wconf 80' lang='lat' dir='ltr'>pr.</span> <span class='ocrx_word' id='word_1_120' title='bbox 1257 634 1324 657; x_wconf 70' lang='lat' dir='ltr'>inter</span> 
     </span>
     <span class='ocr_line' id='line_1_14' title="bbox 286 668 1324 710; baseline -0.01 -8"><span class='ocrx_word' id='word_1_121' title='bbox 286 686 325 703; x_wconf 78' lang='lat' dir='ltr'>eos</span> <span class='ocrx_word' id='word_1_122' title='bbox 343 675 436 710; x_wconf 76' lang='lat' dir='ltr'>referre</span> <span class='ocrx_word' id='word_1_123' title='bbox 454 672 566 702; x_wconf 74' lang='lat' dir='ltr'>videtur,</span> <span class='ocrx_word' id='word_1_124' title='bbox 589 680 689 706; x_wconf 86' lang='lat' dir='ltr'>quorum</span> <span class='ocrx_word' id='word_1_125' title='bbox 709 669 819 696; x_wconf 88' lang='lat' dir='ltr'>obscura</span> <span class='ocrx_word' id='word_1_126' title='bbox 838 669 874 695; x_wconf 84' lang='lat' dir='ltr'>est</span> <span class='ocrx_word' id='word_1_127' title='bbox 893 669 981 703; x_wconf 85' lang='lat' dir='ltr'>orig0.</span> <span class='ocrx_word' id='word_1_128' title='bbox 1037 669 1151 694; x_wconf 83' lang='lat' dir='ltr'>Mutauit</span> <span class='ocrx_word' id='word_1_129' title='bbox 1172 668 1214 694; x_wconf 88' lang='lat' dir='ltr'>hic</span> <span class='ocrx_word' id='word_1_130' title='bbox 1233 675 1324 703; x_wconf 81' lang='lat' dir='ltr'>quoque</span> 
     </span>
     <span class='ocr_line' id='line_1_15' title="bbox 283 704 1324 746; baseline -0.011 -7"><span class='ocrx_word' id='word_1_131' title='bbox 283 712 463 746; x_wconf 75' lang='lat' dir='ltr'>Scaligeranam</span> <span class='ocrx_word' id='word_1_132' title='bbox 483 705 610 733; x_wconf 65' lang='lat' dir='ltr'>helionem</span> <span class='ocrx_word' id='word_1_133' title='bbox 624 707 759 741; x_wconf 74' lang='lat' dir='ltr'><em>Scioppius.</em></span> <span class='ocrx_word' id='word_1_134' title='bbox 812 704 859 731; x_wconf 73' lang='lat' dir='ltr'>Sed</span> <span class='ocrx_word' id='word_1_135' title='bbox 876 714 924 730; x_wconf 85' lang='lat' dir='ltr'>non</span> <span class='ocrx_word' id='word_1_136' title='bbox 943 706 1001 730; x_wconf 83' lang='lat' dir='ltr'>licet</span> <span class='ocrx_word' id='word_1_137' title='bbox 1018 713 1082 730; x_wconf 84' lang='lat' dir='ltr'>nunc</span> <span class='ocrx_word' id='word_1_138' title='bbox 1101 706 1230 730; x_wconf 85' lang='lat' dir='ltr'>immorari</span> <span class='ocrx_word' id='word_1_139' title='bbox 1251 712 1324 738; x_wconf 80' lang='lat' dir='ltr'>argu-</span> 
     </span>
     <span class='ocr_line' id='line_1_16' title="bbox 284 738 1237 778; baseline -0.009 -6"><span class='ocrx_word' id='word_1_140' title='bbox 284 752 362 774; x_wconf 81' lang='lat' dir='ltr'>mento</span> <span class='ocrx_word' id='word_1_141' title='bbox 376 741 474 777; x_wconf 78' lang='lat' dir='ltr'>difficili</span> <span class='ocrx_word' id='word_1_142' title='bbox 493 749 516 768; x_wconf 77' lang='lat' dir='ltr'>et</span> <span class='ocrx_word' id='word_1_143' title='bbox 529 752 577 768; x_wconf 82' lang='lat' dir='ltr'>non</span> <span class='ocrx_word' id='word_1_144' title='bbox 590 751 687 778; x_wconf 82' lang='lat' dir='ltr'>magno.</span> <span class='ocrx_word' id='word_1_145' title='bbox 741 741 792 766; x_wconf 78' lang='lat' dir='ltr'>Hic</span> <span class='ocrx_word' id='word_1_146' title='bbox 804 740 866 766; x_wconf 88' lang='lat' dir='ltr'>illud</span> <span class='ocrx_word' id='word_1_147' title='bbox 882 739 950 765; x_wconf 85' lang='lat' dir='ltr'>modo</span> <span class='ocrx_word' id='word_1_148' title='bbox 962 738 1076 766; x_wconf 81' lang='lat' dir='ltr'><em>addimus</em></span> <span class='ocrx_word' id='word_1_149' title='bbox 1085 759 1093 771; x_wconf 90' lang='lat'>,</span> <span class='ocrx_word' id='word_1_150' title='bbox 1232 771 1237 776; x_wconf 28' lang='grc' dir='ltr'><strong>ι</strong></span> 
     </span>
    </p>

    <p class='ocr_par' dir='ltr' id='par_1_7' title="bbox 283 772 1324 882">
     <span class='ocr_line' id='line_1_17' title="bbox 321 772 1323 810; baseline -0.007 -5"><span class='ocrx_word' id='word_1_151' title='bbox 321 784 450 806; x_wconf 78' lang='lat' dir='ltr'>FALAC</span> <span class='ocrx_word' id='word_1_152' title='bbox 462 784 617 810; x_wconf 83' lang='lat' dir='ltr'>RINVM,</span> <span class='ocrx_word' id='word_1_153' title='bbox 651 779 738 803; x_wconf 80' lang='lat' dir='ltr'>vocari</span> <span class='ocrx_word' id='word_1_154' title='bbox 760 779 787 802; x_wconf 81' lang='lat' dir='ltr'>in</span> <span class='ocrx_word' id='word_1_155' title='bbox 806 776 897 802; x_wconf 87' lang='lat' dir='ltr'>Itiner.</span> <span class='ocrx_word' id='word_1_156' title='bbox 917 776 1014 801; x_wconf 84' lang='lat' dir='ltr'>Anton.</span> <span class='ocrx_word' id='word_1_157' title='bbox 1041 784 1065 809; x_wconf 89' lang='lat' dir='ltr'>p.</span> <span class='ocrx_word' id='word_1_158' title='bbox 1083 781 1132 808; x_wconf 86' lang='lat'>307</span> <span class='ocrx_word' id='word_1_159' title='bbox 1164 772 1259 806; x_wconf 77' lang='lat' dir='ltr'>lVeffel.</span> <span class='ocrx_word' id='word_1_160' title='bbox 1283 773 1323 798; x_wconf 87' lang='lat' dir='ltr'>vi-</span> 
     </span>
     <span class='ocr_line' id='line_1_18' title="bbox 284 808 1324 846; baseline -0.007 -5"><span class='ocrx_word' id='word_1_161' title='bbox 284 824 342 842; x_wconf 87' lang='lat' dir='ltr'>cum</span> <span class='ocrx_word' id='word_1_162' title='bbox 359 814 426 840; x_wconf 74' lang='lat' dir='ltr'>illum</span> <span class='ocrx_word' id='word_1_163' title='bbox 440 812 589 845; x_wconf 89' lang='lat' dir='ltr'>modicum,</span> <span class='ocrx_word' id='word_1_164' title='bbox 610 813 639 839; x_wconf 90' lang='lat' dir='ltr'>in</span> <span class='ocrx_word' id='word_1_165' title='bbox 658 812 760 839; x_wconf 77' lang='lat' dir='ltr'>Sabinis</span> <span class='ocrx_word' id='word_1_166' title='bbox 781 811 850 837; x_wconf 88' lang='lat' dir='ltr'>vltra</span> <span class='ocrx_word' id='word_1_167' title='bbox 864 812 960 843; x_wconf 81' lang='lat' dir='ltr'>Reate,</span> <span class='ocrx_word' id='word_1_168' title='bbox 980 810 1022 837; x_wconf 87' lang='lat' dir='ltr'>vbi</span> <span class='ocrx_word' id='word_1_169' title='bbox 1042 808 1211 846; x_wconf 70' lang='lat' dir='ltr'>Vespasianum</span> <span class='ocrx_word' id='word_1_170' title='bbox 1225 815 1324 844; x_wconf 78' lang='lat' dir='ltr'>patrem</span> 
     </span>
     <span class='ocr_line' id='line_1_19' title="bbox 283 846 1111 882; baseline -0.005 -7"><span class='ocrx_word' id='word_1_171' title='bbox 283 857 382 881; x_wconf 84' lang='lat' dir='ltr'>natum,</span> <span class='ocrx_word' id='word_1_172' title='bbox 402 852 440 875; x_wconf 76' lang='lat' dir='ltr'>ait</span> <span class='ocrx_word' id='word_1_173' title='bbox 457 849 564 875; x_wconf 87' lang='lat' dir='ltr'>Sueton.</span> <span class='ocrx_word' id='word_1_174' title='bbox 585 857 607 874; x_wconf 89' lang='lat' dir='ltr'>e.</span> <span class='ocrx_word' id='word_1_175' title='bbox 621 857 632 874; x_wconf 91' lang='lat'><em>2</em></span> <span class='ocrx_word' id='word_1_176' title='bbox 657 848 699 874; x_wconf 83' lang='lat' dir='ltr'>vbi</span> <span class='ocrx_word' id='word_1_177' title='bbox 718 855 798 874; x_wconf 77' lang='lat' dir='ltr'>tomen</span> <span class='ocrx_word' id='word_1_178' title='bbox 812 846 966 872; x_wconf 87' lang='lat' dir='ltr'>Phalacrine</span> <span class='ocrx_word' id='word_1_179' title='bbox 977 846 1111 882; x_wconf 80' lang='lat' dir='ltr'><em>scribitur.</em></span> 
     </span>
    </p>

    <p class='ocr_par' dir='ltr' id='par_1_8' title="bbox 280 879 1325 1201">
     <span class='ocr_line' id='line_1_20' title="bbox 323 879 1324 921; baseline -0.005 -10"><span class='ocrx_word' id='word_1_180' title='bbox 323 891 339 911; x_wconf 82' lang='lat' dir='ltr'>F</span> <span class='ocrx_word' id='word_1_181' title='bbox 349 892 369 911; x_wconf 83' lang='lat' dir='ltr'>A</span> <span class='ocrx_word' id='word_1_182' title='bbox 379 891 395 910; x_wconf 87' lang='lat' dir='ltr'>L</span> <span class='ocrx_word' id='word_1_183' title='bbox 405 892 426 911; x_wconf 82' lang='grc' dir='ltr'>Α</span> <span class='ocrx_word' id='word_1_184' title='bbox 439 890 456 911; x_wconf 74' lang='grc' dir='ltr'><em>Β</em></span> <span class='ocrx_word' id='word_1_185' title='bbox 466 904 474 916; x_wconf 87' lang='grc'>,</span> <span class='ocrx_word' id='word_1_186' title='bbox 487 884 513 921; x_wconf 90' lang='lat' dir='ltr'>s.</span> <span class='ocrx_word' id='word_1_187' title='bbox 530 891 574 911; x_wconf 81' lang='lat' dir='ltr'>PH</span> <span class='ocrx_word' id='word_1_188' title='bbox 585 891 699 916; x_wconf 71' lang='lat' dir='ltr'>ALAE,</span> <span class='ocrx_word' id='word_1_189' title='bbox 720 892 804 909; x_wconf 86' lang='lat' dir='ltr'>arum.</span> <span class='ocrx_word' id='word_1_190' title='bbox 826 882 847 908; x_wconf 91' lang='lat' dir='ltr'>f.</span> <span class='ocrx_word' id='word_1_191' title='bbox 877 882 981 908; x_wconf 86' lang='lat' dir='ltr'>Turres</span> <span class='ocrx_word' id='word_1_192' title='bbox 997 881 1108 916; x_wconf 83' lang='lat' dir='ltr'>ligneae,</span> <span class='ocrx_word' id='word_1_193' title='bbox 1127 882 1224 913; x_wconf 87' lang='grc' dir='ltr'>Ε1111.15</span> <span class='ocrx_word' id='word_1_194' title='bbox 1237 879 1324 906; x_wconf 84' lang='lat' dir='ltr'>Malos</span> 
     </span>
     <span class='ocr_line' id='line_1_21' title="bbox 281 918 813 953; baseline -0.004 -7"><span class='ocrx_word' id='word_1_195' title='bbox 281 920 432 952; x_wconf 70' lang='lat' dir='ltr'>‹ic-findunt,</span> <span class='ocrx_word' id='word_1_196' title='bbox 456 920 522 947; x_wconf 82' lang='lat' dir='ltr'>fiunt</span> <span class='ocrx_word' id='word_1_197' title='bbox 534 919 665 951; x_wconf 85' lang='lat' dir='ltr'>tabulata,</span> <span class='ocrx_word' id='word_1_198' title='bbox 685 918 813 953; x_wconf 88' lang='lat' dir='ltr'>falaeque.</span> 
     </span>
     <span class='ocr_line' id='line_1_22' title="bbox 281 953 1323 991; baseline -0.005 -9"><span class='ocrx_word' id='word_1_199' title='bbox 281 962 382 982; x_wconf 87' lang='lat' dir='ltr'>veteres</span> <span class='ocrx_word' id='word_1_200' title='bbox 403 962 511 990; x_wconf 90' lang='lat' dir='ltr'>propter</span> <span class='ocrx_word' id='word_1_201' title='bbox 529 955 687 991; x_wconf 62' lang='lat' dir='ltr'>spectatores</span> <span class='ocrx_word' id='word_1_202' title='bbox 706 963 720 981; x_wconf 92' lang='lat' dir='ltr'>e</span> <span class='ocrx_word' id='word_1_203' title='bbox 734 955 812 989; x_wconf 80' lang='lat' dir='ltr'>lignis</span> <span class='ocrx_word' id='word_1_204' title='bbox 833 953 1012 988; x_wconf 82' lang='lat' dir='ltr'>erigebantur.</span> <span class='ocrx_word' id='word_1_205' title='bbox 1049 954 1117 978; x_wconf 75' lang='lat' dir='ltr'>Haec</span> <span class='ocrx_word' id='word_1_206' title='bbox 1137 953 1208 979; x_wconf 88' lang='lat' dir='ltr'>Non.</span> <span class='ocrx_word' id='word_1_207' title='bbox 1224 961 1252 984; x_wconf 84' lang='lat'>2,</span> <span class='ocrx_word' id='word_1_208' title='bbox 1273 960 1323 984; x_wconf 89' lang='grc'>351.</span> 
     </span>
     <span class='ocr_line' id='line_1_23' title="bbox 281 988 1323 1027; baseline -0.004 -10"><span class='ocrx_word' id='word_1_209' title='bbox 281 991 352 1018; x_wconf 89' lang='lat' dir='ltr'>Seru.</span> <span class='ocrx_word' id='word_1_210' title='bbox 367 992 400 1017; x_wconf 82' lang='lat' dir='ltr'>ad</span> <span class='ocrx_word' id='word_1_211' title='bbox 414 992 478 1018; x_wconf 91' lang='lat' dir='ltr'>Aen.</span> <span class='ocrx_word' id='word_1_212' title='bbox 492 1000 517 1024; x_wconf 90' lang='lat'>9,</span> <span class='ocrx_word' id='word_1_213' title='bbox 531 999 580 1026; x_wconf 83' lang='grc'>705</span> <span class='ocrx_word' id='word_1_214' title='bbox 600 994 627 1017; x_wconf 86' lang='lat' dir='ltr'>in</span> <span class='ocrx_word' id='word_1_215' title='bbox 641 991 804 1017; x_wconf 78' lang='lat' dir='ltr'><em>declaratione</em></span> <span class='ocrx_word' id='word_1_216' title='bbox 817 989 965 1020; x_wconf 82' lang='lat' dir='ltr'>Falaricae,</span> <span class='ocrx_word' id='word_1_217' title='bbox 985 989 1044 1014; x_wconf 86' lang='lat' dir='ltr'>Hoc</span> <span class='ocrx_word' id='word_1_218' title='bbox 1057 995 1145 1015; x_wconf 86' lang='lat' dir='ltr'>autem</span> <span class='ocrx_word' id='word_1_219' title='bbox 1158 988 1212 1014; x_wconf 90' lang='lat' dir='ltr'>telo</span> <span class='ocrx_word' id='word_1_220' title='bbox 1226 996 1323 1027; x_wconf 69' lang='lat' dir='ltr'>pugna-</span> 
     </span>
     <span class='ocr_line' id='line_1_24' title="bbox 281 1024 1322 1061; baseline -0.005 -8"><span class='ocrx_word' id='word_1_221' title='bbox 281 1033 325 1054; x_wconf 86' lang='lat' dir='ltr'>tur</span> <span class='ocrx_word' id='word_1_222' title='bbox 344 1027 375 1053; x_wconf 91' lang='lat' dir='ltr'>de</span> <span class='ocrx_word' id='word_1_223' title='bbox 391 1027 525 1059; x_wconf 86' lang='lat' dir='ltr'>turribus,</span> <span class='ocrx_word' id='word_1_224' title='bbox 545 1035 609 1061; x_wconf 89' lang='lat' dir='ltr'>quas</span> <span class='ocrx_word' id='word_1_225' title='bbox 632 1026 719 1061; x_wconf 77' lang='lat' dir='ltr'>phalas</span> <span class='ocrx_word' id='word_1_226' title='bbox 736 1026 789 1053; x_wconf 81' lang='lat' dir='ltr'>dici</span> <span class='ocrx_word' id='word_1_227' title='bbox 807 1025 975 1051; x_wconf 81' lang='lat' dir='ltr'>manifestum</span> <span class='ocrx_word' id='word_1_228' title='bbox 996 1024 1052 1058; x_wconf 86' lang='lat' dir='ltr'>est,</span> <span class='ocrx_word' id='word_1_229' title='bbox 1072 1024 1140 1051; x_wconf 84' lang='lat' dir='ltr'>vnde</span> <span class='ocrx_word' id='word_1_230' title='bbox 1160 1031 1185 1050; x_wconf 88' lang='lat' dir='ltr'>et</span> <span class='ocrx_word' id='word_1_231' title='bbox 1205 1024 1233 1050; x_wconf 90' lang='lat' dir='ltr'>in</span> <span class='ocrx_word' id='word_1_232' title='bbox 1251 1032 1322 1049; x_wconf 84' lang='lat' dir='ltr'>circo</span> 
     </span>
     <span class='ocr_line' id='line_1_25' title="bbox 282 1054 1324 1097; baseline -0.004 -8"><span class='ocrx_word' id='word_1_233' title='bbox 282 1062 374 1097; x_wconf 88' lang='lat' dir='ltr'>phalae</span> <span class='ocrx_word' id='word_1_234' title='bbox 387 1063 512 1089; x_wconf 87' lang='lat' dir='ltr'>dicuntur</span> <span class='ocrx_word' id='word_1_235' title='bbox 525 1062 666 1088; x_wconf 74' lang='lat' dir='ltr'>diuisiones</span> <span class='ocrx_word' id='word_1_236' title='bbox 680 1062 748 1088; x_wconf 85' lang='lat' dir='ltr'>inter</span> <span class='ocrx_word' id='word_1_237' title='bbox 762 1061 888 1095; x_wconf 82' lang='lat' dir='ltr'>Euripum</span> <span class='ocrx_word' id='word_1_238' title='bbox 910 1067 935 1086; x_wconf 84' lang='lat' dir='ltr'>ct</span> <span class='ocrx_word' id='word_1_239' title='bbox 954 1066 1047 1090; x_wconf 83' lang='lat' dir='ltr'>metas,</span> <span class='ocrx_word' id='word_1_240' title='bbox 1067 1054 1139 1094; x_wconf 88' lang='lat' dir='ltr'>quod</span> <span class='ocrx_word' id='word_1_241' title='bbox 1153 1059 1192 1086; x_wconf 91' lang='lat' dir='ltr'>ibi</span> <span class='ocrx_word' id='word_1_242' title='bbox 1207 1059 1324 1086; x_wconf 76' lang='lat' dir='ltr'>constru-</span> 
     </span>
     <span class='ocr_line' id='line_1_26' title="bbox 282 1095 1069 1132; baseline -0.003 -8"><span class='ocrx_word' id='word_1_243' title='bbox 282 1098 332 1124; x_wconf 69' lang='lat' dir='ltr'>&amp;is</span> <span class='ocrx_word' id='word_1_244' title='bbox 351 1098 384 1125; x_wconf 89' lang='lat' dir='ltr'>ad</span> <span class='ocrx_word' id='word_1_245' title='bbox 403 1104 505 1132; x_wconf 87' lang='lat' dir='ltr'>tempus</span> <span class='ocrx_word' id='word_1_246' title='bbox 525 1098 642 1124; x_wconf 89' lang='lat' dir='ltr'>turribus</span> <span class='ocrx_word' id='word_1_247' title='bbox 663 1097 704 1123; x_wconf 90' lang='lat' dir='ltr'>his</span> <span class='ocrx_word' id='word_1_248' title='bbox 719 1097 778 1123; x_wconf 87' lang='lat' dir='ltr'>telis</span> <span class='ocrx_word' id='word_1_249' title='bbox 795 1105 879 1131; x_wconf 84' lang='lat' dir='ltr'>pugna</span> <span class='ocrx_word' id='word_1_250' title='bbox 898 1095 942 1122; x_wconf 91' lang='lat' dir='ltr'>edi</span> <span class='ocrx_word' id='word_1_251' title='bbox 962 1095 1069 1122; x_wconf 80' lang='lat' dir='ltr'>solebat.</span> 
     </span>
     <span class='ocr_line' id='line_1_27' title="bbox 280 1131 1324 1169; baseline -0.005 -8"><span class='ocrx_word' id='word_1_252' title='bbox 280 1135 359 1161; x_wconf 83' lang='lat' dir='ltr'>Iocum</span> <span class='ocrx_word' id='word_1_253' title='bbox 378 1135 518 1165; x_wconf 74' lang='lat' dir='ltr'>quenalis,</span> <span class='ocrx_word' id='word_1_254' title='bbox 538 1142 605 1169; x_wconf 77' lang='lat' dir='ltr'>quem</span> <span class='ocrx_word' id='word_1_255' title='bbox 617 1132 708 1166; x_wconf 79' lang='lat' dir='ltr'>statim</span> <span class='ocrx_word' id='word_1_256' title='bbox 729 1133 848 1159; x_wconf 77' lang='lat' dir='ltr'>dabimus.</span> <span class='ocrx_word' id='word_1_257' title='bbox 919 1131 1025 1163; x_wconf 86' lang='lat' dir='ltr'>Festus,</span> <span class='ocrx_word' id='word_1_258' title='bbox 1045 1131 1136 1165; x_wconf 87' lang='lat' dir='ltr'>(cuius</span> <span class='ocrx_word' id='word_1_259' title='bbox 1151 1133 1227 1157; x_wconf 85' lang='lat' dir='ltr'>alium</span> <span class='ocrx_word' id='word_1_260' title='bbox 1245 1132 1324 1157; x_wconf 79' lang='lat' dir='ltr'>locum</span> 
     </span>
     <span class='ocr_line' id='line_1_28' title="bbox 280 1166 1325 1201; baseline -0.003 -6"><span class='ocrx_word' id='word_1_261' title='bbox 280 1179 336 1196; x_wconf 80' lang='lat' dir='ltr'>mox</span> <span class='ocrx_word' id='word_1_262' title='bbox 349 1169 435 1195; x_wconf 83' lang='lat' dir='ltr'>damus</span> <span class='ocrx_word' id='word_1_263' title='bbox 453 1172 479 1194; x_wconf 86' lang='lat' dir='ltr'>in</span> <span class='ocrx_word' id='word_1_264' title='bbox 496 1172 678 1200; x_wconf 75' lang='lat' dir='ltr'>PALARICA)</span> <span class='ocrx_word' id='word_1_265' title='bbox 698 1169 774 1195; x_wconf 87' lang='lat' dir='ltr'>Falae</span> <span class='ocrx_word' id='word_1_266' title='bbox 787 1167 873 1194; x_wconf 56' lang='lat' dir='ltr'>didiae</span> <span class='ocrx_word' id='word_1_267' title='bbox 886 1166 919 1193; x_wconf 89' lang='lat' dir='ltr'>ab</span> <span class='ocrx_word' id='word_1_268' title='bbox 932 1167 1082 1199; x_wconf 79' lang='lat' dir='ltr'>altitudine,</span> <span class='ocrx_word' id='word_1_269' title='bbox 1096 1176 1110 1193; x_wconf 93' lang='lat' dir='ltr'>a</span> <span class='ocrx_word' id='word_1_270' title='bbox 1122 1166 1238 1199; x_wconf 89' lang='lat' dir='ltr'>falando,</span> <span class='ocrx_word' id='word_1_271' title='bbox 1251 1166 1325 1201; x_wconf 88' lang='lat' dir='ltr'>quod</span> 
     </span>
    </p>
   </div>
   <div class='ocr_carea' id='block_1_7' title="bbox 801 1201 1325 1238">
    <p class='ocr_par' dir='ltr' id='par_1_9' title="bbox 801 1201 1325 1238">
     <span class='ocr_line' id='line_1_29' title="bbox 801 1201 1325 1238; baseline -0.006 -9"><span class='ocrx_word' id='word_1_272' title='bbox 801 1205 953 1230; x_wconf 78' lang='lat' dir='ltr'>Accuratius</span> <span class='ocrx_word' id='word_1_273' title='bbox 966 1201 1079 1236; x_wconf 73' lang='lat' dir='ltr'>dixiſjet,</span> <span class='ocrx_word' id='word_1_274' title='bbox 1093 1202 1124 1229; x_wconf 86' lang='lat' dir='ltr'>ab</span> <span class='ocrx_word' id='word_1_275' title='bbox 1136 1202 1216 1228; x_wconf 76' lang='lat' dir='ltr'>eadem</span> <span class='ocrx_word' id='word_1_276' title='bbox 1228 1206 1325 1238; x_wconf 79' lang='lat' dir='ltr'>origine</span> 
     </span>
    </p>
   </div>
   <div class='ocr_carea' id='block_1_8' title="bbox 281 1203 1326 1273">
    <p class='ocr_par' dir='ltr' id='par_1_10' title="bbox 281 1203 1326 1273">
     <span class='ocr_line' id='line_1_30' title="bbox 281 1203 747 1239; baseline -0.002 -8"><span class='ocrx_word' id='word_1_277' title='bbox 281 1205 349 1239; x_wconf 85' lang='lat' dir='ltr'>apud</span> <span class='ocrx_word' id='word_1_278' title='bbox 362 1205 480 1231; x_wconf 87' lang='lat' dir='ltr'>Etruscos</span> <span class='ocrx_word' id='word_1_279' title='bbox 496 1203 621 1239; x_wconf 82' lang='lat' dir='ltr'>fignificat</span> <span class='ocrx_word' id='word_1_280' title='bbox 639 1204 747 1230; x_wconf 88' lang='lat' dir='ltr'>caelum.</span> 
     </span>
     <span class='ocr_line' id='line_1_31' title="bbox 1101 1237 1326 1273; baseline 0 -10"><span class='ocrx_word' id='word_1_281' title='bbox 1101 1237 1160 1264; x_wconf 70' lang='lat' dir='ltr'>Vici.</span> <span class='ocrx_word' id='word_1_282' title='bbox 1178 1239 1270 1273; x_wconf 76' lang='lat' dir='ltr'>Scalig.</span> <span class='ocrx_word' id='word_1_283' title='bbox 1291 1237 1326 1264; x_wconf 83' lang='lat' dir='ltr'>ad</span> 
     </span>
    </p>
   </div>
   <div class='ocr_carea' id='block_1_9' title="bbox 281 1238 1058 1275">
    <p class='ocr_par' dir='ltr' id='par_1_11' title="bbox 281 1238 1058 1275">
     <span class='ocr_line' id='line_1_32' title="bbox 281 1238 1058 1275; baseline -0.004 -8"><span class='ocrx_word' id='word_1_284' title='bbox 281 1239 325 1274; x_wconf 61' lang='lat' dir='ltr'>effe</span> <span class='ocrx_word' id='word_1_285' title='bbox 338 1239 499 1272; x_wconf 85' lang='lat' dir='ltr'>Falandum,</span> <span class='ocrx_word' id='word_1_286' title='bbox 526 1249 571 1275; x_wconf 86' lang='lat' dir='ltr'>quo</span> <span class='ocrx_word' id='word_1_287' title='bbox 590 1243 685 1265; x_wconf 81' lang='lat' dir='ltr'>nomine</span> <span class='ocrx_word' id='word_1_288' title='bbox 703 1238 801 1274; x_wconf 66' lang='lat' dir='ltr'>Etrusci</span> <span class='ocrx_word' id='word_1_289' title='bbox 819 1240 909 1265; x_wconf 73' lang='lat' dir='ltr'>caelum</span> <span class='ocrx_word' id='word_1_290' title='bbox 929 1239 1058 1274; x_wconf 75' lang='lat' dir='ltr'>appellent.</span> 
     </span>
    </p>
   </div>
   <div class='ocr_carea' id='block_1_10' title="bbox 262 1308 1324 1805">
    <p class='ocr_par' dir='ltr' id='par_1_12' title="bbox 274 1308 1324 1665">
     <span class='ocr_line' id='line_1_33' title="bbox 279 1308 1324 1345; baseline -0.002 -9"><span class='ocrx_word' id='word_1_291' title='bbox 279 1320 333 1336; x_wconf 82' lang='lat' dir='ltr'>rar.</span> <span class='ocrx_word' id='word_1_292' title='bbox 347 1310 422 1337; x_wconf 69' lang='lat' dir='ltr'>EleH.</span> <span class='ocrx_word' id='word_1_293' title='bbox 438 1320 467 1342; x_wconf 84' lang='lat'>2,</span> <span class='ocrx_word' id='word_1_294' title='bbox 485 1320 518 1344; x_wconf 82' lang='lat'>¹5.</span> <span class='ocrx_word' id='word_1_295' title='bbox 573 1311 643 1345; x_wconf 70' lang='lat' dir='ltr'><em>L&#39;Ps·</em></span> <span class='ocrx_word' id='word_1_296' title='bbox 659 1309 735 1337; x_wconf 72' lang='lat' dir='ltr'>EleH.</span> <span class='ocrx_word' id='word_1_297' title='bbox 749 1320 770 1342; x_wconf 90' lang='lat'>1,</span> <span class='ocrx_word' id='word_1_298' title='bbox 784 1320 807 1337; x_wconf 81' lang='lat'>2.</span> <span class='ocrx_word' id='word_1_299' title='bbox 835 1317 858 1336; x_wconf 77' lang='lat' dir='ltr'>et</span> <span class='ocrx_word' id='word_1_300' title='bbox 870 1312 897 1336; x_wconf 83' lang='lat' dir='ltr'>in</span> <span class='ocrx_word' id='word_1_301' title='bbox 913 1311 1018 1336; x_wconf 75' lang='lat' dir='ltr'>polim-c.</span> <span class='ocrx_word' id='word_1_302' title='bbox 1028 1320 1051 1344; x_wconf 84' lang='lat'>5,</span> <span class='ocrx_word' id='word_1_303' title='bbox 1069 1320 1093 1343; x_wconf 83' lang='lat'>5.</span> <span class='ocrx_word' id='word_1_304' title='bbox 1147 1309 1267 1335; x_wconf 80' lang='lat' dir='ltr'>Stewech.</span> <span class='ocrx_word' id='word_1_305' title='bbox 1290 1308 1324 1334; x_wconf 78' lang='lat' dir='ltr'>ad</span> 
     </span>
     <span class='ocr_line' id='line_1_34' title="bbox 279 1344 1323 1381; baseline -0.003 -9"><span class='ocrx_word' id='word_1_306' title='bbox 279 1346 372 1381; x_wconf 83' lang='lat' dir='ltr'>Veget.</span> <span class='ocrx_word' id='word_1_307' title='bbox 386 1355 414 1379; x_wconf 85' lang='lat'>4,</span> <span class='ocrx_word' id='word_1_308' title='bbox 430 1352 463 1375; x_wconf 84' lang='lat'>18.</span> <span class='ocrx_word' id='word_1_309' title='bbox 494 1348 622 1381; x_wconf 82' lang='lat' dir='ltr'>inprimis</span> <span class='ocrx_word' id='word_1_310' title='bbox 638 1347 711 1372; x_wconf 74' lang='lat' dir='ltr'>Sulm.</span> <span class='ocrx_word' id='word_1_311' title='bbox 725 1345 758 1371; x_wconf 81' lang='lat' dir='ltr'>od</span> <span class='ocrx_word' id='word_1_312' title='bbox 769 1347 844 1372; x_wconf 79' lang='lat' dir='ltr'>Solin.</span> <span class='ocrx_word' id='word_1_313' title='bbox 861 1353 889 1381; x_wconf 80' lang='lat' dir='ltr'>p.</span> <span class='ocrx_word' id='word_1_314' title='bbox 905 1349 952 1380; x_wconf 76' lang='lat'>640</span> <span class='ocrx_word' id='word_1_315' title='bbox 967 1345 1008 1381; x_wconf 83' lang='lat' dir='ltr'>sq.</span> <span class='ocrx_word' id='word_1_316' title='bbox 1051 1345 1131 1370; x_wconf 88' lang='lat' dir='ltr'>Plaut.</span> <span class='ocrx_word' id='word_1_317' title='bbox 1139 1344 1218 1370; x_wconf 84' lang='lat' dir='ltr'>Most.</span> <span class='ocrx_word' id='word_1_318' title='bbox 1231 1352 1285 1377; x_wconf 86' lang='lat'>2,1‚</span> <span class='ocrx_word' id='word_1_319' title='bbox 1295 1352 1323 1370; x_wconf 89' lang='grc'>10</span> 
     </span>
     <span class='ocr_line' id='line_1_35' title="bbox 385 1380 1073 1415; baseline -0.001 -8"><span class='ocrx_word' id='word_1_320' title='bbox 385 1381 439 1407; x_wconf 90' lang='lat' dir='ltr'>Vbi</span> <span class='ocrx_word' id='word_1_321' title='bbox 459 1381 517 1407; x_wconf 88' lang='lat' dir='ltr'>sunt</span> <span class='ocrx_word' id='word_1_322' title='bbox 537 1381 579 1407; x_wconf 90' lang='lat' dir='ltr'>isti</span> <span class='ocrx_word' id='word_1_323' title='bbox 600 1381 775 1415; x_wconf 84' lang='lat' dir='ltr'>plagipatidae</span> <span class='ocrx_word' id='word_1_324' title='bbox 794 1380 975 1407; x_wconf 77' lang='lat' dir='ltr'>ferritribaces</span> <span class='ocrx_word' id='word_1_325' title='bbox 996 1380 1073 1406; x_wconf 66' lang='lat' dir='ltr'>viri?</span> 
     </span>
     <span class='ocr_line' id='line_1_36' title="bbox 385 1414 1266 1451; baseline -0.001 -9"><span class='ocrx_word' id='word_1_326' title='bbox 385 1417 436 1442; x_wconf 93' lang='lat' dir='ltr'>Vel</span> <span class='ocrx_word' id='word_1_327' title='bbox 450 1416 504 1448; x_wconf 81' lang='lat' dir='ltr'>isti,</span> <span class='ocrx_word' id='word_1_328' title='bbox 525 1416 571 1451; x_wconf 92' lang='lat' dir='ltr'>qui</span> <span class='ocrx_word' id='word_1_329' title='bbox 585 1417 663 1443; x_wconf 87' lang='lat' dir='ltr'>hastis</span> <span class='ocrx_word' id='word_1_330' title='bbox 676 1417 757 1443; x_wconf 86' lang='lat' dir='ltr'>trium</span> <span class='ocrx_word' id='word_1_331' title='bbox 771 1426 914 1443; x_wconf 85' lang='lat' dir='ltr'>munorum</span> <span class='ocrx_word' id='word_1_332' title='bbox 929 1417 1002 1442; x_wconf 84' lang='lat' dir='ltr'>causa</span> <span class='ocrx_word' id='word_1_333' title='bbox 1016 1416 1127 1442; x_wconf 88' lang='lat' dir='ltr'>subeunt</span> <span class='ocrx_word' id='word_1_334' title='bbox 1140 1414 1188 1441; x_wconf 90' lang='lat' dir='ltr'>sub</span> <span class='ocrx_word' id='word_1_335' title='bbox 1202 1414 1266 1441; x_wconf 86' lang='lat' dir='ltr'>falas</span> 
     </span>
     <span class='ocr_line' id='line_1_37' title="bbox 385 1451 1127 1487; baseline -0.001 -9"><span class='ocrx_word' id='word_1_336' title='bbox 385 1452 438 1478; x_wconf 92' lang='lat' dir='ltr'>Vbi</span> <span class='ocrx_word' id='word_1_337' title='bbox 453 1452 537 1487; x_wconf 85' lang='lat' dir='ltr'>aliqui</span> <span class='ocrx_word' id='word_1_338' title='bbox 551 1452 690 1487; x_wconf 83' lang='lat' dir='ltr'>quindenis</span> <span class='ocrx_word' id='word_1_339' title='bbox 705 1452 783 1478; x_wconf 86' lang='lat' dir='ltr'>hastis</span> <span class='ocrx_word' id='word_1_340' title='bbox 797 1461 890 1486; x_wconf 85' lang='lat' dir='ltr'>corpus</span> <span class='ocrx_word' id='word_1_341' title='bbox 903 1451 1019 1486; x_wconf 82' lang='lat' dir='ltr'>transfigi</span> <span class='ocrx_word' id='word_1_342' title='bbox 1033 1451 1127 1478; x_wconf 85' lang='lat' dir='ltr'>solent.</span> 
     </span>
     <span class='ocr_line' id='line_1_38' title="bbox 278 1484 1322 1524; baseline -0.003 -10"><span class='ocrx_word' id='word_1_343' title='bbox 278 1486 330 1513; x_wconf 83' lang='lat' dir='ltr'>Sub</span> <span class='ocrx_word' id='word_1_344' title='bbox 345 1486 426 1520; x_wconf 88' lang='lat' dir='ltr'>falas,</span> <span class='ocrx_word' id='word_1_345' title='bbox 443 1491 461 1514; x_wconf 91' lang='lat' dir='ltr'>i.</span> <span class='ocrx_word' id='word_1_346' title='bbox 473 1494 563 1519; x_wconf 80' lang='lat' dir='ltr'>turres,</span> <span class='ocrx_word' id='word_1_347' title='bbox 578 1488 664 1524; x_wconf 85' lang='lat' dir='ltr'>quihus</span> <span class='ocrx_word' id='word_1_348' title='bbox 679 1487 751 1514; x_wconf 77' lang='lat' dir='ltr'>urbes</span> <span class='ocrx_word' id='word_1_349' title='bbox 766 1489 805 1514; x_wconf 82' lang='lat' dir='ltr'>vel</span> <span class='ocrx_word' id='word_1_350' title='bbox 815 1487 992 1523; x_wconf 65' lang='lat' dir='ltr'>defenduntur,</span> <span class='ocrx_word' id='word_1_351' title='bbox 1005 1488 1045 1513; x_wconf 82' lang='lat' dir='ltr'>vel</span> <span class='ocrx_word' id='word_1_352' title='bbox 1056 1492 1246 1523; x_wconf 78' lang='lat' dir='ltr'>oppugnantur:</span> <span class='ocrx_word' id='word_1_353' title='bbox 1272 1484 1322 1519; x_wconf 82' lang='lat' dir='ltr'>nisi</span> 
     </span>
     <span class='ocr_line' id='line_1_39' title="bbox 274 1521 1322 1559; baseline -0.001 -11"><span class='ocrx_word' id='word_1_354' title='bbox 274 1527 362 1558; x_wconf 78' lang='lat' dir='ltr'>potius</span> <span class='ocrx_word' id='word_1_355' title='bbox 374 1523 407 1549; x_wconf 82' lang='lat' dir='ltr'>ad</span> <span class='ocrx_word' id='word_1_356' title='bbox 418 1523 630 1559; x_wconf 68' lang='lat' dir='ltr'>circispeflacula</span> <span class='ocrx_word' id='word_1_357' title='bbox 650 1523 776 1559; x_wconf 71' lang='lat' dir='ltr'>refertur,</span> <span class='ocrx_word' id='word_1_358' title='bbox 795 1523 837 1549; x_wconf 83' lang='lat' dir='ltr'>vbi</span> <span class='ocrx_word' id='word_1_359' title='bbox 856 1526 929 1549; x_wconf 74' lang='lat' dir='ltr'>etiam</span> <span class='ocrx_word' id='word_1_360' title='bbox 943 1523 1005 1558; x_wconf 71' lang='lat' dir='ltr'>fiant</span> <span class='ocrx_word' id='word_1_361' title='bbox 1020 1522 1095 1548; x_wconf 86' lang='lat' dir='ltr'>Falae</span> <span class='ocrx_word' id='word_1_362' title='bbox 1105 1543 1112 1554; x_wconf 86' lang='lat'>,</span> <span class='ocrx_word' id='word_1_363' title='bbox 1123 1522 1147 1557; x_wconf 94' lang='lat' dir='ltr'>s.</span> <span class='ocrx_word' id='word_1_364' title='bbox 1162 1521 1272 1553; x_wconf 86' lang='lat' dir='ltr'>Phalae,</span> <span class='ocrx_word' id='word_1_365' title='bbox 1293 1521 1322 1548; x_wconf 81' lang='lat' dir='ltr'>de</span> 
     </span>
     <span class='ocr_line' id='line_1_40' title="bbox 296 1557 1322 1592; baseline -0.001 -9"><span class='ocrx_word' id='word_1_366' title='bbox 296 1558 366 1584; x_wconf 82' lang='lat' dir='ltr'>uibus</span> <span class='ocrx_word' id='word_1_367' title='bbox 379 1559 495 1585; x_wconf 88' lang='lat' dir='ltr'>quenal.</span> <span class='ocrx_word' id='word_1_368' title='bbox 507 1559 557 1585; x_wconf 82' lang='lat' dir='ltr'>Sat.</span> <span class='ocrx_word' id='word_1_369' title='bbox 571 1561 598 1591; x_wconf 88' lang='lat'>6,</span> <span class='ocrx_word' id='word_1_370' title='bbox 613 1564 658 1592; x_wconf 82' lang='grc'>589</span> <span class='ocrx_word' id='word_1_371' title='bbox 678 1558 800 1585; x_wconf 87' lang='lat' dir='ltr'>Consulit</span> <span class='ocrx_word' id='word_1_372' title='bbox 817 1564 876 1584; x_wconf 88' lang='lat' dir='ltr'>ante</span> <span class='ocrx_word' id='word_1_373' title='bbox 890 1558 994 1590; x_wconf 84' lang='lat' dir='ltr'>Phalas‚</span> <span class='ocrx_word' id='word_1_374' title='bbox 1011 1557 1260 1592; x_wconf 85' lang='lat' dir='ltr'>Delphinorumque</span> <span class='ocrx_word' id='word_1_375' title='bbox 1280 1566 1322 1583; x_wconf 82' lang='lat' dir='ltr'>co-</span> 
     </span>
     <span class='ocr_line' id='line_1_41' title="bbox 279 1567 1321 1629; baseline 0.001 -11"><span class='ocrx_word' id='word_1_376' title='bbox 279 1567 389 1619; x_wconf 61' lang='lat' dir='ltr'>?umnas.</span> <span class='ocrx_word' id='word_1_377' title='bbox 446 1596 551 1629; x_wconf 76' lang='lat' dir='ltr'>Nempe,</span> <span class='ocrx_word' id='word_1_378' title='bbox 563 1594 588 1628; x_wconf 84' lang='lat' dir='ltr'><em>fi</em></span> <span class='ocrx_word' id='word_1_379' title='bbox 602 1595 713 1620; x_wconf 81' lang='lat' dir='ltr'>audimus</span> <span class='ocrx_word' id='word_1_380' title='bbox 725 1597 795 1620; x_wconf 80' lang='lat' dir='ltr'>viros</span> <span class='ocrx_word' id='word_1_381' title='bbox 808 1592 909 1626; x_wconf 59' lang='grc'>(10501,</span> <span class='ocrx_word' id='word_1_382' title='bbox 930 1593 1037 1625; x_wconf 86' lang='lat' dir='ltr'>Phalae,</span> <span class='ocrx_word' id='word_1_383' title='bbox 1052 1594 1076 1629; x_wconf 72' lang='lat' dir='ltr'>Jj</span> <span class='ocrx_word' id='word_1_384' title='bbox 1090 1593 1165 1619; x_wconf 79' lang='lat' dir='ltr'>Falae</span> <span class='ocrx_word' id='word_1_385' title='bbox 1179 1593 1242 1629; x_wconf 75' lang='lat' dir='ltr'>sum</span> <span class='ocrx_word' id='word_1_386' title='bbox 1255 1593 1321 1629; x_wconf 73' lang='lat' dir='ltr'>ipsae</span> 
     </span>
     <span class='ocr_line' id='line_1_42' title="bbox 279 1627 1183 1665; baseline 0 -12"><span class='ocrx_word' id='word_1_387' title='bbox 279 1629 402 1654; x_wconf 73' lang='lat' dir='ltr'>columnae</span> <span class='ocrx_word' id='word_1_388' title='bbox 411 1647 418 1659; x_wconf 88' lang='lat'>,</span> <span class='ocrx_word' id='word_1_389' title='bbox 437 1636 481 1655; x_wconf 79' lang='lat' dir='ltr'>aut</span> <span class='ocrx_word' id='word_1_390' title='bbox 494 1629 614 1664; x_wconf 82' lang='lat' dir='ltr'>quidquid</span> <span class='ocrx_word' id='word_1_391' title='bbox 625 1627 666 1662; x_wconf 66' lang='lat' dir='ltr'>qli,</span> <span class='ocrx_word' id='word_1_392' title='bbox 686 1630 772 1664; x_wconf 87' lang='lat' dir='ltr'>quibus</span> <span class='ocrx_word' id='word_1_393' title='bbox 782 1628 888 1664; x_wconf 75' lang='lat' dir='ltr'>impositi</span> <span class='ocrx_word' id='word_1_394' title='bbox 895 1630 957 1665; x_wconf 74' lang='lat' dir='ltr'>jun!</span> <span class='ocrx_word' id='word_1_395' title='bbox 970 1629 1081 1663; x_wconf 74' lang='lat' dir='ltr'>delphini</span> <span class='ocrx_word' id='word_1_396' title='bbox 1094 1636 1118 1655; x_wconf 83' lang='lat' dir='ltr'>ct</span> <span class='ocrx_word' id='word_1_397' title='bbox 1131 1638 1183 1655; x_wconf 85' lang='lat' dir='ltr'>oua.</span> 
     </span>
    </p>

    <p class='ocr_par' dir='ltr' id='par_1_13' title="bbox 262 1662 1323 1805">
     <span class='ocr_line' id='line_1_43' title="bbox 262 1662 1323 1699; baseline -0.001 -9"><span class='ocrx_word' id='word_1_398' title='bbox 262 1690 268 1694; x_wconf 78' lang='grc'>,</span> <span class='ocrx_word' id='word_1_399' title='bbox 315 1662 540 1696; x_wconf 75' lang='lat' dir='ltr'>FALARiCA,</span> <span class='ocrx_word' id='word_1_400' title='bbox 557 1664 581 1699; x_wconf 94' lang='lat' dir='ltr'>s.</span> <span class='ocrx_word' id='word_1_401' title='bbox 601 1671 850 1696; x_wconf 74' lang='lat' dir='ltr'>PHALARICA,</span> <span class='ocrx_word' id='word_1_402' title='bbox 869 1674 908 1690; x_wconf 90' lang='lat' dir='ltr'>ae.</span> <span class='ocrx_word' id='word_1_403' title='bbox 929 1665 947 1690; x_wconf 93' lang='lat' dir='ltr'>f.</span> <span class='ocrx_word' id='word_1_404' title='bbox 974 1664 1125 1697; x_wconf 65' lang='grc' dir='ltr'><strong><em>[ζλήματος</em></strong></span> <span class='ocrx_word' id='word_1_405' title='bbox 1139 1665 1214 1698; x_wconf 62' lang='grc' dir='ltr'><strong>γένος]</strong></span> <span class='ocrx_word' id='word_1_406' title='bbox 1239 1666 1323 1699; x_wconf 84' lang='lat' dir='ltr'>inquit</span> 
     </span>
     <span class='ocr_line' id='line_1_44' title="bbox 281 1698 1323 1733; baseline 0.001 -9"><span class='ocrx_word' id='word_1_407' title='bbox 281 1698 385 1731; x_wconf 78' lang='lat' dir='ltr'>Festus,</span> <span class='ocrx_word' id='word_1_408' title='bbox 407 1699 442 1725; x_wconf 86' lang='lat' dir='ltr'>est</span> <span class='ocrx_word' id='word_1_409' title='bbox 456 1700 544 1725; x_wconf 87' lang='lat' dir='ltr'>Genus</span> <span class='ocrx_word' id='word_1_410' title='bbox 562 1699 609 1725; x_wconf 86' lang='lat' dir='ltr'>teli</span> <span class='ocrx_word' id='word_1_411' title='bbox 622 1699 732 1726; x_wconf 77' lang='lat' dir='ltr'>missile:</span> <span class='ocrx_word' id='word_1_412' title='bbox 759 1708 813 1733; x_wconf 88' lang='lat' dir='ltr'>quo</span> <span class='ocrx_word' id='word_1_413' title='bbox 831 1706 941 1726; x_wconf 90' lang='lat' dir='ltr'>vtuntur</span> <span class='ocrx_word' id='word_1_414' title='bbox 960 1709 990 1725; x_wconf 85' lang='lat' dir='ltr'>ex</span> <span class='ocrx_word' id='word_1_415' title='bbox 1011 1700 1085 1730; x_wconf 88' lang='lat' dir='ltr'>falis,</span> <span class='ocrx_word' id='word_1_416' title='bbox 1106 1700 1132 1725; x_wconf 89' lang='lat' dir='ltr'>id</span> <span class='ocrx_word' id='word_1_417' title='bbox 1152 1700 1188 1725; x_wconf 86' lang='lat' dir='ltr'>est</span> <span class='ocrx_word' id='word_1_418' title='bbox 1207 1709 1238 1726; x_wconf 90' lang='lat' dir='ltr'>ex</span> <span class='ocrx_word' id='word_1_419' title='bbox 1258 1699 1323 1725; x_wconf 84' lang='lat' dir='ltr'>locis</span> 
     </span>
     <span class='ocr_line' id='line_1_45' title="bbox 280 1733 1321 1769; baseline 0 -10"><span class='ocrx_word' id='word_1_420' title='bbox 280 1734 421 1767; x_wconf 64' lang='lat' dir='ltr'>extruefis,</span> <span class='ocrx_word' id='word_1_421' title='bbox 441 1733 604 1761; x_wconf 81' lang='lat' dir='ltr'>dimicantes.</span> <span class='ocrx_word' id='word_1_422' title='bbox 663 1735 737 1769; x_wconf 84' lang='lat' dir='ltr'>Virg.</span> <span class='ocrx_word' id='word_1_423' title='bbox 751 1736 816 1760; x_wconf 78' lang='lat' dir='ltr'>Aen.</span> <span class='ocrx_word' id='word_1_424' title='bbox 826 1743 851 1766; x_wconf 91' lang='lat'>9,</span> <span class='ocrx_word' id='word_1_425' title='bbox 865 1738 917 1768; x_wconf 83' lang='lat'>706</span> <span class='ocrx_word' id='word_1_426' title='bbox 936 1735 983 1761; x_wconf 88' lang='lat' dir='ltr'>Sed</span> <span class='ocrx_word' id='word_1_427' title='bbox 997 1744 1121 1768; x_wconf 86' lang='lat' dir='ltr'>magnum</span> <span class='ocrx_word' id='word_1_428' title='bbox 1135 1735 1245 1760; x_wconf 83' lang='lat' dir='ltr'>stridens</span> <span class='ocrx_word' id='word_1_429' title='bbox 1260 1743 1321 1760; x_wconf 88' lang='lat' dir='ltr'>con-</span> 
     </span>
     <span class='ocr_line' id='line_1_46' title="bbox 279 1769 1321 1805; baseline 0 -11"><span class='ocrx_word' id='word_1_430' title='bbox 279 1775 350 1795; x_wconf 86' lang='lat' dir='ltr'>torta</span> <span class='ocrx_word' id='word_1_431' title='bbox 362 1769 471 1796; x_wconf 88' lang='lat' dir='ltr'>falarica</span> <span class='ocrx_word' id='word_1_432' title='bbox 484 1771 557 1796; x_wconf 86' lang='lat' dir='ltr'>venit</span> <span class='ocrx_word' id='word_1_433' title='bbox 571 1781 576 1795; x_wconf 89' lang='lat'>:</span> <span class='ocrx_word' id='word_1_434' title='bbox 603 1769 638 1795; x_wconf 83' lang='lat' dir='ltr'>ad</span> <span class='ocrx_word' id='word_1_435' title='bbox 649 1779 716 1805; x_wconf 80' lang='lat' dir='ltr'>quem</span> <span class='ocrx_word' id='word_1_436' title='bbox 729 1771 805 1796; x_wconf 85' lang='lat' dir='ltr'>locum</span> <span class='ocrx_word' id='word_1_437' title='bbox 819 1770 925 1795; x_wconf 80' lang='lat' dir='ltr'>Seruius</span> <span class='ocrx_word' id='word_1_438' title='bbox 939 1779 1031 1805; x_wconf 65' lang='lat' dir='ltr'>quoque</span> <span class='ocrx_word' id='word_1_439' title='bbox 1044 1780 1059 1795; x_wconf 79' lang='grc' dir='ltr'><em>α</em></span> <span class='ocrx_word' id='word_1_440' title='bbox 1075 1770 1143 1795; x_wconf 77' lang='lat' dir='ltr'>Falis</span> <span class='ocrx_word' id='word_1_441' title='bbox 1159 1769 1273 1800; x_wconf 72' lang='lat' dir='ltr'>dcriuot,</span> <span class='ocrx_word' id='word_1_442' title='bbox 1292 1775 1321 1794; x_wconf 85' lang='lat' dir='ltr'>vt</span> 
     </span>
    </p>
   </div>
   <div class='ocr_carea' id='block_1_11' title="bbox 1329 1462 1358 1489">
    <p class='ocr_par' dir='ltr' id='par_1_14' title="bbox 1329 1462 1358 1489">
     <span class='ocr_line' id='line_1_47' title="bbox 1329 1462 1358 1489; baseline 0.034 -1"><span class='ocrx_word' id='word_1_443' title='bbox 1329 1462 1358 1489; x_wconf 74' lang='lat'>33</span> 
     </span>
    </p>
   </div>
   <div class='ocr_carea' id='block_1_12' title="bbox 276 1803 1360 1840">
    <p class='ocr_par' dir='ltr' id='par_1_15' title="bbox 276 1803 1360 1840">
     <span class='ocr_line' id='line_1_48' title="bbox 276 1803 1360 1840; baseline -0.001 -11"><span class='ocrx_word' id='word_1_444' title='bbox 276 1804 345 1829; x_wconf 67' lang='lat' dir='ltr'>modo</span> <span class='ocrx_word' id='word_1_445' title='bbox 365 1804 489 1836; x_wconf 76' lang='lat' dir='ltr'>uidimus,</span> <span class='ocrx_word' id='word_1_446' title='bbox 505 1812 528 1830; x_wconf 82' lang='lat' dir='ltr'>et</span> <span class='ocrx_word' id='word_1_447' title='bbox 543 1809 581 1830; x_wconf 84' lang='lat' dir='ltr'>ita</span> <span class='ocrx_word' id='word_1_448' title='bbox 599 1805 729 1840; x_wconf 73' lang='lat' dir='ltr'>describit,</span> <span class='ocrx_word' id='word_1_449' title='bbox 750 1806 852 1831; x_wconf 73' lang='lat' dir='ltr'>&#39;I&#39;elum</span> <span class='ocrx_word' id='word_1_450' title='bbox 874 1805 965 1839; x_wconf 84' lang='lat' dir='ltr'>ingens</span> <span class='ocrx_word' id='word_1_451' title='bbox 986 1812 1064 1830; x_wconf 88' lang='lat' dir='ltr'>torno</span> <span class='ocrx_word' id='word_1_452' title='bbox 1084 1804 1201 1836; x_wconf 61' lang='lat' dir='ltr'>faeium,</span> <span class='ocrx_word' id='word_1_453' title='bbox 1222 1803 1360 1837; x_wconf 77' lang='lat' dir='ltr'>habens45·</span> 
     </span>
    </p>
   </div>
   <div class='ocr_carea' id='block_1_13' title="bbox 277 1838 1358 2299">
    <p class='ocr_par' dir='ltr' id='par_1_16' title="bbox 277 1838 1358 2299">
     <span class='ocr_line' id='line_1_49' title="bbox 278 1838 1322 1874; baseline 0 -10"><span class='ocrx_word' id='word_1_454' title='bbox 278 1839 378 1864; x_wconf 88' lang='lat' dir='ltr'>ferrum</span> <span class='ocrx_word' id='word_1_455' title='bbox 392 1838 523 1871; x_wconf 85' lang='lat' dir='ltr'>cubitale,</span> <span class='ocrx_word' id='word_1_456' title='bbox 544 1845 570 1865; x_wconf 92' lang='lat' dir='ltr'>et</span> <span class='ocrx_word' id='word_1_457' title='bbox 584 1840 774 1866; x_wconf 85' lang='lat' dir='ltr'>rotunditatem</span> <span class='ocrx_word' id='word_1_458' title='bbox 789 1840 821 1866; x_wconf 91' lang='lat' dir='ltr'>de</span> <span class='ocrx_word' id='word_1_459' title='bbox 834 1840 944 1874; x_wconf 83' lang='lat' dir='ltr'>plumbo</span> <span class='ocrx_word' id='word_1_460' title='bbox 960 1840 986 1865; x_wconf 86' lang='lat' dir='ltr'>in</span> <span class='ocrx_word' id='word_1_461' title='bbox 1001 1839 1110 1866; x_wconf 89' lang='lat' dir='ltr'>modum</span> <span class='ocrx_word' id='word_1_462' title='bbox 1124 1839 1254 1873; x_wconf 84' lang='lat' dir='ltr'>sphaerae.</span> <span class='ocrx_word' id='word_1_463' title='bbox 1290 1839 1322 1864; x_wconf 90' lang='lat' dir='ltr'>ln</span> 
     </span>
     <span class='ocr_line' id='line_1_50' title="bbox 279 1874 1322 1908; baseline -0.001 -8"><span class='ocrx_word' id='word_1_464' title='bbox 279 1875 333 1908; x_wconf 85' lang='lat' dir='ltr'>ipsa</span> <span class='ocrx_word' id='word_1_465' title='bbox 353 1874 501 1900; x_wconf 86' lang='lat' dir='ltr'>summitate</span> <span class='ocrx_word' id='word_1_466' title='bbox 521 1874 620 1899; x_wconf 74' lang='lat' dir='ltr'>dicitur</span> <span class='ocrx_word' id='word_1_467' title='bbox 636 1875 715 1900; x_wconf 89' lang='lat' dir='ltr'>etiam</span> <span class='ocrx_word' id='word_1_468' title='bbox 736 1875 824 1908; x_wconf 83' lang='lat' dir='ltr'>iguem</span> <span class='ocrx_word' id='word_1_469' title='bbox 843 1875 941 1901; x_wconf 86' lang='lat' dir='ltr'>habere</span> <span class='ocrx_word' id='word_1_470' title='bbox 955 1875 1088 1906; x_wconf 86' lang='lat' dir='ltr'>adfixum,</span> <span class='ocrx_word' id='word_1_471' title='bbox 1108 1874 1196 1908; x_wconf 84' lang='lat' dir='ltr'>stuppa</span> <span class='ocrx_word' id='word_1_472' title='bbox 1212 1875 1322 1900; x_wconf 84' lang='lat' dir='ltr'>circum-</span> 
     </span>
     <span class='ocr_line' id='line_1_51' title="bbox 277 1908 1323 1944; baseline -0.001 -9"><span class='ocrx_word' id='word_1_473' title='bbox 277 1910 382 1941; x_wconf 85' lang='lat' dir='ltr'>datum,</span> <span class='ocrx_word' id='word_1_474' title='bbox 399 1916 424 1935; x_wconf 87' lang='lat' dir='ltr'>et</span> <span class='ocrx_word' id='word_1_475' title='bbox 437 1910 494 1944; x_wconf 83' lang='lat' dir='ltr'>pice</span> <span class='ocrx_word' id='word_1_476' title='bbox 512 1908 627 1935; x_wconf 84' lang='lat' dir='ltr'>oblitum</span> <span class='ocrx_word' id='word_1_477' title='bbox 643 1919 648 1934; x_wconf 87' lang='lat'>:</span> <span class='ocrx_word' id='word_1_478' title='bbox 674 1909 862 1942; x_wconf 88' lang='lat' dir='ltr'>incensumque</span> <span class='ocrx_word' id='word_1_479' title='bbox 880 1916 923 1934; x_wconf 86' lang='lat' dir='ltr'>aut</span> <span class='ocrx_word' id='word_1_480' title='bbox 936 1910 1049 1934; x_wconf 85' lang='lat' dir='ltr'>vulnere</span> <span class='ocrx_word' id='word_1_481' title='bbox 1067 1909 1185 1939; x_wconf 80' lang='lat' dir='ltr'>hostem,</span> <span class='ocrx_word' id='word_1_482' title='bbox 1204 1916 1249 1934; x_wconf 90' lang='lat' dir='ltr'>aut</span> <span class='ocrx_word' id='word_1_483' title='bbox 1262 1909 1323 1941; x_wconf 84' lang='lat' dir='ltr'>igne</span> 
     </span>
     <span class='ocr_line' id='line_1_52' title="bbox 278 1943 1324 1979; baseline -0.004 -8"><span class='ocrx_word' id='word_1_484' title='bbox 278 1945 416 1972; x_wconf 86' lang='lat' dir='ltr'>consumit.</span> <span class='ocrx_word' id='word_1_485' title='bbox 486 1945 584 1971; x_wconf 83' lang='lat' dir='ltr'>Ennius</span> <span class='ocrx_word' id='word_1_486' title='bbox 597 1943 663 1979; x_wconf 65' lang='lat' dir='ltr'>apud</span> <span class='ocrx_word' id='word_1_487' title='bbox 676 1944 748 1970; x_wconf 85' lang='lat' dir='ltr'>Non.</span> <span class='ocrx_word' id='word_1_488' title='bbox 759 1949 792 1973; x_wconf 70' lang='lat'>18,</span> <span class='ocrx_word' id='word_1_489' title='bbox 808 1952 839 1969; x_wconf 81' lang='lat'>20</span> <span class='ocrx_word' id='word_1_490' title='bbox 873 1958 918 1963; x_wconf 84' lang='lat'>—-</span> <span class='ocrx_word' id='word_1_491' title='bbox 955 1952 1022 1977; x_wconf 90' lang='lat' dir='ltr'>quae</span> <span class='ocrx_word' id='word_1_492' title='bbox 1035 1943 1122 1968; x_wconf 85' lang='lat' dir='ltr'>valide</span> <span class='ocrx_word' id='word_1_493' title='bbox 1136 1944 1247 1968; x_wconf 82' lang='lat' dir='ltr'>veniunt</span> <span class='ocrx_word' id='word_1_494' title='bbox 1261 1943 1324 1968; x_wconf 83' lang='lat' dir='ltr'>fala-</span> 
     </span>
     <span class='ocr_line' id='line_1_53' title="bbox 277 1981 425 2008; baseline -0.014 0"><span class='ocrx_word' id='word_1_495' title='bbox 277 1982 331 2008; x_wconf 85' lang='lat' dir='ltr'>rica</span> <span class='ocrx_word' id='word_1_496' title='bbox 345 1981 425 2007; x_wconf 74' lang='lat' dir='ltr'>milla.</span> 
     </span>
     <span class='ocr_line' id='line_1_54' title="bbox 278 2011 1323 2050; baseline -0.005 -8"><span class='ocrx_word' id='word_1_497' title='bbox 278 2016 353 2043; x_wconf 89' lang='lat' dir='ltr'>ribus</span> <span class='ocrx_word' id='word_1_498' title='bbox 366 2015 469 2050; x_wconf 81' lang='lat' dir='ltr'>ligneis.</span> <span class='ocrx_word' id='word_1_499' title='bbox 540 2015 599 2042; x_wconf 85' lang='lat' dir='ltr'>Liu.</span> <span class='ocrx_word' id='word_1_500' title='bbox 616 2024 649 2047; x_wconf 75' lang='lat'>21,</span> <span class='ocrx_word' id='word_1_501' title='bbox 664 2020 677 2044; x_wconf 79' lang='lat'>8</span> <span class='ocrx_word' id='word_1_502' title='bbox 699 2014 815 2040; x_wconf 79' lang='lat' dir='ltr'>Falarica</span> <span class='ocrx_word' id='word_1_503' title='bbox 829 2020 885 2040; x_wconf 90' lang='lat' dir='ltr'>erat</span> <span class='ocrx_word' id='word_1_504' title='bbox 896 2013 1060 2048; x_wconf 79' lang='lat' dir='ltr'>Saguntinis,</span> <span class='ocrx_word' id='word_1_505' title='bbox 1076 2012 1168 2039; x_wconf 83' lang='lat' dir='ltr'>millile</span> <span class='ocrx_word' id='word_1_506' title='bbox 1181 2012 1263 2038; x_wconf 86' lang='lat' dir='ltr'>telum</span> <span class='ocrx_word' id='word_1_507' title='bbox 1279 2011 1323 2038; x_wconf 87' lang='grc'>113-</span> 
     </span>
     <span class='ocr_line' id='line_1_55' title="bbox 278 2047 1323 2085; baseline -0.004 -7"><span class='ocrx_word' id='word_1_508' title='bbox 278 2052 332 2079; x_wconf 80' lang='lat' dir='ltr'>stili</span> <span class='ocrx_word' id='word_1_509' title='bbox 345 2052 481 2085; x_wconf 75' lang='lat' dir='ltr'>oblongo,</span> <span class='ocrx_word' id='word_1_510' title='bbox 501 2056 527 2077; x_wconf 91' lang='lat' dir='ltr'>et</span> <span class='ocrx_word' id='word_1_511' title='bbox 539 2057 639 2077; x_wconf 87' lang='lat' dir='ltr'>caetera</span> <span class='ocrx_word' id='word_1_512' title='bbox 652 2050 745 2082; x_wconf 87' lang='lat' dir='ltr'>tereti,</span> <span class='ocrx_word' id='word_1_513' title='bbox 764 2056 946 2083; x_wconf 80' lang='lat' dir='ltr'>praeterquam</span> <span class='ocrx_word' id='word_1_514' title='bbox 961 2049 990 2075; x_wconf 89' lang='lat' dir='ltr'>ad</span> <span class='ocrx_word' id='word_1_515' title='bbox 1006 2054 1169 2078; x_wconf 86' lang='lat' dir='ltr'>extremum,</span> <span class='ocrx_word' id='word_1_516' title='bbox 1187 2048 1256 2074; x_wconf 86' lang='lat' dir='ltr'>vnde</span> <span class='ocrx_word' id='word_1_517' title='bbox 1271 2047 1323 2074; x_wconf 87' lang='lat' dir='ltr'>fer-</span> 
     </span>
     <span class='ocr_line' id='line_1_56' title="bbox 277 2083 1325 2120; baseline -0.006 -6"><span class='ocrx_word' id='word_1_518' title='bbox 277 2096 338 2115; x_wconf 87' lang='lat' dir='ltr'>tum</span> <span class='ocrx_word' id='word_1_519' title='bbox 352 2087 475 2114; x_wconf 81' lang='lat' dir='ltr'>exstabat.</span> <span class='ocrx_word' id='word_1_520' title='bbox 532 2086 561 2113; x_wconf 87' lang='lat' dir='ltr'>Id</span> <span class='ocrx_word' id='word_1_521' title='bbox 582 2085 646 2112; x_wconf 86' lang='lat' dir='ltr'>sicut</span> <span class='ocrx_word' id='word_1_522' title='bbox 669 2085 698 2111; x_wconf 89' lang='lat' dir='ltr'>in</span> <span class='ocrx_word' id='word_1_523' title='bbox 712 2085 768 2120; x_wconf 90' lang='lat' dir='ltr'>pilo</span> <span class='ocrx_word' id='word_1_524' title='bbox 789 2085 945 2119; x_wconf 89' lang='lat' dir='ltr'>quadratum</span> <span class='ocrx_word' id='word_1_525' title='bbox 964 2084 1052 2118; x_wconf 81' lang='lat' dir='ltr'>stuppa</span> <span class='ocrx_word' id='word_1_526' title='bbox 1073 2084 1172 2110; x_wconf 85' lang='lat' dir='ltr'>circum</span> <span class='ocrx_word' id='word_1_527' title='bbox 1192 2083 1325 2116; x_wconf 79' lang='lat' dir='ltr'>ligabant,</span> 
     </span>
     <span class='ocr_line' id='line_1_57' title="bbox 279 2118 1322 2157; baseline -0.006 -8"><span class='ocrx_word' id='word_1_528' title='bbox 279 2122 449 2157; x_wconf 86' lang='lat' dir='ltr'>linebantque</span> <span class='ocrx_word' id='word_1_529' title='bbox 463 2122 530 2156; x_wconf 87' lang='lat' dir='ltr'>pice.</span> <span class='ocrx_word' id='word_1_530' title='bbox 575 2122 685 2154; x_wconf 79' lang='lat' dir='ltr'>Ferrum</span> <span class='ocrx_word' id='word_1_531' title='bbox 698 2127 786 2147; x_wconf 82' lang='lat' dir='ltr'>autem</span> <span class='ocrx_word' id='word_1_532' title='bbox 805 2127 856 2146; x_wconf 85' lang='lat' dir='ltr'>tres</span> <span class='ocrx_word' id='word_1_533' title='bbox 874 2120 902 2145; x_wconf 92' lang='lat' dir='ltr'>in</span> <span class='ocrx_word' id='word_1_534' title='bbox 916 2120 1025 2153; x_wconf 83' lang='lat' dir='ltr'>longum</span> <span class='ocrx_word' id='word_1_535' title='bbox 1046 2119 1159 2145; x_wconf 88' lang='lat' dir='ltr'>habebat</span> <span class='ocrx_word' id='word_1_536' title='bbox 1178 2118 1272 2152; x_wconf 85' lang='lat' dir='ltr'>pedes,</span> <span class='ocrx_word' id='word_1_537' title='bbox 1294 2124 1322 2144; x_wconf 83' lang='lat' dir='ltr'>vt</span> 
     </span>
     <span class='ocr_line' id='line_1_58' title="bbox 277 2153 1358 2192; baseline -0.006 -7"><span class='ocrx_word' id='word_1_538' title='bbox 277 2167 337 2185; x_wconf 85' lang='lat' dir='ltr'>cum</span> <span class='ocrx_word' id='word_1_539' title='bbox 351 2159 430 2185; x_wconf 84' lang='lat' dir='ltr'>armis</span> <span class='ocrx_word' id='word_1_540' title='bbox 443 2157 595 2192; x_wconf 83' lang='lat' dir='ltr'>transfigere</span> <span class='ocrx_word' id='word_1_541' title='bbox 608 2165 702 2191; x_wconf 83' lang='lat' dir='ltr'>corpus</span> <span class='ocrx_word' id='word_1_542' title='bbox 718 2157 805 2191; x_wconf 81' lang='lat' dir='ltr'>posset.</span> <span class='ocrx_word' id='word_1_543' title='bbox 848 2155 896 2182; x_wconf 86' lang='lat' dir='ltr'>Sed</span> <span class='ocrx_word' id='word_1_544' title='bbox 911 2154 938 2181; x_wconf 88' lang='lat' dir='ltr'>id</span> <span class='ocrx_word' id='word_1_545' title='bbox 952 2155 1066 2180; x_wconf 87' lang='lat' dir='ltr'>maxime</span> <span class='ocrx_word' id='word_1_546' title='bbox 1079 2155 1161 2180; x_wconf 86' lang='lat' dir='ltr'>etiam</span> <span class='ocrx_word' id='word_1_547' title='bbox 1176 2153 1193 2179; x_wconf 84' lang='lat' dir='ltr'>si</span> <span class='ocrx_word' id='word_1_548' title='bbox 1209 2153 1323 2179; x_wconf 77' lang='lat' dir='ltr'>haesisset</span> <span class='ocrx_word' id='word_1_549' title='bbox 1331 2159 1358 2184; x_wconf 85' lang='grc'>55</span> 
     </span>
     <span class='ocr_line' id='line_1_59' title="bbox 278 2188 1323 2228; baseline -0.007 -8"><span class='ocrx_word' id='word_1_550' title='bbox 278 2194 307 2221; x_wconf 86' lang='grc'>111</span> <span class='ocrx_word' id='word_1_551' title='bbox 321 2194 409 2225; x_wconf 87' lang='lat' dir='ltr'>scuto,</span> <span class='ocrx_word' id='word_1_552' title='bbox 426 2202 473 2218; x_wconf 85' lang='lat' dir='ltr'>nec</span> <span class='ocrx_word' id='word_1_553' title='bbox 488 2193 640 2226; x_wconf 79' lang='lat' dir='ltr'>penetrasset</span> <span class='ocrx_word' id='word_1_554' title='bbox 652 2193 680 2218; x_wconf 91' lang='lat' dir='ltr'>in</span> <span class='ocrx_word' id='word_1_555' title='bbox 693 2201 802 2226; x_wconf 88' lang='lat' dir='ltr'>corpus,</span> <span class='ocrx_word' id='word_1_556' title='bbox 822 2199 949 2226; x_wconf 88' lang='lat' dir='ltr'>pauorem</span> <span class='ocrx_word' id='word_1_557' title='bbox 963 2190 1092 2219; x_wconf 78' lang='lat' dir='ltr'>faciebat,</span> <span class='ocrx_word' id='word_1_558' title='bbox 1111 2188 1183 2223; x_wconf 87' lang='lat' dir='ltr'>quod</span> <span class='ocrx_word' id='word_1_559' title='bbox 1198 2197 1256 2228; x_wconf 80' lang='lat' dir='ltr'>cum</span> <span class='ocrx_word' id='word_1_560' title='bbox 1270 2197 1323 2214; x_wconf 89' lang='lat' dir='ltr'>me-</span> 
     </span>
     <span class='ocr_line' id='line_1_60' title="bbox 278 2224 1322 2261; baseline -0.006 -6"><span class='ocrx_word' id='word_1_561' title='bbox 278 2230 353 2256; x_wconf 88' lang='lat' dir='ltr'>dium</span> <span class='ocrx_word' id='word_1_562' title='bbox 367 2228 501 2255; x_wconf 86' lang='lat' dir='ltr'>accensum</span> <span class='ocrx_word' id='word_1_563' title='bbox 514 2229 678 2259; x_wconf 84' lang='lat' dir='ltr'>mitteretur,</span> <span class='ocrx_word' id='word_1_564' title='bbox 698 2234 907 2261; x_wconf 89' lang='lat' dir='ltr'>conceptumque</span> <span class='ocrx_word' id='word_1_565' title='bbox 927 2226 982 2260; x_wconf 90' lang='lat' dir='ltr'>ipso</span> <span class='ocrx_word' id='word_1_566' title='bbox 996 2231 1071 2251; x_wconf 86' lang='lat' dir='ltr'>motu</span> <span class='ocrx_word' id='word_1_567' title='bbox 1091 2224 1175 2250; x_wconf 84' lang='lat' dir='ltr'>multo</span> <span class='ocrx_word' id='word_1_568' title='bbox 1191 2233 1322 2250; x_wconf 82' lang='lat' dir='ltr'>maiorem</span> 
     </span>
     <span class='ocr_line' id='line_1_61' title="bbox 281 2260 1324 2299; baseline -0.004 -9"><span class='ocrx_word' id='word_1_569' title='bbox 281 2266 371 2299; x_wconf 85' lang='lat' dir='ltr'>ignem</span> <span class='ocrx_word' id='word_1_570' title='bbox 388 2264 479 2294; x_wconf 84' lang='lat' dir='ltr'>ferret,</span> <span class='ocrx_word' id='word_1_571' title='bbox 498 2272 570 2290; x_wconf 89' lang='lat' dir='ltr'>arma</span> <span class='ocrx_word' id='word_1_572' title='bbox 583 2264 673 2289; x_wconf 82' lang='lat' dir='ltr'>omitti</span> <span class='ocrx_word' id='word_1_573' title='bbox 688 2263 805 2297; x_wconf 81' lang='lat' dir='ltr'>cogebat,</span> <span class='ocrx_word' id='word_1_574' title='bbox 820 2263 973 2296; x_wconf 87' lang='lat' dir='ltr'>nudumque</span> <span class='ocrx_word' id='word_1_575' title='bbox 987 2261 1101 2287; x_wconf 82' lang='lat' dir='ltr'>militem</span> <span class='ocrx_word' id='word_1_576' title='bbox 1114 2260 1145 2286; x_wconf 87' lang='lat' dir='ltr'>ad</span> <span class='ocrx_word' id='word_1_577' title='bbox 1160 2260 1324 2294; x_wconf 69' lang='lat' dir='ltr'>insequentes</span> 
     </span>
    </p>
   </div>
   <div class='ocr_carea' id='block_1_14' title="bbox 279 2295 1322 2334">
    <p class='ocr_par' dir='ltr' id='par_1_17' title="bbox 279 2295 1322 2334">
     <span class='ocr_line' id='line_1_62' title="bbox 279 2295 1322 2334; baseline -0.005 -7"><span class='ocrx_word' id='word_1_578' title='bbox 279 2301 346 2327; x_wconf 64' lang='lat' dir='ltr'>iesus</span> <span class='ocrx_word' id='word_1_579' title='bbox 360 2299 510 2334; x_wconf 80' lang='lat' dir='ltr'>praebebat.</span> <span class='ocrx_word' id='word_1_580' title='bbox 558 2300 640 2326; x_wconf 75' lang='lat' dir='ltr'>Etiam</span> <span class='ocrx_word' id='word_1_581' title='bbox 654 2300 766 2325; x_wconf 83' lang='lat' dir='ltr'>turribus</span> <span class='ocrx_word' id='word_1_582' title='bbox 783 2298 941 2324; x_wconf 77' lang='lat' dir='ltr'>incendendis</span> <span class='ocrx_word' id='word_1_583' title='bbox 960 2297 1073 2323; x_wconf 74' lang='lat' dir='ltr'>adhibita</span> <span class='ocrx_word' id='word_1_584' title='bbox 1094 2295 1200 2322; x_wconf 85' lang='lat' dir='ltr'>falarica</span> <span class='ocrx_word' id='word_1_585' title='bbox 1213 2295 1322 2322; x_wconf 81' lang='lat' dir='ltr'>balistae</span> 
     </span>
    </p>
   </div>
   <div class='ocr_carea' id='block_1_15' title="bbox 279 2329 1598 2370">
    <p class='ocr_par' dir='ltr' id='par_1_18' title="bbox 279 2329 1598 2370">
     <span class='ocr_line' id='line_1_63' title="bbox 279 2329 1598 2370; baseline -0.005 -8"><span class='ocrx_word' id='word_1_586' title='bbox 279 2337 379 2370; x_wconf 89' lang='lat' dir='ltr'>impetu</span> <span class='ocrx_word' id='word_1_587' title='bbox 394 2335 534 2367; x_wconf 86' lang='lat' dir='ltr'>destinata,</span> <span class='ocrx_word' id='word_1_588' title='bbox 552 2334 580 2360; x_wconf 78' lang='lat' dir='ltr'>de</span> <span class='ocrx_word' id='word_1_589' title='bbox 591 2343 638 2369; x_wconf 85' lang='lat' dir='ltr'>qua</span> <span class='ocrx_word' id='word_1_590' title='bbox 653 2333 705 2360; x_wconf 80' lang='lat' dir='ltr'>uid.</span> <span class='ocrx_word' id='word_1_591' title='bbox 741 2335 832 2367; x_wconf 80' lang='lat' dir='ltr'>Veget.</span> <span class='ocrx_word' id='word_1_592' title='bbox 847 2344 875 2367; x_wconf 84' lang='lat'>4,</span> <span class='ocrx_word' id='word_1_593' title='bbox 891 2338 922 2362; x_wconf 80' lang='lat'>18.</span> <span class='ocrx_word' id='word_1_594' title='bbox 948 2339 971 2358; x_wconf 88' lang='lat' dir='ltr'>et</span> <span class='ocrx_word' id='word_1_595' title='bbox 989 2332 1022 2357; x_wconf 68' lang='lat' dir='ltr'>asi</span> <span class='ocrx_word' id='word_1_596' title='bbox 1034 2341 1086 2357; x_wconf 72' lang='lat' dir='ltr'>eum</span> <span class='ocrx_word' id='word_1_597' title='bbox 1100 2331 1220 2358; x_wconf 70' lang='lat' dir='ltr'>Sttwrch.</span> <span class='ocrx_word' id='word_1_598' title='bbox 1252 2331 1363 2357; x_wconf 50' lang='lat' dir='ltr'>Audeo</span> <span class='ocrx_word' id='word_1_599' title='bbox 1385 2329 1466 2355; x_wconf 88' lang='lat' dir='ltr'>Serm.</span> <span class='ocrx_word' id='word_1_600' title='bbox 1481 2338 1507 2362; x_wconf 81' lang='lat'>2,</span> <span class='ocrx_word' id='word_1_601' title='bbox 1521 2337 1544 2363; x_wconf 93' lang='grc'>5,</span> <span class='ocrx_word' id='word_1_602' title='bbox 1558 2338 1598 2364; x_wconf 89' lang='grc'>50.</span> 
     </span>
    </p>
   </div>
   <div class='ocr_carea' id='block_1_16' title="bbox 765 2366 1322 2403">
    <p class='ocr_par' dir='ltr' id='par_1_19' title="bbox 765 2366 1322 2403">
     <span class='ocr_line' id='line_1_64' title="bbox 765 2366 1322 2403; baseline -0.002 -8"><span class='ocrx_word' id='word_1_603' title='bbox 765 2369 809 2396; x_wconf 85' lang='lat' dir='ltr'>Sil.</span> <span class='ocrx_word' id='word_1_604' title='bbox 826 2378 850 2400; x_wconf 88' lang='lat'>1,</span> <span class='ocrx_word' id='word_1_605' title='bbox 869 2376 909 2402; x_wconf 88' lang='grc'>351</span> <span class='ocrx_word' id='word_1_606' title='bbox 933 2368 1013 2403; x_wconf 82' lang='lat' dir='ltr'>ibique</span> <span class='ocrx_word' id='word_1_607' title='bbox 1031 2366 1165 2396; x_wconf 63' lang='lat' dir='ltr'>Drakenb,</span> <span class='ocrx_word' id='word_1_608' title='bbox 1219 2367 1322 2403; x_wconf 81' lang='lat' dir='ltr'>Cosoub.</span> 
     </span>
    </p>
   </div>
   <div class='ocr_carea' id='block_1_17' title="bbox 273 2370 1324 2830">
    <p class='ocr_par' dir='ltr' id='par_1_20' title="bbox 278 2370 773 2440">
     <span class='ocr_line' id='line_1_65' title="bbox 278 2370 710 2404; baseline -0.009 -5"><span class='ocrx_word' id='word_1_609' title='bbox 278 2373 338 2399; x_wconf 90' lang='lat' dir='ltr'>Liu.</span> <span class='ocrx_word' id='word_1_610' title='bbox 353 2380 396 2404; x_wconf 84' lang='lat'>34,</span> <span class='ocrx_word' id='word_1_611' title='bbox 412 2379 450 2403; x_wconf 89' lang='lat'>¹4·</span> <span class='ocrx_word' id='word_1_612' title='bbox 503 2370 599 2396; x_wconf 85' lang='lat' dir='ltr'>Lucan.</span> <span class='ocrx_word' id='word_1_613' title='bbox 613 2372 644 2401; x_wconf 87' lang='lat'>6,</span> <span class='ocrx_word' id='word_1_614' title='bbox 659 2376 710 2402; x_wconf 80' lang='lat'>198.</span> 
     </span>
     <span class='ocr_line' id='line_1_66' title="bbox 279 2404 773 2440; baseline -0.008 -6"><span class='ocrx_word' id='word_1_615' title='bbox 279 2407 314 2434; x_wconf 84' lang='lat' dir='ltr'>ad</span> <span class='ocrx_word' id='word_1_616' title='bbox 329 2410 392 2433; x_wconf 80' lang='lat' dir='ltr'>Aen.</span> <span class='ocrx_word' id='word_1_617' title='bbox 416 2404 490 2431; x_wconf 59' lang='grc' dir='ltr'>Ταῦ.</span> <span class='ocrx_word' id='word_1_618' title='bbox 509 2415 551 2440; x_wconf 76' lang='lat'>34.</span> <span class='ocrx_word' id='word_1_619' title='bbox 601 2405 667 2431; x_wconf 84' lang='lat' dir='ltr'>Gell.</span> <span class='ocrx_word' id='word_1_620' title='bbox 683 2414 719 2436; x_wconf 84' lang='lat'>10,</span> <span class='ocrx_word' id='word_1_621' title='bbox 735 2412 773 2437; x_wconf 74' lang='lat'>25.</span> 
     </span>
    </p>

    <p class='ocr_par' dir='ltr' id='par_1_21' title="bbox 278 2437 1322 2513">
     <span class='ocr_line' id='line_1_67' title="bbox 313 2437 1322 2474; baseline -0.002 -6"><span class='ocrx_word' id='word_1_622' title='bbox 313 2449 330 2469; x_wconf 71' lang='lat' dir='ltr'>r</span> <span class='ocrx_word' id='word_1_623' title='bbox 340 2450 361 2469; x_wconf 80' lang='lat' dir='ltr'>A</span> <span class='ocrx_word' id='word_1_624' title='bbox 372 2449 387 2467; x_wconf 83' lang='lat' dir='ltr'>L</span> <span class='ocrx_word' id='word_1_625' title='bbox 397 2449 418 2471; x_wconf 75' lang='grc' dir='ltr'>Α</span> <span class='ocrx_word' id='word_1_626' title='bbox 428 2449 446 2467; x_wconf 86' lang='lat' dir='ltr'>R</span> <span class='ocrx_word' id='word_1_627' title='bbox 456 2449 464 2467; x_wconf 88' lang='lat'><em>1</em></span> <span class='ocrx_word' id='word_1_628' title='bbox 474 2448 489 2467; x_wconf 79' lang='lat' dir='ltr'>E</span> <span class='ocrx_word' id='word_1_629' title='bbox 498 2448 518 2466; x_wconf 89' lang='lat' dir='ltr'>N</span> <span class='ocrx_word' id='word_1_630' title='bbox 530 2448 542 2466; x_wconf 81' lang='lat' dir='ltr'>s</span> <span class='ocrx_word' id='word_1_631' title='bbox 551 2447 568 2467; x_wconf 79' lang='grc' dir='ltr'><strong>Ε</strong></span> <span class='ocrx_word' id='word_1_632' title='bbox 577 2447 589 2466; x_wconf 89' lang='lat' dir='ltr'>s</span> <span class='ocrx_word' id='word_1_633' title='bbox 598 2461 606 2472; x_wconf 89' lang='lat'>,</span> <span class='ocrx_word' id='word_1_634' title='bbox 624 2440 688 2466; x_wconf 85' lang='lat' dir='ltr'>ium.</span> <span class='ocrx_word' id='word_1_635' title='bbox 710 2449 745 2466; x_wconf 84' lang='grc'>111.</span> <span class='ocrx_word' id='word_1_636' title='bbox 768 2440 903 2474; x_wconf 70' lang='grc' dir='ltr'>[Φαλαρίω</span> <span class='ocrx_word' id='word_1_637' title='bbox 914 2440 925 2474; x_wconf 92' lang='grc'>]</span> <span class='ocrx_word' id='word_1_638' title='bbox 950 2439 1047 2474; x_wconf 82' lang='lat' dir='ltr'>Populi,</span> <span class='ocrx_word' id='word_1_639' title='bbox 1055 2447 1122 2473; x_wconf 90' lang='lat' dir='ltr'>quos</span> <span class='ocrx_word' id='word_1_640' title='bbox 1138 2437 1166 2464; x_wconf 91' lang='lat' dir='ltr'>in</span> <span class='ocrx_word' id='word_1_641' title='bbox 1181 2438 1273 2474; x_wconf 78' lang='lat' dir='ltr'>quinta</span> <span class='ocrx_word' id='word_1_642' title='bbox 1282 2447 1322 2466; x_wconf 81' lang='lat' dir='ltr'>re-</span> 
     </span>
     <span class='ocr_line' id='line_1_68' title="bbox 278 2475 740 2513; baseline -0.006 -9"><span class='ocrx_word' id='word_1_643' title='bbox 278 2479 356 2513; x_wconf 86' lang='lat' dir='ltr'>gione</span> <span class='ocrx_word' id='word_1_644' title='bbox 369 2477 460 2504; x_wconf 84' lang='lat' dir='ltr'>Italiae</span> <span class='ocrx_word' id='word_1_645' title='bbox 473 2476 574 2502; x_wconf 82' lang='lat' dir='ltr'>collocat</span> <span class='ocrx_word' id='word_1_646' title='bbox 588 2475 652 2502; x_wconf 87' lang='lat' dir='ltr'>Plin.</span> <span class='ocrx_word' id='word_1_647' title='bbox 668 2484 690 2508; x_wconf 85' lang='grc'>3,</span> <span class='ocrx_word' id='word_1_648' title='bbox 707 2484 740 2507; x_wconf 84' lang='grc'>13.</span> 
     </span>
    </p>

    <p class='ocr_par' dir='ltr' id='par_1_22' title="bbox 318 2508 1273 2543">
     <span class='ocr_line' id='line_1_69' title="bbox 318 2508 1273 2543; baseline -0.005 -3"><span class='ocrx_word' id='word_1_649' title='bbox 318 2514 812 2543; x_wconf 78' lang='lat' dir='ltr'>FALCAR1V8,&#39;FALCATVS,</span> <span class='ocrx_word' id='word_1_650' title='bbox 839 2516 1040 2541; x_wconf 79' lang='lat' dir='ltr'>FALCVLA,</span> <span class='ocrx_word' id='word_1_651' title='bbox 1075 2508 1128 2535; x_wconf 69' lang='lat' dir='ltr'>vid.</span> <span class='ocrx_word' id='word_1_652' title='bbox 1156 2514 1273 2536; x_wconf 69' lang='lat' dir='ltr'>FALX.=</span> 
     </span>
    </p>

    <p class='ocr_par' dir='ltr' id='par_1_23' title="bbox 279 2544 1323 2724">
     <span class='ocr_line' id='line_1_70' title="bbox 316 2544 1321 2582; baseline -0.004 -7"><span class='ocrx_word' id='word_1_653' title='bbox 316 2556 332 2576; x_wconf 80' lang='lat' dir='ltr'>F</span> <span class='ocrx_word' id='word_1_654' title='bbox 350 2556 372 2575; x_wconf 79' lang='lat' dir='ltr'><strong>A</strong></span> <span class='ocrx_word' id='word_1_655' title='bbox 385 2555 402 2574; x_wconf 88' lang='lat' dir='ltr'><strong>L</strong></span> <span class='ocrx_word' id='word_1_656' title='bbox 417 2555 433 2574; x_wconf 87' lang='lat' dir='ltr'>C</span> <span class='ocrx_word' id='word_1_657' title='bbox 448 2555 457 2574; x_wconf 92' lang='lat'>1</span> <span class='ocrx_word' id='word_1_658' title='bbox 472 2553 490 2573; x_wconf 94' lang='lat' dir='ltr'>D</span> <span class='ocrx_word' id='word_1_659' title='bbox 505 2555 515 2573; x_wconf 90' lang='lat'>1</span> <span class='ocrx_word' id='word_1_660' title='bbox 530 2554 551 2573; x_wconf 80' lang='lat' dir='ltr'>A</span> <span class='ocrx_word' id='word_1_661' title='bbox 562 2567 569 2579; x_wconf 89' lang='lat'>,</span> <span class='ocrx_word' id='word_1_662' title='bbox 604 2555 664 2582; x_wconf 74' lang='lat' dir='ltr'>gens·</span> <span class='ocrx_word' id='word_1_663' title='bbox 681 2548 807 2578; x_wconf 81' lang='lat' dir='ltr'>Romana,</span> <span class='ocrx_word' id='word_1_664' title='bbox 833 2545 896 2572; x_wconf 73' lang='lat' dir='ltr'>vnde</span> <span class='ocrx_word' id='word_1_665' title='bbox 918 2555 943 2572; x_wconf 85' lang='grc' dir='ltr'>υ.</span> <span class='ocrx_word' id='word_1_666' title='bbox 957 2554 981 2581; x_wconf 84' lang='lat' dir='ltr'>g.</span> <span class='ocrx_word' id='word_1_667' title='bbox 1002 2545 1146 2577; x_wconf 82' lang='lat' dir='ltr'>Falcidius,</span> <span class='ocrx_word' id='word_1_668' title='bbox 1166 2544 1194 2570; x_wconf 77' lang='lat' dir='ltr'>de</span> <span class='ocrx_word' id='word_1_669' title='bbox 1206 2554 1250 2579; x_wconf 85' lang='lat' dir='ltr'>quo</span> <span class='ocrx_word' id='word_1_670' title='bbox 1266 2544 1321 2571; x_wconf 82' lang='lat' dir='ltr'>Cic.</span> 
     </span>
     <span class='ocr_line' id='line_1_71' title="bbox 279 2578 1322 2620; baseline -0.004 -10"><span class='ocrx_word' id='word_1_671' title='bbox 279 2594 328 2620; x_wconf 85' lang='lat' dir='ltr'>pro</span> <span class='ocrx_word' id='word_1_672' title='bbox 341 2585 371 2610; x_wconf 92' lang='lat' dir='ltr'>L.</span> <span class='ocrx_word' id='word_1_673' title='bbox 381 2583 472 2610; x_wconf 88' lang='lat' dir='ltr'>Manil.</span> <span class='ocrx_word' id='word_1_674' title='bbox 488 2589 524 2615; x_wconf 85' lang='grc'>58.</span> <span class='ocrx_word' id='word_1_675' title='bbox 560 2585 663 2618; x_wconf 76' lang='lat' dir='ltr'>itemque</span> <span class='ocrx_word' id='word_1_676' title='bbox 860 2578 880 2618; x_wconf 57' lang='lat' dir='ltr'><strong>ff</strong></span> <span class='ocrx_word' id='word_1_677' title='bbox 898 2589 914 2607; x_wconf 79' lang='lat'>2</span> <span class='ocrx_word' id='word_1_678' title='bbox 950 2582 1003 2607; x_wconf 86' lang='lat' dir='ltr'>ch</span> <span class='ocrx_word' id='word_1_679' title='bbox 1018 2580 1145 2612; x_wconf 81' lang='lat' dir='ltr'>Falcidia,</span> <span class='ocrx_word' id='word_1_680' title='bbox 1163 2581 1190 2606; x_wconf 75' lang='lat' dir='ltr'>de</span> <span class='ocrx_word' id='word_1_681' title='bbox 1205 2589 1251 2615; x_wconf 78' lang='lat' dir='ltr'>qua</span> <span class='ocrx_word' id='word_1_682' title='bbox 1266 2581 1322 2606; x_wconf 85' lang='lat' dir='ltr'>[Cti</span> 
     </span>
     <span class='ocr_line' id='line_1_72' title="bbox 279 2615 1323 2652; baseline -0.005 -6"><span class='ocrx_word' id='word_1_683' title='bbox 279 2620 313 2647; x_wconf 80' lang='lat' dir='ltr'>ad</span> <span class='ocrx_word' id='word_1_684' title='bbox 327 2619 409 2646; x_wconf 86' lang='lat' dir='ltr'>Instit.</span> <span class='ocrx_word' id='word_1_685' title='bbox 425 2627 450 2651; x_wconf 85' lang='lat'>2,</span> <span class='ocrx_word' id='word_1_686' title='bbox 467 2626 493 2643; x_wconf 87' lang='lat'>22</span> <span class='ocrx_word' id='word_1_687' title='bbox 517 2626 568 2652; x_wconf 90' lang='lat' dir='ltr'>qua</span> <span class='ocrx_word' id='word_1_688' title='bbox 581 2623 702 2647; x_wconf 87' lang='lat' dir='ltr'>cauetur,</span> <span class='ocrx_word' id='word_1_689' title='bbox 718 2625 750 2642; x_wconf 89' lang='lat' dir='ltr'>ne</span> <span class='ocrx_word' id='word_1_690' title='bbox 766 2616 821 2651; x_wconf 90' lang='lat' dir='ltr'>plus</span> <span class='ocrx_word' id='word_1_691' title='bbox 840 2616 926 2651; x_wconf 84' lang='lat' dir='ltr'>legare</span> <span class='ocrx_word' id='word_1_692' title='bbox 944 2616 1053 2648; x_wconf 78' lang='lat' dir='ltr'>liceret,</span> <span class='ocrx_word' id='word_1_693' title='bbox 1073 2625 1152 2651; x_wconf 90' lang='lat' dir='ltr'>quam</span> <span class='ocrx_word' id='word_1_694' title='bbox 1166 2615 1323 2642; x_wconf 85' lang='lat' dir='ltr'>dodrantem</span> 
     </span>
     <span class='ocr_line' id='line_1_73' title="bbox 279 2651 1322 2685; baseline -0.006 -3"><span class='ocrx_word' id='word_1_695' title='bbox 279 2662 399 2683; x_wconf 81' lang='lat' dir='ltr'>totorum</span> <span class='ocrx_word' id='word_1_696' title='bbox 419 2653 569 2682; x_wconf 87' lang='lat' dir='ltr'>bonorum,</span> <span class='ocrx_word' id='word_1_697' title='bbox 589 2652 616 2678; x_wconf 89' lang='lat' dir='ltr'>id</span> <span class='ocrx_word' id='word_1_698' title='bbox 632 2652 684 2683; x_wconf 82' lang='lat' dir='ltr'>est,</span> <span class='ocrx_word' id='word_1_699' title='bbox 704 2659 732 2678; x_wconf 87' lang='lat' dir='ltr'>vt</span> <span class='ocrx_word' id='word_1_700' title='bbox 745 2652 798 2677; x_wconf 82' lang='lat' dir='ltr'>fine</span> <span class='ocrx_word' id='word_1_701' title='bbox 812 2661 877 2678; x_wconf 85' lang='lat' dir='ltr'>vnus</span> <span class='ocrx_word' id='word_1_702' title='bbox 897 2652 971 2679; x_wconf 87' lang='lat' dir='ltr'>heres</span> <span class='ocrx_word' id='word_1_703' title='bbox 990 2652 1123 2679; x_wconf 83' lang='lat' dir='ltr'>institutus</span> <span class='ocrx_word' id='word_1_704' title='bbox 1136 2651 1182 2684; x_wconf 85' lang='lat' dir='ltr'>sit,</span> <span class='ocrx_word' id='word_1_705' title='bbox 1196 2651 1249 2678; x_wconf 87' lang='lat' dir='ltr'>siue</span> <span class='ocrx_word' id='word_1_706' title='bbox 1264 2651 1322 2685; x_wconf 85' lang='lat' dir='ltr'>plu-</span> 
     </span>
     <span class='ocr_line' id='line_1_74' title="bbox 280 2689 930 2724; baseline -0.002 -8"><span class='ocrx_word' id='word_1_707' title='bbox 280 2700 337 2722; x_wconf 82' lang='lat' dir='ltr'>res,</span> <span class='ocrx_word' id='word_1_708' title='bbox 356 2689 425 2724; x_wconf 85' lang='lat' dir='ltr'>apud</span> <span class='ocrx_word' id='word_1_709' title='bbox 439 2697 500 2714; x_wconf 90' lang='lat' dir='ltr'>eum</span> <span class='ocrx_word' id='word_1_710' title='bbox 511 2696 591 2713; x_wconf 85' lang='lat' dir='ltr'>eosue</span> <span class='ocrx_word' id='word_1_711' title='bbox 607 2696 664 2721; x_wconf 85' lang='lat' dir='ltr'>pars</span> <span class='ocrx_word' id='word_1_712' title='bbox 679 2694 770 2720; x_wconf 88' lang='lat' dir='ltr'>quarta</span> <span class='ocrx_word' id='word_1_713' title='bbox 789 2694 930 2715; x_wconf 86' lang='lat' dir='ltr'>remaneat.</span> 
     </span>
    </p>

    <p class='ocr_par' dir='ltr' id='par_1_24' title="bbox 273 2721 1324 2830">
     <span class='ocr_line' id='line_1_75' title="bbox 316 2721 1322 2757; baseline -0.005 -5"><span class='ocrx_word' id='word_1_714' title='bbox 316 2733 332 2752; x_wconf 81' lang='lat' dir='ltr'>F</span> <span class='ocrx_word' id='word_1_715' title='bbox 342 2733 364 2752; x_wconf 83' lang='lat' dir='ltr'>A</span> <span class='ocrx_word' id='word_1_716' title='bbox 374 2733 388 2751; x_wconf 84' lang='lat'>1.</span> <span class='ocrx_word' id='word_1_717' title='bbox 398 2731 442 2751; x_wconf 86' lang='lat' dir='ltr'>co</span> <span class='ocrx_word' id='word_1_718' title='bbox 453 2743 460 2756; x_wconf 82' lang='lat'>,</span> <span class='ocrx_word' id='word_1_719' title='bbox 478 2723 545 2749; x_wconf 68' lang='lat' dir='ltr'>(inis.</span> <span class='ocrx_word' id='word_1_720' title='bbox 565 2731 600 2748; x_wconf 91' lang='lat' dir='ltr'>m.</span> <span class='ocrx_word' id='word_1_721' title='bbox 637 2721 734 2752; x_wconf 85' lang='lat' dir='ltr'>Festus,</span> <span class='ocrx_word' id='word_1_722' title='bbox 751 2721 875 2747; x_wconf 82' lang='lat' dir='ltr'>Falcones</span> <span class='ocrx_word' id='word_1_723' title='bbox 889 2723 1023 2756; x_wconf 85' lang='lat' dir='ltr'>dicuntur,</span> <span class='ocrx_word' id='word_1_724' title='bbox 1041 2732 1158 2757; x_wconf 88' lang='lat' dir='ltr'>quorum</span> <span class='ocrx_word' id='word_1_725' title='bbox 1173 2722 1250 2756; x_wconf 76' lang='lat' dir='ltr'>digiti</span> <span class='ocrx_word' id='word_1_726' title='bbox 1266 2722 1322 2757; x_wconf 89' lang='lat' dir='ltr'>pol-</span> 
     </span>
     <span class='ocr_line' id='line_1_76' title="bbox 273 2756 1324 2794; baseline -0.003 -7"><span class='ocrx_word' id='word_1_727' title='bbox 273 2761 344 2787; x_wconf 76' lang='lat' dir='ltr'>‘lices</span> <span class='ocrx_word' id='word_1_728' title='bbox 357 2761 385 2786; x_wconf 90' lang='lat' dir='ltr'>in</span> <span class='ocrx_word' id='word_1_729' title='bbox 399 2758 509 2794; x_wconf 85' lang='lat' dir='ltr'>pedibus</span> <span class='ocrx_word' id='word_1_730' title='bbox 521 2758 592 2784; x_wconf 84' lang='lat' dir='ltr'>intro</span> <span class='ocrx_word' id='word_1_731' title='bbox 606 2758 664 2784; x_wconf 87' lang='lat' dir='ltr'>sunt</span> <span class='ocrx_word' id='word_1_732' title='bbox 677 2757 796 2786; x_wconf 87' lang='lat' dir='ltr'>curuati,</span> <span class='ocrx_word' id='word_1_733' title='bbox 810 2765 824 2782; x_wconf 89' lang='grc'>3</span> <span class='ocrx_word' id='word_1_734' title='bbox 839 2756 1010 2784; x_wconf 84' lang='lat' dir='ltr'>similitudine</span> <span class='ocrx_word' id='word_1_735' title='bbox 1024 2759 1107 2786; x_wconf 87' lang='lat' dir='ltr'>falcis.</span> <span class='ocrx_word' id='word_1_736' title='bbox 1149 2758 1253 2785; x_wconf 78' lang='lat' dir='ltr'>Videtur</span> <span class='ocrx_word' id='word_1_737' title='bbox 1267 2768 1324 2794; x_wconf 80' lang='lat' dir='ltr'>ergo</span> 
     </span>
     <span class='ocr_line' id='line_1_77' title="bbox 281 2792 1323 2830; baseline -0.004 -8"><span class='ocrx_word' id='word_1_738' title='bbox 281 2797 404 2823; x_wconf 86' lang='lat' dir='ltr'>hominum</span> <span class='ocrx_word' id='word_1_739' title='bbox 429 2803 558 2830; x_wconf 73' lang='lat' dir='ltr'>cognomen</span> <span class='ocrx_word' id='word_1_740' title='bbox 598 2802 680 2824; x_wconf 73' lang='lat' dir='ltr'>acere,</span> <span class='ocrx_word' id='word_1_741' title='bbox 707 2798 735 2818; x_wconf 80' lang='lat' dir='ltr'>ut</span> <span class='ocrx_word' id='word_1_742' title='bbox 755 2792 889 2823; x_wconf 83' lang='lat' dir='ltr'>Nasones,</span> <span class='ocrx_word' id='word_1_743' title='bbox 907 2792 1059 2824; x_wconf 82' lang='lat' dir='ltr'>Labeones,</span> <span class='ocrx_word' id='word_1_744' title='bbox 1085 2801 1129 2819; x_wconf 70' lang='lat' dir='ltr'>etc.</span> <span class='ocrx_word' id='word_1_745' title='bbox 1185 2792 1232 2819; x_wconf 76' lang='lat' dir='ltr'>Sed</span> <span class='ocrx_word' id='word_1_746' title='bbox 1243 2792 1323 2828; x_wconf 79' lang='lat' dir='ltr'>potest</span> 
     </span>
    </p>
   </div>
   <div class='ocr_carea' id='block_1_18' title="bbox 282 2827 1323 2861">
    <p class='ocr_par' dir='ltr' id='par_1_25' title="bbox 282 2827 1323 2861">
     <span class='ocr_line' id='line_1_78' title="bbox 282 2827 1323 2861; baseline -0.004 -3"><span class='ocrx_word' id='word_1_747' title='bbox 282 2835 356 2858; x_wconf 79' lang='lat' dir='ltr'>etiam</span> <span class='ocrx_word' id='word_1_748' title='bbox 370 2833 434 2857; x_wconf 83' lang='lat' dir='ltr'>Auis</span> <span class='ocrx_word' id='word_1_749' title='bbox 454 2838 537 2855; x_wconf 75' lang='lat' dir='ltr'>nomen</span> <span class='ocrx_word' id='word_1_750' title='bbox 558 2839 575 2861; x_wconf 39' lang='lat' dir='ltr'>o·</span> <span class='ocrx_word' id='word_1_751' title='bbox 589 2838 608 2854; x_wconf 76' lang='lat' dir='ltr'>e.</span> <span class='ocrx_word' id='word_1_752' title='bbox 664 2829 734 2854; x_wconf 74' lang='lat' dir='ltr'>Certe</span> <span class='ocrx_word' id='word_1_753' title='bbox 747 2827 836 2853; x_wconf 86' lang='lat' dir='ltr'>Isidor.</span> <span class='ocrx_word' id='word_1_754' title='bbox 852 2835 888 2859; x_wconf 85' lang='lat'>12,</span> <span class='ocrx_word' id='word_1_755' title='bbox 902 2835 919 2861; x_wconf 90' lang='lat'>7</span> <span class='ocrx_word' id='word_1_756' title='bbox 939 2828 1023 2861; x_wconf 89' lang='lat' dir='ltr'>Capus</span> <span class='ocrx_word' id='word_1_757' title='bbox 1039 2829 1102 2854; x_wconf 87' lang='lat' dir='ltr'>Itala</span> <span class='ocrx_word' id='word_1_758' title='bbox 1115 2828 1204 2861; x_wconf 82' lang='lat' dir='ltr'>lingua</span> <span class='ocrx_word' id='word_1_759' title='bbox 1223 2828 1323 2855; x_wconf 88' lang='lat' dir='ltr'>dicitur</span> 
     </span>
    </p>
   </div>
   <div class='ocr_carea' id='block_1_19' title="bbox 1349 561 1822 598">
    <p class='ocr_par' dir='ltr' id='par_1_26' title="bbox 1349 561 1822 598">
     <span class='ocr_line' id='line_1_79' title="bbox 1349 561 1822 598; baseline 0 -12"><span class='ocrx_word' id='word_1_760' title='bbox 1349 563 1492 589; x_wconf 70' lang='lat' dir='ltr'>{onominis</span> <span class='ocrx_word' id='word_1_761' title='bbox 1510 562 1598 598; x_wconf 48' lang='lat' dir='ltr'>aid-fert</span> <span class='ocrx_word' id='word_1_762' title='bbox 1617 561 1662 587; x_wconf 86' lang='lat' dir='ltr'>Sil.</span> <span class='ocrx_word' id='word_1_763' title='bbox 1675 568 1700 595; x_wconf 84' lang='lat'>7,</span> <span class='ocrx_word' id='word_1_764' title='bbox 1720 563 1765 587; x_wconf 88' lang='lat'>166</span> <span class='ocrx_word' id='word_1_765' title='bbox 1785 562 1822 595; x_wconf 91' lang='lat' dir='ltr'>sq.</span> 
     </span>
    </p>
   </div>
   <div class='ocr_carea' id='block_1_20' title="bbox 881 915 2443 988">
    <p class='ocr_par' dir='ltr' id='par_1_27' title="bbox 881 915 2443 988">
     <span class='ocr_line' id='line_1_80' title="bbox 881 915 1846 951; baseline -0.001 -8"><span class='ocrx_word' id='word_1_766' title='bbox 881 918 952 943; x_wconf 89' lang='lat' dir='ltr'>Haec</span> <span class='ocrx_word' id='word_1_767' title='bbox 966 917 1025 943; x_wconf 88' lang='lat' dir='ltr'>sunt</span> <span class='ocrx_word' id='word_1_768' title='bbox 1037 924 1063 943; x_wconf 86' lang='lat' dir='ltr'>et</span> <span class='ocrx_word' id='word_1_769' title='bbox 1077 918 1156 947; x_wconf 82' lang='lat' dir='ltr'>circo,</span> <span class='ocrx_word' id='word_1_770' title='bbox 1173 925 1240 951; x_wconf 87' lang='lat' dir='ltr'>quae</span> <span class='ocrx_word' id='word_1_771' title='bbox 1252 915 1322 950; x_wconf 86' lang='lat' dir='ltr'>apud</span> <span class='ocrx_word' id='word_1_772' title='bbox 1332 928 1367 946; x_wconf 88' lang='lat'>20</span> <span class='ocrx_word' id='word_1_773' title='bbox 1384 917 1553 944; x_wconf 84' lang='lat' dir='ltr'>Iunonicolae</span> <span class='ocrx_word' id='word_1_774' title='bbox 1573 918 1654 944; x_wconf 85' lang='lat' dir='ltr'>Ouid.</span> <span class='ocrx_word' id='word_1_775' title='bbox 1670 916 1734 943; x_wconf 79' lang='lat' dir='ltr'>Fast.</span> <span class='ocrx_word' id='word_1_776' title='bbox 1749 919 1765 943; x_wconf 88' lang='lat'>6</span> <span class='ocrx_word' id='word_1_777' title='bbox 1775 936 1782 948; x_wconf 94' lang='lat'>,</span> <span class='ocrx_word' id='word_1_778' title='bbox 1802 924 1846 949; x_wconf 87' lang='lat'>49.</span> 
     </span>
     <span class='ocr_line' id='line_1_81' title="bbox 1383 950 2443 988; baseline -0.001 -11"><span class='ocrx_word' id='word_1_779' title='bbox 1383 952 1486 978; x_wconf 84' lang='lat' dir='ltr'>buerunt</span> <span class='ocrx_word' id='word_1_780' title='bbox 1504 953 1587 979; x_wconf 83' lang='lat' dir='ltr'>vrbem</span> <span class='ocrx_word' id='word_1_781' title='bbox 1601 953 1734 984; x_wconf 78' lang='lat' dir='ltr'>Falerios,</span> <span class='ocrx_word' id='word_1_782' title='bbox 1754 961 1828 988; x_wconf 82' lang='lat' dir='ltr'>quam</span> <span class='ocrx_word' id='word_1_783' title='bbox 1841 952 1959 978; x_wconf 68' lang='lat' dir='ltr'>Camillus</span> <span class='ocrx_word' id='word_1_784' title='bbox 1976 952 2026 977; x_wconf 54' lang='lat' dir='ltr'>dua¹</span> <span class='ocrx_word' id='word_1_785' title='bbox 2040 951 2140 987; x_wconf 66' lang='lat' dir='ltr'>obsedit.</span> <span class='ocrx_word' id='word_1_786' title='bbox 2178 950 2236 977; x_wconf 90' lang='lat' dir='ltr'>Liu.</span> <span class='ocrx_word' id='word_1_787' title='bbox 2251 960 2274 983; x_wconf 79' lang='lat'>5,</span> <span class='ocrx_word' id='word_1_788' title='bbox 2287 952 2321 977; x_wconf 86' lang='lat'>26</span> <span class='ocrx_word' id='word_1_789' title='bbox 2340 957 2364 977; x_wconf 82' lang='lat' dir='ltr'>et</span> <span class='ocrx_word' id='word_1_790' title='bbox 2384 951 2443 986; x_wconf 51' lang='lat'>27,.¹</span> 
     </span>
    </p>
   </div>
   <div class='ocr_carea' id='block_1_21' title="bbox 1121 1095 1421 1132">
    <p class='ocr_par' dir='ltr' id='par_1_28' title="bbox 1121 1095 1421 1132">
     <span class='ocr_line' id='line_1_82' title="bbox 1121 1095 1421 1132; baseline -0.01 -10"><span class='ocrx_word' id='word_1_791' title='bbox 1121 1095 1220 1122; x_wconf 72' lang='lat' dir='ltr'>Laudat</span> <span class='ocrx_word' id='word_1_792' title='bbox 1239 1095 1362 1132; x_wconf 74' lang='lat' dir='ltr'>deinde23</span> <span class='ocrx_word' id='word_1_793' title='bbox 1385 1101 1421 1126; x_wconf 83' lang='grc'>35.</span> 
     </span>
    </p>
   </div>
   <div class='ocr_carea' id='block_1_22' title="bbox 1344 2507 1606 2541">
    <p class='ocr_par' dir='ltr' id='par_1_29' title="bbox 1344 2507 1606 2541">
     <span class='ocr_line' id='line_1_83' title="bbox 1344 2507 1606 2541; baseline 0.008 -10"><span class='ocrx_word' id='word_1_794' title='bbox 1344 2507 1375 2537; x_wconf 75' lang='grc'>65</span> <span class='ocrx_word' id='word_1_795' title='bbox 1383 2508 1465 2533; x_wconf 85' lang='lat' dir='ltr'>Serm.</span> <span class='ocrx_word' id='word_1_796' title='bbox 1481 2515 1502 2538; x_wconf 82' lang='lat'>2,</span> <span class='ocrx_word' id='word_1_797' title='bbox 1515 2514 1542 2541; x_wconf 94' lang='lat'>7,</span> <span class='ocrx_word' id='word_1_798' title='bbox 1556 2515 1606 2540; x_wconf 89' lang='grc'>114.</span> 
     </span>
    </p>
   </div>
   <div class='ocr_carea' id='block_1_23' title="bbox 1335 2682 2153 2720">
    <p class='ocr_par' dir='ltr' id='par_1_30' title="bbox 1335 2682 2153 2720">
     <span class='ocr_line' id='line_1_84' title="bbox 1335 2682 2153 2720; baseline 0.002 -11"><span class='ocrx_word' id='word_1_799' title='bbox 1335 2691 1371 2719; x_wconf 86' lang='grc'>70</span> <span class='ocrx_word' id='word_1_800' title='bbox 1382 2683 1483 2709; x_wconf 77' lang='lat' dir='ltr'>reddere</span> <span class='ocrx_word' id='word_1_801' title='bbox 1500 2683 1596 2710; x_wconf 79' lang='lat' dir='ltr'>credita</span> <span class='ocrx_word' id='word_1_802' title='bbox 1608 2682 1660 2716; x_wconf 82' lang='lat' dir='ltr'>fibi</span> <span class='ocrx_word' id='word_1_803' title='bbox 1678 2685 1746 2710; x_wconf 82' lang='lat' dir='ltr'>velut</span> <span class='ocrx_word' id='word_1_804' title='bbox 1765 2683 1896 2718; x_wconf 67' lang='lat' dir='ltr'>depositum</span> <span class='ocrx_word' id='word_1_805' title='bbox 1914 2684 2034 2719; x_wconf 82' lang='lat' dir='ltr'>quoddam</span> <span class='ocrx_word' id='word_1_806' title='bbox 2047 2685 2153 2720; x_wconf 80' lang='lat' dir='ltr'>semina.</span> 
     </span>
    </p>
   </div>
   <div class='ocr_carea' id='block_1_24' title="bbox 1741 151 2024 195">
    <p class='ocr_par' dir='ltr' id='par_1_31' title="bbox 1741 151 2024 195">
     <span class='ocr_line' id='line_1_85' title="bbox 1741 151 2024 195; baseline 0.014 -5"><span class='ocrx_word' id='word_1_807' title='bbox 1741 151 2024 195; x_wconf 79' lang='lat' dir='ltr'>FAL</span> 
     </span>
    </p>
   </div>
   <div class='ocr_carea' id='block_1_25' title="bbox 1385 275 2440 524">
    <p class='ocr_par' dir='ltr' id='par_1_32' title="bbox 1385 275 2440 524">
     <span class='ocr_line' id='line_1_86' title="bbox 1385 275 2426 310; baseline 0 -7"><span class='ocrx_word' id='word_1_808' title='bbox 1385 277 1442 303; x_wconf 89' lang='lat' dir='ltr'>tial.</span> <span class='ocrx_word' id='word_1_809' title='bbox 1457 286 1479 310; x_wconf 97' lang='grc'>3,</span> <span class='ocrx_word' id='word_1_810' title='bbox 1500 284 1543 308; x_wconf 79' lang='lat'>108</span> <span class='ocrx_word' id='word_1_811' title='bbox 1571 277 1656 305; x_wconf 83' lang='lat' dir='ltr'>Attica</span> <span class='ocrx_word' id='word_1_812' title='bbox 1674 276 1827 302; x_wconf 57' lang='lat' dir='ltr'>neckareum</span> <span class='ocrx_word' id='word_1_813' title='bbox 1840 275 1953 302; x_wconf 83' lang='lat' dir='ltr'>turbatis</span> <span class='ocrx_word' id='word_1_814' title='bbox 1966 277 2043 304; x_wconf 87' lang='lat' dir='ltr'>mella</span> <span class='ocrx_word' id='word_1_815' title='bbox 2058 278 2207 304; x_wconf 79' lang='lat' dir='ltr'>Falernum.</span> <span class='ocrx_word' id='word_1_816' title='bbox 2260 275 2333 302; x_wconf 86' lang='lat' dir='ltr'>Idem</span> <span class='ocrx_word' id='word_1_817' title='bbox 2353 284 2378 308; x_wconf 85' lang='lat'>1,</span> <span class='ocrx_word' id='word_1_818' title='bbox 2397 285 2426 309; x_wconf 88' lang='grc'>19</span> 
     </span>
     <span class='ocr_line' id='line_1_87' title="bbox 1385 311 1851 348; baseline -0.006 -9"><span class='ocrx_word' id='word_1_819' title='bbox 1385 312 1471 339; x_wconf 80' lang='lat' dir='ltr'>Scelus</span> <span class='ocrx_word' id='word_1_820' title='bbox 1499 314 1535 340; x_wconf 85' lang='lat' dir='ltr'>est</span> <span class='ocrx_word' id='word_1_821' title='bbox 1556 313 1678 348; x_wconf 80' lang='lat' dir='ltr'>iugulare</span> <span class='ocrx_word' id='word_1_822' title='bbox 1702 311 1851 338; x_wconf 83' lang='lat' dir='ltr'>Falernum.</span> 
     </span>
     <span class='ocr_line' id='line_1_88' title="bbox 1386 347 2440 381; baseline 0 -7"><span class='ocrx_word' id='word_1_823' title='bbox 1386 351 1404 374; x_wconf 81' lang='lat' dir='ltr'>i.</span> <span class='ocrx_word' id='word_1_824' title='bbox 1425 348 1502 375; x_wconf 88' lang='lat' dir='ltr'>cados</span> <span class='ocrx_word' id='word_1_825' title='bbox 1518 350 1659 380; x_wconf 71' lang='lat' dir='ltr'>intellexit,</span> <span class='ocrx_word' id='word_1_826' title='bbox 1679 357 1701 380; x_wconf 82' lang='lat'>2,</span> <span class='ocrx_word' id='word_1_827' title='bbox 1723 356 1744 379; x_wconf 87' lang='lat'>1,</span> <span class='ocrx_word' id='word_1_828' title='bbox 1764 354 1797 381; x_wconf 84' lang='lat'>27</span> <span class='ocrx_word' id='word_1_829' title='bbox 1824 347 1904 373; x_wconf 90' lang='lat' dir='ltr'>Nunc</span> <span class='ocrx_word' id='word_1_830' title='bbox 1916 347 1984 374; x_wconf 86' lang='lat' dir='ltr'>mihi</span> <span class='ocrx_word' id='word_1_831' title='bbox 2004 348 2120 374; x_wconf 86' lang='lat' dir='ltr'>fumosos</span> <span class='ocrx_word' id='word_1_832' title='bbox 2136 348 2234 375; x_wconf 87' lang='lat' dir='ltr'>veteris</span> <span class='ocrx_word' id='word_1_833' title='bbox 2250 347 2367 381; x_wconf 88' lang='lat' dir='ltr'>perferre</span> <span class='ocrx_word' id='word_1_834' title='bbox 2381 347 2440 374; x_wconf 52' lang='lat' dir='ltr'>Fas·</span> 
     </span>
     <span class='ocr_line' id='line_1_89' title="bbox 1387 382 2111 417; baseline -0.001 -7"><span class='ocrx_word' id='word_1_835' title='bbox 1387 383 1474 410; x_wconf 85' lang='lat' dir='ltr'>Iernos</span> <span class='ocrx_word' id='word_1_836' title='bbox 1510 384 1632 412; x_wconf 89' lang='lat' dir='ltr'>Consulis</span> <span class='ocrx_word' id='word_1_837' title='bbox 1646 404 1654 417; x_wconf 92' lang='lat'>‚</span> <span class='ocrx_word' id='word_1_838' title='bbox 1681 390 1706 410; x_wconf 89' lang='lat' dir='ltr'>et</span> <span class='ocrx_word' id='word_1_839' title='bbox 1725 382 1795 409; x_wconf 88' lang='lat' dir='ltr'>Chio</span> <span class='ocrx_word' id='word_1_840' title='bbox 1815 382 1909 408; x_wconf 86' lang='lat' dir='ltr'>soluite</span> <span class='ocrx_word' id='word_1_841' title='bbox 1929 383 2016 409; x_wconf 84' lang='lat' dir='ltr'>vincla</span> <span class='ocrx_word' id='word_1_842' title='bbox 2036 384 2111 410; x_wconf 91' lang='lat' dir='ltr'>cado.</span> 
     </span>
     <span class='ocr_line' id='line_1_90' title="bbox 1386 417 2197 453; baseline 0 -9"><span class='ocrx_word' id='word_1_843' title='bbox 1386 420 1478 446; x_wconf 88' lang='lat' dir='ltr'>quen.</span> <span class='ocrx_word' id='word_1_844' title='bbox 1492 420 1542 447; x_wconf 89' lang='lat' dir='ltr'>Sat.</span> <span class='ocrx_word' id='word_1_845' title='bbox 1557 429 1590 453; x_wconf 84' lang='lat'>13,</span> <span class='ocrx_word' id='word_1_846' title='bbox 1605 422 1660 446; x_wconf 87' lang='lat'>216.</span> <span class='ocrx_word' id='word_1_847' title='bbox 1753 417 1852 444; x_wconf 85' lang='lat' dir='ltr'>Ardens</span> <span class='ocrx_word' id='word_1_848' title='bbox 1873 418 1940 444; x_wconf 89' lang='lat' dir='ltr'>Hor.</span> <span class='ocrx_word' id='word_1_849' title='bbox 1955 419 2042 446; x_wconf 88' lang='lat' dir='ltr'>Carm.</span> <span class='ocrx_word' id='word_1_850' title='bbox 2057 427 2088 451; x_wconf 91' lang='lat'>2,</span> <span class='ocrx_word' id='word_1_851' title='bbox 2106 427 2144 451; x_wconf 88' lang='lat'>11,</span> <span class='ocrx_word' id='word_1_852' title='bbox 2162 427 2197 451; x_wconf 89' lang='lat'>¹9·</span> 
     </span>
     <span class='ocr_line' id='line_1_91' title="bbox 1386 453 1992 490; baseline 0 -10"><span class='ocrx_word' id='word_1_853' title='bbox 1386 454 1467 481; x_wconf 89' lang='lat' dir='ltr'>Serm.</span> <span class='ocrx_word' id='word_1_854' title='bbox 1479 464 1505 489; x_wconf 84' lang='lat'>2,</span> <span class='ocrx_word' id='word_1_855' title='bbox 1517 465 1543 490; x_wconf 88' lang='lat'>4,</span> <span class='ocrx_word' id='word_1_856' title='bbox 1557 464 1601 488; x_wconf 85' lang='lat'>24.</span> <span class='ocrx_word' id='word_1_857' title='bbox 1672 453 1837 481; x_wconf 89' lang='lat' dir='ltr'>Indomitum</span> <span class='ocrx_word' id='word_1_858' title='bbox 1857 453 1922 479; x_wconf 87' lang='lat' dir='ltr'>Pers.</span> <span class='ocrx_word' id='word_1_859' title='bbox 1935 462 1958 486; x_wconf 96' lang='grc'>3,</span> <span class='ocrx_word' id='word_1_860' title='bbox 1971 464 1992 486; x_wconf 87' lang='lat'>3.</span> 
     </span>
     <span class='ocr_line' id='line_1_92' title="bbox 1387 489 2017 524; baseline 0.002 -9"><span class='ocrx_word' id='word_1_861' title='bbox 1387 498 1425 524; x_wconf 86' lang='lat'>14,</span> <span class='ocrx_word' id='word_1_862' title='bbox 1438 498 1479 524; x_wconf 91' lang='grc'>34.</span> <span class='ocrx_word' id='word_1_863' title='bbox 1548 491 1674 517; x_wconf 85' lang='lat' dir='ltr'>Seuerum</span> <span class='ocrx_word' id='word_1_864' title='bbox 1693 489 1766 516; x_wconf 87' lang='lat' dir='ltr'>Idem</span> <span class='ocrx_word' id='word_1_865' title='bbox 1785 490 1873 516; x_wconf 79' lang='lat' dir='ltr'>Carni.</span> <span class='ocrx_word' id='word_1_866' title='bbox 1888 498 1907 520; x_wconf 94' lang='lat'>1,</span> <span class='ocrx_word' id='word_1_867' title='bbox 1922 497 1965 523; x_wconf 88' lang='lat'>27,</span> <span class='ocrx_word' id='word_1_868' title='bbox 1980 498 2017 516; x_wconf 89' lang='lat'>10.</span> 
     </span>
    </p>
   </div>
   <div class='ocr_carea' id='block_1_26' title="bbox 1487 526 1815 558">
    <p class='ocr_par' dir='ltr' id='par_1_33' title="bbox 1487 526 1815 558">
     <span class='ocr_line' id='line_1_93' title="bbox 1487 526 1815 558; baseline -0.003 -6"><span class='ocrx_word' id='word_1_869' title='bbox 1487 526 1614 553; x_wconf 83' lang='lat' dir='ltr'>Vetulum</span> <span class='ocrx_word' id='word_1_870' title='bbox 1631 526 1726 552; x_wconf 86' lang='lat' dir='ltr'>Catull.</span> <span class='ocrx_word' id='word_1_871' title='bbox 1740 533 1780 558; x_wconf 74' lang='lat'>25,</span> <span class='ocrx_word' id='word_1_872' title='bbox 1796 533 1815 551; x_wconf 87' lang='lat'>1.</span> 
     </span>
    </p>
   </div>
   <div class='ocr_carea' id='block_1_27' title="bbox 2293 417 2428 446">
    <p class='ocr_par' dir='ltr' id='par_1_34' title="bbox 2293 417 2428 446">
     <span class='ocr_line' id='line_1_94' title="bbox 2293 417 2428 446; baseline 0.007 -3"><span class='ocrx_word' id='word_1_873' title='bbox 2293 419 2372 444; x_wconf 85' lang='lat' dir='ltr'>Forte</span> <span class='ocrx_word' id='word_1_874' title='bbox 2389 417 2428 446; x_wconf 85' lang='lat' dir='ltr'>Id.-</span> 
     </span>
    </p>
   </div>
   <div class='ocr_carea' id='block_1_28' title="bbox 1386 489 2430 558">
    <p class='ocr_par' dir='ltr' id='par_1_35' title="bbox 1386 489 2430 558">
     <span class='ocr_line' id='line_1_95' title="bbox 2089 489 2430 530; baseline -0.006 -14"><span class='ocrx_word' id='word_1_875' title='bbox 2089 491 2173 516; x_wconf 90' lang='lat' dir='ltr'>Vetus</span> <span class='ocrx_word' id='word_1_876' title='bbox 2193 490 2260 515; x_wconf 89' lang='lat' dir='ltr'>Hor.</span> <span class='ocrx_word' id='word_1_877' title='bbox 2276 489 2357 515; x_wconf 85' lang='lat' dir='ltr'>Serm.</span> <span class='ocrx_word' id='word_1_878' title='bbox 2367 497 2391 520; x_wconf 82' lang='lat'>2,</span> <span class='ocrx_word' id='word_1_879' title='bbox 2404 497 2430 530; x_wconf 57' lang='lat'>35,</span> 
     </span>
     <span class='ocr_line' id='line_1_96' title="bbox 1386 533 1431 558; baseline 0 -7"><span class='ocrx_word' id='word_1_880' title='bbox 1386 533 1431 558; x_wconf 91' lang='grc'>115.</span> 
     </span>
    </p>
   </div>
   <div class='ocr_carea' id='block_1_29' title="bbox 1384 593 2440 738">
    <p class='ocr_par' dir='ltr' id='par_1_36' title="bbox 1384 593 2440 738">
     <span class='ocr_line' id='line_1_97' title="bbox 1422 593 2440 631; baseline -0.001 -9"><span class='ocrx_word' id='word_1_881' title='bbox 1422 602 1438 622; x_wconf 81' lang='lat' dir='ltr'>F</span> <span class='ocrx_word' id='word_1_882' title='bbox 1448 603 1469 623; x_wconf 83' lang='lat' dir='ltr'>A</span> <span class='ocrx_word' id='word_1_883' title='bbox 1479 603 1495 623; x_wconf 89' lang='lat' dir='ltr'>L</span> <span class='ocrx_word' id='word_1_884' title='bbox 1508 603 1518 622; x_wconf 87' lang='lat'>1</span> <span class='ocrx_word' id='word_1_885' title='bbox 1530 604 1541 624; x_wconf 93' lang='lat' dir='ltr'>s</span> <span class='ocrx_word' id='word_1_886' title='bbox 1550 605 1567 624; x_wconf 85' lang='lat' dir='ltr'>c</span> <span class='ocrx_word' id='word_1_887' title='bbox 1576 605 1595 624; x_wconf 85' lang='grc' dir='ltr'>Α</span> <span class='ocrx_word' id='word_1_888' title='bbox 1605 617 1613 629; x_wconf 91' lang='grc'>,</span> <span class='ocrx_word' id='word_1_889' title='bbox 1644 597 1759 623; x_wconf 88' lang='lat' dir='ltr'>Colonia</span> <span class='ocrx_word' id='word_1_890' title='bbox 1775 597 1844 623; x_wconf 76' lang='lat' dir='ltr'>intus</span> <span class='ocrx_word' id='word_1_891' title='bbox 1864 595 1934 629; x_wconf 87' lang='lat' dir='ltr'>(cum</span> <span class='ocrx_word' id='word_1_892' title='bbox 1948 593 2057 631; x_wconf 67' lang='lat' dir='ltr'>respeflu</span> <span class='ocrx_word' id='word_1_893' title='bbox 2070 596 2105 622; x_wconf 80' lang='lat' dir='ltr'>ad</span> <span class='ocrx_word' id='word_1_894' title='bbox 2120 595 2247 629; x_wconf 85' lang='lat' dir='ltr'>Tiberim)</span> <span class='ocrx_word' id='word_1_895' title='bbox 2262 593 2339 628; x_wconf 81' lang='lat' dir='ltr'>Argis</span> <span class='ocrx_word' id='word_1_896' title='bbox 2352 599 2440 628; x_wconf 58' lang='lat' dir='ltr'>orta,</span> 
     </span>
     <span class='ocr_line' id='line_1_98' title="bbox 1384 630 2428 666; baseline 0 -8"><span class='ocrx_word' id='word_1_897' title='bbox 1384 636 1414 658; x_wconf 89' lang='lat' dir='ltr'>vt</span> <span class='ocrx_word' id='word_1_898' title='bbox 1428 631 1520 659; x_wconf 73' lang='grc'>3116101·</span> <span class='ocrx_word' id='word_1_899' title='bbox 1532 633 1567 659; x_wconf 82' lang='lat' dir='ltr'>est</span> <span class='ocrx_word' id='word_1_900' title='bbox 1581 634 1657 664; x_wconf 89' lang='lat' dir='ltr'>Cato,</span> <span class='ocrx_word' id='word_1_901' title='bbox 1677 641 1744 666; x_wconf 89' lang='lat' dir='ltr'>quae</span> <span class='ocrx_word' id='word_1_902' title='bbox 1760 631 1964 666; x_wconf 84' lang='lat' dir='ltr'>cognominatur</span> <span class='ocrx_word' id='word_1_903' title='bbox 1979 632 2177 658; x_wconf 86' lang='lat' dir='ltr'>Hetruscorum.</span> <span class='ocrx_word' id='word_1_904' title='bbox 2219 630 2352 657; x_wconf 55' lang='lat' dir='ltr'>Videlin.</span> <span class='ocrx_word' id='word_1_905' title='bbox 2366 638 2390 663; x_wconf 90' lang='grc'>3,</span> <span class='ocrx_word' id='word_1_906' title='bbox 2407 637 2428 663; x_wconf 86' lang='grc' dir='ltr'>ς.</span> 
     </span>
     <span class='ocr_line' id='line_1_99' title="bbox 1424 666 2428 704; baseline -0.001 -11"><span class='ocrx_word' id='word_1_907' title='bbox 1424 673 1441 693; x_wconf 80' lang='lat' dir='ltr'>F</span> <span class='ocrx_word' id='word_1_908' title='bbox 1452 674 1541 695; x_wconf 81' lang='lat' dir='ltr'>ALIS</span> <span class='ocrx_word' id='word_1_909' title='bbox 1552 675 1604 700; x_wconf 88' lang='lat' dir='ltr'>C1,</span> <span class='ocrx_word' id='word_1_910' title='bbox 1617 668 1641 704; x_wconf 85' lang='lat' dir='ltr'>s.</span> <span class='ocrx_word' id='word_1_911' title='bbox 1661 675 1675 693; x_wconf 83' lang='grc' dir='ltr'>Ρ</span> <span class='ocrx_word' id='word_1_912' title='bbox 1687 674 1706 693; x_wconf 82' lang='grc' dir='ltr'>Η</span> <span class='ocrx_word' id='word_1_913' title='bbox 1718 674 1764 694; x_wconf 79' lang='grc' dir='ltr'>ΑΙ.</span> <span class='ocrx_word' id='word_1_914' title='bbox 1776 674 1786 693; x_wconf 88' lang='grc'>1</span> <span class='ocrx_word' id='word_1_915' title='bbox 1802 674 1814 694; x_wconf 90' lang='lat' dir='ltr'>s</span> <span class='ocrx_word' id='word_1_916' title='bbox 1828 673 1845 693; x_wconf 86' lang='lat' dir='ltr'>c</span> <span class='ocrx_word' id='word_1_917' title='bbox 1858 675 1883 701; x_wconf 91' lang='lat'>1,</span> <span class='ocrx_word' id='word_1_918' title='bbox 1897 675 1984 693; x_wconf 86' lang='grc'>0111111.</span> <span class='ocrx_word' id='word_1_919' title='bbox 2009 676 2044 692; x_wconf 90' lang='grc'>111.</span> <span class='ocrx_word' id='word_1_920' title='bbox 2080 667 2234 701; x_wconf 80' lang='grc' dir='ltr'><strong><em>[Φαλίσκοι]</em></strong></span> <span class='ocrx_word' id='word_1_921' title='bbox 2254 676 2354 702; x_wconf 86' lang='lat' dir='ltr'>quorum</span> <span class='ocrx_word' id='word_1_922' title='bbox 2368 666 2428 692; x_wconf 76' lang='lat' dir='ltr'>urbs</span> 
     </span>
     <span class='ocr_line' id='line_1_100' title="bbox 1386 701 2433 738; baseline -0.001 -10"><span class='ocrx_word' id='word_1_923' title='bbox 1386 702 1494 736; x_wconf 87' lang='lat' dir='ltr'>Falerii,</span> <span class='ocrx_word' id='word_1_924' title='bbox 1514 704 1608 738; x_wconf 83' lang='lat' dir='ltr'>Populi</span> <span class='ocrx_word' id='word_1_925' title='bbox 1622 705 1679 729; x_wconf 91' lang='lat' dir='ltr'>sunt</span> <span class='ocrx_word' id='word_1_926' title='bbox 1692 703 1843 733; x_wconf 78' lang='lat' dir='ltr'>Heu-uriae,</span> <span class='ocrx_word' id='word_1_927' title='bbox 1859 711 1924 737; x_wconf 87' lang='lat' dir='ltr'>quos</span> <span class='ocrx_word' id='word_1_928' title='bbox 1939 702 2068 736; x_wconf 79' lang='lat' dir='ltr'>Virgilius</span> <span class='ocrx_word' id='word_1_929' title='bbox 2083 703 2185 736; x_wconf 85' lang='lat' dir='ltr'>Aequos</span> <span class='ocrx_word' id='word_1_930' title='bbox 2199 701 2352 736; x_wconf 86' lang='lat' dir='ltr'>appellauit,</span> <span class='ocrx_word' id='word_1_931' title='bbox 2365 701 2433 736; x_wconf 80' lang='lat' dir='ltr'>quia&#39;</span> 
     </span>
    </p>
   </div>
   <div class='ocr_carea' id='block_1_30' title="bbox 1343 736 2449 778">
    <p class='ocr_par' dir='ltr' id='par_1_37' title="bbox 1343 736 2449 778">
     <span class='ocr_line' id='line_1_101' title="bbox 1343 736 2449 778; baseline 0 -14"><span class='ocrx_word' id='word_1_932' title='bbox 1343 751 1368 778; x_wconf 80' lang='lat'>¹5</span> <span class='ocrx_word' id='word_1_933' title='bbox 1385 738 1499 772; x_wconf 85' lang='lat' dir='ltr'>Populus</span> <span class='ocrx_word' id='word_1_934' title='bbox 1515 740 1648 766; x_wconf 88' lang='lat' dir='ltr'>Romanus</span> <span class='ocrx_word' id='word_1_935' title='bbox 1662 738 1739 764; x_wconf 79' lang='lat' dir='ltr'>millis</span> <span class='ocrx_word' id='word_1_936' title='bbox 1753 738 1849 764; x_wconf 88' lang='lat' dir='ltr'>Decem</span> <span class='ocrx_word' id='word_1_937' title='bbox 1863 738 1929 765; x_wconf 77' lang='lat' dir='ltr'>viris</span> <span class='ocrx_word' id='word_1_938' title='bbox 1942 737 1974 764; x_wconf 90' lang='lat' dir='ltr'>ab</span> <span class='ocrx_word' id='word_1_939' title='bbox 1988 737 2047 772; x_wconf 82' lang='lat' dir='ltr'>ipfis</span> <span class='ocrx_word' id='word_1_940' title='bbox 2059 738 2118 764; x_wconf 90' lang='lat' dir='ltr'>iura</span> <span class='ocrx_word' id='word_1_941' title='bbox 2129 738 2247 768; x_wconf 80' lang='lat' dir='ltr'>Fetialia,</span> <span class='ocrx_word' id='word_1_942' title='bbox 2261 744 2286 763; x_wconf 90' lang='lat' dir='ltr'>et</span> <span class='ocrx_word' id='word_1_943' title='bbox 2301 736 2430 764; x_wconf 81' lang='lat' dir='ltr'>nonnulla</span> <span class='ocrx_word' id='word_1_944' title='bbox 2448 743 2449 746; x_wconf 78' lang='grc'>’</span> 
     </span>
    </p>
   </div>
   <div class='ocr_carea' id='block_1_31' title="bbox 1383 772 2437 948">
    <p class='ocr_par' dir='ltr' id='par_1_38' title="bbox 1383 772 2437 948">
     <span class='ocr_line' id='line_1_102' title="bbox 1385 772 2432 808; baseline -0.002 -8"><span class='ocrx_word' id='word_1_945' title='bbox 1385 774 1563 808; x_wconf 85' lang='lat' dir='ltr'>supplementa</span> <span class='ocrx_word' id='word_1_946' title='bbox 1583 774 1725 801; x_wconf 87' lang='lat' dir='ltr'>duodecim</span> <span class='ocrx_word' id='word_1_947' title='bbox 1750 775 1901 801; x_wconf 91' lang='lat' dir='ltr'>tabularum</span> <span class='ocrx_word' id='word_1_948' title='bbox 1920 776 2028 808; x_wconf 83' lang='lat' dir='ltr'>accepit.</span> <span class='ocrx_word' id='word_1_949' title='bbox 2083 773 2154 800; x_wconf 83' lang='lat' dir='ltr'>Nam</span> <span class='ocrx_word' id='word_1_950' title='bbox 2173 773 2205 800; x_wconf 93' lang='lat' dir='ltr'>ab</span> <span class='ocrx_word' id='word_1_951' title='bbox 2227 772 2432 802; x_wconf 59' lang='lat' dir='ltr'>Atheniensibus,</span> 
     </span>
     <span class='ocr_line' id='line_1_103' title="bbox 1384 809 2430 844; baseline -0.001 -9"><span class='ocrx_word' id='word_1_952' title='bbox 1384 809 1474 836; x_wconf 84' lang='lat' dir='ltr'>decem</span> <span class='ocrx_word' id='word_1_953' title='bbox 1488 810 1637 837; x_wconf 86' lang='lat' dir='ltr'>habuerunt</span> <span class='ocrx_word' id='word_1_954' title='bbox 1650 809 1758 836; x_wconf 85' lang='lat' dir='ltr'>tabulas.</span> <span class='ocrx_word' id='word_1_955' title='bbox 1814 810 1920 836; x_wconf 82' lang='lat' dir='ltr'>Seruius</span> <span class='ocrx_word' id='word_1_956' title='bbox 1939 809 1972 834; x_wconf 78' lang='lat' dir='ltr'>ad</span> <span class='ocrx_word' id='word_1_957' title='bbox 1987 810 2059 843; x_wconf 87' lang='lat' dir='ltr'>Virg.</span> <span class='ocrx_word' id='word_1_958' title='bbox 2075 810 2139 835; x_wconf 87' lang='lat' dir='ltr'>Aen.</span> <span class='ocrx_word' id='word_1_959' title='bbox 2153 817 2180 844; x_wconf 89' lang='lat'>7,</span> <span class='ocrx_word' id='word_1_960' title='bbox 2194 811 2241 842; x_wconf 89' lang='grc'>695</span> <span class='ocrx_word' id='word_1_961' title='bbox 2267 809 2304 835; x_wconf 88' lang='lat' dir='ltr'>Hi</span> <span class='ocrx_word' id='word_1_962' title='bbox 2325 809 2430 834; x_wconf 79' lang='lat' dir='ltr'>Fescen-</span> 
     </span>
     <span class='ocr_line' id='line_1_104' title="bbox 1383 843 2437 880; baseline 0 -9"><span class='ocrx_word' id='word_1_963' title='bbox 1383 845 1458 871; x_wconf 86' lang='lat' dir='ltr'>ninas</span> <span class='ocrx_word' id='word_1_964' title='bbox 1478 846 1561 877; x_wconf 87' lang='lat' dir='ltr'>acies,</span> <span class='ocrx_word' id='word_1_965' title='bbox 1582 853 1732 880; x_wconf 87' lang='lat' dir='ltr'>aequosque</span> <span class='ocrx_word' id='word_1_966' title='bbox 1752 844 1864 872; x_wconf 85' lang='lat' dir='ltr'>Faliscos</span> <span class='ocrx_word' id='word_1_967' title='bbox 1880 856 1885 871; x_wconf 92' lang='lat'>:</span> <span class='ocrx_word' id='word_1_968' title='bbox 1912 848 1955 880; x_wconf 90' lang='lat' dir='ltr'>qui</span> <span class='ocrx_word' id='word_1_969' title='bbox 1971 852 2052 871; x_wconf 81' lang='lat' dir='ltr'>monet</span> <span class='ocrx_word' id='word_1_970' title='bbox 2071 848 2144 870; x_wconf 77' lang='lat' dir='ltr'>etiam</span> <span class='ocrx_word' id='word_1_971' title='bbox 2158 843 2269 878; x_wconf 65' lang='lat' dir='ltr'>illoseffl’</span> <span class='ocrx_word' id='word_1_972' title='bbox 2288 843 2318 870; x_wconf 84' lang='lat' dir='ltr'>ob</span> <span class='ocrx_word' id='word_1_973' title='bbox 2331 844 2437 871; x_wconf 70' lang='lat' dir='ltr'>Halesor</span> 
     </span>
     <span class='ocr_line' id='line_1_105' title="bbox 1384 879 2429 917; baseline -0.001 -10"><span class='ocrx_word' id='word_1_974' title='bbox 1384 881 1490 914; x_wconf 87' lang='lat' dir='ltr'>(Burm.</span> <span class='ocrx_word' id='word_1_975' title='bbox 1502 882 1623 917; x_wconf 85' lang='lat' dir='ltr'>Falisco)</span> <span class='ocrx_word' id='word_1_976' title='bbox 1637 881 1766 913; x_wconf 81' lang='lat' dir='ltr'>conditos,</span> <span class='ocrx_word' id='word_1_977' title='bbox 1787 881 1829 907; x_wconf 83' lang='lat' dir='ltr'>sed</span> <span class='ocrx_word' id='word_1_978' title='bbox 1844 880 1930 915; x_wconf 83' lang='lat' dir='ltr'>postea</span> <span class='ocrx_word' id='word_1_979' title='bbox 1943 886 2045 907; x_wconf 90' lang='lat' dir='ltr'>mutato</span> <span class='ocrx_word' id='word_1_980' title='bbox 2065 881 2092 906; x_wconf 91' lang='lat' dir='ltr'><strong>H</strong></span> <span class='ocrx_word' id='word_1_981' title='bbox 2114 880 2142 906; x_wconf 88' lang='lat' dir='ltr'>in</span> <span class='ocrx_word' id='word_1_982' title='bbox 2160 880 2179 906; x_wconf 91' lang='lat' dir='ltr'>F</span> <span class='ocrx_word' id='word_1_983' title='bbox 2203 881 2315 906; x_wconf 80' lang='lat' dir='ltr'>Faliscos</span> <span class='ocrx_word' id='word_1_984' title='bbox 2334 879 2429 906; x_wconf 68' lang='lat' dir='ltr'>dietus.</span> 
     </span>
     <span class='ocr_line' id='line_1_106' title="bbox 1899 915 2437 948; baseline -0.002 -6"><span class='ocrx_word' id='word_1_985' title='bbox 1899 916 2029 942; x_wconf 86' lang='lat' dir='ltr'>Pomiferi</span> <span class='ocrx_word' id='word_1_986' title='bbox 2047 916 2120 942; x_wconf 89' lang='lat' dir='ltr'>Idem</span> <span class='ocrx_word' id='word_1_987' title='bbox 2135 917 2194 941; x_wconf 86' lang='lat' dir='ltr'>Am.</span> <span class='ocrx_word' id='word_1_988' title='bbox 2208 924 2231 947; x_wconf 88' lang='grc'>3,</span> <span class='ocrx_word' id='word_1_989' title='bbox 2251 924 2285 948; x_wconf 90' lang='grc'>13,</span> <span class='ocrx_word' id='word_1_990' title='bbox 2300 924 2318 941; x_wconf 88' lang='grc'>1.</span> <span class='ocrx_word' id='word_1_991' title='bbox 2376 915 2437 942; x_wconf 55' lang='lat' dir='ltr'>Has*</span> 
     </span>
    </p>
   </div>
   <div class='ocr_carea' id='block_1_32' title="bbox 1385 985 2442 1238">
    <p class='ocr_par' dir='ltr' id='par_1_39' title="bbox 1390 985 2442 1023">
     <span class='ocr_line' id='line_1_107' title="bbox 1390 985 2442 1023; baseline -0.001 -10"><span class='ocrx_word' id='word_1_992' title='bbox 1390 987 1446 1014; x_wconf 81' lang='lat' dir='ltr'>Vid.</span> <span class='ocrx_word' id='word_1_993' title='bbox 1455 989 1574 1015; x_wconf 83' lang='lat' dir='ltr'>Keuchm.</span> <span class='ocrx_word' id='word_1_994' title='bbox 1588 989 1622 1015; x_wconf 80' lang='lat' dir='ltr'>ad</span> <span class='ocrx_word' id='word_1_995' title='bbox 1633 989 1753 1015; x_wconf 84' lang='lat' dir='ltr'>Frontin.</span> <span class='ocrx_word' id='word_1_996' title='bbox 1768 997 1792 1022; x_wconf 86' lang='lat' dir='ltr'>p.</span> <span class='ocrx_word' id='word_1_997' title='bbox 1802 996 1840 1020; x_wconf 88' lang='grc'>93.</span> <span class='ocrx_word' id='word_1_998' title='bbox 1878 989 1909 1013; x_wconf 77' lang='lat' dir='ltr'>Et</span> <span class='ocrx_word' id='word_1_999' title='bbox 1923 988 2050 1022; x_wconf 77' lang='lat' dir='ltr'>Spanhem.</span> <span class='ocrx_word' id='word_1_1000' title='bbox 2063 988 2091 1013; x_wconf 75' lang='lat' dir='ltr'>de</span> <span class='ocrx_word' id='word_1_1001' title='bbox 2106 987 2156 1023; x_wconf 64' lang='lat' dir='ltr'>lsssc</span> <span class='ocrx_word' id='word_1_1002' title='bbox 2165 988 2240 1013; x_wconf 88' lang='lat' dir='ltr'>Num.</span> <span class='ocrx_word' id='word_1_1003' title='bbox 2252 985 2330 1019; x_wconf 72' lang='lat' dir='ltr'>diff-²</span> <span class='ocrx_word' id='word_1_1004' title='bbox 2339 993 2368 1021; x_wconf 82' lang='lat' dir='ltr'>p.</span> <span class='ocrx_word' id='word_1_1005' title='bbox 2377 988 2442 1020; x_wconf 76' lang='lat'>107.,‘</span> 
     </span>
    </p>

    <p class='ocr_par' dir='ltr' id='par_1_40' title="bbox 1385 1019 2442 1238">
     <span class='ocr_line' id='line_1_108' title="bbox 1424 1019 2441 1057; baseline 0 -8"><span class='ocrx_word' id='word_1_1006' title='bbox 1424 1028 1441 1048; x_wconf 76' lang='lat' dir='ltr'>F</span> <span class='ocrx_word' id='word_1_1007' title='bbox 1452 1030 1499 1050; x_wconf 79' lang='lat' dir='ltr'>At.</span> <span class='ocrx_word' id='word_1_1008' title='bbox 1509 1031 1594 1051; x_wconf 89' lang='lat' dir='ltr'>1scv</span> <span class='ocrx_word' id='word_1_1009' title='bbox 1604 1032 1631 1056; x_wconf 90' lang='lat' dir='ltr'>s,</span> <span class='ocrx_word' id='word_1_1010' title='bbox 1662 1033 1686 1056; x_wconf 90' lang='lat' dir='ltr'>a,</span> <span class='ocrx_word' id='word_1_1011' title='bbox 1717 1032 1771 1050; x_wconf 88' lang='lat' dir='ltr'>um.</span> <span class='ocrx_word' id='word_1_1012' title='bbox 1807 1023 1868 1049; x_wconf 77' lang='lat' dir='ltr'>Adi.</span> <span class='ocrx_word' id='word_1_1013' title='bbox 1907 1024 2065 1057; x_wconf 74' lang='grc' dir='ltr'><strong>[Φαλίσκος]</strong></span> <span class='ocrx_word' id='word_1_1014' title='bbox 2116 1024 2166 1054; x_wconf 82' lang='lat' dir='ltr'>Vt,</span> <span class='ocrx_word' id='word_1_1015' title='bbox 2193 1022 2306 1048; x_wconf 85' lang='lat' dir='ltr'>Faliscus</span> <span class='ocrx_word' id='word_1_1016' title='bbox 2325 1019 2441 1056; x_wconf 55' lang='lat' dir='ltr'>venterJ,</span> 
     </span>
     <span class='ocr_line' id='line_1_109' title="bbox 1385 1058 2442 1096; baseline -0.001 -12"><span class='ocrx_word' id='word_1_1017' title='bbox 1385 1058 1451 1093; x_wconf 84' lang='lat' dir='ltr'>quod</span> <span class='ocrx_word' id='word_1_1018' title='bbox 1462 1068 1512 1085; x_wconf 80' lang='lat' dir='ltr'>eum</span> <span class='ocrx_word' id='word_1_1019' title='bbox 1521 1059 1624 1096; x_wconf 82' lang='lat' dir='ltr'>sarcire</span> <span class='ocrx_word' id='word_1_1020' title='bbox 1639 1069 1652 1086; x_wconf 88' lang='lat' dir='ltr'>a</span> <span class='ocrx_word' id='word_1_1021' title='bbox 1667 1059 1772 1086; x_wconf 85' lang='lat' dir='ltr'>Faliscis</span> <span class='ocrx_word' id='word_1_1022' title='bbox 1788 1059 1912 1091; x_wconf 70' lang='lat' dir='ltr'>didicere,</span> <span class='ocrx_word' id='word_1_1023' title='bbox 1930 1061 2013 1094; x_wconf 86' lang='lat' dir='ltr'>inquit</span> <span class='ocrx_word' id='word_1_1024' title='bbox 2027 1060 2102 1086; x_wconf 90' lang='lat' dir='ltr'>Varr.</span> <span class='ocrx_word' id='word_1_1025' title='bbox 2124 1058 2155 1084; x_wconf 88' lang='lat' dir='ltr'>de</span> <span class='ocrx_word' id='word_1_1026' title='bbox 2168 1058 2198 1084; x_wconf 92' lang='lat' dir='ltr'>L.</span> <span class='ocrx_word' id='word_1_1027' title='bbox 2213 1058 2243 1084; x_wconf 95' lang='lat' dir='ltr'>L.</span> <span class='ocrx_word' id='word_1_1028' title='bbox 2255 1066 2285 1090; x_wconf 86' lang='lat'>4,</span> <span class='ocrx_word' id='word_1_1029' title='bbox 2300 1065 2328 1083; x_wconf 87' lang='lat'>22</span> <span class='ocrx_word' id='word_1_1030' title='bbox 2351 1067 2376 1091; x_wconf 92' lang='lat' dir='ltr'>p.</span> <span class='ocrx_word' id='word_1_1031' title='bbox 2391 1058 2442 1092; x_wconf 32' lang='grc' dir='ltr'>πῶς,</span> 
     </span>
     <span class='ocr_line' id='line_1_110' title="bbox 1476 1092 2439 1129; baseline 0 -8"><span class='ocrx_word' id='word_1_1032' title='bbox 1476 1095 1592 1121; x_wconf 84' lang='lat' dir='ltr'>Martial.</span> <span class='ocrx_word' id='word_1_1033' title='bbox 1607 1104 1635 1128; x_wconf 89' lang='lat'>4,</span> <span class='ocrx_word' id='word_1_1034' title='bbox 1650 1097 1686 1129; x_wconf 84' lang='lat'>46</span> <span class='ocrx_word' id='word_1_1035' title='bbox 1712 1096 1742 1121; x_wconf 85' lang='lat' dir='ltr'>Et</span> <span class='ocrx_word' id='word_1_1036' title='bbox 1759 1095 1890 1120; x_wconf 87' lang='lat' dir='ltr'>Lucanica</span> <span class='ocrx_word' id='word_1_1037' title='bbox 1910 1101 2004 1121; x_wconf 84' lang='lat' dir='ltr'>ventre</span> <span class='ocrx_word' id='word_1_1038' title='bbox 2022 1103 2081 1120; x_wconf 92' lang='lat' dir='ltr'>cum</span> <span class='ocrx_word' id='word_1_1039' title='bbox 2095 1094 2204 1121; x_wconf 81' lang='lat' dir='ltr'>Falisco.</span> <span class='ocrx_word' id='word_1_1040' title='bbox 2261 1093 2350 1127; x_wconf 84' lang='lat' dir='ltr'>Papin.</span> <span class='ocrx_word' id='word_1_1041' title='bbox 2365 1092 2439 1126; x_wconf 60' lang='lat' dir='ltr'>Silue,</span> 
     </span>
     <span class='ocr_line' id='line_1_111' title="bbox 1386 1128 2441 1164; baseline -0.001 -7"><span class='ocrx_word' id='word_1_1042' title='bbox 1386 1139 1414 1163; x_wconf 85' lang='lat'>4,</span> <span class='ocrx_word' id='word_1_1043' title='bbox 1430 1137 1457 1162; x_wconf 86' lang='lat'>9,</span> <span class='ocrx_word' id='word_1_1044' title='bbox 1469 1138 1497 1162; x_wconf 81' lang='grc'>35</span> <span class='ocrx_word' id='word_1_1045' title='bbox 1522 1131 1586 1157; x_wconf 88' lang='lat' dir='ltr'>Non</span> <span class='ocrx_word' id='word_1_1046' title='bbox 1600 1131 1745 1162; x_wconf 87' lang='lat' dir='ltr'>Lucanica,</span> <span class='ocrx_word' id='word_1_1047' title='bbox 1765 1139 1819 1156; x_wconf 90' lang='lat' dir='ltr'>non</span> <span class='ocrx_word' id='word_1_1048' title='bbox 1839 1139 1929 1164; x_wconf 84' lang='lat' dir='ltr'>graues</span> <span class='ocrx_word' id='word_1_1049' title='bbox 1949 1130 2053 1156; x_wconf 84' lang='lat' dir='ltr'>Falisci.</span> <span class='ocrx_word' id='word_1_1050' title='bbox 2124 1129 2215 1155; x_wconf 84' lang='lat' dir='ltr'>Herba</span> <span class='ocrx_word' id='word_1_1051' title='bbox 2234 1128 2316 1155; x_wconf 88' lang='lat' dir='ltr'>Ouid.</span> <span class='ocrx_word' id='word_1_1052' title='bbox 2330 1128 2394 1154; x_wconf 86' lang='lat' dir='ltr'>Fast.</span> <span class='ocrx_word' id='word_1_1053' title='bbox 2408 1128 2441 1162; x_wconf 67' lang='lat'>13¹1</span> 
     </span>
     <span class='ocr_line' id='line_1_112' title="bbox 1385 1164 2433 1199; baseline 0 -9"><span class='ocrx_word' id='word_1_1054' title='bbox 1385 1170 1427 1198; x_wconf 79' lang='lat'>84.</span> <span class='ocrx_word' id='word_1_1055' title='bbox 1498 1165 1612 1193; x_wconf 90' lang='lat' dir='ltr'>Gramen</span> <span class='ocrx_word' id='word_1_1056' title='bbox 1631 1165 1705 1192; x_wconf 88' lang='lat' dir='ltr'>Idem</span> <span class='ocrx_word' id='word_1_1057' title='bbox 1727 1175 1757 1192; x_wconf 86' lang='lat' dir='ltr'>ex</span> <span class='ocrx_word' id='word_1_1058' title='bbox 1773 1167 1857 1192; x_wconf 89' lang='lat' dir='ltr'>Ponto</span> <span class='ocrx_word' id='word_1_1059' title='bbox 1870 1175 1896 1198; x_wconf 87' lang='lat'>4,</span> <span class='ocrx_word' id='word_1_1060' title='bbox 1917 1170 1940 1197; x_wconf 84' lang='lat'>8,</span> <span class='ocrx_word' id='word_1_1061' title='bbox 1954 1174 1994 1199; x_wconf 92' lang='grc'>41.</span> <span class='ocrx_word' id='word_1_1062' title='bbox 2065 1165 2179 1192; x_wconf 88' lang='lat' dir='ltr'>Faliscae</span> <span class='ocrx_word' id='word_1_1063' title='bbox 2199 1164 2333 1199; x_wconf 86' lang='lat' dir='ltr'>praesepes</span> <span class='ocrx_word' id='word_1_1064' title='bbox 2353 1172 2367 1190; x_wconf 95' lang='lat' dir='ltr'>a</span> <span class='ocrx_word' id='word_1_1065' title='bbox 2381 1165 2433 1191; x_wconf 53' lang='lat' dir='ltr'>Can*</span> 
     </span>
     <span class='ocr_line' id='line_1_113' title="bbox 1385 1199 2431 1238; baseline 0 -12"><span class='ocrx_word' id='word_1_1066' title='bbox 1385 1206 1449 1226; x_wconf 89' lang='lat' dir='ltr'>tone</span> <span class='ocrx_word' id='word_1_1067' title='bbox 1463 1199 1494 1226; x_wconf 90' lang='lat' dir='ltr'>R.</span> <span class='ocrx_word' id='word_1_1068' title='bbox 1509 1201 1540 1227; x_wconf 88' lang='lat' dir='ltr'>R.</span> <span class='ocrx_word' id='word_1_1069' title='bbox 1555 1211 1573 1235; x_wconf 89' lang='lat'>4</span> <span class='ocrx_word' id='word_1_1070' title='bbox 1587 1208 1611 1228; x_wconf 80' lang='lat' dir='ltr'>et</span> <span class='ocrx_word' id='word_1_1071' title='bbox 1626 1210 1656 1234; x_wconf 85' lang='lat'>14</span> <span class='ocrx_word' id='word_1_1072' title='bbox 1681 1200 1779 1234; x_wconf 59' lang='lat' dir='ltr'>difflae,</span> <span class='ocrx_word' id='word_1_1073' title='bbox 1798 1210 1858 1237; x_wconf 81' lang='lat' dir='ltr'>quae</span> <span class='ocrx_word' id='word_1_1074' title='bbox 1871 1204 1897 1227; x_wconf 85' lang='lat' dir='ltr'>in</span> <span class='ocrx_word' id='word_1_1075' title='bbox 1913 1201 2006 1237; x_wconf 80' lang='lat' dir='ltr'>Falisco</span> <span class='ocrx_word' id='word_1_1076' title='bbox 2018 1210 2094 1238; x_wconf 81' lang='lat' dir='ltr'>agro,</span> <span class='ocrx_word' id='word_1_1077' title='bbox 2111 1202 2151 1227; x_wconf 82' lang='lat' dir='ltr'>vel</span> <span class='ocrx_word' id='word_1_1078' title='bbox 2165 1210 2179 1227; x_wconf 71' lang='lat' dir='ltr'>a</span> <span class='ocrx_word' id='word_1_1079' title='bbox 2192 1199 2310 1236; x_wconf 73' lang='lat' dir='ltr'>Faliscis,</span> <span class='ocrx_word' id='word_1_1080' title='bbox 2324 1206 2369 1230; x_wconf 76' lang='lat' dir='ltr'>aut</span> <span class='ocrx_word' id='word_1_1081' title='bbox 2385 1200 2431 1227; x_wconf 60' lang='lat' dir='ltr'>Fac</span> 
     </span>
    </p>
   </div>
   <div class='ocr_carea' id='block_1_33' title="bbox 278 1234 2460 1322">
    <p class='ocr_par' dir='ltr' id='par_1_41' title="bbox 278 1234 2460 1322">
     <span class='ocr_line' id='line_1_114' title="bbox 1383 1234 2445 1273; baseline 0.001 -12"><span class='ocrx_word' id='word_1_1082' title='bbox 1383 1235 1444 1271; x_wconf 79' lang='lat' dir='ltr'>lzsco</span> <span class='ocrx_word' id='word_1_1083' title='bbox 1456 1237 1525 1272; x_wconf 80' lang='lat' dir='ltr'>ligno</span> <span class='ocrx_word' id='word_1_1084' title='bbox 1538 1240 1625 1272; x_wconf 82' lang='lat' dir='ltr'>optime</span> <span class='ocrx_word' id='word_1_1085' title='bbox 1631 1237 1739 1272; x_wconf 80' lang='lat' dir='ltr'>fiebant,</span> <span class='ocrx_word' id='word_1_1086' title='bbox 1759 1244 1788 1263; x_wconf 86' lang='lat' dir='ltr'>vt</span> <span class='ocrx_word' id='word_1_1087' title='bbox 1795 1238 1860 1273; x_wconf 80' lang='lat' dir='ltr'>Jolet</span> <span class='ocrx_word' id='word_1_1088' title='bbox 1877 1238 1942 1263; x_wconf 78' lang='lat' dir='ltr'>alias</span> <span class='ocrx_word' id='word_1_1089' title='bbox 1955 1246 2046 1272; x_wconf 83' lang='lat' dir='ltr'>quoque</span> <span class='ocrx_word' id='word_1_1090' title='bbox 2066 1246 2105 1263; x_wconf 84' lang='lat' dir='ltr'>res</span> <span class='ocrx_word' id='word_1_1091' title='bbox 2120 1246 2135 1263; x_wconf 83' lang='lat' dir='ltr'>a</span> <span class='ocrx_word' id='word_1_1092' title='bbox 2145 1238 2242 1271; x_wconf 75' lang='lat' dir='ltr'>patriis</span> <span class='ocrx_word' id='word_1_1093' title='bbox 2255 1234 2445 1267; x_wconf 52' lang='lat' dir='ltr'>commendaret.-⁴</span> 
     </span>
     <span class='ocr_line' id='line_1_115' title="bbox 278 1271 2460 1322; baseline -0.002 -21"><span class='ocrx_word' id='word_1_1094' title='bbox 278 1276 304 1303; x_wconf 87' lang='lat' dir='ltr'>h.</span> <span class='ocrx_word' id='word_1_1095' title='bbox 318 1277 336 1301; x_wconf 87' lang='lat' dir='ltr'>l.</span> <span class='ocrx_word' id='word_1_1096' title='bbox 363 1278 466 1310; x_wconf 72' lang='lat' dir='ltr'>itemque</span> <span class='ocrx_word' id='word_1_1097' title='bbox 485 1274 519 1300; x_wconf 85' lang='lat' dir='ltr'>ad</span> <span class='ocrx_word' id='word_1_1098' title='bbox 530 1276 605 1301; x_wconf 85' lang='lat' dir='ltr'>Varr.</span> <span class='ocrx_word' id='word_1_1099' title='bbox 621 1275 651 1301; x_wconf 92' lang='lat' dir='ltr'>R.</span> <span class='ocrx_word' id='word_1_1100' title='bbox 665 1275 696 1301; x_wconf 88' lang='lat' dir='ltr'>R.</span> <span class='ocrx_word' id='word_1_1101' title='bbox 715 1284 739 1308; x_wconf 86' lang='grc'>3,</span> <span class='ocrx_word' id='word_1_1102' title='bbox 758 1283 779 1309; x_wconf 80' lang='grc'>5,</span> <span class='ocrx_word' id='word_1_1103' title='bbox 794 1283 823 1308; x_wconf 89' lang='lat'>14</span> <span class='ocrx_word' id='word_1_1104' title='bbox 851 1274 894 1300; x_wconf 77' lang='lat' dir='ltr'>vbi</span> <span class='ocrx_word' id='word_1_1105' title='bbox 911 1275 1001 1301; x_wconf 86' lang='lat' dir='ltr'>Falere</span> <span class='ocrx_word' id='word_1_1106' title='bbox 1020 1274 1134 1309; x_wconf 75' lang='lat' dir='ltr'>explicat.</span> <span class='ocrx_word' id='word_1_1107' title='bbox 1177 1274 1250 1308; x_wconf 83' lang='lat' dir='ltr'>Conf.</span> <span class='ocrx_word' id='word_1_1108' title='bbox 1267 1274 1362 1306; x_wconf 75' lang='lat' dir='ltr'>Fer-30</span> <span class='ocrx_word' id='word_1_1109' title='bbox 1390 1271 1472 1298; x_wconf 71' lang='lat' dir='ltr'>Verba</span> <span class='ocrx_word' id='word_1_1110' title='bbox 1485 1272 1549 1308; x_wconf 82' lang='lat' dir='ltr'>sunt</span> <span class='ocrx_word' id='word_1_1111' title='bbox 1564 1281 1598 1306; x_wconf 92' lang='grc'>4,</span> <span class='ocrx_word' id='word_1_1112' title='bbox 1621 1281 1630 1298; x_wconf 93' lang='grc'>1</span> <span class='ocrx_word' id='word_1_1113' title='bbox 1662 1272 1770 1299; x_wconf 90' lang='lat' dir='ltr'>Bubilia</span> <span class='ocrx_word' id='word_1_1114' title='bbox 1788 1272 1873 1305; x_wconf 86' lang='lat' dir='ltr'>bona,</span> <span class='ocrx_word' id='word_1_1115' title='bbox 1894 1272 1975 1299; x_wconf 82' lang='lat' dir='ltr'>bonas</span> <span class='ocrx_word' id='word_1_1116' title='bbox 1994 1273 2138 1307; x_wconf 89' lang='lat' dir='ltr'>praesepis,</span> <span class='ocrx_word' id='word_1_1117' title='bbox 2158 1271 2283 1304; x_wconf 82' lang='lat' dir='ltr'>Faliscas,</span> <span class='ocrx_word' id='word_1_1118' title='bbox 2303 1271 2430 1316; x_wconf 46' lang='lat' dir='ltr'>clatrataff.</span> <span class='ocrx_word' id='word_1_1119' title='bbox 2451 1312 2460 1322; x_wconf 45' lang='grc' dir='ltr'><strong><em>ς</em></strong></span> 
     </span>
    </p>
   </div>
   <div class='ocr_carea' id='block_1_34' title="bbox 2254 1335 2471 1373">
    <p class='ocr_par' dir='ltr' id='par_1_42' title="bbox 2254 1326 2471 1373">
     <span class='ocr_line' id='line_1_116' title="bbox 2254 1335 2471 1373; baseline -0.005 -5"><span class='ocrx_word' id='word_1_1120' title='bbox 2254 1342 2329 1368; x_wconf 90' lang='lat' dir='ltr'>Non.</span> <span class='ocrx_word' id='word_1_1121' title='bbox 2344 1349 2373 1373; x_wconf 87' lang='lat'>2,</span> <span class='ocrx_word' id='word_1_1122' title='bbox 2386 1335 2436 1373; x_wconf 62' lang='grc'>316</span> <span class='ocrx_word' id='word_1_1123' title='bbox 2452 1352 2471 1357; x_wconf 48' lang='lat'>¹·</span> 
     </span>
    </p>
   </div>
   <div class='ocr_carea' id='block_1_35' title="bbox 1382 1307 2436 1625">
    <p class='ocr_par' dir='ltr' id='par_1_43' title="bbox 1382 1307 2436 1625">
     <span class='ocr_line' id='line_1_117' title="bbox 1385 1307 2215 1343; baseline -0.001 -9"><span class='ocrx_word' id='word_1_1124' title='bbox 1385 1308 1417 1334; x_wconf 77' lang='lat' dir='ltr'>Et</span> <span class='ocrx_word' id='word_1_1125' title='bbox 1437 1315 1477 1340; x_wconf 86' lang='lat'>14,</span> <span class='ocrx_word' id='word_1_1126' title='bbox 1498 1315 1507 1333; x_wconf 89' lang='lat'><em>1</em></span> <span class='ocrx_word' id='word_1_1127' title='bbox 1533 1307 1664 1343; x_wconf 88' lang='lat' dir='ltr'>Praesepis</span> <span class='ocrx_word' id='word_1_1128' title='bbox 1677 1308 1762 1335; x_wconf 87' lang='lat' dir='ltr'>bubus</span> <span class='ocrx_word' id='word_1_1129' title='bbox 1777 1308 1899 1335; x_wconf 88' lang='lat' dir='ltr'>hibernas</span> <span class='ocrx_word' id='word_1_1130' title='bbox 1913 1314 1938 1334; x_wconf 90' lang='lat' dir='ltr'>et</span> <span class='ocrx_word' id='word_1_1131' title='bbox 1952 1309 2077 1338; x_wconf 87' lang='lat' dir='ltr'>aestiuas,</span> <span class='ocrx_word' id='word_1_1132' title='bbox 2097 1307 2215 1334; x_wconf 87' lang='lat' dir='ltr'>Faliscas.</span> 
     </span>
     <span class='ocr_line' id='line_1_118' title="bbox 1422 1344 2236 1379; baseline 0 -11"><span class='ocrx_word' id='word_1_1133' title='bbox 1422 1348 1439 1368; x_wconf 80' lang='lat' dir='ltr'><strong>F</strong></span> <span class='ocrx_word' id='word_1_1134' title='bbox 1449 1348 1470 1367; x_wconf 88' lang='lat' dir='ltr'><strong>A</strong></span> <span class='ocrx_word' id='word_1_1135' title='bbox 1480 1349 1603 1376; x_wconf 84' lang='lat' dir='ltr'>LLAM,</span> <span class='ocrx_word' id='word_1_1136' title='bbox 1616 1351 1665 1379; x_wconf 81' lang='lat' dir='ltr'>pro</span> <span class='ocrx_word' id='word_1_1137' title='bbox 1680 1344 1792 1370; x_wconf 80' lang='lat' dir='ltr'>Fallacia</span> <span class='ocrx_word' id='word_1_1138' title='bbox 1808 1344 1898 1370; x_wconf 82' lang='lat' dir='ltr'>dixere</span> <span class='ocrx_word' id='word_1_1139' title='bbox 1918 1350 2020 1371; x_wconf 74' lang='lat' dir='ltr'>veteres</span> <span class='ocrx_word' id='word_1_1140' title='bbox 2030 1364 2037 1376; x_wconf 89' lang='lat'>,</span> <span class='ocrx_word' id='word_1_1141' title='bbox 2059 1350 2087 1370; x_wconf 82' lang='grc' dir='ltr'>υι</span> <span class='ocrx_word' id='word_1_1142' title='bbox 2105 1345 2236 1369; x_wconf 80' lang='lat' dir='ltr'>annotauit</span> 
     </span>
     <span class='ocr_line' id='line_1_119' title="bbox 1384 1375 2436 1427; baseline -0.001 -22"><span class='ocrx_word' id='word_1_1143' title='bbox 1384 1377 1486 1405; x_wconf 88' lang='lat' dir='ltr'>Naeuii</span> <span class='ocrx_word' id='word_1_1144' title='bbox 1505 1382 1606 1414; x_wconf 81' lang='lat' dir='ltr'>antiqui</span> <span class='ocrx_word' id='word_1_1145' title='bbox 1625 1381 1712 1406; x_wconf 64' lang='lat' dir='ltr'>Poetae</span> <span class='ocrx_word' id='word_1_1146' title='bbox 1729 1382 1806 1406; x_wconf 83' lang='lat' dir='ltr'>locum</span> <span class='ocrx_word' id='word_1_1147' title='bbox 1825 1383 1909 1407; x_wconf 80' lang='lat' dir='ltr'>citans</span> <span class='ocrx_word' id='word_1_1148' title='bbox 1928 1389 1956 1406; x_wconf 79' lang='lat' dir='ltr'>ex</span> <span class='ocrx_word' id='word_1_1149' title='bbox 1975 1380 2115 1411; x_wconf 86' lang='lat' dir='ltr'>Decumis,</span> <span class='ocrx_word' id='word_1_1150' title='bbox 2138 1380 2183 1406; x_wconf 88' lang='lat' dir='ltr'>Me</span> <span class='ocrx_word' id='word_1_1151' title='bbox 2205 1387 2260 1405; x_wconf 85' lang='grc'>11011</span> <span class='ocrx_word' id='word_1_1152' title='bbox 2273 1376 2382 1405; x_wconf 81' lang='lat' dir='ltr'>vocabit</span> <span class='ocrx_word' id='word_1_1153' title='bbox 2394 1375 2436 1427; x_wconf 52' lang='lat' dir='ltr'>ol}v</span> 
     </span>
     <span class='ocr_line' id='line_1_120' title="bbox 1383 1414 2436 1447; baseline 0.001 -7"><span class='ocrx_word' id='word_1_1154' title='bbox 1383 1421 1443 1440; x_wconf 83' lang='lat' dir='ltr'>eam</span> <span class='ocrx_word' id='word_1_1155' title='bbox 1456 1422 1529 1447; x_wconf 89' lang='lat' dir='ltr'>rem,</span> <span class='ocrx_word' id='word_1_1156' title='bbox 1549 1414 1613 1441; x_wconf 88' lang='lat' dir='ltr'>hanc</span> <span class='ocrx_word' id='word_1_1157' title='bbox 1629 1415 1683 1441; x_wconf 89' lang='lat' dir='ltr'>feci</span> <span class='ocrx_word' id='word_1_1158' title='bbox 1700 1415 1800 1442; x_wconf 86' lang='lat' dir='ltr'>fallam.</span> <span class='ocrx_word' id='word_1_1159' title='bbox 2412 1419 2436 1446; x_wconf 56' lang='grc' dir='ltr'>ὓ,</span> 
     </span>
     <span class='ocr_line' id='line_1_121' title="bbox 1420 1450 2097 1483; baseline 0 -8"><span class='ocrx_word' id='word_1_1160' title='bbox 1420 1455 1643 1482; x_wconf 68' lang='lat' dir='ltr'>PALLAcm,</span> <span class='ocrx_word' id='word_1_1161' title='bbox 1672 1457 1848 1483; x_wconf 68' lang='lat' dir='ltr'>PALLAx,</span> <span class='ocrx_word' id='word_1_1162' title='bbox 1875 1450 1928 1476; x_wconf 81' lang='lat' dir='ltr'>vid.</span> <span class='ocrx_word' id='word_1_1163' title='bbox 1950 1456 1997 1477; x_wconf 71' lang='grc' dir='ltr'>ΡΑ</span> <span class='ocrx_word' id='word_1_1164' title='bbox 2010 1454 2097 1476; x_wconf 82' lang='grc'>1.1.0.</span> 
     </span>
     <span class='ocr_line' id='line_1_122' title="bbox 1421 1485 1881 1518; baseline 0.002 -8"><span class='ocrx_word' id='word_1_1165' title='bbox 1421 1490 1591 1518; x_wconf 77' lang='lat' dir='ltr'>FALLvs,</span> <span class='ocrx_word' id='word_1_1166' title='bbox 1621 1485 1676 1512; x_wconf 79' lang='lat' dir='ltr'>vid.</span> <span class='ocrx_word' id='word_1_1167' title='bbox 1698 1492 1881 1512; x_wconf 71' lang='lat' dir='ltr'>PHALLvs.</span> 
     </span>
     <span class='ocr_line' id='line_1_123' title="bbox 1420 1517 2369 1554; baseline -0.003 -8"><span class='ocrx_word' id='word_1_1168' title='bbox 1420 1526 1436 1546; x_wconf 75' lang='grc' dir='ltr'>Ρ</span> <span class='ocrx_word' id='word_1_1169' title='bbox 1446 1527 1468 1546; x_wconf 83' lang='grc' dir='ltr'><strong>Α</strong></span> <span class='ocrx_word' id='word_1_1170' title='bbox 1478 1527 1493 1545; x_wconf 90' lang='lat' dir='ltr'>L</span> <span class='ocrx_word' id='word_1_1171' title='bbox 1502 1527 1519 1546; x_wconf 87' lang='lat' dir='ltr'>L</span> <span class='ocrx_word' id='word_1_1172' title='bbox 1528 1527 1546 1547; x_wconf 89' lang='lat' dir='ltr'>o</span> <span class='ocrx_word' id='word_1_1173' title='bbox 1556 1541 1564 1552; x_wconf 97' lang='lat'>,</span> <span class='ocrx_word' id='word_1_1174' title='bbox 1584 1521 1687 1553; x_wconf 84' lang='lat' dir='ltr'>fefelli,</span> <span class='ocrx_word' id='word_1_1175' title='bbox 1706 1521 1816 1552; x_wconf 86' lang='lat' dir='ltr'>falsum,</span> <span class='ocrx_word' id='word_1_1176' title='bbox 1836 1521 1889 1547; x_wconf 61' lang='lat' dir='ltr'>ere.</span> <span class='ocrx_word' id='word_1_1177' title='bbox 1925 1518 2036 1552; x_wconf 68' lang='grc' dir='ltr'>[ᾧεύδω,</span> <span class='ocrx_word' id='word_1_1178' title='bbox 2055 1518 2200 1554; x_wconf 65' lang='grc' dir='ltr'>παρακρέω,</span> <span class='ocrx_word' id='word_1_1179' title='bbox 2219 1517 2369 1553; x_wconf 71' lang='grc' dir='ltr'><strong><em>σοφίζομαι]</em></strong></span> 
     </span>
     <span class='ocr_line' id='line_1_124' title="bbox 1384 1553 2430 1591; baseline -0.001 -11"><span class='ocrx_word' id='word_1_1180' title='bbox 1384 1554 1475 1581; x_wconf 88' lang='lat' dir='ltr'>Fando</span> <span class='ocrx_word' id='word_1_1181' title='bbox 1494 1555 1639 1588; x_wconf 81' lang='lat' dir='ltr'>deducitur,</span> <span class='ocrx_word' id='word_1_1182' title='bbox 1657 1563 1686 1583; x_wconf 85' lang='lat' dir='ltr'>vt</span> <span class='ocrx_word' id='word_1_1183' title='bbox 1700 1557 1816 1582; x_wconf 90' lang='lat' dir='ltr'>Varroni</span> <span class='ocrx_word' id='word_1_1184' title='bbox 1825 1557 1923 1591; x_wconf 71' lang='lat' dir='ltr'>placet,</span> <span class='ocrx_word' id='word_1_1185' title='bbox 1945 1556 2015 1590; x_wconf 89' lang='lat' dir='ltr'>quod</span> <span class='ocrx_word' id='word_1_1186' title='bbox 2032 1555 2113 1581; x_wconf 84' lang='lat' dir='ltr'>fando</span> <span class='ocrx_word' id='word_1_1187' title='bbox 2133 1553 2310 1589; x_wconf 76' lang='lat' dir='ltr'>decipiamus,</span> <span class='ocrx_word' id='word_1_1188' title='bbox 2326 1563 2355 1580; x_wconf 88' lang='lat' dir='ltr'>ac</span> <span class='ocrx_word' id='word_1_1189' title='bbox 2369 1558 2430 1580; x_wconf 78' lang='lat' dir='ltr'>con·-</span> 
     </span>
     <span class='ocr_line' id='line_1_125' title="bbox 1382 1589 2429 1625; baseline -0.001 -9"><span class='ocrx_word' id='word_1_1190' title='bbox 1382 1597 1422 1616; x_wconf 86' lang='lat' dir='ltr'>tra</span> <span class='ocrx_word' id='word_1_1191' title='bbox 1437 1598 1517 1625; x_wconf 91' lang='lat' dir='ltr'>quam</span> <span class='ocrx_word' id='word_1_1192' title='bbox 1530 1590 1648 1617; x_wconf 84' lang='lat' dir='ltr'>diximus</span> <span class='ocrx_word' id='word_1_1193' title='bbox 1657 1612 1665 1624; x_wconf 91' lang='lat'>,</span> <span class='ocrx_word' id='word_1_1194' title='bbox 1686 1592 1821 1618; x_wconf 83' lang='lat' dir='ltr'>faciamus.</span> <span class='ocrx_word' id='word_1_1195' title='bbox 1865 1592 1935 1618; x_wconf 86' lang='lat' dir='ltr'>Nam</span> <span class='ocrx_word' id='word_1_1196' title='bbox 1951 1592 1967 1617; x_wconf 76' lang='lat' dir='ltr'>ti</span> <span class='ocrx_word' id='word_1_1197' title='bbox 1984 1591 2044 1625; x_wconf 88' lang='lat' dir='ltr'>quis</span> <span class='ocrx_word' id='word_1_1198' title='bbox 2058 1599 2086 1617; x_wconf 90' lang='lat' dir='ltr'>re</span> <span class='ocrx_word' id='word_1_1199' title='bbox 2099 1589 2178 1622; x_wconf 84' lang='lat' dir='ltr'>fallit,</span> <span class='ocrx_word' id='word_1_1200' title='bbox 2199 1590 2228 1615; x_wconf 92' lang='grc'>111</span> <span class='ocrx_word' id='word_1_1201' title='bbox 2240 1589 2289 1616; x_wconf 87' lang='lat' dir='ltr'>hoc</span> <span class='ocrx_word' id='word_1_1202' title='bbox 2302 1598 2356 1615; x_wconf 92' lang='lat' dir='ltr'>non</span> <span class='ocrx_word' id='word_1_1203' title='bbox 2368 1597 2429 1623; x_wconf 87' lang='lat' dir='ltr'>pro-</span> 
     </span>
    </p>
   </div>
   <div class='ocr_carea' id='block_1_36' title="bbox 1329 1624 2427 1667">
    <p class='ocr_par' dir='ltr' id='par_1_44' title="bbox 1329 1624 2427 1667">
     <span class='ocr_line' id='line_1_126' title="bbox 1329 1624 2427 1667; baseline -0.002 -15"><span class='ocrx_word' id='word_1_1204' title='bbox 1329 1642 1366 1667; x_wconf 83' lang='lat'>40</span> <span class='ocrx_word' id='word_1_1205' title='bbox 1383 1635 1445 1660; x_wconf 80' lang='lat' dir='ltr'>prio</span> <span class='ocrx_word' id='word_1_1206' title='bbox 1458 1627 1568 1653; x_wconf 86' lang='lat' dir='ltr'>nomine</span> <span class='ocrx_word' id='word_1_1207' title='bbox 1581 1627 1701 1659; x_wconf 86' lang='lat' dir='ltr'>fallacia,</span> <span class='ocrx_word' id='word_1_1208' title='bbox 1726 1627 1768 1653; x_wconf 90' lang='lat' dir='ltr'>sed</span> <span class='ocrx_word' id='word_1_1209' title='bbox 1788 1628 1974 1657; x_wconf 85' lang='lat' dir='ltr'>translatione,</span> <span class='ocrx_word' id='word_1_1210' title='bbox 1991 1632 2020 1652; x_wconf 86' lang='lat' dir='ltr'>vt</span> <span class='ocrx_word' id='word_1_1211' title='bbox 2040 1635 2054 1652; x_wconf 92' lang='lat' dir='ltr'>a</span> <span class='ocrx_word' id='word_1_1212' title='bbox 2072 1625 2138 1660; x_wconf 89' lang='lat' dir='ltr'>pede</span> <span class='ocrx_word' id='word_1_1213' title='bbox 2157 1625 2247 1652; x_wconf 86' lang='lat' dir='ltr'>nostro</span> <span class='ocrx_word' id='word_1_1214' title='bbox 2260 1633 2303 1660; x_wconf 86' lang='lat' dir='ltr'>pes</span> <span class='ocrx_word' id='word_1_1215' title='bbox 2321 1624 2383 1650; x_wconf 65' lang='lat' dir='ltr'>teeti</span> <span class='ocrx_word' id='word_1_1216' title='bbox 2401 1629 2427 1650; x_wconf 79' lang='lat' dir='ltr'>et</span> 
     </span>
    </p>
   </div>
   <div class='ocr_carea' id='block_1_37' title="bbox 1376 1661 2441 1974">
    <p class='ocr_par' dir='ltr' id='par_1_45' title="bbox 1376 1661 2441 1974">
     <span class='ocr_line' id='line_1_127' title="bbox 1383 1661 2068 1697; baseline -0.001 -9"><span class='ocrx_word' id='word_1_1217' title='bbox 1383 1670 1427 1696; x_wconf 83' lang='lat' dir='ltr'>pes</span> <span class='ocrx_word' id='word_1_1218' title='bbox 1439 1661 1523 1688; x_wconf 89' lang='lat' dir='ltr'>betae.</span> <span class='ocrx_word' id='word_1_1219' title='bbox 1562 1663 1629 1689; x_wconf 82' lang='lat' dir='ltr'>Haec</span> <span class='ocrx_word' id='word_1_1220' title='bbox 1642 1664 1729 1689; x_wconf 81' lang='lat' dir='ltr'>Varro</span> <span class='ocrx_word' id='word_1_1221' title='bbox 1742 1663 1774 1689; x_wconf 87' lang='lat' dir='ltr'>de</span> <span class='ocrx_word' id='word_1_1222' title='bbox 1789 1663 1817 1689; x_wconf 92' lang='lat' dir='ltr'>L.</span> <span class='ocrx_word' id='word_1_1223' title='bbox 1833 1663 1863 1688; x_wconf 91' lang='lat' dir='ltr'>L.</span> <span class='ocrx_word' id='word_1_1224' title='bbox 1877 1670 1900 1695; x_wconf 87' lang='grc'>5,</span> <span class='ocrx_word' id='word_1_1225' title='bbox 1913 1671 1930 1697; x_wconf 87' lang='grc'>7</span> <span class='ocrx_word' id='word_1_1226' title='bbox 1952 1671 1976 1696; x_wconf 89' lang='lat' dir='ltr'>p.</span> <span class='ocrx_word' id='word_1_1227' title='bbox 1991 1669 2028 1695; x_wconf 88' lang='grc'>55,</span> <span class='ocrx_word' id='word_1_1228' title='bbox 2042 1671 2068 1695; x_wconf 87' lang='lat'>4.</span> 
     </span>
     <span class='ocr_line' id='line_1_128' title="bbox 1383 1696 2429 1733; baseline -0.004 -9"><span class='ocrx_word' id='word_1_1229' title='bbox 1383 1698 1489 1733; x_wconf 79' lang='lat' dir='ltr'>mologia</span> <span class='ocrx_word' id='word_1_1230' title='bbox 1507 1707 1523 1724; x_wconf 83' lang='lat' dir='ltr'>a</span> <span class='ocrx_word' id='word_1_1231' title='bbox 1541 1698 1666 1732; x_wconf 76' lang='grc' dir='ltr'>σφάλλω,</span> <span class='ocrx_word' id='word_1_1232' title='bbox 1686 1699 1793 1732; x_wconf 55' lang='lat' dir='ltr'>(pium,</span> <span class='ocrx_word' id='word_1_1233' title='bbox 1816 1698 1916 1732; x_wconf 78' lang='grc' dir='ltr'>φηλόω,</span> <span class='ocrx_word' id='word_1_1234' title='bbox 1938 1706 1983 1723; x_wconf 83' lang='lat' dir='ltr'>etc.</span> <span class='ocrx_word' id='word_1_1235' title='bbox 2063 1697 2144 1724; x_wconf 86' lang='lat' dir='ltr'>Multi</span> <span class='ocrx_word' id='word_1_1236' title='bbox 2161 1696 2253 1722; x_wconf 80' lang='lat' dir='ltr'>saliere</span> <span class='ocrx_word' id='word_1_1237' title='bbox 2274 1697 2429 1727; x_wconf 80' lang='lat' dir='ltr'>docuerunt,</span> 
     </span>
     <span class='ocr_line' id='line_1_129' title="bbox 1384 1728 2431 1769; baseline -0.001 -11"><span class='ocrx_word' id='word_1_1238' title='bbox 1384 1732 1448 1759; x_wconf 87' lang='lat' dir='ltr'>dum</span> <span class='ocrx_word' id='word_1_1239' title='bbox 1462 1733 1557 1759; x_wconf 87' lang='lat' dir='ltr'>timent</span> <span class='ocrx_word' id='word_1_1240' title='bbox 1569 1734 1628 1760; x_wconf 89' lang='lat' dir='ltr'>falli</span> <span class='ocrx_word' id='word_1_1241' title='bbox 1642 1735 1700 1761; x_wconf 89' lang='lat' dir='ltr'>Sen.</span> <span class='ocrx_word' id='word_1_1242' title='bbox 1714 1735 1758 1769; x_wconf 88' lang='lat' dir='ltr'>Ep.</span> <span class='ocrx_word' id='word_1_1243' title='bbox 1772 1744 1793 1767; x_wconf 81' lang='grc'>3.</span> <span class='ocrx_word' id='word_1_1244' title='bbox 1855 1734 1923 1760; x_wconf 88' lang='lat' dir='ltr'>Ter.</span> <span class='ocrx_word' id='word_1_1245' title='bbox 1939 1735 2035 1759; x_wconf 89' lang='lat' dir='ltr'>Heaut.</span> <span class='ocrx_word' id='word_1_1246' title='bbox 2045 1741 2067 1765; x_wconf 88' lang='grc'>3,</span> <span class='ocrx_word' id='word_1_1247' title='bbox 2081 1741 2100 1765; x_wconf 94' lang='grc'>1,</span> <span class='ocrx_word' id='word_1_1248' title='bbox 2114 1735 2142 1758; x_wconf 89' lang='grc'>61</span> <span class='ocrx_word' id='word_1_1249' title='bbox 2163 1732 2230 1758; x_wconf 83' lang='lat' dir='ltr'>Falli</span> <span class='ocrx_word' id='word_1_1250' title='bbox 2243 1738 2268 1757; x_wconf 84' lang='lat' dir='ltr'>te</span> <span class='ocrx_word' id='word_1_1251' title='bbox 2283 1728 2431 1769; x_wconf 40' lang='lat' dir='ltr'>sinas-tech-</span> 
     </span>
     <span class='ocr_line' id='line_1_130' title="bbox 1383 1766 2436 1803; baseline 0.002 -11"><span class='ocrx_word' id='word_1_1252' title='bbox 1383 1768 1425 1793; x_wconf 87' lang='lat' dir='ltr'>nis</span> <span class='ocrx_word' id='word_1_1253' title='bbox 1439 1776 1485 1801; x_wconf 90' lang='lat' dir='ltr'>per</span> <span class='ocrx_word' id='word_1_1254' title='bbox 1499 1768 1640 1796; x_wconf 86' lang='lat' dir='ltr'>seruulum.</span> <span class='ocrx_word' id='word_1_1255' title='bbox 1713 1771 1768 1796; x_wconf 89' lang='lat' dir='ltr'>Cic.</span> <span class='ocrx_word' id='word_1_1256' title='bbox 1784 1778 1832 1803; x_wconf 89' lang='lat' dir='ltr'>pro</span> <span class='ocrx_word' id='word_1_1257' title='bbox 1846 1770 1919 1796; x_wconf 81' lang='lat' dir='ltr'>Rosc.</span> <span class='ocrx_word' id='word_1_1258' title='bbox 1935 1771 2022 1795; x_wconf 79' lang='lat' dir='ltr'>Amet.</span> <span class='ocrx_word' id='word_1_1259' title='bbox 2040 1777 2080 1795; x_wconf 74' lang='grc'>111.</span> <span class='ocrx_word' id='word_1_1260' title='bbox 2105 1767 2272 1794; x_wconf 82' lang='lat' dir='ltr'>Perditisliiui</span> <span class='ocrx_word' id='word_1_1261' title='bbox 2292 1766 2328 1793; x_wconf 81' lang='lat' dir='ltr'>est</span> <span class='ocrx_word' id='word_1_1262' title='bbox 2348 1766 2436 1799; x_wconf 62' lang='grc' dir='ltr'>ιέἰῑυῐ,</span> 
     </span>
     <span class='ocr_line' id='line_1_131' title="bbox 1384 1801 2413 1837; baseline 0 -10"><span class='ocrx_word' id='word_1_1263' title='bbox 1384 1801 1502 1827; x_wconf 89' lang='lat' dir='ltr'>hominis</span> <span class='ocrx_word' id='word_1_1264' title='bbox 1518 1802 1593 1828; x_wconf 80' lang='grc'>11111111</span> <span class='ocrx_word' id='word_1_1265' title='bbox 1606 1810 1632 1829; x_wconf 90' lang='lat' dir='ltr'>et</span> <span class='ocrx_word' id='word_1_1266' title='bbox 1644 1804 1791 1830; x_wconf 86' lang='lat' dir='ltr'>amicitiam</span> <span class='ocrx_word' id='word_1_1267' title='bbox 1806 1804 1963 1836; x_wconf 81' lang='lat' dir='ltr'>dislbluere,</span> <span class='ocrx_word' id='word_1_1268' title='bbox 1983 1812 2009 1830; x_wconf 90' lang='lat' dir='ltr'>et</span> <span class='ocrx_word' id='word_1_1269' title='bbox 2021 1804 2066 1829; x_wconf 88' lang='lat' dir='ltr'>fall</span> <span class='ocrx_word' id='word_1_1270' title='bbox 2099 1813 2113 1829; x_wconf 86' lang='lat' dir='ltr'>e</span> <span class='ocrx_word' id='word_1_1271' title='bbox 2128 1813 2204 1833; x_wconf 77' lang='lat' dir='ltr'>eum,</span> <span class='ocrx_word' id='word_1_1272' title='bbox 2223 1803 2272 1837; x_wconf 87' lang='lat' dir='ltr'>qui</span> <span class='ocrx_word' id='word_1_1273' title='bbox 2282 1802 2364 1828; x_wconf 85' lang='lat' dir='ltr'>laesus</span> <span class='ocrx_word' id='word_1_1274' title='bbox 2378 1809 2413 1827; x_wconf 89' lang='lat' dir='ltr'>no</span> 
     </span>
     <span class='ocr_line' id='line_1_132' title="bbox 1383 1837 2381 1872; baseline 0 -10"><span class='ocrx_word' id='word_1_1275' title='bbox 1383 1837 1458 1869; x_wconf 78' lang='lat' dir='ltr'>esset,</span> <span class='ocrx_word' id='word_1_1276' title='bbox 1479 1837 1527 1863; x_wconf 79' lang='grc'>11111</span> <span class='ocrx_word' id='word_1_1277' title='bbox 1544 1837 1700 1864; x_wconf 75' lang='lat' dir='ltr'>credidisset.</span> <span class='ocrx_word' id='word_1_1278' title='bbox 1772 1839 1885 1864; x_wconf 84' lang='lat' dir='ltr'>Fallitur</span> <span class='ocrx_word' id='word_1_1279' title='bbox 1902 1848 1969 1864; x_wconf 82' lang='lat' dir='ltr'>auro</span> <span class='ocrx_word' id='word_1_1280' title='bbox 1992 1840 2078 1872; x_wconf 83' lang='lat' dir='ltr'>Iupite</span> <span class='ocrx_word' id='word_1_1281' title='bbox 2113 1840 2231 1871; x_wconf 83' lang='lat' dir='ltr'>Propert.</span> <span class='ocrx_word' id='word_1_1282' title='bbox 2253 1846 2280 1870; x_wconf 87' lang='lat'>4,</span> <span class='ocrx_word' id='word_1_1283' title='bbox 2304 1845 2324 1868; x_wconf 87' lang='grc'>1,</span> <span class='ocrx_word' id='word_1_1284' title='bbox 2346 1841 2381 1868; x_wconf 88' lang='grc'>83.</span> 
     </span>
     <span class='ocr_line' id='line_1_133' title="bbox 1376 1871 2421 1909; baseline -0.001 -11"><span class='ocrx_word' id='word_1_1285' title='bbox 1376 1872 1448 1907; x_wconf 75' lang='lat' dir='ltr'>falso</span> <span class='ocrx_word' id='word_1_1286' title='bbox 1464 1875 1641 1907; x_wconf 78' lang='lat' dir='ltr'>promittitur,</span> <span class='ocrx_word' id='word_1_1287' title='bbox 1666 1876 1762 1899; x_wconf 85' lang='lat' dir='ltr'>nomine</span> <span class='ocrx_word' id='word_1_1288' title='bbox 1779 1875 1849 1899; x_wconf 73' lang='lat' dir='ltr'>iliius</span> <span class='ocrx_word' id='word_1_1289' title='bbox 1868 1873 1901 1899; x_wconf 80' lang='lat' dir='ltr'>ad</span> <span class='ocrx_word' id='word_1_1290' title='bbox 1913 1873 2055 1909; x_wconf 73' lang='lat' dir='ltr'>fal-lendum</span> <span class='ocrx_word' id='word_1_1291' title='bbox 2079 1873 2226 1899; x_wconf 77' lang='lat' dir='ltr'>abutuntur.</span> <span class='ocrx_word' id='word_1_1292' title='bbox 2300 1873 2360 1898; x_wconf 82' lang='lat' dir='ltr'>offa</span> <span class='ocrx_word' id='word_1_1293' title='bbox 2379 1871 2421 1897; x_wconf 85' lang='lat' dir='ltr'>tib</span> 
     </span>
     <span class='ocr_line' id='line_1_134' title="bbox 1384 1907 2441 1942; baseline 0 -11"><span class='ocrx_word' id='word_1_1294' title='bbox 1384 1908 1445 1932; x_wconf 86' lang='lat' dir='ltr'>iuro</span> <span class='ocrx_word' id='word_1_1295' title='bbox 1466 1916 1511 1940; x_wconf 90' lang='lat' dir='ltr'>per</span> <span class='ocrx_word' id='word_1_1296' title='bbox 1530 1908 1621 1934; x_wconf 85' lang='lat' dir='ltr'>matris</span> <span class='ocrx_word' id='word_1_1297' title='bbox 1641 1914 1666 1933; x_wconf 92' lang='lat' dir='ltr'>et</span> <span class='ocrx_word' id='word_1_1298' title='bbox 1686 1910 1736 1934; x_wconf 82' lang='lat' dir='ltr'>ossa</span> <span class='ocrx_word' id='word_1_1299' title='bbox 1756 1909 1892 1942; x_wconf 83' lang='lat' dir='ltr'>parentis:</span> <span class='ocrx_word' id='word_1_1300' title='bbox 1923 1910 1950 1934; x_wconf 75' lang='lat' dir='ltr'>Si</span> <span class='ocrx_word' id='word_1_1301' title='bbox 1968 1909 2051 1940; x_wconf 74' lang='lat' dir='ltr'>fallo,</span> <span class='ocrx_word' id='word_1_1302' title='bbox 2071 1909 2137 1934; x_wconf 89' lang='lat' dir='ltr'>cinis</span> <span class='ocrx_word' id='word_1_1303' title='bbox 2158 1908 2208 1934; x_wconf 89' lang='lat' dir='ltr'>heu</span> <span class='ocrx_word' id='word_1_1304' title='bbox 2229 1907 2259 1933; x_wconf 82' lang='lat' dir='ltr'>fit</span> <span class='ocrx_word' id='word_1_1305' title='bbox 2279 1907 2349 1933; x_wconf 86' lang='lat' dir='ltr'>mihi</span> <span class='ocrx_word' id='word_1_1306' title='bbox 2361 1913 2441 1934; x_wconf 73' lang='lat' dir='ltr'>Vter·-</span> 
     </span>
     <span class='ocr_line' id='line_1_135' title="bbox 1383 1940 2437 1974; baseline 0.002 -9"><span class='ocrx_word' id='word_1_1307' title='bbox 1383 1949 1435 1973; x_wconf 85' lang='lat' dir='ltr'>que</span> <span class='ocrx_word' id='word_1_1308' title='bbox 1450 1941 1538 1973; x_wconf 84' lang='lat' dir='ltr'>grauis</span> <span class='ocrx_word' id='word_1_1309' title='bbox 1551 1943 1668 1974; x_wconf 86' lang='lat' dir='ltr'>Propert.</span> <span class='ocrx_word' id='word_1_1310' title='bbox 1685 1950 1706 1971; x_wconf 86' lang='lat'>2,</span> <span class='ocrx_word' id='word_1_1311' title='bbox 1719 1951 1760 1973; x_wconf 85' lang='lat'>20,</span> <span class='ocrx_word' id='word_1_1312' title='bbox 1770 1946 1798 1967; x_wconf 90' lang='lat'>16</span> <span class='ocrx_word' id='word_1_1313' title='bbox 1822 1944 1864 1967; x_wconf 79' lang='lat' dir='ltr'>vbi</span> <span class='ocrx_word' id='word_1_1314' title='bbox 1876 1943 1929 1968; x_wconf 78' lang='lat' dir='ltr'>uid.</span> <span class='ocrx_word' id='word_1_1315' title='bbox 1944 1945 2052 1968; x_wconf 68' lang='lat' dir='ltr'>Liuinei.</span> <span class='ocrx_word' id='word_1_1316' title='bbox 2087 1944 2154 1968; x_wconf 66' lang='lat' dir='ltr'>Add.</span> <span class='ocrx_word' id='word_1_1317' title='bbox 2170 1944 2237 1968; x_wconf 89' lang='lat' dir='ltr'>Hor.</span> <span class='ocrx_word' id='word_1_1318' title='bbox 2251 1942 2303 1968; x_wconf 88' lang='lat' dir='ltr'>Od.</span> <span class='ocrx_word' id='word_1_1319' title='bbox 2319 1951 2340 1974; x_wconf 82' lang='lat'>2,</span> <span class='ocrx_word' id='word_1_1320' title='bbox 2356 1947 2379 1972; x_wconf 84' lang='lat'>8,</span> <span class='ocrx_word' id='word_1_1321' title='bbox 2393 1940 2437 1969; x_wconf 46' lang='lat' dir='ltr'>10³·ss</span> 
     </span>
    </p>
   </div>
   <div class='ocr_carea' id='block_1_38' title="bbox 2126 1661 2428 1697">
    <p class='ocr_par' dir='ltr' id='par_1_46' title="bbox 2126 1661 2428 1697">
     <span class='ocr_line' id='line_1_136' title="bbox 2126 1661 2428 1697; baseline -0.01 -9"><span class='ocrx_word' id='word_1_1322' title='bbox 2126 1661 2172 1688; x_wconf 78' lang='lat' dir='ltr'>Sed</span> <span class='ocrx_word' id='word_1_1323' title='bbox 2184 1664 2263 1697; x_wconf 78' lang='lat' dir='ltr'>magis·</span> <span class='ocrx_word' id='word_1_1324' title='bbox 2274 1661 2357 1695; x_wconf 73' lang='lat' dir='ltr'>placet</span> <span class='ocrx_word' id='word_1_1325' title='bbox 2369 1661 2428 1693; x_wconf 76' lang='lat' dir='ltr'>Ety-</span> 
     </span>
    </p>
   </div>
   <div class='ocr_carea' id='block_1_39' title="bbox 474 1970 2437 2012">
    <p class='ocr_par' dir='ltr' id='par_1_47' title="bbox 474 1970 2437 2012">
     <span class='ocr_line' id='line_1_137' title="bbox 474 1970 2437 2012; baseline -0.001 -6"><span class='ocrx_word' id='word_1_1326' title='bbox 474 1980 556 2007; x_wconf 72' lang='lat' dir='ltr'>Addit</span> <span class='ocrx_word' id='word_1_1327' title='bbox 568 1980 692 2012; x_wconf 76' lang='lat' dir='ltr'>Nonius,</span> <span class='ocrx_word' id='word_1_1328' title='bbox 713 1978 822 2005; x_wconf 64' lang='lat' dir='ltr'>Didium</span> <span class='ocrx_word' id='word_1_1329' title='bbox 841 1978 892 2004; x_wconf 86' lang='lat' dir='ltr'>hoe</span> <span class='ocrx_word' id='word_1_1330' title='bbox 902 1970 985 2012; x_wconf 51' lang='lat' dir='ltr'>&#39;genus</span> <span class='ocrx_word' id='word_1_1331' title='bbox 999 1977 1065 2010; x_wconf 90' lang='lat' dir='ltr'>teli,</span> <span class='ocrx_word' id='word_1_1332' title='bbox 1085 1986 1099 2003; x_wconf 87' lang='lat' dir='ltr'>a</span> <span class='ocrx_word' id='word_1_1333' title='bbox 1121 1977 1204 2008; x_wconf 88' lang='lat' dir='ltr'>Falis,</span> <span class='ocrx_word' id='word_1_1334' title='bbox 1229 1980 1247 2002; x_wconf 86' lang='lat' dir='ltr'>i.</span> <span class='ocrx_word' id='word_1_1335' title='bbox 1268 1981 1362 2006; x_wconf 75' lang='lat' dir='ltr'>tur-50</span> <span class='ocrx_word' id='word_1_1336' title='bbox 1384 1974 1519 2000; x_wconf 60' lang='lat' dir='ltr'>Sefiiamur</span> <span class='ocrx_word' id='word_1_1337' title='bbox 1533 1975 1616 2008; x_wconf 89' lang='lat' dir='ltr'>vltro,</span> <span class='ocrx_word' id='word_1_1338' title='bbox 1643 1984 1710 2010; x_wconf 86' lang='lat' dir='ltr'>quos</span> <span class='ocrx_word' id='word_1_1339' title='bbox 1727 1977 1833 2010; x_wconf 83' lang='lat' dir='ltr'>opimus</span> <span class='ocrx_word' id='word_1_1340' title='bbox 1847 1976 1948 2002; x_wconf 85' lang='lat' dir='ltr'>Fallere</span> <span class='ocrx_word' id='word_1_1341' title='bbox 1969 1983 1994 2002; x_wconf 84' lang='lat' dir='ltr'>et</span> <span class='ocrx_word' id='word_1_1342' title='bbox 2008 1976 2123 2010; x_wconf 78' lang='lat' dir='ltr'>effugere</span> <span class='ocrx_word' id='word_1_1343' title='bbox 2142 1977 2177 2002; x_wconf 85' lang='lat' dir='ltr'>est</span> <span class='ocrx_word' id='word_1_1344' title='bbox 2196 1977 2346 2011; x_wconf 84' lang='lat' dir='ltr'>triumphus</span> <span class='ocrx_word' id='word_1_1345' title='bbox 2361 1977 2437 2004; x_wconf 63' lang='grc' dir='ltr'>Ηοτῖ·</span> 
     </span>
    </p>
   </div>
   <div class='ocr_carea' id='block_1_40' title="bbox 1384 2010 2430 2119">
    <p class='ocr_par' dir='ltr' id='par_1_48' title="bbox 1384 2010 2430 2119">
     <span class='ocr_line' id='line_1_138' title="bbox 1384 2010 2430 2045; baseline 0.005 -10"><span class='ocrx_word' id='word_1_1346' title='bbox 1384 2010 1471 2035; x_wconf 79' lang='lat' dir='ltr'>Carni.</span> <span class='ocrx_word' id='word_1_1347' title='bbox 1485 2020 1513 2044; x_wconf 88' lang='grc'>4,</span> <span class='ocrx_word' id='word_1_1348' title='bbox 1525 2020 1552 2044; x_wconf 85' lang='grc'>4,</span> <span class='ocrx_word' id='word_1_1349' title='bbox 1566 2019 1605 2043; x_wconf 82' lang='lat'>52.</span> <span class='ocrx_word' id='word_1_1350' title='bbox 1691 2011 1822 2045; x_wconf 69' lang='lat' dir='ltr'>Qunffil.</span> <span class='ocrx_word' id='word_1_1351' title='bbox 1844 2020 1964 2045; x_wconf 88' lang='lat' dir='ltr'>prooem.</span> <span class='ocrx_word' id='word_1_1352' title='bbox 1984 2020 2002 2044; x_wconf 88' lang='lat'>4</span> <span class='ocrx_word' id='word_1_1353' title='bbox 2034 2012 2076 2038; x_wconf 88' lang='lat' dir='ltr'>Ne</span> <span class='ocrx_word' id='word_1_1354' title='bbox 2094 2012 2214 2038; x_wconf 84' lang='lat' dir='ltr'>fefellisse</span> <span class='ocrx_word' id='word_1_1355' title='bbox 2232 2013 2261 2039; x_wconf 93' lang='lat' dir='ltr'>in</span> <span class='ocrx_word' id='word_1_1356' title='bbox 2279 2013 2321 2039; x_wconf 86' lang='lat' dir='ltr'>his</span> <span class='ocrx_word' id='word_1_1357' title='bbox 2338 2012 2430 2041; x_wconf 74' lang='lat' dir='ltr'>videat</span> 
     </span>
     <span class='ocr_line' id='line_1_139' title="bbox 1384 2045 2430 2083; baseline 0.005 -12"><span class='ocrx_word' id='word_1_1358' title='bbox 1384 2045 1542 2079; x_wconf 84' lang='lat' dir='ltr'>principem.</span> <span class='ocrx_word' id='word_1_1359' title='bbox 1638 2045 1712 2072; x_wconf 85' lang='lat' dir='ltr'>Idem</span> <span class='ocrx_word' id='word_1_1360' title='bbox 1730 2055 1755 2078; x_wconf 87' lang='lat'>2,</span> <span class='ocrx_word' id='word_1_1361' title='bbox 1771 2055 1806 2078; x_wconf 86' lang='lat'>12,</span> <span class='ocrx_word' id='word_1_1362' title='bbox 1818 2055 1830 2078; x_wconf 82' lang='lat'><em>3</em></span> <span class='ocrx_word' id='word_1_1363' title='bbox 1859 2047 1906 2073; x_wconf 81' lang='lat' dir='ltr'>Sed</span> <span class='ocrx_word' id='word_1_1364' title='bbox 1923 2048 1982 2073; x_wconf 90' lang='lat' dir='ltr'>sunt</span> <span class='ocrx_word' id='word_1_1365' title='bbox 1997 2048 2024 2073; x_wconf 93' lang='lat' dir='ltr'>in</span> <span class='ocrx_word' id='word_1_1366' title='bbox 2038 2047 2085 2074; x_wconf 90' lang='lat' dir='ltr'>hac</span> <span class='ocrx_word' id='word_1_1367' title='bbox 2099 2054 2187 2082; x_wconf 87' lang='lat' dir='ltr'>parte,</span> <span class='ocrx_word' id='word_1_1368' title='bbox 2206 2057 2274 2083; x_wconf 88' lang='lat' dir='ltr'>quae</span> <span class='ocrx_word' id='word_1_1369' title='bbox 2292 2049 2430 2083; x_wconf 66' lang='lat' dir='ltr'>imperito·</span> 
     </span>
     <span class='ocr_line' id='line_1_140' title="bbox 1384 2081 2206 2119; baseline 0.005 -13"><span class='ocrx_word' id='word_1_1370' title='bbox 1384 2081 1464 2106; x_wconf 89' lang='lat' dir='ltr'>etiam</span> <span class='ocrx_word' id='word_1_1371' title='bbox 1475 2081 1633 2107; x_wconf 86' lang='lat' dir='ltr'>naturaliter</span> <span class='ocrx_word' id='word_1_1372' title='bbox 1646 2082 1754 2114; x_wconf 81' lang='lat' dir='ltr'>fallant,</span> <span class='ocrx_word' id='word_1_1373' title='bbox 1777 2086 1795 2108; x_wconf 84' lang='lat' dir='ltr'>i.</span> <span class='ocrx_word' id='word_1_1374' title='bbox 1809 2086 1836 2108; x_wconf 84' lang='lat' dir='ltr'>in</span> <span class='ocrx_word' id='word_1_1375' title='bbox 1849 2083 1935 2118; x_wconf 85' lang='lat' dir='ltr'>quibus</span> <span class='ocrx_word' id='word_1_1376' title='bbox 1949 2086 2060 2118; x_wconf 75' lang='lat' dir='ltr'>imperiti</span> <span class='ocrx_word' id='word_1_1377' title='bbox 2066 2084 2206 2119; x_wconf 81' lang='lat' dir='ltr'>fallantur.</span> 
     </span>
    </p>
   </div>
   <div class='ocr_carea' id='block_1_41' title="bbox 1382 2152 2428 2292">
    <p class='ocr_par' dir='ltr' id='par_1_49' title="bbox 1382 2152 2428 2292">
     <span class='ocr_line' id='line_1_141' title="bbox 1383 2152 2428 2213; baseline 0.006 -37"><span class='ocrx_word' id='word_1_1378' title='bbox 1383 2154 1430 2177; x_wconf 87' lang='lat' dir='ltr'>rit.</span> <span class='ocrx_word' id='word_1_1379' title='bbox 1448 2186 1453 2191; x_wconf 36' lang='grc' dir='ltr'>ι</span> <span class='ocrx_word' id='word_1_1380' title='bbox 1486 2153 1526 2178; x_wconf 78' lang='lat' dir='ltr'>Sic</span> <span class='ocrx_word' id='word_1_1381' title='bbox 1539 2152 1606 2213; x_wconf 51' lang='lat' dir='ltr'>apud</span> <span class='ocrx_word' id='word_1_1382' title='bbox 1617 2153 1684 2179; x_wconf 85' lang='lat' dir='ltr'>Cels.</span> <span class='ocrx_word' id='word_1_1383' title='bbox 1699 2158 1724 2186; x_wconf 85' lang='lat'>8,</span> <span class='ocrx_word' id='word_1_1384' title='bbox 1735 2162 1754 2186; x_wconf 91' lang='lat'>4</span> <span class='ocrx_word' id='word_1_1385' title='bbox 1773 2154 1795 2180; x_wconf 75' lang='lat' dir='ltr'>A</span> <span class='ocrx_word' id='word_1_1386' title='bbox 1809 2154 1907 2180; x_wconf 87' lang='lat' dir='ltr'>suturis</span> <span class='ocrx_word' id='word_1_1387' title='bbox 1921 2155 1946 2180; x_wconf 89' lang='lat' dir='ltr'>se</span> <span class='ocrx_word' id='word_1_1388' title='bbox 1960 2155 2098 2189; x_wconf 87' lang='lat' dir='ltr'>deceptum</span> <span class='ocrx_word' id='word_1_1389' title='bbox 2111 2156 2175 2187; x_wconf 69' lang='lat' dir='ltr'>ess‘e,</span> <span class='ocrx_word' id='word_1_1390' title='bbox 2192 2156 2364 2190; x_wconf 86' lang='lat' dir='ltr'>Hippocrates</span> <span class='ocrx_word' id='word_1_1391' title='bbox 2376 2164 2428 2182; x_wconf 76' lang='lat' dir='ltr'>me·</span> 
     </span>
     <span class='ocr_line' id='line_1_142' title="bbox 1383 2187 2312 2248; baseline 0.004 -36"><span class='ocrx_word' id='word_1_1392' title='bbox 1383 2193 1549 2248; x_wconf 43' lang='lat' dir='ltr'>sspirfiaeztra</span> <span class='ocrx_word' id='word_1_1393' title='bbox 1569 2187 1628 2215; x_wconf 82' lang='lat' dir='ltr'>idit.</span> <span class='ocrx_word' id='word_1_1394' title='bbox 1889 2198 1904 2215; x_wconf 82' lang='lat' dir='ltr'>z</span> <span class='ocrx_word' id='word_1_1395' title='bbox 1943 2191 2068 2216; x_wconf 83' lang='lat' dir='ltr'>Formulae</span> <span class='ocrx_word' id='word_1_1396' title='bbox 2095 2200 2124 2217; x_wconf 80' lang='lat' dir='ltr'>ex</span> <span class='ocrx_word' id='word_1_1397' title='bbox 2142 2192 2291 2218; x_wconf 85' lang='lat' dir='ltr'>Nominibus</span> <span class='ocrx_word' id='word_1_1398' title='bbox 2304 2201 2312 2216; x_wconf 86' lang='lat'>.-</span> 
     </span>
     <span class='ocr_line' id='line_1_143' title="bbox 1382 2243 1920 2292; baseline 0.007 -10"><span class='ocrx_word' id='word_1_1399' title='bbox 1382 2264 1479 2292; x_wconf 85' lang='lat' dir='ltr'>nuptae</span> <span class='ocrx_word' id='word_1_1400' title='bbox 1492 2243 1590 2292; x_wconf 70' lang='lat' dir='ltr'>pbsl‘ent</span> <span class='ocrx_word' id='word_1_1401' title='bbox 1604 2260 1695 2286; x_wconf 88' lang='lat' dir='ltr'>fallere</span> <span class='ocrx_word' id='word_1_1402' title='bbox 1709 2258 1742 2285; x_wconf 93' lang='lat' dir='ltr'>ab</span> <span class='ocrx_word' id='word_1_1403' title='bbox 1757 2259 1820 2285; x_wconf 90' lang='lat' dir='ltr'>Arte</span> <span class='ocrx_word' id='word_1_1404' title='bbox 1839 2259 1920 2287; x_wconf 76' lang='lat' dir='ltr'>viros.</span> 
     </span>
    </p>
   </div>
   <div class='ocr_carea' id='block_1_42' title="bbox 1384 2261 2399 2329">
    <p class='ocr_par' dir='ltr' id='par_1_50' title="bbox 1384 2261 2429 2329">
     <span class='ocr_line' id='line_1_144' title="bbox 2014 2261 2391 2294; baseline 0.007 -8"><span class='ocrx_word' id='word_1_1405' title='bbox 2014 2261 2228 2287; x_wconf 85' lang='lat' dir='ltr'>Amaritudinem</span> <span class='ocrx_word' id='word_1_1406' title='bbox 2243 2262 2339 2287; x_wconf 85' lang='lat' dir='ltr'>fallunt</span> <span class='ocrx_word' id='word_1_1407' title='bbox 2351 2261 2391 2294; x_wconf 61' lang='lat' dir='ltr'>ed,</span> 
     </span>
     <span class='ocr_line' id='line_1_145' title="bbox 1384 2290 2399 2329; baseline 0.002 -10"><span class='ocrx_word' id='word_1_1408' title='bbox 1384 2299 1422 2319; x_wconf 89' lang='lat' dir='ltr'>tes</span> <span class='ocrx_word' id='word_1_1409' title='bbox 1441 2293 1602 2321; x_wconf 79' lang='lat' dir='ltr'>absinthium</span> <span class='ocrx_word' id='word_1_1410' title='bbox 1620 2296 1649 2322; x_wconf 89' lang='lat' dir='ltr'>in</span> <span class='ocrx_word' id='word_1_1411' title='bbox 1661 2294 1712 2320; x_wconf 86' lang='lat' dir='ltr'>fico</span> <span class='ocrx_word' id='word_1_1412' title='bbox 1726 2294 1791 2320; x_wconf 88' lang='lat' dir='ltr'>Plin.</span> <span class='ocrx_word' id='word_1_1413' title='bbox 1806 2302 1849 2329; x_wconf 89' lang='lat'>27,</span> <span class='ocrx_word' id='word_1_1414' title='bbox 1863 2303 1889 2329; x_wconf 91' lang='lat'>7.</span> <span class='ocrx_word' id='word_1_1415' title='bbox 2389 2290 2399 2301; x_wconf 72' lang='lat'><em>¹</em></span> 
     </span>
    </p>
   </div>
   <div class='ocr_carea' id='block_1_43' title="bbox 1958 2295 2377 2330">
    <p class='ocr_par' dir='ltr' id='par_1_51' title="bbox 1958 2295 2377 2330">
     <span class='ocr_line' id='line_1_146' title="bbox 1958 2295 2377 2330; baseline 0.01 -10"><span class='ocrx_word' id='word_1_1416' title='bbox 1958 2295 2020 2321; x_wconf 88' lang='lat' dir='ltr'>Alea</span> <span class='ocrx_word' id='word_1_1417' title='bbox 2034 2295 2097 2321; x_wconf 87' lang='lat' dir='ltr'>haec</span> <span class='ocrx_word' id='word_1_1418' title='bbox 2115 2305 2224 2330; x_wconf 87' lang='lat' dir='ltr'>perraro</span> <span class='ocrx_word' id='word_1_1419' title='bbox 2241 2297 2312 2323; x_wconf 81' lang='lat' dir='ltr'>fallit</span> <span class='ocrx_word' id='word_1_1420' title='bbox 2373 2295 2377 2303; x_wconf 90' lang='grc'><em>“</em></span> 
     </span>
    </p>
   </div>
   <div class='ocr_carea' id='block_1_44' title="bbox 1381 2365 2060 2497">
    <p class='ocr_par' dir='ltr' id='par_1_52' title="bbox 1381 2365 2060 2497">
     <span class='ocr_line' id='line_1_147' title="bbox 1383 2365 1529 2400; baseline 0.014 -10"><span class='ocrx_word' id='word_1_1421' title='bbox 1383 2365 1455 2391; x_wconf 69' lang='lat' dir='ltr'>poet.</span> <span class='ocrx_word' id='word_1_1422' title='bbox 1469 2373 1529 2400; x_wconf 87' lang='grc'>437.</span> 
     </span>
     <span class='ocr_line' id='line_1_148' title="bbox 1381 2399 2060 2436; baseline 0 -9"><span class='ocrx_word' id='word_1_1423' title='bbox 1381 2401 1406 2427; x_wconf 90' lang='lat' dir='ltr'>h.</span> <span class='ocrx_word' id='word_1_1424' title='bbox 1422 2410 1440 2426; x_wconf 77' lang='grc' dir='ltr'>ε’.</span> <span class='ocrx_word' id='word_1_1425' title='bbox 1461 2400 1508 2427; x_wconf 81' lang='lat' dir='ltr'>non</span> <span class='ocrx_word' id='word_1_1426' title='bbox 1528 2409 1563 2426; x_wconf 88' lang='lat' dir='ltr'>me</span> <span class='ocrx_word' id='word_1_1427' title='bbox 1574 2399 1668 2436; x_wconf 82' lang='lat' dir='ltr'>fugit,</span> <span class='ocrx_word' id='word_1_1428' title='bbox 1693 2410 1742 2426; x_wconf 88' lang='lat' dir='ltr'>non</span> <span class='ocrx_word' id='word_1_1429' title='bbox 1760 2403 1849 2436; x_wconf 78' lang='lat' dir='ltr'>ignoro</span> <span class='ocrx_word' id='word_1_1430' title='bbox 1862 2412 1870 2426; x_wconf 91' lang='lat'>.·</span> <span class='ocrx_word' id='word_1_1431' title='bbox 1891 2408 1941 2436; x_wconf 81' lang='lat' dir='ltr'>pro</span> <span class='ocrx_word' id='word_1_1432' title='bbox 1959 2404 2060 2428; x_wconf 86' lang='lat' dir='ltr'>Animo.</span> 
     </span>
     <span class='ocr_line' id='line_1_149' title="bbox 1382 2434 1832 2497; baseline 0 -35"><span class='ocrx_word' id='word_1_1433' title='bbox 1382 2436 1488 2497; x_wconf 45' lang='lat' dir='ltr'>gwere,</span> <span class='ocrx_word' id='word_1_1434' title='bbox 1508 2435 1552 2461; x_wconf 87' lang='lat' dir='ltr'>vbi</span> <span class='ocrx_word' id='word_1_1435' title='bbox 1561 2435 1655 2469; x_wconf 75' lang='lat' dir='ltr'>similis</span> <span class='ocrx_word' id='word_1_1436' title='bbox 1672 2434 1832 2468; x_wconf 71' lang='lat' dir='ltr'>conflruHio.</span> 
     </span>
    </p>
   </div>
   <div class='ocr_carea' id='block_1_45' title="bbox 1383 2365 2436 2683">
    <p class='ocr_par' dir='ltr' id='par_1_53' title="bbox 1383 2365 2436 2683">
     <span class='ocr_line' id='line_1_150' title="bbox 1597 2365 2422 2399; baseline 0.005 -9"><span class='ocrx_word' id='word_1_1437' title='bbox 1597 2365 1701 2391; x_wconf 87' lang='lat' dir='ltr'>Lucret.</span> <span class='ocrx_word' id='word_1_1438' title='bbox 1716 2373 1737 2397; x_wconf 87' lang='grc'>5,</span> <span class='ocrx_word' id='word_1_1439' title='bbox 1750 2370 1783 2398; x_wconf 89' lang='lat'>98</span> <span class='ocrx_word' id='word_1_1440' title='bbox 1805 2366 1862 2392; x_wconf 82' lang='lat' dir='ltr'>Nec</span> <span class='ocrx_word' id='word_1_1441' title='bbox 1876 2374 1919 2391; x_wconf 91' lang='lat' dir='ltr'>me</span> <span class='ocrx_word' id='word_1_1442' title='bbox 1932 2365 2024 2392; x_wconf 86' lang='lat' dir='ltr'>Animi</span> <span class='ocrx_word' id='word_1_1443' title='bbox 2037 2366 2116 2397; x_wconf 82' lang='lat' dir='ltr'>fallit,</span> <span class='ocrx_word' id='word_1_1444' title='bbox 2136 2373 2214 2399; x_wconf 89' lang='lat' dir='ltr'>quam</span> <span class='ocrx_word' id='word_1_1445' title='bbox 2228 2375 2269 2392; x_wconf 85' lang='lat' dir='ltr'>res</span> <span class='ocrx_word' id='word_1_1446' title='bbox 2283 2376 2363 2399; x_wconf 85' lang='lat' dir='ltr'>noua,</span> <span class='ocrx_word' id='word_1_1447' title='bbox 2377 2373 2422 2395; x_wconf 75' lang='lat' dir='ltr'>etc.</span> 
     </span>
     <span class='ocr_line' id='line_1_151' title="bbox 2103 2400 2431 2435; baseline 0.006 -9"><span class='ocrx_word' id='word_1_1448' title='bbox 2103 2400 2160 2426; x_wconf 72' lang='lat' dir='ltr'>Vici.</span> <span class='ocrx_word' id='word_1_1449' title='bbox 2179 2400 2265 2435; x_wconf 83' lang='lat' dir='ltr'>infra,</span> <span class='ocrx_word' id='word_1_1450' title='bbox 2289 2401 2431 2428; x_wconf 43' lang='lat' dir='ltr'>Sermoni-x</span> 
     </span>
     <span class='ocr_line' id='line_1_152' title="bbox 1904 2435 2422 2470; baseline 0.002 -8"><span class='ocrx_word' id='word_1_1451' title='bbox 1904 2436 1974 2462; x_wconf 88' lang='lat' dir='ltr'>Ter.</span> <span class='ocrx_word' id='word_1_1452' title='bbox 1988 2437 2054 2462; x_wconf 85' lang='lat' dir='ltr'>Eun.</span> <span class='ocrx_word' id='word_1_1453' title='bbox 2068 2445 2090 2468; x_wconf 90' lang='lat'>2,</span> <span class='ocrx_word' id='word_1_1454' title='bbox 2105 2445 2128 2468; x_wconf 80' lang='lat'>2,</span> <span class='ocrx_word' id='word_1_1455' title='bbox 2141 2444 2173 2470; x_wconf 87' lang='grc'>43</span> <span class='ocrx_word' id='word_1_1456' title='bbox 2197 2437 2231 2462; x_wconf 78' lang='lat' dir='ltr'>Vt</span> <span class='ocrx_word' id='word_1_1457' title='bbox 2243 2436 2318 2462; x_wconf 84' lang='lat' dir='ltr'>falsus</span> <span class='ocrx_word' id='word_1_1458' title='bbox 2330 2435 2422 2463; x_wconf 86' lang='lat' dir='ltr'>Animi</span> 
     </span>
     <span class='ocr_line' id='line_1_153' title="bbox 1512 2471 2422 2506; baseline 0 -8"><span class='ocrx_word' id='word_1_1459' title='bbox 1512 2471 1670 2498; x_wconf 88' lang='lat' dir='ltr'>Credentem</span> <span class='ocrx_word' id='word_1_1460' title='bbox 1685 2471 1779 2498; x_wconf 87' lang='lat' dir='ltr'>fallere</span> <span class='ocrx_word' id='word_1_1461' title='bbox 1798 2471 1879 2498; x_wconf 89' lang='lat' dir='ltr'>Ouid.</span> <span class='ocrx_word' id='word_1_1462' title='bbox 1892 2471 1971 2506; x_wconf 81' lang='lat' dir='ltr'>Epist.</span> <span class='ocrx_word' id='word_1_1463' title='bbox 1985 2480 2008 2503; x_wconf 86' lang='lat'>2,</span> <span class='ocrx_word' id='word_1_1464' title='bbox 2020 2475 2060 2504; x_wconf 84' lang='grc'>63.</span> <span class='ocrx_word' id='word_1_1465' title='bbox 2132 2472 2230 2498; x_wconf 87' lang='lat' dir='ltr'>Curam</span> <span class='ocrx_word' id='word_1_1466' title='bbox 2245 2472 2334 2497; x_wconf 77' lang='lat' dir='ltr'>somno</span> <span class='ocrx_word' id='word_1_1467' title='bbox 2353 2472 2422 2498; x_wconf 76' lang='lat' dir='ltr'>Hor.</span> 
     </span>
     <span class='ocr_line' id='line_1_154' title="bbox 1678 2505 2423 2542; baseline -0.001 -9"><span class='ocrx_word' id='word_1_1468' title='bbox 1678 2507 1760 2534; x_wconf 81' lang='lat' dir='ltr'>Curas</span> <span class='ocrx_word' id='word_1_1469' title='bbox 1779 2507 1855 2533; x_wconf 89' lang='lat' dir='ltr'>labor</span> <span class='ocrx_word' id='word_1_1470' title='bbox 1874 2507 1982 2534; x_wconf 86' lang='lat' dir='ltr'>fallebat</span> <span class='ocrx_word' id='word_1_1471' title='bbox 2001 2507 2083 2535; x_wconf 88' lang='lat' dir='ltr'>Ouid.</span> <span class='ocrx_word' id='word_1_1472' title='bbox 2097 2507 2182 2534; x_wconf 77' lang='lat' dir='ltr'>Trist.</span> <span class='ocrx_word' id='word_1_1473' title='bbox 2198 2516 2221 2539; x_wconf 88' lang='grc'>3,</span> <span class='ocrx_word' id='word_1_1474' title='bbox 2234 2515 2259 2538; x_wconf 84' lang='lat'>2,</span> <span class='ocrx_word' id='word_1_1475' title='bbox 2274 2510 2311 2533; x_wconf 92' lang='grc'>16.</span> <span class='ocrx_word' id='word_1_1476' title='bbox 2349 2505 2423 2542; x_wconf 62' lang='lat' dir='ltr'>Covgf.</span> 
     </span>
     <span class='ocr_line' id='line_1_155' title="bbox 1747 2541 2425 2577; baseline -0.001 -8"><span class='ocrx_word' id='word_1_1477' title='bbox 1747 2544 1778 2569; x_wconf 76' lang='lat' dir='ltr'>Et</span> <span class='ocrx_word' id='word_1_1478' title='bbox 1790 2542 1875 2569; x_wconf 84' lang='lat' dir='ltr'>Trist.</span> <span class='ocrx_word' id='word_1_1479' title='bbox 1891 2553 1924 2577; x_wconf 87' lang='lat'>4,</span> <span class='ocrx_word' id='word_1_1480' title='bbox 1946 2552 1971 2575; x_wconf 91' lang='grc'>1,</span> <span class='ocrx_word' id='word_1_1481' title='bbox 1988 2552 2026 2576; x_wconf 89' lang='lat'>14.</span> <span class='ocrx_word' id='word_1_1482' title='bbox 2120 2543 2248 2569; x_wconf 80' lang='lat' dir='ltr'>Custodes</span> <span class='ocrx_word' id='word_1_1483' title='bbox 2264 2541 2348 2569; x_wconf 88' lang='lat' dir='ltr'>Ouid.</span> <span class='ocrx_word' id='word_1_1484' title='bbox 2361 2542 2425 2569; x_wconf 78' lang='lat' dir='ltr'>Met.</span> 
     </span>
     <span class='ocr_line' id='line_1_156' title="bbox 1535 2577 2410 2612; baseline 0.001 -9"><span class='ocrx_word' id='word_1_1485' title='bbox 1535 2577 1631 2612; x_wconf 72' lang='lat' dir='ltr'>Virgil.</span> <span class='ocrx_word' id='word_1_1486' title='bbox 1645 2577 1709 2604; x_wconf 86' lang='lat' dir='ltr'>Aen.</span> <span class='ocrx_word' id='word_1_1487' title='bbox 1725 2586 1750 2611; x_wconf 84' lang='lat'>4,</span> <span class='ocrx_word' id='word_1_1488' title='bbox 1765 2586 1794 2612; x_wconf 88' lang='grc'>17</span> <span class='ocrx_word' id='word_1_1489' title='bbox 1819 2578 1956 2612; x_wconf 76' lang='lat' dir='ltr'>Postquam</span> <span class='ocrx_word' id='word_1_1490' title='bbox 1971 2579 2071 2612; x_wconf 88' lang='lat' dir='ltr'>primus</span> <span class='ocrx_word' id='word_1_1491' title='bbox 2092 2587 2167 2605; x_wconf 87' lang='lat' dir='ltr'>amor</span> <span class='ocrx_word' id='word_1_1492' title='bbox 2181 2579 2323 2612; x_wconf 83' lang='lat' dir='ltr'>Deceptam</span> <span class='ocrx_word' id='word_1_1493' title='bbox 2340 2582 2410 2604; x_wconf 87' lang='lat' dir='ltr'>mort</span> 
     </span>
     <span class='ocr_line' id='line_1_157' title="bbox 2143 2614 2436 2646; baseline -0.003 -6"><span class='ocrx_word' id='word_1_1494' title='bbox 2143 2614 2224 2640; x_wconf 85' lang='lat' dir='ltr'>Ouid.</span> <span class='ocrx_word' id='word_1_1495' title='bbox 2245 2614 2311 2640; x_wconf 87' lang='lat' dir='ltr'>Met.</span> <span class='ocrx_word' id='word_1_1496' title='bbox 2330 2621 2359 2646; x_wconf 88' lang='grc'>5,</span> <span class='ocrx_word' id='word_1_1497' title='bbox 2375 2618 2408 2646; x_wconf 77' lang='lat'>48</span> <span class='ocrx_word' id='word_1_1498' title='bbox 2434 2615 2436 2619; x_wconf 81' lang='lat'><em>&#39;</em></span> 
     </span>
     <span class='ocr_line' id='line_1_158' title="bbox 1383 2648 2433 2683; baseline 0.001 -10"><span class='ocrx_word' id='word_1_1499' title='bbox 1383 2649 1508 2682; x_wconf 82' lang='lat' dir='ltr'>Aruaque</span> <span class='ocrx_word' id='word_1_1500' title='bbox 1542 2648 1610 2675; x_wconf 84' lang='lat' dir='ltr'>iuffit</span> <span class='ocrx_word' id='word_1_1501' title='bbox 1646 2648 1749 2674; x_wconf 86' lang='lat' dir='ltr'>Fallere</span> <span class='ocrx_word' id='word_1_1502' title='bbox 1772 2649 1940 2682; x_wconf 85' lang='lat' dir='ltr'>Depositum,</span> <span class='ocrx_word' id='word_1_1503' title='bbox 1959 2650 2106 2683; x_wconf 88' lang='lat' dir='ltr'>vitiataque</span> <span class='ocrx_word' id='word_1_1504' title='bbox 2127 2650 2227 2676; x_wconf 84' lang='lat' dir='ltr'>semina</span> <span class='ocrx_word' id='word_1_1505' title='bbox 2245 2649 2326 2683; x_wconf 85' lang='lat' dir='ltr'>fecit,</span> <span class='ocrx_word' id='word_1_1506' title='bbox 2346 2651 2365 2675; x_wconf 88' lang='lat' dir='ltr'>i.</span> <span class='ocrx_word' id='word_1_1507' title='bbox 2378 2657 2407 2674; x_wconf 84' lang='lat' dir='ltr'>no</span> <span class='ocrx_word' id='word_1_1508' title='bbox 2428 2664 2433 2673; x_wconf 29' lang='grc' dir='ltr'>,κ</span> 
     </span>
    </p>
   </div>
   <div class='ocr_carea' id='block_1_46' title="bbox 1381 2542 1694 2576">
    <p class='ocr_par' dir='ltr' id='par_1_54' title="bbox 1381 2542 1694 2576">
     <span class='ocr_line' id='line_1_159' title="bbox 1381 2542 1694 2576; baseline 0.003 -9"><span class='ocrx_word' id='word_1_1509' title='bbox 1381 2542 1419 2568; x_wconf 89' lang='lat' dir='ltr'>Id.</span> <span class='ocrx_word' id='word_1_1510' title='bbox 1427 2551 1457 2568; x_wconf 85' lang='lat' dir='ltr'>ex</span> <span class='ocrx_word' id='word_1_1511' title='bbox 1466 2542 1541 2568; x_wconf 87' lang='lat' dir='ltr'>Pont.</span> <span class='ocrx_word' id='word_1_1512' title='bbox 1556 2551 1583 2574; x_wconf 88' lang='lat'>4,</span> <span class='ocrx_word' id='word_1_1513' title='bbox 1598 2551 1635 2574; x_wconf 88' lang='grc'>10,</span> <span class='ocrx_word' id='word_1_1514' title='bbox 1651 2544 1694 2576; x_wconf 88' lang='lat'>67.</span> 
     </span>
    </p>
   </div>
   <div class='ocr_carea' id='block_1_47' title="bbox 1383 2583 2052 2648">
    <p class='ocr_par' dir='ltr' id='par_1_55' title="bbox 1383 2583 2052 2648">
     <span class='ocr_line' id='line_1_160' title="bbox 1383 2583 2052 2648; baseline 0.001 -9"><span class='ocrx_word' id='word_1_1515' title='bbox 1383 2583 1495 2644; x_wconf 33' lang='lat' dir='ltr'>{433³}ss</span> <span class='ocrx_word' id='word_1_1516' title='bbox 1525 2615 1543 2639; x_wconf 82' lang='lat' dir='ltr'>i.</span> <span class='ocrx_word' id='word_1_1517' title='bbox 1561 2613 1654 2647; x_wconf 69' lang='lat' dir='ltr'>decepit</span> <span class='ocrx_word' id='word_1_1518' title='bbox 1674 2623 1703 2639; x_wconf 84' lang='lat' dir='ltr'>ac</span> <span class='ocrx_word' id='word_1_1519' title='bbox 1722 2612 1836 2646; x_wconf 54' lang='lat' dir='ltr'>destituit</span> <span class='ocrx_word' id='word_1_1520' title='bbox 1852 2616 1924 2648; x_wconf 87' lang='lat' dir='ltr'>prior</span> <span class='ocrx_word' id='word_1_1521' title='bbox 1937 2617 2052 2640; x_wconf 81' lang='lat' dir='ltr'>maritus.</span> 
     </span>
    </p>
   </div>
   <div class='ocr_carea' id='block_1_48' title="bbox 1381 2717 2436 2861">
    <p class='ocr_par' dir='ltr' id='par_1_56' title="bbox 1381 2717 2436 2861">
     <span class='ocr_line' id='line_1_161' title="bbox 1382 2717 2192 2755; baseline 0.002 -11"><span class='ocrx_word' id='word_1_1522' title='bbox 1382 2719 1457 2745; x_wconf 85' lang='lat' dir='ltr'>cuius</span> <span class='ocrx_word' id='word_1_1523' title='bbox 1477 2719 1586 2751; x_wconf 87' lang='lat' dir='ltr'>fallere,</span> <span class='ocrx_word' id='word_1_1524' title='bbox 1609 2721 1627 2745; x_wconf 89' lang='lat' dir='ltr'>i.</span> <span class='ocrx_word' id='word_1_1525' title='bbox 1642 2717 1785 2755; x_wconf 77' lang='lat' dir='ltr'>pronuffimi</span> <span class='ocrx_word' id='word_1_1526' title='bbox 1796 2719 1874 2754; x_wconf 76' lang='lat' dir='ltr'>fidem</span> <span class='ocrx_word' id='word_1_1527' title='bbox 1892 2720 1989 2754; x_wconf 84' lang='lat' dir='ltr'>Virgil.</span> <span class='ocrx_word' id='word_1_1528' title='bbox 2005 2721 2069 2746; x_wconf 84' lang='lat' dir='ltr'>Aen.</span> <span class='ocrx_word' id='word_1_1529' title='bbox 2087 2723 2121 2753; x_wconf 89' lang='lat'>6,</span> <span class='ocrx_word' id='word_1_1530' title='bbox 2139 2722 2192 2752; x_wconf 87' lang='grc'>613.</span> 
     </span>
     <span class='ocr_line' id='line_1_162' title="bbox 1382 2754 2385 2790; baseline 0.001 -10"><span class='ocrx_word' id='word_1_1531' title='bbox 1382 2754 1453 2780; x_wconf 84' lang='lat' dir='ltr'>fallit</span> <span class='ocrx_word' id='word_1_1532' title='bbox 1467 2755 1572 2781; x_wconf 76' lang='lat' dir='ltr'>fortasse</span> <span class='ocrx_word' id='word_1_1533' title='bbox 1589 2763 1791 2790; x_wconf 85' lang='lat' dir='ltr'>nonnunquam,</span> <span class='ocrx_word' id='word_1_1534' title='bbox 1807 2754 1851 2781; x_wconf 88' lang='lat' dir='ltr'>sed</span> <span class='ocrx_word' id='word_1_1535' title='bbox 1865 2761 1954 2781; x_wconf 89' lang='lat' dir='ltr'>tamen</span> <span class='ocrx_word' id='word_1_1536' title='bbox 1972 2756 2003 2782; x_wconf 84' lang='lat' dir='ltr'>ad</span> <span class='ocrx_word' id='word_1_1537' title='bbox 2018 2756 2157 2782; x_wconf 84' lang='lat' dir='ltr'>veritatem</span> <span class='ocrx_word' id='word_1_1538' title='bbox 2177 2754 2316 2790; x_wconf 75' lang='lat' dir='ltr'>saepissime</span> <span class='ocrx_word' id='word_1_1539' title='bbox 2335 2755 2385 2782; x_wconf 88' lang='lat' dir='ltr'>diri</span> 
     </span>
     <span class='ocr_line' id='line_1_163' title="bbox 1383 2789 2395 2824; baseline 0.002 -8"><span class='ocrx_word' id='word_1_1540' title='bbox 1383 2790 1440 2816; x_wconf 89' lang='lat' dir='ltr'>Cic.</span> <span class='ocrx_word' id='word_1_1541' title='bbox 1454 2789 1485 2816; x_wconf 88' lang='lat' dir='ltr'>de</span> <span class='ocrx_word' id='word_1_1542' title='bbox 1498 2791 1590 2816; x_wconf 90' lang='lat' dir='ltr'>Diuin.</span> <span class='ocrx_word' id='word_1_1543' title='bbox 1605 2799 1625 2823; x_wconf 86' lang='lat'>1,</span> <span class='ocrx_word' id='word_1_1544' title='bbox 1639 2798 1678 2823; x_wconf 77' lang='lat'>25.</span> <span class='ocrx_word' id='word_1_1545' title='bbox 1745 2791 1813 2817; x_wconf 92' lang='lat' dir='ltr'>Ter.</span> <span class='ocrx_word' id='word_1_1546' title='bbox 1828 2791 1910 2817; x_wconf 87' lang='lat' dir='ltr'>Andr.</span> <span class='ocrx_word' id='word_1_1547' title='bbox 1922 2800 1943 2823; x_wconf 90' lang='grc'>3,</span> <span class='ocrx_word' id='word_1_1548' title='bbox 1959 2800 1983 2822; x_wconf 85' lang='lat'>2,</span> <span class='ocrx_word' id='word_1_1549' title='bbox 1997 2800 2020 2824; x_wconf 89' lang='grc'>13</span> <span class='ocrx_word' id='word_1_1550' title='bbox 2042 2792 2115 2818; x_wconf 88' lang='lat' dir='ltr'>Itane</span> <span class='ocrx_word' id='word_1_1551' title='bbox 2134 2791 2237 2818; x_wconf 85' lang='lat' dir='ltr'>tandem</span> <span class='ocrx_word' id='word_1_1552' title='bbox 2252 2790 2361 2817; x_wconf 87' lang='lat' dir='ltr'>idoneus</span> <span class='ocrx_word' id='word_1_1553' title='bbox 2375 2792 2395 2818; x_wconf 89' lang='lat' dir='ltr'>ti</span> 
     </span>
     <span class='ocr_line' id='line_1_164' title="bbox 1381 2825 2436 2861; baseline 0.002 -10"><span class='ocrx_word' id='word_1_1554' title='bbox 1381 2825 1485 2856; x_wconf 89' lang='lat' dir='ltr'>videor,</span> <span class='ocrx_word' id='word_1_1555' title='bbox 1504 2835 1582 2860; x_wconf 88' lang='lat' dir='ltr'>quem</span> <span class='ocrx_word' id='word_1_1556' title='bbox 1598 2832 1649 2852; x_wconf 87' lang='lat' dir='ltr'>tam</span> <span class='ocrx_word' id='word_1_1557' title='bbox 1665 2832 1754 2860; x_wconf 86' lang='lat' dir='ltr'>aperte</span> <span class='ocrx_word' id='word_1_1558' title='bbox 1767 2826 1860 2853; x_wconf 86' lang='lat' dir='ltr'>fallere</span> <span class='ocrx_word' id='word_1_1559' title='bbox 1874 2827 1983 2861; x_wconf 86' lang='lat' dir='ltr'>incipias</span> <span class='ocrx_word' id='word_1_1560' title='bbox 1995 2827 2089 2854; x_wconf 75' lang='lat' dir='ltr'>Dolis?</span> <span class='ocrx_word' id='word_1_1561' title='bbox 2131 2827 2205 2860; x_wconf 84' lang='lat' dir='ltr'>Virg.</span> <span class='ocrx_word' id='word_1_1562' title='bbox 2217 2827 2280 2851; x_wconf 81' lang='lat' dir='ltr'>Aen.</span> <span class='ocrx_word' id='word_1_1563' title='bbox 2290 2834 2307 2856; x_wconf 86' lang='lat'>1,</span> <span class='ocrx_word' id='word_1_1564' title='bbox 2316 2829 2363 2856; x_wconf 81' lang='lat'>688</span> <span class='ocrx_word' id='word_1_1565' title='bbox 2376 2827 2406 2853; x_wconf 92' lang='lat' dir='ltr'><strong>T</strong></span> <span class='ocrx_word' id='word_1_1566' title='bbox 2434 2854 2436 2857; x_wconf 71' lang='grc'>,</span> 
     </span>
    </p>
   </div>
   <div class='ocr_carea' id='block_1_49' title="bbox 1377 166 2471 488">
    <p class='ocr_par' dir='ltr' id='par_1_57' title="bbox 1377 166 2471 488">
     <span class='ocr_line' id='line_1_165' title="bbox 2359 166 2453 204; baseline 0.021 -2"><span class='ocrx_word' id='word_1_1567' title='bbox 2359 166 2431 204; x_wconf 78' lang='lat'>592-</span> <span class='ocrx_word' id='word_1_1568' title='bbox 2452 183 2453 186; x_wconf 60' lang='lat'><em>=</em></span> 
     </span>
     <span class='ocr_line' id='line_1_166' title="bbox 1377 220 2471 276; baseline -0.001 -8"><span class='ocrx_word' id='word_1_1569' title='bbox 1377 239 1504 274; x_wconf 82' lang='lat' dir='ltr'>stantiue,</span> <span class='ocrx_word' id='word_1_1570' title='bbox 1524 243 1682 273; x_wconf 89' lang='lat' dir='ltr'>Falernum,</span> <span class='ocrx_word' id='word_1_1571' title='bbox 1697 246 1746 276; x_wconf 85' lang='lat' dir='ltr'>pro</span> <span class='ocrx_word' id='word_1_1572' title='bbox 1765 240 1844 272; x_wconf 85' lang='lat' dir='ltr'>Vino,</span> <span class='ocrx_word' id='word_1_1573' title='bbox 1864 240 1929 275; x_wconf 80' lang='lat' dir='ltr'>quod</span> <span class='ocrx_word' id='word_1_1574' title='bbox 1939 243 1967 267; x_wconf 87' lang='lat' dir='ltr'>in</span> <span class='ocrx_word' id='word_1_1575' title='bbox 1984 241 2086 268; x_wconf 73' lang='lat' dir='ltr'>Falerno</span> <span class='ocrx_word' id='word_1_1576' title='bbox 2102 247 2181 268; x_wconf 83' lang='lat' dir='ltr'>monte</span> <span class='ocrx_word' id='word_1_1577' title='bbox 2194 239 2322 276; x_wconf 66' lang='lat' dir='ltr'>cresi-ebat.</span> <span class='ocrx_word' id='word_1_1578' title='bbox 2358 240 2427 269; x_wconf 78' lang='lat' dir='ltr'>Mar.</span> <span class='ocrx_word' id='word_1_1579' title='bbox 2465 220 2471 238; x_wconf 18' lang='lat'>⁷*</span> 
     </span>
     <span class='ocr_line' id='line_1_167' title="bbox 1923 307 2459 349; baseline 0 -11"><span class='ocrx_word' id='word_1_1580' title='bbox 1923 313 2062 348; x_wconf 84' lang='lat' dir='ltr'>Masculino</span> <span class='ocrx_word' id='word_1_1581' title='bbox 2078 322 2163 349; x_wconf 73' lang='lat' dir='ltr'>genere</span> <span class='ocrx_word' id='word_1_1582' title='bbox 2177 307 2426 345; x_wconf 54' lang='lat' dir='ltr'>Tibullsprotuut&#39;,</span> <span class='ocrx_word' id='word_1_1583' title='bbox 2456 336 2459 338; x_wconf 75' lang='grc'>,</span> 
     </span>
     <span class='ocr_line' id='line_1_168' title="bbox 2201 381 2460 410; baseline 0.004 -1"><span class='ocrx_word' id='word_1_1584' title='bbox 2201 384 2267 409; x_wconf 83' lang='lat' dir='ltr'>Aere</span> <span class='ocrx_word' id='word_1_1585' title='bbox 2288 381 2431 410; x_wconf 61' lang='lat' dir='ltr'>Falernum*</span> <span class='ocrx_word' id='word_1_1586' title='bbox 2458 397 2460 405; x_wconf 60' lang='lat' dir='ltr'>r</span> 
     </span>
     <span class='ocr_line' id='line_1_169' title="bbox 2063 452 2460 488; baseline 0 -8"><span class='ocrx_word' id='word_1_1587' title='bbox 2063 453 2209 488; x_wconf 87' lang='lat' dir='ltr'>Liquidum</span> <span class='ocrx_word' id='word_1_1588' title='bbox 2229 454 2296 479; x_wconf 86' lang='lat' dir='ltr'>Hor.</span> <span class='ocrx_word' id='word_1_1589' title='bbox 2311 452 2389 487; x_wconf 79' lang='lat' dir='ltr'>Epist.</span> <span class='ocrx_word' id='word_1_1590' title='bbox 2405 461 2426 486; x_wconf 70' lang='grc'>1,</span> <span class='ocrx_word' id='word_1_1591' title='bbox 2452 467 2460 488; x_wconf 65' lang='lat'>,²-</span> 
     </span>
    </p>
   </div>
   <div class='ocr_carea' id='block_1_50' title="bbox 1887 525 2460 568">
    <p class='ocr_par' dir='ltr' id='par_1_58' title="bbox 1887 525 2460 568">
     <span class='ocr_line' id='line_1_170' title="bbox 1887 525 2460 568; baseline -0.002 -17"><span class='ocrx_word' id='word_1_1592' title='bbox 1887 525 2017 561; x_wconf 78' lang='lat' dir='ltr'>Originem</span> <span class='ocrx_word' id='word_1_1593' title='bbox 2030 525 2172 562; x_wconf 79' lang='lat' dir='ltr'>fabulosam</span> <span class='ocrx_word' id='word_1_1594' title='bbox 2193 525 2267 551; x_wconf 82' lang='lat' dir='ltr'>huius</span> <span class='ocrx_word' id='word_1_1595' title='bbox 2286 527 2343 551; x_wconf 85' lang='lat' dir='ltr'>vini</span> <span class='ocrx_word' id='word_1_1596' title='bbox 2356 531 2429 568; x_wconf 55' lang='lat' dir='ltr'>atque</span> <span class='ocrx_word' id='word_1_1597' title='bbox 2453 555 2460 558; x_wconf 71' lang='lat'>‚‚</span> 
     </span>
    </p>
   </div>
   <div class='ocr_carea' id='block_1_51' title="bbox 2403 1427 2439 1546">
    <p class='ocr_par' dir='ltr' id='par_1_59' title="bbox 2403 1427 2451 1546">
     <span class='ocr_line' id='line_1_171' title="bbox 2403 1427 2439 1546; baseline 0 0"><span class='ocrx_word' id='word_1_1598' title='bbox 2403 1427 2439 1546; x_wconf 80' lang='lat' dir='ltr'>l</span> 
     </span>
    </p>
   </div>
   <div class='ocr_carea' id='block_1_52' title="bbox 1384 2085 2429 2155">
    <p class='ocr_par' dir='ltr' id='par_1_60' title="bbox 1384 2085 2451 2155">
     <span class='ocr_line' id='line_1_172' title="bbox 2303 2093 2428 2110; baseline 0 0"><span class='ocrx_word' id='word_1_1599' title='bbox 2303 2093 2362 2110; x_wconf 90' lang='lat' dir='ltr'>uem</span> <span class='ocrx_word' id='word_1_1600' title='bbox 2407 2093 2428 2110; x_wconf 91' lang='grc'>1-</span> 
     </span>
     <span class='ocr_line' id='line_1_173' title="bbox 1384 2085 2429 2155; baseline 0.005 -14"><span class='ocrx_word' id='word_1_1601' title='bbox 1384 2124 1426 2142; x_wconf 83' lang='grc'>1113</span> <span class='ocrx_word' id='word_1_1602' title='bbox 1440 2116 1519 2150; x_wconf 80' lang='lat' dir='ltr'>origo</span> <span class='ocrx_word' id='word_1_1603' title='bbox 1537 2117 1627 2143; x_wconf 86' lang='lat' dir='ltr'>causae</span> <span class='ocrx_word' id='word_1_1604' title='bbox 1646 2126 1700 2144; x_wconf 91' lang='lat' dir='ltr'>non</span> <span class='ocrx_word' id='word_1_1605' title='bbox 1715 2118 1842 2144; x_wconf 81' lang='lat' dir='ltr'>fefellerit</span> <span class='ocrx_word' id='word_1_1606' title='bbox 1862 2119 1928 2144; x_wconf 80' lang='lat' dir='ltr'>Cels.</span> <span class='ocrx_word' id='word_1_1607' title='bbox 1944 2119 2026 2153; x_wconf 84' lang='lat' dir='ltr'>praef.</span> <span class='ocrx_word' id='word_1_1608' title='bbox 2042 2128 2060 2145; x_wconf 88' lang='lat'>1.</span> <span class='ocrx_word' id='word_1_1609' title='bbox 2093 2122 2111 2146; x_wconf 85' lang='lat' dir='ltr'>i.</span> <span class='ocrx_word' id='word_1_1610' title='bbox 2129 2123 2171 2155; x_wconf 86' lang='lat' dir='ltr'>qui</span> <span class='ocrx_word' id='word_1_1611' title='bbox 2183 2129 2233 2145; x_wconf 79' lang='lat' dir='ltr'>eom</span> <span class='ocrx_word' id='word_1_1612' title='bbox 2245 2085 2429 2155; x_wconf 43' lang='lat' dir='ltr'>aſjssutusjgie-</span> 
     </span>
    </p>
   </div>
   <div class='ocr_carea' id='block_1_53' title="bbox 1538 2190 2471 2324">
    <p class='ocr_par' dir='ltr' id='par_1_61' title="bbox 1538 2190 2471 2324">
     <span class='ocr_line' id='line_1_174' title="bbox 1538 2190 2471 2324; baseline 0.003 -75"><span class='ocrx_word' id='word_1_1613' title='bbox 1538 2226 1589 2257; x_wconf 88' lang='lat'>462</span> <span class='ocrx_word' id='word_1_1614' title='bbox 1618 2224 1755 2258; x_wconf 88' lang='lat' dir='ltr'>Multaque</span> <span class='ocrx_word' id='word_1_1615' title='bbox 1774 2223 1819 2250; x_wconf 85' lang='lat' dir='ltr'>dat</span> <span class='ocrx_word' id='word_1_1616' title='bbox 1851 2225 1932 2250; x_wconf 87' lang='lat' dir='ltr'>urtim</span> <span class='ocrx_word' id='word_1_1617' title='bbox 1951 2224 2011 2251; x_wconf 82' lang='lat' dir='ltr'>talis</span> <span class='ocrx_word' id='word_1_1618' title='bbox 2029 2232 2181 2261; x_wconf 79' lang='lat' dir='ltr'>praecepta,</span> <span class='ocrx_word' id='word_1_1619' title='bbox 2205 2190 2424 2324; x_wconf 63' lang='grc' dir='ltr'>110101011εέ</span> <span class='ocrx_word' id='word_1_1620' title='bbox 2442 2243 2444 2248; x_wconf 43' lang='lat'><em>⁷</em></span> <span class='ocrx_word' id='word_1_1621' title='bbox 2463 2213 2471 2234; x_wconf 28' lang='lat'>³*</span> 
     </span>
    </p>
   </div>
   <div class='ocr_carea' id='block_1_54' title="bbox 1702 2322 2467 2364">
    <p class='ocr_par' dir='ltr' id='par_1_62' title="bbox 1702 2322 2467 2364">
     <span class='ocr_line' id='line_1_175' title="bbox 1702 2322 2467 2364; baseline 0.007 -9"><span class='ocrx_word' id='word_1_1622' title='bbox 1702 2329 1794 2356; x_wconf 89' lang='lat' dir='ltr'>Animi</span> <span class='ocrx_word' id='word_1_1623' title='bbox 1812 2330 1909 2356; x_wconf 86' lang='lat' dir='ltr'>fallunt</span> <span class='ocrx_word' id='word_1_1624' title='bbox 1928 2330 1975 2357; x_wconf 89' lang='lat' dir='ltr'>sub</span> <span class='ocrx_word' id='word_1_1625' title='bbox 1994 2331 2073 2364; x_wconf 91' lang='lat' dir='ltr'>vulpe</span> <span class='ocrx_word' id='word_1_1626' title='bbox 2090 2331 2198 2357; x_wconf 85' lang='lat' dir='ltr'>latentes</span> <span class='ocrx_word' id='word_1_1627' title='bbox 2218 2332 2292 2358; x_wconf 90' lang='lat' dir='ltr'>Idem</span> <span class='ocrx_word' id='word_1_1628' title='bbox 2312 2332 2344 2359; x_wconf 86' lang='lat' dir='ltr'>de</span> <span class='ocrx_word' id='word_1_1629' title='bbox 2363 2328 2420 2360; x_wconf 60' lang='lat' dir='ltr'>Min</span> <span class='ocrx_word' id='word_1_1630' title='bbox 2463 2322 2467 2326; x_wconf 71' lang='lat'>.</span> 
     </span>
    </p>
   </div>
   <div class='ocr_carea' id='block_1_55' title="bbox 2447 162 2479 1411">
    <p class='ocr_par' dir='ltr' id='par_1_63' title="bbox 2447 162 2479 1411">
     <span class='ocr_line' id='line_1_176' title="bbox 2447 162 2479 1411; baseline 0 0"><span class='ocrx_word' id='word_1_1631' title='bbox 2447 162 2479 1411; x_wconf 95' lang='lat' dir='ltr'> </span> 
     </span>
    </p>
   </div>
   <div class='ocr_carea' id='block_1_56' title="bbox 2389 1447 2479 2879">
    <p class='ocr_par' dir='ltr' id='par_1_64' title="bbox 2389 1447 2479 2879">
     <span class='ocr_line' id='line_1_177' title="bbox 2448 1447 2479 1573; baseline 0 -68"><span class='ocrx_word' id='word_1_1632' title='bbox 2448 1447 2479 1573; x_wconf 95' lang='lat' dir='ltr'>  </span> 
     </span>
     <span class='ocr_line' id='line_1_178' title="bbox 2445 1573 2479 2262; baseline 0 0"><span class='ocrx_word' id='word_1_1633' title='bbox 2445 1573 2479 2262; x_wconf 95' lang='lat' dir='ltr'>   </span> 
     </span>
     <span class='ocr_line' id='line_1_179' title="bbox 2441 2264 2479 2451; baseline 0 0"><span class='ocrx_word' id='word_1_1634' title='bbox 2441 2264 2479 2451; x_wconf 95' lang='lat' dir='ltr'>     </span> 
     </span>
     <span class='ocr_line' id='line_1_180' title="bbox 2410 2451 2479 2629; baseline 0 0"><span class='ocrx_word' id='word_1_1635' title='bbox 2410 2451 2479 2629; x_wconf 95' lang='lat' dir='ltr'>     </span> 
     </span>
     <span class='ocr_line' id='line_1_181' title="bbox 2389 2629 2479 2808; baseline 0 -35"><span class='ocrx_word' id='word_1_1636' title='bbox 2389 2629 2479 2808; x_wconf 95' lang='lat' dir='ltr'>    </span> 
     </span>
     <span class='ocr_line' id='line_1_182' title="bbox 2399 2808 2479 2879; baseline -0.025 0"><span class='ocrx_word' id='word_1_1637' title='bbox 2399 2808 2479 2879; x_wconf 95' lang='lat' dir='ltr'>  </span> 
     </span>
    </p>
   </div>
   <div class='ocr_carea' id='block_1_57' title="bbox 2446 2374 2454 2403">
    <p class='ocr_par' dir='ltr' id='par_1_65' title="bbox 2446 2374 2454 2403">
     <span class='ocr_line' id='line_1_183' title="bbox 2446 2374 2454 2403; baseline 0 -9"><span class='ocrx_word' id='word_1_1638' title='bbox 2446 2374 2454 2403; x_wconf 40' lang='lat' dir='ltr'>&#39;gi</span> 
     </span>
    </p>
   </div>
   <div class='ocr_carea' id='block_1_58' title="bbox 283 2859 2479 2901">
    <p class='ocr_par' dir='ltr' id='par_1_66' title="bbox 283 2859 2479 2901">
     <span class='ocr_line' id='line_1_184' title="bbox 283 2859 2479 2901; baseline -0.002 -8"><span class='ocrx_word' id='word_1_1639' title='bbox 283 2866 445 2901; x_wconf 85' lang='lat' dir='ltr'>acapiendo.</span> <span class='ocrx_word' id='word_1_1640' title='bbox 483 2866 559 2890; x_wconf 87' lang='lat' dir='ltr'>Hunc</span> <span class='ocrx_word' id='word_1_1641' title='bbox 581 2863 663 2890; x_wconf 86' lang='lat' dir='ltr'>nostri</span> <span class='ocrx_word' id='word_1_1642' title='bbox 678 2863 816 2889; x_wconf 88' lang='lat' dir='ltr'>Falconem</span> <span class='ocrx_word' id='word_1_1643' title='bbox 838 2868 948 2895; x_wconf 85' lang='lat' dir='ltr'>vocant,</span> <span class='ocrx_word' id='word_1_1644' title='bbox 975 2871 1007 2888; x_wconf 88' lang='lat' dir='ltr'>eo</span> <span class='ocrx_word' id='word_1_1645' title='bbox 1028 2863 1100 2896; x_wconf 88' lang='lat' dir='ltr'>quod</span> <span class='ocrx_word' id='word_1_1646' title='bbox 1120 2863 1238 2889; x_wconf 88' lang='lat' dir='ltr'>incuruis</span> <span class='ocrx_word' id='word_1_1647' title='bbox 1258 2863 1360 2898; x_wconf 79' lang='lat' dir='ltr'>digi-75</span> <span class='ocrx_word' id='word_1_1648' title='bbox 1380 2860 1485 2887; x_wconf 82' lang='lat' dir='ltr'>Faciem</span> <span class='ocrx_word' id='word_1_1649' title='bbox 1501 2861 1575 2887; x_wconf 88' lang='lat' dir='ltr'>illius</span> <span class='ocrx_word' id='word_1_1650' title='bbox 1595 2861 1700 2887; x_wconf 68' lang='lat' dir='ltr'>noe’tem</span> <span class='ocrx_word' id='word_1_1651' title='bbox 1720 2870 1774 2888; x_wconf 91' lang='lat' dir='ltr'>non</span> <span class='ocrx_word' id='word_1_1652' title='bbox 1791 2862 1903 2897; x_wconf 84' lang='lat' dir='ltr'>amplius</span> <span class='ocrx_word' id='word_1_1653' title='bbox 1924 2871 2002 2889; x_wconf 82' lang='lat' dir='ltr'>vnam</span> <span class='ocrx_word' id='word_1_1654' title='bbox 2039 2863 2110 2889; x_wconf 86' lang='lat' dir='ltr'>Falle</span> <span class='ocrx_word' id='word_1_1655' title='bbox 2125 2862 2198 2893; x_wconf 84' lang='lat' dir='ltr'>dolo,</span> <span class='ocrx_word' id='word_1_1656' title='bbox 2219 2867 2244 2887; x_wconf 89' lang='lat' dir='ltr'>et</span> <span class='ocrx_word' id='word_1_1657' title='bbox 2257 2868 2334 2888; x_wconf 86' lang='lat' dir='ltr'>notos</span> <span class='ocrx_word' id='word_1_1658' title='bbox 2345 2871 2397 2896; x_wconf 86' lang='lat' dir='ltr'>pue</span> <span class='ocrx_word' id='word_1_1659' title='bbox 2426 2859 2433 2890; x_wconf 50' lang='grc' dir='ltr'><em>ᾗ</em></span> <span class='ocrx_word' id='word_1_1660' title='bbox 2475 2873 2479 2889; x_wconf 78' lang='grc'>1</span> 
     </span>
    </p>
   </div>
   <div class='ocr_carea' id='block_1_59' title="bbox 280 2897 1324 3037">
    <p class='ocr_par' dir='ltr' id='par_1_67' title="bbox 281 2897 1323 2968">
     <span class='ocr_line' id='line_1_185' title="bbox 281 2897 1323 2932; baseline -0.008 -3"><span class='ocrx_word' id='word_1_1661' title='bbox 281 2903 315 2930; x_wconf 86' lang='lat' dir='ltr'>tis</span> <span class='ocrx_word' id='word_1_1662' title='bbox 330 2902 367 2929; x_wconf 76' lang='lat' dir='ltr'>fit.</span> <span class='ocrx_word' id='word_1_1663' title='bbox 440 2900 546 2926; x_wconf 87' lang='lat' dir='ltr'>Seruius</span> <span class='ocrx_word' id='word_1_1664' title='bbox 565 2900 598 2925; x_wconf 80' lang='lat' dir='ltr'>ad</span> <span class='ocrx_word' id='word_1_1665' title='bbox 617 2900 681 2925; x_wconf 87' lang='lat' dir='ltr'>Aen.</span> <span class='ocrx_word' id='word_1_1666' title='bbox 698 2908 735 2930; x_wconf 86' lang='lat'>10,</span> <span class='ocrx_word' id='word_1_1667' title='bbox 751 2907 794 2931; x_wconf 87' lang='grc'>145</span> <span class='ocrx_word' id='word_1_1668' title='bbox 814 2897 845 2924; x_wconf 90' lang='lat' dir='ltr'>de</span> <span class='ocrx_word' id='word_1_1669' title='bbox 857 2899 962 2932; x_wconf 87' lang='lat' dir='ltr'>Capua,</span> <span class='ocrx_word' id='word_1_1670' title='bbox 979 2898 1099 2928; x_wconf 81' lang='lat' dir='ltr'>Constat,</span> <span class='ocrx_word' id='word_1_1671' title='bbox 1120 2907 1176 2924; x_wconf 88' lang='lat' dir='ltr'>cam</span> <span class='ocrx_word' id='word_1_1672' title='bbox 1196 2907 1210 2924; x_wconf 90' lang='lat' dir='ltr'>a</span> <span class='ocrx_word' id='word_1_1673' title='bbox 1225 2899 1323 2925; x_wconf 73' lang='lat' dir='ltr'>Tuscis</span> 
     </span>
     <span class='ocr_line' id='line_1_186' title="bbox 282 2933 1268 2968; baseline -0.005 -3"><span class='ocrx_word' id='word_1_1674' title='bbox 282 2938 431 2968; x_wconf 83' lang='lat' dir='ltr'>conditam,</span> <span class='ocrx_word' id='word_1_1675' title='bbox 450 2936 508 2962; x_wconf 84' lang='lat' dir='ltr'>viso</span> <span class='ocrx_word' id='word_1_1676' title='bbox 522 2935 641 2962; x_wconf 85' lang='lat' dir='ltr'>Falconis</span> <span class='ocrx_word' id='word_1_1677' title='bbox 654 2934 781 2968; x_wconf 80' lang='lat' dir='ltr'>augurio,</span> <span class='ocrx_word' id='word_1_1678' title='bbox 798 2934 846 2968; x_wconf 86' lang='lat' dir='ltr'>qui</span> <span class='ocrx_word' id='word_1_1679' title='bbox 860 2934 950 2960; x_wconf 87' lang='lat' dir='ltr'>Tusca</span> <span class='ocrx_word' id='word_1_1680' title='bbox 964 2933 1054 2968; x_wconf 85' lang='lat' dir='ltr'>lingua</span> <span class='ocrx_word' id='word_1_1681' title='bbox 1066 2935 1149 2968; x_wconf 83' lang='lat' dir='ltr'>Capys</span> <span class='ocrx_word' id='word_1_1682' title='bbox 1163 2933 1268 2961; x_wconf 87' lang='lat' dir='ltr'>dicitur.</span> 
     </span>
    </p>

    <p class='ocr_par' dir='ltr' id='par_1_68' title="bbox 280 2969 1324 3037">
     <span class='ocr_line' id='line_1_187' title="bbox 318 2969 1324 3006; baseline -0.007 -6"><span class='ocrx_word' id='word_1_1683' title='bbox 318 2981 334 3000; x_wconf 81' lang='lat' dir='ltr'>F</span> <span class='ocrx_word' id='word_1_1684' title='bbox 343 2981 363 3000; x_wconf 83' lang='grc' dir='ltr'>Α</span> <span class='ocrx_word' id='word_1_1685' title='bbox 374 2981 390 2999; x_wconf 78' lang='lat'>1.</span> <span class='ocrx_word' id='word_1_1686' title='bbox 399 2979 416 2999; x_wconf 90' lang='lat' dir='ltr'>c</span> <span class='ocrx_word' id='word_1_1687' title='bbox 428 2979 448 2998; x_wconf 92' lang='lat' dir='ltr'>v</span> <span class='ocrx_word' id='word_1_1688' title='bbox 459 2979 479 2997; x_wconf 89' lang='lat' dir='ltr'>N</span> <span class='ocrx_word' id='word_1_1689' title='bbox 490 2979 506 2998; x_wconf 86' lang='lat' dir='ltr'>c</span> <span class='ocrx_word' id='word_1_1690' title='bbox 515 2969 536 2997; x_wconf 66' lang='lat' dir='ltr'>x7</span> <span class='ocrx_word' id='word_1_1691' title='bbox 546 2978 561 2996; x_wconf 76' lang='lat'>1.</span> <span class='ocrx_word' id='word_1_1692' title='bbox 574 2977 592 2995; x_wconf 93' lang='lat' dir='ltr'>v</span> <span class='ocrx_word' id='word_1_1693' title='bbox 602 2978 630 3002; x_wconf 86' lang='lat' dir='ltr'>s,</span> <span class='ocrx_word' id='word_1_1694' title='bbox 651 2970 670 2996; x_wconf 89' lang='lat' dir='ltr'>i.</span> <span class='ocrx_word' id='word_1_1695' title='bbox 705 2978 740 2995; x_wconf 89' lang='lat' dir='ltr'>m.</span> <span class='ocrx_word' id='word_1_1696' title='bbox 777 2970 878 2996; x_wconf 86' lang='lat' dir='ltr'>Dimin.</span> <span class='ocrx_word' id='word_1_1697' title='bbox 913 2969 1001 2996; x_wconf 90' lang='lat' dir='ltr'>Plinio</span> <span class='ocrx_word' id='word_1_1698' title='bbox 1014 2970 1150 3001; x_wconf 73' lang='lat' dir='ltr'>tribuitur,</span> <span class='ocrx_word' id='word_1_1699' title='bbox 1161 2969 1210 3006; x_wconf 85' lang='lat' dir='ltr'>sed</span> <span class='ocrx_word' id='word_1_1700' title='bbox 1224 2980 1271 2997; x_wconf 79' lang='lat' dir='ltr'>non</span> <span class='ocrx_word' id='word_1_1701' title='bbox 1286 2979 1324 2996; x_wconf 83' lang='lat' dir='ltr'>oc-</span> 
     </span>
     <span class='ocr_line' id='line_1_188' title="bbox 280 3006 673 3037; baseline -0.015 0"><span class='ocrx_word' id='word_1_1702' title='bbox 280 3012 363 3037; x_wconf 85' lang='lat' dir='ltr'>currit</span> <span class='ocrx_word' id='word_1_1703' title='bbox 382 3012 408 3034; x_wconf 87' lang='lat' dir='ltr'>in</span> <span class='ocrx_word' id='word_1_1704' title='bbox 425 3007 479 3033; x_wconf 70' lang='lat' dir='ltr'>[ud.</span> <span class='ocrx_word' id='word_1_1705' title='bbox 495 3006 621 3033; x_wconf 77' lang='lat' dir='ltr'>Harduin.</span> <span class='ocrx_word' id='word_1_1706' title='bbox 665 3032 673 3036; x_wconf 60' lang='lat'>.</span> 
     </span>
    </p>
   </div>
   <div class='ocr_carea' id='block_1_60' title="bbox 317 3038 1785 3076">
    <p class='ocr_par' dir='ltr' id='par_1_69' title="bbox 317 3038 1785 3076">
     <span class='ocr_line' id='line_1_189' title="bbox 317 3038 1785 3076; baseline -0.004 -4"><span class='ocrx_word' id='word_1_1707' title='bbox 317 3051 412 3072; x_wconf 78' lang='lat' dir='ltr'>FALE</span> <span class='ocrx_word' id='word_1_1708' title='bbox 422 3050 483 3076; x_wconf 83' lang='lat' dir='ltr'>RE,</span> <span class='ocrx_word' id='word_1_1709' title='bbox 503 3043 533 3068; x_wconf 88' lang='lat' dir='ltr'>is.</span> <span class='ocrx_word' id='word_1_1710' title='bbox 570 3051 596 3068; x_wconf 92' lang='lat' dir='ltr'>n.</span> <span class='ocrx_word' id='word_1_1711' title='bbox 633 3038 757 3075; x_wconf 75' lang='lat' dir='ltr'>Qiidfit,</span> <span class='ocrx_word' id='word_1_1712' title='bbox 776 3040 884 3076; x_wconf 74' lang='lat' dir='ltr'>intelligi</span> <span class='ocrx_word' id='word_1_1713' title='bbox 899 3039 980 3075; x_wconf 80' lang='lat' dir='ltr'>potest</span> <span class='ocrx_word' id='word_1_1714' title='bbox 997 3050 1027 3067; x_wconf 78' lang='lat' dir='ltr'>ex</span> <span class='ocrx_word' id='word_1_1715' title='bbox 1050 3042 1085 3067; x_wconf 87' lang='lat' dir='ltr'>olo</span> <span class='ocrx_word' id='word_1_1716' title='bbox 1100 3042 1150 3068; x_wconf 89' lang='lat' dir='ltr'>Ioco</span> <span class='ocrx_word' id='word_1_1717' title='bbox 1164 3043 1278 3068; x_wconf 87' lang='lat' dir='ltr'>Varron.</span> <span class='ocrx_word' id='word_1_1718' title='bbox 1292 3040 1323 3068; x_wconf 91' lang='lat' dir='ltr'>de</span> <span class='ocrx_word' id='word_1_1719' title='bbox 1340 3043 1372 3069; x_wconf 84' lang='lat'>80</span> <span class='ocrx_word' id='word_1_1720' title='bbox 1382 3038 1507 3065; x_wconf 82' lang='lat' dir='ltr'>monibus</span> <span class='ocrx_word' id='word_1_1721' title='bbox 1521 3039 1603 3065; x_wconf 89' lang='lat' dir='ltr'>Ouid.</span> <span class='ocrx_word' id='word_1_1722' title='bbox 1618 3041 1681 3066; x_wconf 80' lang='lat' dir='ltr'>Met.</span> <span class='ocrx_word' id='word_1_1723' title='bbox 1695 3045 1718 3072; x_wconf 80' lang='lat'>8,</span> <span class='ocrx_word' id='word_1_1724' title='bbox 1733 3043 1785 3073; x_wconf 87' lang='grc'>651.</span> 
     </span>
    </p>
   </div>
   <div class='ocr_carea' id='block_1_61' title="bbox 274 3075 1327 3958">
    <p class='ocr_par' dir='ltr' id='par_1_70' title="bbox 274 3075 1327 3364">
     <span class='ocr_line' id='line_1_190' title="bbox 284 3075 1327 3112; baseline -0.004 -5"><span class='ocrx_word' id='word_1_1725' title='bbox 284 3082 315 3107; x_wconf 92' lang='lat' dir='ltr'>R.</span> <span class='ocrx_word' id='word_1_1726' title='bbox 330 3081 362 3106; x_wconf 93' lang='lat' dir='ltr'>R.</span> <span class='ocrx_word' id='word_1_1727' title='bbox 378 3088 398 3111; x_wconf 84' lang='grc'>3,</span> <span class='ocrx_word' id='word_1_1728' title='bbox 412 3088 433 3111; x_wconf 81' lang='grc'>5,</span> <span class='ocrx_word' id='word_1_1729' title='bbox 443 3088 472 3111; x_wconf 90' lang='lat'>14</span> <span class='ocrx_word' id='word_1_1730' title='bbox 502 3077 597 3104; x_wconf 85' lang='lat' dir='ltr'>Subter</span> <span class='ocrx_word' id='word_1_1731' title='bbox 616 3077 800 3102; x_wconf 86' lang='lat' dir='ltr'>columnarum</span> <span class='ocrx_word' id='word_1_1732' title='bbox 814 3075 968 3107; x_wconf 85' lang='lat' dir='ltr'>stylobatem</span> <span class='ocrx_word' id='word_1_1733' title='bbox 983 3076 1017 3103; x_wconf 87' lang='lat' dir='ltr'>est</span> <span class='ocrx_word' id='word_1_1734' title='bbox 1042 3078 1097 3111; x_wconf 87' lang='lat' dir='ltr'>apis</span> <span class='ocrx_word' id='word_1_1735' title='bbox 1112 3086 1125 3103; x_wconf 93' lang='lat' dir='ltr'>a</span> <span class='ocrx_word' id='word_1_1736' title='bbox 1138 3077 1220 3103; x_wconf 87' lang='lat' dir='ltr'>falere</span> <span class='ocrx_word' id='word_1_1737' title='bbox 1233 3077 1327 3112; x_wconf 88' lang='lat' dir='ltr'>pedem</span> 
     </span>
     <span class='ocr_line' id='line_1_191' title="bbox 282 3110 1323 3147; baseline -0.003 -5"><span class='ocrx_word' id='word_1_1738' title='bbox 282 3122 308 3143; x_wconf 91' lang='lat' dir='ltr'>et</span> <span class='ocrx_word' id='word_1_1739' title='bbox 321 3115 474 3142; x_wconf 86' lang='lat' dir='ltr'>dodrantem</span> <span class='ocrx_word' id='word_1_1740' title='bbox 491 3113 574 3145; x_wconf 82' lang='lat' dir='ltr'>altus,</span> <span class='ocrx_word' id='word_1_1741' title='bbox 593 3113 679 3147; x_wconf 85' lang='lat' dir='ltr'>ipsum</span> <span class='ocrx_word' id='word_1_1742' title='bbox 692 3111 773 3138; x_wconf 86' lang='lat' dir='ltr'>falere</span> <span class='ocrx_word' id='word_1_1743' title='bbox 787 3110 819 3137; x_wconf 80' lang='lat' dir='ltr'>ad</span> <span class='ocrx_word' id='word_1_1744' title='bbox 831 3112 896 3137; x_wconf 88' lang='lat' dir='ltr'>duos</span> <span class='ocrx_word' id='word_1_1745' title='bbox 910 3112 985 3146; x_wconf 84' lang='lat' dir='ltr'>pedes</span> <span class='ocrx_word' id='word_1_1746' title='bbox 996 3113 1078 3138; x_wconf 88' lang='lat' dir='ltr'>altum</span> <span class='ocrx_word' id='word_1_1747' title='bbox 1090 3122 1105 3139; x_wconf 94' lang='lat' dir='ltr'>a</span> <span class='ocrx_word' id='word_1_1748' title='bbox 1118 3113 1221 3147; x_wconf 83' lang='lat' dir='ltr'>stagno,</span> <span class='ocrx_word' id='word_1_1749' title='bbox 1242 3113 1323 3139; x_wconf 88' lang='lat' dir='ltr'>latum</span> 
     </span>
     <span class='ocr_line' id='line_1_192' title="bbox 282 3147 1324 3186; baseline -0.004 -8"><span class='ocrx_word' id='word_1_1750' title='bbox 282 3151 314 3179; x_wconf 86' lang='lat' dir='ltr'>ad</span> <span class='ocrx_word' id='word_1_1751' title='bbox 326 3152 459 3186; x_wconf 89' lang='lat' dir='ltr'>quinque,</span> <span class='ocrx_word' id='word_1_1752' title='bbox 478 3155 505 3175; x_wconf 81' lang='lat' dir='ltr'>vt</span> <span class='ocrx_word' id='word_1_1753' title='bbox 520 3149 547 3175; x_wconf 88' lang='lat' dir='ltr'>in</span> <span class='ocrx_word' id='word_1_1754' title='bbox 561 3149 681 3174; x_wconf 83' lang='lat' dir='ltr'>culcitras</span> <span class='ocrx_word' id='word_1_1755' title='bbox 695 3152 720 3173; x_wconf 92' lang='lat' dir='ltr'>et</span> <span class='ocrx_word' id='word_1_1756' title='bbox 733 3147 903 3172; x_wconf 84' lang='lat' dir='ltr'>columnellas</span> <span class='ocrx_word' id='word_1_1757' title='bbox 916 3148 1045 3174; x_wconf 85' lang='lat' dir='ltr'>conuiuae</span> <span class='ocrx_word' id='word_1_1758' title='bbox 1060 3149 1169 3182; x_wconf 82' lang='lat' dir='ltr'>pedibus</span> <span class='ocrx_word' id='word_1_1759' title='bbox 1184 3149 1324 3175; x_wconf 84' lang='lat' dir='ltr'>circumire</span> 
     </span>
     <span class='ocr_line' id='line_1_193' title="bbox 282 3182 1324 3222; baseline -0.003 -9"><span class='ocrx_word' id='word_1_1760' title='bbox 282 3187 383 3222; x_wconf 83' lang='lat' dir='ltr'>posllnt.</span> <span class='ocrx_word' id='word_1_1761' title='bbox 437 3185 533 3211; x_wconf 85' lang='lat' dir='ltr'>Infimo</span> <span class='ocrx_word' id='word_1_1762' title='bbox 547 3184 617 3210; x_wconf 88' lang='lat' dir='ltr'>intra</span> <span class='ocrx_word' id='word_1_1763' title='bbox 631 3183 713 3209; x_wconf 90' lang='lat' dir='ltr'>falere</span> <span class='ocrx_word' id='word_1_1764' title='bbox 727 3182 763 3208; x_wconf 84' lang='lat' dir='ltr'>est</span> <span class='ocrx_word' id='word_1_1765' title='bbox 776 3182 893 3216; x_wconf 80' lang='lat' dir='ltr'>stagnum</span> <span class='ocrx_word' id='word_1_1766' title='bbox 908 3191 966 3208; x_wconf 89' lang='lat' dir='ltr'>cum</span> <span class='ocrx_word' id='word_1_1767' title='bbox 985 3184 1103 3218; x_wconf 85' lang='lat' dir='ltr'>margine</span> <span class='ocrx_word' id='word_1_1768' title='bbox 1122 3184 1224 3219; x_wconf 88' lang='lat' dir='ltr'>pedali,</span> <span class='ocrx_word' id='word_1_1769' title='bbox 1245 3190 1270 3211; x_wconf 87' lang='lat' dir='ltr'>ct</span> <span class='ocrx_word' id='word_1_1770' title='bbox 1284 3184 1324 3210; x_wconf 87' lang='lat' dir='ltr'>in-</span> 
     </span>
     <span class='ocr_line' id='line_1_194' title="bbox 282 3220 592 3255; baseline -0.013 -6"><span class='ocrx_word' id='word_1_1771' title='bbox 282 3223 338 3250; x_wconf 83' lang='lat' dir='ltr'>sula</span> <span class='ocrx_word' id='word_1_1772' title='bbox 352 3232 379 3248; x_wconf 91' lang='grc'>111</span> <span class='ocrx_word' id='word_1_1773' title='bbox 394 3220 484 3247; x_wconf 81' lang='lat' dir='ltr'>medio</span> <span class='ocrx_word' id='word_1_1774' title='bbox 503 3229 592 3255; x_wconf 88' lang='lat' dir='ltr'>parua.</span> 
     </span>
     <span class='ocr_line' id='line_1_195' title="bbox 281 3253 1323 3291; baseline -0.002 -7"><span class='ocrx_word' id='word_1_1775' title='bbox 281 3265 337 3284; x_wconf 83' lang='lat' dir='ltr'>tum</span> <span class='ocrx_word' id='word_1_1776' title='bbox 352 3257 459 3283; x_wconf 80' lang='lat' dir='ltr'>stabula.</span> <span class='ocrx_word' id='word_1_1777' title='bbox 517 3253 556 3288; x_wconf 72' lang='lat' dir='ltr'>kst</span> <span class='ocrx_word' id='word_1_1778' title='bbox 571 3257 651 3290; x_wconf 81' lang='lat' dir='ltr'>igitur</span> <span class='ocrx_word' id='word_1_1779' title='bbox 664 3255 750 3285; x_wconf 85' lang='lat' dir='ltr'>moles,</span> <span class='ocrx_word' id='word_1_1780' title='bbox 767 3253 864 3288; x_wconf 72' lang='lat' dir='ltr'>lapidea</span> <span class='ocrx_word' id='word_1_1781' title='bbox 883 3259 907 3279; x_wconf 77' lang='lat' dir='ltr'>et</span> <span class='ocrx_word' id='word_1_1782' title='bbox 923 3255 976 3289; x_wconf 76' lang='lat' dir='ltr'>ipJa</span> <span class='ocrx_word' id='word_1_1783' title='bbox 988 3255 1076 3289; x_wconf 73' lang='lat' dir='ltr'>forte,</span> <span class='ocrx_word' id='word_1_1784' title='bbox 1090 3254 1183 3291; x_wconf 77' lang='lat' dir='ltr'>stagno</span> <span class='ocrx_word' id='word_1_1785' title='bbox 1203 3255 1323 3291; x_wconf 76' lang='lat' dir='ltr'>impostm,</span> 
     </span>
     <span class='ocr_line' id='line_1_196' title="bbox 281 3287 1323 3328; baseline -0.001 -9"><span class='ocrx_word' id='word_1_1786' title='bbox 281 3303 340 3328; x_wconf 81' lang='lat' dir='ltr'>quae</span> <span class='ocrx_word' id='word_1_1787' title='bbox 352 3288 600 3328; x_wconf 67' lang='lat' dir='ltr'>fitilinetstibadium</span> <span class='ocrx_word' id='word_1_1788' title='bbox 617 3296 638 3315; x_wconf 84' lang='lat' dir='ltr'>et</span> <span class='ocrx_word' id='word_1_1789' title='bbox 651 3291 772 3315; x_wconf 78' lang='lat' dir='ltr'>columnas</span> <span class='ocrx_word' id='word_1_1790' title='bbox 786 3287 921 3323; x_wconf 69' lang='lat' dir='ltr'>impositas.</span> <span class='ocrx_word' id='word_1_1791' title='bbox 963 3290 1067 3316; x_wconf 59' lang='lat' dir='ltr'>Vidi-tur</span> <span class='ocrx_word' id='word_1_1792' title='bbox 1080 3294 1235 3318; x_wconf 79' lang='lat' dir='ltr'>eminentiam</span> <span class='ocrx_word' id='word_1_1793' title='bbox 1241 3291 1323 3327; x_wconf 69' lang='lat' dir='ltr'>signi-</span> 
     </span>
     <span class='ocr_line' id='line_1_197' title="bbox 274 3323 1124 3364; baseline -0.005 -9"><span class='ocrx_word' id='word_1_1794' title='bbox 274 3329 355 3364; x_wconf 80' lang='lat' dir='ltr'>ficare</span> <span class='ocrx_word' id='word_1_1795' title='bbox 373 3338 401 3354; x_wconf 79' lang='lat' dir='ltr'>rx</span> <span class='ocrx_word' id='word_1_1796' title='bbox 415 3329 512 3354; x_wconf 84' lang='lat' dir='ltr'>notione</span> <span class='ocrx_word' id='word_1_1797' title='bbox 526 3328 633 3352; x_wconf 86' lang='lat' dir='ltr'>nominis</span> <span class='ocrx_word' id='word_1_1798' title='bbox 647 3323 733 3350; x_wconf 88' lang='lat' dir='ltr'>Falae.</span> <span class='ocrx_word' id='word_1_1799' title='bbox 773 3325 830 3350; x_wconf 83' lang='lat' dir='ltr'>Vid.</span> <span class='ocrx_word' id='word_1_1800' title='bbox 845 3333 903 3359; x_wconf 86' lang='lat' dir='ltr'>quos</span> <span class='ocrx_word' id='word_1_1801' title='bbox 917 3323 953 3349; x_wconf 85' lang='lat' dir='ltr'>ibi</span> <span class='ocrx_word' id='word_1_1802' title='bbox 964 3326 1124 3353; x_wconf 71' lang='lat' dir='ltr'>Iauiiuuimus.</span> 
     </span>
    </p>

    <p class='ocr_par' dir='ltr' id='par_1_71' title="bbox 276 3359 1323 3495">
     <span class='ocr_line' id='line_1_198' title="bbox 319 3359 1323 3397; baseline -0.002 -8"><span class='ocrx_word' id='word_1_1803' title='bbox 319 3371 333 3389; x_wconf 75' lang='lat' dir='ltr'>F</span> <span class='ocrx_word' id='word_1_1804' title='bbox 345 3371 365 3389; x_wconf 85' lang='grc' dir='ltr'>Α</span> <span class='ocrx_word' id='word_1_1805' title='bbox 375 3370 389 3388; x_wconf 83' lang='lat' dir='ltr'>l.</span> <span class='ocrx_word' id='word_1_1806' title='bbox 400 3370 416 3389; x_wconf 81' lang='lat' dir='ltr'>E</span> <span class='ocrx_word' id='word_1_1807' title='bbox 427 3369 443 3388; x_wconf 80' lang='lat' dir='ltr'>R</span> <span class='ocrx_word' id='word_1_1808' title='bbox 455 3369 462 3387; x_wconf 88' lang='lat' dir='ltr'>l</span> <span class='ocrx_word' id='word_1_1809' title='bbox 474 3370 482 3388; x_wconf 91' lang='lat'>1</span> <span class='ocrx_word' id='word_1_1810' title='bbox 493 3383 500 3394; x_wconf 85' lang='lat'>,</span> <span class='ocrx_word' id='word_1_1811' title='bbox 520 3370 606 3387; x_wconf 89' lang='lat' dir='ltr'>orum.</span> <span class='ocrx_word' id='word_1_1812' title='bbox 634 3360 786 3394; x_wconf 67' lang='grc' dir='ltr'><strong>[Φαλέριον]</strong></span> <span class='ocrx_word' id='word_1_1813' title='bbox 821 3359 944 3394; x_wconf 76' lang='lat' dir='ltr'>Oppidum</span> <span class='ocrx_word' id='word_1_1814' title='bbox 951 3361 1008 3395; x_wconf 77' lang='lat' dir='ltr'>juit</span> <span class='ocrx_word' id='word_1_1815' title='bbox 1020 3361 1166 3397; x_wconf 73' lang='lat' dir='ltr'>Faliscorum</span> <span class='ocrx_word' id='word_1_1816' title='bbox 1180 3364 1206 3386; x_wconf 87' lang='lat' dir='ltr'>in</span> <span class='ocrx_word' id='word_1_1817' title='bbox 1217 3362 1323 3396; x_wconf 83' lang='lat' dir='ltr'>Tusciae</span> 
     </span>
     <span class='ocr_line' id='line_1_199' title="bbox 281 3394 1072 3429; baseline -0.006 -5"><span class='ocrx_word' id='word_1_1818' title='bbox 281 3399 474 3425; x_wconf 62' lang='lat' dir='ltr'>mediterraneis.</span> <span class='ocrx_word' id='word_1_1819' title='bbox 510 3396 597 3423; x_wconf 80' lang='lat' dir='ltr'>Festus</span> <span class='ocrx_word' id='word_1_1820' title='bbox 606 3416 614 3428; x_wconf 92' lang='lat'>,</span> <span class='ocrx_word' id='word_1_1821' title='bbox 634 3395 720 3422; x_wconf 89' lang='lat' dir='ltr'>Faleri</span> <span class='ocrx_word' id='word_1_1822' title='bbox 732 3394 860 3429; x_wconf 85' lang='lat' dir='ltr'>oppidum</span> <span class='ocrx_word' id='word_1_1823' title='bbox 873 3403 888 3420; x_wconf 88' lang='grc'>3</span> <span class='ocrx_word' id='word_1_1824' title='bbox 901 3394 952 3421; x_wconf 87' lang='lat' dir='ltr'>sale</span> <span class='ocrx_word' id='word_1_1825' title='bbox 964 3395 1072 3423; x_wconf 51' lang='lat' dir='ltr'>diesuna.</span> 
     </span>
     <span class='ocr_line' id='line_1_200' title="bbox 276 3429 1323 3469; baseline -0.002 -10"><span class='ocrx_word' id='word_1_1826' title='bbox 276 3435 383 3469; x_wconf 63' lang='lat' dir='ltr'>sulvat,</span> <span class='ocrx_word' id='word_1_1827' title='bbox 401 3434 431 3459; x_wconf 83' lang='lat' dir='ltr'>ab</span> <span class='ocrx_word' id='word_1_1828' title='bbox 445 3431 506 3466; x_wconf 72' lang='grc' dir='ltr'>οἳλς,</span> <span class='ocrx_word' id='word_1_1829' title='bbox 525 3435 569 3468; x_wconf 87' lang='lat' dir='ltr'>qui</span> <span class='ocrx_word' id='word_1_1830' title='bbox 582 3432 626 3459; x_wconf 86' lang='lat' dir='ltr'>Sal</span> <span class='ocrx_word' id='word_1_1831' title='bbox 638 3429 680 3464; x_wconf 79' lang='lat' dir='ltr'>est.</span> <span class='ocrx_word' id='word_1_1832' title='bbox 723 3430 780 3457; x_wconf 82' lang='lat' dir='ltr'>Vid.</span> <span class='ocrx_word' id='word_1_1833' title='bbox 800 3436 933 3457; x_wconf 69' lang='lat' dir='ltr'>FALISCI.</span> <span class='ocrx_word' id='word_1_1834' title='bbox 1005 3431 1124 3458; x_wconf 84' lang='lat' dir='ltr'>Falerina</span> <span class='ocrx_word' id='word_1_1835' title='bbox 1145 3430 1246 3463; x_wconf 87' lang='lat' dir='ltr'>tribus,</span> <span class='ocrx_word' id='word_1_1836' title='bbox 1271 3432 1323 3457; x_wconf 82' lang='lat' dir='ltr'>vid.</span> 
     </span>
     <span class='ocr_line' id='line_1_201' title="bbox 282 3475 432 3495; baseline -0.013 0"><span class='ocrx_word' id='word_1_1837' title='bbox 282 3476 303 3495; x_wconf 73' lang='lat' dir='ltr'>‘r</span> <span class='ocrx_word' id='word_1_1838' title='bbox 312 3476 330 3494; x_wconf 81' lang='lat' dir='ltr'>R</span> <span class='ocrx_word' id='word_1_1839' title='bbox 340 3476 347 3493; x_wconf 90' lang='lat'>1</span> <span class='ocrx_word' id='word_1_1840' title='bbox 359 3475 374 3494; x_wconf 78' lang='grc' dir='ltr'>Β</span> <span class='ocrx_word' id='word_1_1841' title='bbox 383 3476 401 3493; x_wconf 72' lang='lat' dir='ltr'>v</span> <span class='ocrx_word' id='word_1_1842' title='bbox 411 3476 432 3494; x_wconf 84' lang='lat' dir='ltr'>s.</span> 
     </span>
    </p>

    <p class='ocr_par' dir='ltr' id='par_1_72' title="bbox 277 3500 1323 3958">
     <span class='ocr_line' id='line_1_202' title="bbox 323 3500 1323 3536; baseline -0.002 -7"><span class='ocrx_word' id='word_1_1843' title='bbox 323 3509 497 3534; x_wconf 71' lang='lat' dir='ltr'>FALFRNVS,</span> <span class='ocrx_word' id='word_1_1844' title='bbox 517 3512 540 3533; x_wconf 89' lang='lat' dir='ltr'>a,</span> <span class='ocrx_word' id='word_1_1845' title='bbox 564 3511 618 3529; x_wconf 86' lang='lat' dir='ltr'>um.</span> <span class='ocrx_word' id='word_1_1846' title='bbox 648 3501 708 3528; x_wconf 83' lang='lat' dir='ltr'>Adi.</span> <span class='ocrx_word' id='word_1_1847' title='bbox 743 3500 868 3527; x_wconf 89' lang='lat' dir='ltr'>Falernus</span> <span class='ocrx_word' id='word_1_1848' title='bbox 880 3508 950 3534; x_wconf 80' lang='lat' dir='ltr'>ager,</span> <span class='ocrx_word' id='word_1_1849' title='bbox 965 3509 979 3527; x_wconf 87' lang='lat' dir='ltr'>a</span> <span class='ocrx_word' id='word_1_1850' title='bbox 993 3507 1072 3536; x_wconf 84' lang='lat' dir='ltr'>ponte</span> <span class='ocrx_word' id='word_1_1851' title='bbox 1080 3503 1214 3535; x_wconf 84' lang='lat' dir='ltr'>Campano</span> <span class='ocrx_word' id='word_1_1852' title='bbox 1229 3501 1323 3536; x_wconf 84' lang='lat' dir='ltr'>incipit</span> 
     </span>
     <span class='ocr_line' id='line_1_203' title="bbox 286 3535 1321 3571; baseline 0.001 -8"><span class='ocrx_word' id='word_1_1853' title='bbox 286 3537 359 3563; x_wconf 90' lang='lat' dir='ltr'>laeua</span> <span class='ocrx_word' id='word_1_1854' title='bbox 379 3538 525 3571; x_wconf 86' lang='lat' dir='ltr'>petentibus</span> <span class='ocrx_word' id='word_1_1855' title='bbox 543 3538 670 3564; x_wconf 86' lang='lat' dir='ltr'>vrbanam</span> <span class='ocrx_word' id='word_1_1856' title='bbox 690 3536 821 3563; x_wconf 89' lang='lat' dir='ltr'>coloniam</span> <span class='ocrx_word' id='word_1_1857' title='bbox 837 3535 984 3569; x_wconf 86' lang='lat' dir='ltr'>Sullanam,</span> <span class='ocrx_word' id='word_1_1858' title='bbox 1004 3543 1079 3563; x_wconf 87' lang='lat' dir='ltr'>antea</span> <span class='ocrx_word' id='word_1_1859' title='bbox 1099 3538 1205 3571; x_wconf 90' lang='lat' dir='ltr'>Capuae</span> <span class='ocrx_word' id='word_1_1860' title='bbox 1226 3538 1321 3564; x_wconf 86' lang='lat' dir='ltr'>contri-</span> 
     </span>
     <span class='ocr_line' id='line_1_204' title="bbox 285 3572 714 3605; baseline -0.002 -6"><span class='ocrx_word' id='word_1_1861' title='bbox 285 3572 385 3599; x_wconf 82' lang='lat' dir='ltr'>butam.</span> <span class='ocrx_word' id='word_1_1862' title='bbox 424 3573 570 3605; x_wconf 82' lang='lat' dir='ltr'>Pliu.14‚6.</span> <span class='ocrx_word' id='word_1_1863' title='bbox 607 3572 645 3599; x_wconf 85' lang='lat' dir='ltr'>Id.</span> <span class='ocrx_word' id='word_1_1864' title='bbox 658 3581 681 3605; x_wconf 87' lang='grc'>3,</span> <span class='ocrx_word' id='word_1_1865' title='bbox 693 3581 714 3605; x_wconf 89' lang='grc'>5.</span> 
     </span>
     <span class='ocr_line' id='line_1_205' title="bbox 284 3606 1321 3642; baseline 0.001 -8"><span class='ocrx_word' id='word_1_1866' title='bbox 284 3608 365 3634; x_wconf 86' lang='lat' dir='ltr'>lentia</span> <span class='ocrx_word' id='word_1_1867' title='bbox 378 3607 481 3633; x_wconf 82' lang='lat' dir='ltr'>nobiles</span> <span class='ocrx_word' id='word_1_1868' title='bbox 497 3608 580 3639; x_wconf 80' lang='lat' dir='ltr'>succo,</span> <span class='ocrx_word' id='word_1_1869' title='bbox 594 3618 638 3642; x_wconf 80' lang='lat' dir='ltr'>per</span> <span class='ocrx_word' id='word_1_1870' title='bbox 651 3616 741 3634; x_wconf 83' lang='lat' dir='ltr'>omnes</span> <span class='ocrx_word' id='word_1_1871' title='bbox 754 3613 835 3634; x_wconf 84' lang='lat' dir='ltr'>terras</span> <span class='ocrx_word' id='word_1_1872' title='bbox 849 3606 958 3638; x_wconf 90' lang='lat' dir='ltr'>inclito,</span> <span class='ocrx_word' id='word_1_1873' title='bbox 973 3614 1051 3642; x_wconf 88' lang='lat' dir='ltr'>atque</span> <span class='ocrx_word' id='word_1_1874' title='bbox 1065 3615 1093 3634; x_wconf 94' lang='lat' dir='ltr'>vt</span> <span class='ocrx_word' id='word_1_1875' title='bbox 1107 3614 1207 3634; x_wconf 83' lang='lat' dir='ltr'>veteres</span> <span class='ocrx_word' id='word_1_1876' title='bbox 1221 3608 1321 3641; x_wconf 86' lang='lat' dir='ltr'>dixere,</span> 
     </span>
     <span class='ocr_line' id='line_1_206' title="bbox 285 3642 1321 3680; baseline 0 -10"><span class='ocrx_word' id='word_1_1877' title='bbox 285 3644 414 3670; x_wconf 85' lang='lat' dir='ltr'>summum</span> <span class='ocrx_word' id='word_1_1878' title='bbox 428 3642 519 3667; x_wconf 88' lang='lat' dir='ltr'>Liberi</span> <span class='ocrx_word' id='word_1_1879' title='bbox 534 3643 612 3675; x_wconf 82' lang='lat' dir='ltr'>patris</span> <span class='ocrx_word' id='word_1_1880' title='bbox 626 3652 684 3669; x_wconf 89' lang='lat' dir='ltr'>cum</span> <span class='ocrx_word' id='word_1_1881' title='bbox 698 3644 795 3670; x_wconf 87' lang='lat' dir='ltr'>Cerere</span> <span class='ocrx_word' id='word_1_1882' title='bbox 810 3647 948 3668; x_wconf 87' lang='lat' dir='ltr'>certamen.</span> <span class='ocrx_word' id='word_1_1883' title='bbox 986 3644 1078 3678; x_wconf 74' lang='lat' dir='ltr'>Rurfiis</span> <span class='ocrx_word' id='word_1_1884' title='bbox 1098 3653 1141 3676; x_wconf 80' lang='lat'>¹4·</span> <span class='ocrx_word' id='word_1_1885' title='bbox 1159 3646 1173 3668; x_wconf 83' lang='grc'>6</span> <span class='ocrx_word' id='word_1_1886' title='bbox 1201 3644 1321 3680; x_wconf 69' lang='lat' dir='ltr'>obstruat,</span> 
     </span>
     <span class='ocr_line' id='line_1_207' title="bbox 286 3676 1318 3712; baseline 0.001 -7"><span class='ocrx_word' id='word_1_1887' title='bbox 286 3678 399 3705; x_wconf 80' lang='lat' dir='ltr'>Summis</span> <span class='ocrx_word' id='word_1_1888' title='bbox 418 3676 530 3702; x_wconf 89' lang='lat' dir='ltr'>collibus</span> <span class='ocrx_word' id='word_1_1889' title='bbox 544 3677 693 3704; x_wconf 87' lang='lat' dir='ltr'>Gauranum</span> <span class='ocrx_word' id='word_1_1890' title='bbox 711 3679 783 3712; x_wconf 81' lang='lat' dir='ltr'>gigni</span> <span class='ocrx_word' id='word_1_1891' title='bbox 804 3678 913 3710; x_wconf 89' lang='lat' dir='ltr'>viuum,</span> <span class='ocrx_word' id='word_1_1892' title='bbox 938 3678 1033 3704; x_wconf 87' lang='lat' dir='ltr'>mediis</span> <span class='ocrx_word' id='word_1_1893' title='bbox 1052 3679 1236 3711; x_wconf 78' lang='lat' dir='ltr'>Faustianum,</span> <span class='ocrx_word' id='word_1_1894' title='bbox 1258 3680 1318 3706; x_wconf 86' lang='lat' dir='ltr'>imis</span> 
     </span>
     <span class='ocr_line' id='line_1_208' title="bbox 283 3712 1318 3749; baseline -0.001 -7"><span class='ocrx_word' id='word_1_1895' title='bbox 283 3712 434 3742; x_wconf 82' lang='lat' dir='ltr'>Falernum.</span> <span class='ocrx_word' id='word_1_1896' title='bbox 473 3712 554 3738; x_wconf 77' lang='lat' dir='ltr'>Paullo</span> <span class='ocrx_word' id='word_1_1897' title='bbox 565 3719 620 3737; x_wconf 77' lang='lat' dir='ltr'>onte</span> <span class='ocrx_word' id='word_1_1898' title='bbox 635 3712 741 3745; x_wconf 78' lang='lat' dir='ltr'>dixerat,</span> <span class='ocrx_word' id='word_1_1899' title='bbox 755 3713 869 3740; x_wconf 84' lang='lat' dir='ltr'>Secunda</span> <span class='ocrx_word' id='word_1_1900' title='bbox 882 3712 1007 3740; x_wconf 83' lang='lat' dir='ltr'>nobilitas</span> <span class='ocrx_word' id='word_1_1901' title='bbox 1016 3714 1127 3741; x_wconf 85' lang='lat' dir='ltr'>Falerno</span> <span class='ocrx_word' id='word_1_1902' title='bbox 1140 3723 1203 3749; x_wconf 83' lang='lat' dir='ltr'>agro</span> <span class='ocrx_word' id='word_1_1903' title='bbox 1217 3722 1282 3747; x_wconf 85' lang='lat' dir='ltr'>erat,</span> <span class='ocrx_word' id='word_1_1904' title='bbox 1293 3721 1318 3742; x_wconf 88' lang='lat' dir='ltr'>et</span> 
     </span>
     <span class='ocr_line' id='line_1_209' title="bbox 285 3746 1051 3782; baseline -0.001 -5"><span class='ocrx_word' id='word_1_1905' title='bbox 285 3759 316 3777; x_wconf 87' lang='lat' dir='ltr'>ex</span> <span class='ocrx_word' id='word_1_1906' title='bbox 337 3758 369 3776; x_wconf 87' lang='lat' dir='ltr'>eo</span> <span class='ocrx_word' id='word_1_1907' title='bbox 387 3747 502 3775; x_wconf 83' lang='lat' dir='ltr'>maxima</span> <span class='ocrx_word' id='word_1_1908' title='bbox 520 3746 668 3773; x_wconf 81' lang='lat' dir='ltr'>Faustiano.</span> <span class='ocrx_word' id='word_1_1909' title='bbox 722 3749 788 3774; x_wconf 74' lang='lat' dir='ltr'>Add.</span> <span class='ocrx_word' id='word_1_1910' title='bbox 804 3749 911 3775; x_wconf 90' lang='lat' dir='ltr'>Tibull.</span> <span class='ocrx_word' id='word_1_1911' title='bbox 932 3758 951 3781; x_wconf 96' lang='grc'>1,</span> <span class='ocrx_word' id='word_1_1912' title='bbox 970 3757 995 3782; x_wconf 87' lang='lat'>9,</span> <span class='ocrx_word' id='word_1_1913' title='bbox 1009 3758 1051 3782; x_wconf 88' lang='grc'>34.</span> 
     </span>
     <span class='ocr_line' id='line_1_210' title="bbox 283 3782 1082 3819; baseline -0.001 -8"><span class='ocrx_word' id='word_1_1914' title='bbox 283 3787 384 3813; x_wconf 84' lang='lat' dir='ltr'>Saturn.</span> <span class='ocrx_word' id='word_1_1915' title='bbox 398 3792 420 3815; x_wconf 86' lang='grc'>3,</span> <span class='ocrx_word' id='word_1_1916' title='bbox 434 3785 470 3808; x_wconf 92' lang='grc'>16.</span> <span class='ocrx_word' id='word_1_1917' title='bbox 539 3782 628 3808; x_wconf 86' lang='lat' dir='ltr'>Cellae</span> <span class='ocrx_word' id='word_1_1918' title='bbox 642 3782 763 3809; x_wconf 78' lang='lat' dir='ltr'>Falernae</span> <span class='ocrx_word' id='word_1_1919' title='bbox 777 3785 874 3818; x_wconf 89' lang='lat' dir='ltr'>Virgil.</span> <span class='ocrx_word' id='word_1_1920' title='bbox 889 3785 986 3819; x_wconf 86' lang='lat' dir='ltr'>Georg.</span> <span class='ocrx_word' id='word_1_1921' title='bbox 1000 3793 1024 3816; x_wconf 86' lang='lat'>2,</span> <span class='ocrx_word' id='word_1_1922' title='bbox 1040 3787 1082 3817; x_wconf 88' lang='lat'>96.</span> 
     </span>
     <span class='ocr_line' id='line_1_211' title="bbox 283 3817 902 3852; baseline 0 -9"><span class='ocrx_word' id='word_1_1923' title='bbox 283 3821 344 3848; x_wconf 80' lang='lat' dir='ltr'>bon,</span> <span class='ocrx_word' id='word_1_1924' title='bbox 362 3829 399 3850; x_wconf 68' lang='lat'>30,</span> <span class='ocrx_word' id='word_1_1925' title='bbox 414 3826 457 3851; x_wconf 86' lang='lat'>49.</span> <span class='ocrx_word' id='word_1_1926' title='bbox 527 3817 596 3842; x_wconf 88' lang='lat' dir='ltr'>Vina</span> <span class='ocrx_word' id='word_1_1927' title='bbox 616 3818 681 3843; x_wconf 88' lang='lat' dir='ltr'>Hor.</span> <span class='ocrx_word' id='word_1_1928' title='bbox 694 3819 774 3844; x_wconf 83' lang='lat' dir='ltr'>Serm.</span> <span class='ocrx_word' id='word_1_1929' title='bbox 789 3827 811 3851; x_wconf 86' lang='lat'>2,</span> <span class='ocrx_word' id='word_1_1930' title='bbox 824 3828 852 3851; x_wconf 83' lang='lat'>4,</span> <span class='ocrx_word' id='word_1_1931' title='bbox 866 3828 902 3852; x_wconf 81' lang='grc'>55,</span> 
     </span>
     <span class='ocr_line' id='line_1_212' title="bbox 281 3851 1318 3890; baseline 0 -7"><span class='ocrx_word' id='word_1_1932' title='bbox 281 3858 383 3883; x_wconf 87' lang='lat' dir='ltr'>Genera</span> <span class='ocrx_word' id='word_1_1933' title='bbox 396 3855 453 3880; x_wconf 70' lang='lat' dir='ltr'>sumt</span> <span class='ocrx_word' id='word_1_1934' title='bbox 465 3851 540 3884; x_wconf 78' lang='lat' dir='ltr'>vini,</span> <span class='ocrx_word' id='word_1_1935' title='bbox 557 3852 585 3878; x_wconf 92' lang='lat' dir='ltr'>in</span> <span class='ocrx_word' id='word_1_1936' title='bbox 598 3860 652 3886; x_wconf 91' lang='lat' dir='ltr'>quo</span> <span class='ocrx_word' id='word_1_1937' title='bbox 667 3853 791 3884; x_wconf 84' lang='lat' dir='ltr'>Falerna,</span> <span class='ocrx_word' id='word_1_1938' title='bbox 812 3863 877 3887; x_wconf 85' lang='lat' dir='ltr'>quae</span> <span class='ocrx_word' id='word_1_1939' title='bbox 897 3862 995 3889; x_wconf 85' lang='lat' dir='ltr'>quanto</span> <span class='ocrx_word' id='word_1_1940' title='bbox 1014 3856 1101 3890; x_wconf 86' lang='lat' dir='ltr'>plures</span> <span class='ocrx_word' id='word_1_1941' title='bbox 1118 3865 1198 3882; x_wconf 87' lang='lat' dir='ltr'>annos</span> <span class='ocrx_word' id='word_1_1942' title='bbox 1212 3857 1318 3883; x_wconf 87' lang='lat' dir='ltr'>condita</span> 
     </span>
     <span class='ocr_line' id='line_1_213' title="bbox 280 3889 1316 3921; baseline 0 -3"><span class='ocrx_word' id='word_1_1943' title='bbox 280 3892 444 3921; x_wconf 85' lang='lat' dir='ltr'>habuerunt,</span> <span class='ocrx_word' id='word_1_1944' title='bbox 462 3893 535 3914; x_wconf 88' lang='lat' dir='ltr'>tanto</span> <span class='ocrx_word' id='word_1_1945' title='bbox 553 3895 613 3913; x_wconf 90' lang='lat' dir='ltr'>cum</span> <span class='ocrx_word' id='word_1_1946' title='bbox 632 3894 751 3920; x_wconf 87' lang='lat' dir='ltr'>promta,</span> <span class='ocrx_word' id='word_1_1947' title='bbox 775 3889 832 3914; x_wconf 87' lang='lat' dir='ltr'>sunt</span> <span class='ocrx_word' id='word_1_1948' title='bbox 851 3890 1035 3918; x_wconf 57' lang='lat' dir='ltr'>fructuosiora.</span> <span class='ocrx_word' id='word_1_1949' title='bbox 1128 3892 1202 3918; x_wconf 87' lang='lat' dir='ltr'>Vites</span> <span class='ocrx_word' id='word_1_1950' title='bbox 1221 3893 1316 3918; x_wconf 86' lang='lat' dir='ltr'>Horat.</span> 
     </span>
     <span class='ocr_line' id='line_1_214' title="bbox 277 3922 977 3958; baseline -0.003 -4"><span class='ocrx_word' id='word_1_1951' title='bbox 277 3929 367 3954; x_wconf 65' lang='lat' dir='ltr'>Carni.</span> <span class='ocrx_word' id='word_1_1952' title='bbox 384 3934 405 3957; x_wconf 90' lang='grc'>1,</span> <span class='ocrx_word' id='word_1_1953' title='bbox 420 3933 462 3955; x_wconf 86' lang='lat'>20,</span> <span class='ocrx_word' id='word_1_1954' title='bbox 477 3931 513 3949; x_wconf 79' lang='lat'>10.</span> <span class='ocrx_word' id='word_1_1955' title='bbox 583 3922 656 3949; x_wconf 88' lang='lat' dir='ltr'>Vuae</span> <span class='ocrx_word' id='word_1_1956' title='bbox 676 3922 747 3949; x_wconf 86' lang='lat' dir='ltr'>Idem</span> <span class='ocrx_word' id='word_1_1957' title='bbox 761 3923 847 3951; x_wconf 79' lang='lat' dir='ltr'>Carni.</span> <span class='ocrx_word' id='word_1_1958' title='bbox 863 3933 888 3955; x_wconf 89' lang='lat'>2,</span> <span class='ocrx_word' id='word_1_1959' title='bbox 901 3928 927 3957; x_wconf 84' lang='lat'>6,</span> <span class='ocrx_word' id='word_1_1960' title='bbox 942 3935 977 3958; x_wconf 89' lang='lat'>¹9·</span> 
     </span>
    </p>
   </div>
   <div class='ocr_carea' id='block_1_62' title="bbox 972 3786 1319 3854">
    <p class='ocr_par' dir='ltr' id='par_1_73' title="bbox 972 3786 1319 3854">
     <span class='ocr_line' id='line_1_215' title="bbox 1136 3786 1319 3813; baseline 0.011 -2"><span class='ocrx_word' id='word_1_1961' title='bbox 1136 3786 1237 3811; x_wconf 90' lang='lat' dir='ltr'>Vinum</span> <span class='ocrx_word' id='word_1_1962' title='bbox 1253 3786 1319 3813; x_wconf 85' lang='lat' dir='ltr'>Scri-</span> 
     </span>
     <span class='ocr_line' id='line_1_216' title="bbox 972 3821 1318 3854; baseline 0.006 -8"><span class='ocrx_word' id='word_1_1963' title='bbox 972 3821 1058 3846; x_wconf 86' lang='lat' dir='ltr'>Varro</span> <span class='ocrx_word' id='word_1_1964' title='bbox 1077 3821 1108 3847; x_wconf 90' lang='lat' dir='ltr'>R.</span> <span class='ocrx_word' id='word_1_1965' title='bbox 1123 3821 1154 3846; x_wconf 88' lang='lat' dir='ltr'>R.</span> <span class='ocrx_word' id='word_1_1966' title='bbox 1171 3829 1189 3851; x_wconf 85' lang='lat'>1,</span> <span class='ocrx_word' id='word_1_1967' title='bbox 1203 3824 1233 3854; x_wconf 87' lang='grc'>65</span> <span class='ocrx_word' id='word_1_1968' title='bbox 1254 3828 1318 3848; x_wconf 73' lang='lat' dir='ltr'>extr.</span> 
     </span>
    </p>
   </div>
   <div class='ocr_carea' id='block_1_63' title="bbox 645 3215 2420 3253">
    <p class='ocr_par' dir='ltr' id='par_1_74' title="bbox 645 3215 2420 3253">
     <span class='ocr_line' id='line_1_217' title="bbox 645 3215 2420 3253; baseline 0.001 -10"><span class='ocrx_word' id='word_1_1969' title='bbox 645 3219 753 3245; x_wconf 85' lang='lat' dir='ltr'>Circum</span> <span class='ocrx_word' id='word_1_1970' title='bbox 772 3217 854 3244; x_wconf 85' lang='lat' dir='ltr'>falere</span> <span class='ocrx_word' id='word_1_1971' title='bbox 873 3224 897 3243; x_wconf 93' lang='lat' dir='ltr'>et</span> <span class='ocrx_word' id='word_1_1972' title='bbox 913 3219 1030 3245; x_wconf 77' lang='lat' dir='ltr'>natatilia</span> <span class='ocrx_word' id='word_1_1973' title='bbox 1045 3221 1104 3246; x_wconf 83' lang='lat' dir='ltr'>sunt</span> <span class='ocrx_word' id='word_1_1974' title='bbox 1122 3226 1245 3246; x_wconf 73' lang='lat' dir='ltr'>excauata</span> <span class='ocrx_word' id='word_1_1975' title='bbox 1264 3229 1323 3246; x_wconf 74' lang='lat' dir='ltr'>ana.</span> <span class='ocrx_word' id='word_1_1976' title='bbox 1339 3219 1368 3248; x_wconf 74' lang='lat'>85</span> <span class='ocrx_word' id='word_1_1977' title='bbox 1383 3217 1520 3249; x_wconf 86' lang='lat' dir='ltr'>nebimus,</span> <span class='ocrx_word' id='word_1_1978' title='bbox 1542 3226 1626 3252; x_wconf 87' lang='lat' dir='ltr'>neque</span> <span class='ocrx_word' id='word_1_1979' title='bbox 1645 3223 1720 3244; x_wconf 89' lang='lat' dir='ltr'>tuum</span> <span class='ocrx_word' id='word_1_1980' title='bbox 1734 3216 1863 3243; x_wconf 88' lang='lat' dir='ltr'>Iudicium</span> <span class='ocrx_word' id='word_1_1981' title='bbox 1878 3215 2015 3247; x_wconf 80' lang='lat' dir='ltr'>saliemus,</span> <span class='ocrx_word' id='word_1_1982' title='bbox 2035 3215 2096 3242; x_wconf 88' lang='lat' dir='ltr'>dum</span> <span class='ocrx_word' id='word_1_1983' title='bbox 2110 3216 2211 3251; x_wconf 89' lang='lat' dir='ltr'>reliqui</span> <span class='ocrx_word' id='word_1_1984' title='bbox 2225 3217 2420 3253; x_wconf 67' lang='lat' dir='ltr'>subsequantur.</span> 
     </span>
    </p>
   </div>
   <div class='ocr_carea' id='block_1_64' title="bbox 1112 3395 1602 3430">
    <p class='ocr_par' dir='ltr' id='par_1_75' title="bbox 1112 3395 1602 3430">
     <span class='ocr_line' id='line_1_218' title="bbox 1112 3395 1602 3430; baseline -0.004 -8"><span class='ocrx_word' id='word_1_1985' title='bbox 1112 3397 1204 3430; x_wconf 75' lang='lat' dir='ltr'>Nempe</span> <span class='ocrx_word' id='word_1_1986' title='bbox 1217 3397 1321 3422; x_wconf 67' lang='lat' dir='ltr'>Haterii</span> <span class='ocrx_word' id='word_1_1987' title='bbox 1338 3402 1374 3426; x_wconf 90' lang='lat'>90</span> <span class='ocrx_word' id='word_1_1988' title='bbox 1382 3396 1486 3429; x_wconf 88' lang='lat' dir='ltr'>perium</span> <span class='ocrx_word' id='word_1_1989' title='bbox 1501 3395 1602 3421; x_wconf 86' lang='lat' dir='ltr'>fallere.</span> 
     </span>
    </p>
   </div>
   <div class='ocr_carea' id='block_1_65' title="bbox 763 3569 1789 3607">
    <p class='ocr_par' dir='ltr' id='par_1_76' title="bbox 763 3569 1789 3607">
     <span class='ocr_line' id='line_1_219' title="bbox 763 3569 1789 3607; baseline 0.001 -9"><span class='ocrx_word' id='word_1_1990' title='bbox 763 3571 819 3598; x_wconf 85' lang='lat' dir='ltr'>Illic</span> <span class='ocrx_word' id='word_1_1991' title='bbox 826 3571 938 3597; x_wconf 86' lang='lat' dir='ltr'>Vitiferi</span> <span class='ocrx_word' id='word_1_1992' title='bbox 952 3573 1034 3598; x_wconf 85' lang='lat' dir='ltr'>colles</span> <span class='ocrx_word' id='word_1_1993' title='bbox 1047 3573 1188 3607; x_wconf 85' lang='lat' dir='ltr'>incipiunt,</span> <span class='ocrx_word' id='word_1_1994' title='bbox 1202 3579 1227 3598; x_wconf 83' lang='lat' dir='ltr'>et</span> <span class='ocrx_word' id='word_1_1995' title='bbox 1240 3579 1321 3599; x_wconf 75' lang='lat' dir='ltr'>temu-</span> <span class='ocrx_word' id='word_1_1996' title='bbox 1341 3576 1373 3601; x_wconf 77' lang='lat'>95</span> <span class='ocrx_word' id='word_1_1997' title='bbox 1383 3569 1479 3596; x_wconf 63' lang='lat' dir='ltr'>fefellit</span> <span class='ocrx_word' id='word_1_1998' title='bbox 1496 3570 1563 3596; x_wconf 70' lang='lat' dir='ltr'>Ter·</span> <span class='ocrx_word' id='word_1_1999' title='bbox 1580 3571 1673 3595; x_wconf 66' lang='lat' dir='ltr'>Heau¹⁵·</span> <span class='ocrx_word' id='word_1_2000' title='bbox 1688 3578 1714 3602; x_wconf 77' lang='lat'>4,</span> <span class='ocrx_word' id='word_1_2001' title='bbox 1728 3578 1750 3601; x_wconf 76' lang='lat'>3,</span> <span class='ocrx_word' id='word_1_2002' title='bbox 1763 3578 1789 3602; x_wconf 85' lang='lat'>4·</span> 
     </span>
    </p>
   </div>
   <div class='ocr_carea' id='block_1_66' title="bbox 1106 3746 1684 3785">
    <p class='ocr_par' dir='ltr' id='par_1_77' title="bbox 1106 3746 1684 3785">
     <span class='ocr_line' id='line_1_220' title="bbox 1106 3746 1684 3785; baseline -0.005 -11"><span class='ocrx_word' id='word_1_2003' title='bbox 1106 3750 1180 3785; x_wconf 74' lang='lat' dir='ltr'>Conf.</span> <span class='ocrx_word' id='word_1_2004' title='bbox 1198 3751 1317 3777; x_wconf 67' lang='lat' dir='ltr'>Mam-ob.</span> <span class='ocrx_word' id='word_1_2005' title='bbox 1326 3755 1372 3773; x_wconf 85' lang='lat'>100</span> <span class='ocrx_word' id='word_1_2006' title='bbox 1380 3747 1422 3774; x_wconf 92' lang='lat' dir='ltr'>lor</span> <span class='ocrx_word' id='word_1_2007' title='bbox 1435 3747 1511 3781; x_wconf 86' lang='lat' dir='ltr'>Virg.</span> <span class='ocrx_word' id='word_1_2008' title='bbox 1525 3746 1589 3772; x_wconf 81' lang='lat' dir='ltr'>Aen.</span> <span class='ocrx_word' id='word_1_2009' title='bbox 1605 3754 1626 3778; x_wconf 82' lang='grc'>5,</span> <span class='ocrx_word' id='word_1_2010' title='bbox 1641 3756 1684 3779; x_wconf 81' lang='lat'>49.</span> 
     </span>
    </p>
   </div>
   <div class='ocr_carea' id='block_1_67' title="bbox 1174 3923 1883 3963">
    <p class='ocr_par' dir='ltr' id='par_1_78' title="bbox 1174 3923 1883 3963">
     <span class='ocr_line' id='line_1_221' title="bbox 1174 3923 1883 3963; baseline -0.003 -8"><span class='ocrx_word' id='word_1_2011' title='bbox 1174 3924 1196 3963; x_wconf 62' lang='lat' dir='ltr'><strong>ff</strong></span> <span class='ocrx_word' id='word_1_2012' title='bbox 1215 3936 1230 3954; x_wconf 83' lang='lat'>2</span> <span class='ocrx_word' id='word_1_2013' title='bbox 1259 3927 1317 3955; x_wconf 84' lang='lat' dir='ltr'>Sub·</span> <span class='ocrx_word' id='word_1_2014' title='bbox 1327 3930 1430 3957; x_wconf 81' lang='grc'>10511011</span> <span class='ocrx_word' id='word_1_2015' title='bbox 1442 3923 1578 3958; x_wconf 83' lang='lat' dir='ltr'>oportuit,</span> <span class='ocrx_word' id='word_1_2016' title='bbox 1599 3924 1656 3951; x_wconf 85' lang='lat' dir='ltr'>Nisi</span> <span class='ocrx_word' id='word_1_2017' title='bbox 1672 3925 1736 3959; x_wconf 82' lang='lat' dir='ltr'>quid</span> <span class='ocrx_word' id='word_1_2018' title='bbox 1749 3934 1792 3952; x_wconf 85' lang='lat' dir='ltr'>me</span> <span class='ocrx_word' id='word_1_2019' title='bbox 1804 3925 1883 3953; x_wconf 84' lang='lat' dir='ltr'>fallit.</span> 
     </span>
    </p>
   </div>
   <div class='ocr_carea' id='block_1_68' title="bbox 1382 2896 2424 3215">
    <p class='ocr_par' dir='ltr' id='par_1_79' title="bbox 1382 2896 2424 3215">
     <span class='ocr_line' id='line_1_222' title="bbox 1382 2896 2424 2934; baseline 0.003 -13"><span class='ocrx_word' id='word_1_2020' title='bbox 1382 2905 1448 2930; x_wconf 83' lang='lat' dir='ltr'>puer</span> <span class='ocrx_word' id='word_1_2021' title='bbox 1467 2896 1548 2922; x_wconf 86' lang='lat' dir='ltr'>indue</span> <span class='ocrx_word' id='word_1_2022' title='bbox 1561 2897 1659 2922; x_wconf 90' lang='lat' dir='ltr'>vultus.</span> <span class='ocrx_word' id='word_1_2023' title='bbox 1714 2897 1867 2934; x_wconf 51' lang='lat' dir='ltr'>Eadem-fere</span> <span class='ocrx_word' id='word_1_2024' title='bbox 1881 2901 1977 2925; x_wconf 78' lang='lat' dir='ltr'>ratione</span> <span class='ocrx_word' id='word_1_2025' title='bbox 1991 2899 2108 2933; x_wconf 86' lang='lat' dir='ltr'>Propert.</span> <span class='ocrx_word' id='word_1_2026' title='bbox 2121 2905 2149 2930; x_wconf 85' lang='lat'>4,</span> <span class='ocrx_word' id='word_1_2027' title='bbox 2165 2905 2184 2928; x_wconf 79' lang='grc' dir='ltr'>Ι,</span> <span class='ocrx_word' id='word_1_2028' title='bbox 2198 2901 2224 2928; x_wconf 82' lang='lat'>83</span> <span class='ocrx_word' id='word_1_2029' title='bbox 2248 2897 2351 2924; x_wconf 84' lang='lat' dir='ltr'>fallitur</span> <span class='ocrx_word' id='word_1_2030' title='bbox 2365 2899 2424 2932; x_wconf 50' lang='lat' dir='ltr'>Iup*</span> 
     </span>
     <span class='ocr_line' id='line_1_223' title="bbox 1382 2931 2423 2969; baseline 0.003 -12"><span class='ocrx_word' id='word_1_2031' title='bbox 1382 2931 1467 2965; x_wconf 89' lang='lat' dir='ltr'>piter‚</span> <span class='ocrx_word' id='word_1_2032' title='bbox 1497 2934 1515 2957; x_wconf 87' lang='lat' dir='ltr'>i.</span> <span class='ocrx_word' id='word_1_2033' title='bbox 1532 2931 1684 2966; x_wconf 69' lang='lat' dir='ltr'>qffimulatur</span> <span class='ocrx_word' id='word_1_2034' title='bbox 1703 2934 1753 2968; x_wconf 73' lang='lat' dir='ltr'>ipfi</span> <span class='ocrx_word' id='word_1_2035' title='bbox 1769 2933 1913 2969; x_wconf 75' lang='lat' dir='ltr'>praedicere</span> <span class='ocrx_word' id='word_1_2036' title='bbox 1932 2934 2036 2969; x_wconf 85' lang='lat' dir='ltr'>aliquid.</span> <span class='ocrx_word' id='word_1_2037' title='bbox 2141 2932 2196 2957; x_wconf 88' lang='lat' dir='ltr'>Cic.</span> <span class='ocrx_word' id='word_1_2038' title='bbox 2210 2932 2261 2959; x_wconf 83' lang='lat' dir='ltr'>Off.</span> <span class='ocrx_word' id='word_1_2039' title='bbox 2273 2942 2294 2965; x_wconf 88' lang='lat'>1,</span> <span class='ocrx_word' id='word_1_2040' title='bbox 2306 2941 2337 2966; x_wconf 88' lang='grc'>39</span> <span class='ocrx_word' id='word_1_2041' title='bbox 2361 2943 2383 2960; x_wconf 87' lang='lat' dir='ltr'>c.</span> <span class='ocrx_word' id='word_1_2042' title='bbox 2399 2935 2423 2966; x_wconf 79' lang='lat'>13&#39;</span> 
     </span>
     <span class='ocr_line' id='line_1_224' title="bbox 1382 2966 2423 3004; baseline 0.001 -11"><span class='ocrx_word' id='word_1_2043' title='bbox 1382 2967 1422 2993; x_wconf 76' lang='lat' dir='ltr'>Ad</span> <span class='ocrx_word' id='word_1_2044' title='bbox 1437 2967 1592 3001; x_wconf 88' lang='lat' dir='ltr'>supplicium</span> <span class='ocrx_word' id='word_1_2045' title='bbox 1608 2968 1696 2995; x_wconf 85' lang='lat' dir='ltr'>redire</span> <span class='ocrx_word' id='word_1_2046' title='bbox 1708 2969 1817 3001; x_wconf 87' lang='lat' dir='ltr'>maluit,</span> <span class='ocrx_word' id='word_1_2047' title='bbox 1831 2978 1908 3004; x_wconf 89' lang='lat' dir='ltr'>quam</span> <span class='ocrx_word' id='word_1_2048' title='bbox 1923 2969 2014 2996; x_wconf 84' lang='lat' dir='ltr'>Fidem</span> <span class='ocrx_word' id='word_1_2049' title='bbox 2026 2966 2093 2994; x_wconf 81' lang='lat' dir='ltr'>hosti</span> <span class='ocrx_word' id='word_1_2050' title='bbox 2107 2966 2193 2994; x_wconf 86' lang='lat' dir='ltr'>datam</span> <span class='ocrx_word' id='word_1_2051' title='bbox 2206 2968 2308 2995; x_wconf 87' lang='lat' dir='ltr'>fallere.</span> <span class='ocrx_word' id='word_1_2052' title='bbox 2342 2969 2423 2996; x_wconf 64' lang='lat' dir='ltr'>Franz</span> 
     </span>
     <span class='ocr_line' id='line_1_225' title="bbox 1383 3002 2423 3039; baseline 0.001 -10"><span class='ocrx_word' id='word_1_2053' title='bbox 1383 3002 1415 3029; x_wconf 88' lang='lat' dir='ltr'>de</span> <span class='ocrx_word' id='word_1_2054' title='bbox 1428 3003 1502 3029; x_wconf 88' lang='lat' dir='ltr'>omni</span> <span class='ocrx_word' id='word_1_2055' title='bbox 1516 3010 1542 3030; x_wconf 86' lang='lat' dir='ltr'>et</span> <span class='ocrx_word' id='word_1_2056' title='bbox 1557 3004 1668 3038; x_wconf 83' lang='lat' dir='ltr'>persidia</span> <span class='ocrx_word' id='word_1_2057' title='bbox 1682 3004 1775 3031; x_wconf 82' lang='lat' dir='ltr'>fallere</span> <span class='ocrx_word' id='word_1_2058' title='bbox 1787 3004 1861 3031; x_wconf 84' lang='lat' dir='ltr'>Idem</span> <span class='ocrx_word' id='word_1_2059' title='bbox 1876 3014 1924 3039; x_wconf 86' lang='lat' dir='ltr'>pro</span> <span class='ocrx_word' id='word_1_2060' title='bbox 1937 3005 2011 3031; x_wconf 82' lang='lat' dir='ltr'>Rosc.</span> <span class='ocrx_word' id='word_1_2061' title='bbox 2024 3004 2111 3029; x_wconf 83' lang='lat' dir='ltr'>Amer.</span> <span class='ocrx_word' id='word_1_2062' title='bbox 2127 3010 2175 3037; x_wconf 85' lang='lat'><strong>¹¹7·</strong></span> <span class='ocrx_word' id='word_1_2063' title='bbox 2269 3005 2356 3030; x_wconf 82' lang='lat' dir='ltr'>Horas</span> <span class='ocrx_word' id='word_1_2064' title='bbox 2371 3004 2423 3030; x_wconf 86' lang='lat' dir='ltr'>ser-</span> 
     </span>
     <span class='ocr_line' id='line_1_226' title="bbox 1855 3038 2422 3072; baseline -0.002 -5"><span class='ocrx_word' id='word_1_2065' title='bbox 1855 3041 1916 3067; x_wconf 88' lang='lat' dir='ltr'>Liu.</span> <span class='ocrx_word' id='word_1_2066' title='bbox 1929 3049 1965 3072; x_wconf 87' lang='grc'>31,</span> <span class='ocrx_word' id='word_1_2067' title='bbox 1983 3044 2011 3071; x_wconf 80' lang='lat'>38</span> <span class='ocrx_word' id='word_1_2068' title='bbox 2030 3045 2093 3064; x_wconf 81' lang='lat' dir='ltr'>extr.</span> <span class='ocrx_word' id='word_1_2069' title='bbox 2121 3039 2211 3071; x_wconf 70' lang='lat' dir='ltr'>Quum</span> <span class='ocrx_word' id='word_1_2070' title='bbox 2228 3038 2303 3066; x_wconf 91' lang='lat' dir='ltr'>abire</span> <span class='ocrx_word' id='word_1_2071' title='bbox 2321 3039 2382 3066; x_wconf 88' lang='lat' dir='ltr'>inde</span> <span class='ocrx_word' id='word_1_2072' title='bbox 2396 3042 2422 3066; x_wconf 72' lang='lat' dir='ltr'>et</span> 
     </span>
     <span class='ocr_line' id='line_1_227' title="bbox 1385 3072 2422 3110; baseline 0.003 -9"><span class='ocrx_word' id='word_1_2073' title='bbox 1385 3074 1479 3101; x_wconf 84' lang='lat' dir='ltr'>fallere</span> <span class='ocrx_word' id='word_1_2074' title='bbox 1493 3074 1584 3101; x_wconf 86' lang='lat' dir='ltr'>abiens</span> <span class='ocrx_word' id='word_1_2075' title='bbox 1592 3075 1702 3102; x_wconf 86' lang='lat' dir='ltr'>Hostem</span> <span class='ocrx_word' id='word_1_2076' title='bbox 1714 3076 1804 3108; x_wconf 85' lang='lat' dir='ltr'>vellet,</span> <span class='ocrx_word' id='word_1_2077' title='bbox 1813 3083 1857 3102; x_wconf 81' lang='lat' dir='ltr'>etc.</span> <span class='ocrx_word' id='word_1_2078' title='bbox 1911 3076 2043 3108; x_wconf 84' lang='lat' dir='ltr'>Plin.7‚37</span> <span class='ocrx_word' id='word_1_2079' title='bbox 2062 3072 2119 3100; x_wconf 76' lang='lat' dir='ltr'>Nisi</span> <span class='ocrx_word' id='word_1_2080' title='bbox 2135 3074 2266 3101; x_wconf 83' lang='lat' dir='ltr'>fefellisset</span> <span class='ocrx_word' id='word_1_2081' title='bbox 2276 3076 2422 3110; x_wconf 77' lang='lat' dir='ltr'>Imperium</span> 
     </span>
     <span class='ocr_line' id='line_1_228' title="bbox 1383 3109 2421 3146; baseline 0.001 -10"><span class='ocrx_word' id='word_1_2082' title='bbox 1383 3110 1505 3136; x_wconf 86' lang='lat' dir='ltr'>militaris</span> <span class='ocrx_word' id='word_1_2083' title='bbox 1525 3110 1720 3145; x_wconf 87' lang='lat' dir='ltr'>imprudentia,</span> <span class='ocrx_word' id='word_1_2084' title='bbox 1749 3112 1775 3138; x_wconf 89' lang='lat' dir='ltr'>h.</span> <span class='ocrx_word' id='word_1_2085' title='bbox 1793 3121 1813 3137; x_wconf 80' lang='lat' dir='ltr'>e.</span> <span class='ocrx_word' id='word_1_2086' title='bbox 1833 3109 1881 3145; x_wconf 81' lang='lat' dir='ltr'>nist</span> <span class='ocrx_word' id='word_1_2087' title='bbox 1899 3112 1990 3136; x_wconf 82' lang='lat' dir='ltr'>milites</span> <span class='ocrx_word' id='word_1_2088' title='bbox 2002 3115 2049 3143; x_wconf 80' lang='lat' dir='ltr'>per</span> <span class='ocrx_word' id='word_1_2089' title='bbox 2068 3110 2257 3145; x_wconf 76' lang='lat' dir='ltr'>imprudentiam</span> <span class='ocrx_word' id='word_1_2090' title='bbox 2276 3118 2364 3137; x_wconf 86' lang='lat' dir='ltr'>contra</span> <span class='ocrx_word' id='word_1_2091' title='bbox 2376 3110 2421 3146; x_wconf 74' lang='lat' dir='ltr'>so·</span> 
     </span>
     <span class='ocr_line' id='line_1_229' title="bbox 1383 3144 2420 3215; baseline 0.001 -8"><span class='ocrx_word' id='word_1_2092' title='bbox 1383 3145 1486 3208; x_wconf 48' lang='lat'>&amp;35²⁰</span> <span class='ocrx_word' id='word_1_2093' title='bbox 1504 3146 1636 3209; x_wconf 58' lang='lat' dir='ltr'>qsfssstss‘</span> <span class='ocrx_word' id='word_1_2094' title='bbox 1647 3144 2420 3215; x_wconf 47' lang='lat' dir='ltr'>stxslk’erssiz‘ffi.“.l553²’&#39;53¹5.‘1;..1...Sszg&#39;ssssrissrilfni‘zssl</span> 
     </span>
    </p>

    <p class='ocr_par' dir='ltr' id='par_1_80' title="bbox 1441 3197 2421 3215">
     <span class='ocr_line' id='line_1_230' title="bbox 1441 3197 2421 3215; baseline 0.001 -7"><span class='ocrx_word' id='word_1_2095' title='bbox 1441 3202 1446 3208; x_wconf 85' lang='lat'>.</span> <span class='ocrx_word' id='word_1_2096' title='bbox 1585 3202 1590 3208; x_wconf 85' lang='lat'>.</span> <span class='ocrx_word' id='word_1_2097' title='bbox 1627 3202 1633 3208; x_wconf 81' lang='lat'><em>.</em></span> <span class='ocrx_word' id='word_1_2098' title='bbox 1716 3202 1721 3208; x_wconf 82' lang='lat'>.</span> <span class='ocrx_word' id='word_1_2099' title='bbox 1749 3199 1759 3215; x_wconf 69' lang='lat'><em>3</em></span> <span class='ocrx_word' id='word_1_2100' title='bbox 2107 3201 2116 3213; x_wconf 69' lang='lat'><em>9</em></span> <span class='ocrx_word' id='word_1_2101' title='bbox 2409 3197 2421 3204; x_wconf 82' lang='lat'>¹</span> 
     </span>
    </p>
   </div>
   <div class='ocr_carea' id='block_1_69' title="bbox 1378 3251 2441 3988">
    <p class='ocr_par' dir='ltr' id='par_1_81' title="bbox 1381 3251 2441 3530">
     <span class='ocr_line' id='line_1_231' title="bbox 1382 3251 2441 3289; baseline 0.001 -10"><span class='ocrx_word' id='word_1_2102' title='bbox 1382 3254 1443 3279; x_wconf 89' lang='lat' dir='ltr'>Iura</span> <span class='ocrx_word' id='word_1_2103' title='bbox 1458 3254 1512 3279; x_wconf 87' lang='lat' dir='ltr'>tori</span> <span class='ocrx_word' id='word_1_2104' title='bbox 1526 3253 1632 3283; x_wconf 89' lang='lat' dir='ltr'>fallere,</span> <span class='ocrx_word' id='word_1_2105' title='bbox 1651 3253 1807 3279; x_wconf 78' lang='lat' dir='ltr'>Adulterium</span> <span class='ocrx_word' id='word_1_2106' title='bbox 1820 3253 1969 3277; x_wconf 80' lang='lat' dir='ltr'>committere</span> <span class='ocrx_word' id='word_1_2107' title='bbox 1989 3251 2068 3278; x_wconf 85' lang='lat' dir='ltr'>Ouid.</span> <span class='ocrx_word' id='word_1_2108' title='bbox 2082 3252 2160 3286; x_wconf 78' lang='lat' dir='ltr'>Epist.</span> <span class='ocrx_word' id='word_1_2109' title='bbox 2178 3255 2215 3284; x_wconf 82' lang='lat'>16,</span> <span class='ocrx_word' id='word_1_2110' title='bbox 2232 3258 2287 3287; x_wconf 83' lang='lat'>284.</span> <span class='ocrx_word' id='word_1_2111' title='bbox 2345 3253 2418 3280; x_wconf 83' lang='lat' dir='ltr'>Idem</span> <span class='ocrx_word' id='word_1_2112' title='bbox 2439 3282 2441 3289; x_wconf 47' lang='lat'>‚</span> 
     </span>
     <span class='ocr_line' id='line_1_232' title="bbox 1382 3286 2419 3323; baseline 0.001 -8"><span class='ocrx_word' id='word_1_2113' title='bbox 1382 3289 1414 3315; x_wconf 90' lang='lat' dir='ltr'>de</span> <span class='ocrx_word' id='word_1_2114' title='bbox 1429 3289 1504 3315; x_wconf 86' lang='lat' dir='ltr'>Rem.</span> <span class='ocrx_word' id='word_1_2115' title='bbox 1518 3290 1609 3314; x_wconf 85' lang='lat' dir='ltr'>Amor.</span> <span class='ocrx_word' id='word_1_2116' title='bbox 1623 3297 1668 3319; x_wconf 84' lang='grc'>303</span> <span class='ocrx_word' id='word_1_2117' title='bbox 1691 3289 1732 3314; x_wconf 83' lang='lat' dir='ltr'>Sic</span> <span class='ocrx_word' id='word_1_2118' title='bbox 1745 3286 1814 3313; x_wconf 88' lang='lat' dir='ltr'>mihi</span> <span class='ocrx_word' id='word_1_2119' title='bbox 1826 3286 1942 3318; x_wconf 88' lang='lat' dir='ltr'>iurauit,</span> <span class='ocrx_word' id='word_1_2120' title='bbox 1961 3286 1993 3313; x_wconf 85' lang='lat' dir='ltr'>sic</span> <span class='ocrx_word' id='word_1_2121' title='bbox 2008 3296 2049 3314; x_wconf 89' lang='lat' dir='ltr'>me</span> <span class='ocrx_word' id='word_1_2122' title='bbox 2060 3288 2148 3314; x_wconf 86' lang='lat' dir='ltr'>Iurata</span> <span class='ocrx_word' id='word_1_2123' title='bbox 2161 3288 2266 3314; x_wconf 87' lang='lat' dir='ltr'>fefellit.</span> <span class='ocrx_word' id='word_1_2124' title='bbox 2327 3289 2419 3323; x_wconf 80' lang='lat' dir='ltr'>Longe</span> 
     </span>
     <span class='ocr_line' id='line_1_233' title="bbox 1382 3322 2418 3358; baseline 0.001 -8"><span class='ocrx_word' id='word_1_2125' title='bbox 1382 3325 1487 3351; x_wconf 88' lang='lat' dir='ltr'>fallitur</span> <span class='ocrx_word' id='word_1_2126' title='bbox 1501 3324 1630 3358; x_wconf 89' lang='lat' dir='ltr'>opinione</span> <span class='ocrx_word' id='word_1_2127' title='bbox 1647 3322 1812 3350; x_wconf 87' lang='lat' dir='ltr'>Pseudo-Cic.</span> <span class='ocrx_word' id='word_1_2128' title='bbox 1825 3322 1853 3347; x_wconf 88' lang='lat' dir='ltr'>in</span> <span class='ocrx_word' id='word_1_2129' title='bbox 1868 3322 1967 3348; x_wconf 85' lang='lat' dir='ltr'>Sallust.</span> <span class='ocrx_word' id='word_1_2130' title='bbox 1982 3332 2004 3354; x_wconf 83' lang='lat'>3.</span> <span class='ocrx_word' id='word_1_2131' title='bbox 2075 3323 2198 3350; x_wconf 84' lang='lat' dir='ltr'>Mandata</span> <span class='ocrx_word' id='word_1_2132' title='bbox 2211 3323 2323 3351; x_wconf 84' lang='lat' dir='ltr'>alicuius</span> <span class='ocrx_word' id='word_1_2133' title='bbox 2337 3323 2418 3351; x_wconf 78' lang='lat' dir='ltr'>Ouid.</span> 
     </span>
     <span class='ocr_line' id='line_1_234' title="bbox 1383 3357 2440 3394; baseline -0.001 -9"><span class='ocrx_word' id='word_1_2134' title='bbox 1383 3361 1447 3386; x_wconf 87' lang='lat' dir='ltr'>Met.</span> <span class='ocrx_word' id='word_1_2135' title='bbox 1462 3369 1487 3394; x_wconf 84' lang='lat'>9,</span> <span class='ocrx_word' id='word_1_2136' title='bbox 1501 3362 1561 3391; x_wconf 90' lang='lat'>696.</span> <span class='ocrx_word' id='word_1_2137' title='bbox 1596 3361 1614 3385; x_wconf 86' lang='lat' dir='ltr'>i.</span> <span class='ocrx_word' id='word_1_2138' title='bbox 1633 3368 1681 3385; x_wconf 80' lang='lat' dir='ltr'>non</span> <span class='ocrx_word' id='word_1_2139' title='bbox 1693 3359 1795 3393; x_wconf 70' lang='lat' dir='ltr'>fucere,</span> <span class='ocrx_word' id='word_1_2140' title='bbox 1813 3357 1878 3393; x_wconf 80' lang='lat' dir='ltr'>quod</span> <span class='ocrx_word' id='word_1_2141' title='bbox 1890 3357 1956 3383; x_wconf 66' lang='lat' dir='ltr'>dedit</span> <span class='ocrx_word' id='word_1_2142' title='bbox 1973 3362 1998 3383; x_wconf 87' lang='lat' dir='ltr'>in</span> <span class='ocrx_word' id='word_1_2143' title='bbox 2016 3359 2151 3385; x_wconf 68' lang='lat' dir='ltr'>mandatis.</span> <span class='ocrx_word' id='word_1_2144' title='bbox 2220 3360 2262 3387; x_wconf 87' lang='lat' dir='ltr'>Sic</span> <span class='ocrx_word' id='word_1_2145' title='bbox 2280 3359 2349 3388; x_wconf 87' lang='lat' dir='ltr'>modo</span> <span class='ocrx_word' id='word_1_2146' title='bbox 2369 3361 2419 3386; x_wconf 72' lang='lat' dir='ltr'>Iun</span> <span class='ocrx_word' id='word_1_2147' title='bbox 2437 3359 2440 3393; x_wconf 62' lang='grc' dir='ltr'>ἦ</span> 
     </span>
     <span class='ocr_line' id='line_1_235' title="bbox 1711 3393 2440 3429; baseline 0.005 -11"><span class='ocrx_word' id='word_1_2148' title='bbox 1711 3393 1776 3419; x_wconf 87' lang='grc' dir='ltr'>Ρ1111.</span> <span class='ocrx_word' id='word_1_2149' title='bbox 1796 3401 1834 3424; x_wconf 87' lang='grc'>10,</span> <span class='ocrx_word' id='word_1_2150' title='bbox 1847 3402 1879 3426; x_wconf 81' lang='lat'>42</span> <span class='ocrx_word' id='word_1_2151' title='bbox 1906 3393 1932 3419; x_wconf 63' lang='lat' dir='ltr'>cl.-</span> <span class='ocrx_word' id='word_1_2152' title='bbox 1946 3397 2030 3429; x_wconf 82' lang='lat' dir='ltr'>picis,</span> <span class='ocrx_word' id='word_1_2153' title='bbox 2051 3394 2159 3421; x_wconf 85' lang='lat' dir='ltr'>Constat</span> <span class='ocrx_word' id='word_1_2154' title='bbox 2176 3394 2261 3421; x_wconf 88' lang='lat' dir='ltr'>emori</span> <span class='ocrx_word' id='word_1_2155' title='bbox 2273 3395 2356 3422; x_wconf 71' lang='lat' dir='ltr'>vi&amp;as</span> <span class='ocrx_word' id='word_1_2156' title='bbox 2368 3394 2420 3422; x_wconf 88' lang='lat' dir='ltr'>dif-</span> <span class='ocrx_word' id='word_1_2157' title='bbox 2438 3403 2440 3423; x_wconf 75' lang='grc' dir='ltr'>ι</span> 
     </span>
     <span class='ocr_line' id='line_1_236' title="bbox 1383 3427 2439 3463; baseline 0.002 -8"><span class='ocrx_word' id='word_1_2158' title='bbox 1383 3430 1498 3456; x_wconf 80' lang='lat' dir='ltr'>ficultate</span> <span class='ocrx_word' id='word_1_2159' title='bbox 1514 3429 1606 3461; x_wconf 79' lang='lat' dir='ltr'>verbi,</span> <span class='ocrx_word' id='word_1_2160' title='bbox 1623 3438 1652 3455; x_wconf 88' lang='lat' dir='ltr'>ae</span> <span class='ocrx_word' id='word_1_2161' title='bbox 1666 3428 1713 3454; x_wconf 86' lang='lat' dir='ltr'>nisi</span> <span class='ocrx_word' id='word_1_2162' title='bbox 1727 3427 1837 3454; x_wconf 88' lang='lat' dir='ltr'>subinde</span> <span class='ocrx_word' id='word_1_2163' title='bbox 1851 3429 1939 3455; x_wconf 80' lang='lat' dir='ltr'>eadem</span> <span class='ocrx_word' id='word_1_2164' title='bbox 1954 3429 2076 3461; x_wconf 86' lang='lat' dir='ltr'>audiant,</span> <span class='ocrx_word' id='word_1_2165' title='bbox 2090 3431 2224 3457; x_wconf 88' lang='lat' dir='ltr'>Memoria</span> <span class='ocrx_word' id='word_1_2166' title='bbox 2235 3430 2309 3463; x_wconf 88' lang='lat' dir='ltr'>falli,</span> <span class='ocrx_word' id='word_1_2167' title='bbox 2328 3434 2346 3457; x_wconf 90' lang='lat' dir='ltr'>i.</span> <span class='ocrx_word' id='word_1_2168' title='bbox 2360 3431 2418 3458; x_wconf 84' lang='lat' dir='ltr'>ohli—</span> <span class='ocrx_word' id='word_1_2169' title='bbox 2438 3435 2439 3460; x_wconf 69' lang='grc'>1</span> 
     </span>
     <span class='ocr_line' id='line_1_237' title="bbox 1381 3463 2439 3528; baseline 0.003 -38"><span class='ocrx_word' id='word_1_2170' title='bbox 1381 3465 1454 3525; x_wconf 40' lang='lat' dir='ltr'>gasts!</span> <span class='ocrx_word' id='word_1_2171' title='bbox 1527 3463 1667 3525; x_wconf 58' lang='lat' dir='ltr'>Mepdaciio</span> <span class='ocrx_word' id='word_1_2172' title='bbox 1682 3463 1794 3525; x_wconf 53' lang='grc' dir='ltr'>ἱειιιίὲξέξ,</span> <span class='ocrx_word' id='word_1_2173' title='bbox 1824 3464 1876 3525; x_wconf 61' lang='grc'>06111.</span> <span class='ocrx_word' id='word_1_2174' title='bbox 1903 3472 2121 3528; x_wconf 35' lang='grc' dir='ltr'>μιεΝΙΙίιῙΑοινΜῖ</span> <span class='ocrx_word' id='word_1_2175' title='bbox 2153 3466 2318 3528; x_wconf 50' lang='lat' dir='ltr'>Olrsdenltienist</span> <span class='ocrx_word' id='word_1_2176' title='bbox 2322 3466 2419 3493; x_wconf 81' lang='lat' dir='ltr'>fallunt</span> <span class='ocrx_word' id='word_1_2177' title='bbox 2431 3474 2439 3500; x_wconf 58' lang='lat' dir='ltr'><em>y</em></span> 
     </span>
     <span class='ocr_line' id='line_1_238' title="bbox 1402 3508 2416 3530; baseline 0.004 -6"><span class='ocrx_word' id='word_1_2178' title='bbox 1402 3509 1558 3526; x_wconf 77' lang='lat' dir='ltr'>macram</span> <span class='ocrx_word' id='word_1_2179' title='bbox 1582 3509 1668 3525; x_wconf 87' lang='lat' dir='ltr'>omns</span> <span class='ocrx_word' id='word_1_2180' title='bbox 1778 3518 1821 3530; x_wconf 93' lang='lat'>.‚</span> <span class='ocrx_word' id='word_1_2181' title='bbox 1866 3520 1871 3525; x_wconf 92' lang='lat'>.</span> <span class='ocrx_word' id='word_1_2182' title='bbox 2137 3508 2139 3510; x_wconf 83' lang='lat'>·</span> <span class='ocrx_word' id='word_1_2183' title='bbox 2181 3510 2187 3526; x_wconf 93' lang='grc' dir='ltr'>ι</span> <span class='ocrx_word' id='word_1_2184' title='bbox 2228 3522 2234 3528; x_wconf 91' lang='grc'>.</span> <span class='ocrx_word' id='word_1_2185' title='bbox 2320 3521 2325 3527; x_wconf 93' lang='grc'>.</span> <span class='ocrx_word' id='word_1_2186' title='bbox 2409 3520 2416 3528; x_wconf 90' lang='grc'>.</span> 
     </span>
    </p>

    <p class='ocr_par' dir='ltr' id='par_1_82' title="bbox 1378 3506 2439 3987">
     <span class='ocr_line' id='line_1_239' title="bbox 1383 3506 2439 3573; baseline 0.003 -12"><span class='ocrx_word' id='word_1_2187' title='bbox 1383 3535 1439 3561; x_wconf 91' lang='lat' dir='ltr'>Nec</span> <span class='ocrx_word' id='word_1_2188' title='bbox 1453 3543 1495 3560; x_wconf 84' lang='lat' dir='ltr'>me</span> <span class='ocrx_word' id='word_1_2189' title='bbox 1515 3535 1580 3560; x_wconf 88' lang='lat' dir='ltr'>adeo</span> <span class='ocrx_word' id='word_1_2190' title='bbox 1595 3534 1663 3560; x_wconf 87' lang='lat' dir='ltr'>fallit</span> <span class='ocrx_word' id='word_1_2191' title='bbox 1681 3533 1775 3568; x_wconf 87' lang='lat' dir='ltr'>Virgil.</span> <span class='ocrx_word' id='word_1_2192' title='bbox 1791 3506 1894 3568; x_wconf 56' lang='lat' dir='ltr'>gen.34,</span> <span class='ocrx_word' id='word_1_2193' title='bbox 1909 3539 1951 3568; x_wconf 84' lang='lat'>96.</span> <span class='ocrx_word' id='word_1_2194' title='bbox 1975 3509 2213 3573; x_wconf 36' lang='lat' dir='ltr'>hssiaiuiiiiznorld.</span> <span class='ocrx_word' id='word_1_2195' title='bbox 2268 3506 2416 3564; x_wconf 47' lang='lat' dir='ltr'>pllxlilii9l&#39;diee</span> <span class='ocrx_word' id='word_1_2196' title='bbox 2438 3525 2439 3532; x_wconf 28' lang='lat'>¹</span> 
     </span>
     <span class='ocr_line' id='line_1_240' title="bbox 1860 3571 2415 3606; baseline 0.007 -10"><span class='ocrx_word' id='word_1_2197' title='bbox 1860 3571 1932 3598; x_wconf 87' lang='lat' dir='ltr'>Idem</span> <span class='ocrx_word' id='word_1_2198' title='bbox 1947 3572 2028 3599; x_wconf 85' lang='lat' dir='ltr'>Andr.</span> <span class='ocrx_word' id='word_1_2199' title='bbox 2042 3580 2060 3603; x_wconf 86' lang='grc'>1,</span> <span class='ocrx_word' id='word_1_2200' title='bbox 2075 3580 2096 3603; x_wconf 86' lang='lat'>2,</span> <span class='ocrx_word' id='word_1_2201' title='bbox 2109 3580 2135 3604; x_wconf 87' lang='grc'>33</span> <span class='ocrx_word' id='word_1_2202' title='bbox 2160 3572 2274 3606; x_wconf 80' lang='lat' dir='ltr'>Irrides,</span> <span class='ocrx_word' id='word_1_2203' title='bbox 2292 3572 2361 3599; x_wconf 89' lang='lat' dir='ltr'>nihil</span> <span class='ocrx_word' id='word_1_2204' title='bbox 2373 3580 2415 3600; x_wconf 85' lang='lat' dir='ltr'>me</span> 
     </span>
     <span class='ocr_line' id='line_1_241' title="bbox 1383 3604 2415 3643; baseline 0.002 -11"><span class='ocrx_word' id='word_1_2205' title='bbox 1383 3605 1463 3632; x_wconf 86' lang='lat' dir='ltr'>fallis.</span> <span class='ocrx_word' id='word_1_2206' title='bbox 1503 3605 1551 3631; x_wconf 81' lang='lat' dir='ltr'>Vbi</span> <span class='ocrx_word' id='word_1_2207' title='bbox 1565 3605 1696 3631; x_wconf 85' lang='lat' dir='ltr'>Donatus:</span> <span class='ocrx_word' id='word_1_2208' title='bbox 1722 3604 1785 3631; x_wconf 89' lang='lat' dir='ltr'>Non</span> <span class='ocrx_word' id='word_1_2209' title='bbox 1802 3611 1826 3631; x_wconf 92' lang='lat' dir='ltr'>te</span> <span class='ocrx_word' id='word_1_2210' title='bbox 1840 3606 1954 3641; x_wconf 83' lang='lat' dir='ltr'>ignoro,</span> <span class='ocrx_word' id='word_1_2211' title='bbox 1972 3608 2036 3634; x_wconf 92' lang='lat' dir='ltr'>Non</span> <span class='ocrx_word' id='word_1_2212' title='bbox 2052 3616 2094 3634; x_wconf 89' lang='lat' dir='ltr'>me</span> <span class='ocrx_word' id='word_1_2213' title='bbox 2106 3606 2214 3641; x_wconf 88' lang='lat' dir='ltr'>decipis.</span> <span class='ocrx_word' id='word_1_2214' title='bbox 2266 3609 2298 3635; x_wconf 84' lang='lat' dir='ltr'>Et</span> <span class='ocrx_word' id='word_1_2215' title='bbox 2310 3608 2415 3643; x_wconf 74' lang='lat' dir='ltr'>rursum,</span> 
     </span>
     <span class='ocr_line' id='line_1_242' title="bbox 1383 3640 2438 3677; baseline 0.003 -10"><span class='ocrx_word' id='word_1_2216' title='bbox 1383 3641 1461 3668; x_wconf 88' lang='lat' dir='ltr'>Nihil</span> <span class='ocrx_word' id='word_1_2217' title='bbox 1476 3649 1519 3668; x_wconf 89' lang='lat' dir='ltr'>me</span> <span class='ocrx_word' id='word_1_2218' title='bbox 1532 3640 1619 3672; x_wconf 87' lang='lat' dir='ltr'>fallis,</span> <span class='ocrx_word' id='word_1_2219' title='bbox 1642 3640 1725 3674; x_wconf 85' lang='lat' dir='ltr'>figura</span> <span class='ocrx_word' id='word_1_2220' title='bbox 1739 3641 1774 3667; x_wconf 89' lang='lat' dir='ltr'>est</span> <span class='ocrx_word' id='word_1_2221' title='bbox 1790 3641 1942 3675; x_wconf 70' lang='grc' dir='ltr'>ἕλληνισμός.</span> <span class='ocrx_word' id='word_1_2222' title='bbox 1987 3643 2080 3674; x_wconf 79' lang='lat' dir='ltr'>Fallis,</span> <span class='ocrx_word' id='word_1_2223' title='bbox 2099 3643 2174 3668; x_wconf 88' lang='lat' dir='ltr'>Lates</span> <span class='ocrx_word' id='word_1_2224' title='bbox 2190 3653 2194 3668; x_wconf 96' lang='lat'>:</span> <span class='ocrx_word' id='word_1_2225' title='bbox 2223 3649 2253 3670; x_wconf 84' lang='lat' dir='ltr'>vt</span> <span class='ocrx_word' id='word_1_2226' title='bbox 2271 3643 2300 3670; x_wconf 87' lang='lat' dir='ltr'>sit</span> <span class='ocrx_word' id='word_1_2227' title='bbox 2319 3641 2415 3677; x_wconf 67' lang='grc' dir='ltr'>ἕδὲνμό</span> <span class='ocrx_word' id='word_1_2228' title='bbox 2437 3650 2438 3658; x_wconf 67' lang='lat'>³</span> 
     </span>
     <span class='ocr_line' id='line_1_243' title="bbox 1380 3675 2414 3713; baseline 0.003 -11"><span class='ocrx_word' id='word_1_2229' title='bbox 1380 3677 1501 3706; x_wconf 69' lang='grc' dir='ltr'>λέληθας.</span> <span class='ocrx_word' id='word_1_2230' title='bbox 1571 3675 1634 3701; x_wconf 88' lang='lat' dir='ltr'>Non</span> <span class='ocrx_word' id='word_1_2231' title='bbox 1648 3676 1690 3710; x_wconf 86' lang='lat' dir='ltr'>pol</span> <span class='ocrx_word' id='word_1_2232' title='bbox 1706 3685 1746 3702; x_wconf 78' lang='lat' dir='ltr'>me</span> <span class='ocrx_word' id='word_1_2233' title='bbox 1760 3677 1873 3704; x_wconf 88' lang='lat' dir='ltr'>multum</span> <span class='ocrx_word' id='word_1_2234' title='bbox 1886 3678 1966 3710; x_wconf 87' lang='lat' dir='ltr'>fallit,</span> <span class='ocrx_word' id='word_1_2235' title='bbox 1986 3678 2050 3713; x_wconf 92' lang='lat' dir='ltr'>quin</span> <span class='ocrx_word' id='word_1_2236' title='bbox 2063 3677 2133 3711; x_wconf 88' lang='lat' dir='ltr'>quod</span> <span class='ocrx_word' id='word_1_2237' title='bbox 2146 3678 2271 3713; x_wconf 89' lang='lat' dir='ltr'>suspicor,</span> <span class='ocrx_word' id='word_1_2238' title='bbox 2290 3679 2329 3711; x_wconf 86' lang='lat' dir='ltr'>sit,</span> <span class='ocrx_word' id='word_1_2239' title='bbox 2343 3677 2414 3713; x_wconf 83' lang='lat' dir='ltr'>quod</span> 
     </span>
     <span class='ocr_line' id='line_1_244' title="bbox 1381 3712 2415 3748; baseline 0.003 -10"><span class='ocrx_word' id='word_1_2240' title='bbox 1381 3712 1462 3739; x_wconf 83' lang='lat' dir='ltr'>velit:</span> <span class='ocrx_word' id='word_1_2241' title='bbox 1487 3714 1505 3738; x_wconf 86' lang='lat' dir='ltr'>i.</span> <span class='ocrx_word' id='word_1_2242' title='bbox 1520 3720 1566 3736; x_wconf 87' lang='lat' dir='ltr'>non</span> <span class='ocrx_word' id='word_1_2243' title='bbox 1580 3713 1681 3737; x_wconf 85' lang='lat' dir='ltr'>multum</span> <span class='ocrx_word' id='word_1_2244' title='bbox 1695 3721 1763 3742; x_wconf 71' lang='lat' dir='ltr'>erro,</span> <span class='ocrx_word' id='word_1_2245' title='bbox 1784 3717 1858 3748; x_wconf 87' lang='lat' dir='ltr'>quin,</span> <span class='ocrx_word' id='word_1_2246' title='bbox 1878 3721 1923 3740; x_wconf 80' lang='lat' dir='ltr'>etc.</span> <span class='ocrx_word' id='word_1_2247' title='bbox 1947 3714 2015 3741; x_wconf 88' lang='lat' dir='ltr'>Ter.</span> <span class='ocrx_word' id='word_1_2248' title='bbox 2029 3713 2092 3739; x_wconf 77' lang='lat' dir='ltr'>Hec.</span> <span class='ocrx_word' id='word_1_2249' title='bbox 2108 3720 2128 3744; x_wconf 81' lang='grc'>5,</span> <span class='ocrx_word' id='word_1_2250' title='bbox 2150 3722 2169 3745; x_wconf 94' lang='grc'>1,</span> <span class='ocrx_word' id='word_1_2251' title='bbox 2184 3722 2218 3746; x_wconf 83' lang='lat'>32.</span> <span class='ocrx_word' id='word_1_2252' title='bbox 2289 3714 2347 3741; x_wconf 88' lang='lat' dir='ltr'>Nisi</span> <span class='ocrx_word' id='word_1_2253' title='bbox 2368 3713 2415 3740; x_wconf 86' lang='lat' dir='ltr'>fal-</span> 
     </span>
     <span class='ocr_line' id='line_1_245' title="bbox 1753 3747 2414 3782; baseline 0.003 -8"><span class='ocrx_word' id='word_1_2254' title='bbox 1753 3748 1820 3775; x_wconf 86' lang='lat' dir='ltr'>Ter.</span> <span class='ocrx_word' id='word_1_2255' title='bbox 1836 3750 1931 3776; x_wconf 87' lang='lat' dir='ltr'>Heaut.</span> <span class='ocrx_word' id='word_1_2256' title='bbox 1950 3758 1976 3782; x_wconf 88' lang='lat'>4,</span> <span class='ocrx_word' id='word_1_2257' title='bbox 1998 3757 2022 3780; x_wconf 87' lang='lat'>1,</span> <span class='ocrx_word' id='word_1_2258' title='bbox 2041 3756 2051 3773; x_wconf 93' lang='grc'>1</span> <span class='ocrx_word' id='word_1_2259' title='bbox 2076 3747 2135 3774; x_wconf 85' lang='lat' dir='ltr'>Nisi</span> <span class='ocrx_word' id='word_1_2260' title='bbox 2156 3757 2198 3775; x_wconf 88' lang='lat' dir='ltr'>me</span> <span class='ocrx_word' id='word_1_2261' title='bbox 2216 3749 2318 3776; x_wconf 87' lang='lat' dir='ltr'>animus</span> <span class='ocrx_word' id='word_1_2262' title='bbox 2337 3749 2414 3782; x_wconf 83' lang='lat' dir='ltr'>fallit,</span> 
     </span>
     <span class='ocr_line' id='line_1_246' title="bbox 1380 3781 2304 3818; baseline 0.003 -10"><span class='ocrx_word' id='word_1_2263' title='bbox 1380 3782 1422 3808; x_wconf 86' lang='lat' dir='ltr'>hic</span> <span class='ocrx_word' id='word_1_2264' title='bbox 1435 3781 1557 3816; x_wconf 62' lang='lat' dir='ltr'>profecto</span> <span class='ocrx_word' id='word_1_2265' title='bbox 1569 3781 1606 3807; x_wconf 85' lang='lat' dir='ltr'>est</span> <span class='ocrx_word' id='word_1_2266' title='bbox 1618 3782 1742 3815; x_wconf 85' lang='lat' dir='ltr'>annulus,</span> <span class='ocrx_word' id='word_1_2267' title='bbox 1761 3793 1856 3818; x_wconf 89' lang='lat' dir='ltr'>quem,</span> <span class='ocrx_word' id='word_1_2268' title='bbox 1875 3791 1920 3811; x_wconf 79' lang='lat' dir='ltr'>etc.</span> <span class='ocrx_word' id='word_1_2269' title='bbox 1990 3784 2062 3809; x_wconf 89' lang='lat' dir='ltr'>Idem</span> <span class='ocrx_word' id='word_1_2270' title='bbox 2076 3783 2180 3810; x_wconf 84' lang='lat' dir='ltr'>Phorm.</span> <span class='ocrx_word' id='word_1_2271' title='bbox 2201 3792 2224 3817; x_wconf 88' lang='grc'>5,</span> <span class='ocrx_word' id='word_1_2272' title='bbox 2244 3793 2262 3816; x_wconf 85' lang='grc'>1,</span> <span class='ocrx_word' id='word_1_2273' title='bbox 2282 3790 2304 3814; x_wconf 90' lang='lat'>8.</span> 
     </span>
     <span class='ocr_line' id='line_1_247' title="bbox 1379 3817 2413 3856; baseline 0.003 -12"><span class='ocrx_word' id='word_1_2274' title='bbox 1379 3826 1428 3852; x_wconf 88' lang='lat' dir='ltr'>pro</span> <span class='ocrx_word' id='word_1_2275' title='bbox 1443 3817 1619 3856; x_wconf 46' lang='lat' dir='ltr'>Rosc3Amer.</span> <span class='ocrx_word' id='word_1_2276' title='bbox 1633 3823 1674 3851; x_wconf 83' lang='lat'>48.</span> <span class='ocrx_word' id='word_1_2277' title='bbox 1753 3820 1826 3846; x_wconf 88' lang='lat' dir='ltr'>Idem</span> <span class='ocrx_word' id='word_1_2278' title='bbox 1840 3819 1953 3854; x_wconf 87' lang='lat' dir='ltr'>Philipp.</span> <span class='ocrx_word' id='word_1_2279' title='bbox 1973 3827 2014 3850; x_wconf 82' lang='lat'>12,</span> <span class='ocrx_word' id='word_1_2280' title='bbox 2034 3826 2061 3844; x_wconf 86' lang='lat'>21</span> <span class='ocrx_word' id='word_1_2281' title='bbox 2087 3819 2110 3845; x_wconf 88' lang='lat' dir='ltr'>Is</span> <span class='ocrx_word' id='word_1_2282' title='bbox 2129 3820 2200 3846; x_wconf 84' lang='lat' dir='ltr'>enim</span> <span class='ocrx_word' id='word_1_2283' title='bbox 2216 3821 2272 3846; x_wconf 90' lang='lat' dir='ltr'>sum</span> <span class='ocrx_word' id='word_1_2284' title='bbox 2292 3820 2358 3851; x_wconf 86' lang='lat' dir='ltr'>(nifi</span> <span class='ocrx_word' id='word_1_2285' title='bbox 2371 3827 2413 3846; x_wconf 83' lang='lat' dir='ltr'>me</span> 
     </span>
     <span class='ocr_line' id='line_1_248' title="bbox 1378 3852 2412 3889; baseline 0.002 -11"><span class='ocrx_word' id='word_1_2286' title='bbox 1378 3852 1461 3883; x_wconf 86' lang='lat' dir='ltr'>fallo)</span> <span class='ocrx_word' id='word_1_2287' title='bbox 1482 3860 1544 3885; x_wconf 88' lang='lat' dir='ltr'>qm,</span> <span class='ocrx_word' id='word_1_2288' title='bbox 1565 3859 1611 3878; x_wconf 80' lang='lat' dir='ltr'>etc.</span> <span class='ocrx_word' id='word_1_2289' title='bbox 1682 3854 1737 3880; x_wconf 84' lang='lat' dir='ltr'>Nisi</span> <span class='ocrx_word' id='word_1_2290' title='bbox 1750 3856 1841 3881; x_wconf 89' lang='lat' dir='ltr'>omnia</span> <span class='ocrx_word' id='word_1_2291' title='bbox 1860 3864 1901 3881; x_wconf 90' lang='lat' dir='ltr'>me</span> <span class='ocrx_word' id='word_1_2292' title='bbox 1915 3854 2008 3882; x_wconf 88' lang='lat' dir='ltr'>fallunt</span> <span class='ocrx_word' id='word_1_2293' title='bbox 2025 3853 2081 3880; x_wconf 89' lang='lat' dir='ltr'>Cic.</span> <span class='ocrx_word' id='word_1_2294' title='bbox 2097 3856 2148 3881; x_wconf 88' lang='lat' dir='ltr'>Att.</span> <span class='ocrx_word' id='word_1_2295' title='bbox 2165 3861 2187 3886; x_wconf 89' lang='lat'>8,</span> <span class='ocrx_word' id='word_1_2296' title='bbox 2200 3863 2225 3889; x_wconf 84' lang='lat'>7.</span> <span class='ocrx_word' id='word_1_2297' title='bbox 2296 3856 2333 3882; x_wconf 89' lang='lat' dir='ltr'>Id.</span> <span class='ocrx_word' id='word_1_2298' title='bbox 2343 3856 2412 3882; x_wconf 86' lang='lat' dir='ltr'>Fam.</span> 
     </span>
     <span class='ocr_line' id='line_1_249' title="bbox 1378 3887 2412 3922; baseline 0.004 -9"><span class='ocrx_word' id='word_1_2299' title='bbox 1378 3895 1399 3920; x_wconf 85' lang='grc'>5,</span> <span class='ocrx_word' id='word_1_2300' title='bbox 1416 3896 1449 3913; x_wconf 87' lang='lat'>20</span> <span class='ocrx_word' id='word_1_2301' title='bbox 1469 3887 1513 3914; x_wconf 90' lang='lat' dir='ltr'>Te</span> <span class='ocrx_word' id='word_1_2302' title='bbox 1527 3894 1597 3914; x_wconf 88' lang='lat' dir='ltr'>certe</span> <span class='ocrx_word' id='word_1_2303' title='bbox 1612 3889 1639 3914; x_wconf 92' lang='lat' dir='ltr'>in</span> <span class='ocrx_word' id='word_1_2304' title='bbox 1652 3891 1760 3922; x_wconf 87' lang='lat' dir='ltr'>pecunia</span> <span class='ocrx_word' id='word_1_2305' title='bbox 1778 3890 1867 3917; x_wconf 59' lang='lat' dir='ltr'>exacta</span> <span class='ocrx_word' id='word_1_2306' title='bbox 1881 3891 1918 3917; x_wconf 89' lang='lat' dir='ltr'>ita</span> <span class='ocrx_word' id='word_1_2307' title='bbox 1930 3889 2023 3917; x_wconf 85' lang='lat' dir='ltr'>afferre</span> <span class='ocrx_word' id='word_1_2308' title='bbox 2041 3898 2072 3914; x_wconf 82' lang='lat' dir='ltr'>cx</span> <span class='ocrx_word' id='word_1_2309' title='bbox 2086 3891 2151 3916; x_wconf 87' lang='lat' dir='ltr'>meis</span> <span class='ocrx_word' id='word_1_2310' title='bbox 2164 3890 2311 3917; x_wconf 86' lang='lat' dir='ltr'>rationibus</span> <span class='ocrx_word' id='word_1_2311' title='bbox 2325 3890 2412 3917; x_wconf 79' lang='lat' dir='ltr'>relatis</span> 
     </span>
     <span class='ocr_line' id='line_1_250' title="bbox 1973 3924 2413 3987; baseline 0.002 -36"><span class='ocrx_word' id='word_1_2312' title='bbox 1973 3924 2042 3951; x_wconf 88' lang='lat' dir='ltr'>Ter.</span> <span class='ocrx_word' id='word_1_2313' title='bbox 2056 3925 2150 3953; x_wconf 84' lang='lat' dir='ltr'>Heaut.</span> <span class='ocrx_word' id='word_1_2314' title='bbox 2165 3934 2188 3958; x_wconf 82' lang='lat'>3,</span> <span class='ocrx_word' id='word_1_2315' title='bbox 2201 3934 2225 3957; x_wconf 87' lang='lat'>2,</span> <span class='ocrx_word' id='word_1_2316' title='bbox 2238 3934 2250 3958; x_wconf 85' lang='grc'>3</span> <span class='ocrx_word' id='word_1_2317' title='bbox 2278 3927 2413 3987; x_wconf 55' lang='lat' dir='ltr'>Numfiplq</span> 
     </span>
    </p>

    <p class='ocr_par' dir='ltr' id='par_1_83' title="bbox 2327 3962 2409 3988">
     <span class='ocr_line' id='line_1_251' title="bbox 2327 3962 2409 3988; baseline -0.012 -1"><span class='ocrx_word' id='word_1_2318' title='bbox 2327 3962 2352 3988; x_wconf 87' lang='lat' dir='ltr'>fe</span> <span class='ocrx_word' id='word_1_2319' title='bbox 2365 3970 2379 3987; x_wconf 88' lang='lat' dir='ltr'>e</span> <span class='ocrx_word' id='word_1_2320' title='bbox 2400 3967 2409 3986; x_wconf 92' lang='grc' dir='ltr'>ι</span> 
     </span>
    </p>
   </div>
   <div class='ocr_carea' id='block_1_70' title="bbox 2358 3783 2451 3811">
    <p class='ocr_par' dir='ltr' id='par_1_84' title="bbox 2358 3783 2451 3811">
     <span class='ocr_line' id='line_1_252' title="bbox 2358 3783 2451 3811; baseline -0.011 0"><span class='ocrx_word' id='word_1_2321' title='bbox 2358 3785 2414 3811; x_wconf 74' lang='lat' dir='ltr'>Cie&#39;.</span> <span class='ocrx_word' id='word_1_2322' title='bbox 2426 3786 2427 3789; x_wconf 78' lang='grc'>’</span> <span class='ocrx_word' id='word_1_2323' title='bbox 2449 3783 2451 3795; x_wconf 75' lang='lat'><em>³</em></span> 
     </span>
    </p>
   </div>
   <div class='ocr_carea' id='block_1_71' title="bbox 2424 2879 2472 3517">
    <p class='ocr_par' dir='ltr' id='par_1_85' title="bbox 2424 2879 2472 3517">
     <span class='ocr_line' id='line_1_253' title="bbox 2424 2879 2471 3345; baseline 0 0"><span class='ocrx_word' id='word_1_2324' title='bbox 2424 2879 2471 3345; x_wconf 95' lang='lat' dir='ltr'>  </span> 
     </span>
     <span class='ocr_line' id='line_1_254' title="bbox 2439 3345 2472 3517; baseline 0 -142"><span class='ocrx_word' id='word_1_2325' title='bbox 2439 3345 2472 3517; x_wconf 95' lang='lat' dir='ltr'>     </span> 
     </span>
    </p>
   </div>
  </div>
 </body>
</html>
