2479 4225
108 215 191 253 1205
357 236 361 241 ,
504 204 530 245 ῐ
599 204 644 246 N
728 204 773 246 T
1609 206 1628 247 1
1720 208 1763 249 Ν
1850 209 1890 251 V
2160 218 2252 256 1206

110 292 212 329 deant,
222 290 287 328 quid
303 291 400 328 cuique
413 292 550 321 conducat.
644 294 719 322 Idem
736 303 785 329 pro
798 293 868 332 sulla
887 292 923 327 76
946 292 1050 319 Penitus
1066 292 1148 321 intro·
1248 299 1375 322 INTVR
1385 294 1513 329 plova,
1530 304 1553 327 a,
1565 304 1619 323 um.
1656 295 1716 322 Adi.
1753 296 1917 334 [ῶᾶᾰλωτος]
1953 302 2011 327 Non
2023 301 2144 330 turbidus.
2179 304 2249 330 Τεισ-

108 328 199 364 spicite
212 327 355 362 Catilinae,
377 329 504 361 Antonii,
524 328 648 363 Cethegi,
667 330 788 362 Lentuli,
808 333 1023 363 caeterorumque
1038 337 1148 356 mentes:
1213 329 1280 356 Ann.
1296 339 1318 363 3,
1331 339 1361 359 52
1387 331 1540 358 Inturbidus
1558 332 1671 358 externis
1684 331 1763 359 rebus
1782 341 1863 360 annus
1882 335 1954 361 do'mi
1975 338 2090 371 suspck‘ta
2103 339 2250 372 seueritate,

109 372 172 400 quas
184 372 232 390 vos
251 363 279 389 in
295 362 334 390 his
352 363 495 397 libidines,
514 371 559 391 etc.
587 365 742 400 reperietis?
812 363 978 398 Introspicite
998 365 1099 398 penitus
1118 366 1146 391 in
1213 372 1259 391 erc.
1296 366 1362 393 Add.
1377 365 1445 392 lbid.
1460 375 1499 399 14,
1517 375 1560 399 22,
1574 369 1599 394 6.

108 407 198 426 omnes
211 398 384 434 Reipublicae
404 406 489 434 partes
508 401 564 427 Cic.
585 409 634 435 pro
648 402 723 428 Font.
736 409 762 433 33
789 409 810 426 c.
827 406 860 432 ις.
958 399 1102 434 Introspice
1120 401 1147 426 in
1249 407 1257 426 1
1270 408 1290 426 Ν
1300 407 1350 428 'rv
1360 408 1377 427 R
1387 407 1477 428 stc
1487 410 1522 434 ο,
1543 405 1597 435 erc,
1630 409 1678 437 pro
1691 401 1812 439 turgesco.
1850 403 1940 437 chct.
1956 415 1976 438 r,
1989 409 2029 439 56.

107 439 221 462 mentem
233 440 306 461 tuam
321 435 374 470 ipse
389 434 463 463 Idem
476 434 508 462 de
522 436 580 463 Fin.
591 444 618 469 2,
631 441 668 467 118
685 445 708 463 c.
720 443 756 469 35.
826 433 981 461 Voluntates
994 435 1146 470 aliquorum
1168 435 1183 462 5
1248 442 1257 460 1
1269 443 1290 462 N
1303 442 1326 462 T
1336 443 1392 464 vs.
1415 437 1483 463 Adu.
1519 437 1614 471 [ἔνι-ὸς,
1633 439 1712 472 ἕπον]
1750 440 1891 473 Plerumque
1913 448 1978 467 σοι-ιε
1987 442 2117 477 fignificat
2139 447 2166 470 in
2187 446 2247 472 loco.
2287 436 2291 440 ⁴

107 469 174 497 Tac,
189 469 257 496 Anu,
271 478 290 503 ι,
306 479 328 503 7,
343 476 365 501 3,
1212 470 1277 496 Plin.
1293 480 1331 503 10,
1347 479 1377 504 52
1403 473 1475 498 Intus
1488 480 1566 498 omne
1579 482 1661 499 ouum
1675 474 1814 500 volucrum
1829 474 1941 501 bicolor.
1993 478 2047 503 (nc.
2063 479 2093 505 de
2109 480 2164 505 Fin.
2178 489 2186 506 1
2211 489 2249 513 44

141 510 151 529 1
164 510 186 530 Ν
197 510 219 530 Τ
230 511 250 532 R
263 511 283 532 0
293 512 314 532 Τ
325 512 342 532 R
352 508 398 533 VD
408 511 428 533 ο
438 525 446 537 ,
458 515 463 528 »
476 505 509 538 fi,
533 507 606 539 snm,
629 507 683 534 ere.
718 506 784 533 Cato
803 503 836 530 de
851 503 883 531 R.
898 504 928 530 R.
948 513 970 530 c.
989 512 1041 540 157,
1058 514 1087 539 ¹4
1117 506 1144 532 Si
1210 506 1268 532 Nec
1283 506 1331 532 hae
1344 508 1395 533 sese
1409 507 1474 533 foris
1489 508 1570 533 solum
1585 509 1696 536 iactant.
1712 519 1757 535 nec
1771 515 1868 535 tantum
1886 510 1913 536 in
1928 510 1994 537 alios
2007 521 2083 539 caeco
2098 501 2198 549 impetu²
2210 516 2250 541 in-
2287 517 2290 519 ’

104 538 190 566 fistula
203 540 272 574 erit,
290 540 432 569 turundam
445 541 628 569 introtrudito.
665 541 712 569 Sed
723 539 889 575 meh'nsforte
902 537 1071 576 dzstmguitmz
1209 548 1327 575 currunt,
1346 543 1388 568 sed
1403 542 1473 568 intus
1487 544 1565 569 etiam
1582 543 1608 569 in
1622 544 1716 570 animis
1732 545 1844 571 inclusae
1859 546 1927 572 inter
1940 547 1964 572 se
1978 546 2095 575 diffident
2109 557 2186 584 atque
2200 551 2250 577 dis-

143 582 181 602 lN
191 581 213 601 T
223 581 241 602 R
252 575 398 609 OVO'CO,
415 581 466 604 are.
503 577 654 611 [εἶσκαλέω]
689 576 749 603 Liu.
764 584 806 605 10,
823 583 846 607 13
872 575 907 601 Vt
926 584 1043 609 quaeque
1060 577 1143 603 intro-
1210 577 1327 604 col-dant.
1396 579 1467 604 Intus
1481 578 1530 610 est,
1552 582 1569 604 i.
1583 582 1609 603 in
1622 579 1689 605 dunzo
1703 579 1884 614 l’laut.Amph.
1897 581 1963 615 prol.
1978 590 2016 609 112
2037 583 2105 609 Nam
2121 594 2191 611 meus
2205 595 2249 620 pa-

103 616 198 637 vocata
210 616 265 638 erat
277 612 404 639 centuria.
438 613 493 640 Cic.
507 614 584 639 Verr.
595 621 619 645 3,
632 614 667 638 66
685 621 706 638 c.
720 613 754 639 26
784 611 840 637 Cur
857 609 888 636 ad
907 619 953 636 nos
972 610 1053 637 filiam
1072 617 1144 639 tuam
1161 619 1192 638 10
1210 619 1250 638 ter
1263 613 1333 639 intus
1349 621 1417 638 nunc
1432 613 1475 638 est.
1547 614 1618 640 Intus
1631 614 1747 641 edocebo
1760 616 1796 641 Id.
1811 616 1885 649 ltpid.
1901 624 1923 649 5,
1940 626 1965 650 1,
1979 619 2019 650 56.
2091 619 2171 646 Plaut.
2187 621 2248 647 Aul.

103 654 158 673 non
172 646 337 675 introuocari
351 647 436 674 iubes.
508 648 584 675 Intro
597 644 850 674 vocari‘disiunfflm
863 646 960 680 quidam
971 648 1072 674 malunt.
1213 656 1232 678 1,
1247 656 1272 679 2,
1286 657 1297 679 3
1323 647 1390 675 Redi
1404 657 1471 674 nune
1486 648 1539 674 iam
1553 649 1640 680 intro,
1661 656 1738 684 atque
1752 651 1821 677 intus
1834 652 1916 677 serua.
1980 654 2052 680 Intus
2070 658 2097 680 et
2111 654 2138 680 in
2151 661 2208 681 cute
2222 662 2248 682 te

141 688 152 708 1
163 688 185 708 N
197 689 218 708 Τ
230 689 249 708 R
262 688 311 709 OV
321 689 339 709 Ο
349 688 495 717 CATvs,
512 692 537 716 a,
557 692 610 710 um.
647 683 714 709 Part.
751 681 918 717 Apul.Met.8
938 690 1064 716 p.243,12.
1080 683 1145 710 Flor.
1211 683 1277 709 noui
1291 684 1358 712 Pers.
1372 692 1393 715 3,
1407 692 1446 715 30.
1494 685 1564 709 Intus
1583 693 1660 718 agere
1675 694 1772 719 equos,
1790 689 1808 711 ι’.
1823 689 1849 712 in
1862 695 1956 722 gyrum
1974 687 2169 725 arffefleflcre:
2195 691 2248 717 vid.

141 723 151 742 Ι
161 723 241 743 NTR
251 724 352 745 ovoc
362 725 441 745 ATV
467 719 556 754 primo
575 717 706 745 Ammian.
720 726 764 750 29,
780 720 805 744 6.
1215 719 1333 745 Torreat.
1352 719 1384 744 mi
1396 720 1489 747 Horat.
1502 719 1553 745 Od.
1569 728 1588 751 1,
1603 728 1622 752 1,
1637 729 1663 753 4.
1699 727 1722 746 ee
1741 722 1790 747 sn.
1803 729 1829 753 2,
1845 729 1868 754 ς,
1884 730 1920 757 17.
1974 725 2042 760 Lips.
2061 725 2096 751 ad
2112 726 2199 753 Senec.
2218 725 2249 753 de

141 758 151 777 1
162 758 420 787 NTROVENio,
440 757 489 781 ire.
525 755 614 781 Lunae
627 753 749 788 fulgore,
766 753 812 788 qni
825 751 1015 785 introuencrat,
1035 752 1145 787 Calpur·
1209 754 1313 788 Tranq.
1328 756 1377 780 An.
1402 763 1423 780 c.
1446 762 1471 786 9.
1525 755 1574 780 Con
1591 755 1598 780 “.
1619 754 1699 782 Ouid.
1721 756 1785 782 Fast.
1805 758 1838 789 6,
1858 763 1908 790 583-
1944 759 1996 786 vid.
2024 767 2034 786 1
2047 767 2067 786 N
2082 767 2104 787 'r
2115 768 2159 788 ER
2171 768 2179 787 1
2191 769 2249 790 01³.

102 786 148 813 nia
165 787 328 815 excitabatur
345 789 460 824 Obsequ.
474 790 506 818 de
519 789 624 823 Prodig.
644 798 666 815 c.
680 792 733 815 126.
1168 794 1196 820 15
1209 787 1229 827 ff
1252 798 1268 816 2.
1296 791 1333 816 De
1347 791 1413 816 loco:
1439 790 1570 816 Plaut.Cil
1585 810 1591 816 .
1604 798 1627 822 3,
1641 796 1653 820 8
1674 791 1722 817 Dic
1736 800 1777 817 ule
1790 800 1878 825 orare,
1896 798 1924 819 vt
1936 795 2033 829 aliquis
2048 796 2118 823 intus
2131 797 2249 831 prodeat.

139 829 150 848 1
159 829 214 849 NT
223 829 242 849 R
251 830 271 851 0
281 830 302 849 V
311 830 329 851 Ε
339 831 358 851 R
367 831 380 851 s
389 832 409 851 v
419 831 446 851 S.
481 824 551 851 Adu.
587 824 754 851 Introuersus
770 823 796 849 se
809 822 922 857 proiecit
942 823 969 849 in
987 823 1083 850 lectum
1097 824 1143 850 Pc-
1208 827 1300 858 Quum
1313 833 1385 851 mare
1400 830 1550 858 permotum
1563 825 1647 851 ventis
1660 826 1715 853 ruit
1734 827 1804 853 intus
1823 836 1928 855 arenam
1941 830 2045 857 Luci-ct.
2057 833 2083 864 6,
2097 834 2158 867 726.
2194 833 2249 860 vid.

58 882 65 892 x
100 861 172 884 tron.
190 867 212 884 c.
229 861 268 891 63.
339 861 429 893 Quare
441 859 481 892 fit,
499 865 528 886 vt
542 860 704 887 introuersus
717 865 743 885 et
758 858 790 885 ad
803 865 827 884 te
841 858 953 891 spectent
966 866 1044 893 atque
1056 859 1142 885 serant
1207 862 1343 888 Burmann.
1358 860 1391 886 ad
1405 860 1533 894 Qliuelil.
1550 870 1566 892 1,
1580 868 1593 893 5
1618 870 1641 895 p.
1657 864 1700 894 64.
1774 863 1846 888 Intus
1864 871 1974 891 euocato
1995 866 2076 893 Plaut.
2091 867 2169 894 Most.
2183 876 2211 901 3,
2226 877 2248 901 1,

100 892 213 927 vestigia
229 894 255 920 se
272 895 363 921 omnia
380 895 465 921 Lucil.
485 902 527 931 ap.
541 895 615 923 Non.
629 905 658 929 4,
680 895 734 923 166.
802 894 968 921 Introuersus
988 893 1143 921 contractum
1208 903 1265 930 147.
1360 895 1433 921 Idem
1447 896 1535 922 Pseud.
1551 904 1574 928 2,
1588 904 1611 928 2,
1626 904 1653 921 10
1677 896 1779 923 Ostium
1800 898 1924 932 pultabo,
1941 906 2020 935 atque
2040 902 2110 929 intus
2129 904 2248 930 euocabo

95 932 195 964 peperit
214 928 351 956 introrsus.
1206 931 1323 966 aliquem
1338 930 1416 957 foras.
1486 931 1566 957 Plaut.
1582 931 1662 957 Milit.
1674 941 1702 965 4,
1715 942 1742 966 4,
1758 941 1784 965 33
1805 933 1854 959 Sed
1867 934 1912 961 vbi
1928 935 1973 961 illc
1986 938 2080 964 exierit
2093 938 2172 971 intus,
2190 939 2248 966 istie

138 965 342 997 1NTRx7D0‚
369 964 404 999 fi³
434 966 505 996 sum,
535 966 587 993 gre.
623 964 758 999 [εἰσοθέω]
809 963 958 997 Οότνιιᾶενρ,
983 968 1093 1001 ingerere
1104 965 1187 1000 se.20
1205 972 1231 993 te
1250 966 1343 1000 procul
1359 967 1395 992 ita
1411 966 1475 992 volo
1489 965 1642 993 assimulare.
1748 969 1821 994 Intus
1835 970 1985 1003 egreditur,
2011 976 2028 997 i.
2044 974 2064 999 E
2076 972 2144 1000 doma
2163 974 2246 1001 Plaut.

99 998 157 1026 Cic.
172 1008 220 1034 pro
236 1001 342 1027 Caecin.
354 1009 378 1033 ¹3
401 1010 424 1027 c.
439 1009 452 1033 5
475 1003 561 1036 Atque
579 1001 658 1028 etiam
672 1002 696 1027 se
710 1001 764 1035 ipse
779 998 923 1032 inferebat,
942 1006 967 1026 et
981 1000 1141 1033 intrudebat,
1203 1002 1270 1028 Pers.
1285 1010 1307 1034 2,
1321 1010 1339 1034 4
1359 1009 1423 1028 extr.
1510 1002 1583 1027 Intus
1603 1002 1693 1028 efferri
1710 1002 1780 1029 foras
1800 1004 1901 1031 iubebo
1920 1006 1992 1032 Idem
2006 1008 2097 1035 Bacch.
2112 1018 2136 1040 1,
2154 1018 2185 1042 2,
2204 1012 2246 1037 62.

98 1040 127 1061 et
140 1034 169 1061 in
183 1043 242 1061 eam
255 1035 412 1070 opinionem
425 1037 580 1063 Cesenniam
598 1035 756 1068 adducebat,
774 1041 820 1062 etc.
855 1036 889 1061 αΙ.
902 1035 1061 1062 Introdabat.
1205 1038 1278 1073 Conf.
1297 1037 1336 1063 Id.
1351 1038 1408 1063 Cas.
1422 1045 1445 1069 2,
1458 1038 1484 1069 6,
1498 1045 1540 1070 42.
1644 1038 1716 1063 Intus
1735 1038 1854 1065 tellurem
1874 1040 1938 1067 Plin.
1954 1050 1995 1074 33,
2016 1052 2035 1069 1.
2108 1046 2181 1072 Intus
2200 1045 2247 1072 do-

136 1068 336 1103 INTV'BVS,
363 1071 382 1097 i.
420 1081 456 1099 m.
498 1074 540 1099 vel
561 1072 580 1098 f.
614 1072 667 1105 fiut·
693 1077 736 1097 1N
748 1069 905 1103 TV13VM‚
925 1071 942 1097 i.
979 1081 1004 1097 n.
1043 1072 1139 1106 [σέρις]
1204 1081 1277 1098 mum
1291 1072 1420 1104 nostram,
1437 1080 1486 1108 pro
1505 1073 1598 1098 Intra:
1623 1072 1705 1098 Plaut.
1721 1073 1804 1099 Milit.
1818 1082 1842 1104 2,
1858 1083 1876 1105 1,
1891 1083 1920 1108 55·
1942 1077 2079 1105 Continuo
2101 1081 2162 1106 vide
2183 1081 2246 1108 fitne

98 1104 184 1132 Herba
198 1104 232 1138 est
245 1114 274 1131 ex
287 1106 450 1133 cichoriorum
487 1116 563 1139 encre,
582 1116 654 1143 quam
667 1108 756 1133 Graeci
769 1108 847 1132 Serim
859 1114 956 1134 uocant.
998 1107 1076 1143 Vulgo
1087 1116 1141 1132 cor·
1181 1108 1184 1109 ⁷
1204 1108 1252 1134 ista
1270 1108 1333 1134 hacc
1348 1107 1457 1134 domum
1475 1107 1586 1134 vestram
1605 1107 1685 1133 intus.
1792 1109 1925 1136 Contraria
1940 1122 1948 1135 :
1982 1113 2036 1139 Cic.
2057 1114 2089 1141 de
2105 1116 2204 1143 Senefl,
2219 1125 2247 1143 12

98 1146 172 1175 rupto
187 1143 283 1166 nomine
295 1150 409 1168 vocamus
423 1116 574 1169 Enniiuiam.
646 1142 743 1176 Virgil.
759 1142 857 1175 Georg.
873 1150 897 1174 1,
913 1151 957 1168 120
982 1142 1038 1168 Nec
1053 1150 1140 1167 tamen
1158 1150 1189 1176 23
1204 1144 1261 1170 Nec
1274 1152 1339 1169 vero
1353 1143 1399 1168 ille
1413 1144 1440 1169 in
1454 1143 1510 1169 lnce
1524 1143 1605 1169 modo
1625 1149 1703 1177 atque
1718 1142 1745 1169 in
1760 1145 1845 1171 oculis
1864 1145 1965 1172 ciuium
1980 1156 2100 1182 magnus,
2119 1152 2163 1177 scd
2175 1153 2247 1178 intus

97 1188 144 1195 —
174 1175 243 1203 nihil
263 1176 402 1211 improbus
425 1180 515 1211 anser,
541 1177 757 1211 Strymoniaeque
771 1186 865 1211 grues,
890 1184 914 1203 ct
933 1178 1028 1205 amaris
1046 1177 1138 1203 intuba
1203 1179 1330 1213 domique
1344 1179 1526 1213 praestantior.
1603 1179 1675 1204 Intus
1687 1178 1807 1212 sedibus,
1823 1187 1871 1215 pro
1886 1182 2023 1216 Infidibus
2036 1184 2172 1217 Lucret.2,
2184 1190 2247 1220 964.

96 1209 181 1237 fibris.
231 1211 339 1238 SocIetas
351 1215 434 1239 auium
447 1214 530 1250 fecit,
543 1219 617 1247 puto,
636 1219 667 1238 vt
677 1213 782 1239 Donato
796 1222 825 1238 ac
838 1213 930 1239 Seruio
947 1212 1056 1246 testibus,
1073 1213 1140 1239 male
1203 1216 1276 1241 Intus
1291 1215 1318 1240 in
1332 1223 1454 1240 crumena
1467 1214 1550 1240 Plaut.
1562 1213 1656 1248 Amph.
1671 1222 1693 1246 3,
1707 1224 1727 1246 3,
1742 1223 1772 1240 11.
1820 1216 1875 1242 Cic.
1891 1216 1923 1242 de
1937 1218 2056 1248 Vniuers.
2064 1228 2096 1251 3ο
2120 1222 2168 1247 Sed
2184 1223 2247 1256 quia

96 1245 207 1280 quidam
226 1246 344 1279 intybam
363 1256 439 1275 auem
453 1247 583 1283 quandam
603 1248 687 1275 amari
706 1248 802 1274 iecoris
816 1249 969 1282 acciperent.
1007 1250 1140 1279 caeterum,
1203 1250 1323 1276 nondum
1341 1258 1420 1275 omne
1439 1249 1534 1276 animal
1552 1249 1691 1278 inmundo
1712 1250 1781 1275 intus
1796 1250 1950 1285 incluserat,
1970 1260 2016 1280 etc.
2108 1256 2180 1282 Intus
2199 1257 2247 1284 ad:

93 1283 139 1316 qui
147 1280 239 1313 intyba
245 1282 370 1318 scribunt,
377 1282 542 1316 destituuntur
551 1283 581 1309 ab
593 1285 740 1320 etymologia
749 1286 849 1319 pariter
856 1285 929 1319 (quac
939 1286 1031 1310 Graeca
1044 1284 1139 1319 qm‘dcm
1202 1287 1288 1311 Varro
1303 1286 1335 1311 de
1347 1285 1378 1310 R.
1388 1286 1419 1310 R.
1435 1293 1453 1316 1,
1467 1292 1483 1319 7
1502 1285 1531 1311 In
1545 1285 1631 1311 Gallia
1646 1285 1802 1319 transalpina
1816 1287 1885 1313 intus
1900 1289 1930 1313 ad
1944 1288 2066 1316 Rhenum
2080 1300 2160 1326 quum
2174 1301 2248 1320 exer-

93 1324 144 1342 non
157 1315 421 1354 ashundecunquefit)
433 1325 456 1345 et
467 1317 620 1345 aufloritate
632 1320 727 1345 idonea.
755 1319 1138 1354 IntubicoftiScrib.104.plu-
1156 1327 1188 1352 3ο
1203 1321 1287 1347 citum
1305 1320 1443 1352 ducerem,
1464 1326 1509 1346 etc.
1582 1321 1653 1346 Intus
1668 1319 1711 1346 llic
1731 1330 1789 1347 cum
1809 1322 1854 1348 illa
1873 1322 1951 1349 cubat
1971 1325 2051 1352 Plaut.
2066 1326 2162 1361 Amph.
2177 1329 2246 1362 prol.

94 1353 194 1378 ralieer.
229 1352 368 1386 Plin.20,8
389 1353 480 1380 Intubi
493 1363 601 1389 quoque
612 1363 666 1380 non
680 1361 753 1381 extra
768 1354 885 1382 remedia
898 1355 968 1381 sunt:
987 1355 1080 1380 Sumus
1094 1364 1138 1380 co·
1204 1364 1253 1382 112.
1326 1356 1380 1382 Cic.
1398 1355 1429 1381 de
1443 1356 1471 1381 L.
1485 1356 1546 1389 Agr.
1561 1363 1587 1387 2,
1600 1359 1629 1387 67
1651 1364 1672 1382 c.
1685 1359 1719 1382 26
1742 1357 1827 1391 Atque
1841 1357 1890 1384 hoc
1903 1367 2006 1386 carmen
2021 1361 2064 1387 hic
2080 1362 2162 1389 Trib.
2177 1364 2247 1398 pleb.

93 1395 155 1414 rum
168 1396 228 1414 cum
239 1389 347 1415 rosaceo
360 1393 386 1415 et
397 1394 471 1415 aceto
487 1389 579 1424 capitis
594 1388 700 1417 dolores
713 1390 787 1417 lenit.
824 1391 882 1417 Col.
893 1399 971 1423 10,111
990 1392 1045 1416 Iam
1057 1390 1139 1416 breue
1204 1400 1259 1417 non
1276 1390 1369 1422 nobis,
1390 1390 1432 1417 sed
1452 1390 1500 1417 libi
1519 1391 1588 1416 intus
1605 1391 1681 1417 canit.
1738 1393 1905 1419 Prouerbialis
1918 1395 2007 1421 locutio
2025 1396 2053 1422 de
2067 1399 2120 1432 Iis,
2138 1402 2181 1434 qui
2189 1398 2238 1432 fibi

94 1421 293 1463 therophylum,
313 1429 339 1450 et
352 1425 470 1459 torpenti
484 1431 555 1459 grata
569 1425 654 1458 palato
682 1426 786 1453 Intuba.
829 1425 1007 1460 Virg.Gcorg.
1019 1434 1087 1458 1‚120
1106 1426 1137 1451 Et
1201 1437 1250 1452 nan
1263 1427 1323 1453 aliis
1328 1425 1442 1459 student.
1485 1425 1543 1452 Vid.
1553 1427 1645 1460 Erajm.
1660 1427 1803 1454 inChiIiad.
1840 1429 1997 1465 Ca›1f.Jitpra
2010 1437 2108 1459 CANO.
2164 1420 2247 1467 Intus:

93 1459 190 1484 amaris
204 1458 297 1485 intuba
309 1458 392 1485 fibris.
488 1460 590 1487 Charis.
606 1469 615 1486 1
634 1470 657 1495 p.
672 1468 707 1496 77
726 1468 791 1488 extr.
815 1462 910 1488 Intuba
924 1462 1030 1488 Neutro
1043 1469 1138 1495 genere
1195 1469 1245 1497 pro
1262 1463 1333 1488 Intro
1354 1462 1422 1493 dici,
1441 1468 1515 1497 negat
1529 1460 1611 1489 Lucil.
1624 1461 1690 1497 apud
1703 1462 1804 1490 Charis.
1821 1472 1831 1490 1
1857 1473 1881 1498 p.
1897 1467 1935 1495 86.
1987 1467 2107 1494 Dabimus
2125 1470 2200 1497 verba
2216 1480 2247 1498 ex

92 1493 224 1527 Virgilius
240 1493 328 1525 dixit3
349 1495 462 1529 (Georg.
478 1504 498 1528 1,
514 1499 577 1527 120)
602 1497 633 1522 Et
647 1497 742 1523 amaris
755 1496 847 1524 intuba
861 1496 943 1523 fibris.
978 1496 1027 1523 Sed
1041 1502 1067 1522 et
1084 1505 1137 1522 ma-
1156 1506 1184 1532 35
1202 1497 1321 1524 emendat.
1343 1499 1384 1524 Fr.
1401 1498 1502 1523 Dousae
1520 1497 1547 1522 in
1563 1497 1649 1532 Reliq.
1663 1505 1689 1529 9,
1703 1506 1730 1524 12

90 1528 196 1555 sculino
208 1538 303 1563 genere
316 1531 470 1564 frequenter
486 1540 500 1557 a
514 1531 650 1557 veteribus
668 1531 768 1558 die'tum
783 1532 827 1559 est.
886 1533 957 1559 Nam
971 1533 1090 1558 Lucilius
1109 1533 1139 1558 in
1270 1533 1342 1559 Nam
1360 1533 1433 1559 velut
1454 1533 1575 1558 INTRO
1595 1532 1667 1558 aliud
1681 1533 1759 1567 longe
1774 1534 1822 1561 effe
1837 1540 1916 1569 atque
1931 1535 2036 1563 INTV‘
2053 1538 2193 1574 videmus,

91 1571 107 1597 ς
127 1564 250 1591 deridens
262 1565 384 1592 rusticam
398 1575 515 1598 coenam,
533 1568 693 1594 enumeratis
708 1568 799 1594 multis
813 1567 919 1601 herbis,
942 1568 1051 1595 Intubus
1064 1576 1138 1601 prae-
1274 1568 1315 1595 Sic
1335 1573 1360 1595 et
1377 1568 1469 1594 APVD
1488 1568 1538 1594 ΤΕ
1559 1568 1636 1601 longe
1655 1568 1709 1594 alid
1728 1569 1778 1599 est,
1798 1578 1884 1605 neque
1903 1571 1974 1599 idem
1993 1573 2063 1600 valet
2081 1575 2128 1600 AD
2146 1576 2211 1603 TE:

89 1604 161 1626 terea
180 1599 291 1633 pedibus
308 1601 445 1636 perscrplit
464 1602 579 1636 equinis.
640 1604 672 1629 Et
686 1603 815 1629 Aemilius
829 1604 933 1636 Macer,
964 1617 1009 1623 —-
1039 1603 1138 1637 Qiales
1272 1604 1395 1631 INTRO
1415 1612 1462 1629 nos
1485 1609 1561 1630 vocat
1584 1604 1630 1629 AD
1650 1604 1718 1636 sese,
1739 1610 1809 1631 tenet
1826 1606 1939 1632 INTVS
1959 1607 2049 1634 APVD
2070 1610 2103 1635 se.

91 1635 162 1668 seges
179 1635 287 1662 intubus
304 1635 407 1663 herbas.
478 1638 604 1664 Intubuin
620 1639 762 1665 erraticum
777 1639 900 1673 Aegyptii
912 1638 1072 1665 Cichorium
1090 1648 1138 1665 vo·
1204 1640 1273 1665 Hinc
1288 1639 1418 1672 Qlinftil.
1434 1647 1460 1670 1,
1473 1646 1495 1671 5,
1510 1647 1540 1671 50
1569 1638 1613 1664 ΕΟ
1634 1639 1765 1670 INTVS,
1793 1647 1819 1667 et
1835 1641 1958 1667 INTRO
1982 1643 2069 1676 SVM,
2091 1645 2247 1674 Soloecismi

89 1669 192 1696 cabant.
237 1671 305 1698 Plin.
319 1679 357 1705 19,
371 1676 385 1702 8
404 1673 423 1699 s.
437 1680 476 1706 39.
512 1673 580 1701 Add.
596 1674 703 1701 Colum.
719 1680 741 1706 8,
757 1683 795 1708 ¹4·
840 1674 935 1702 Pallad.
949 1683 970 1705 1,
981 1683 1021 1707 3ο.
1059 1674 1137 1709 Apul.
1147 1683 1183 1709 40
1203 1676 1273 1701 sunt.
1319 1676 1413 1701 Tamen
1427 1675 1471 1701 hoc
1485 1673 1638 1709 nonsempcr
1654 1674 1803 1709 obstruatur.
1841 1676 1922 1702 Ouid.
1937 1677 2000 1703 Met.
2016 1686 2053 1709 10,
2067 1687 2118 1713 457
2138 1681 2247 1716 Iamque

89 1703 123 1732 de
141 1705 226 1733 Herb.
247 1715 269 1733 c.
283 1714 329 1742 47.
1202 1710 1275 1738 fores
1293 1710 1378 1745 aperit
1391 1721 1398 1741 ;
1429 1709 1481 1735 iam
1496 1709 1601 1735 ducitur
1614 1709 1694 1735 intus.
1762 1710 1844 1736 Plaut.
1860 1711 1938 1736 Most.
1952 1719 1977 1742 2,
1997 1720 2016 1742 1,
2030 1721 2060 1745 59
2078 1715 2142 1740 Iube
2157 1717 2247 1744 efferri

125 1748 398 1773 zNTVBACEvs,
414 1751 440 1775 a,
456 1752 511 1770 um.
547 1744 608 1771 Adi.
646 1745 766 1781 [σερινᾶς]
803 1744 876 1782 Qod
888 1743 921 1778 qs}
934 1754 963 1772 ex
978 1745 1070 1772 intubo.
1097 1746 1140 1773 In·
1203 1746 1283 1772 intus.
1354 1746 1386 1772 Et
1405 1745 1487 1770 Milit.
1503 1754 1526 1775 a,
1541 1753 1568 1776 4,
1582 1746 1618 1769 60
1643 1744 1721 1769 Illum
1742 1745 1778 1769 sat
1798 1745 1850 1770 scio
1869 1745 1930 1772 hinc
1950 1747 1998 1772 else
2017 1748 2149 1776 exiturum
2166 1752 2248 1780 intus„

87 1775 198 1803 tubacea
211 1777 278 1803 folia
293 1777 357 1804 Plin.
372 1786 417 1812 27,
431 1787 465 1805 12.
528 1782 533 1784 ⁴
1202 1783 1234 1807 Et
1249 1781 1315 1806 Pers.
1331 1788 1357 1812 2,
1371 1789 1395 1811 4,
1407 1787 1438 1810 3ο
1465 1777 1606 1811 Egreditur
1623 1778 1702 1804 intus.
1759 1779 1800 1804 sic
1814 1780 1882 1806 Cels.
1904 1789 1925 1813 5,
1947 1786 1984 1813 τε,
2003 1791 2027 1808 12
2055 1785 2248 1819 inspirandum-

126 1818 287 1845 1NTVEOR‚
302 1813 411 1839 intuitus
425 1814 491 1846 sum,
499 1814 547 1841 eri.
568 1813 823 1850 [καθοροέωμῖἁ-ενίζω]
848 1815 1138 1845 Vi.i.-›·e,etc0m1·nusin·
1203 1824 1255 1848 que
1275 1820 1304 1840 vt
1322 1822 1351 1840 ea
1369 1813 1559 1839 medicamenta
1578 1813 1648 1838 intus
1670 1813 1868 1847 compellantur.
1948 1817 2021 1843 Intus
2039 1827 2114 1846 nares
2133 1822 2247 1850 iniicere

79 1845 196 1881 spicere,
213 1854 236 1873 et
247 1854 277 1873 vt
289 1848 369 1883 ipsum
381 1848 466 1874 videre
480 1848 514 1874 ad
518 1849 616 1883 sensim:
625 1853 727 1883 pariter
746 1859 775 1875 ac
793 1856 894 1875 mentam
912 1849 1034 1883 refertur.
1070 1848 1136 1873 Plin.
1152 1854 1186 1880 45
1202 1848 1322 1875 Scribon.
1337 1851 1373 1881 46
1397 1850 1468 1874 Intus
1487 1848 1580 1874 vulnus
1602 1849 1722 1875 conuerti
1742 1858 1789 1875 121.
1843 1850 1916 1885 Conf.
1934 1852 2012 1878 Rhad.
2027 1856 2054 1879 in
2069 1855 2152 1885 Lexia.
2167 1859 2246 1885 Scrib.

83 1881 215 1915 Epist-za
235 1882 293 1908 Erit
306 1891 370 1916 ergo
385 1889 534 1916 pergratum
547 1883 616 1908 mihi
627 1885 692 1910 hanc
706 1883 822 1918 effigiem
836 1884 892 1909 eius
903 1882 1014 1909 subinde
1026 1883 1137 1914 intueri,
1203 1885 1234 1910 Et
1247 1885 1352 1910 Lucret.
1365 1894 1392 1917 4,
1409 1888 1466 1913 1088
1492 1884 1563 1909 Nam
1583 1884 1650 1909 citus
1669 1891 1746 1917 atque
1761 1884 1858 1911 humor
1874 1887 2000 1913 membris
2013 1889 2148 1918 affumitur
2166 1893 2246 1921 intus.

67 1943 71 1946 ,
86 1916 198 1942 subinde
211 1917 350 1951 respicere,
368 1917 415 1943 sub
435 1917 481 1943 hac
496 1917 642 1945 consistere.
689 1918 904 1951 Plaut.Bacch.5‚
917 1927 941 1948 2,
951 1927 977 1944 12
998 1918 1093 1944 Viden'
1107 1918 1138 1943 li-
1202 1919 1258 1945 Vbi
1280 1919 1350 1945 intus
1367 1919 1433 1944 hane
1454 1927 1550 1944 nouam
1569 1925 1676 1952 nuptam
1698 1919 1796 1945 deduxi
1820 1920 1865 1947 via
1885 1921 1957 1948 reela
1974 1922 2056 1951 Plaut.
2074 1926 2130 1954 Cas.
2142 1935 2165 1961 5,
2184 1937 2211 1962 2,
2224 1939 2247 1962 7,

85 1951 165 1978 mulis
183 1957 212 1978 vt
225 1952 337 1978 obsecro
356 1952 494 1978 intuentur
507 1955 516 1979 3
571 1954 641 1979 Ter.
654 1954 721 1980 Eun.
736 1963 758 1986 3,
772 1962 792 1986 5,
807 1963 832 1985 32
858 1955 965 1985 Annuo,
977 1953 1081 1979 'terram
1095 1952 1135 1978 in-
1199 1954 1274 1989 Conf.
1289 1954 1404 1988 Rutgcer
1429 1954 1459 1980 17.
1474 1954 1503 1979 L.
1518 1957 1544 1985 6,
1558 1963 1595 1987 19.

84 1987 161 2013 tu'ens
177 1987 304 2013 modeste.
381 1986 453 2019 Quid
473 1993 502 2013 vt
520 1996 635 2013 nouerca
653 1997 696 2014 me
710 1989 841 2015 intueris?
866 1990 960 2014 Horat.
975 1987 1055 2021 Epod.
1069 1995 1090 2019 5,
1109 1993 1139 2019 9.
1236 1997 1245 2014 1
1255 1996 1275 2015 Ν
1288 1995 1309 2014 Τ
1321 1995 1340 2013 v
1350 1996 1362 2014 s
1373 1996 1381 2014 1
1392 1995 1411 2012 V
1422 1995 1463 2021 M,
1489 1988 1542 2014 vzd.
1565 1995 1574 2013 1
1588 1994 1609 2014 N
1619 1995 1638 2014 D
1649 1995 1669 2014 v
1679 1994 1691 2014 S
1701 1996 1710 2015 1
1719 1996 1740 2015 V
1750 1996 1775 2016 M
1784 2009 1791 2016 .

84 2021 195 2049 Peetore
213 2022 331 2056 aliquem
350 2020 432 2048 Ouid.
451 2030 482 2048 ex
497 2023 573 2049 Por-t.
588 2031 614 2055 2,
631 2032 669 2055 10,
683 2030 728 2058 47.
795 2023 900 2050 Plenius
921 2030 1000 2057 atque
1019 2023 1134 2057 apertius
1149 2030 1181 2055 50
1236 2030 1245 2049 1
1259 2029 1281 2048 N
1295 2029 1316 2049 T
1329 2024 1349 2049 <⁷
1361 2029 1382 2049 Τ
1394 2030 1435 2050 vs
1445 2043 1453 2055 ‚
1472 2032 1502 2055 a,
1523 2033 1576 2050 um.
1614 2023 1674 2050 Adi.
1710 2025 1869 2059 [σφαλερδς]
1907 2027 2084 2063 Nunfi’curus,
2105 2041 2152 2058 nan
2166 2040 2246 2063 tutus,

85 2057 188 2091 aliquid
206 2057 338 2090 Quinetil.
352 2065 378 2089 2,
393 2066 433 2083 20.
502 2057 632 2091 sagaciter
649 2058 723 2085 Idem
736 2067 762 2091 2,
774 2064 796 2088 8.
867 2057 1026 2084 Aesim-ibus
1049 2058 1133 2084 oculis
1200 2058 1261 2084 Liu.
1275 2067 1298 2091 5,
1310 2067 1342 2091 45
1363 2059 1452 2085 Castra
1465 2059 1603 2085 Gallorum
1618 2060 1716 2091 intuta,
1737 2060 1922 2095 ncglee'laque,
1941 2062 1974 2088 ab
1989 2066 2062 2091 omni
2076 2073 2150 2100 parte
2163 2070 2234 2097 naeu

84 2092 189 2127 aliquid
203 2092 336 2126 Qiine’til.
353 2101 380 2125 2,
399 2101 436 2125 ro.
532 2093 589 2120 Cic.
607 2102 656 2128 pro
671 2095 749 2120 Dom.
763 2101 795 2129 47
819 2103 840 2120 c.
855 2099 879 2124 18
903 2095 968 2120 Date
988 2093 1053 2119 hanc
1067 2093 1135 2119 Tri·
1200 2102 1260 2120 cum
1278 2093 1381 2127 ingenti
1400 2093 1514 2120 clamore
1530 2094 1666 2120 inuadunt.
1722 2095 1763 2121 Sic
1777 2095 1849 2121 Idem
1865 2105 1891 2128 9,
1904 2106 1934 2130 41
1964 2099 2050 2126 Intuta
2063 2102 2134 2129 vrbs.
2203 2090 2247 2132 In:

84 2127 149 2156 bun.
163 2127 233 2162 pleb.
246 2128 442 2159 licentiam,.et
463 2127 605 2155 intuemini
625 2130 766 2164 paullisper
779 2130 874 2156 animis
890 2130 1066 2160 iuuentutem,
1087 2135 1133 2154 etc.
1200 2134 1287 2155 tutum
1301 2129 1336 2154 est
1351 2128 1464 2155 scribere
1479 2129 1556 2160 stilo,
1577 2134 1605 2154 vt
1619 2129 1780 2167 vetustiffimi
1793 2130 1968 2165 prodiderunt
1982 2135 2047 2161 Plin.
2060 2144 2101 2171 57,
2116 2146 2156 2172 ¹4·
2202 2142 2246 2166 In-

83 2163 231 2190 Veritatem
252 2165 309 2191 Cic.
323 2164 406 2190 Tusc.
418 2171 440 2196 5,
453 2171 478 2196 9.
549 2164 659 2199 Aliquid
673 2166 728 2191 acri
742 2171 768 2191 et
783 2166 886 2191 intento
903 2166 994 2191 animo
1013 2164 1087 2190 Idem
1102 2164 1134 2188 de
1200 2169 1270 2193 tuta,
1287 2171 1354 2196 quae
1366 2163 1491 2189 indecora
1504 2164 1593 2189 Tacit.
1609 2164 1676 2190 Hist.
1693 2173 1712 2196 1,
1726 2173 1759 2196 33.
1831 2167 1917 2193 Intuta
1937 2171 2072 2196 moenium
2087 2172 2193 2200 firmare
2206 2175 2246 2204 Id.

84 2199 143 2226 Fin.
157 2208 177 2232 1,
190 2208 218 2232 57
236 2208 258 2226 c.
274 2207 303 2234 17
316 2199 368 2234 fin.
425 2198 556 2226 Id.Tusc.
571 2208 591 2232 ς,
604 2209 621 2232 9
646 2200 702 2233 Qui
715 2201 824 2226 caeteris
838 2199 963 2225 omnibus
982 2207 1030 2231 pro
1044 2198 1133 2223 nihilo
1151 2203 1181 2228 53
1200 2198 1267 2223 Hist.
1283 2206 1310 2229 3,
1325 2201 1368 2231 76,
1388 2206 1409 2229 3.
1482 2198 1547 2225 Non
1567 2198 1680 2227 intutior
1698 2206 1834 2235 tempore,
1859 2211 1939 2237 quam
1956 2204 2015 2232 Deo
2032 2205 2129 2236 tectior
2147 2209 2246 2239 Nazar.

84 2234 200 2267 habitis,
223 2243 314 2261 rerum
333 2239 454 2261 naturam
471 2234 587 2261 studiose
603 2236 780 2261 intuerentur.
874 2235 944 2259 Haec
964 2233 1010 2258 ille
1030 2232 1134 2258 intuens
1197 2233 1291 2266 Paneg.
1313 2242 1334 2259 c.
1350 2235 1393 2259 26.

78 2270 154 2304 ·Nep.
168 2279 203 2301 10,
217 2275 238 2302 8,
255 2279 275 2296 1.
370 2269 402 2295 Id
420 2270 467 2295 ille
481 2270 585 2295 intuens
599 2270 674 2295 Idem
689 2279 710 2301 7,
725 2280 747 2302 4,
762 2278 781 2295 1.
816 2274 840 2294 et
854 2271 891 2295 ita
900 2268 1011 2304 saepius.
1075 2267 1131 2293 Ali·
1232 2274 1243 2294 1
1254 2274 1276 2295 N
1292 2274 1314 2295 T
1327 2275 1344 2294 Y
1355 2273 1372 2294 B
1383 2275 1404 2296 V
1416 2275 1429 2296 S
1443 2287 1453 2302 ‚
1489 2269 1542 2296 vid.
1568 2277 1578 2296 1
1590 2275 1614 2297 Ν
1628 2276 1650 2297 Τ
1662 2277 1682 2298 V
1693 2277 1738 2297 BV
1748 2277 1777 2298 S.

82 2305 149 2340 quid
164 2315 252 2332 coram
271 2305 327 2331 Cic.
341 2304 373 2330 de
387 2304 508 2330 Prouine.
521 2305 599 2330 Cons.
613 2312 646 2330 22
668 2312 689 2330 c.
705 2312 730 2336 9.
803 2305 862 2330 Huc
880 2309 958 2338 atque
977 2303 1040 2328 illuc
1055 2302 1130 2328 Idem
1678 2310 1681 2313 ⁴

82 2341 115 2367 de
128 2341 203 2367 Orat.
218 2349 237 2371 1,
252 2345 306 2372 184.
377 2339 485 2365 Intuere
497 2348 539 2364 me
552 2339 652 2373 ipsum,
673 2340 731 2373 qui,
751 2344 797 2364 etc.
815 2339 871 2365 Cic.
887 2339 959 2364 Fam.
973 2347 1007 2370 13,
1020 2346 1042 2370 3.
1087 2339 1130 2364 In.
1555 2343 1571 2374 1
1689 2344 1720 2375 N
1840 2344 1870 2376 V

33 2378 43 2388 ‘¹
81 2376 197 2402 tueriet
216 2373 390 2407 contemplari
408 2374 526 2409 aliquem
548 2374 621 2400 Idem
635 2383 684 2408 pro
697 2374 781 2399 Plane.
796 2382 817 2400 2.
889 2373 1000 2408 Aliquid
1022 2374 1130 2404 intueri,
1149 2375 1184 2401 60

79 2411 112 2438 in
123 2419 209 2445 eoque
223 2409 339 2436 defixum
353 2410 401 2435 esse
419 2410 475 2436 Cic.
490 2410 518 2434 in
533 2409 608 2434 Orat.
622 2417 646 2441 9.
717 2410 834 2436 Reucreri
851 2415 895 2435 aut
906 2409 1046 2445 fiaspiccre:
1071 2409 1130 2435 Liu.
1230 2416 1242 2437 1
1252 2416 1339 2438 NVA
1350 2416 1367 2437 c
1379 2417 1469 2443 vvs,
1486 2420 1515 2442 a,
1532 2419 1587 2437 um.
1625 2411 1688 2439 Adi.
1724 2413 1854 2442 Laudatur
1867 2415 1985 2445 Tertull.
1998 2418 2056 2447 adu.
2073 2419 2193 2458 Hermog
2219 2432 2233 2450 c

79 2453 123 2480 37,
138 2454 169 2479 50
189 2445 266 2480 Apud
277 2452 357 2470 omne
368 2453 448 2478 genus
462 2443 623 2475 humanum,
644 2443 717 2478 quod
731 2444 844 2471 vestrum
861 2453 958 2470 nomen
974 2444 1130 2479 imperium·
1194 2454 1238 2478 29.
1276 2446 1323 2472 sed
1338 2446 1374 2472 ibi
1388 2449 1425 2473 ita
1437 2448 1547 2482 legitur,
1566 2447 1601 2473 Vt
1615 2446 1648 2473 fic
1664 2457 1771 2483 quoque
1783 2459 1839 2477 eam
1853 2460 1907 2478 non
1922 2453 1950 2479 in
1963 2461 2073 2481 vacuum
2086 2457 2183 2484 fecisset
2195 2443 2244 2486 h:

79 2490 132 2516 que
142 2501 150 2513 ‚
171 2481 244 2507 iuxta
259 2489 286 2506 ac
299 2480 370 2505 Deos
384 2478 546 2505 iunnortales
560 2479 687 2506 intuetur.
759 2480 814 2506 Cic.
828 2479 861 2505 de
874 2480 996 2506 Vniuers.
1011 2489 1032 2511 3¹
1056 2482 1130 2512 Quot
1193 2481 1288 2507 ciendo
1302 2481 1450 2512 visibilem,
1466 2487 1491 2507 et
1508 2482 1545 2508 ita
1561 2481 1741 2510 habitabilem.
2184 2478 2193 2491 '

80 2514 182 2551 i‘gitur,
201 2522 227 2542 et
245 2515 333 2550 quales
353 2514 510 2542 animalium
526 2514 625 2541 forinas
643 2523 716 2541 mens
736 2514 764 2541 in
784 2516 895 2549 speciem
914 2524 1005 2542 rerum
1023 2516 1129 2540 intuens
1231 2523 1240 2542 1
1253 2522 1276 2542 N
1290 2523 1311 2541 V
1322 2523 1344 2542 Α
1355 2523 1403 2542 DA
1413 2523 1428 2543 Β
1441 2525 1449 2543 1
1461 2524 1476 2542 L
1487 2525 1495 2543 1
1505 2525 1534 2549 s,
1553 2526 1575 2543 e.
1614 2518 1718 2545 Adieet.
1756 2519 1917 2549 Inuadabilis
1931 2522 2028 2551 fluuius
2042 2525 2114 2553 Guil.
2129 2527 2199 2560 Tyr.
2212 2538 2241 2564 4.

80 2557 184 2588 poterat
199 2559 322 2583 cernere,
343 2549 456 2576 totidem
470 2556 495 2576 et
509 2549 571 2576 tales
584 2550 612 2576 in
626 2550 676 2576 hoc
689 2550 789 2577 mundo
806 2551 891 2576 secum
909 2551 1036 2584 cogitauit
1055 2549 1128 2576 effin-
1146 2553 1177 2585 63
1193 2554 1236 2587 qui
1244 2551 1350 2586 pedibus
1364 2552 1468 2585 transiri
1482 2551 1626 2587 nonpartst.
2262 2582 2266 2583 ⁷

80 2595 151 2622 gere.
224 2586 297 2614 Idem
317 2586 348 2611 de
362 2586 431 2612 Clar.
445 2586 519 2612 Orat.
533 2594 573 2617 253
599 2585 735 2619 anrad
753 2592 779 2612 te
796 2587 881 2620 ipsum
900 2586 1023 2620 (inquit,
1044 2585 1072 2612 in
1086 2594 1128 2611 me
1231 2593 1240 2611 Ι
1252 2593 1274 2612 Ν
1285 2594 1305 2613 v
1316 2588 1336 2613 Ᾰ
1348 2594 1367 2613 D
1378 2594 1412 2617 o,
1437 2587 1470 2619 ii,
1498 2588 1569 2618 sum,
1589 2591 1642 2614 ere.
1679 2587 1836 2623 [εἰσέοἷλλω,
1856 2590 1986 2629 ἔπιέῗιιίνω]
2021 2596 2137 2632 Aggredi
2168 2602 2243 2635 impe.

81 2624 206 2654 intuens)
223 2622 255 2648 de
272 2621 393 2653 ratione,
414 2627 460 2647 etc.
531 2620 580 2647 Sed
593 2621 621 2647 in
634 2627 660 2647 te
673 2622 791 2654 intuens,
812 2622 907 2653 Brute,
927 2620 1022 2654 doleo,
1042 2621 1128 2653 cuius,
1193 2627 1244 2647 tum
1256 2622 1363 2656 jacere,
1385 2624 1511 2655 innotare,
1528 2626 1632 2650 irruere.
1669 2625 1766 2658 Virgil.
1787 2627 1852 2653 Aen.
1870 2636 1899 2659 2,
1921 2631 1970 2662 265
1997 2631 2128 2659 Inuadunt
2142 2617 2242 2663 ’vrbem

79 2665 127 2685 etc.
147 2657 220 2684 Idem
234 2657 266 2683 de
279 2657 349 2683 clar.
362 2656 436 2683 Orat.
450 2664 490 2688 331
512 2665 533 2682 c.
542 2664 585 2690 97.
693 2658 724 2682 Ει
739 2656 772 2682 de
784 2658 857 2682 Orat.
872 2666 891 2688 1,
904 2659 920 2682 6
941 2666 962 2682 c.
978 2666 990 2682 2
1010 2657 1046 2682 Ac
1059 2656 1128 2682 mihi
1194 2657 1287 2684 somno
1306 2658 1426 2692 vinoque
1446 2658 1581 2692 sepultam.
1637 2659 1678 2686 Sic
1691 2660 1750 2687 Liu.
1766 2670 1798 2693 31,
1816 2667 1840 2691 18
1864 2664 1959 2690 Innasit
1980 2667 2180 2696 multitudinem
2200 2680 2241 2698 ra-

81 2693 189 2729 quidem
204 2694 390 2728 saepenumero
404 2692 431 2718 in
444 2693 558 2717 summos
573 2691 695 2718 homines
709 2700 737 2717 ac
752 2692 859 2718 summis
867 2692 985 2726 ingeniis
994 2691 1128 2726 praeditos
1193 2691 1259 2719 bies.
1330 2693 1377 2719 Ille
1393 2694 1486 2725 sumit,
1509 2693 1554 2720 hic
1572 2694 1675 2721 inuadit
1693 2695 1811 2723 Tertull.
1825 2697 1856 2724 de
1870 2700 1970 2726 Poenit.
1999 2711 2020 2728 c.
2034 2705 2050 2728 6
2072 2711 2136 2730 extr.
2172 2706 2241 2734 illud

80 2729 213 2762 intuenti,
234 2728 414 2764 quaerendum
436 2728 483 2754 effe
504 2727 590 2754 visum
610 2727 660 2760 est,
680 2734 726 2754 etc.
924 2725 944 2764 q
965 2735 982 2754 2.
1019 2726 1129 2761 Paffiue,
1143 2735 1178 2763 70
1191 2726 1320 2761 modestiae
1332 2727 1375 2761 cll,
1395 2729 1439 2755 ho.-
1450 2728 1569 2764 Jitperbae
1585 2731 1723 2757 violentiae.
1790 2733 1935 2761 Fortiffime
1959 2737 2084 2765 inuadere
2104 2741 2238 2773 Quinetil,

80 2764 213 2791 Ammian.
228 2773 265 2797 23,
278 2773 290 2796 5
313 2763 437 2790 Fulmine
450 2762 569 2789 contaeta
582 2762 641 2789 loca
659 2772 707 2789 nec
718 2763 831 2796 intueri,
852 2772 900 2789 nec
913 2763 1008 2790 calcari
1022 2762 1127 2789 debere.
1193 2771 1214 2796 ς,
1231 2772 1264 2796 13.
1334 2765 1417 2791 Ferro
1431 2765 1548 2799 aliquem
1563 2766 1716 2800 Virg,.Ae„‚
1731 2769 1754 2798 5,
1769 2770 1829 2795 206·
1900 2771 1931 2797 In
1946 2771 2061 2807 aliquem
2077 2785 2082 2800 Ζ
2118 2776 2174 2803 ας.
2188 2786 2238 2811 pro

78 2799 155 2836 C⁰²¹s=
180 2806 319 2827 1N‘1’VOR.
1193 2799 1299 2826 Caecin.
1313 2808 1341 2833 25
1364 2809 1385 2826 e.
1399 2808 1415 2832 9
1448 2801 1482 2826 Vt
1503 2801 1531 2826 in
1549 2802 1688 2828 Caecinam
1706 2803 1892 2832 aduenientem
1914 2815 1973 2833 cum
1992 2808 2065 2835 ferro
2090 2810 2237 2840 inuaderet.

116 2842 126 2860 1
137 2840 160 2860 N
171 2840 193 2861 T
204 2841 250 2862 VE
260 2841 282 2861 N
294 2840 363 2861 Dvs
373 2853 381 2866 ,
404 2841 426 2865 a,
442 2842 497 2860 um.
531 2834 626 2861 Partic.
642 2834 700 2868 pafl'.
737 2833 841 2860 Paullus
861 2833 889 2859 in
899 2833 919 2860 J.
934 2832 1127 2864 Promittend0‚
1191 2834 1293 2861 Leones
1307 2835 1437 2862 inuadunt
1450 2844 1539 2870 greges
1553 2836 1633 2863 Ouid.
1649 2837 1714 2863 Fast.
1730 2847 1752 2870 ε,
1766 2847 1818 2865 210.
1913 2843 2011 2869 Ventus
2026 2845 2121 2872 inuafit
2140 2848 2239 2876 nubem

78 2872 107 2897 in
115 2873 228 2906 princip.
248 2871 280 2897 D.
293 2870 325 2896 de
339 2870 398 2897 iure
412 2869 532 2900 dotium,
552 2870 636 2904 Magis
652 2870 723 2896 enim
737 2879 794 2899 res,
813 2878 891 2904 quam
905 2869 987 2896 verba
1001 2867 1127 2896 intuenda
1191 2870 1296 2897 Lucret.
1311 2873 1338 2903 6,
1354 2879 1410 2905 174.
1481 2872 1608 2906 Magnum
1622 2872 1724 2907 aliquid
1741 2874 1836 2909 Virgil.
1849 2876 1914 2903 Aen.
1926 2885 1953 2910 9,
1968 2881 2020 2907 136.
2089 2881 2145 2908 Cic.
2159 2884 2237 2911 Verr.

78 2907 147 2933 sunt.
203 2908 234 2932 Ει
252 2907 280 2932 in
295 2906 312 2932 l.
326 2914 338 2937 3
358 2903 382 2942 §.
404 2905 436 2931 In
448 2905 590 2931 amittenda
611 2906 642 2931 D.
658 2905 690 2931 de
705 2905 806 2940 acquir.
819 2906 913 2939 poss‘css'.
1144 2911 1177 2939 75
1193 2913 1213 2937 1,
1227 2914 1260 2938 54
1280 2906 1329 2933 Iste
1347 2906 1418 2940 quod
1434 2907 1543 2941 Argenti
1562 2907 1676 2942 placuit,
1697 2909 1789 2936 inuasit
1805 2921 1810 2936 :
1837 2919 1903 2945 quae
1922 2914 2051 2949 mancipia
2067 2918 2155 2944 voluit
2192 2919 2237 2945 ab·

117 2947 159 2967 1N
170 2948 192 2967 'r
203 2942 273 2968 vi'T
284 2948 344 2974 vs,
375 2938 413 2966 fis.
451 2950 486 2967 m.
523 2940 685 2975 [αἰτενισμός]
720 2940 865 2973 Laudatur,
884 2948 933 2967 non
951 2938 1035 2973 reste,
1050 2945 1126 2975 pute,
1191 2940 1277 2967 duxit.
1349 2942 1467 2976 Capillos
1484 2943 1595 2969 alicuius
1614 2944 1732 2978 Propert.
1748 2953 1771 2977 3,
1786 2951 1807 2977 ε,
1819 2954 1840 2978 5.
1912 2949 2000 2976 Castra
2019 2937 2178 2985 trepidanti'a
2196 2954 2237 2981 in-

79 2976 265 3017 (nauculam,
281 2985 300 3003 1.
354 2976 420 3002 Plin.
435 2979 473 3008 16,
488 2984 516 3002 10
537 2976 618 3003 Abies
631 2976 746 3004 hilarior
759 2976 867 3005 intuitu.
1189 2976 1264 3004 vadit
1282 2977 1379 3010 Virgil.
1393 2978 1457 3003 Aen.
1472 2986 1498 3010 9,
1513 2986 1576 3013 747.
1647 2980 1799 3007 Certamina
1818 2981 1944 3010 inuadere
1963 2984 2008 3011 Sil.
2025 2994 2061 3020 17,
2076 2995 2133 3023 473,
2204 2991 2236 3017 1„

115 3019 156 3039 IN
168 3019 190 3038 T
202 3019 222 3039 v
233 3019 258 3038 Μ
270 3019 287 3038 Ε
297 3019 332 3041 0,
353 3012 398 3044 ui,
419 3015 463 3038 ere
477 3022 484 3043 ς
521 3018 545 3038 et
1190 3012 1289 3038 collum
1308 3012 1421 3039 alicuius
1438 3014 1495 3040 Cic.
1511 3014 1624 3049 Philipp.
1639 3024 1668 3047 2,
1683 3023 1718 3050 77
1741 3025 1762 3043 c.
1783 3024 1816 3048 31.
1924 3020 2013 3046 Aurel.
2028 3022 2097 3048 Vici.
2117 3022 2150 3050 de
2162 3025 2236 3052 Viris

114 3055 156 3075 iN
165 3053 187 3073 T
197 3054 218 3073 v
227 3055 252 3074 M
261 3054 278 3074 Ε
287 3055 300 3074 s
311 3054 328 3073 C
341 3054 360 3074 0
370 3067 378 3080 ,
398 3049 453 3073 cre.
475 3047 669 3083 ,[ἔξογκέαμικι]
707 3048 814 3084 Inflari,
832 3048 948 3075 Conuerti
959 3050 986 3074 in
999 3053 1123 3073 tumorem.
1189 3047 1284 3074 Illustr.
1298 3050 1329 3076 68
1355 3049 1385 3075 C.
1400 3049 1502 3075 Marius
1514 3049 1586 3076 filius
1599 3051 1819 3087 vigintiquinque
1832 3061 1962 3081 annorum
1975 3056 2145 3084 Consulatum
2161 3060 2236 3087 inua-

78 3083 146 3111 Plin·
160 3091 195 3115 u,
209 3091 243 3116 34
263 3083 304 3109 Est
323 3083 420 3109 animal
440 3082 558 3109 eiusdem
575 3083 762 3119 turpitudinis,
786 3083 870 3111 infixo
891 3085 991 3118 semper
1006 3082 1126 3116 sanguini
1143 3086 1175 3112 80
1191 3083 1221 3110 fit
1235 3093 1240 3109 :
1264 3092 1343 3118 quem
1357 3083 1488 3111 honorem
1502 3091 1554 3111 tani
1569 3086 1740 3113 immaturum
1753 3094 1836 3114 mater
1849 3089 1931 3115 fleuit.
1968 3091 2034 3118 Add.
2049 3092 2154 3121 Sueton.
2167 3096 2235 3130 Aug.

35 3149 38 3153 ¹
80 3119 166 3154 capite
178 3119 286 3151 vinens,
304 3124 382 3153 atque
396 3119 433 3145 ita
447 3119 628 3146 intumescens.
699 3120 773 3147 Idem
789 3128 814 3151 2,
828 3124 854 3150 81
880 3120 1057 3146 Intumescens
1077 3118 1126 3143 flu·
1190 3128 1212 3145 c.
1227 3122 1270 3146 26.
1343 3121 1463 3154 Corpora
1483 3121 1613 3148 inuadunt
1632 3123 1725 3156 sopore
1738 3123 1809 3149 vicia
1828 3123 1910 3151 Ouid.
1924 3126 1989 3152 Met.
2006 3135 2043 3160 14,
2059 3134 2111 3160 580.
2182 3132 2235 3158 Im-

80 3154 147 3181 etus.
218 3154 303 3181 Locus
319 3154 505 3185 intumescens,
530 3156 646 3191 Turgens
660 3161 683 3181 et
692 3155 827 3191 paullulum
840 3156 905 3182 altus
920 3154 1051 3181 Columel.
1068 3162 1085 3184 1,
1099 3162 1126 3186 4·
1190 3155 1295 3189 perium
1309 3154 1436 3181 inuadens
1450 3157 1515 3183 Aur.
1530 3157 1598 3185 Vici.
1611 3158 1679 3191 Epit.
1701 3166 1721 3184 e.
1735 3163 1771 3190 38.
1862 3160 1916 3186 Cic.
1933 3161 2045 3196 Philipp.
2058 3172 2089 3195 2,
2110 3166 2139 3198 63
2165 3174 2185 3192 c,
2200 3168 2235 3193 26

78 3190 145 3217 Bilis
160 3189 288 3216 intumuit
301 3189 348 3216 sub
363 3189 467 3223 peelore
481 3191 549 3217 Pers.
564 3198 586 3224 5,
599 3199 653 3224 145.
707 3191 787 3225 Qiod
799 3190 817 3217 fi
832 3191 945 3218 fractum
960 3192 1004 3222 (al.
1013 3190 1124 3220 facium)
1190 3192 1224 3216 At
1239 3200 1316 3225 quam
1331 3191 1474 3218 insolenter
1486 3191 1572 3219 statim
1586 3192 1677 3219 helluo
1692 3194 1784 3229 inne-,it
1797 3194 1827 3220 in
1840 3195 1898 3221 eius
1913 3196 1965 3222 viri
1980 3197 2116 3225 fortunas?
2164 3201 2234 3228 Tac.

34 3226 41 3246 ³
79 3225 168 3253 statim
181 3233 236 3251 non
250 3225 302 3256 est;
321 3225 364 3251 sed
379 3226 529 3252 intumescit
542 3228 585 3257 (al.
599 3226 752 3259 indurescit)
766 3227 923 3253 extrinsecus
936 3225 1043 3252 maxilla
1057 3225 1124 3251 Cels.
1190 3227 1258 3252 Ann.
1273 3235 1306 3259 11,
1322 3233 1335 3256 8
1360 3227 1425 3259 Ille,
1443 3233 1471 3254 vt
1486 3234 1542 3254 erat
1556 3229 1656 3262 magnis
1676 3229 1740 3255 aulis
1761 3237 1896 3264 promtus,
1917 3231 2000 3259 biduo
2017 3233 2066 3259 tria
2081 3235 2169 3262 Millia
2186 3237 2234 3265 sta-

27 3291 29 3296 .
80 3267 109 3296 7,
123 3270 159 3293 12,
174 3269 192 3287 1.
264 3260 330 3286 Vidi
343 3261 474 3295 virgineas
490 3262 640 3288 intumuisse
653 3271 729 3297 genas
751 3262 831 3289 Ouid.
845 3261 908 3288 Fast.
924 3264 957 3294 6,
972 3269 1024 3296 700
1048 3262 1124 3287 lacri—
1143 3262 1172 3291 85
1190 3261 1297 3288 diorum
1316 3262 1428 3289 inuadit.
1537 3263 1652 3297 Negotia
1672 3264 1781 3291 alterius
1801 3266 1880 3292 Caius
1898 3266 1927 3293 in
1947 3267 1963 3293 l.
1978 3277 1996 3300 4
2018 3267 2124 3305 §.ideo
2148 3272 2181 3298 D.
2199 3272 2233 3299 de

24 3316 33 3322 ψ
79 3299 138 3323 mis.
210 3296 314 3322 Humus
331 3296 480 3323 intumescit
499 3297 596 3333 viperis
612 3298 704 3326 Horat.
717 3297 800 3332 Epod.
817 3300 854 3330 16,
869 3306 906 3330 52.
978 3298 1035 3323 Irae
1055 3296 1124 3322 iutu-
1189 3297 1240 3324 aft.
1255 3303 1280 3324 et
1292 3297 1375 3333 cblig.
1445 3299 1476 3324 In
1488 3297 1579 3324 oculos
1594 3299 1674 3325 Plaut.
1689 3300 1757 3327 Asin.
1771 3310 1794 3333 5,
1807 3311 1828 3333 ε,
1841 3306 1878 3334 58.
1974 3304 2003 3329 In
2018 3305 2143 3339 oppidum
2157 3307 2232 3335 Idem

20 3330 33 3359 ss'-
80 3341 172 3359 mucre
191 3332 253 3358 Stat.
271 3330 363 3358 Theb.
384 3341 410 3364 1,
425 3341 482 3366 4¹2·
589 3334 649 3360 Iure
667 3333 782 3368 quodam
800 3332 931 3368 potestatis
951 3333 1124 3358 intumescere
1188 3332 1309 3360 Bacchid.
1325 3343 1347 3366 ε,
1359 3342 1387 3366 4,
1399 3335 1442 3359 60.
1546 3333 1601 3360 Cic.
1616 3334 1728 3369 Philipp.
1744 3345 1770 3367 τι,
1790 3345 1819 3369 41
1840 3345 1861 3363 c.
1876 3340 1905 3363 16
1935 3339 1965 3365 In
1986 3341 2078 3366 multas
2098 3348 2233 3375 praeterea

29 3368 39 3377 *⁶
80 3367 213 3402 Qiine'til.
229 3375 248 3398 1,
262 3375 282 3392 1.
351 3367 442 3394 Motus
457 3368 630 3395 intumescens
645 3369 736 3396 Tacit.
750 3370 817 3396 Ann.
832 3378 852 3401 1,
864 3374 898 3400 38.
967 3369 1042 3394 Vena
1056 3368 1124 3394 intu-
1189 3369 1311 3402 pecunias
1337 3368 1552 3395 alieniffimorum
1575 3368 1716 3396 hominum
1739 3371 1832 3398 eie-ftis
1859 3373 1931 3399 veris
1949 3373 2090 3402 heredibus
2107 3383 2232 3412 tanquam

80 3404 195 3431 mescens
208 3402 276 3429 Cels.
291 3408 314 3435 5,
323 3404 354 3428 26
370 3407 413 3437 pr.
483 3405 582 3431 Venter
596 3404 724 3432 intumuit
740 3404 892 3431 Ouidrast.
902 3412 921 3435 1,
934 3412 986 3436 215.
1059 3403 1124 3430 Vul-
1189 3404 1264 3430 heres
1285 3405 1362 3436 esset,
1381 3403 1482 3430 inuasit.
1576 3405 1696 3432 Tertull.
1715 3406 1746 3433 de
1766 3407 1866 3433 Poenit.
1883 3417 1902 3440 4
1917 3415 1960 3444 pr.
1994 3411 2158 3439 Poeniteutia
2177 3414 2232 3440 vita

81 3448 130 3466 nus
148 3437 298 3464 intumescit
317 3437 386 3464 Cels.
403 3445 425 3470 5,
443 3440 485 3469 26,
503 3442 546 3466 26.
741 3437 762 3477 q
785 3448 802 3467 2
836 3439 1010 3466 Intumescere
1029 3439 1125 3470 alicui,
1145 3449 1180 3474 90
1189 3439 1225 3466 est
1261 3455 1306 3460 --
1341 3441 1404 3466 Eam
1423 3445 1470 3470 tu,
1499 3446 1633 3473 peccator,
1668 3454 1713 3461 ——
1748 3442 1785 3469 ita
1809 3442 1920 3476 inuade,
1949 3445 1986 3471 ita
2008 3446 2172 3481 amplexare,
2201 3456 2232 3476 va

75 3481 127 3510 pro
140 3473 236 3509 Irafii,
258 3472 289 3499 ab
308 3482 349 3505 ea,
369 3472 433 3508 quod
443 3474 508 3500 Bilis
524 3475 697 3503 intumescere
711 3475 865 3511 putabatur,
884 3482 912 3501 vt
925 3475 994 3501 modo
1007 3474 1124 3501 vidimus.
1188 3475 1330 3509 naufragus
1349 3475 1460 3501 alicuius
1481 3475 1584 3501 tabulae
1603 3475 1692 3502 fidem.
1799 3478 1916 3504 Martial.
1939 3488 1968 3514 9,
1985 3488 2017 3515 57
2042 3484 2069 3507 in
2080 3482 2232 3520 formosum,

20 3506 39 3529 ι’
80 3509 162 3536 Ouid.
177 3517 210 3535 ex
224 3509 298 3535 Pont.
312 3517 340 3542 4,
356 3516 436 3542 14,34
454 3509 584 3537 Intumuit
596 3511 651 3537 vati
666 3519 719 3537 non
733 3517 820 3540 tamen
834 3511 908 3537 Ascra
923 3511 977 3537 suo.
1049 3510 1123 3545 Idem
1188 3511 1278 3537 Tutus
1299 3517 1328 3537 vt
1346 3509 1454 3536 inuadat
1468 3510 1582 3542 Praclia,
1601 3510 1686 3538 nudus
1701 3516 1750 3538 eat.
1821 3513 1918 3547 Virgil.
1934 3515 1998 3541 Aen.
2011 3524 2043 3549 9,
2057 3520 2100 3547 136
2119 3519 2171 3546 Aut
2184 3521 2232 3546 Pu.

28 3538 45 3578 ³1⁵
80 3545 148 3573 fast,
161 3553 183 3577 2,
199 3547 252 3578 607
274 3543 392 3578 Iuppiter
410 3544 558 3584 intumuit:
584 3555 688 3581 quaque
701 3546 737 3573 est
749 3555 803 3572 non
815 3548 859 3573 vsa
872 3545 1002 3577 modeste,
1037 3545 1124 3579 Eripit
1189 3555 1282 3580 gnam,
1300 3552 1345 3572 aut
1357 3545 1457 3579 aliquid
1471 3546 1624 3586 iamdudum
1642 3547 1768 3574 inuadere
1787 3556 1927 3582 inagnum,
1962 3551 2036 3578 Mens
2049 3554 2130 3587 agitat
2147 3555 2232 3582 mihi:

80 3579 143 3608 huic
157 3580 285 3614 linguam.
320 3578 388 3605 Adel.
403 3578 442 3604 Id.
458 3578 525 3606 ibid.
539 3582 564 3609 6,
574 3587 636 3616 487.
673 3583 733 3608 Stat.
747 3582 838 3609 Theb.
853 3591 872 3614 1,
885 3590 940 3614 412.
1188 3590 1236 3608 nee
1249 3582 1350 3616 placida
1363 3586 1483 3607 contenta
1500 3588 1590 3615 quiete
1604 3582 1648 3609 est.
1720 3583 1838 3616 Regnum
1854 3584 1980 3612 inuadens
1993 3588 2056 3614 Aur.
2072 3589 2144 3616 viel.
2161 3591 2229 3625 Epir.

116 3622 158 3647 ΙΝ
170 3621 191 3642 ¹1·
202 3622 222 3641 V
232 3615 343 3641 MVLA
355 3620 377 3639 T
388 3619 409 3639 V
419 3621 454 3653 S,
468 3623 498 3646 a,
518 3624 572 3642 um.
609 3617 670 3651 Adi.
701 3625 750 3653 pro
773 3618 904 3654 InJ'ePulto.
941 3616 1023 3644 Ouid.
1044 3615 1123 3650 Epist.
1137 3623 1171 3650 95
1188 3626 1209 3642 c.
1223 3626 1264 3650 45.
1334 3617 1415 3643 Viam
1432 3616 1572 3651 inuadere,
1590 3617 1694 3651 Iugredi
1708 3628 1713 3643 :
1734 3619 1831 3653 Vin-gil.
1845 3620 1910 3646 Aen.
1926 3623 1952 3653 6,
1966 3624 2017 3648 260
2037 3624 2116 3652 Nunc
2132 3625 2229 3652 inuade

80 3658 106 3684 2,
117 3650 150 3684 36
174 3652 372 3684 Occurramque
386 3648 469 3675 oculis
488 3649 644 3678 intumulata
657 3654 718 3680 tuis.
1188 3652 1281 3686 Viam,
1299 3652 1447 3687 vaginaque
1463 3652 1534 3686 eripe
1549 3652 1663 3679 ferrum:
1689 3653 1803 3680 Seruius.
1874 3656 1999 3684 Manibus
2013 3659 2139 3686 ambab'us
2154 3661 2228 3685 inua-

66 3694 73 3697 ⁴
115 3694 126 3713 1
136 3692 160 3712 N
170 3693 221 3713 TV
231 3692 254 3711 N
264 3691 283 3711 D
293 3691 313 3711 O
324 3705 333 3717 ,
353 3686 405 3711 ere.
441 3685 617 3714 Intunduntur
631 3687 713 3716 Sci-ib.
727 3697 766 3725 71.
791 3691 811 3716 i.
825 3689 957 3725 diligenter
972 3686 1121 3713 tunduntur.
1188 3687 1250 3713 dens
1263 3688 1371 3714 Torum
1391 3687 1467 3722 Apul.
1481 3688 1543 3713 Met.
1556 3696 1570 3727 ‚²
1597 3697 1622 3722 p.
1638 3694 1695 3722 297.
1803 3689 1857 3716 Cic.
1872 3691 1948 3719 Verr.
1962 3701 1988 3725 r,
2007 3703 2040 3727 54
2064 3704 2084 3720 c.
2097 3703 2128 3724 ,κο
2154 3695 2226 3727 Qlas

115 3727 216 3748 INTV
226 3726 245 3747 0
255 3728 274 3747 R
283 3739 290 3752 ,
310 3720 394 3747 tueris
403 3739 410 3751 ,
427 3722 499 3746 tutus
509 3740 517 3752 ‚
533 3722 573 3747 uel
588 3724 668 3749 tui'tns
683 3726 750 3757 sum,
769 3725 816 3751 tui.
844 3721 993 3758 [καθαροίω]
1024 3722 1121 3748 Videre.
1186 3723 1258 3748 enim
1272 3724 1406 3750 sociorum
1419 3729 1497 3758 atque
1511 3731 1656 3750 amicorum
1669 3722 1748 3750 vrbes
1761 3723 1838 3751 adisti
1851 3726 1991 3761 legationis
2005 3730 2063 3755 iure
2074 3734 2100 3755 et
2108 3731 2228 3760 nomine,

78 3755 162 3787 Plaut.
176 3756 255 3783 Most.
269 3765 290 3788 3,
304 3760 387 3789 2,148
407 3755 530 3782 Profeeto
546 3756 644 3784 nullam
656 3761 778 3793 equidem
793 3760 849 3787 illic
870 3759 1002 3786 cornicem
1022 3757 1120 3783 intuor.
1187 3758 1204 3783 ss
1220 3758 1247 3783 in
1267 3767 1308 3784 eas
1328 3759 1356 3784 vi
1376 3768 1434 3785 cum
1453 3758 1570 3784 exercitu
1590 3759 1757 3794 imperioque
1776 3760 1919 3794 immines,
1938 3769 2023 3790 tamen
2042 3764 2139 3797 opinor
2160 3772 2227 3798 quae

36 3805 40 3809 ’
52 3805 54 3809 >
79 3793 226 3828 Antiquam.
252 3792 382 3826 Quisnam
396 3790 439 3817 hic
452 3790 600 3818 adolescens
614 3792 710 3827 est‚qui
723 3805 771 3823 nos
783 3796 912 3823 intuitur?
948 3794 1016 3820 Ter.
1025 3794 1121 3819 I-icaut.
1131 3805 1178 3824 100
1187 3793 1272 3827 signa,
1292 3800 1338 3820 etc.
1409 3794 1509 3820 Vrbem
1527 3794 1624 3828 Virgil.
1639 3795 1703 3820 Acn.
1716 3803 1742 3827 2,
1756 3798 1812 3829 265.
1885 3798 1946 3824 Liu.
1963 3807 1996 3830 ιο,
2008 3806 2036 3823 10
2059 3799 2106 3825 Per
2119 3798 2226 3825 cunicu-

79 3835 105 3860 2,
122 3836 151 3861 4,
170 3836 205 3860 23.
242 3828 284 3856 Sic
303 3833 326 3853 ct
345 3827 426 3853 Remi.
487 3825 560 3853 Non.
578 3834 609 3861 7,
628 3835 662 3853 20
688 3838 717 3854 ex
735 3831 883 3866 Turpilio‚
909 3830 1017 3856 Tamen
1037 3828 1122 3854 oculis
1187 3829 1243 3854 lum
1259 3829 1369 3855 trecenti
1384 3830 1478 3856 armati
1495 3829 1523 3854 in
1536 3829 1635 3856 Vrbem
1655 3830 1757 3864 ingreffi
1771 3831 1862 3863 noete,
1883 3840 2001 3867 portam,
2020 3841 2086 3866 quae
2104 3834 2226 3867 proxima

79 3862 158 3896 longa
179 3861 377 3897 intercapedine
398 3866 523 3897 appetunt
544 3862 638 3897 cupide
661 3862 740 3892 intui.
794 3870 826 3894 Et
845 3877 872 3894 ex
886 3867 1011 3900 Pompon.
1031 3863 1122 3898 Incepi
1187 3870 1258 3896 erat,
1276 3873 1388 3898 cepere:
1412 3873 1461 3899 qua
1475 3863 1603 3896 refracta,
1623 3866 1721 3891 Consul
1735 3868 1916 3902 exercitusque
1930 3868 2062 3893 Romanus
2081 3868 2133 3894 fine
2145 3874 2225 3895 certa-

79 3898 188 3930 comui,
207 3905 252 3925 cte.
1185 3899 1258 3926 mine
1271 3900 1372 3926 Vrbem
1392 3900 1521 3926 inuasere.
1626 3901 1800 3934 Qiine'tilian.
1822 3912 1850 3935 3,
1869 3910 1886 3937 7
1916 3902 1988 3927 Idem
2007 3903 2134 3938 praecipit
2157 3903 2224 3931 illud

115 3934 340 3966 INTVRBA‘TVS,
359 3941 383 3965 a,
404 3941 459 3958 um.
495 3932 562 3973 Adi3
585 3932 753 3969 [α’-τάραχος]
784 3937 847 3967 ,Non
862 3937 984 3963 turbatus.
1013 3934 1079 3962 Plin.
1093 3934 1122 3960 in
1186 3943 1309 3969 quoque,
1328 3935 1400 3970 quod
1413 3944 1475 3961 mox
1489 3935 1570 3961 Corn.
1585 3936 1674 3962 Celsus
1687 3946 1769 3972 prope
1782 3938 1863 3971 Supra
1876 3937 1984 3963 modum
1996 3937 2099 3964 inuasit.
2172 3940 2224 3965 Cu-

77 3967 170 4004 Paneg.
179 3977 200 3995 c.
208 3971 240 4001 64
259 3970 290 3998 Et
304 3969 370 3996 sedit
382 3967 544 4003 inturbatus,
554 3969 702 4003 interritus,
715 3974 742 3996 et
753 3975 876 4006 tanquam
888 3973 926 4000 ita
937 3971 997 4001 fieri
1010 3970 1104 3999 soleret
1112 3971 1121 3998 Ξ
1129 3978 1176 4006 ιος
1184 3971 1281 4006 piditas
1292 3970 1427 3998 bonorum
1441 3970 1534 4033 ilnluafit
1547 3971 1688 4009 plerisque,
1707 3980 1731 4000 et
1742 3973 1881 4008 pleresque
1896 3973 1980 4001 Varro
1991 3973 2057 4008 apud
2067 3973 2224 4036 Μᾶπελῑξυηι

1413 4013 1431 4039 7
1513 4014 1532 4034 2
2177 4018 2222 4036 on.
