2479 4225
30 204 110 244 949
431 188 712 230 IAM

32 271 88 308 b‘ris
100 284 170 306 mors
182 278 307 313 adoperta
318 283 404 313 eaput,
416 285 462 306 etc.
532 276 644 311 Posthac.
680 277 736 304 Cic.
750 277 822 304 Fam.
837 283 877 309 14,
894 284 924 310 14
950 274 1073 303 Vestrum

33 316 87 343 iam
99 314 236 342 consilium
251 314 298 347 est,
315 322 369 341 non
385 315 468 341 solum
481 323 580 346 meum,
600 312 665 349 quid
680 313 709 339 sit
720 313 799 340 vobis
811 311 969 338 faciendum.
1000 311 1073 337 Idem

33 351 105 380 Fam.
118 358 156 384 14,
173 358 199 383 4.
271 349 319 376 Sed
337 350 414 387 ipfiun
439 351 573 376 articulum
594 348 736 384 praesentis
761 349 878 383 temporis
906 353 977 372 notat
1005 347 1073 373 Ter.

34 385 117 414 Andr.
131 392 154 418 3,
165 394 193 418 4,
208 393 225 412 2
245 385 301 411 Cur
314 394 383 412 vxor
395 394 448 412 uon
461 385 608 412 arcessitur?
630 385 683 411 iam
696 382 891 418 aduesperascit.
916 381 990 408 Idem
1006 382 1071 409 Eun.

35 431 64 456 4,
79 429 104 454 2,
116 427 137 454 3.
208 420 290 447 Plaut.
306 422 388 448 Merc.
405 431 425 454 3,
441 430 461 454 1,
475 428 503 454 33
524 420 630 447 Ecastor
643 420 695 446 lam
708 419 845 445 biennium
855 416 905 449 est,
922 426 1004 451 quum
1019 427 1072 444 me-

34 465 95 484 eum
107 464 162 484 rem
175 455 222 482 ille
236 457 333 492 coepit.
387 456 460 483 Idem
472 456 549 482 Most.
563 464 592 488 4,
606 464 629 487 2,
644 460 669 486 38
699 455 772 488 Quin
791 454 833 480 sex
847 452 946 478 menses
961 453 1013 478 iam
1031 453 1073 480 hic

35 500 114 520 nemo
127 490 237 518 habitat.
290 494 320 518 Et
332 493 409 519 Cute.
426 500 446 525 1,
461 500 481 524 1,
498 500 523 524 ¹4
560 492 619 518 Hoc
633 489 781 524 Aesculapii
795 488 886 514 fanum
900 487 943 513 est.
957 495 1006 514 ΡΑ.
1018 489 1074 523 plus

26 527 88 555 iam
103 535 171 553 anno
187 527 249 554 scio.
321 528 427 560 Statim,
438 537 508 557 mox,
522 525 660 562 confestim.
695 525 762 551 Ter.
777 524 840 550 Eun.
856 532 876 555 1,
888 531 914 555 z,
929 531 941 555 ς
975 525 1074 550 Accede

34 563 67 590 ad
80 562 168 596 ignem
183 562 269 595 hunc,
283 562 336 590 iam
349 563 456 590 calesces
468 562 525 597 plus
539 562 607 588 satis.
660 559 741 587 Plaut.
757 560 816 585 Aul.
832 567 851 592 1,
865 567 889 589 2,
905 561 935 584 26
960 560 1075 586 Occlude

28 594 66 628 ,fis
86 598 158 624 fores
182 598 311 625 ambobus
329 599 446 633 pessulis,
465 599 519 624 iam
537 606 586 632 ego
605 596 648 623 hic
666 604 720 622 ero,

22 633 90 666 ²-Cic‚
105 642 153 668 pro
166 634 249 661 Flacc.
263 641 291 667 52
308 635 364 661 Iam
378 634 444 661 illud
458 634 568 661 videro:
591 631 633 659 sed
646 630 762 666 primurn
776 629 844 657 illud
857 629 962 656 tenebo.
1008 633 1074 657 Tar-

24 667 126 696 >ditatis
138 668 311 706 fignum,pr0
327 670 444 697 Tandem.
479 669 549 696 Ter.
562 666 643 694 Andr.
664 674 683 700 1,
699 675 722 699 2,
741 674 768 698 19
805 666 851 692 Te
871 673 920 691 oro
936 666 1025 696 Daue,
1045 673 1073 693 vt

28 703 124 732 :redeat
137 705 189 731 iam
203 705 231 731 in
243 706 325 732 viam.
361 706 433 732 Idem
450 704 525 732 Adel.
539 712 565 736 2,
580 712 598 734 1,
611 711 639 730 21
660 702 672 728 1
685 711 753 728 nunc
767 702 829 728 iam.
886 701 934 727 Vbi
942 702 1073 728 Donatus:

27 739 115 768 'lNunc
128 741 197 772 iam,
211 740 277 767 duae
296 746 379 776 partes
393 742 458 767 sunt.
493 740 524 766 Et
543 739 610 765 bene
627 738 694 764 iam:
713 737 776 772 quia
797 737 854 763 sero
868 741 894 762 et
908 737 963 770 post
979 738 1073 771 plagaS.

30 813 116 847 'prope
132 812 310 839 consummata
322 813 406 839 suerit
423 810 605 847 praecipientis
624 817 714 844 opera.
780 808 922 842 Aliquando
936 808 1074 834 redundare

33 997 48 1015 2
70 989 126 1022 Qui
140 997 187 1015 nos
200 994 291 1023 putant
305 990 357 1016 iam
371 998 385 1015 a
399 989 488 1024 pueris
502 987 654 1014 illiconasci
661 988 741 1013 senes,
788 985 844 1011 Cic.
858 986 928 1012 Fam.
940 995 959 1019 1,
973 995 989 1018 9
1015 988 1070 1013 Iam

32 1032 49 1050 a
63 1025 148 1059 prima
166 1024 340 1051 adolescentia
358 1024 530 1051 delectarunt.
602 1022 702 1049 Sallust.
716 1020 834 1056 Iugurth.
853 1030 874 1047 c.
890 1029 925 1057 77
964 1020 1003 1048 Ad
1020 1022 1071 1048 hoc

33 1059 97 1094 Pop.
113 1060 190 1086 Rom.
206 1060 259 1086 iam
273 1069 288 1087 a
300 1060 435 1095 principio
447 1060 522 1094 inopi
536 1059 632 1085 melius
645 1059 730 1085 visum
745 1056 795 1088 est,
814 1057 913 1083 amicos
928 1066 1006 1091 quam
1020 1059 1071 1085 ser-

32 1103 81 1121 vos
100 1094 235 1129 quaerere.
306 1097 362 1122 Iam
374 1096 408 1122 ab
427 1095 475 1122 illo
489 1101 625 1129 tempore,
638 1102 719 1128 quum
733 1092 830 1118 venisti
849 1092 877 1119 in
893 1094 993 1119 Italiam
1013 1095 1069 1120 Cic.

31 1129 105 1156 Fam.
119 1138 141 1162 2,
157 1138 187 1162 14
203 1132 266 1162 (16.)

30 1164 104 1191 viam
118 1164 212 1191 venisti
226 1166 299 1192 Idem
311 1166 384 1194 Fam.
401 1176 423 1200 2,
437 1174 470 1200 15.

30 1198 131 1226 habitis
149 1200 187 1226 Id.
202 1202 280 1228 Verr.
295 1210 316 1233 2,
331 1211 383 1235 ¹30·
454 1201 509 1228 Cic.
522 1201 551 1226 in
565 1200 637 1227 Brut.
651 1209 673 1227 c.
687 1207 715 1234 17
741 1199 834 1226 Multis
848 1200 901 1227 iam
914 1207 971 1227 ante
986 1202 1070 1227 saecu-

30 1234 73 1262 lis.
130 1234 203 1262 Idem
216 1237 270 1263 Att.
285 1244 312 1272 7,
327 1248 341 1269 4
362 1237 391 1264 Id
407 1237 475 1264 mihi
489 1237 542 1262 iam
553 1241 613 1261 ante
627 1241 684 1262 erat
697 1242 801 1262 notum.
826 1237 901 1271 Conf.
917 1237 986 1262 Fam.
999 1246 1020 1268 3,
1035 1246 1070 1262 10.

28 1271 86 1298 Iam
99 1277 174 1298 antea
188 1271 283 1299 diuersi
298 1273 405 1301 audistis
421 1272 519 1299 Sallust.
534 1271 622 1298 Catill.
636 1279 653 1306 7
667 1278 691 1298 et
704 1280 743 1303 30.
778 1271 852 1298 Idem
866 1272 983 1306 Iugurth.
1003 1282 1034 1305 50
1047 1279 1071 1298 et

29 1308 74 1340 67.
146 1307 201 1334 Iani
213 1313 288 1334 antea
301 1309 384 1342 petiui
401 1307 446 1334 abs
459 1313 485 1334 te
503 1307 560 1333 Cic.
573 1307 626 1333 Art.
642 1309 681 1340 16,
696 1315 732 1342 17.

29 1341 110 1376 Q1od
129 1341 203 1370 lubet
223 1352 277 1369 non
295 1343 368 1370 lubet
380 1343 434 1369 iam
451 1343 480 1369 id
493 1343 630 1369 continuo.
700 1342 819 1375 Iamdiu,
840 1346 887 1370 Per
905 1346 1002 1380 longum
1012 1351 1070 1369 tcm-

23 1376 221 1512 {nst—gnificat.
256 1379 337 1405 Plaut.
352 1379 410 1405 Mil.
426 1387 449 1411 2,
461 1387 481 1410 1,
497 1386 525 1413 17
556 1380 612 1412 Ego
631 1378 733 1405 iamdiu
745 1378 814 1413 apud
833 1379 901 1406 hunc
915 1380 1070 1406 seruitutem

540 1166 596 1192 Iam
608 1164 704 1191 abhinc
718 1164 827 1198 triginta
841 1164 932 1191 diebus
946 1166 1071 1191 Comitiis

48 1413 125 1450 rulo.
162 1414 231 1440 Ter.
247 1415 313 1441 Eun.
327 1422 350 1446 3,
365 1422 389 1447 3,
405 1423 429 1440 1:
450 1415 508 1441 Huc
517 1415 612 1446 euasit,
624 1414 809 1449 quampridem
818 1422 889 1450 pater
896 1415 964 1441 mihi
977 1421 1003 1441 et
1017 1424 1070 1441 ma-

26 1461 27 1464 *
55 1457 69 1476 ι·
84 1449 186 1475 mortui
205 1450 296 1476 essent:
317 1449 379 1476 dico
399 1450 510 1476 iamdiu.
565 1451 699 1482 Donatus,
719 1451 775 1476 Iam
794 1451 861 1477 olim
879 1454 1070 1486 interpretatur.

19 1521 50 1552 J}
62 1527 93 1552 39
110 1529 130 1546 c.
147 1529 175 1553 19
204 1520 278 1547 Idem
291 1520 393 1547 iamdiu
406 1530 462 1547 non
475 1520 548 1546 facit.
584 1520 642 1546 isid.
658 1520 731 1546 Non.
746 1529 768 1553 3,
782 1529 839 1556 447.
909 1521 1012 1548 Iamdiu
1026 1531 1070 1548 ex-

25 1554 143 1589 spectans
168 1556 226 1582 Cic.
239 1556 318 1582 Acad.
333 1565 353 1588 1,
369 1564 391 1588 3.
462 1555 567 1583 Iamdiu
587 1555 687 1589 flagitat
713 1556 786 1583 Idem
798 1558 860 1583 Diu.
875 1559 952 1584 Verr.
966 1561 996 1584 26
1012 1567 1033 1583 c.
1047 1563 1069 1588 8.

25 1591 130 1618 Iamdiu
143 1590 206 1618 hacc
219 1591 365 1618 traolantur
378 1600 392 1617 a
406 1591 512 1617 Graecis
533 1591 570 1617 Id.
584 1591 662 1618 Acad.
678 1600 698 1622 1,
713 1600 734 1617 2.
803 1593 886 1619 Plaut.
902 1593 995 1628 Amph.
1015 1602 1033 1625 1,
1048 1602 1069 1626 1,

28 1629 78 1659 146
104 1627 180 1660 Agite
193 1627 288 1660 pugni,
302 1626 404 1653 iamdiu
416 1626 452 1653 est
464 1626 537 1661 quod
554 1627 642 1653 ventri
654 1627 755 1653 vicium
768 1636 822 1654 non
837 1628 913 1656 datis.
1003 1629 1070 1655 Iam-

27 1660 74 1687 diu
86 1661 185 1688 fac'tum
198 1662 244 1693 est,
258 1671 339 1696 quom
359 1662 437 1689 abisti
456 1662 487 1688 ad
502 1663 593 1689 forum
616 1662 698 1689 Plaut.
713 1663 782 1689 Asin.
799 1672 823 1695 2,
839 1672 860 1696 1,
875 1673 894 1696 3.

26 1695 126 1722 faenum
141 1697 176 1722 est
190 1697 326 1732 postquam
341 1697 459 1724 bibimus
478 1698 551 1724 Idem
562 1699 627 1724 Pers.
649 1705 671 1730 ς,
685 1706 705 1728 2,
718 1707 756 1731 41.
913 1697 933 1738 q
952 1709 965 1732 3
1001 1701 1069 1726 Iani-

8 1734 9 1740 *
27 1730 125 1757 dudum
136 1736 241 1767 proprie
251 1732 383 1770 fignificat
397 1734 450 1760 iam
463 1733 518 1760 diu.
555 1733 603 1761 Sed
622 1740 718 1769 nempe,
733 1741 761 1760 ut
773 1734 801 1760 de
815 1734 921 1761 Dudum
935 1735 1072 1770 obseruaui-

8 1774 93 1798 ymus,
106 1770 193 1801 potius
205 1771 386 1802 impatientiam
405 1768 527 1803 quandam
540 1778 621 1795 morae
633 1775 657 1794 et
666 1773 864 1803 properationem
878 1777 949 1795 notat
967 1772 994 1795 in
1007 1776 1070 1803 par-

23 1809 55 1827 vo
68 1805 142 1826 etiam
154 1806 272 1836 temporis
284 1803 429 1835 interuallo,
449 1813 521 1838 quam
534 1805 631 1838 longum
643 1803 754 1829 trabium
771 1806 902 1838 temporis,
917 1807 954 1829 ita
968 1811 998 1828 vt
1009 1803 1070 1837 scre

21 1836 92 1862 vltra
109 1845 181 1861 onam
194 1838 342 1872 alteramque
354 1838 439 1864 horam
451 1847 499 1863 non
518 1837 673 1863 extendatur.

21 1871 85 1906 gina
97 1871 173 1905 graui
192 1871 347 1898 iamdudum
366 1872 450 1898 saucia
465 1880 536 1898 cura.
597 1873 647 1898 Vix
661 1881 712 1897 vna
726 1873 850 1906 alteraque
868 1872 930 1898 hora
948 1871 1069 1908 adfuerat

23 1908 129 1934 Aeneas.
165 1906 212 1933 Sed
236 1914 317 1943 nempe
336 1908 435 1943 longum
454 1906 501 1942 ipsi
518 1906 650 1934 videbatur
666 1913 715 1935 etc.
750 1909 792 1935 Sic
804 1908 873 1934 Ter.
889 1906 963 1934 Adel.
983 1917 1010 1940 4,
1024 1917 1043 1938 1,
1059 1916 1068 1934 1

16 1941 86 1969 ,Ain‘
108 1947 209 1976 patrem
232 1942 293 1969 hinc
318 1942 397 1969 abisse
419 1944 480 1973 rus?
506 1949 528 1969 S.
549 1942 713 1971 iamdudum.
768 1943 841 1969 Idem
855 1943 920 1969 Eun.
941 1952 971 1975 4,
991 1951 1018 1977 7,
1031 1944 1068 1975 46

16 1977 179 2005 lIamdudum
193 1977 229 2003 cst
242 1978 345 2004 animus
358 1978 386 2004 in
399 1978 502 2012 patinis.
570 1978 627 2004 Cic.
643 1979 714 2004 Fam.
726 1986 749 2010 3,
765 1987 792 2004 12
816 1978 899 2003 Vides
920 1978 1011 2004 sudare
1026 1986 1069 2003 me

15 2013 178 2040 liamdudum
197 2013 362 2040 laborantem
381 2013 518 2048 quomodo
532 2021 562 2038 ea
579 2017 663 2039 tuear.

15 2046 107 2079 *Plaun
120 2049 189 2076 Asin.
202 2057 225 2082 3,
239 2057 260 2081 3,
276 2057 323 2082 15¹-
394 2050 450 2075 Iam
463 2057 518 2075 non
531 2048 632 2075 dudum
644 2053 704 2075 ante
718 2048 804 2074 lucem
830 2047 904 2074 Idem
918 2049 995 2074 Pocn.
1010 2057 1026 2077 1,
1041 2056 1068 2080 2,

14 2092 79 2119 ιῃος,
144 2085 202 2111 Cic.
218 2085 250 2110 de
264 2085 338 2111 Orat.
354 2093 375 2115 2,
390 2087 425 2111 26
438 2094 457 2110 c.
471 2092 488 2119 7
507 2084 653 2113 Antonium
666 2083 820 2110 iamdudum
834 2084 912 2110 Cotta
926 2088 1005 2117 atque
1012 2083 1069 2109 Sul-

38 2120 109 2148 ‘icius
129 2120 287 2155 exspeehnt.
315 2147 317 2149 .
360 2120 516 2147 Iamdudum
535 2119 712 2146 traetabanms
735 2118 808 2145 Idem
821 2119 853 2145 de
867 2119 974 2145 Amicit.
990 2128 1010 2144 c.
1025 2126 1067 2144 22.

53 2155 180 2183 mdudum
195 2156 294 2182 fadium
307 2156 353 2188 est,
362 2165 445 2190 quum
461 2155 539 2182 abisti
552 2155 632 2182 domo
640 2155 722 2181 Plaut.
735 2154 818 2181 Trin.
830 2163 859 2186 4,
872 2162 895 2185 3,
910 2163 932 2185 3.
999 2155 1067 2178 Iam-

40 2220 46 2222 ,
80 2201 123 2217 11111
135 2201 231 2218 vereor
244 2201 286 2223 ne,
300 2199 344 2218 etc.
362 2192 417 2219 Cic.
434 2193 508 2218 Verr.
523 2200 551 2224 4,
566 2198 618 2223 105.

0 2225 5 2258 l
81 2227 155 2253 Idem
168 2228 197 2253 in
211 2228 290 2253 Catil.
307 2236 316 2253 1
330 2236 351 2253 c.
360 2235 383 2259 ς,
397 2236 432 2253 21.
468 2227 629 2260 Haec,quae
643 2224 798 2251 iamdudum
814 2224 913 2257 loquor
931 2222 969 2249 Id.
986 2223 1064 2249 Vcir.

12 2275 13 2280 ¹
26 2288 29 2289 .
50 2271 72 2289 c.
86 2265 126 2295 36.
197 2262 265 2289 Ter.
279 2263 343 2288 Eun.
357 2270 379 2293 3,
395 2271 415 2294 1,
430 2268 461 2296 57
500 2260 614 2294 Qando
628 2259 705 2291 illud,
718 2259 791 2293 quod
810 2264 838 2284 tu
853 2258 912 2291 das,
934 2258 1065 2291 exspeflat

20 2303 100 2332 atque
115 2303 199 2328 amat,
219 2297 374 2324 iamdudum
388 2302 458 2322 amat
469 2301 510 2328 te,
529 2295 683 2321 iamdudum
698 2295 740 2321 illi
755 2294 833 2320 facile
846 2293 876 2320 fit
886 2294 957 2328 quod
971 2293 1067 2320 doleat.

18 2332 143 2368 Eamsere
156 2335 207 2358 uim
219 2332 307 2365 habet,
319 2341 391 2366 quam
406 2333 487 2362 ilicet,
500 2329 581 2356 aslum
594 2329 644 2363 est!
664 2339 713 2357 non
732 2329 765 2362 esi
779 2337 839 2365 opus
851 2331 901 2356 alio
914 2335 1067 2365 argumento.

0 2407 5 2438 ,¹¹
20 2402 75 2432 bes.
96 2405 138 2430 Ita
151 2401 217 2430 refle
231 2401 364 2438 distinguit
372 2403 454 2428 Bentl.
494 2404 613 2428 Notemus
629 2405 701 2428 etiam
709 2401 826 2436 Praefins
843 2399 995 2427 adiunctum.
1024 2400 1066 2428 Sic

0 2459 2 2467 .
20 2440 85 2467 Hec.
100 2448 122 2472 2,
135 2448 154 2470 1,
168 2447 177 2465 1
196 2438 294 2465 Nescio
307 2437 372 2472 quid
387 2437 542 2463 iamdudum
554 2437 635 2463 audio
649 2436 692 2462 hic
706 2436 874 2463 tumultuari.
911 2438 942 2462 Et
957 2436 1064 2462 Phorm.

818 2471 983 2501 Iamdudum,
997 2477 1066 2497 acta-

21 2484 45 2508 2,
58 2484 76 2507 1,
91 2483 121 2509 39
147 2473 303 2501 Iamdudum
324 2480 350 2498 te
362 2468 454 2498 omnes
467 2481 514 2499 nos
528 2473 647 2499 accusare
659 2471 749 2500 audio.
974 2507 987 2532 b
1011 2507 1034 2533 D

951 2509 976 2534 V
989 2510 999 2532 i
1037 2515 1065 2532 o-

0 2520 4 2542 ,’
20 2515 88 2544 tem:
111 2510 170 2536 lites
185 2511 241 2535 sunt
254 2509 324 2534 inter
337 2517 382 2534 eos
394 2508 479 2535 fafiae
498 2508 629 2534 maximae
642 2508 710 2534 Ter.
724 2509 789 2534 Eun.
807 2517 835 2541 4.
849 2516 872 2540 ς,
887 2513 908 2536 8.

19 2553 111 2572 natus:

12 2539 73 2612 gdat,
85 2580 200 2607 multum
214 2579 303 2606 abiisse
318 2579 454 2614 temporis,
467 2585 495 2606 vt
508 2579 608 2606 factum
621 2579 665 2606 est.
702 2579 823 2606 Maclidus
843 2586 866 2605 et
880 2579 962 2605 calens
976 2588 991 2605 a
1005 2581 1064 2604 vino

21 2617 134 2643 Chremes
147 2622 235 2651 auget,
249 2622 277 2640 vt
285 2615 368 2650 solent
381 2616 452 2647 tales,
465 2618 554 2642 omnia.
592 2616 660 2641 Nam
668 2615 737 2641 modo
745 2614 849 2650 fastum
865 2621 927 2640 erat.
989 2614 1066 2646 Virg.

21 2653 87 2679 Aen.
104 2660 129 2683 2,
147 2659 189 2683 103
221 2650 248 2677 Si
265 2659 356 2677 omnes
376 2659 429 2676 vno
447 2650 542 2677 ordine
556 2649 657 2676 habetis
670 2650 786 2676 Achiuos
822 2649 905 2683 quue
924 2648 1016 2674 audire
1029 2649 1066 2674 sat

21 2687 72 2718 est,
85 2686 240 2712 iamdudum
254 2686 349 2712 sumite
368 2695 475 2720 poenas.
531 2686 637 2711 Seruius
650 2688 847 2720 interpretatur,
867 2684 967 2715 Modo,
985 2691 1065 2717 quam

21 2758 108 2785 audire
127 2763 278 2784 narrantem.
333 2757 375 2783 Sic
389 2756 470 2783 Ouid.
485 2757 541 2782 Art.
562 2757 621 2782 Am.
639 2764 665 2788 2,
686 2763 738 2790 457
771 2754 888 2782 Candida
910 2753 1066 2780 iamdudum

20 2794 161 2828 ringantur
173 2792 241 2819 colla
256 2792 375 2823 lacertis,
393 2795 412 2818 i.
428 2795 478 2818 iam
492 2790 577 2818 cintia
591 2790 632 2825 effe
645 2791 738 2818 debent.
773 2792 804 2817 Et
817 2791 882 2817 Met.
896 2798 928 2822 11,
940 2794 990 2822 482
1017 2791 1066 2817 Ar-

23 2829 76 2857 dua
97 2828 251 2856 iamdudum
273 2827 406 2854 demittite
434 2836 548 2858 cornua,
575 2827 664 2854 recitor
686 2827 788 2853 clamat.
857 2826 914 2852 Sen.
934 2824 1005 2851 Med.
1027 2833 1066 2857 191

21 2865 95 2894 Vade
122 2879 168 2884 —-
196 2864 396 2898 monstrumque
422 2878 467 2883 —-
493 2862 646 2889 iamdudum
667 2861 758 2889 euehe.
829 2861 910 2888 Ouid.
929 2861 992 2887 Arte
1006 2861 1065 2887 Am.

21 2910 33 2929 1
56 2908 100 2935 317
120 2899 196 2926 Dixit
209 2905 235 2926 et
249 2900 351 2932 ingenti
368 2898 523 2925 iamdudum
544 2898 575 2924 de
589 2907 666 2933 grege
684 2898 746 2924 duci
758 2896 836 2924 Iuffit.

21 2921 126 2965 sostera
145 2935 191 2961 lux
205 2935 375 2961 Phaethontis
392 2943 473 2969 equos
492 2934 612 2968 proferre
631 2932 737 2969 parabat
771 2949 816 2953 --
851 2933 881 2959 Et
895 2932 999 2958 iuuenis
1020 2947 1065 2952 —

21 2971 179 3001 Iamdudum
195 2976 298 2997 exercet
317 2979 399 2997 curas.
454 2971 522 2996 Hor.
538 2969 587 2996 Od.
601 2978 623 3002 3,
635 2978 679 3003 29,
692 2979 704 3002 5
732 2970 813 2996 Pressa
830 2968 883 2995 tuis
898 2968 1006 2994 balanus
1025 2977 1066 2994 ca-

21 3007 93 3045 pillis
108 3006 265 3034 Iamdudum
288 3005 357 3040 apud
380 3015 422 3032 me
447 3005 491 3031 est.
548 3005 656 3033 Tibull.
671 3014 693 3037 3,
713 3008 738 3037 6,
757 3007 785 3036 63
817 3003 972 3031 Iamdudum
987 3004 1065 3035 Syrio

22 3043 184 3071 madefafius
203 3048 323 3077 tempora
335 3041 420 3068 nardo
434 3041 583 3068 Debueram
598 3048 643 3068 etc.
670 3040 728 3067 Vid.
743 3040 865 3067 Brouclch.
1005 3037 1026 3077 q
1046 3048 1065 3072 4

25 3112 82 3141 cessi
95 3113 163 3138 Ter.
177 3114 257 3142 Andr,
273 3121 292 3146 1,
306 3120 330 3146 5,
344 3121 387 3147 49.
458 3114 513 3139 Iam
533 3113 602 3145 iam,
618 3114 738 3147 Repente,
751 3121 814 3139 mox.
850 3111 933 3138 Plaut.
949 3112 1026 3138 Curc.
1042 3118 1065 3142 ς,

26 3158 50 3183 3,
65 3156 95 3180 29
114 3148 169 3172 Iam
188 3148 242 3175 iam
260 3149 357 3175 faciam
379 3154 407 3175 vt
426 3149 533 3175 iusseris.
605 3148 673 3175 Ter.
689 3148 761 3174 Adel.
781 3155 803 3180 ς,
820 3155 842 3179 3,
862 3149 897 3181 67
937 3146 1065 3173 Derides}

26 3186 177 3212 fortunatus
190 3184 237 3216 qui
252 3184 315 3210 istoc
334 3185 424 3211 animo
439 3184 498 3211 fies:
519 3192 568 3218 ego
588 3184 739 3210 sentiosivt.
753 3183 786 3209 ah
800 3183 938 3217 pergisne3
958 3189 988 3210 Ι).
1010 3182 1064 3208 iam

0 3219 1 3222 ’
28 3220 83 3247 iam
96 3216 193 3243 defino.
260 3219 315 3245 Iam
338 3221 391 3246 iam
417 3220 539 3254 intelligo
560 3220 646 3246 Crasse
668 3219 733 3255 quid
754 3219 823 3245 dicas
849 3219 903 3246 Cic.
918 3218 950 3244 de
963 3219 1036 3245 Orat.
1052 3226 1064 3250 3

28 3263 52 3281 c.
65 3262 100 3288 24
110 3259 151 3288 pr.
222 3252 277 3278 Iam
290 3254 342 3280 iam
356 3256 392 3282 sat
406 3256 442 3282 est
461 3256 542 3282 Plaut.
557 3255 616 3281 Mil.
632 3264 659 3288 4,
671 3264 696 3287 2,
710 3263 751 3287 92.

28 3291 87 3317 Iam
102 3288 154 3315 iam
172 3289 349 3327 nec-maxima
359 3291 442 3325 Iuno,
468 3292 525 3318 Nec
538 3291 675 3317 Saturnius
695 3291 757 3317 haec
775 3290 859 3316 oculis
879 3295 951 3324 pater
969 3288 1063 3323 aspicit

29 3323 128 3360 aequis.
198 3323 253 3349 Cle.
267 3324 342 3363 Verr.
355 3333 375 3357 1,
389 3333 424 3362 77
451 3328 506 3354 Iam
521 3327 574 3353 iam
590 3326 726 3353 Dolabella
739 3335 824 3361 neque
842 3326 895 3356 tui,
907 3333 992 3359 neque
1004 3330 1064 3350 tuo-

29 3369 91 3388 rum
107 3358 387 3397 liberorum4m1seret.
470 3364 526 3390 Iam
545 3363 666 3397 iamque,
688 3365 706 3388 i.
728 3363 805 3394 Mox,
817 3363 948 3388 celerrime.
990 3359 1065 3387 Idem

27 3395 81 3424 Att.
95 3402 121 3430 7,
136 3403 160 3421 21
181 3393 252 3420 Mihi
268 3393 379 3421 dubium
391 3404 444 3423 non
457 3404 522 3431 erat,
535 3399 601 3432 quin
615 3398 660 3425 ille
675 3398 727 3424 iarn
742 3398 848 3432 iamque
868 3397 939 3423 foret
952 3395 980 3421 in
993 3397 1065 3430 Apu-

772 595 847 621 Idem
861 594 947 620 Truc.
965 604 985 628 1,
1000 604 1024 627 2,
1039 601 1074 625 18.
1094 608 1123 626 10
1139 605 1199 622 cum
1215 606 1248 623 co
1263 598 1315 623 iam
1329 597 1389 623 inde
1405 597 1486 630 vsque
1498 605 1512 622 a
1526 597 1637 630 pucritia
1652 598 1752 631 semper
1769 597 1821 624 fuit
1833 597 2010 625 familiaritas.

30 771 120 802 vTunc.
155 776 288 809 Qlinelil.
305 785 328 807 2,
342 779 367 809 6,
381 779 398 803 6
435 775 516 809 Qiod
535 774 552 800 fi
576 774 635 800 satis
655 773 799 807 prudenter
818 780 848 798 ea
865 771 998 805 viderint,
1019 775 1072 799 iam
1093 783 1119 809 ις
1138 775 1201 800 cari.

1127 1243 1178 1272 pus
1191 1243 1266 1262 notet.
1302 1237 1344 1263 Sic
1356 1243 1404 1271 per
1422 1239 1603 1271 imponentium
1616 1235 1645 1260 de
1661 1242 1738 1269 paruo
1751 1241 1857 1270 tempore

31 1483 84 1519 gic.
97 1485 130 1510 de
144 1485 245 1511 Seneca.
262 1491 286 1515 13
308 1485 463 1519 Carthagini
476 1484 544 1511 male
556 1484 658 1511 iamdiu
674 1485 810 1518 cogitanti.
846 1487 920 1513 Idem
935 1488 966 1512 de
978 1487 1069 1513 Diuin.
1088 1493 1116 1521 35
1135 1486 1194 1512 cisse
1204 1486 1372 1512 manifestum
1387 1485 1433 1518 est,
1448 1491 1493 1511 etc.

1127 1592 1266 1629 fignificat.

965 1664 1069 1691 Iamdiu
1078 1675 1115 1700 40
1135 1663 1235 1691 Sallust.
1252 1664 1280 1690 in
1293 1664 1373 1690 Catil.
1387 1674 1407 1689 c.
1423 1671 1456 1696 ις.

725 1839 801 1871 Virg.
816 1838 880 1863 Aen.
895 1846 923 1870 4,
940 1846 950 1863 1
980 1838 1014 1863 At
1028 1846 1068 1863 re·
1081 1847 1116 1873 45
1134 1837 1196 1862 Liu.
1217 1845 1255 1869 22,
1271 1845 1307 1862 12.

769 2012 927 2039 Iamdudum
941 2012 977 2038 cst
997 2013 1068 2038 intus
1077 2020 1109 2046 50

907 2896 953 2923 Sil.
970 2905 1000 2927 11,
1014 2904 1065 2931 374
1079 2902 1113 2931 73
1131 2897 1216 2923 detur.

20 3080 127 3112 Reliqua
145 3078 266 3104 connubia
284 3087 337 3104 cum
355 3077 499 3104 Aduerbiis.
532 3078 587 3103 Iam
606 3077 690 3103 ferme
708 3077 840 3109 moriens,
858 3084 900 3102 me
919 3081 1012 3107 vocat,
1025 3084 1065 3101 ac·
1079 3076 1112 3102 80

804 3255 880 3289 Virg.
895 3255 960 3280 Aen.
978 3263 1006 3285 4,
1020 3261 1062 3286 371
1082 3256 1111 3285 85
1129 3253 1167 3279 bit
1186 3252 1323 3287 Pausanias
1342 3262 1357 3279 2
1372 3253 1481 3279 Eliacon.
1495 3251 1549 3278 vid.
1568 3250 1666 3278 vietor.
1686 3253 1715 3279 V.
1729 3252 1758 3278 L.
1777 3262 1818 3286 15,
1832 3262 1866 3288 ¹5·

1539 189 1815 230 IAN

1137 277 1184 304 Sed
1200 277 1300 304 viderur
1313 276 1356 312 effi
1369 278 1500 304 Columel.
1516 287 1537 311 1,
1551 287 1572 311 3,
1586 285 1599 312 ς
1620 278 1687 305 locut
1699 287 1727 304 ex
1739 283 1855 306 memoria
1867 284 1970 309 citatus.

1139 313 1194 339 lam
1215 313 1276 340 inde
1294 322 1309 340 a
1327 314 1440 347 paternis
1459 314 1646 340 certaminibus
1663 314 1772 340 inuisus-
1860 316 1914 342 Iam
1930 316 1991 344 inde
2010 327 2024 344 a
2039 320 2182 345 Consulatu

1140 357 1201 375 meo
1221 349 1290 376 testis
1314 350 1370 375 Cic.
1387 349 1498 383 Philipp.
1514 352 1604 382 14,16.
1659 351 1700 377 Sic
1713 350 1783 376 Fam.
1802 357 1837 381 13,
1856 359 1885 381 39
1924 353 2005 379 Cuius
2027 363 2086 380 cum
2107 361 2182 389 patre

1141 393 1235 418 magna
1248 383 1317 411 mihi
1331 384 1384 410 fuit
1397 385 1514 410 amicitia
1530 386 1582 411 iam
1597 384 1658 411 inde
1669 394 1684 412 a
1698 384 1841 419 Qlaestura
1855 394 1911 411 mea
1925 387 2059 415 Siciliensi.
2124 391 2182 417 Iam

1140 419 1202 446 inde
1216 429 1231 446 a
1245 428 1328 454 puero
1348 420 1429 446 Plaut.
1443 419 1522 445 Stich.
1538 429 1557 452 1,
1574 430 1596 453 3,
1609 429 1641 447 21.
1697 421 1768 448 Ter.
1788 419 1863 446 Adel.
1881 429 1904 453 3,
1924 429 1946 452 3,
1960 425 1990 450 86
2023 424 2078 450 Vah
2096 424 2180 452 homo

1140 456 1239 481 amicus
1260 455 1338 482 nobis
1353 456 1405 482 iam
1423 455 1486 480 inde
1504 464 1518 480 a
1538 465 1628 489 puero.

1139 499 1198 523 neg.
1237 510 1244 516 .
1279 510 1286 517 .
1324 510 1330 517 .
1397 491 1457 516 Liu.
1477 500 1517 524 34,
1531 499 1564 524 27
1578 498 1640 517 extr.

1138 526 1241 552 stellani
1256 526 1355 560 agreste
1368 534 1456 560 genus.

1138 561 1186 587 scis
1199 561 1286 587 facere
1304 560 1421 588 officium
1439 567 1525 587 tuum.

2106 207 2184 248 950

2040 283 2101 310 Liu.
2115 291 2137 316 2,
2151 285 2184 316 56

1700 456 1756 483 Iam
1771 455 1832 482 inde
1844 455 1991 490 antiquitus
2019 459 2082 485 l'lin.
2096 461 2122 486 in
2137 462 2181 488 Pa-

1681 491 1719 518 Hi
1739 493 1798 518 sunt
1818 491 1870 518 iam
1894 491 1955 518 inde
1973 493 2119 527 antiquitus
2139 505 2179 523 ca-

1529 526 1609 552 Plaut.
1624 528 1704 553 Merc.
1719 537 1740 559 3,
1756 536 1776 559 1,
1790 535 1820 559 23
1849 527 1905 553 Iam
1924 526 1986 553 inde
1998 534 2081 555 aetate
2096 539 2179 563 quum

1596 562 1664 588 Ter.
1677 564 1772 589 Heaut.
1789 571 1809 594 1,
1824 570 1850 595 2,
1864 571 1881 595 9
1911 562 1982 589 Nam
2002 563 2070 590 mihi
2086 574 2178 600 magna

2062 599 2115 625 Iam
2130 610 2178 629 ne:

1139 632 1194 658 Cic.
1209 633 1262 659 Att.
1277 641 1313 665 12,
1326 638 1359 665 48
1386 632 1476 658 Velim
1496 632 1572 664 scire,
1587 633 1650 666 quid
1666 633 1715 659 tibi
1737 634 1829 665 restet,
1854 639 1899 660 aut
1919 634 2005 660 iamne
2023 635 2178 664 confeceris.

1137 668 1192 694 Iam
1211 677 1294 699 nunc,
1310 667 1376 703 quod
1392 675 1416 693 et
1430 668 1508 694 Nunc
1522 668 1574 694 iam
1593 667 1702 701 (licitur,
1720 670 1789 695 Curti
1807 672 1924 704 temporis
1937 670 2001 705 quod
2013 671 2131 707 praestus
2144 672 2179 705 est*

1136 703 1311 730 indicationem
1326 703 1439 738 faciens.
1493 703 1549 729 Cic.
1563 704 1622 731 Diu.
1638 705 1714 730 Verr.
1728 713 1760 736 42
1778 712 1800 730 c.
1821 712 1843 736 13
1881 706 1957 737 Quae
1976 714 2058 740 quum
2079 708 2179 742 cogito,

1137 739 1190 765 iam
1203 748 1271 766 nunc
1285 739 1376 764 timeo.
1434 739 1509 773 Virg.
1524 739 1620 773 Georg.
1636 747 1653 770 1,
1667 748 1702 772 42
1731 740 1761 766 Et
1775 739 1845 766 votis
1859 739 1911 766 iam
1925 750 1993 767 uunc
2006 741 2114 769 assuesce
2130 753 2179 770 vo-

1257 773 1339 801 Ouid.
1352 774 1384 800 de
1397 773 1460 800 Arte
1474 775 1532 800 Am.
1548 783 1568 806 3,
1585 782 1616 807 59
1650 776 1782 801 Venturae
1796 783 1927 801 memores
1941 775 1994 802 iam
2010 786 2078 803 nnnc
2095 778 2178 806 estote

1137 809 1268 841 semelae,
1304 810 1345 836 Sic
1365 809 1470 835 nullum
1488 809 1565 836 vobis
1585 816 1686 844 tempus
1706 809 1792 836 abibit
1811 810 1890 837 iners.
1925 811 1999 849 Cous.
2019 813 2135 848 Propert.
2149 823 2179 849 4,

32 852 57 873 et
69 847 164 882 explere
182 851 278 874 tantum
297 848 412 878 videtur,
430 856 473 873 nec
484 853 564 872 tamen
576 844 630 878 Jine
646 845 750 880 quadam
764 844 914 870 vehementia
929 842 969 876 est.
1006 844 1074 871 Ter.
1139 854 1177 877 12,
1190 853 1230 878 93.
1300 845 1457 872 Ter-Andr.
1473 853 1492 875 1,
1510 854 1527 876 1,
1543 854 1591 880 ¹44
1608 846 1701 872 Eamus
1715 855 1784 872 nuuc
1798 845 1850 872 iam
1865 846 1946 873 intro.
2017 848 2096 875 Nunc
2108 858 2178 877 mm:

33 882 130 910 Heaut.
146 893 168 914 a,
182 891 203 915 3,
225 891 234 909 1
272 883 354 910 Nulla
372 882 440 909 mihi
459 890 499 909 res
518 881 622 916 posthac
640 880 723 915 potest
742 880 795 906 iam
814 879 977 906 interuenire
996 884 1074 907 tauta.
1136 881 1191 906 vicl.
1211 887 1328 907 NVNC.
1349 887 1372 906 ct
1391 881 1445 907 Cic.
1456 882 1512 907 Au.
1532 890 1550 912 1,
1569 883 1594 907 6.
1665 882 1720 907 Iam
1740 881 1823 913 olim,
1841 885 1861 908 i.
1883 883 1937 908 Iam
1949 883 2016 908 alon
2036 893 2048 909 o
2062 891 2178 921 tempore.

34 917 108 953 Conf.
128 918 219 944 Tacit.
233 918 265 944 de
285 919 375 945 Germ.
397 925 461 951 4,·,3
485 923 509 943 et
526 926 548 943 c.
567 916 615 944 vlt.
633 922 697 943 extr.
862 912 883 952 ἥ
906 923 918 940 2
956 916 1073 951 Iungitur
1136 916 1193 942 Cic.
1229 935 1236 942 .
1274 935 1281 942 .
1315 917 1370 942 Iam
1388 916 1455 942 olim
1473 916 1607 951 principio
1621 916 1686 942 illud
1703 917 1851 943 statueram.
1870 942 1871 945 ,
1906 918 2037 951 Qlinffl.
2058 924 2087 952 8,
2122 940 2129 947 .
2167 941 2177 949 ,

32 954 94 980 aliis
108 954 254 988 particulis.
289 955 345 981 Iam
358 963 372 980 a
386 954 490 989 pueris,
513 953 604 979 Statim
621 952 651 978 ab
664 951 786 987 f’lfamia·
822 949 891 976 Ter.
905 950 1000 977 Heaut.
1015 960 1038 985 2,
1053 961 1071 983 1,
1086 960 1122 978 20
1135 952 1190 978 Iam
1204 951 1284 984 olim,
1302 951 1453 987 Aliquando.
1489 952 1557 978 Ter.
1570 952 1635 978 Eun.
1649 960 1671 983 3,
1683 959 1706 984 ς,
1720 959 1748 983 311
1774 953 1804 978 Et
1822 952 1886 987 quia
1904 953 2066 980 consimilem
2081 956 2178 985 luserat

1136 988 1190 1013 iam
1200 987 1267 1013 olim
1280 986 1326 1013 ille
1340 987 1439 1013 ludum.
1477 987 1551 1023 Conf.
1566 987 1642 1020 Vix-g.
1657 988 1754 1020 Georg.
1770 996 1796 1019 2,
1809 997 1870 1021 40⁴·
1937 989 2095 1024 Pomponius
2115 993 2143 1018 in
2156 993 2175 1019 l.

1136 1023 1188 1049 Sub
1209 1022 1363 1049 conditione
1378 1023 1409 1049 D.
1423 1022 1455 1049 de
1469 1021 1668 1052 Solutionibus‚
1685 1022 1739 1048 Sub
1759 1022 1913 1048 conditione
1932 1023 2052 1057 debitor,
2067 1026 2084 1052 si
2105 1036 2178 1054 acce-

1135 1064 1211 1092 ptum
1228 1058 1345 1091 feratur,
1365 1059 1451 1092 postea
1471 1057 1625 1084 conditione
1646 1057 1773 1083 existente
1786 1057 1946 1091 intelligitur
1959 1060 2011 1086 iam
2027 1061 2095 1088 olim
2110 1063 2177 1090 libe-

1134 1100 1220 1120 ratus:
1237 1100 1263 1121 et
1277 1093 1328 1120 hoc
1345 1095 1425 1120 etiam
1438 1093 1455 1120 li
1470 1093 1569 1119 solutio
1582 1102 1611 1119 re
1624 1092 1686 1125 fiat,
1704 1092 1821 1119 accidere
1838 1093 1925 1119 Aristo
1943 1094 2054 1122 dicebat.
2118 1100 2177 1126 Iam

337 1132 391 1158 Iam
407 1131 440 1158 ab
453 1131 500 1158 illo
513 1136 641 1164 tempore,
654 1137 735 1163 quum
750 1128 777 1154 in
785 1129 931 1155 Cumanum
946 1129 1013 1155 mihi
1024 1129 1070 1155 ob·
1085 1134 1117 1161 22·
1135 1138 1230 1163 porro:
1265 1130 1320 1156 Cic.
1335 1130 1410 1156 Verr.
1428 1138 1450 1161 3,
1464 1135 1501 1158 118
1514 1138 1535 1157 c.
1549 1137 1579 1161 50
1606 1129 1661 1155 Iam
1675 1127 1704 1154 id
1716 1137 1799 1163 porro
1813 1134 1903 1154 Vtrum
1914 1128 2025 1156 libentes
2039 1132 2119 1159 inuiti
2132 1134 2178 1160 da-

1134 1165 1206 1192 bant.
1242 1165 1314 1191 Idem
1329 1174 1376 1199 pro
1390 1166 1464 1191 Rosc.
1478 1165 1566 1191 Amer.
1586 1173 1608 1190 c.
1621 1173 1666 1197 40.
1735 1162 1912 1198 Iampridem,
1927 1164 2007 1191 eodem
2019 1165 2079 1200 sere
2097 1169 2177 1200 modo,

1133 1207 1163 1227 vt
1176 1201 1231 1227 Iam
1244 1200 1344 1227 dudum
1356 1204 1470 1236 ponitur,
1488 1207 1517 1226 vt
1526 1202 1612 1235 potius
1629 1198 1747 1232 aff'eHum
1760 1199 1867 1225 dicentis
1873 1209 1962 1260 ,dquam
1977 1201 2104 1236 definitum
2118 1210 2179 1230 tem-

1895 1238 1972 1262 icitur
1984 1237 2066 1263 Plaut.
2082 1239 2176 1266 Bacch.

1134 1279 1157 1305 ς,
1171 1280 1192 1304 2,
1205 1277 1239 1304 38³
1257 1270 1327 1298 Istud
1340 1271 1497 1306 iampridem
1512 1272 1573 1297 scio.
1629 1271 1698 1297 Ter.
1712 1271 1777 1296 Hec.
1793 1279 1819 1303 2,
1833 1279 1851 1302 1,
1864 1279 1892 1297 21
1921 1271 2081 1306 Iampridem
2100 1282 2113 1300 e
2134 1275 2176 1301 ui-

804 1308 885 1334 Plaut.
900 1308 963 1334 Cist.
978 1317 1004 1340 2,
1020 1317 1038 1338 1,
1053 1315 1070 1342 7
1083 1315 1116 1339 30
1134 1306 1194 1334 dem
1213 1308 1306 1334 audiui
1324 1308 1414 1341 cepisse
1432 1307 1525 1333 odium
1544 1306 1584 1333 tui
1602 1306 1792 1332 Philumenam.
1812 1308 1829 1332 i.
1849 1308 1903 1333 Iam
1921 1308 2047 1342 aliquanto
2067 1309 2097 1334 ab
2120 1313 2176 1337 ,inc

1132 1350 1240 1379 tempore
1257 1343 1360 1369 audiui:
1396 1342 1452 1368 Cic.
1467 1343 1537 1369 Fam.
1551 1347 1575 1374 8,
1592 1349 1620 1376 17
1655 1341 1735 1376 Quod
1755 1342 1772 1368 si
1793 1342 1875 1368 timor
1891 1342 1991 1369 vestrae
2013 1344 2177 1372 crudelitatis

1133 1388 1188 1405 non
1199 1380 1273 1410 esset,
1290 1378 1371 1406 eietffl
1382 1377 1540 1413 iampridem
1555 1377 1616 1404 hinc
1628 1378 1744 1404 essemus.
1778 1377 1849 1404 Idem
1857 1378 1911 1405 Att.
1926 1387 1949 1410 2,
1963 1386 1984 1410 ς.
2003 1385 2027 1404 et
2040 1388 2071 1413 11,
2088 1389 2121 1412 13.
2142 1383 2175 1408 it.

1134 1415 1205 1442 Fam.
1219 1423 1242 1447 3,
1255 1423 1276 1441 ιι
1290 1421 1313 1440 et
1327 1423 1361 1441 12.
1397 1415 1471 1448 Virg.
1485 1414 1538 1441 Ecl.
1553 1422 1579 1447 2,
1593 1422 1633 1448 43.
1657 1420 1681 1440 et
1697 1414 1761 1440 Aen.
1776 1422 1794 1444 1,
1807 1415 1868 1448 726.
1936 1414 1984 1441 Sed
1997 1418 2069 1441 etiam
2082 1416 2110 1441 de
2122 1418 2175 1443 lon-

1132 1453 1200 1487 giori
1220 1457 1332 1486 tempore.
1370 1449 1436 1476 Plin.
1474 1469 1481 1476 .
1518 1469 1525 1478 .
1561 1469 1568 1476 .
1604 1449 1685 1483 Q1od
1703 1449 1818 1476 maiores
1839 1448 1941 1475 nostros
1963 1450 2118 1485 iampridem
2138 1452 2176 1478 fe-

1560 1485 1728 1520 Iampridem,
1742 1485 1871 1511 Continuo.
1892 1485 1989 1511 Lucan.
2005 1494 2024 1518 1,
2034 1494 2085 1522 347
2104 1488 2176 1514 Tol-

1133 1521 1181 1548 lite
1194 1521 1350 1556 iampridem
1363 1521 1502 1552 viCtricia,
1523 1521 1610 1547 tollite
1624 1521 1700 1555 flgna.
1734 1521 1762 1547 Si
1774 1519 1935 1554 Iampridem
1948 1520 1982 1546 ad
1993 1522 2092 1548 verbum
2106 1523 2177 1549 Tol-

1133 1558 1181 1584 lite
1199 1557 1324 1593 refertur,
1348 1557 1468 1583 Continuo
1481 1556 1628 1592 fignificat:
1654 1556 1681 1589 Ji
1702 1565 1759 1583 vero
1777 1553 1810 1582 a'd
1828 1565 1912 1582 nomen
1932 1556 2059 1583 Vielricia
2079 1558 2178 1585 lanulis:

1209 1592 1216 1597 ’
1337 1593 1405 1619 Ter.
1422 1592 1495 1618 Adel.
1511 1601 1535 1625 3,
1547 1600 1573 1625 2,
1589 1601 1625 1625 40
1662 1593 1717 1618 Iam
1733 1591 1849 1625 primum
1863 1591 1941 1618 illum
1954 1591 2042 1617 alieno
2056 1593 2146 1619 animo
2160 1602 2177 1619 a

1134 1628 1213 1655 nobis
1229 1629 1276 1655 esse
1290 1638 1332 1654 res
1347 1629 1401 1662 ipsa
1419 1627 1530 1654 indicat:
1554 1630 1648 1662 incipit
1672 1635 1789 1653 enarrare
1812 1626 1898 1661 causas
1917 1626 2014 1659 consilii
2025 1627 2078 1662 fiti-
2135 1628 2178 1655 Sic

1494 1664 1524 1688 Et
1536 1663 1605 1688 Ter.
1620 1662 1701 1688 Andr.
1713 1670 1735 1693 3,
1748 1669 1773 1691 2,
1786 1670 1813 1693 32
1840 1662 1896 1686 Iam
1909 1661 2025 1694 primum
2041 1661 2104 1688 haec
2121 1663 2146 1688 se
2161 1671 2178 1688 e

1134 1699 1274 1734 Pamphilo
1285 1699 1422 1733 grauidam
1438 1697 1508 1723 dixit
1519 1698 1582 1723 esse:
1603 1698 1740 1722 inuentum
1754 1696 1790 1721 cst
1802 1695 1907 1721 falsum.
1978 1697 2020 1722 Sic
2029 1696 2086 1731 post
2100 1699 2179 1723 Exor.

1134 1735 1200 1759 dium
1221 1737 1260 1760 ita
1278 1733 1312 1759 ad
1333 1732 1451 1765 historiae
1473 1735 1551 1757 initia
1574 1731 1664 1764 transit
1679 1731 1771 1756 Liuius
1788 1739 1805 1760 1,
1822 1739 1832 1756 1
1858 1731 1913 1756 Iam
1926 1731 2042 1764 primum
2056 1734 2180 1760 omnium

1135 1769 1195 1794 satis
1210 1769 1324 1799 constat,
1344 1767 1435 1793 Troia
1448 1772 1534 1800 capta,
1553 1766 1581 1791 iu
1594 1771 1710 1791 caeteros
1726 1766 1856 1791 saeuitum
1870 1767 1917 1792 effe
1932 1767 2079 1793 Troianos.
2121 1769 2178 1795 Cic.

1134 1803 1207 1828 Fam.
1222 1811 1255 1833 ¹4,
1268 1811 1298 1833 23
1324 1800 1454 1828 Redditae
1469 1800 1539 1826 mihi
1558 1799 1611 1826 iam
1625 1799 1729 1827 tandem
1743 1800 1801 1827 sunt
1813 1809 1828 1827 a
1840 1801 1949 1828 Caesare
1961 1802 2062 1829 literae.
2102 1803 2179 1840 Conf.

1377 1837 1432 1863 Iam
1453 1835 1559 1862 tandem
1581 1836 1671 1862 Italiae
1691 1836 1818 1870 fugientis
1837 1836 1988 1870 prendimus
2007 1846 2066 1863 oras
2098 1839 2178 1873 Virg.

1134 1873 1199 1898 Aen.
1216 1874 1241 1904 6,
1255 1874 1303 1898 61.,
1366 1873 1405 1898 Ita
1419 1873 1444 1898 se
1458 1873 1509 1897 iam
1524 1878 1579 1897 tum
1592 1871 1683 1905 gessisse
1697 1880 1746 1905 pro
1763 1872 1821 1897 ciue
1835 1872 1868 1898 iis
1883 1872 2055 1906 temporibus,
2065 1882 2132 1907 quae
2147 1880 2178 1901 tu

1133 1908 1285 1934 criminaris
1306 1906 1362 1933 Cic.
1375 1916 1424 1941 pro
1438 1907 1516 1942 Arch.
1530 1916 1550 1932 c.
1566 1915 1603 1932 12.
1639 1908 1670 1932 Et
1683 1907 1754 1932 Fam.
1769 1908 1795 1938 6,
1809 1914 1833 1932 2.
1858 1915 1885 1940 7,
1901 1915 1934 1932 12.
1952 1914 1974 1933 et
1988 1916 2022 1940 13,
2040 1916 2077 1943 17.
2114 1910 2176 1936 Liu.

1133 1951 1178 1975 29,
1192 1951 1211 1968 1.
1247 1943 1316 1976 Nep.
1332 1948 1352 1973 8,
1368 1951 1411 1974 24.
1448 1942 1522 1975 Virg.
1538 1942 1602 1967 Aen.
1616 1947 1639 1973 8,
1653 1950 1702 1974 349
1723 1942 1778 1967 Iam
1793 1947 1848 1968 tum
1862 1942 1959 1976 religio
1972 1944 2081 1977 pauidos
2094 1950 2178 1971 terre-

1134 1977 1178 2003 bat
1191 1977 1311 2010 agrestes
1378 1978 1434 2002 Iam
1454 1983 1530 2009 tunc,
1551 1979 1568 2002 i.
1587 1978 1623 2003 Ex
1635 1977 1677 2002 illo
1689 1975 1780 2008 statim
1797 1983 1902 2011 tempore
1916 1978 2006 2006 lustin.
2026 1988 2060 2011 13,
2074 1988 2096 2011 ς,
2110 1988 2131 2012 ς.
2152 1986 2178 2007 ec

1133 2017 1172 2044 38,
1186 2019 1208 2044 ς,
1221 2020 1243 2044 3.
1279 2011 1352 2047 Cous.
1366 2011 1433 2038 Plin.
1450 2014 1478 2038 16
1492 2021 1513 2038 c.
1525 2012 1573 2038 vlt.
1643 2013 1698 2038 Iam
1713 2020 1778 2038 vero
1798 2012 1851 2046 ipsa
1870 2018 1939 2039 terra
1960 2014 1997 2040 ita
2010 2014 2080 2041 mihi
2094 2024 2178 2049 parua

1132 2048 1188 2074 visa
1206 2047 1256 2077 est,
1274 2054 1303 2073 vt
1323 2056 1364 2073 me
1379 2047 1487 2081 imperii
1507 2047 1607 2078 nostri,
1627 2056 1682 2081 quo
1701 2047 1771 2081 quasi
1792 2046 1918 2081 punctum
1939 2049 1996 2075 eius
2011 2050 2178 2086 attingimus,

1132 2083 1281 2117 poeniteret
1299 2082 1355 2108 Cic.
1370 2083 1399 2108 in
1412 2083 1500 2108 Somn.
1516 2083 1584 2116 Scip.
1599 2086 1622 2111 8.
1642 2091 1687 2116 quo
1702 2084 1754 2108 loco
1769 2083 1860 2118 legitur
1873 2083 1956 2117 etstne
1969 2086 2048 2112 Vero.
2103 2087 2178 2114 Idem

1131 2119 1163 2144 de
1177 2119 1251 2144 Orat.
1266 2126 1292 2149 2,
1307 2123 1334 2149 83
1354 2118 1408 2142 Iam
1422 2126 1487 2143 vero
1500 2117 1678 2143 narrationem
1691 2117 1763 2151 quod
1777 2117 1870 2144 iubent
1884 2119 2054 2146 verisimilem
2067 2122 2180 2152 esse-,etc-

1131 2154 1186 2178 Iam
1202 2161 1282 2182 vero,
1294 2152 1402 2186 stcunclo
1426 2154 1476 2178 loco
1497 2151 1612 2186 politum.
1667 2153 1723 2179 Cic.
1739 2153 1770 2179 de
1782 2154 1852 2180 Clar.
1868 2155 1942 2182 Orat.
1955 2157 1999 2188 263
2027 2156 2179 2183 Probabilis

712 2188 869 2215 Iamdudum
884 2194 910 2214 te
925 2187 991 2214 illud
1005 2187 1066 2213 hor·
1084 2197 1112 2223 33
1130 2193 1239 2219 orator,
1258 2187 1310 2212 iam
1324 2196 1388 2213 vero
1401 2188 1482 2213 etiam
1495 2187 1629 2221 probatus.
1664 2188 1740 2222 (luafi
1759 2189 1843 2221 dicat,
1863 2190 1933 2223 Quid
1948 2190 2003 2217 dico
2017 2192 2180 2226 probabilis?

1129 2225 1202 2248 immo
1215 2226 1264 2249 iam
1275 2223 1402 2257 probatus.
1440 2223 1513 2248 Idem
1520 2224 1595 2250 Verr.
1610 2215 1697 2250 Afiffi
1712 2233 1734 2250 c,
1748 2229 1790 2258 48.
1817 2232 1838 2251 el
1846 2225 1899 2251 Off.
1915 2234 1928 2250 2
1940 2235 1961 2251 c.
1977 2235 1997 2257 3.
2069 2228 2123 2253 Iam
2138 2237 2180 2254 vs-

1130 2267 1182 2292 que
1197 2257 1242 2284 ab:
1273 2258 1326 2284 Cic.
1342 2258 1373 2284 de
1387 2258 1478 2284 Diuin.
1494 2267 1513 2292 1,
1529 2267 1539 2286 t
1570 2260 1650 2285 Vetus
1668 2259 1763 2293 opinio
1783 2259 1819 2286 est
1838 2260 1892 2286 iam
1911 2261 1992 2295 vsque
2010 2260 2043 2288 ab
2062 2261 2179 2290 heroicis

1132 2292 1208 2320 dueta
1223 2293 1405 2328 temporibus,
1424 2302 1471 2320 etc.
1680 2306 1684 2309 ·

1167 2337 1176 2355 1
1188 2337 1208 2356 Α
1219 2336 1241 2355 Μ
1251 2336 1267 2356 Β
1277 2336 1296 2354 V
1306 2335 1330 2361 S,
1344 2330 1361 2355 i.
1375 2339 1410 2357 111.
1431 2329 1558 2362 [ἱὸιμβσς]
1579 2329 1653 2355 Pedis
1665 2337 1751 2365 genus,
1765 2328 1879 2362 conflans
1891 2339 1921 2356 ex
1934 2330 2003 2358 breui
2015 2339 2039 2359 et
2051 2334 2135 2370 longa,
2148 2340 2180 2361 vt

19 2368 88 2395 Ter.
103 2367 185 2394 Andr.
200 2376 220 2400 1,
232 2376 259 2400 4,
274 2376 284 2394 1
315 2367 428 2397 Audiui,
443 2366 569 2393 Archillis
584 2365 753 2392 iamdudum:
775 2365 898 2392 Lesbiam
917 2365 1011 2391 adduci
1028 2365 1067 2390 iu-
1086 2369 1119 2394 60
1131 2363 1237 2391 docens.
1274 2365 1334 2391 Inde
1348 2363 1381 2398 est
1399 2364 1538 2398 ἰαμβίζειν,
1556 2364 1584 2390 id
1602 2363 1635 2397 cst
1647 2364 1805 2391 maledicere:
1827 2363 1860 2398 esi
1872 2369 1935 2392 enim
1942 2373 1989 2402 pes
2001 2368 2109 2402 vetfihus
2128 2373 2179 2396 ma-

1129 2400 1216 2427 ledicis
1228 2400 1375 2435 aptissimus.
1419 2401 1511 2426 Varias
1531 2400 1704 2435 appellationis
1722 2404 1832 2427 rationes
1844 2401 1938 2428 videre
1952 2403 2015 2429 licet
2033 2405 2100 2438 apud
2112 2406 2178 2432 Dio-

1130 2436 1199 2462 med.
1216 2445 1226 2467 3
1248 2445 1270 2469 p.
1285 2443 1342 2468 473.
1384 2436 1415 2461 V.
1430 2445 1454 2471 g.
1477 2444 1492 2461 a
1511 2435 1602 2461 Iambe
1622 2435 1697 2462 Celei
1716 2436 1832 2469 famula,
1851 2440 1881 2462 it.
1900 2438 2020 2464 Iambum
2038 2441 2086 2466 else
2105 2441 2177 2474 quasi

1129 2471 1312 2502 Triambum,
1331 2480 1344 2497 a
1359 2471 1574 2506 Triumphatore
1587 2471 1702 2503 Libero,
1718 2480 1732 2497 a
1751 2472 1817 2498 sorti
1838 2472 1898 2498 viro
1915 2473 2007 2499 lambo
2018 2481 2064 2501 etc.
2101 2476 2180 2502 Nihil
2208 2496 2210 2498 -

1129 2509 1192 2533 enim
1205 2507 1266 2543 fimi
1283 2506 1324 2539 est.
1364 2509 1483 2532 Notcmus
1497 2509 1584 2540 potius
1602 2515 1631 2532 ex
1644 2508 1662 2532 Ι.
1676 2516 1698 2532 e.
1718 2507 1838 2532 lamburn
1856 2508 1954 2533 eundem
1970 2509 2092 2544 appellari
2108 2511 2178 2537 Dau-

136 2546 208 2578 Qua
231 2544 373 2570 Iamdudum
399 2543 519 2570 infinitae
533 2552 624 2570 morae
637 2544 689 2576 est,
708 2543 781 2570 addit
796 2546 924 2574 Aetatem,
938 2549 967 2569 vt
981 2542 1065 2569 osten-
1080 2547 1111 2578 63
1130 2542 1206 2568 nium
1226 2551 1241 2568 a
1260 2541 1326 2568 duce
1341 2542 1488 2576 Apulorum
1510 2542 1631 2573 Daunio,
1660 2544 1763 2575 itemque
1783 2542 1938 2575 Gradalem‚
1955 2544 2074 2571 Gradiuo
2093 2547 2177 2573 Marti

1130 2578 1242 2604 sacrum.
1311 2577 1415 2609 Syllaba
1435 2577 1513 2610 longa
1532 2577 1609 2603 breui
1629 2576 1744 2603 subiecit:
1764 2584 1875 2603 vocatur
1893 2578 1997 2605 Iambus
2027 2581 2094 2607 Hor.
2110 2583 2176 2608 Arte

1131 2614 1203 2639 Foet.
1217 2620 1266 2644 251.
1322 2612 1465 2639 Criminofi
1487 2611 1560 2638 Idem
1580 2613 1667 2638 Carm.
1685 2614 1756 2644 1,16',
1768 2621 1789 2645 3.
1844 2614 1927 2640 Ouid.
1947 2614 1979 2640 de
1992 2616 2066 2643 Rem.
2082 2617 2176 2644 Amor.

1130 2652 1175 2681 378
1209 2648 1292 2673 Liber
1312 2648 1340 2673 in
1359 2647 1482 2674 aduersos
1500 2647 1585 2673 hostes
1607 2647 1749 2681 stringatur
1764 2648 1883 2681 Iambus,
1920 2650 1970 2676 Seu
1985 2652 2069 2684 celer,
2089 2659 2177 2679 extre·

1130 2691 1204 2708 mum
1217 2683 1259 2708 seu
1274 2682 1360 2709 trahat
1375 2683 1422 2708 ille
1435 2683 1544 2717 pedem,
1565 2686 1583 2709 i.
1600 2684 1704 2710 Scazon.
1778 2683 1845 2710 Hor.
1857 2685 1936 2719 Epist.
1950 2695 1970 2718 ι,
1984 2695 2021 2719 19,
2034 2696 2062 2719 23
2086 2689 2177 2715 Parios

20 2723 149 2759 primum.
186 2723 278 2756 Nempe
289 2721 334 2748 hoc
345 2721 421 2755 dicit,
435 2723 488 2747 Iam
502 2720 545 2746 diu
557 2720 780 2756 debebatis-sumere
788 2726 895 2754 poenas,
909 2727 957 2743 non
969 2721 1006 2744 ita
1023 2718 1065 2743 diu
1075 2726 1111 2754 70
1130 2719 1233 2753 primus
1246 2718 1350 2744 Iambos
1363 2718 1474 2745 Ostendi
1488 2719 1580 2750 Latio,
1595 2727 1720 2745 numeros
1734 2719 1890 2754 animosque
1901 2722 2001 2748 secutus
2010 2723 2177 2751 Archilochi.

1130 2755 1236 2788 Pugnax
1259 2753 1340 2780 Ouid.
1355 2754 1382 2780 in
1395 2754 1456 2780 Ibin
1471 2763 1519 2786 521.
1597 2754 1693 2781 Facere
1712 2755 1833 2781 iambum
1854 2756 1986 2789 Qlinf'til.
2002 2765 2021 2788 1,
2035 2766 2058 2790 ς.
2128 2760 2178 2786 Vi.

1131 2789 1210 2816 brare
1223 2795 1309 2816 truces
1326 2789 1431 2816 Iambos
1447 2789 1544 2817 Catull-
1558 2797 1600 2822 34,
1616 2798 1637 2822 ς.
1705 2790 1810 2817 Iambus
1820 2811 1828 2823 ,
1848 2793 1938 2828 Ecloga
1949 2799 1993 2818 aut
2009 2794 2117 2828 Idylium
2130 2802 2177 2822 aut:

1131 2834 1244 2857 carmen,
1264 2832 1307 2852 aut
1322 2828 1472 2860 poematium
1491 2835 1521 2851 cx
1541 2826 1643 2852 [ambis.
1679 2826 1735 2852 Cic.
1749 2827 1802 2853 Alc.
1823 2829 1860 2857 16,
1881 2835 1903 2854 11
1934 2827 2020 2861 Mihi,
2035 2835 2063 2856 vt
2077 2830 2180 2857 Aristo·

1131 2860 1213 2896 phani
1226 2859 1382 2887 Archilochi
1394 2860 1515 2891 Iambus,
1535 2860 1568 2886 sic
1588 2861 1697 2895 epistola
1717 2862 1862 2896 longillima
1883 2871 2002 2899 quaeque
2020 2865 2121 2898 optima
2135 2866 2178 2892 vi-

1275 2897 1376 2922 Festus:
1396 2897 1481 2923 lambi
1500 2896 1679 2929 vocabantur,
1700 2898 1749 2932 qui
1767 2897 1862 2932 singuli
1882 2907 1914 2925 ex
1931 2900 2070 2933 proscenio
2084 2901 2178 2936 loque-

1129 2931 1241 2963 bantur,
1255 2931 1402 2964 Triambi,
1417 2933 1464 2967 qui
1483 2932 1562 2958 terni.

1130 3004 1153 3030 A
1167 2975 1177 2994 1
1186 2973 1244 3028 Αὲι
1255 2974 1271 3008 11
1282 2968 1298 2993 Ε
1307 2975 1327 2993 V
1336 2974 1348 2993 s
1358 2989 1367 3001 ,
1386 2977 1415 3000 a,
1434 2977 1488 2994 um.
1515 2967 1575 2996 Adi.
1610 2966 1757 3002 [sufflans]
1794 2969 1930 2996 Trimetri
1946 2970 2049 2998 Iambei
2063 2972 2131 3000 Hor.
2145 2972 2178 3000 de

1155 3010 1196 3030 rte
1235 3006 1288 3029 oet.
1309 3012 1359 3036 232.
1600 3007 1603 3015 ¹

1167 3046 1207 3066 1A
1216 3046 1240 3065 M
1250 3045 1266 3065 Β
1276 3037 1313 3066 ἴε
1323 3045 1343 3063 V
1352 3045 1365 3065 s
1375 3058 1382 3069 ,
1399 3047 1413 3064 a
1422 3058 1430 3071 ,
1448 3048 1504 3065 um.
1526 3038 1587 3065 Adi.
1622 3039 1717 3065 Versus
1732 3039 1864 3066 Iambicus
1877 3040 1998 3067 Diomed.
2019 3050 2040 3073 3,
2061 3061 2068 3067 .
2097 3061 2105 3068 .

1165 3081 1242 3136 1ῙΙΑΜ
1252 3080 1311 3101 Bic
1321 3076 1433 3107 1‘st,
1453 3083 1483 3108 a,
1504 3083 1559 3101 um.
1589 3073 1650 3101 Adi.
1687 3075 1775 3101 Genus
1793 3075 1970 3102 iambicinum
1988 3077 2113 3103 Martian.
2125 3077 2176 3104 Ca..

1149 3119 1162 3136 e
1185 3119 1197 3136 3
1231 3130 1237 3141 1
1252 3117 1302 3142 333·
1939 3123 1940 3126 ’

1131 3120 1147 3146 P
1170 3153 1180 3171 1
1193 3118 1248 3172 A9M
1261 3153 1268 3170 1
1282 3152 1329 3171 DA
1339 3152 1373 3177 E,
1393 3154 1478 3172 arum.
1497 3154 1534 3171 m.
1561 3146 1599 3172 De
1613 3145 1700 3181 quibus
1711 3145 1778 3181 apud
1793 3145 1849 3172 Cic.
1862 3145 1894 3172 de
1907 3146 1998 3173 Diuin.
2020 3155 2041 3179 1,
2061 3155 2088 3179 91
2109 3157 2176 3174 men-

1129 3184 1165 3208 tio
1180 3180 1228 3215 est,
1239 3182 1344 3208 Familia
1356 3181 1472 3216 quaedam
1478 3181 1537 3216 fuit
1550 3181 1704 3217 aruspicum,
1723 3181 1752 3206 ab
1769 3182 1842 3207 lamo
1852 3181 1907 3216 filio
1914 3181 2042 3216 Apollinis
2047 3182 2086 3215 stc
2098 3186 2177 3210 nomi-

1130 3224 1204 3247 nata,
1218 3226 1318 3252 quorum
1339 3226 1402 3242 vnus
1419 3216 1589 3252 Thrasybulus
1611 3226 1622 3241 e
1646 3226 1731 3242 canum
1752 3220 1818 3243 extis
1837 3217 2038 3250 vaticinabatur,
2062 3225 2091 3244 vt
2106 3219 2176 3254 scri.

1908 3253 2015 3280 Turneb.
2031 3253 2137 3290 Adueffi
2149 3265 2176 3289 5,

1130 3299 1169 3316 22.
1208 3288 1277 3316 Add.
1292 3286 1411 3322 Philostr.
1424 3288 1540 3323 Apollon.
1551 3297 1576 3321 5,
1589 3296 1626 3321 25.

1513 3326 1527 3355 I
1628 3326 1657 3355 A
1754 3325 1786 3356 N

1165 3403 1289 3429 IANA,
1305 3405 1344 3423 ae.
1367 3395 1387 3422 f.
1431 3393 1586 3429 [Ἄρτεμις]
1620 3395 1692 3420 Luna
1710 3400 1763 3421 erat
1782 3395 1906 3422 veteribus
1923 3396 2053 3422 Romanis.
2089 3397 2178 3426 Varro

0 3443 2 3463 l
29 3430 74 3458 lia.
112 3430 184 3457 Idem
200 3430 271 3455 Fam.
287 3438 324 3461 12,
339 3438 367 3455 10
389 3431 442 3458 Vos
459 3434 622 3469 exspefflui,
636 3435 747 3460 Brutum
761 3432 869 3468 quidem
882 3433 934 3458 iam
947 3431 1063 3465 iamque.
1074 3439 1110 3464 90
1130 3432 1163 3459 de
1176 3434 1207 3459 R.
1222 3434 1253 3459 R.
1269 3442 1289 3465 1,
1303 3440 1344 3466 37,
1357 3439 1368 3463 3
1390 3431 1535 3464 Nunquam
1554 3438 1615 3456 rure
1635 3429 1731 3456 audisti
1750 3429 1847 3456 0&auo
1863 3431 1923 3464 (die
1938 3432 2016 3465 ante)
2033 3433 2121 3459 Ianam
2135 3436 2177 3468 (i,

24 3466 123 3494 catull.
137 3465 169 3491 de
183 3466 232 3497 Aty
246 3466 292 3498 64,
305 3472 336 3499 73
365 3465 420 3491 Iam
439 3467 491 3494 iam
503 3469 575 3496 dolet
597 3470 668 3505 quod
686 3469 728 3503 egi
746 3469 798 3495 iam
813 3468 919 3502 iamque
939 3468 1065 3501 poenitet.

20 3503 84 3530 -Iam
103 3502 179 3534 inde,
202 3500 243 3527 Ab
262 3501 307 3526 hoc
324 3506 437 3535 tempore.
483 3504 587 3532 Videtur
605 3509 669 3531 enlm
690 3507 794 3539 tempori
814 3511 901 3531 metam
921 3501 1066 3535 constituere

27 3536 183 3580 quvvliqm'd
194 3535 247 3571 fit,
267 3536 307 3562 Uel
320 3535 382 3571 fieri
394 3543 499 3571 coeptum
513 3539 554 3572 est.
608 3541 664 3568 Cic.
680 3541 706 3567 in
721 3540 808 3567 Vatin.
821 3549 845 3572 13
884 3540 920 3565 Ac
940 3538 991 3564 tibi
1013 3538 1065 3563 iam

28 3573 90 3600 inde
105 3571 254 3608 praescribo
263 3590 269 3601 ,
293 3581 326 3597 ne
340 3576 395 3597 tuas
407 3572 493 3600 sordes
506 3584 565 3601 cum
583 3576 781 3603 clarissimorum
794 3576 915 3602 virorum
930 3573 1065 3608 splendore

28 3610 192 3644 permisceas.
227 3606 296 3634 Add.
311 3607 372 3632 Liu.
389 3615 423 3636 21,
437 3615 471 3638 31.
484 3638 489 3644 k

27 3644 115 3671 studio
131 3644 166 3670 est
181 3645 233 3669 iam
248 3642 309 3668 inde
329 3642 362 3668 ab
376 3641 556 3672 adolescentia.
622 3649 677 3674 Iam
691 3647 753 3674 inde
766 3656 780 3673 a
801 3652 874 3682 patre
891 3652 967 3679 atque
982 3645 1065 3670 maio-

28 3679 113 3712 ribus,
126 3687 171 3706 ‘'5²‘-
186 3679 242 3705 Cic·
257 3687 305 3713 ΡΓΟ
319 3677 455 3717 Hace-52·
523 3680 578 3707 lam
590 3682 651 3709 inde
665 3692 678 3709 a
693 3683 790 3710 teneris
808 3681 930 3716 impende
947 3680 1066 3706 laborem

26 3716 103 3750 ,Ἧι-ἕ.
117 3716 213 3748 Georg.
229 3723 251 3746 3,
265 3722 310 3748 74-
383 3714 439 3739 Cle·
454 3713 482 3738 ¹⁸¹¹
492 3714 565 3741 Orat.
580 3724 622 3751 127
646 3719 687 3745 Est
701 3719 772 3745 enim
786 3719 897 3745 illorum
911 3715 1066 3742 exercitatio

24 3747 132 3785 'elegans
148 3751 200 3777 iam
215 3750 276 3776 inde
290 3749 322 3775 ab
336 3748 476 3775 Aristotele
489 3749 634 3778 constituta.
704 3755 764 3780 Liu.
778 3762 815 3787 33,
829 3761 865 3788 47
874 3761 917 3788 pr.
944 3752 1066 3778 Tentare

28 3784 132 3821 gentem
151 3786 287 3812 aduersam
302 3784 429 3811 Romanis
450 3784 503 3810 iam
516 3783 576 3810 inde
588 3787 757 3821 aPrachyllae
770 3795 863 3819 morte,
877 3796 922 3814 etc.

29 3829 51 3855 1,
65 3831 75 3848 1
99 3823 154 3848 Iam
173 3821 234 3848 inde
253 3821 286 3848 ab
300 3820 381 3847 initio
399 3819 510 3846 minime
524 3819 606 3846 laetus
618 3830 702 3849 nouae
715 3825 818 3858 origine
837 3824 920 3851 vrbis.
1009 3822 1066 3848 Cic.

28 3865 77 3892 pro
91 3858 171 3883 Corn.
183 3856 257 3883 Balb.
271 3865 296 3889 31
316 3857 340 3882 O
356 3856 414 3882 iura
427 3855 574 3889 praeclara,
588 3860 666 3889 atque
684 3858 811 3886 diuinitus
826 3860 878 3886 iam
892 3858 954 3886 inde
967 3867 983 3884 a
996 3858 1067 3893 prin.

25 3892 101 3926 ,cipio
114 3892 228 3919 Romani
244 3892 360 3918 nominis
380 3900 395 3917 a
412 3889 558 3917 maioribus
578 3890 672 3930 nostris
692 3901 846 3928 comparata.
884 3894 985 3921 Sallust.
1008 3895 1065 3927 Ing.

537 3611 606 3638 Ter.
621 3612 695 3638 Adel.
713 3621 731 3641 1,
746 3621 766 3644 1,
781 3614 809 3638 16
833 3612 857 3637 Is
871 3610 935 3637 adeo
949 3608 1065 3635 dissimili
1080 3611 1114 3637 9)·
1136 3612 1221 3645 Temp,
1236 3620 1250 3637 2
1267 3617 1294 3645 p,
1310 3620 1366 3643 ¹74·
1386 3615 1410 3634 et
1429 3606 1492 3641 VoſjI

1991 3467 2110 3494 Macrob.
2125 3470 2177 3496 Sat.

1131 3513 1152 3536 1,
1165 3513 1181 3537 9
1199 3502 1386 3530 Pronuntiauit
1398 3501 1539 3535 Nigidius,
1556 3501 1709 3535 Apollinem
1724 3502 1815 3527 lanum
1833 3502 1881 3527 esse
1896 3502 2062 3537 Dianamque
2076 3505 2177 3537 Ianam,

1131 3539 1247 3574 apposita
1268 3540 1290 3565 D
1306 3538 1399 3569 litera,
1419 3546 1485 3572 quae
1499 3537 1600 3571 saepius
1620 3538 1632 3563 Ι
1652 3536 1743 3562 literae
1758 3536 1858 3563 decoris
1875 3538 1949 3563 causa
1968 3540 2126 3575 apponitur⁷
2146 3547 2177 3567 vt

1129 3575 1244 3607 reditur,
1258 3574 1412 3603 redhibetur,
1424 3573 1520 3599 redinte
1539 3579 1627 3604 ratur,
1641 3578 1666 3599 et
1685 3572 1789 3598 similia.
1830 3572 1900 3598 Add.
1915 3574 2007 3610 scalig.
2027 3574 2057 3600 de
2076 3577 2175 3603 Emend..

1507 3582 1537 3633 dg
1550 3607 1613 3634 Idol.
1627 3617 1651 3640 2,
1664 3611 1702 3634 16.
1728 3614 1753 3633 et
1771 3616 1833 3643 quae
1850 3617 1971 3635 monemus
1986 3613 2013 3636 in
2033 3616 2051 3636 D
2061 3618 2174 3639 1ANA.

1130 3471 1212 3495 lunam
1227 3469 1334 3502 nouam)
1349 3472 1374 3492 et
1388 3467 1559 3498 crescentem,
1573 3471 1598 3491 et
1612 3471 1701 3491 contra
1714 3467 1885 3491 senescentem
1904 3473 1949 3493 etc.

1132 3646 1206 3681 Conf.
1227 3656 1284 3671 mox
1306 3650 1414 3671 IANVS.

1169 3687 1361 3712 1ANALIS,
1387 3688 1411 3705 e.
1445 3678 1499 3705 vid.
1537 3683 1672 3703 IAst.

1168 3722 1178 3741 1
1190 3723 1213 3742 A
1224 3723 1246 3742 N
1255 3723 1271 3742 E
1279 3723 1301 3742 v
1312 3722 1323 3741 s
1344 3715 1448 3754 Ianitor·
1469 3713 1536 3748 apud
1552 3712 1663 3738 Festum.

1168 3757 1178 3775 1
1188 3759 1209 3778 Α
1218 3759 1240 3777 N
1248 3759 1258 3778 1
1268 3758 1284 3777 C
1294 3750 1313 3776 V
1321 3758 1338 3777 L
1347 3758 1367 3777 v
1376 3757 1401 3776 M
1408 3769 1415 3781 ,
1442 3758 1459 3775 1.
1485 3758 1511 3774 n.
1549 3746 1710 3781 [Ἰοὶνκκλον]
1746 3747 1871 3784 Oppidum
1888 3757 1968 3786 prope
1989 3751 2089 3777 Romam
2097 3761 2104 3775 :
2135 3750 2175 3776 di-

993 3786 1065 3813 Idcm
1076 3794 1124 3813 100
1133 3785 1204 3811 &um
1223 3787 1294 3820 quod
1314 3795 1361 3820 per
1378 3794 1440 3811 eum
1458 3784 1512 3818 (fic
1524 3783 1620 3815 editur,
1631 3790 1679 3818 pro
1699 3782 1751 3819 id)
1770 3784 1884 3819 Populus
1899 3787 1977 3812 Rom.
1995 3784 2126 3812 transierit
2146 3786 2175 3812 in

1133 3830 1225 3854 agrum
1238 3822 1408 3851 Hetruscnm,
1425 3827 1454 3846 vt
1466 3822 1504 3845 ait
1518 3817 1619 3844 Festus:
1638 3818 1683 3854 seu
1700 3819 1764 3854 quod
1776 3820 1852 3847 Ianus
1866 3821 1931 3847 illud
1944 3820 2092 3848 condiderit.
2129 3822 2175 3847 So·-

1132 3857 1179 3882 lin.
1193 3865 1215 3882 c.
1229 3861 1242 3886 8
1262 3857 1330 3890 Qiis
1345 3856 1447 3882 dubitat
1460 3853 1607 3880 Ianiculum
1619 3863 1634 3880 a
1647 3855 1712 3880 Iano
1726 3863 1780 3881 non
1792 3857 1867 3882 fuisse
1881 3856 2064 3882 nominatum?
2099 3856 2173 3888 Virg-

1132 3894 1197 3918 Aen.
1212 3896 1235 3923 8,
1250 3897 1291 3924 358
1322 3893 1396 3918 Hanc
1408 3893 1484 3917 Ianus
1501 3894 1588 3923 pater,
1603 3888 1670 3916 hanc
1683 3890 1808 3917 Saturnus
1829 3890 1946 3917 condidit
1964 3899 2064 3917 arcem:
2105 3891 2173 3916 Iani-

27 3937 51 3954 c.
66 3935 110 3961 77.
182 3927 245 3955 Liu.
257 3936 303 3960 24,
318 3932 351 3960 48
386 3927 425 3953 Ita
445 3927 497 3952 iam
512 3925 573 3951 inde
592 3934 606 3952 a
619 3927 755 3960 principiis
773 3932 855 3963 gentis
874 3931 988 3956 maiores
1008 3930 1066 3956 suos
1132 3928 1222 3954 culum
1244 3926 1323 3959 huic,
1345 3928 1388 3953 illi
1417 3925 1502 3951 suerat
1523 3924 1644 3951 Saturnia
1665 3934 1774 3953 nomen.
1808 3926 1874 3954 Add.
1887 3923 1968 3951 Ouid.
1981 3926 2047 3951 Fast.
2071 3934 2091 3957 1,
2111 3928 2171 3959 246.

2 3957 4 3981 -’
18 3961 96 3992 ‘bella
110 3962 210 3998 geffiffe.
279 3963 337 3991 Iam
349 3962 412 3990 inde
425 3970 439 3989 a
452 3961 598 3989 cunabulis.
618 3961 747 3990 Laudatur
762 3964 849 3994 Varro
862 3965 894 3992 de
907 3966 939 3992 R.
954 3966 986 3992 R.
1005 3985 1013 3992 .
1034 3985 1041 3992 .
1059 3985 1067 3991 .
1077 3972 1121 3999 105
1131 3963 1199 3990 Plin.
1214 3970 1236 3995 3,
1250 3970 1272 3996 5.
1299 3964 1443 4024 et616b11.2
1455 3960 1529 3997 Conf.
1550 3960 1611 3987 Liu.
1626 3968 1648 3994 1,
1662 3969 1689 3993 33
1704 3968 1769 3989 extr.
2019 4001 2029 4019 2
2040 4000 2161 4022 “YKTOR

29 4025 31 4029 .
2035 4015 2041 4020 ⁴
2060 4013 2067 4020 Δ
2165 4015 2175 4029 2
