2479 4225
70 241 117 282 93
436 224 473 265 D
546 225 594 266 -E
683 227 712 267 P
1567 227 1605 266 D
1703 227 1738 267 E
1836 231 1864 269 P
2158 249 2211 286 94

69 315 136 343 tanti
149 312 258 349 imperii
271 313 444 341 calamitatem
455 315 628 350 relinquatur.
698 313 752 341 Cic.
768 322 817 348 pro
830 312 934 340 cluent.
955 316 986 346 65
1005 312 1050 341 Te
1063 324 1106 349 ap·
1167 314 1223 340 Cic.
1238 313 1289 341 Off.
1303 323 1323 347 1,
1335 316 1365 344 68
1387 312 1443 341 Nec
1457 324 1522 342 vcro
1536 313 1648 350 imperia
1660 316 1800 351 expetenda
1809 336 1816 348 ,
1837 325 1866 343 ac
1881 321 1967 352 potius
1980 326 2024 347 aut
2038 330 2091 348 non
2113 323 2208 358 accipi.

113 351 139 377 lo
152 350 312 385 Oppianice,
333 358 358 376 tc
370 351 408 376 Τ.
424 350 484 376 Αᾶἰ
500 361 505 377 :
542 359 654 385 quorum
668 349 733 375 alter
744 349 895 384 eloquentia
910 349 1106 376 damnationem
1168 350 1233 375 enda
1256 350 1405 382 interdum,
1424 357 1466 377 aut
1490 351 1643 386 deponenda
1671 361 1865 386 nonnunquam.
1937 356 2004 382 Adit.
2031 358 2090 384 Liu.
2114 367 2147 390 2,
2171 364 2207 389 ²8·

74 388 77 391 '
104 395 160 419 ani,
177 386 244 412 alter
257 387 333 412 tacita
349 385 444 420 pietate
459 386 584 420 deplorat.
654 385 709 411 Cic.
722 385 798 410 Verr.
815 393 836 416 3,
851 394 884 418 45
901 385 990 411 Tanta
1005 386 1106 412 viserat
1169 386 1280 418 Ineptias
1301 386 1356 411 Cic.
1373 386 1442 411 Fam.
1459 394 1485 420 7,
1501 391 1524 412 6.
1595 389 1702 422 ingenia
1716 387 1855 419 siluestri-a,
1872 395 1919 423 pro
1941 393 2069 426 mitifici-o
2083 414 2087 418 .
2126 395 2207 420 colu.

71 421 244 453 iniuriarum,
266 428 293 447 vt
304 421 422 447 homines
432 422 537 455 quiduis
551 419 664 456 perpeti,
682 428 760 453 quam
777 428 830 445 non
845 420 876 445 de
890 420 962 445 istius
977 422 1105 455 prauitate
1168 422 1229 446 niel.
1244 427 1265 451 3,
1281 428 1305 454 ις
1323 421 1364 447 Sic
1377 421 1447 446 enim
1463 422 1570 452 cxc-luti,
1590 422 1745 457 educatique
1760 423 1842 456 pulli,
1862 426 1995 458 deponunt
2010 427 2114 460 ingenia
2132 430 2206 455 silue-

76 463 102 483 et
116 457 223 482 iniuriis
236 455 373 490 deplorare
382 462 407 482 et
421 457 547 492 conqueri
559 455 673 483 mallent.
730 455 768 480 De
784 455 836 480 suis
850 455 1026 482 incommodis
1037 457 1105 490 apud
1130 465 1143 491 5
1170 456 1238 482 stria.
1311 456 1467 482 Inimicitias
1484 458 1608 490 susceptas
1623 459 1697 494 Reip.
1710 459 1818 484 nomine
1847 459 1901 485 Cic.
1916 461 1967 486 Att.
1982 470 2019 494 14,
2034 471 2065 494 13.
2135 466 2207 491 Inui-

70 497 193 526 patronos
215 492 419 525 Cic.Vcrr.4(2)
428 494 466 524 65.
502 494 540 518 De
548 490 597 517 suis
605 489 717 515 miseriis
725 490 757 515 ib.
767 499 788 515 c.
798 499 825 523 4.
861 491 973 525 Copiose
983 492 1069 518 dicere
1078 501 1107 518 ac
1170 491 1239 517 diam
1258 492 1314 518 Cic.
1331 491 1363 517 de
1376 492 1444 525 Lege
1459 492 1519 525 Agr.
1535 497 1573 521 68.
1663 493 1700 520 ld.
1716 503 1764 528 pro
1780 495 1886 520 Caecin.
1902 503 1942 526 ¹03
1974 497 2137 533 Dcrelinquo
2152 501 2205 526 iam

70 526 209 560 deplorare
223 527 290 561 apud
303 526 417 561 aliquem
425 528 456 553 de
464 525 573 554 miseriis
585 530 719 550 aratorum
739 525 794 551 Cic.
804 526 958 559 Verr.3,45.
994 527 1107 553 Calami-
1167 536 1333 553 communem
1347 527 1447 553 causam
1463 537 1467 552 :
1504 528 1648 561 Populiquc
1661 529 1774 555 Romani
1788 531 1827 555 ius
1842 530 1869 555 in
1881 530 1964 556 vestra
1972 531 2022 557 side
2035 541 2063 558 ae
2077 534 2205 568 religione

69 568 134 589 tates
155 562 211 588 Cic.
226 562 337 596 Philipp.
355 571 387 592 ιι,
400 566 416 588 6
430 573 450 589 c.
468 572 492 589 2.
559 558 654 593 Id.pro
667 560 755 586 Sextio
770 569 799 593 ¹4
812 563 860 587 c.6
881 562 1030 588 Necessario
1038 562 1106 588 mihi
1169 562 1281 596 depono.
1369 562 1425 588 Cic.
1441 563 1493 588 Att.
1509 570 1533 593 2,
1550 565 1575 588 16
1612 566 1644 589 Vt
1658 564 1702 590 ille
1715 565 1773 590 essct
1786 566 1897 598 melior,
1918 572 1943 592 et
1955 566 2054 601 aliquid
2069 569 2099 594 de
2114 572 2205 604 populi

69 597 102 624 de
120 597 213 623 iisdem
227 597 304 623 rebus
318 599 365 623 effe
380 598 512 628 arbitror,
531 594 549 620 si
564 604 618 620 non
632 594 755 621 subtilius
769 594 969 629 disputandum,
987 604 1013 623 at
1037 605 1106 624 certe
1169 597 1276 624 leuitate
1298 597 1447 632 deponeret.
1468 600 1486 623 i.
1506 596 1605 630 ctffiiret
1623 609 1637 623 a
1656 601 1762 626 leuitate.
1836 601 1874 626 Dc
1891 601 2010 627 manibus
2032 603 2088 629 cic.
2104 606 2180 632 Acad.
2196 613 2205 632 ι

71 632 204 658 dolentius
216 632 412 667 deplorandum,
482 629 545 663 Poffi
568 630 623 656 Cic.
645 630 676 656 de
690 631 764 657 Orat.
779 639 803 662 2,
818 640 857 658 ιιι
887 634 963 666 Quae
976 632 1007 659 de
1021 633 1106 660 altero
1123 644 1151 663 10
1169 642 1189 658 c.
1206 642 1223 659 ι.
1297 634 1368 659 Caes.
1382 633 1409 658 B.
1423 633 1455 658 G.
1469 641 1487 662 1,
1503 637 1526 662 ιε
1547 633 1626 665 de
1642 634 1657 659 fi
1674 635 1769 661 veteris
1782 637 1957 663 contumeliae
1975 637 2098 664 obliuisci
2118 641 2206 672 vellet,

70 668 256 702 deplorantur,
274 667 305 694 ad
320 669 373 694 suas
388 677 428 695 res
445 673 576 693 reuocare.
1168 677 1231 694 num
1245 668 1324 694 etiam
1337 668 1482 694 recentium
1497 668 1671 701 iniuriarum,
1686 670 1757 704 quod
1770 679 1802 697 eo
1816 671 1904 697 inuito
1918 672 1968 699 iter
1981 682 2026 707 per
2040 675 2205 707 prouinciam

108 710 125 730 D
136 710 198 729 EPL
208 709 226 729 ο
237 710 255 729 R
266 711 285 730 Α
299 710 317 729 Ν
331 710 360 735 s,
376 703 449 730 antis.
486 700 579 727 Partic.
615 701 810 736 [κατακλαίων]
849 702 1025 729 Lamentabili
1041 713 1107 730 voce
1168 712 1214 738 per
1226 704 1280 729 vim
1295 704 1444 735 tentass‘ent,
1465 703 1535 737 quod
1550 703 1656 730 lieduos
1666 725 1673 736 ,
1692 704 1762 739 quod
1777 707 1934 739 Ambarros,
1954 709 2024 742 quod
2049 710 2205 744 Allobroges

72 738 209 773 deplorans
229 739 284 764 Cic,
298 739 377 765 Tusc.
390 746 416 770 2,
427 744 456 768 32
470 745 491 761 c.
507 744 542 768 13.
612 737 643 762 Et
659 744 671 769 ς
685 755 693 769 ,
707 743 744 769 ιις
762 738 853 771 Itaque
867 746 990 771 augurem
1006 739 1107 765 Tiresi-
1168 739 1311 770 vexassent,
1335 739 1492 764 memoriam
1516 739 1645 772 deponere
1668 742 1746 774 posl'et
1761 742 1769 767 ἕ
1838 743 1998 769 Memoriam
2019 744 2120 771 doloris
2147 747 2204 772 Cic.

70 782 129 806 am,
147 782 224 808 quem
239 775 376 808 sapientem
389 773 488 806 fingunt
501 772 611 804 Poetae,
629 780 763 806 nunquam
779 773 907 798 inducunt
925 772 1106 808 deplorantem
1168 783 1216 808 pro
1230 774 1322 799 Caelio
1337 781 1377 806 50.
1448 772 1485 799 Id.
1503 782 1551 807 pro
1569 775 1638 800 Sulla
1658 782 1682 804 ¹8
1704 786 1724 801 c.
1737 779 1752 802 6
1781 777 1886 810 Quibus
1900 786 1948 812 ego
1961 778 2039 805 rebus
2054 780 2154 807 ludices
2169 782 2206 808 ita

69 808 219 835 caecitatem
239 810 317 835 suam.
1124 819 1149 844 ις
1168 809 1289 835 flectebat
1308 810 1414 840 animo,
1435 814 1512 843 atque
1534 809 1688 843 frangebar,
1707 818 1734 836 vt
1755 813 1833 837 ctiam
1853 821 1884 839 ex
1902 816 2030 841 memoria
2050 825 2113 849 quas
2135 817 2205 844 mihi

105 850 149 870 DE
163 851 176 870 Ρ
189 851 232 871 LO
242 848 381 873 RATVS,
410 850 441 873 a,
464 850 518 868 um.
556 841 650 868 Partic.
687 842 952 877 [κατακεκλαυμένᾱς]
990 844 1034 870 Cui
1047 847 1107 872 vlti-
1168 844 1214 879 ipsi
1228 845 1325 870 fecerat
1339 844 1444 870 insidias
1456 844 1623 878 deponerem.
1684 846 1759 879 Apud
1778 849 1933 874 memoriam
1952 850 2148 883 quodammodo
2162 853 2206 878 de-

69 889 122 906 mus
135 878 216 906 (usius
223 880 358 915 persolutus
368 873 401 909 qli
416 887 424 901 :
460 877 520 903 Liu.
533 884 555 910 ς,
564 886 599 909 40
620 878 686 903 Ante
700 877 790 904 onmia
804 877 936 911 deplorati
949 886 1022 906 erant
1032 882 1106 915 equi·
1167 889 1264 915 ponere
1278 880 1374 915 aliquid
1386 880 1514 914 cogitatio
1528 881 1620 906 tin-itur
1633 881 1763 913 Quinctil.
1779 889 1811 913 11,
1826 891 1850 907 2.
1920 885 2054 919 Mentem,
2075 894 2206 914 mentum-

69 921 122 947 tes,
139 924 191 941 non
205 915 307 949 priuato
319 912 416 946 magiS,
434 920 514 947 quam
531 912 638 947 publico
657 912 738 939 luc'tu.
811 913 983 947 Deploratum
1002 915 1105 949 dicitur,
1168 924 1219 949 que
1251 916 1279 941 in
1309 916 1412 949 gremio
1436 916 1576 941 mimarum
1598 915 1730 950 deponere
1750 917 1804 942 Cic.
1817 917 1929 952 Philipp.
1945 928 1978 952 13,
1991 929 2031 954 24.
2102 923 2206 949 Merum

68 950 98 977 de
113 960 157 986 quo
171 952 340 977 conclamatum
353 946 402 980 est,
417 957 490 982 neque
503 950 526 974 ei
539 949 619 983 aliquo
633 948 737 975 remedio
745 947 968 983 fiaccorripotest,
986 958 1014 976 vt
1029 952 1104 979 Suam
1168 950 1248 978 Ouid.
1273 951 1338 976 Met.
1359 958 1381 983 ς,
1396 954 1448 982 363.
1522 952 1674 977 Moerorem
1695 957 1773 984 atque
1792 951 1892 978 luctum
1902 973 1909 984 ,
1930 956 2093 991 Eandemque
2118 959 2205 992 potius

69 986 180 1020 quisque
203 986 287 1019 spem,
317 983 360 1008 sua
382 983 505 1015 consilia,
531 983 715 1009 communibus
743 983 902 1017 deploratis,
935 986 1102 1020 exsequentes
1119 998 1153 1017 20
1167 987 1224 1012 Cic.
1238 985 1350 1020 Philipp.
1369 995 1407 1018 14,
1421 995 1452 1019 34
1468 996 1488 1012 c.
1503 995 1535 1018 ι3.
1607 986 1644 1013 ld.
1658 986 1710 1012 Off.
1724 995 1746 1018 2,
1759 996 1778 1020 4
1799 987 1951 1014 Existimant
1963 989 2133 1018 honestissime
2145 995 2204 1020 Mo-

69 1021 129 1048 Liu,
144 1029 166 1053 ς,
180 1023 223 1054 420.
290 1017 356 1044 Plin.
375 1025 420 1050 23,
440 1023 453 1048 8
480 1018 599 1049 Prodest,
614 1024 643 1044 vt
653 1019 889 1045 demonstrabimus
902 1021 949 1046 suo
965 1021 1039 1054 loco,
1060 1023 1102 1049 de·
1167 1022 1251 1048 lestias
1266 1022 1334 1055 posse
1348 1021 1460 1055 deponi,
1481 1022 1497 1047 si
1511 1031 1553 1048 ine
1566 1021 1597 1047 ad
1609 1021 1805 1056 philosophiam
1820 1023 1971 1049 retulul‘em.
2044 1029 2134 1054 Morbi
2149 1039 2206 1063 par.

69 1056 178 1091 ploratis
201 1055 228 1082 in
251 1053 354 1088 phthisi.
426 1053 506 1081 Ouid.
522 1054 608 1080 Trist.
623 1062 643 1086 3,
659 1062 682 1086 5,
696 1059 709 1083 8
731 1055 813 1080 Ausus
837 1064 862 1080 es
883 1055 944 1090 igne
963 1057 1034 1083 Iouis
1048 1067 1104 1092 per·
1165 1062 1219 1083 tem
1241 1058 1307 1083 Hor.
1337 1057 1415 1091 Epist.
1441 1066 1460 1089 ι,
1486 1066 1505 1089 ι,
1528 1065 1564 1090 33.
1637 1057 1693 1083 Cic.
1715 1058 1768 1082 Att.
1789 1064 1815 1091 7,
1854 1077 1860 1083 .
1898 1077 1904 1083 .
1941 1059 1997 1085 Nec
2011 1062 2082 1094 prius
2097 1065 2204 1097 quidem

69 1092 164 1118 tullum
175 1097 278 1123 tangere
290 1097 399 1123 corpus,
434 1090 465 1115 Et
479 1089 628 1124 deploratae
641 1089 723 1115 limen
744 1090 817 1116 adire
835 1090 937 1117 domus.
1009 1093 1104 1128 Deplo-
1164 1101 1242 1127 quain
1257 1093 1373 1120 nostrum
1388 1093 1523 1126 negotium
1536 1098 1582 1118 aut
1595 1093 1796 1124 confecerimus,
1813 1098 1858 1118 aut
1876 1092 2081 1126 deposuerimus.
2136 1102 2206 1126 Ocu·

68 1134 138 1154 ratus
151 1135 165 1152 a
178 1124 284 1151 medicis
307 1124 372 1150 Plin.
386 1132 413 1158 7,
426 1132 465 1157 50.
537 1124 679 1151 Phthisicus
702 1124 768 1151 Plin.
783 1131 828 1158 28,
842 1134 879 1160 17.
949 1127 1000 1154 Vir
1014 1128 1102 1163 deplo-
1166 1128 1205 1154 los
1228 1135 1316 1162 putres
1343 1129 1370 1153 in
1394 1128 1514 1154 Damalin
1536 1137 1627 1154 onmes
1645 1128 1777 1163 deponent
1808 1129 1874 1153 Hor.
1889 1129 1938 1154 Od.
1955 1138 1974 1162 ι,
1988 1133 2028 1163 36,
2044 1137 2068 1161 18
2089 1134 2204 1169 zlstgent.

67 1169 137 1190 ratus
157 1159 236 1187 Ouid.
251 1159 336 1186 Trist.
352 1169 372 1192 1,
388 1168 410 1191 3,
422 1162 467 1193 46.
556 1160 651 1186 Vlcera
670 1160 735 1187 Plin.
750 1163 790 1193 26,
805 1169 843 1194 14.
932 1163 1000 1189 Vota
1019 1164 1101 1192 Ouid.
1117 1173 1148 1199 ας
1165 1164 1221 1189 Cic.
1237 1164 1289 1190 Att.
1305 1172 1325 1195 1,
1340 1172 1366 1189 iz
1385 1164 1471 1196 Qiam
1487 1163 1574 1189 mollis
1588 1164 1690 1190 animus
1703 1163 1773 1190 etad
1786 1164 1962 1197 accipiendam
1978 1172 2003 1191 et
2023 1168 2053 1192 ad
2073 1167 2205 1201 deponcn-

67 1198 131 1226 Met.
148 1205 164 1227 ι,
177 1203 234 1230 272.
300 1195 368 1222 Adai.
382 1195 418 1221 ib.
434 1204 468 1228 13,
481 1200 537 1228 481.
607 1195 709 1222 Vulnus
729 1196 822 1223 Claud.
836 1196 867 1223 de
881 1197 910 1223 B.
925 1198 983 1224 Get.
992 1202 1047 1231 562.
1166 1198 1226 1225 dam
1246 1198 1413 1224 offensionem
1425 1219 1432 1231 ,
1452 1199 1518 1225 nihil
1538 1199 1630 1225 attinet
1646 1200 1678 1226 ad
1698 1206 1732 1230 te,
1742 1199 1789 1234 qui
1804 1208 1832 1225 ea
1844 1199 1928 1232 nosti,
1947 1200 2069 1228 scribere.
2140 1203 2204 1230 offl-

101 1237 402 1262 DEssDORANDvs,
420 1239 449 1262 a,
469 1240 522 1256 um.
542 1230 633 1257 Partic.
670 1231 872 1266 [οἷποκλαυτέος]
909 1234 1104 1270 Dignusquide-
1165 1235 1237 1260 cium
1258 1234 1322 1260 Plin.
1346 1236 1373 1259 in
1394 1236 1485 1269 Paneg.
1506 1244 1526 1260 c.
1546 1241 1576 1269 87
1594 1235 1775 1269 Magistratum
1798 1235 1869 1261 Caes.
1884 1236 1909 1260 B.
1925 1235 1955 1261 G.
1972 1244 1997 1270 7,
2011 1246 2046 1269 33.
2119 1239 2204 1273 impe.

60 1268 173 1304 ploretur
185 1276 192 1290 :
227 1272 256 1292 vt
267 1265 433 1300 Deploranda
448 1266 579 1292 calamitas
599 1266 655 1292 Cic.
666 1268 741 1293 Verr.
756 1267 874 1294 Diuinat.
911 1288 917 1294 .
955 1287 962 1295 .
1001 1290 1007 1296 .
1166 1270 1237 1296 rium
1264 1270 1323 1296 Liu.
1341 1279 1362 1301 2,
1378 1275 1413 1299 28.
1483 1271 1539 1296 Cic.
1554 1272 1606 1296 Att.
1622 1279 1643 1302 2,
1659 1279 1666 1296 1
1693 1272 1782 1304 Qium
1797 1271 1962 1297 Prouinciam
1977 1272 2085 1306 deposui
2102 1273 2127 1299 in
2144 1284 2205 1301 conF

101 1308 144 1329 DE
153 1308 167 1328 Ρ
178 1307 194 1326 L
205 1307 224 1328 o
233 1308 252 1327 R
261 1308 282 1327 Α
292 1308 308 1327 Β
318 1308 337 1327 ν
347 1308 368 1326 N
377 1307 395 1327 D
407 1308 426 1327 v
437 1309 464 1332 s,
478 1308 527 1336 pro
540 1303 687 1336 Deploratis.
722 1301 805 1329 Plaut.
819 1303 909 1329 Aulul.
922 1312 948 1336 2,
959 1313 988 1338 4,
1001 1310 1029 1337 38
1049 1306 1104 1332 Ηο-
1166 1306 1251 1331 cione.
1272 1308 1290 1331 i.
1310 1305 1435 1331 declar-oui
1455 1315 1489 1331 me
1507 1315 1554 1331 non
1575 1309 1668 1332 iturum
1680 1309 1706 1332 in
1721 1308 1886 1332 Prouinciam.
1959 1309 2072 1343 Ass-toph.
2091 1310 2161 1336 Caes.
2175 1311 2216 1337 B:

64 1346 111 1365 mo
124 1337 154 1364 ad
169 1343 315 1370 praetorem
328 1337 401 1363 venit
414 1336 633 1371 deplorabundus.
705 1337 812 1364 Nonius
829 1347 868 1371 10,
878 1346 916 1372 37.
1116 1350 1149 1374 30
1166 1341 1196 1366 C.
1211 1350 1230 1373 ι,
1244 1346 1275 1370 80
1295 1341 1390 1375 Neque
1424 1341 1547 1366 iumentis
1576 1349 1656 1367 onera
1681 1341 1825 1376 deponunt.
1896 1342 1950 1369 Cic.
1966 1344 2041 1369 Verr.
2056 1352 2078 1377 ς,
2117 1364 2123 1370 .
2161 1366 2167 1371 .

101 1378 372 1403 DEPLORAT10‚
387 1372 454 1398 onis.
475 1373 495 1398 f.
532 1372 651 1399 Tertull.
665 1372 741 1407 Apol.
756 1383 777 1400 e.
794 1382 804 1400 1
831 1374 904 1408 Qud
918 1374 1044 1402 hocmali
1056 1376 1102 1409 est,
1166 1378 1261 1403 Potcro
1291 1375 1341 1402 hoc
1373 1385 1439 1402 onus
1475 1382 1576 1403 tantum
1608 1378 1636 1402 in
1664 1376 1713 1403 hoc
1744 1377 1845 1403 iudicio
1871 1378 2017 1412 deponere,
2033 1386 2078 1405 aut
2103 1379 2203 1407 diutius

64 1407 138 1442 quod
151 1407 278 1434 naturalia
290 1407 352 1434 mali
366 1417 420 1434 non
432 1407 526 1440 habet,
545 1408 680 1440 timorem,
701 1409 1104 1444 pudorem,tergiuersationem,
1166 1412 1260 1438 tacitus
1292 1412 1441 1438 sustinere?
1511 1412 1673 1445 Opinionem
1705 1413 1738 1439 de
1765 1413 1857 1447 aiiquo
1889 1414 2020 1448 deponere
2042 1421 2121 1450 atque
2158 1417 2203 1442 ab·

82 1442 269 1476 oenitentiam,
287 1443 519 1478 deplorationem?
599 1444 657 1470 Sen.
671 1443 704 1470 ad
719 1445 802 1471 Marc.
816 1455 836 1471 c.
850 1454 867 1478 9
885 1446 960 1473 Vnde
973 1452 1042 1473 tanta
1057 1456 1104 1473 no·
1167 1447 1248 1473 iic-ere
1268 1448 1324 1474 Cic.
1343 1447 1375 1473 de
1396 1448 1464 1481 Lege
1480 1447 1542 1480 Agr.
1560 1456 1580 1479 3,
1617 1467 1624 1473 .
1661 1467 1668 1473 .
1739 1449 1865 1474 Pauorem
1894 1449 1975 1475 Ouid.
2003 1451 2067 1477 Met.
2090 1459 2134 1483 10,
2153 1460 2203 1487 117.

62 1452 104 1504 gis
120 1478 263 1512 pertinacia
276 1479 304 1504 in
320 1479 501 1514 deploratione
514 1479 619 1505 nostri3
691 1479 886 1515 IdcmEpist.74
906 1482 943 1508 Ex
955 1481 1002 1508 hac
1016 1482 1105 1517 deplo-
1166 1483 1304 1508 Pecuniam
1337 1482 1404 1517 opud
1431 1482 1580 1518 Ji’qutjsirum
1608 1490 1651 1508 out
1683 1483 1812 1518 diuisorem
1848 1483 1913 1510 Plin.
1945 1485 2023 1519 Epist.
2051 1489 2077 1518 6,
2115 1507 2121 1513 .
2160 1506 2167 1513 .

60 1514 166 1540 ratione
177 1514 307 1547 nascitur,
323 1521 352 1541 vt
366 1515 464 1549 ingrati
476 1515 632 1541 diuinorum
647 1515 800 1549 interpretes
821 1516 908 1543 fimus.
1121 1525 1149 1551 35
1167 1519 1304 1544 Personam
1326 1519 1482 1544 accusatoris
1502 1517 1632 1551 deponere
1653 1519 1707 1544 Cic.
1726 1528 1774 1552 pro
1791 1519 1906 1552 Qiintio
1929 1528 1970 1552 45.
2075 1521 2204 1549 Pudorem

98 1556 142 1576 DE
151 1556 166 1575 P
177 1555 194 1575 L
205 1550 227 1576 V
237 1556 262 1576 M
273 1557 303 1576 IS
312 1569 321 1582 ,
340 1559 363 1576 e.
385 1550 447 1577 Adi.
482 1548 617 1586 [ἄπτερος]
653 1551 727 1585 Qod
741 1551 821 1577 nullas
833 1558 876 1578 aut
888 1562 962 1578 raras
975 1552 1106 1588 habetplu-
1167 1554 1249 1580 Ouid.
1262 1553 1340 1588 Epist.
1355 1561 1391 1587 17,
1406 1562 1463 1584 259.
1499 1553 1608 1578 Rabiem
1622 1552 1764 1587 deposuere
1773 1555 1842 1579 ferae
1856 1554 1993 1581 Claudian.
2008 1556 2101 1590 Paneg.
2115 1563 2138 1588 8,
2152 1567 2203 1584 121.

60 1593 122 1611 mas.
177 1585 242 1611 Plin.
281 1594 319 1618 10,
350 1594 386 1619 24
422 1587 547 1613 Inuentae
577 1586 636 1612 sunt
663 1586 705 1612 ibi
735 1587 821 1613 nudae
849 1592 928 1621 atque
959 1587 1102 1621 deplumes.
1166 1589 1221 1615 Cic.
1236 1590 1306 1614 Fam.
1322 1597 1347 1620 2,
1363 1591 1391 1613 16
1411 1588 1535 1613 Rationes
1548 1589 1601 1613 mei
1615 1589 1778 1621 Qiaestoris,
1794 1598 1840 1614 nec
1852 1597 1945 1614 verum
1959 1590 2011 1615 fuit
2024 1600 2066 1616 me
2078 1591 2129 1617 tibi
2143 1593 2205 1618 mit-

62 1619 91 1646 de
111 1620 294 1647 hirundinibus.
1166 1630 1238 1654 tere,
1259 1633 1306 1649 nec
1322 1630 1409 1649 tamen
1426 1629 1498 1648 erant
1516 1623 1667 1654 confeaae,
1688 1632 1729 1648 eas
1746 1632 1794 1648 nos
1809 1626 1939 1656 Apameae
1959 1625 2089 1657 deponere
2107 1628 2205 1660 cogita-

99 1657 300 1687 DEPLVMQ
319 1660 371 1683 are.
406 1657 506 1682 Plumas
525 1656 659 1682 detrahere.
695 1657 793 1692 Legunt
817 1657 897 1692 aliqui
926 1656 1107 1690 Deplumabis‚
1166 1658 1267 1684 bamus.
1362 1658 1516 1684 Contraria:
1542 1658 1596 1684 Cic.
1610 1657 1642 1683 de
1656 1659 1747 1684 Diuin.
1767 1666 1797 1689 2,
1817 1667 1856 1683 ιιι
1881 1659 2044 1720 νᾱΙυᾱηἬιιε
2065 1667 2109 1694 pot
2123 1671 2151 1687 us
2171 1661 2204 1688 ad

56 1696 108 1728 ⁴pro
121 1691 255 1725 Depilabis
269 1692 402 1726 perdicem
414 1691 481 1726 apud
496 1692 619 1725 Apicium
633 1693 659 1723 6,
671 1699 693 1723 3.
1116 1701 1158 1726 40·
1166 1692 1343 1727 deponendas,
1357 1702 1435 1727 quam
1449 1692 1481 1718 ad
1495 1692 1667 1726 suscipiendas
1680 1693 1841 1726 Religiones.
1911 1693 1985 1719 Idem
2011 1696 2117 1722 eAmic.
2155 1717 2161 1723 .
2196 1715 2203 1723 .

98 1731 167 1751 DEP
178 1732 194 1751 L
204 1733 259 1752 VM
270 1734 339 1753 ΑΤῙ
349 1734 367 1753 O
377 1746 385 1758 ,
405 1727 473 1752 onis.
491 1726 512 1752 f.
548 1727 603 1753 lct.
623 1726 652 1752 in
667 1725 733 1752 Cod.
770 1746 778 1752 .
813 1747 820 1753 .
855 1745 863 1751 .
1166 1729 1262 1761 Neque
1277 1728 1349 1754 enim
1364 1728 1399 1754 est
1412 1728 1629 1759 consentaneum,
1643 1727 1723 1753 vllam
1738 1728 1871 1753 honestam
1886 1728 1965 1760 Rem,
1985 1730 2151 1758 a<fflonemue
2171 1741 2205 1758 ne

97 1766 386 1793 DEPLVMATOR‚
407 1763 469 1788 oris.
489 1770 524 1787 m.
560 1761 627 1795 apud
638 1761 775 1793 Augustin.
813 1779 822 1786 .
905 1779 912 1785 .
1166 1763 1282 1788 solicitus
1296 1763 1342 1794 sis,
1363 1769 1406 1789 aut
1427 1772 1480 1788 non
1498 1763 1643 1796 suscipere,
1663 1770 1707 1788 aut
1726 1764 1866 1797 susceptam
1887 1763 2026 1798 deponere.
2098 1768 2204 1794 Senium

99 1800 266 1826 DEPLvo,
284 1797 328 1826 ui,
350 1799 441 1825 situm,
462 1798 515 1821 ere.
551 1794 682 1820 Columel.
704 1803 732 1819 10
751 1803 773 1819 c.
789 1801 815 1818 21
836 1795 920 1826 Inque
933 1793 1000 1819 sinus
1013 1794 1105 1820 matris
1166 1796 1268 1830 depone
1282 1806 1420 1823 camoenae
1435 1799 1527 1824 Horat.
1542 1797 1620 1831 Epist.
1637 1806 1662 1829 ι,
1680 1806 1717 1831 19.
1748 1801 1766 1825 i.
1779 1802 1946 1834 fluet-itatem.
2041 1802 2157 1829 Martial.
2175 1812 2205 1836 4,

63 1827 186 1853 violento
199 1829 299 1862 depluit
312 1829 407 1854 imbre.
453 1828 555 1854 Multus
568 1834 597 1854 vt
611 1829 639 1853 in
652 1834 733 1853 terras
748 1827 935 1862 deplueretque
950 1828 1015 1862 lapis
1052 1830 1106 1856 Ti·
1201 1850 1208 1858 .
1246 1851 1253 1857 .
1290 1832 1406 1859 Paullum
1426 1833 1540 1867 deposita
1558 1833 1705 1859 seueritate.
1807 1835 1972 1861 Simultatem
1992 1835 2049 1862 Cic.
2064 1838 2117 1863 Att.
2135 1846 2163 1870 3,
2181 1847 2203 1870 3.

63 1862 120 1890 bul.
135 1871 158 1895 2,
171 1869 194 1895 ς,
210 1870 252 1897 72.
320 1864 437 1896 Propert.
450 1871 476 1894 2,
490 1871 533 1894 20,
546 1867 568 1892 8.
1120 1875 1154 1901 45
1167 1866 1244 1892 Sitim
1259 1865 1389 1901 deponere
1407 1869 1487 1894 Ouid.
1502 1870 1566 1894 Met.
1578 1879 1605 1902 4,
1618 1874 1658 1901 98.
1728 1869 1814 1895 Solcas
1833 1871 1946 1896 Martial.
1961 1879 1983 1902 3,
1997 1879 2036 1902 50.
2109 1874 2204 1900 Horat.

97 1905 115 1924 D
126 1905 143 1924 Ε
153 1895 283 1929 P61.10‚
304 1894 357 1929 ini,
380 1901 463 1929 itum,
493 1900 542 1923 fre.
580 1897 729 1931 [καταξὲω]
766 1896 893 1932 Perficere.
930 1898 1034 1931 Festus,
1055 1899 1105 1925 De·
1166 1902 1216 1928 Sat.
1231 1911 1256 1935 2,
1271 1911 1293 1935 ς,
1307 1906 1340 1931 26
1361 1904 1412 1930 Aut
1426 1904 1500 1938 Spem
1517 1903 1644 1938 deponas,
1665 1910 1708 1930 aut
1721 1910 1802 1930 artem
1817 1905 1908 1930 illusus
1928 1906 2043 1932 omittas
2146 1909 2203 1935 Cic.

61 1933 193 1969 politum,
213 1932 360 1967 perfectum
374 1943 380 1959 z
416 1933 478 1967 quia
497 1941 588 1959 omnes
606 1932 800 1967 perfefiiiones,
830 1934 936 1968 antiqui
960 1934 1105 1961 Politiones
1165 1937 1248 1963 Tusc.
1262 1947 1282 1970 1,
1297 1945 1314 1971 7
1338 1938 1425 1965 Nobis
1445 1940 1525 1973 placet
1545 1949 1591 1965 nec
1606 1939 1744 1973 pristinum
1759 1939 1863 1965 dicendi
1876 1940 1996 1966 Studium
2015 1940 2162 1975 deponere,
2178 1950 2205 1970 et

62 1968 236 2003 appellabant.
306 1968 395 2003 Virgis
409 1968 515 1994 dorsum
529 1967 644 2002 depoliet
657 1977 746 1994 meum
765 1969 871 2003 metaph.
899 1969 980 1994 Plaut.
993 1970 1068 2003 Epid.
1085 1979 1104 2001 1,
1165 1973 1193 1998 in
1208 1973 1254 1999 hac
1268 1973 1369 1999 maiore
1384 1980 1408 2000 et
1423 1975 1547 2000 vberiore
1567 1981 1621 1999 arte
1639 1975 1746 2000 versari.
1818 1975 1857 2000 10⁸⁴.
1870 1983 1919 2008 pro
1933 1976 2029 2001 Milon.
2042 1987 2079 2010 40
2106 1979 2205 2011 Quam.

61 2013 83 2037 1,
97 2009 133 2037 83.
205 2004 272 2031 Idem
285 2004 350 2039 quod
363 2005 452 2030 Polire.
487 2003 554 2030 Plin.
567 2006 608 2036 36,
623 2011 653 2036 23
673 2003 699 2029 Si
722 2011 788 2029 vero
811 2013 870 2030 cote
890 2004 1037 2039 depolitum
1059 2004 1105 2038 est,
1166 2008 1258 2034 obrem
1274 2008 1359 2034 adeste
1379 2010 1472 2035 animis
1487 2010 1608 2035 ludices:
1635 2015 1661 2034 et
1674 2010 1835 2041 Timorem,
1861 2010 1878 2035 fi
1893 2018 1971 2043 quem
1991 2011 2107 2044 habetis,
2126 2014 2205 2049 depo.

60 2040 133 2074 nigri
145 2040 292 2074 pauimenti
306 2040 380 2066 vsum
394 2039 505 2065 obtinet.
1124 2053 1155 2079 50
1165 2044 1228 2070 nite.
1302 2044 1365 2069 Vim
1381 2046 1451 2070 suam
1469 2043 1603 2079 deponunt
1619 2045 1693 2070 venti
1712 2043 1792 2070 Ouid.
1807 2044 1892 2070 Trist.
1907 2054 1939 2076 2,
1959 2053 2006 2078 152.
2078 2049 2204 2075 Volunta-

96 2082 140 2102 DE
153 2081 337 2107 POL1T10‚
356 2075 423 2100 onis.
444 2075 464 2100 f.
499 2075 601 2105 Varro,
622 2073 695 2106 Quid
719 2074 818 2101 mirum
831 2074 850 2101 si
869 2083 901 2101 ex
922 2075 980 2109 agri
1006 2074 1105 2109 depoli-
1165 2084 1219 2105 tem
1238 2080 1294 2105 Cic,
1315 2080 1344 2105 in
1364 2081 1442 2105 Cati.
1481 2099 1487 2105 ,
1527 2099 1533 2105 ,
1571 2098 1577 2105 ,
1786 2076 1806 2114 ἦ
1834 2088 1846 2111 3
1891 2080 2031 2115 Ohftruotr.
2066 2083 2205 2118 Deponere

61 2110 180 2137 tionibus
193 2110 355 2142 eiiciuntur,
375 2109 420 2136 hic
433 2109 462 2136 in
475 2109 617 2135 coenaculo
632 2109 719 2143 polito
732 2110 897 2145 recipiuntur
911 2110 920 2137 Ξ
956 2110 1105 2144 Antiquum
1165 2115 1267 2148 aliquid
1287 2114 1356 2148 apud
1374 2115 1488 2148 aliquem
1499 2133 1506 2145 ,
1537 2113 1810 2148 [myanarxrfflsaffl]
1847 2116 1995 2142 „vernandum
2011 2117 2085 2150 dore,
2105 2126 2128 2145 et
2141 2119 2206 2155 fidei

60 2146 168 2174 Nonius
181 2155 207 2179 1,
220 2155 272 2178 339.
453 2156 469 2171 ο
1165 2152 1217 2175 eius
1238 2153 1395 2175 conmanere.
1432 2149 1512 2174 Plaut.
1527 2148 1647 2175 Bacchid.
1666 2157 1690 2180 2,
1711 2158 1733 2181 3,
1747 2157 1781 2184 72
1810 2151 1867 2176 Nos
1886 2150 1924 2177 ibi
1943 2152 2011 2185 apud
2026 2153 2206 2182 Theotimum

97 2188 143 2208 DE
153 2188 168 2207 P
178 2187 327 2208 OLITOR
337 2200 346 2213 ‚
363 2180 426 2207 oris.
445 2185 481 2206 m.
518 2179 585 2215 apud
596 2179 732 2214 Augustin.
770 2200 776 2207 .
814 2201 821 2208 .
858 2201 866 2208 .
1165 2193 1244 2210 omne
1258 2193 1351 2210 aurum
1365 2184 1544 2219 deposuimus.
1614 2185 1751 2210 Pecuniam
1765 2185 1921 2220 pupillarem
1937 2187 1966 2213 in
1978 2187 2056 2215 fidem
2071 2190 2206 2223 publicam

100 2222 314 2244 DEPOMPAT
324 2223 333 2242 1
344 2221 381 2249 O,
401 2216 468 2242 onis.
484 2216 505 2242 f.
541 2215 653 2241 Hieron.
668 2215 727 2242 adu.
743 2216 831 2243 Rufin.
848 2224 866 2248 1,
883 2224 909 2251 7.
1121 2228 1150 2255 ςς
1165 2220 1225 2246 Liu.
1240 2229 1285 2253 24,
1299 2225 1332 2250 ιε.
1403 2219 1479 2253 Apud
1491 2220 1588 2246 amicos
1602 2220 1682 2246 multa
1696 2220 1809 2254 deposita
1823 2221 1877 2248 Cic.
1887 2223 1962 2248 Verr.
1976 2232 2004 2255 4,
2017 2232 2059 2256 29.
2131 2226 2205 2253 Idem

99 2258 118 2277 D
128 2259 168 2279 ΕΡ
178 2258 197 2278 o
207 2259 228 2277 Ν
238 2258 353 2284 nERo,
371 2256 425 2278 are.
460 2251 612 2286 [καταβαρῶ
624 2251 703 2277 Gloss'.
717 2252 847 2286 G1·.Lat.]
883 2252 924 2278 Sic
937 2256 992 2278 rate
1004 2251 1105 2279 demet·
1166 2255 1218 2282 Off.
1233 2264 1255 2287 3,
1269 2264 1299 2287 95
1320 2264 1341 2281 c.
1355 2263 1385 2288 25
1409 2256 1434 2281 Si
1454 2255 1571 2289 gladium
1591 2256 1650 2290 quis
1670 2256 1728 2282 sana
1746 2263 1832 2282 mente
1847 2257 1915 2291 apud
1934 2263 1960 2283 te
1978 2259 2144 2293 deposuerit,
2165 2271 2206 2288 re-

63 2288 90 2314 sa
104 2287 209 2313 fuluum
222 2286 381 2322 deponderat
393 2296 489 2314 aurum
510 2288 615 2314 Petron.
629 2288 731 2322 Fragm.
749 2297 774 2322 p.
794 2290 846 2323 679
867 2288 953 2315 Burm.
971 2290 989 2314 i.
996 2287 1106 2323 pondere
1166 2297 1235 2325 petat
1252 2291 1397 2322 insaniens,
1419 2298 1464 2317 etc.
1569 2291 1707 2325 Deponere
1726 2291 1818 2317 vrbem
1838 2291 1905 2326 apud
1919 2292 1988 2319 Deos
2009 2295 2118 2328 Quinc’t.
2133 2306 2159 2329 9,
2179 2306 2206 2330 2,

51 2322 99 2360 fito
117 2323 243 2358 deprimit.
1164 2335 1207 2359 92.
1225 2329 1243 2352 i.
1256 2325 1369 2352 relictam
1383 2324 1434 2352 Dis
1447 2328 1621 2353 commendare.
1692 2326 1830 2361 Qlidquid
1844 2327 1939 2360 habes,
1958 2338 2005 2363 age
2024 2334 2124 2365 depone
2142 2333 2206 2359 tutis

99 2364 118 2384 D
128 2366 145 2385 E
157 2365 172 2384 Ρ
183 2360 275 2391 ὁΝΟ,
295 2358 350 2391 sui,
370 2358 504 2393 (archaice
522 2358 582 2390 ini)
602 2358 681 2385 si'tum
692 2377 701 2391 ,
723 2359 776 2384 ere.
813 2358 1004 2392 [uoeroevt'bnssm,
1022 2358 1106 2385 aima-l-
1164 2361 1289 2393 ani-ibus,
1309 2365 1328 2387 i.
1342 2362 1382 2388 dic
1396 2364 1503 2388 tacituro
1523 2361 1678 2388 Horat.Od.
1693 2370 1710 2393 1,
1724 2370 1768 2396 27,
1783 2368 1815 2393 18.
1886 2364 2026 2398 Deponere
2044 2367 2146 2401 aliquid
2168 2368 2206 2394 dl·-

62 2393 142 2427 θημι,
161 2395 384 2429 παρακατέθεμαι]
419 2395 538 2430 Deorsum
547 2401 647 2430 ponere.
703 2394 786 2420 Plaut.
807 2394 911 2420 Mostel.
927 2402 952 2426 2,
965 2403 984 2425 1,
996 2402 1023 2426 3,·
1042 2395 1105 2420 Ecce
1114 2405 1149 2429 50
1165 2404 1255 2423 cuntur
1272 2403 1396 2422 certantes
1408 2400 1515 2433 pignore
1530 2408 1537 2422 .·
1564 2398 1637 2431 Virg.
1652 2397 1703 2423 Ecl.
1717 2406 1746 2429 3,
1760 2407 1790 2430 32
1817 2399 1856 2424 De
1870 2408 1947 2433 grege
1965 2410 2019 2426 non
2033 2402 2113 2428 aufim
2128 2402 2205 2436 quid·-

59 2436 146 2456 autem
159 2428 202 2455 hic
215 2429 344 2464 depofiuit
357 2435 450 2464 caput,
470 2436 496 2456 et
509 2430 618 2456 dormit.
690 2429 828 2464 Deponere
839 2429 993 2455 malleolum
1007 2431 1036 2455 in
1051 2435 1102 2455 ter·
1165 2441 1244 2467 quam
1259 2431 1390 2466 deponere
1409 2439 1503 2458 tecum.
1552 2433 1619 2459 Ami.
1632 2433 1669 2458 ib.
1690 2442 1714 2458 v.
1730 2442 1762 2464 3ι.
1832 2434 1968 2468 Deponam
1990 2437 2204 2470 (int.firmonem

60 2473 133 2498 ram,
158 2467 293 2491 mantare:
328 2465 428 2491 Plantas
441 2472 532 2492 tenero
545 2464 696 2492 abscindens
710 2464 741 2490 de
757 2474 869 2499 corpore
890 2470 1004 2490 matrum
1019 2465 1104 2499 Depo·
1163 2471 1191 2494 in
1205 2467 1321 2500 dicendo,
1341 2474 1371 2493 vt
1389 2466 1483 2500 ueniri,
1503 2467 1547 2494 ich
1561 2469 1618 2494 will
1633 2468 1770 2500 absetzen)
1791 2475 1817 2495 et
1836 2469 1976 2501 morabor,
1999 2477 2024 2496 et
2042 2480 2141 2497 nouum
2160 2481 2204 2499 ex.

61 2500 113 2526 suit
134 2499 210 2527 sulcis
229 2500 304 2535 Virg.
326 2501 423 2535 Georg.
449 2509 475 2533 2,
497 2509 542 2534 24.
614 2501 745 2526 Columel.
758 2509 782 2532 3,
796 2509 824 2526 ιο
844 2500 1030 2534 Comperimus
1043 2508 1104 2526 eum
1163 2503 1271 2530 ordium
1291 2503 1388 2529 faciam
1408 2503 1517 2537 QiinGt.
1533 2512 1565 2535 11,
1580 2513 1601 2535 3,
1618 2509 1654 2535 38.
1761 2505 1911 2537 Deponere,
1927 2512 1976 2537 pro
1988 2507 2095 2532 alienare
2109 2507 2204 2534 dietum

61 2535 280 2570 malleolum,qui
293 2542 405 2570 quatuor
418 2545 481 2563 vuas
496 2536 603 2571 tulerit,
619 2535 788 2570 deputatum,
812 2541 838 2562 et
851 2535 879 2561 in
893 2542 990 2562 terram
1004 2535 1104 2570 deposi-
1166 2539 1183 2564 l.
1198 2546 1227 2573 17
1246 2537 1269 2575 ᾗ.
1286 2547 1310 2570 [3
1330 2538 1357 2564 ff.
1379 2538 1411 2564 de
1424 2540 1512 2566 donat.
1526 2539 1595 2564 inter
1609 2539 1659 2564 vir.
1674 2544 1699 2563 et
1712 2547 1785 2563 vxor.
1808 2539 1901 2572 Neque
1919 2539 1990 2565 enim
2009 2543 2152 2575 pauperior
2164 2543 2204 2575 fit,

60 2576 133 2603 tum,
150 2580 165 2597 a
184 2571 362 2597 foecunditate
381 2577 497 2598 materna
511 2571 545 2598 sie
557 2571 713 2606 degenerare
728 2576 774 2603 vt,
793 2578 839 2598 etc.
912 2572 1021 2603 Vineae,
1036 2580 1103 2605 quae
1118 2577 1150 2609 ⁶5
1165 2575 1212 2609 qui
1228 2582 1282 2599 non
1294 2574 1414 2608 acquirat
1427 2584 1434 2603 ;
1457 2573 1499 2599 sed
1514 2574 1560 2607 qui
1574 2572 1606 2598 de
1620 2573 1781 2606 patrimonio
1794 2574 1840 2599 suo
1852 2575 1981 2607 deposuit.
2054 2578 2203 2611 Deponere,

61 2606 215 2640 tempestiue
228 2607 394 2641 deponuntur
414 2607 519 2634 Colum.
533 2616 556 2640 3,
569 2618 596 2642 4.
667 2606 733 2633 Plin.
749 2614 783 2639 ις,
797 2615 828 2639 3ο
848 2607 885 2634 Ex
900 2606 940 2632 his
956 2607 983 2632 in
997 2607 1100 2641 gremio
1158 2617 1208 2645 pro
1222 2611 1364 2643 Deprimere
1381 2608 1533 2641 aedificium,
1552 2608 1581 2633 in
1597 2607 1613 2632 l.
1628 2615 1656 2640 17
1676 2608 1708 2633 D.
1723 2607 1755 2633 de
1769 2608 1857 2634 seruit.
1870 2608 1929 2635 vrb.
1942 2610 2031 2644 praed.
2050 2612 2066 2637 l.
2080 2616 2096 2638 6
2122 2614 2154 2639 D.
2176 2614 2204 2640 Si

63 2640 136 2666 Iouis
149 2642 252 2675 optimo
263 2643 379 2668 maximo
392 2642 542 2676 deponitur.
610 2642 749 2676 Deponere
761 2642 860 2668 semina
873 2643 954 2674 sulco,
970 2643 1088 2668 plantare
1096 2652 1104 2666 :
1164 2644 1253 2670 seruit.
1268 2642 1346 2669 vend.
1419 2643 1554 2673 Demoltri',
1576 2649 1599 2667 et
1616 2643 1650 2668 od
1662 2652 1743 2668 aream
1763 2643 1888 2679 redigere,
1908 2651 1931 2670 ct
1938 2646 1992 2680 solo
2005 2656 2123 2682 aequare,
2142 2649 2159 2675 l.
2175 2657 2202 2681 23

63 2675 194 2701 Columel.
207 2684 229 2708 ς,
243 2686 261 2709 4
281 2677 410 2702 Omnium
423 2682 511 2702 autern
524 2678 640 2703 satorum
653 2678 709 2703 fere
722 2677 813 2703 eadem
827 2677 863 2702 est
875 2676 1004 2703 conditio.
1041 2685 1102 2702 nam
1168 2680 1197 2704 in
1219 2679 1264 2703 fin.
1290 2678 1323 2703 D.
1339 2677 1371 2703 de
1385 2678 1487 2712 vsucap.
1507 2677 1524 2702 l.
1541 2683 1553 2707 8
1581 2677 1612 2703 D.
1629 2677 1655 2703 Si
1671 2678 1760 2703 seruit.
1773 2678 1875 2705 vendic.
1888 2679 1905 2704 l.
1920 2685 1947 2712 83
1961 2680 1985 2716 ᾗ.
1998 2682 2104 2709 sacram,
2120 2685 2147 2710 in
2159 2684 2204 2710 fin.

63 2711 108 2737 vel
122 2710 227 2742 scrobe,
248 2711 290 2736 vel
311 2711 382 2736 sulco
400 2711 500 2736 semina
519 2711 694 2744 deponuntur.
716 2712 744 2736 de
762 2715 851 2737 vineis.
921 2712 1059 2744 Deponere
1073 2712 1102 2736 in
1163 2714 1194 2739 D.
1209 2712 1241 2739 de
1254 2713 1328 2739 verb.
1341 2712 1451 2746 obligat.
1488 2714 1529 2738 Ita
1545 2711 1735 2746 depositionem
1749 2713 1865 2740 aedificii
1880 2724 1961 2750 accipe
1976 2720 2002 2742 in
2018 2717 2034 2744 l.
2049 2727 2065 2750 9
2085 2717 2202 2754 §.Item

63 2745 138 2772 silua-5
150 2746 258 2777 liberos,
272 2754 383 2777 νΧΟΐΕδ,
404 2751 430 2771 et
443 2746 486 2772 sua
498 2746 588 2771 omnia
608 2746 680 2772 Caes·
695 2746 723 2771 Β·
737 2746 768 2771 G·
784 2754 813 2778 4,
824 2754 860 2777 19-
1042 2743 1063 2781 ε]
1085 2754 1102 2781 Ζ,
1115 2758 1149 2785 70
1163 2748 1321 2782 Pomponius
1342 2748 1373 2773 D.
1387 2746 1466 2780 Qiod
1481 2753 1540 2772 met.
1553 2748 1619 2773 caus.
1692 2748 1844 2782 Deponere,
1862 2758 1908 2784 pro
1921 2751 2069 2779 Remouere
2083 2754 2203 2782 Scribon=

62 2782 205 2812 formulae,
225 2781 403 2815 metaphoricae
421 2783 556 2815 inprimis.
591 2780 809 2806 Aedificationem
821 2780 966 2814 deponere,
983 2788 1033 2816 pro
1048 2781 1101 2815 Ces-
1162 2791 1204 2816 45.
1227 2791 1283 2808 210.
1304 2790 1358 2808 212.
1432 2783 1570 2816 Deponere
1590 2782 1624 2809 ab
1641 2783 1702 2817 igne
1722 2792 1782 2818 207.
1854 2786 2002 2820 Deponitur
2021 2789 2128 2816 cacabus
2148 2799 2202 2817 210,

56 2816 116 2853 sare
129 2816 158 2841 ab
171 2816 320 2850 aedi-'sicando
334 2827 342 2841 .·
378 2815 432 2842 Cic.
447 2816 518 2842 Fam.
534 2824 568 2847 ι3,
584 2824 593 2841 ι
613 2815 692 2842 Nunc
708 2824 772 2841 vero
786 2816 803 2842 si
823 2815 937 2841 audierit
957 2822 982 2841 te
1002 2815 1100 2841 Aedifi-
1162 2826 1217 2844 212..
1274 2817 1398 2852 Deposito
1413 2817 1508 2844 cacabo
1529 2826 1579 2850 2¹3·
1648 2820 1678 2844 In
1693 2819 1788 2845 cacabo
1801 2819 1917 2855 deposito
1934 2831 1988 2857 214.
2143 2824 2164 2863 q
2183 2833 2202 2859 4

63 2851 195 2877 cationem
217 2851 374 2884 deposuisse,
395 2858 440 2877 etc.
508 2850 564 2877 Cic.
589 2849 620 2876 de
642 2850 750 2876 Amicii.
767 2857 802 2884 79
825 2849 980 2876 Cauendum
992 2850 1052 2882 erit,
1065 2859 1098 2876 ne
1162 2852 1303 2886 Deposiui,
1318 2860 1366 2887 pro
1374 2855 1495 2888 Deposui,
1517 2855 1681 2880 Praeteritum
1698 2856 1789 2890 legitur
1803 2857 1870 2891 apud
1883 2858 2016 2884 Catullum
2036 2859 2063 2885 in
2077 2861 2202 2888 Carmine

61 2896 116 2913 non
127 2886 211 2913 solum
231 2886 371 2912 Amicitiae
390 2886 535 2920 depositae,
555 2886 598 2912 sed
617 2885 774 2911 inimicitiae
793 2885 873 2911 etiam
885 2886 1014 2920 susceptae
1026 2885 1100 2912 vide-
1163 2888 1361 2921 Saeculari35,8
1382 2890 1470 2922 Qiam
1483 2897 1565 2915 mater
1578 2898 1659 2924 prope
1671 2891 1774 2916 Deliam
1810 2893 1945 2926 Deposiuit
1957 2894 2065 2921 oliuam.
2090 2899 2107 2921 i.
2127 2901 2203 2923 enixa

63 2928 148 2949 antur.
217 2921 272 2948 Cic.
286 2922 317 2948 de
337 2922 444 2947 Amicit.
481 2941 487 2947 .
526 2940 532 2947 .
570 2941 577 2947 .
613 2920 693 2955 Qiod
716 2921 812 2947 summi
831 2929 974 2955 puerorum
995 2930 1099 2947 amores
1117 2930 1149 2958 75
1163 2922 1205 2957 est.
1248 2924 1316 2951 Αιίᾶ.
1336 2925 1417 2950 Plaut.
1432 2924 1509 2951 Most.
1522 2934 1543 2956 2,
1560 2933 1579 2957 1,
1592 2933 1629 2957 33.
1701 2926 1805 2960 Deponi
1819 2936 1893 2953 ettam
1907 2928 2057 2961 dicebantur,
2076 2934 2202 2967 outplone

63 2959 138 2992 saepe
161 2967 211 2984 vna
233 2966 291 2983 cum
312 2963 444 2991 praetexta
467 2963 528 2992 toga
550 2956 752 2990 deponerentur.
788 2957 861 2992 Conf.
883 2957 979 2983 Catuli.
1000 2965 1045 2991 77,
1066 2966 1099 2989 13.
1163 2959 1287 2995 desperate
1301 2963 1385 2996 aegri,
1403 2968 1540 2986 auti-ectus
1553 2963 1651 2987 mortui.
1702 2963 1767 2987 Nom
1781 2962 1809 2988 de
1818 2963 1960 2998 sublimiore
1973 2963 2059 2991 [sciolo
2074 2968 2141 2993 hutm'
2154 2969 2202 2994 col-

64 2994 186 3020 Animam
207 2994 322 3027 Propert.
340 3002 358 3025 ι,
370 3002 404 3026 13,
419 3001 456 3026 17.
530 2993 610 3018 Arma
636 2993 701 3018 Plin.
716 2999 750 3024 ις,
765 3000 807 3024 29.
878 2992 949 3019 Caes.
958 2993 1100 3024 ss.C.3,1o.
1161 2995 1319 3021 locabantur:
1339 2994 1368 3021 de
1381 3005 1427 3030 quo
1445 2997 1561 3021 Tor-rent.
1582 2996 1616 3022 od
1635 2997 1728 3023 Horat.
1743 2997 1792 3023 Sat.
1806 3007 1824 3033 1,
1845 3007 1871 3031 9,
1889 3004 1927 3028 28.
1961 3003 1990 3026 it.
2010 3000 2059 3026 Od.
2076 3010 2095 3033 1,
2109 3006 2149 3035 36,
2163 3010 2200 3036 ¹7·

65 3030 121 3056 Cic.
135 3028 167 3055 de
179 3028 272 3062 Legit).
287 3037 309 3060 c,
346 3048 352 3054 .
391 3048 397 3055 .
435 3027 559 3062 Sequitur
571 3028 642 3054 enim
656 3028 687 3053 de
700 3027 758 3053 iure
772 3027 851 3060 belli,
869 3028 898 3054 in
917 3037 971 3062 quo
984 3034 1009 3054 et
1023 3029 1100 3054 susci·
1166 3037 1189 3057 et
1223 3031 1321 3066 Gonsal.
1359 3031 1393 3057 ad
1429 3031 1532 3057 Petron.
1572 3040 1594 3057 c.
1628 3040 1672 3064 134
1701 3041 1726 3066 p.
1746 3040 1800 3065 235.
1897 3035 2027 3067 Similiter,
2049 3037 2122 3063 Vino
2152 3038 2199 3064 ali-

63 3064 175 3099 piendo,
195 3072 219 3090 e*.
233 3063 363 3098 gerendo,
383 3070 409 3090 et
423 3063 594 3098 deponendo,
613 3065 654 3089 ius
670 3069 699 3089 vt
712 3063 855 3097 plurimum
867 3063 945 3090 valet.
1015 3064 1101 3097 Caput
1164 3075 1241 3100 quem
1274 3066 1406 3100 deponere
1441 3067 1523 3093 Plaut.
1548 3067 1636 3093 Aulul.
1668 3076 1691 3099 3,
1723 3070 1750 3100 6,
1775 3077 1814 3101 39.
1850 3070 1927 3104 Apud
1942 3071 2082 3097 Caesarem
2102 3072 2199 3106 deponi

66 3099 195 3133 deponere
219 3106 244 3125 et
264 3099 405 3126 recondere
427 3098 511 3125 stratis
536 3098 617 3126 Ouid.
641 3100 707 3125 Met.
726 3107 759 3130 ιι,
779 3100 842 3132 649.
877 3101 907 3125 Et
922 3100 979 3125 Am.
992 3108 1015 3131 3,
1031 3107 1053 3131 ς,
1066 3107 1100 3125 20
1114 3108 1146 3133 80
1164 3102 1235 3136 aegri
1249 3101 1368 3128 diczmtur
1381 3109 1405 3128 et
1418 3103 1514 3134 saucii,
1534 3105 1576 3137 qui
1589 3103 1618 3128 ab
1632 3104 1868 3138 exercitu-liparam,
1882 3115 1908 3130 m
1921 3106 1981 3131 locis
1994 3110 2070 3132 certis
2084 3108 2199 3133 coHocon—

66 3136 242 3169 Cornigerum
255 3140 338 3162 terrae
353 3135 495 3169 deposuisse
510 3141 594 3168 caput.
629 3134 657 3160 de
669 3134 864 3161 dorsttiturimte.
927 3135 1007 3160 Plaut.
1021 3136 1100 3161 Cui-c.
1163 3144 1214 3170 tur,
1231 3138 1272 3163 uhi
1286 3141 1371 3163 curari
1382 3138 1488 3172 poſjint:
1521 3137 1599 3163 Verba
1614 3142 1664 3163 eius
1678 3139 1705 3164 B.
1721 3140 1750 3165 C.
1764 3148 1786 3170 3,
1800 3142 1830 3168 68
1852 3146 1909 3165 hacc
1916 3140 1994 3175 fluit:
2014 3142 2197 3176 Praesidioque

66 3178 93 3204 2,
106 3179 128 3202 3,
140 3176 166 3200 81
187 3171 308 3204 Propono
329 3179 452 3204 magnum
476 3171 600 3205 poculum
615 3180 622 3199 ;
658 3170 703 3196 ille
727 3169 814 3196 ebibit
828 3181 834 3197 2
870 3171 954 3204 Caput
979 3170 1100 3204 deponit,
1162 3173 1320 3207 Apolloniae
1334 3172 1490 3199 cohortibus
1511 3174 1563 3204 IV,
1578 3173 1643 3206 Lyssi
1655 3174 1677 3206 I,
1692 3175 1730 3200 111
1749 3175 1826 3200 Orici
1840 3175 1950 3208 relicus,
1971 3177 2070 3211 quique
2082 3184 2154 3204 erant
2167 3186 2200 3205 ex

69 3205 260 3232 condormiscit.
330 3206 474 3232 Ciuitatem
491 3206 621 3240 deponere
635 3211 660 3231 et
672 3206 822 3240 relinquere
846 3207 900 3232 Cic.
918 3215 966 3240 pro
984 3206 1098 3232 Caecina
1161 3208 1315 3235 vulneribus
1333 3210 1419 3242 aegri,
1439 3208 1570 3243 depositis.

70 3246 129 3265 100..
168 3241 363 3275 Cogitationem
374 3241 532 3276 reparandae
545 3241 621 3267 classis
642 3241 713 3267 Hirt.
728 3242 755 3267 B.
770 3241 844 3268 Alex.
882 3261 888 3268 .
926 3261 932 3267 .
987 3242 1099 3267 Comam
1200 3250 1243 3270 DE
1253 3251 1267 3270 Ρ
1277 3244 1327 3271 ὀΝ
1337 3251 1353 3270 E
1364 3251 1383 3269 Ν
1395 3252 1407 3271 s
1417 3264 1423 3273 ,
1451 3245 1526 3270 entis.
1561 3243 1652 3270 l'artie.
1688 3243 1849 3280 [οἷποτιθεὶς]
1897 3246 2070 3272 Grammaticis
2086 3247 2199 3283 prasstr-

70 3273 130 3301 Stat.
142 3276 232 3303 Theb.
248 3285 273 3309 9,
287 3280 343 3310 596·
414 3278 613 3304 Contumaciam
633 3277 766 3303 Columel.
779 3278 810 3309 6,
823 3285 848 3304 2.
919 3277 1039 3311 Corpora
1053 3276 1101 3303 sub
1118 3284 1147 3312 85
1164 3281 1210 3305 tim
1232 3278 1355 3313 micorum.
1410 3279 1510 3306 Charis.
1524 3288 1539 3305 2
1563 3288 1588 3313 p.
1606 3288 1647 3311 139
1673 3279 1786 3314 Simplex
1799 3288 1842 3307 aut
1857 3280 1985 3315 deponens
1999 3281 2107 3307 verbum
2122 3283 2200 3309 intel*

70 3309 149 3335 ramis
159 3310 289 3345 deponunt
303 3312 404 3338 arboris
417 3313 484 3339 altae
504 3313 579 3347 Virg.
593 3314 658 3338 Aen.
672 3321 699 3346 7,
713 3317 765 3342 108.
798 3316 816 3338 i.
835 3312 987 3347 dist-umhunt
997 3312 1046 3348 sub
1061 3322 1102 3339 or·
1164 3315 1274 3349 ligitur,
1295 3314 1367 3349 quod
1387 3324 1400 3341 r
1413 3315 1489 3341 litera
1503 3315 1676 3346 terminatur,
1697 3321 1722 3340 et
1740 3315 1848 3342 eandem
1862 3316 1939 3342 habet
1952 3317 2102 3350 potestatem
2122 3327 2200 3352 agen-

70 3344 134 3370 bore.
200 3347 291 3373 Crines
309 3348 424 3374 Martial.
439 3356 462 3381 ς,
499 3368 506 3374 .
544 3368 550 3374 .
585 3348 683 3374 Curam
702 3347 784 3374 Ouid.
800 3348 885 3374 Trist.
899 3357 926 3380 4,
935 3355 962 3382 7,
970 3356 1012 3374 20.
1049 3349 1102 3374 Cu·
1164 3351 1215 3383 tis,
1235 3357 1262 3377 vt
1276 3350 1366 3382 luHor,
1380 3351 1474 3386 irascor
1482 3362 1489 3375 .·
1512 3359 1565 3376 uon
1578 3350 1648 3375 enim
1667 3350 1730 3376 facit
1743 3349 1818 3383 lueto,
1833 3352 1927 3386 frasso,
1942 3358 1986 3377 etc.
2048 3353 2168 3380 Priscian.
2183 3360 2199 3385 8

70 3388 111 3406 ras
141 3379 228 3407 animo
264 3383 336 3417 Virg.
351 3384 447 3418 Georg.
460 3392 488 3417 4,
501 3391 550 3416 ς3ι.
620 3383 703 3410 Curas
717 3383 877 3417 doloresque
890 3383 916 3409 in
929 3384 1039 3409 alicuius
1053 3384 1103 3410 ser·
1164 3395 1190 3420 p.
1204 3391 1255 3421 787
1268 3393 1312 3421 pr.
1337 3386 1474 3420 Deponens
1487 3386 1597 3421 (species
1610 3385 1763 3419 verboram)
1777 3394 1900 3418 vocatur,
1916 3386 1984 3420 quali
1997 3386 2102 3421 simplex
2116 3397 2141 3415 et
2155 3390 2199 3416 ab·

71 3423 150 3442 mone
164 3420 189 3440 et
201 3416 321 3444 suauitate
334 3418 464 3452 deponere
484 3419 540 3445 Cic.
554 3419 624 3444 Fam.
641 3429 669 3452 4,
682 3421 707 3444 6.
778 3418 815 3445 Id.
830 3419 907 3445 Acad.
923 3428 948 3451 1,
967 3428 978 3451 3
998 3419 1062 3445 Νοιι
1075 3425 1100 3446 te
1164 3421 1263 3454 soluta,
1283 3430 1350 3456 quae
1363 3431 1408 3455 per
1429 3422 1453 3448 sc
1468 3422 1577 3456 ponitur
1590 3432 1596 3451 3
1621 3420 1663 3447 vel
1677 3420 1785 3455 deponit
1802 3422 1908 3448 alteram
1922 3422 2152 3456 significationem,
2171 3432 2199 3451 et

70 3459 101 3476 ea
116 3450 302 3484 intermittere,
320 3453 362 3479 sed
376 3454 521 3481 accuratius
542 3454 670 3486 tradiare,
688 3463 735 3480 nec
754 3459 780 3480 te
799 3454 831 3481 de
851 3454 972 3480 manibus
986 3464 1102 3488 vnquam
1115 3465 1151 3490 90
1163 3466 1243 3483 vnam
1257 3466 1302 3491 per
1316 3458 1341 3483 se
1357 3463 1436 3483 tenet.
1470 3457 1537 3483 ΛΕΜ.
1553 3456 1642 3482 isidor.
1659 3465 1682 3488 1,
1696 3462 1717 3486 8.
1922 3483 1923 3489 ¹

70 3486 211 3520 deponere·
296 3488 349 3514 Cic.
361 3490 433 3516 Fam.
446 3497 473 3524 7,
486 3492 502 3516 6
526 3490 574 3515 Tu
588 3489 669 3515 modo
681 3490 791 3523 ineptias
806 3490 864 3516 istas
879 3497 904 3516 et
920 3490 1046 3516 desideria
1060 3500 1102 3517 vr·
1200 3498 1218 3518 D
1228 3499 1244 3518 E
1253 3500 1267 3518 Ρ
1277 3499 1296 3518 0
1307 3500 1319 3519 s
1329 3490 1339 3518 i
1348 3499 1368 3519 T
1378 3499 1397 3517 v
1407 3500 1434 3523 s,
1461 3501 1489 3523 a,
1515 3502 1568 3518 um.
1606 3492 1697 3517 Partic.
1734 3490 1952 3527 [ἐποτεθειμένος]
1986 3493 2134 3527 Depositam
2156 3504 2200 3529 pe..

70 3520 112 3548 bis
126 3528 151 3547 et
165 3519 317 3547 vrbanitatis
329 3523 436 3558 depone.
507 3524 673 3551 Dictaturam
691 3525 823 3558 Qiinefil.
836 3534 866 3557 3,
879 3530 901 3555 8.
972 3526 1102 3552 Dolorem
1165 3528 1268 3554 cuniam
1282 3537 1435 3562 recuperare
1451 3529 1505 3554 Cic.
1518 3528 1549 3553 de
1564 3528 1632 3561 Lege
1647 3530 1707 3561 Agr.
1722 3535 1742 3557 2,
1757 3535 1785 3558 41
1809 3535 1830 3551 c.
1846 3529 1883 3553 16.
1954 3527 2089 3555 Claudian.
2105 3531 2198 3565 Paneg.

69 3557 214 3591 susceptum
251 3555 306 3581 Cic.
318 3557 396 3586 Tusc.
409 3569 430 3592 3,
466 3579 473 3586 .
510 3579 517 3586 .
569 3560 607 3586 Id.
620 3560 732 3595 Philipp.
747 3566 771 3591 8,
784 3569 813 3592 23
841 3561 957 3587 Caeteris
971 3567 1068 3593 autem,
1083 3561 1101 3587 si
1165 3572 1191 3595 4,
1205 3565 1236 3589 62
1256 3564 1346 3590 Visere
1368 3563 1484 3597 deposito
1502 3562 1622 3597 dignatus
1642 3562 1733 3588 limina
1747 3560 1830 3586 Fassu.
1898 3563 2000 3597 Poplite
2019 3564 2152 3598 deposito,
2178 3570 2198 3592 ι’.

69 3601 188 3619 errorem
203 3592 277 3617 suum
289 3590 466 3628 deposuerint,
485 3595 551 3622 etin
564 3596 686 3630 Reipubl.
704 3597 815 3630 gratiam
832 3596 978 3629 redierint,
997 3597 1103 3623 veniam
1158 3600 1228 3634 flexo
1243 3599 1340 3625 Lucan.
1356 3608 1382 3630 1,
1400 3601 1453 3630 613.
1525 3598 1609 3624 Vestis
1625 3599 1697 3623 Curt.
1711 3604 1734 3627 3,
1747 3604 1770 3635 3,
1784 3605 1811 3629 4.
1837 3603 1861 3623 et
1878 3606 1901 3629 3,
1916 3606 1936 3631 ς,
1951 3608 1975 3625 2.
2045 3601 2075 3626 In
2094 3607 2200 3628 taurum

70 3633 97 3654 et
109 3627 292 3661 impunitatem
306 3626 412 3655 dandam
426 3636 497 3664 puto.
602 3632 657 3658 Cic.
672 3631 783 3666 Philipp.
797 3637 820 3663 8,
837 3640 867 3664 2.,-
887 3633 1032 3667 Vtramque
1045 3641 1104 3667 pro·
1116 3642 1147 3668 95
1165 3639 1266 3659 trucem
1277 3634 1434 3661 Deflecteret
1451 3635 1565 3668 serpente
1585 3631 1698 3666 deposita
1718 3639 1801 3657 minas
1819 3632 1875 3658 Sen.
1890 3634 1968 3660 Here.
1980 3635 2039 3661 Oet.
2060 3645 2085 3661 v.
2099 3645 2144 3668 302
2170 3636 2199 3663 de

70 3664 188 3689 vinciam
200 3662 323 3693 remitto,
343 3664 482 3692 exercitum
494 3665 607 3700 depono,
615 3668 732 3701 priuatus
746 3668 794 3693 esse
808 3676 862 3693 non
875 3669 975 3694 recuso.
1021 3668 1101 3694 Ouid.
1164 3669 1279 3695 Acheloo.
1352 3671 1401 3696 Pro
1414 3670 1561 3704 Dtjprroto,
1571 3667 1624 3701 stne
1638 3667 1784 3706 Deypcratae
1794 3667 1888 3702 fizlutis
1899 3679 1906 3693 :
1930 3670 1985 3695 Cic.
1998 3672 2072 3697 Verr.
2088 3679 2106 3703 1,
2121 3679 2132 3704 ς
2152 3681 2173 3698 c.
2182 3681 2199 3698 z

69 3698 136 3726 Fast.
152 3700 177 3730 6,
191 3706 235 3730 530
259 3697 368 3730 Hospita
383 3701 516 3727 carmentis
529 3701 594 3728 fidos
606 3703 709 3729 intrasse
722 3708 826 3737 penates
863 3703 981 3735 Diceris,
999 3709 1025 3729 et
1044 3704 1101 3728 lon·
1163 3705 1255 3738 Itaque
1274 3704 1343 3730 mihi
1357 3706 1452 3731 videor
1466 3713 1584 3737 magnam
1603 3708 1628 3727 et
1642 3710 1756 3728 maxime
1773 3711 1892 3737 aegram,
1911 3710 1935 3730 et
1955 3714 2036 3739 prope
2057 3707 2199 3740 depositam

70 3743 131 3768 gam
144 3733 286 3767 deposuisse
301 3733 405 3759 famem.
473 3735 584 3770 Fastigia
603 3739 710 3772 supplex
733 3738 841 3772 deposui
866 3738 957 3765 Claud.
973 3738 1004 3764 de
1018 3739 1101 3772 Nupt.
1163 3739 1287 3774 Reipubl.
1303 3747 1402 3774 partem
1416 3740 1553 3772 suscepisse.
1626 3737 1699 3771 Virg.
1713 3737 1775 3764 Aen.
1792 3748 1824 3770 12,
1838 3747 1882 3771 39,-
1905 3740 1952 3765 Ille
1969 3748 1997 3766 vt
2010 3741 2119 3775 depositi
2139 3751 2197 3776 pro-

69 3770 174 3796 Honor.
188 3777 224 3800 32.
296 3769 355 3794 Liu.
370 3777 412 3800 24,
427 3772 452 3797 18
469 3769 591 3798 Pecuniae
605 3782 711 3808 quoque
730 3774 872 3808 pupillares
887 3774 988 3807 primo,
1008 3773 1102 3801 deinde
1117 3781 1121 3783 ·
1165 3775 1248 3801 ferret
1261 3776 1313 3802 fata
1327 3776 1449 3810 parentis.
1510 3774 1556 3798 Vbs
1567 3772 1683 3805 Seruius,
1697 3773 1828 3807 Depoflti‚
1848 3774 1996 3809 Desperati:
2017 3785 2075 3802 uam
2092 3779 2196 3803 consue-

70 3805 211 3832 viduarum
224 3810 330 3838 coeptae
344 3803 474 3835 conferri,
492 3813 617 3840 nusquam
630 3818 671 3835 eas
687 3810 767 3835 tutius
782 3809 947 3843 sanctiusque
969 3809 1100 3843 deponere
1110 3820 1157 3838 100
1165 3811 1230 3836 tudo
1246 3817 1316 3843 erat,
1335 3818 1362 3837 vt
1376 3808 1503 3843 desperati
1522 3813 1581 3833 ante
1596 3808 1685 3834 ianuas
1702 3809 1756 3835 suas
1771 3809 1962 3836 collocarentur
1976 3822 1980 3836 :
2007 3813 2046 3837 vel
2068 3819 2094 3838 vt
2115 3820 2197 3838 extre-

72 3839 237 3866 credentibus
249 3839 295 3873 qui
309 3838 476 3870 deferebant,
494 3842 610 3873 quamin
623 3844 754 3877 publicam
763 3844 849 3871 fidem.
922 3845 996 3879 Virg.
1004 3846 1068 3871 Aen.
1077 3854 1101 3878 3,
1167 3855 1239 3872 mum
1252 3847 1372 3880 spiritum
1393 3844 1530 3871 redderent
1548 3850 1633 3869 terrae
1647 3854 1652 3869 :
1679 3843 1721 3870 vel
1732 3851 1760 3871 vt
1772 3846 1869 3879 poss‘ent
1886 3855 1899 3871 a
1918 3847 2108 3873 transcuntibus
2127 3848 2196 3873 forte

71 3876 116 3900 612
134 3876 179 3901 Ille
193 3874 254 3900 haec
269 3874 381 3908 deposita
396 3875 498 3900 tandem
520 3875 662 3905 formidine
678 3880 757 3906 fatur.
827 3881 894 3906 Hor.
917 3880 967 3906 Sat.
991 3889 1011 3912 1,
1033 3889 1052 3913 1,
1069 3889 1102 3914 42
1164 3881 1266 3913 curari,
1287 3882 1334 3915 qui
1348 3879 1488 3914 aliquando
1502 3878 1582 3904 simili
1596 3879 1780 3906 laborauerant
1793 3880 1889 3906 morbo
1902 3881 1982 3907 Ouid.
1993 3891 2023 3907 cx
2038 3883 2122 3908 Ponto
2137 3890 2195 3913 2,2.

71 3909 144 3942 Quid
158 3910 230 3936 iuuat
244 3910 399 3936 immensum
413 3916 438 3936 te
450 3910 551 3943 argenti
563 3912 677 3946 pondus,
696 3922 721 3941 et
733 3915 807 3948 auri,
844 3915 945 3941 Furtim
960 3914 1056 3942 defoffa
1069 3917 1101 3942 ti-
1162 3916 1276 3943 Pandere
1289 3916 1381 3942 vrbem
1397 3913 1537 3949 depositam
1550 3915 1610 3941 Stat.
1623 3915 1687 3941 Silu.
1701 3924 1721 3947 1,
1735 3925 1762 3948 4,
1776 3924 1813 3947 91.

71 3944 174 3971 nudum
186 3945 317 3979 deponere
330 3952 400 3972 terra
414 3946 423 3971 3
513 3945 585 3971 Falsa
602 3946 662 3974 licet
674 3951 782 3983 cupidus
796 3950 907 3984 deponat
921 3951 1015 3985 gaudia
1029 3952 1100 3978 liuor
1198 3958 1217 3977 D
1226 3959 1242 3977 E
1252 3959 1266 3977 Ρ
1277 3957 1296 3977 O
1307 3959 1319 3977 s
1330 3950 1339 3976 i
1349 3956 1369 3975 Τ
1380 3958 1398 3975 V
1410 3957 1433 3976 Μ
1446 3969 1453 3980 ,
1487 3951 1504 3975 i.
1542 3959 1567 3976 n.
1604 3950 1617 3983 [
1628 3951 1838 3985 παρακαταθήκη,
1855 3949 2049 3985 παρακαταὲολῆ
2062 3952 2074 3984 ]
2123 3951 2196 3985 Qiod

68 3981 186 4015 Propert.
203 3988 224 4013 1,
236 3986 259 4014 8,
271 3989 314 4015 29-
371 3981 492 4010 Gloriam
503 3980 619 4019 abiicere
632 3988 657 4010 et
670 3983 798 4021 deponere
817 3986 873 4014 Cic.
887 3986 920 4014 de
931 3987 1005 4016 Orat.
1013 3995 1099 4022 2,201.
1113 3993 1156 4022 105
1163 3988 1240 4014 alicui
1251 3984 1395 4020 commfflm
1407 3984 1456 4020 est,
1476 3992 1498 4011 et
1511 3984 1609 4019 datum,
1630 3992 1659 4013 vt
1665 3986 1758 4023 struet.
1794 3986 1896 4019 leian.
1912 3986 1940 4011 in
1957 3985 1974 4010 l.
1989 3994 1999 4011 1
2021 3986 2052 4012 D.
2067 3986 2195 4048 Depositii

1526 4029 1540 4048 a
2151 4031 2183 4049 ve
