2479 4225
0 2424 10 2447 t

0 2314 19 2467 li

11 1651 13 1654 ⁴
56 1660 65 1673 ,
80 1649 139 1674 524.

0 2199 97 2312 i...

15 2533 19 2551 :
37 2525 129 2565 tiente.

45 149 158 226 877.>
427 171 470 211 H
557 173 596 213 A
682 171 719 213 V

46 291 47 294 ,
82 265 240 294 unvro,
274 259 329 287 vid.
364 265 479 289 aveo.

80 302 258 328 HAVRIO,
279 295 314 328 si,
341 295 421 331 stum,
448 300 495 323 Tre.
532 296 670 332 [α’ρύομοιι,
688 293 807 329 ἅντλοῖω]
851 295 954 329 Proprie
978 291 1011 326 est
1035 293 1083 319 Ex-

47 333 142 361 trohere
157 331 278 358 humorem
297 338 320 358 et
334 331 429 359 educere
441 342 470 358 ex
489 341 627 368 quocunque
645 334 705 359 loco.
777 331 880 357 Lucret.
896 338 913 361 ι,
928 331 977 361 926
1004 329 1082 365 quat

48 369 162 402 integros
175 366 296 393 accedere
309 367 411 401 fontes,
431 369 517 402 Atque
531 368 653 401 haurire,
666 375 712 394 etc.
736 369 754 392 i.
774 367 848 392 quat
859 368 987 390 materiam
999 363 1082 390 hacte-

47 413 94 431 nus
107 399 242 434 inustam,
261 409 285 428 ee
298 410 368 438 quam
380 410 437 430 ante
454 413 490 429 me
503 405 584 429 nullus
598 407 694 430 omnino
707 405 811 438 attigit,
825 399 966 435 defi-riberr.
1031 399 1082 425 Lu-

48 439 90 467 cil.
104 446 134 471 30
144 436 289 472 apudNon.
303 448 331 471 4,
342 447 391 471 230
411 440 546 473 Quantum
560 439 667 465 haurire
679 438 780 464 animus
793 436 923 461 musarum
934 444 948 460 e
962 435 1082 461 fontibus

48 474 128 510 gestit.
168 473 282 499 Bibentis
299 474 333 506 est
345 478 372 500 in
388 476 430 501 illo
446 474 518 509 Virg.
534 475 598 501 Aen.
616 483 636 508 1,
650 482 704 508 742
726 472 773 499 Ille
786 471 900 504 impiger
914 470 996 496 baulit
1021 472 1082 504 Spu-

47 513 158 536 mantem
171 514 303 542 pateram,
319 515 344 535 et
363 510 441 544 pleno
462 512 486 536 se
507 510 608 544 proluit
626 518 700 536 aui-0.
789 505 901 540 metaph.
930 506 1004 539 Virg.
1019 507 1082 532 Aen.

46 553 82 577 12,
93 545 124 570 26
153 543 236 570 Simul
255 544 319 571 haec
336 546 424 572 animo
444 545 531 572 hauri.
590 547 681 579 Nempe
698 549 728 570 vt
741 541 813 568 Bibit
831 549 894 567 aure
908 541 999 574 vulgus
1019 542 1084 602 apud

46 581 138 606 Horat.
155 579 243 606 Carm.
257 589 279 610 2,
294 589 326 612 13,
340 589 378 613 32.
448 582 522 614 Virg.
538 581 602 607 Aen.
621 589 649 613 4,
664 586 709 611 339
745 578 896 610 Vocemque
916 576 956 601 his
974 577 1031 603 auri
1052 586 1081 602 us

45 614 125 642 hausi.
195 614 268 641 Idem
283 617 347 642 Aen.
363 625 400 648 10,
413 621 462 649 899
487 618 523 642 Vt
537 625 611 643 auras
630 612 774 648 Suspiciens
789 612 870 638 hausit
882 612 996 642 caelum,
1011 622 1081 638 men-

45 656 152 685 temque
164 650 271 685 recepit.
291 651 318 677 h.
332 661 354 678 e.
369 653 474 678 Aerem.
487 652 602 678 Seruius.
644 648 739 676 Cic.de
747 647 920 679 Clar.Or.332
940 648 997 674 Nec
1009 648 1081 674 enim

44 685 118 712 decet
138 692 164 713 te
183 692 305 712 ornatum
326 687 470 714 vberrimis
483 686 606 719 Artibus,
626 693 690 720 quas
704 692 785 718 quum
807 682 888 709 domo
909 682 1014 708 haurire
1028 693 1082 709 non

46 722 142 756 posses,
154 721 303 748 arcelIiuisti
316 731 347 749 ex
362 722 428 750 vrbe
442 732 479 754 ea,
492 729 536 748 etc.
605 720 679 747 Idem
692 720 724 745 de
736 720 810 745 Orat.
826 727 846 750 1,
860 726 886 744 12
914 720 1081 745 Caeterarum

45 757 151 783 Artium
173 756 258 783 studia
277 758 333 784 fere
356 757 499 785 reconditis
520 763 598 791 atque
621 755 717 782 abditis
735 764 749 781 e
771 753 892 780 fontibus
914 753 1081 781 hauriuntur.

43 792 100 819 Cic.
117 800 165 826 prro
181 792 268 819 Domo
281 802 312 825 3ο
324 803 345 820 c.
360 802 382 821 ιι
396 800 459 820 extr.
488 792 515 819 Si
534 793 600 819 vtile
618 791 730 825 Reipub.
745 789 797 816 fuit
816 789 922 816 haurire
938 798 979 814 me
1000 799 1081 816 vnum

44 835 93 863 pro
114 828 239 854 omnibus
260 829 336 855 illam
356 827 556 863 indignissimam
572 827 770 854 Calamiratemr
788 825 869 851 etiam
886 824 936 850 hoc
957 825 1021 850 vtile
1042 826 1081 857 lit,

44 871 159 898 quorum
175 863 202 890 id
220 864 315 891 scelere
334 865 474 891 conflatum
491 863 538 896 fit,
558 872 600 889 me
620 862 751 889 occultare
764 867 788 887 et
802 867 897 887 tacere.
919 863 938 886 τ’.
957 862 1081 887 Deuorure

38 905 68 930 ¹et
82 908 227 935 concoquere
237 919 244 932 ‚
257 900 302 926 hoc
314 898 347 933 2st
360 900 482 935 perferre.
537 899 577 926 stc
590 899 672 925 Tusc.
687 906 707 930 1,
721 899 752 927 86
766 906 787 922 c.
803 904 831 928 35
862 897 935 929 Quot
944 915 951 926 ,
964 902 1081 930 quantas,

44 943 124 969 quam
142 935 314 962 incredibiles
329 935 410 962 hausit
422 934 597 961 calamitates}
632 935 674 961 Sic
687 935 784 959 Poenas
799 938 822 957 et
835 931 967 965 Supplicia
980 931 1080 958 hauriri

43 978 100 996 mox
118 970 261 996 videbimus.
296 973 338 998 An
353 972 415 997 talia
427 980 455 996 ex
462 970 538 1006 fonte
551 972 670 1001 orientis,
682 969 724 995 vbi
743 967 865 1001 poculum
887 967 939 992 irie
953 967 1041 993 ebihere
1054 969 1079 1003 J.

43 1003 153 1031 haurire
171 1005 305 1039 (licinum,
325 1009 367 1042 qui
379 1009 528 1041 puniuntur.
564 1005 611 1032 Sed
627 1008 700 1031 etiam
719 1003 862 1032 deuorare,
875 1003 1013 1028 exsorbere
1025 1012 1080 1028 mo-

45 1039 130 1073 lestias
143 1039 230 1067 dicum
243 1043 356 1068 Romani.
428 1040 559 1067 Columel.
575 1046 597 1072 8,
613 1047 640 1074 17
676 1038 746 1066 Nam
761 1038 827 1099 ‘quia
844 1037 965 1064 dentibus
983 1045 1080 1070 carent,

44 1083 89 1102 aut
102 1075 220 1103 lambunt
233 1076 330 1108 Cibos,
348 1082 393 1102 aut
405 1076 522 1111 integros
536 1076 675 1102 hauriunt:
699 1082 759 1101 man
779 1082 822 1099 ere
835 1074 942 1108 quidem
957 1082 1009 1100 non
1024 1075 1080 1108 pos-

44 1111 112 1138 sunt.
149 1111 298 1144 Hauriuut,
317 1115 335 1138 i.
358 1112 485 1139 deuorant.
557 1111 665 1137 Cladem
686 1108 774 1141 hausi,
793 1111 811 1134 i.
836 1109 932 1143 pertuli
957 1110 1027 1136 Seru.
1048 1109 1082 1135 ad

44 1147 110 1173 Aen.
132 1155 152 1179 1,
170 1155 227 1180 599.
264 1148 305 1174 Sic
318 1150 382 1174 enim
395 1149 442 1184 leg.
452 1155 500 1182 pro
514 1145 594 1172 clade.
664 1145 721 1172 Cic.
739 1143 853 1179 Philipp.
878 1154 911 1177 11,
935 1154 962 1171 10
993 1146 1079 1178 Qtem

43 1182 193 1215 gurgitem?
210 1191 289 1217 quam
303 1184 476 1218 voraginem?
493 1182 556 1216 quid
569 1189 630 1207 eum
644 1189 697 1207 non
712 1180 819 1207 sorbere
832 1181 935 1213 animo,
949 1181 1012 1215 quid
1027 1190 1080 1206 non

42 1216 152 1243 haurire
168 1218 353 1252 Cogitatione,
365 1219 438 1245 cuius
452 1217 603 1251 sanguinem
615 1226 668 1243 non
680 1215 774 1243 bibere
792 1217 904 1243 censeris
915 1218 923 1242 ἶ
992 1217 1081 1242 Corda

43 1260 128 1286 pauor
148 1252 253 1285 haurit,
267 1255 382 1280 exhaurit
397 1253 540 1288 chfatigat.
615 1253 690 1286 Virg.
705 1252 802 1286 Georg.
814 1260 835 1284 3,
852 1260 894 1285 ¹05
923 1251 1081 1278 Exultantia-

43 1295 94 1321 que
116 1286 205 1314 haurit
241 1289 329 1316 Corda
349 1297 431 1323 pauor
450 1289 559 1322 pulsans.

42 1323 111 1349 male.
143 1323 200 1350 Vid.
214 1331 239 1358 p.
250 1332 278 1359 p.
299 1325 379 1350 Latus
398 1323 513 1350 haurire.
550 1323 617 1349 Add.
639 1324 704 1350 Aen.
728 1330 751 1356 ς,
775 1331 827 1357 137.
898 1323 954 1349 Cic.
977 1332 1023 1356 pro
1044 1324 1082 1349 M.

44 1357 114 1385 Cael.
129 1366 159 1390 59
188 1359 252 1385 Vidi
271 1360 357 1389 enim,
372 1359 443 1394 vidi,
461 1365 486 1385 et
506 1358 582 1385 illum
603 1358 673 1385 hausi
688 1359 817 1385 Dolorem
837 1358 880 1385 vel
892 1358 1081 1384 acerbissinuuu

40 1421 63 1429 ,ι
91 1393 161 1426 vita,
198 1403 261 1420 uum
283 1394 455 1428 QMetellus
474 1394 667 1421 abstraheretur
684 1403 699 1421 e
717 1394 772 1420 sinu
791 1395 947 1428 gremioque
975 1395 1083 1428 patriae.

84 1436 117 1455 na
139 1437 173 1454 no
204 1429 239 1462 is,
259 1429 283 1456 h.
298 1440 318 1456 e.
337 1430 464 1463 Somnum,
479 1440 546 1465 quem
563 1440 611 1456 nox
633 1430 712 1463 afflrt
731 1429 776 1456 Sil.
790 1438 816 1464 7.

76 1470 142 1490 unco
159 1464 246 1492 rostro
264 1464 345 1491 Ouid.
359 1466 423 1492 Met.
436 1471 459 1498 8,
474 1474 521 1497 371.

43 1505 106 1526 exsr-

889 1431 984 1457 Femur
1001 1429 1083 1456 hausit

725 1501 842 1526 Hamum
857 1501 989 1527 rumpam
1005 1510 1046 1533 43,
1062 1508 1083 1532 5.

760 1536 818 1561 Liu.
837 1545 858 1566 ς,
870 1543 886 1569 7
916 1537 988 1562 Tam
1009 1536 1083 1570 longi

179 1501 313 1527 Gaudium
327 1501 436 1527 auribus
449 1501 521 1527 Idem
535 1508 576 1534 27,
591 1509 617 1533 51
628 1507 670 1535 pr.

41 1533 202 1569 Imaginem,
217 1544 266 1571 pro
278 1538 369 1562 Animo
389 1539 514 1570 concipere
532 1536 598 1562 Ptin.
611 1543 636 1569 7,
655 1544 688 1562 12.

40 1571 168 1605 temporis
185 1580 250 1605 opus
268 1571 422 1597 Incendium
443 1570 534 1596 hausit.
604 1571 658 1597 Iter
675 1570 776 1597 vastum
796 1571 857 1597 Stat.
873 1571 964 1597 Theb.
987 1580 1007 1603 1,
1026 1574 1082 1603 369.

38 1605 176 1640 Iugulum,
188 1614 240 1642 pro
254 1605 390 1641 Consedere
402 1606 493 1632 Tacit.
508 1605 574 1634 Hist.
596 1614 615 1637 1,
633 1615 673 1639 41,
691 1615 719 1639 4.
756 1606 829 1641 Conf.
850 1606 975 1633 Drakenb.
990 1607 1023 1631 ad
1036 1606 1082 1633 Sil.

228 1641 360 1668 Laborem
376 1650 407 1668 ex
424 1650 453 1668 re
466 1641 555 1676 aliqua
584 1642 650 1668 Hor.
665 1642 747 1668 Serm.
766 1650 792 1673 2,
805 1650 830 1674 2,
845 1649 887 1676 79.

61 1677 170 1703 ausurus
183 1676 262 1711 vigor
275 1676 320 1702 Sil.
335 1679 371 1708 16,
385 1686 416 1703 11.
433 1679 452 1702 i.
469 1675 643 1709 exhausturus,
658 1676 809 1710 vastaturus.

41 1711 178 1747 Cattfodere
191 1719 215 1738 et
228 1713 366 1738 uulnerare.
416 1713 490 1747 Virg.
504 1713 569 1739 Aen.
589 1721 627 1745 10,
645 1721 689 1746 314
719 1713 766 1738 Per
785 1714 901 1738 tunicam
921 1713 1081 1747 squalentem

866 1678 943 1703 Latus
956 1677 1083 1704 alicuius:

0 1749 11 1780 'A
40 1753 122 1779 auro,
137 1746 203 1773 latus
223 1747 312 1773 haurit
330 1753 458 1782 apertum.
494 1750 531 1774 Ex
549 1749 659 1774 Graecis.
681 1748 785 1774 Homero
801 1748 916 1780 οἰμύσσειν
937 1755 960 1774 ct
974 1747 1081 1773 haurire

39 1779 75 1813 est*
87 1788 111 1806 et
122 1781 230 1841 (odere-
249 1786 291 1817 qui
312 1783 445 1813 hauriunt,
451 1782 567 1815 situlam,
580 1783 679 1808 trullam
694 1790 739 1808 etc.
760 1783 892 1807 demittunt
910 1785 937 1806 in
956 1783 1081 1815 liquorem.

39 1849 77 1881 ssa
90 1858 222 1876 cruorem.
254 1851 312 1876 Vsd.
327 1852 397 1877 Seru.
410 1851 444 1877 ad
458 1852 521 1876 Aen.
537 1860 558 1882 2,
573 1854 633 1876 600.
646 1857 669 1875 et
690 1859 728 1881 10,
740 1858 793 1882 314.
865 1850 921 1875 Cic.
937 1850 1009 1875 Fam.
1024 1851 1050 1880 6,
1065 1851 1082 1875 6

39 1884 138 1912 Eodem
158 1884 233 1912 fonte
256 1886 281 1911 se
300 1885 452 1911 hausturum
474 1886 601 1919 intelligit
615 1885 717 1911 Laudes
735 1886 808 1916 suas,
829 1894 842 1910 e
862 1893 916 1918 quo
935 1884 965 1911 sit
985 1886 1082 1910 leuiter

38 1921 163 1955 aspersus.
236 1921 333 1947 Lucem
352 1921 426 1955 Virg.
440 1921 539 1956 Georg.
553 1930 583 1953 2,
596 1929 646 1954 240
661 1920 791 1956 fignificat
807 1921 894 1955 NaJL-i.
968 1921 1023 1947 Cic.
1032 1929 1080 1954 pro

30 1955 109 1984 Sext.
123 1958 153 1988 63
167 1965 189 1982 e.
203 1964 235 1989 29
249 1963 313 1982 extr.
339 1957 453 1983 Ludium
468 1966 515 1983 nos
531 1956 661 1982 hausimus
673 1956 820 1988 maiorem,
833 1955 954 1981 dolorem
970 1956 1015 1981 ille
1027 1956 1082 1981 ani-

39 2000 78 2019 mi
90 2000 144 2017 uon
155 2000 297 2018 minorem.

39 2027 67 2056 B.
79 2027 150 2054 Gild.
163 2035 204 2061 37.
275 2027 367 2054 Oculis
387 2027 489 2062 aliquid
505 2027 579 2062 Virg.
596 2028 660 2053 Aen.
674 2035 703 2060 4,
714 2029 770 2053 661.
839 2028 909 2060 Opes
929 2025 1002 2052 vrbis
1022 2033 1082 2060 pro-

39 2062 120 2094 funda
138 2069 225 2089 mente
239 2062 358 2089 hauserat
381 2063 472 2089 Claud.
489 2063 520 2089 de
534 2064 562 2089 B.
576 2063 636 2089 Get.
649 2064 689 2092 86.
761 2062 831 2095 Opes
850 2063 944 2095 patrias
965 2061 1080 2087 Martial.

197 2099 270 2133 Opus
291 2104 343 2124 tam
368 2098 442 2133 longi
465 2099 591 2133 temporis
616 2096 768 2124 incendium
786 2097 885 2129 hausit,
906 2100 924 2124 i.
949 2095 1082 2132 Corzsimtlit

242 2135 327 2161 Pauor
347 2135 436 2161 haurit
454 2134 548 2166 corda,
569 2135 586 2160 i.
596 2142 619 2160 e.
635 2133 706 2159 Ferit
719 2133 900 2165 Virg.Georg.
915 2141 938 2164 3,
952 2141 1004 2164 ¹05·
1026 2131 1084 2157 Ser-

79 2103 111 2131 84

8 2155 13 2190 ¹.
42 2107 136 2202 Q?
148 2141 272 2196 7i³eetora
287 2170 361 2196 ferro
375 2170 458 2197 hausit
473 2170 554 2196 Ouid.
570 2170 634 2196 Met.
647 2174 670 2201 8,
684 2177 748 2201 440.
769 2167 843 2202 Conf.
858 2168 918 2192 Liu.
933 2174 957 2200 7.
974 2176 1002 2192 10
1016 2175 1081 2191 txtr.
1098 2172 1126 2197 55
1144 2171 1163 2193 i.
1183 2165 1239 2192 offo
1251 2166 1345 2191 dierum
1361 2168 1437 2192 orbis.

47 2203 114 2237 Idem
127 2213 169 2237 30,
183 2213 206 2237 15
234 2205 292 2232 Nec
305 2205 392 2232 locuta
406 2206 442 2232 est
455 2206 586 2237 ferocius,
605 2213 684 2238 quam
696 2208 830 2236 acceptum
846 2201 969 2227 Poculum
979 2221 987 2233 ,
1007 2200 1081 2226 nullo

63 2234 74 2245 ‘⁴
97 2239 223 2267 idationis
241 2240 314 2275 signo
331 2241 406 2272 dato,
424 2239 560 2275 impauide
580 2238 670 2265 hausit.
742 2239 840 2263 Poenas
867 2237 929 2263 Stat.
943 2236 1041 2263 Achill.
1062 2245 1081 2267 1,

507 2275 645 2301 Potioucm
658 2273 735 2300 mulsi
755 2273 821 2299 Plin.
835 2281 862 2307 7,
875 2281 910 2305 53.
980 2272 1081 2298 Oculos

43 2270 98 2310 667.
126 2275 184 2302 uid.
191 2275 282 2308 statim
296 2277 436 2310 Supplicia.

46 2309 51 2317 ¹
65 2306 73 2316 ⁸
739 2309 875 2341 Sanguinis
889 2308 1003 2335 multum
1019 2308 1081 2333 hau-

65 2311 149 2343 icuius
163 2311 246 2338 Sauiis
258 2310 375 2338 sitienter
387 2311 464 2345 Apul.
479 2311 543 2337 Met.
556 2319 567 2342 3
582 2319 605 2344 p.
621 2318 669 2342 ι3ς.

36 2363 40 2368 ‹
61 2356 115 2374 mus
130 2347 204 2374 Curt.
217 2357 245 2381 4,
259 2356 299 2380 14,
313 2354 350 2381 17.

39 2388 125 2417 pentes
140 2384 168 2408 in
186 2388 283 2409 tantam
303 2382 515 2416 magnitudinem
533 2381 697 2411 adolescere,
717 2385 745 2405 vt
759 2379 862 2405 Solidos
883 2379 1005 2405 hauriant
1026 2387 1081 2404 cer-

327 2418 459 2451 Supplicia
480 2417 603 2447 haurire,
616 2417 692 2441 Luere
707 2415 782 2449 Virg.
796 2415 861 2440 Aen.
876 2425 902 2448 4,
916 2420 956 2446 383
978 2421 1006 2440 ut
1020 2415 1082 2440 Poe-

37 2420 85 2444 vos
104 2424 257 2453 taurosque.

374 2452 430 2478 Vid.
452 2451 629 2480 CalamitateS.
700 2451 756 2476 Cic.
770 2450 853 2476 Tusc.
868 2458 891 2482 ς,
906 2452 943 2490 ¹(6.
965 2452 1081 2484 Qioque

37 2461 83 2486 nas
106 2453 175 2480 modo
197 2454 333 2480 habuimus.

0 2498 8 2514 ς·
37 2489 187 2515 affluentius
214 2487 364 2521 voluptates
383 2487 501 2522 Vndique
525 2487 646 2518 hauriat,
663 2494 695 2512 eo
717 2486 822 2520 grauius
842 2485 1029 2518 ardentiusque
1050 2484 1079 2511 si-

285 2521 313 2563 ff*
326 2531 342 2549 2
380 2524 506 2549 formulae
525 2525 603 2548 aliae:
639 2521 730 2548 Tacit.
752 2522 819 2548 Aun.
840 2530 871 2553 2,
892 2527 905 2551 8
933 2521 1080 2554 Batauique
1093 2519 1124 2550 65
1144 2530 1175 2547 ex
1194 2521 1248 2546 illis
1268 2520 1379 2554 grauida
1396 2521 1488 2552 fieret,
1509 2529 1590 2553 quum
1609 2520 1691 2553 vsque
1710 2520 1736 2544 in
1756 2519 1783 2544 id
1797 2525 1898 2552 tempus
1912 2518 2006 2545 sterilis
2021 2521 2123 2553 suisset,
2143 2530 2190 2555 pe-

37 2568 67 2586 m
86 2565 158 2594 parte
174 2567 204 2584 ea
224 2557 286 2584 dum
306 2558 432 2586 insultant
450 2558 541 2592 aquis,
565 2564 701 2592 artemque
720 2557 799 2583 nandi
814 2556 958 2589 ostentant,
971 2556 1082 2588 turbati,

35 2601 64 2621 et
85 2595 194 2629 quidam
212 2593 297 2620 hausti
318 2595 384 2620 sunt.
403 2597 421 2620 i.
440 2596 522 2630 Aquis
542 2594 661 2629 absorpti.
733 2593 789 2619 Cic.
803 2592 883 2619 Acad.
898 2601 916 2623 1,
931 2600 947 2626 7
974 2593 1010 2617 Vt
1026 2601 1054 2617 ea
1066 2600 1081 2617 a

37 2630 157 2658 fontibus
171 2630 259 2663 potius
273 2629 412 2662 hauriant,
432 2639 510 2664 quam
523 2629 627 2655 riuulos
642 2628 832 2655 consectentur.
904 2628 978 2653 Idem
990 2628 1022 2652 de
1034 2627 1081 2652 Di-

38 2666 95 2693 vin.
112 2674 133 2697 2,
147 2674 169 2696 3¹
207 2665 262 2698 Qti
283 2674 365 2699 quum
383 2665 486 2691 vidisset
505 2665 621 2690 haustam
641 2673 735 2698 aquam
750 2664 783 2689 de
804 2663 860 2695 iugi
881 2668 975 2696 puteo,
996 2668 1081 2687 terrae

39 2708 127 2728 motus
141 2700 209 2727 dixit
222 2700 325 2726 instare.
395 2700 510 2726 Haurire
530 2700 562 2725 de
583 2699 672 2731 faece,
692 2698 745 2724 vid.
770 2704 878 2724 FArzx.

32 2739 69 2763 ,16
84 2745 104 2762 c.
117 2745 133 2762 2
158 2736 224 2762 Non
237 2742 264 2762 vt
278 2736 444 2770 interpretes,
461 2735 503 2762 sed
517 2741 545 2762 vt
559 2735 686 2765 solemus,
700 2742 714 2759 e
726 2733 844 2759 fontibus
866 2741 958 2758 eorum
979 2731 1082 2758 iudicio

39 2771 207 2806 arbitrioque
229 2771 319 2798 nostro
345 2777 489 2806 quantum,
513 2779 620 2805 quoque
645 2769 726 2796 niodo
750 2768 895 2800 videbitur,
920 2767 1081 2794 hauriemus.

38 2808 113 2835 idem
128 2808 159 2832 de
175 2807 265 2833 Diuin.
280 2816 302 2839 2,
315 2815 339 2839 3ι
356 2817 376 2833 c.
393 2816 416 2839 13
441 2809 516 2841 Aqua
535 2815 565 2832 ex
582 2811 661 2840 puteo
681 2804 778 2831 hausta.
852 2804 949 2830 Haurit
964 2812 995 2830 ex
1010 2811 1081 2829 aera-

31 2843 82 2878 ‘rio
95 2844 225 2875 sumtum,
245 2843 392 2877 suppeditat
411 2852 425 2869 a
440 2843 516 2868 sociis
536 2842 592 2868 Cic.
607 2841 638 2866 de
651 2841 680 2867 L.
694 2842 755 2874 Agr.
771 2849 792 2871 2,
807 2848 841 2866 12.

29 2887 121 2915 ‚paruo
141 2879 208 2905 Hor.
221 2878 301 2905 Serm.
316 2887 336 2911 1,
353 2887 372 2910 1,
386 2886 422 2911 52.

39 2915 102 2942 med.
124 2913 228 2940 Haurio
247 2913 327 2940 hausi.
354 2914 494 2940 Inuenitur
513 2919 599 2939 tamen
612 2912 726 2938 Hauriui
740 2913 779 2937 uel
792 2911 899 2938 Haurii.
955 2912 1041 2937 Varro
1053 2910 1082 2936 in

32 2958 77 2984 :24
89 2950 120 2977 ad
134 2950 293 2976 Ciceronem
321 2950 411 2982 Qmm
426 2949 486 2975 inde
500 2948 657 2975 haurierint.
712 2948 742 2973 Et
759 2956 784 2981 p.
799 2954 853 2980 907
865 2945 926 2972 med.
966 2946 1082 2977 Haurio,

24 2980 112 3154 {tsi
121 3006 129 3018 ,
143 2984 263 3011 haustum
272 3007 281 3020 ‚
294 2985 460 3011 differentiae
478 2986 550 3010 causa
571 2984 672 3010 assumit
685 2988 695 3009 t
715 2983 765 3016 (ne
784 2982 953 3018 confundatur
966 2991 1018 3008 cum
1037 2990 1081 3007 au-

914 2839 1030 2866 Haurire
1048 2847 1080 2864 ex

23 3046 37 3050 ,,
79 3025 116 3054 n)
133 3021 253 3056 quamuis
276 3026 302 3047 et
322 3020 501 3055 adspiratione
524 3019 636 3046 differat.
691 3018 794 3044 Hausus
811 3025 891 3043 tamen
913 3017 995 3043 Solin.
1017 3026 1037 3043 c.
1060 3024 1081 3050 ς.

77 3067 115 3092 rg.
128 3058 191 3083 Aen.
205 3066 231 3090 4,
244 3063 291 3090 384
321 3056 454 3091 Supplicia
469 3055 611 3083 hausurum
625 3053 750 3088 scopulis,
768 3054 831 3090 quod
843 3060 943 3080 tuentur
958 3053 1043 3087 Heius.
1058 3059 1081 3078 et

181 3093 242 3118 Stat.
257 3091 353 3119 Achill.
372 3101 390 3123 1,
409 3094 462 3126 667
499 3091 634 3117 Hausurus
661 3098 767 3124 poenas.
823 3089 868 3115 Sil.
889 3090 925 3118 16,
945 3097 964 3114 ιι
997 3089 1081 3122 Vigor

377 3135 402 3161 7,
418 3133 465 3160 584
485 3128 618 3153 Hausurus
633 3126 733 3152 clausos¹
743 3124 870 3151 comediis
883 3123 999 3158 Vndique
1013 3124 1081 3150 telis.

761 3160 834 3187 Idem
849 3162 865 3186 6
878 3169 901 3194 p.
917 3166 959 3193 173
982 3161 1081 3186 Rorcm

864 3196 972 3222 iuuene.
992 3204 1018 3227 2,
1037 3203 1081 3228 253

64 3102 127 3119 urm.

33 3125 35 3127 ¹
61 3128 168 3153 ausurus
183 3128 298 3154 Latium.
334 3129 366 3153 Et

43 3162 119 3196 Apul.
133 3161 165 3187 de
178 3162 245 3188 Asin.
261 3171 277 3189 2
290 3172 314 3197 p.
328 3171 365 3189 121
387 3163 488 3197 Lagena
504 3162 589 3188 facilis
603 3162 719 3188 hauritu.

24 3201 27 3203 ’
43 3198 172 3235 rigentem
192 3196 327 3224 hauritum
346 3198 394 3225 ista
414 3198 553 3225 confestim
572 3197 671 3224 deserta
688 3196 792 3223 vrnula.

42 3233 205 3257 Hauriturus
218 3231 260 3264 est.

83 3272 104 3292 Η
117 3272 286 3292 AVRIENS
296 3287 305 3299 ‚
322 3269 395 3295 entis.
412 3269 506 3296 Partic.
540 3269 631 3296 Tacit.
646 3269 711 3294 Ann.
727 3270 763 3297 16,
777 3272 811 3300 18,
828 3275 837 3293 1
858 3267 908 3293 Sua
920 3266 1080 3292 haurientes.

46 3301 151 3336 Specilli
166 3301 278 3327 latitudo
291 3301 412 3330 hauriens
426 3305 544 3332 Scribon.
560 3314 619 3339 227.
640 3307 658 3330 i.
678 3302 783 3338 deprtffiz
798 3307 824 3328 in
839 3313 920 3328 anum.

84 3343 104 3363 H
114 3344 164 3363 AV
173 3343 186 3362 S
195 3343 216 3362 T
225 3344 244 3362 V
254 3344 267 3363 S
276 3355 282 3367 ,
302 3345 331 3369 a,
348 3347 401 3365 um-
429 3341 522 3367 Partic.
557 3341 735 3374 [ἤντλημὲνος,
754 3339 885 3374 ἤρυμένος]
920 3336 975 3363 Cic.
990 3336 1021 3361 (le
1036 3336 1082 3362 Di-

46 3373 102 3399 Vifl·
117 3381 142 3404 Ζ,
155 3373 187 3398 26
217 3372 253 3397 EX
274 3371 427 3407 diuinitate,
440 3376 509 3402 vnde
529 3376 631 3402 animos
652 3375 770 3405 haustos,
783 3380 827 3401 aut
845 3379 979 3407 acceptOS,
992 3378 1036 3397 aut
1053 3372 1082 3398 li-

47 3408 123 3435 batos
144 3407 308 3434 haberemus.

46 3443 152 3471 haustae
176 3443 272 3482 marh-
285 3448 314 3468 vt
334 3450 411 3470 nemo
435 3446 462 3471 in
478 3452 574 3474 terram
592 3447 721 3474 enauerit.
755 3445 845 3472 Tacit.
861 3446 928 3471 Anu.
951 3453 973 3475 z,
992 3451 1037 3477 24,
1057 3452 1081 3469 2.

47 3479 163 3514 Arbores
189 3478 294 3504 haustae
319 3478 347 3503 in
369 3479 527 3512 profundum
554 3483 613 3509 Liu.
633 3491 673 3515 30,
695 3487 731 3514 38.
798 3481 889 3507 Tacit.
910 3480 976 3505 Aun.
997 3487 1033 3508 12,
1054 3485 1081 3510 58

22 3518 30 3523 “
47 3515 144 3542 Eodem
158 3520 264 3540 oratore
278 3514 434 3540 Bononiensi
447 3514 573 3544 coloniae
587 3519 644 3552 igni
658 3518 762 3544 haustae
776 3516 942 3543 subuentuut.
999 3515 1083 3541 Amor

47 3552 109 3577 Stat.
122 3549 209 3577 Achil.
225 3559 245 3582 1,
260 3558 319 3582 304.
389 3550 462 3583 Aqua
481 3551 568 3580 hausta
582 3553 681 3580 duabus
695 3553 787 3588 palmis
813 3552 891 3578 Ouid.
907 3549 970 3576 Fast.
985 3558 1008 3581 2,
1020 3558 1081 3582 294.

47 3587 140 3613 Bataui
153 3585 238 3612 hausti
247 3605 255 3617 ‚
265 3585 323 3620 scil.
337 3585 413 3618 Aqua
425 3585 513 3614 Tacit.
527 3589 593 3616 Arm.
608 3598 634 3621 2,
647 3594 668 3620 8,
683 3598 704 3621 3.

42 3629 75 3657 ,7,
89 3630 111 3655 ς,
124 3628 145 3651 8.
215 3620 300 3647 Vrbes
320 3620 384 3645 Plin.
400 3622 439 3652 36,
459 3629 490 3652 ις.

43 3686 45 3689 ·
85 3664 105 3683 H
115 3664 165 3684 AV
175 3663 192 3683 R
203 3665 213 3683 1
222 3663 244 3682 T
254 3662 274 3685 V
287 3662 316 3688 S,
343 3656 507 3690 Participium
526 3657 652 3693 obsoletum
661 3679 669 3691 ,
685 3659 733 3695 ῥά
757 3658 903 3693 usurpatum
930 3654 1082 3691 postliminio

48 3692 114 3728 quali
133 3693 211 3727 Apul·
225 3693 288 3718 Met·
301 3699 313 3723 3
335 3692 425 3725 p.136‚
445 3691 475 3722 36
495 3692 554 3717 Elm.
581 3694 696 3720 Haurito
719 3694 837 3729 plusculo
859 3692 940 3720 νιιὲἲο
963 3692 1082 3725 corporis

47 3729 101 3755 mei
114 3728 234 3755 membra
248 3727 387 3762 perfricui.
428 3725 485 3752 vid.
499 3726 550 3752 alia
562 3730 589 3752 in
614 3736 738 3756 HAVRio
757 3739 783 3755 ῃ,
797 3738 816 3760 3,

1101 587 1129 604 10
1147 580 1252 612 lniguis
1275 578 1407 605 haustibus
1427 579 1519 604 bibere
1537 579 1618 604 Ouid.
1632 579 1697 606 Fast.
1718 589 1740 612 3,
1753 589 1811 614 274-

1102 764 1126 790 ις
1145 759 1226 791 inquit
1242 756 1348 781 Nonius
1370 764 1387 785 ι,
1406 764 1437 787 43
1458 755 1497 781 Ab
1514 755 1677 781 Hauricndo.

1098 1117 1128 1142 25
1143 1114 1266 1137 crucians.

418 2347 484 2372 Plin.
499 2353 522 2378 8,
537 2354 564 2378 14
595 2344 774 2379 Megasthenes
789 2343 880 2369 scribit
901 2345 926 2369 in
941 2342 1016 2369 India
1030 2344 1080 2369 ser·
1088 2346 1123 2370 60

952 2697 1008 2722 cac.
1027 2695 1080 2722 Off.
1088 2701 1124 2728 70

598 2874 618 2913 fl
641 2886 651 2909 3
688 2876 787 2911 Obseru.
808 2875 930 2901 Priscian.
947 2884 975 2901 ιο
994 2884 1017 2909 p.
1033 2883 1081 2906 905
1093 2878 1125 2906 75

1102 3056 1133 3081 8⁴0
1145 3058 1190 3085 pto
1219 3052 1346 3078 nascitur:

377 3409 437 3436 Liu.
454 3420 486 3443 33,
499 3421 530 3445 41
566 3412 667 3438 Multae
687 3419 765 3437 naues
793 3409 908 3440 eiectae,
926 3408 1023 3433 multae
1046 3408 1082 3434 ita
1096 3417 1131 3441 90
1145 3408 1204 3433 Am.
1221 3415 1243 3439 3,
1258 3414 1311 3440 589.

777 3589 883 3614 Humor
901 3585 978 3612 auide
1006 3586 1081 3611 Curt.
1097 3591 1127 3616 95
1145 3593 1263 3616 memor,
1281 3594 1312 3610 an
1327 3578 1490 3615 obliuiosns,
1502 3591 1546 3609 etc.

1525 170 1568 212 H
1657 172 1805 215 ΕΒ
2113 182 2189 229 8‘73

1144 260 1297 287 stimonium
1311 260 1494 295 perhibuerit,
1512 270 1639 297 aquarum
1656 259 1748 288 reddet
1762 261 1911 298 haustoroe,
1924 270 1951 293 et
1963 266 2012 301 qui
2030 274 2063 293 ex
2077 266 2124 294 tali
2145 275 2186 293 ar-

1146 297 1230 322 tuicio
1249 297 1347 323 vitiant.
1384 295 1498 323 llaussor
1510 307 1608 333 aquae,
1627 297 1725 324 Bibitor
1732 298 1777 333 jeu
1791 305 1892 332 potator
1906 303 2085 335 aquaeLucau.
2098 311 2124 335 9,
2132 310 2185 335 591-

1186 338 1206 358 Η
1218 340 1237 358 Λ
1249 339 1267 358 V
1278 340 1289 358 s
1299 339 1319 358 'I'
1330 338 1349 357 V
1359 339 1387 361 S,
1409 332 1446 359 us.
1475 342 1509 358 ιιι.
1545 333 1657 367 [ἄρυσιῃ
1676 332 1797 368 ῥόφημα]
1835 333 1937 360 Mattio
1956 346 2031 371 aquae
2054 346 2083 364 ex
2103 340 2186 373 aliquo

1148 368 1208 393 lom.
1250 367 1380 394 Columcl.
1397 376 1416 399 1,
1432 375 1454 400 ς,
1469 376 1477 393 ι
1501 368 1527 394 Si
1541 369 1624 394 decrit
1638 369 1719 394 fluens
1733 369 1816 399 vnda,
1830 369 1938 402 putealis
1952 378 2089 404 quaeratur
2103 373 2131 398 in
2145 373 2186 399 vi-

1105 409 1119 434 5
1147 403 1207 428 ciui)
1221 412 1301 436 aqua:
1321 411 1386 437 quac
1408 402 1505 429 nonsit
1525 403 1627 429 haustus
1648 403 1783 438 profundi.
1808 404 1832 430 h.
1848 412 1866 430 e.
1887 405 1955 438 (Luae
1970 415 2017 431 non
2031 416 2042 432 e
2057 407 2186 443 profundo

1142 445 1215 472 puteo
1231 440 1363 464 hauriatur
1375 445 1398 463 et
1411 438 1566 464 extrahatur.
1603 440 1651 465 Pro
1660 440 1763 474 poculo,
1777 440 1816 465 uel
1827 445 1943 474 quantum
1956 448 2004 466 vno
2016 441 2071 467 atqu
2084 443 2186 469 bibitur.

1147 472 1226 499 Ouid.
1243 474 1305 499 Met.
1319 481 1345 507 7,
1358 481 1408 507 450
1438 472 1531 499 Bacchi
1551 473 1601 499 tibi
1620 475 1747 501 sumimus
1761 474 1873 501 haustus.
1927 474 2000 500 idem
2020 478 2083 502 Met.
2101 480 2125 507 6,
2141 480 2186 510 356

1147 509 1258 534 llautlus
1270 517 1351 543 aquae
1366 508 1433 534 mihi
1448 507 1536 534 nefiar
1550 509 1610 534 crit.
1664 510 1719 536 Cic.
1735 519 1783 544 pro
1797 510 1901 537 Caecin.
1915 517 1952 544 74
1978 511 2068 543 Aquae
2082 511 2186 545 ductus,

1148 543 1260 575 haustus,
1273 551 1318 569 etc.
1389 544 1483 576 Neque
1502 543 1622 570 haustum
1643 544 1757 571 fontium
1776 546 1927 580 relinquere
1956 545 2031 572 Curt.
2050 554 2079 577 3,
2100 554 2142 578 10,
2164 554 2187 577 ε.

1883 579 2007 608 Aether-ei
2027 581 2147 612 haustus,
2166 585 2186 607 i.

1145 614 1362 650 1>rmnijp1ritus
1383 614 1455 648 Virg.
1469 614 1567 648 Georg.
1587 623 1616 648 4,
1637 618 1696 641 220.
1731 616 1805 651 Conf.
1819 615 1888 642 Flor.
1907 624 1932 648 3,
1949 623 1988 648 21,
2003 617 2039 644 16.
2111 617 2188 642 Aliu-

1147 650 1219 676 Cacli
1236 650 1338 676 haustus
1351 650 1426 675 Curt.
1442 658 1464 681 ς,
1478 657 1500 682 5,
1514 657 1556 682 29.
1624 650 1751 677 Haussurn
1769 651 1834 677 lucis
1851 651 1900 678 illo
1919 651 2018 686 regerit
2036 650 2098 678 luna
2116 650 2186 678 vnde

1145 686 1244 719 accepit
1270 685 1334 711 Plin.
1356 693 1388 716 2,
1409 693 1434 717 9.

1183 726 1425 751 HAVSTRVM,
1446 729 1464 746 1.
1485 729 1510 745 n.

1546 719 1682 753 [ὅίντλιον]
1719 721 1829 755 Proprie
1842 720 1966 748 dicuntur
1980 722 2108 749 Rotarum
2120 721 2188 754 cadi,

1732 757 1836 783 Lucret.
1853 764 1875 792 ς,
1890 765 1933 792 317
1960 758 1994 783 Vt
2016 758 2114 784 fluuios
2127 766 2187 785 ver-

1145 793 1198 817 sare
1222 798 1308 822 rotas,
1332 797 1410 824 atque
1432 790 1534 817 haustra
1553 790 1682 816 videmus.
1727 792 1840 818 Budaeus
1855 796 2034 827 interpretatur
2048 795 2188 829 Aquarium

1144 834 1240 858 rotam,
1254 828 1292 852 vet
1311 832 1461 860 onupanum.
1498 826 1556 852 th.
1570 827 1659 854 Barth.
1675 826 1781 863 Aduers.
1801 838 1821 859 1,
1834 837 1854 854 1.
1895 827 1954 855 νέα.
1977 834 2188 862 EPlGRAMMA,

1144 862 1208 898 quod
1222 861 1309 888 datum
1327 871 1355 887 m
1377 868 1398 887 Α
1408 868 1429 888 N
1440 869 1520 888 CLA-

1386 925 1414 953 Η
1470 926 1492 954 E
1543 925 1570 955 Α
1656 931 1687 954 et
1765 924 1798 954 H
1847 924 1879 955 Ε·
1922 924 1944 956 Β

1181 966 1702 996 ΗΕΑντοντιΜόιυῑΜέΝος.
1751 969 2043 1004 [ἑαυτοντιμωρέμενος]
2091 971 2189 998 Nomen
2202 963 2203 969 ¹

1144 1005 1282 1031 comoediae
1295 1005 1363 1039 apud
1376 1005 1551 1031 Terentium:
1567 1014 1596 1030 ex
1613 1003 1712 1038 ἑαυτόν,
1733 1011 1755 1030 ee
1773 1006 1930 1038 τιμωρέααι,
1948 1005 2110 1041 compositum,
2125 1006 2190 1042 quod

1144 1039 1191 1073 est(
1206 1040 1312 1076 Sel'Pfiml
1332 1049 1480 1066 excruciare.
1518 1039 1649 1066 Inducitur
1668 1042 1733 1064 enim
1747 1039 1824 1074 finex
1845 1040 2015 1072 Menedemus,
2027 1043 2090 1077 quod
2101 1045 2188 1077 fllium

1144 1077 1249 1101 Cliniam
1265 1076 1315 1111 sua
1334 1076 1429 1101 duritia
1449 1079 1476 1101 ln
1496 1077 1613 1101 militiam
1628 1073 1755 1109 proficisi-1
1768 1077 1922 1108 compulerit,
1942 1076 2012 1101 valde
2025 1077 2132 1112 seipsum
2147 1086 2189 1104 ex-

1304 1113 1420 1137 Meminit
1434 1111 1490 1137 Cic.
1505 1110 1587 1137 Tusc.
1600 1118 1621 1142 3,
1634 1117 1676 1144 27.
1696 1117 1720 1135 et
1733 1110 1801 1136 Hor.
1818 1110 1899 1136 Scrm.
1915 1118 1933 1142 1,
1947 1118 1970 1140 2,
1984 1119 2019 1143 19.

1182 1152 1202 1172 ιι
1215 1154 1230 1172 ις
1240 1153 1255 1172 ιι
1265 1153 1283 1173 D
1293 1146 1344 1173 (ΞΜ
1353 1154 1375 1173 Α
1384 1155 1396 1173 s
1407 1167 1413 1178 ,
1433 1147 1498 1173 asiis.
1525 1152 1548 1172 et
1568 1147 1638 1180 lapsa
1659 1146 1798 1171 Latinitate
1825 1151 1846 1170 Η
1859 1151 1873 1170 Ε
1884 1151 1986 1172 BDoM
1995 1152 2044 1172 AD
2054 1153 2091 1179 A,
2111 1155 2148 1174 ae.
2169 1146 2189 1173 f.

1145 1180 1289 1216 [ἕέδομᾰς]
1327 1183 1481 1217 ςεριυηινιιιι
1491 1201 1497 1212 ,
1514 1182 1605 1216 Septem
1624 1180 1676 1206 dies
1686 1200 1694 1212 ,
1706 1184 1767 1206 armi
1780 1187 1826 1206 etc.
1862 1181 1918 1207 Cic.
1932 1181 2004 1207 Fam.
2023 1183 2061 1213 16,
2074 1190 2091 1214 9
2117 1183 2189 1213 Sym-

1145 1218 1272 1252 phoniam
1286 1218 1395 1249 Lysonis
1414 1218 1494 1243 velim
1508 1217 1624 1242 vitasses:
1643 1225 1675 1242 ne
1689 1216 1718 1242 in
1732 1221 1853 1250 quartam
1872 1215 2036 1243 hebdomada
2049 1215 2190 1243 incideres.

1145 1254 1186 1280 Sic
1200 1254 1288 1279 Groeu.
1303 1260 1327 1278 et
1340 1255 1416 1279 Gron.
1454 1253 1550 1278 Ausou.
1564 1252 1674 1278 Mosella
1692 1259 1741 1285 307
1768 1251 1879 1278 Decimo
1901 1251 2030 1279 celebrata
2052 1253 2192 1279 volumine

613 1289 687 1314 Ferit
703 1290 885 1322 interpretatur
905 1287 1009 1313 Seruius
1033 1297 1081 1313 non
1095 1298 1126 1321 30
1145 1289 1229 1315 Marci
1243 1288 1395 1315 Hebdomas
1409 1288 1442 1313 ad
1455 1289 1492 1314 M.
1509 1287 1636 1314 Varronis
1651 1288 1834 1312 Hebdomades
1855 1291 1969 1323 respicit,
1988 1289 2016 1313 de
2036 1287 2122 1323 quibus
2133 1288 2191 1320 sta-

1144 1327 1189 1350 tim
1202 1323 1325 1350 auileemus
1338 1324 1470 1355 Gellium,
1491 1333 1518 1348 m
1538 1324 1623 1358 quibus
1642 1323 1696 1348 Vll
1715 1329 1786 1348 ettam
1801 1322 1944 1357 spec-Pocula
1957 1324 2096 1349 celebrauit.
2129 1322 2190 1350 tv’td.

1147 1360 1248 1385 Reines.
1262 1361 1293 1385 V.
1307 1360 1336 1386 L.
1353 1369 1374 1392 2,
1389 1369 1398 1386 1
1418 1369 1442 1393 p.
1457 1367 1511 1391 129.
1583 1357 1652 1384 Gell.
1668 1366 1690 1390 3,
1705 1366 1733 1384 ιο
1752 1359 1789 1384 M.
1806 1360 1890 1384 Varro
1903 1358 1930 1384 in
1945 1359 2032 1392 primo
2046 1359 2190 1392 librorum,

1146 1395 1193 1430 qui
1214 1395 1392 1422 inscribuntur
1411 1392 1597 1423 Hebdomades
1616 1394 1657 1420 vel
1677 1394 1710 1419 de
1728 1393 1887 1428 imaginibus
1908 1394 2047 1428 septenarii
2073 1395 2190 1427 nuxmri,

1146 1439 1225 1465 quem
1238 1431 1332 1457 Graeci
1351 1428 1477 1463 ἑβδομάδα
1491 1430 1638 1464 appellant,
1657 1429 1767 1455 virtutes
1782 1429 1973 1464 potestatesque
1987 1430 2080 1455 multas
2092 1431 2190 1456 varias—

593 1466 711 1492 Flamma
724 1465 821 1491 multos
833 1465 915 1491 hausit
942 1466 1000 1491 Liu.
1015 1474 1055 1497 30,
1070 1473 1083 1498 5
1100 1471 1128 1497 35
1148 1475 1198 1500 que
1213 1465 1287 1492 dicit.
1322 1482 1367 1486 —-
1403 1466 1497 1492 Primis
1510 1467 1606 1500 septem
1619 1464 1713 1491 diebus
1736 1479 1780 1484 ——
1805 1464 1862 1490 90st
1875 1464 1968 1491 deinde
1983 1472 2075 1499 quarta
2088 1465 2191 1491 hebdo-

1147 1502 1237 1534 made,
1273 1517 1317 1521 —
1353 1502 1468 1535 Septima
1483 1507 1568 1528 autem
1590 1502 1645 1527 fere
1661 1499 1840 1530 hebdomade,
1861 1500 1888 1526 id
1902 1500 1938 1526 est
1956 1510 2027 1526 nono
2042 1510 2066 1526 et
2081 1502 2192 1534 quadra.

1146 1538 1243 1572 gesimo
1258 1537 1301 1563 die
1320 1553 1365 1557 —
1384 1538 1487 1571 Eosque
1501 1537 1556 1563 dies
1569 1537 1689 1562 omnium
1706 1537 1834 1567 maxime,
1855 1536 1891 1561 ita
1905 1543 1933 1562 vt
1947 1536 2045 1561 medici
2058 1536 2190 1569 appellant

1146 1572 1252 1608 κριτικὲς
1268 1569 1283 1600 ἲ)
1302 1575 1412 1607 ›epici-{54⁸3
1431 1573 1526 1606 cuique
1545 1571 1650 1604 videri,
1672 1572 1784 1605 primam
1804 1570 1995 1597 hebdomadam
2013 1578 2038 1597 ct
2052 1572 2191 1598 secundam

1145 1615 1172 1634 et
1184 1609 1290 1634 tertiam
1311 1623 1355 1627 ——
1372 1608 1448 1634 Tum
1462 1608 1503 1634 ibi
1514 1607 1603 1640 addit,
1622 1609 1646 1633 se
1665 1616 1771 1640 quoque
1786 1607 1839 1632 iam
1858 1606 2041 1632 duodecimam
2061 1614 2192 1632 annorum

976 1642 1127 1672 Latium40
1146 1643 1338 1670 hebdomadam
1358 1644 1499 1676 ingressum
1520 1644 1585 1675 else,
1606 1649 1631 1668 et
1649 1642 1680 1668 ad
1701 1650 1761 1666 eum
1782 1641 1854 1667 diem
1875 1642 2035 1674 septuaginta
2056 1640 2192 1667 librorum

1146 1679 1323 1705 hebdomadas
1350 1678 1530 1712 conscripsisse.
1589 1676 1789 1703 Hebdomadatu
1802 1695 1810 1707 ,
1832 1682 1859 1700 ut
1879 1675 2002 1707 dedimus,
2014 1675 2103 1701 hubent
2121 1675 2193 1701 hodie

1146 1724 1240 1745 omnes,
1254 1717 1329 1739 eciam
1349 1715 1455 1739 Gronau.
1475 1713 1542 1747 quali
1557 1714 1735 1738 Nomtmtiuus
1749 1709 1804 1742 effe!
1818 1709 2001 1736 Hebdomada.
2027 1711 2107 1744 Quam
2124 1711 2193 1743 bene,

1146 1758 1194 1774 non
1215 1748 1337 1774 dixerim:
1367 1750 1450 1781 Neque
1469 1748 1595 1781 intelligo,
1609 1745 1669 1780 quid
1680 1745 1731 1778 thi
1749 1749 1828 1770 velint
1846 1744 1894 1776 ista
1909 1745 1993 1771 Iocot'n'
2005 1746 2142 1777 Grovzoue‘i,
2157 1745 2193 1771 ad

1140 1785 1294 1816 principium
1306 1784 1398 1815 capitis
1411 1781 1554 1816 adscripta,
1576 1780 1662 1806 ''haud
1674 1780 1745 1805 dubie
1759 1781 1861 1806 Graecis
1878 1781 1978 1815 loquens
1991 1783 2029 1806 uic
2048 1780 2192 1807 hebdoma-

39 1815 82 1844 Sic
95 1815 119 1841 Si
134 1834 140 1841 -
153 1824 180 1849 7,
194 1822 242 1849 584
265 1818 399 1843 Hausurus
412 1818 511 1845 clausos
525 1817 651 1842 conieti’tis
665 1816 783 1849 vndique
796 1816 864 1841 telis.
900 1816 940 1841 Sic
953 1816 1027 1841 Bibit
1039 1815 1081 1839 ha·
1090 1821 1124 1846 45
1145 1818 1213 1842 dam.
1223 1835 1240 1847 ,‚

1136 1851 1295 1887 firmioribus
1312 1850 1504 1877 auHoritotibus
1518 1861 1617 1883 mxam,
1637 1858 1660 1875 et
1672 1851 1763 1876 demum
1775 1850 1887 1885 sequiori
1905 1857 1984 1877 aetate
1998 1851 2191 1878 hebdomadam

1278 1816 1346 1842 Illud
1358 1822 1465 1846 certum,
1481 1817 1614 1847 Graecam,
1632 1822 1696 1841 certe
1715 1818 1811 1842 tertiae⁴
1818 1815 1919 1851 formae
1939 1815 2125 1842 declinationem
2147 1815 2192 1849 iffi

1145 1884 1239 1912 dicium
1249 1896 1278 1912 ex
1294 1890 1379 1921 prima
1394 1888 1574 1912 Declinatione.
1616 1888 1725 1920 Vtroque
1736 1888 1825 1921 jorma
1843 1888 1935 1922 legitur
1952 1888 1979 1911 in
1999 1886 2111 1920 Vulgato
2124 1887 2191 1913 Dan.

1145 1931 1172 1954 9,
1186 1929 1216 1954 25
1229 1929 1251 1947 et
1263 1924 1297 1948 26
1317 1924 1421 1955 itemque
1434 1921 1502 1956 apud
1516 1921 1633 1947 Tertull.
1648 1926 1739 1946 contra
1754 1920 1863 1946 Iudaeo.
1879 1930 1917 1946 tor
1931 1920 2029 1946 eundem
2047 1925 2123 1947 lucum
2137 1930 2191 1947 tra-

1143 1956 1207 1982 Hat.
1362 1954 1383 1992 ff
1405 1964 1417 1981 2
1454 1958 1491 1982 De
1510 1956 1553 1982 illa
1565 1956 1659 1991 sepem
1679 1955 1773 1981 dierum
1789 1956 1907 1990 periodo,
1920 1966 1936 1981 α
1956 1957 2075 1982 Sabattho
2091 1966 2139 1983 vno
2156 1956 2192 1983 ad

351 1991 476 2026 Lugenda
490 1992 564 2018 Getis
578 1998 604 2018 et
616 1991 713 2017 Flenda
726 1991 818 2017 Sueuis
836 1990 974 2016 Hausimus
989 1990 1080 2017 Claud.
1089 1996 1121 2022 50
1142 1993 1247 2017 alterum
1261 1990 1419 2023 decurrente,
1440 1991 1518 2026 nescio
1532 2001 1564 2017 an
1578 1992 1616 2024 Jit
1628 1993 1757 2025 antiquior
1769 1990 1907 2017 auHoritns
1923 1992 2060 2026 Interprete
2073 1994 2189 2028 l'ulgato.

1144 2026 1234 2052 Isidor.
1249 2034 1271 2058 ς,
1284 2034 1315 2057 3]-
1345 2026 1518 2055 Hebdomada
1532 2026 1601 2052 dicta
1618 2035 1631 2052 a
1647 2034 1757 2052 numero
1773 2027 1869 2061 septem
1883 2026 2004 2059 dierum,
2015 2035 2131 2061 quorum
2147 2037 2190 2055 re-

1145 2062 1275 2096 petitione
1295 2067 1320 2087 et
1335 2063 1433 2086 meuses
1452 2067 1477 2087 et
1497 2062 1557 2087 anni
1570 2069 1602 2091 ,et
1614 2061 1713 2087 saecula
1730 2069 1897 2095 peraguntur.
1934 2077 1978 2081 —-
2015 2062 2131 2089 Oc'iauus
2145 2071 2191 2089 au-

1144 2103 1198 2122 tem
1212 2096 1268 2122 dies
1282 2096 1309 2121 id
1331 2097 1398 2131 (leg.
1414 2097 1448 2121 id.
1462 2097 1508 2122 hoc
1520 2095 1550 2128 cst
1568 2095 1656 2128 idem)
1674 2096 1775 2130 primus
1794 2097 1844 2127 est,
1857 2099 1889 2124 ad
1907 2105 1987 2131 quem
2004 2097 2123 2130 reditur,
2137 2105 2162 2125 et
2175 2107 2192 2126 a

1145 2141 1200 2166 quo
1222 2132 1309 2157 rursus
1333 2130 1504 2157 hebdomadis
1526 2131 1605 2157 series
1624 2132 1738 2158 orditur.
1774 2133 1853 2167 Apud
1865 2135 1986 2159 Romanos
2006 2140 2059 2160 erat
2079 2133 2191 2169 Ogdoas,

1483 2166 1540 2192 Vicl.
1562 2174 1583 2193 N
1596 2173 1616 2192 v
1630 2174 1794 2194 NDn‘AE.

1184 2206 1342 2227 HEBDOM
1355 2207 1450 2227 Anni
1470 2208 1518 2234 ις,
1536 2211 1558 2228 e.
1576 2202 1637 2228 Adi.

1145 2236 1216 2263 festis
1239 2236 1485 2263 hebdomadalibus.

1180 2279 1201 2298 Η
1211 2280 1227 2300 Ε
1237 2278 1252 2298 Β
1263 2279 1280 2298 D
1288 2278 1307 2298 0
1317 2278 1341 2297 Μ
1352 2279 1373 2298 Α
1385 2279 1399 2298 R
1414 2280 1421 2298 1
1432 2280 1452 2297 V
1462 2280 1474 2299 S
1483 2292 1489 2303 ‚
1514 2273 1532 2298 i.
1558 2282 1593 2298 m.
1630 2272 1765 2299 Dicebatur
1781 2274 1815 2302 Is,
1828 2276 1871 2308 qui
1878 2279 1926 2306 per
1939 2276 2006 2298 vices
2018 2273 2192 2300 hebdomadum

1142 2309 1277 2334 cubiculum
1293 2309 1454 2342 Imperatoris
1466 2306 1623 2340 custodiebat.
1649 2307 1705 2334 Vrii.
1720 2309 1815 2343 AIeurJ.
1829 2318 1855 2333 en
1870 2306 1944 2340 Gloss.
1958 2309 2050 2334 Graeco
2063 2309 2130 2335 barb.

1181 2349 1201 2368 ιι
1215 2350 1228 2369 ι,
1241 2349 1255 2369 Β
1267 2349 1310 2369 oo
1321 2350 1344 2368 Μ
1355 2341 1457 2370 A‘rfc
1470 2350 1529 2375 vs,
1552 2352 1580 2374 a,
1608 2343 1666 2370 um.'
1698 2343 1758 2369 Adi.
1789 2343 1869 2376 unde,
1899 2343 2087 2370 Hebdomatici
2117 2344 2190 2372 anni.

1147 2380 1205 2405 Vicl.
1227 2379 1374 2404 ANDROCt
1388 2386 1433 2404 ns.

1182 2421 1201 2440 Η
1214 2421 1229 2440 Ε
1240 2421 1255 2440 Β
1265 2421 1293 2445 Ε,
1303 2423 1338 2439 es.
1353 2414 1372 2439 f.
1392 2412 1499 2448 [“HG'n]
1520 2413 1626 2439 Dicitur
1639 2413 1748 2439 aPoetis
1757 2413 1865 2439 Iunonis
1879 2412 1934 2439 filia
1949 2413 2000 2440 sinc
2016 2421 2095 2448 patre,
2118 2415 2190 2443 Nam

1144 2459 1230 2485 quum
1241 2449 1337 2483 grande
1350 2450 1506 2475 conuiuium
1522 2449 1619 2483 Apollo
1640 2449 1667 2474 in
1684 2449 1764 2475 domo
1779 2449 1860 2483 patris
1875 2449 1962 2481 Iouis,
1981 2451 2079 2475 Iummi
2092 2458 2190 2477 nouer-

1142 2494 1186 2511 cae
1201 2486 1320 2519 parasset,
1340 2492 1367 2511 et
1386 2486 1440 2519 ipsa
1454 2484 1531 2511 auide
1546 2484 1657 2511 lactucas
1669 2483 1818 2510 comedisset
1829 2484 1955 2517 agrestes,
1975 2484 2073 2510 fat-“mm
2093 2485 2144 2517 est,
2158 2490 2188 2512 vt

1674 2203 1765 2229 Sidon.
1779 2203 1856 2237 Epist.
1870 2211 1897 2235 9,
1908 2212 1922 2235 3
1949 2202 2059 2229 Ecclesia
2071 2202 2191 2231 dedicata

1143 2557 1265 2591 peritque
1281 2556 1388 2582 Heben:
1414 2564 1491 2590 quae,
1505 2555 1568 2588 quia
1586 2554 1701 2580 formosa
1715 2561 1780 2585 erat,
1797 2555 1830 2580 ab
1844 2555 1900 2588 ipso
1913 2555 1977 2580 Ioue
1990 2555 2114 2589 pincerna
2127 2565 2189 2582 con-

1143 2592 1232 2618 stituta
1252 2591 1305 2622 est,
1326 2598 1352 2617 et
1369 2591 1417 2617 dea
1435 2591 1580 2616 iuuentutis
1601 2589 1679 2615 dieta.
1717 2591 1791 2622 Quae
1809 2589 1919 2620 deinde,
1933 2598 2016 2624 quum
2031 2591 2060 2617 in
2074 2592 2187 2619 deorum

1143 2626 1273 2652 conuiuio
1288 2626 1380 2659 pocula
1392 2626 1568 2655 ministraret,
1587 2630 1612 2650 et
1625 2625 1683 2650 casu
1698 2625 1724 2651 in
1740 2632 1836 2651 terram
1851 2624 1970 2656 caderet,
1985 2626 2118 2660 vestesque
2128 2628 2189 2654 sub-

1144 2661 1310 2690 letarentur,
1330 2661 1367 2687 ita
1383 2668 1410 2687 vt
1429 2660 1549 2695 pudenda
1569 2659 1619 2686 diis
1637 2661 1808 2693 monstraret,
1827 2661 1977 2691 indignatus
1995 2663 2111 2696 Iupiter,
2129 2671 2189 2690 eain

1143 2696 1177 2722 ab
1193 2694 1283 2722 officio
1295 2696 1412 2727 amnuit,
1431 2703 1456 2722 et
1470 2696 1526 2722 eius
1540 2696 1599 2722 loco
1612 2695 1790 2727 Ganymedem
1804 2697 1907 2730 rapiens
1923 2696 2070 2724 substituit:
2089 2699 2189 2732 postre-

1144 2740 1189 2757 mo
1203 2731 1314 2757 Herculi
1334 2732 1362 2757 in
1375 2731 1437 2758 deos
1451 2732 1552 2763 relato,
1565 2739 1635 2757 vxor
1653 2732 1712 2757 data
1729 2731 1774 2757 est.
1811 2733 1848 2758 Ex
1861 2732 1955 2758 Seruio
1967 2740 1996 2758 ut
2009 2740 2088 2759 amit.
2146 2735 2189 2760 Iu-

1144 2767 1225 2793 nonia
1238 2766 1312 2793 Hebe
1325 2767 1413 2793 Valet.
1427 2768 1526 2801 Argon.
1540 2773 1563 2798 8,
1578 2775 1623 2799 ι3ι.
1662 2767 1735 2802 Conf.
1750 2767 1832 2793 Ouid.
1845 2768 1910 2794 Met.
1924 2776 1950 2800 9,
1964 2777 2025 2800 400.
2071 2769 2190 2796 quenal-

1144 2812 1177 2835 13‚
1193 2811 1225 2834 43
1264 2802 1322 2828 Nec
1342 2811 1407 2837 puer
1427 2803 1521 2829 Iliacus
1541 2802 1738 2837 (Ganymedes)
1757 2802 1875 2829 formosa
1894 2811 1942 2829 nec
1960 2803 2084 2830 Herculis
2109 2813 2188 2832 vxor.

1143 2840 1266 2865 quentas
1279 2837 1404 2865 Ciceroni
1425 2846 1542 2864 uocatur.
1563 2848 1587 2864 u.
1603 2847 1628 2864 u.

1181 2880 1201 2899 u
1213 2880 1254 2900 ΕΒ
1264 2879 1279 2898 Ε
1291 2881 1312 2899 N
1323 2881 1331 2899 1
1341 2881 1392 2899 NV
1402 2881 1414 2900 s
1424 2894 1433 2906 ,
1451 2883 1483 2906 a,
1503 2883 1557 2900 um.
1591 2873 1669 2907 Vulg.
1684 2872 1775 2899 Ezech.
1790 2879 1830 2908 27,
1843 2881 1876 2907 ις.
2195 2904 2197 2909 y

1180 2915 1201 2935 H
1213 2916 1228 2935 F,
1239 2915 1254 2935 B
1265 2915 1313 2935 EN
1323 2915 1342 2933 0
1352 2916 1401 2936 TR
1413 2916 1419 2934 l
1430 2916 1446 2936 C
1457 2916 1477 2935 H
1488 2916 1507 2936 O
1518 2916 1536 2934 ,Ν
1547 2929 1555 2941 ,
1574 2908 1626 2934 vid.
1639 2908 1694 2942 fine
1705 2909 1874 2944 adjpirotaeone
1887 2912 1913 2935 itt
1926 2910 1955 2936 E.

1180 2950 1200 2970 ιι
1213 2943 1378 2975 euersum,
1399 2945 1417 2970 i.
1437 2945 1456 2971 f.
1482 2952 1505 2970 ct
1527 2943 1736 2976 unns-mvn,
1756 2945 1774 2971 i.
1801 2954 1826 2971 n.
1864 2944 1974 2978 [ἕξεως]
2011 2944 2095 2972 Arbor
2112 2943 2146 2979 est
2159 2949 2188 2973 in

1144 2980 1219 3006 India
1240 2986 1311 3014 atque
1331 2980 1465 3014 Aethiopia
1488 2980 1604 3015 nascens:
1630 2983 1742 3015 quamuJ's
1761 2981 1860 3016 scribat
1884 2981 1960 3014 Virg.
1980 2980 2077 3015 Georg.
2100 2990 2125 3012 2,
2147 2982 2190 3008 116

1143 3016 1202 3042 Sola
1216 3016 1291 3041 India
1303 3016 1408 3049 nigrum
1449 3017 1510 3041 Fert
1530 3015 1670 3042 hebenum.
1713 3016 1760 3042 Vbi
1778 3016 1899 3047 Seruius,
1919 3016 2001 3049 Atqui
2018 3021 2044 3041 et
2063 3016 2090 3041 in
2104 3019 2187 3050 Aegy-

1385 3050 1427 3076 scd
1450 3051 1554 3077 Indiam
1567 3071 1575 3083 ,
1599 3060 1706 3077 ornnem
1731 3052 1831 3085 plagam
1854 3049 2012 3084 Aethiopiae
2034 3051 2186 3084 accipimus.

1143 3087 1207 3113 Sane
1229 3092 1253 3112 ct
1275 3087 1337 3112 haec
1351 3087 1477 3112 Hebenus
1499 3093 1524 3111 et
1544 3086 1593 3112 hoc
1608 3087 1748 3113 Hebenum
1762 3087 1868 3113 dicitur.
1940 3087 2035 3112 Lucan.
2051 3089 2107 3117 (10,
2125 3089 2185 3119 ¹¹7)

1147 3121 1272 3149 Hebenus
1287 3122 1430 3149 Mareotica
1451 3122 1534 3148 vastos
1569 3122 1634 3149 Non
1649 3122 1736 3156 operit
1749 3121 1840 3156 postes.
1895 3121 2020 3149 Hebenus
2037 3129 2124 3147 autem
2139 3124 2189 3149 Ar-

1144 3157 1195 3184 bor
1207 3157 1253 3188 est,
1268 3167 1334 3192 quae
1349 3159 1420 3184 caesa
1434 3157 1547 3184 durescit
1562 3158 1590 3184 in
1604 3157 1725 3192 lapidem.
1762 3156 1891 3182 HaHenus
1905 3157 2020 3183 Seruius.
2049 3159 2055 3181 l
2071 3157 2106 3183 sd.
2118 3157 2187 3184 Plin.

1146 3202 1182 3223 12,
1195 3204 1213 3225 4
1233 3193 1378 3220 Palmarum
1398 3194 1501 3228 generis
1518 3195 1565 3219 esse
1584 3198 1636 3224 ait,
1649 3200 1694 3219 etc.
1728 3193 1806 3218 Locus
1824 3195 1857 3224 est
1870 3192 1989 3227 clofficus.
2025 3192 2150 3219 Scrzbttur
2163 3199 2188 3221 et

1097 3231 1126 3260 85
1136 3228 1192 3263 fine
1204 3229 1373 3268 adspiratione
1387 3229 1489 3255 Ebenus
1510 3229 1575 3264 apud
1593 3230 1726 3264 Virgilium
1739 3235 1762 3253 et
1778 3228 1895 3253 Plinium.

1181 3270 1201 3289 H
1215 3271 1318 3297 rufis,
1338 3265 1396 3291 etis.
1423 3274 1444 3291 c.
1481 3263 1619 3297 [ducatu.
1632 3261 1766 3293 dumetis,
1787 3263 1918 3297 οέμαυρὲς]
1955 3261 2036 3296 Qiod
2054 3262 2090 3289 est
2107 3262 2186 3290 retufi

1143 3301 1289 3332 acuminis,
1302 3300 1402 3326 afflare
1420 3300 1503 3326 Festo.
1540 3300 1611 3325 Non.
1632 3307 1658 3330 2,
1677 3303 1737 3331 408.
1758 3308 1786 3323 ex
1800 3298 1855 3324 Cic.
1871 3298 1946 3324 Acad.
1963 3307 1989 3330 2,
2027 3317 2033 3325 .
2069 3317 2075 3324 .
2111 3298 2187 3335 Quid

1144 3336 1236 3367 lunae,
1257 3345 1324 3370 quae
1337 3336 1495 3362 lineamenta
1509 3335 1584 3360 sunt?
1604 3340 1710 3368 potesne
1728 3332 1829 3366 dicere,
1844 3335 1918 3360 cuius
1933 3340 1957 3359 et
1971 3334 2111 3365 nascentis,
2122 3336 2188 3362 alias

1145 3371 1299 3403 hebetiora,
1311 3371 1375 3398 alias
1397 3371 1515 3397 acutiora
1534 3369 1675 3396 videantur
1689 3370 1804 3395 cornua?
1877 3369 1967 3395 Gladii
1980 3368 2059 3395 Ouid.
2076 3369 2108 3395 de
2122 3371 2188 3397 Arte

1382 3407 1453 3433 Tela
1479 3406 1582 3432 leuiora
1605 3412 1631 3432 et
1658 3405 1796 3431 hebetiora
1828 3405 1884 3431 Cic.
1906 3404 1937 3430 de
1957 3405 2047 3438 Arusp.
2068 3405 2135 3439 Resp
2164 3414 2188 3432 2.

1145 3443 1307 3478 Metophoros
1324 3442 1417 3469 easdem
1431 3442 1491 3477 fer-e
1503 3441 1631 3472 admittit,
1647 3450 1708 3473 quas
1723 3442 1844 3466 Acutum.
1879 3440 1936 3466 Cic.
1951 3442 1982 3465 de
1997 3440 2088 3465 Diuin.
2107 3444 2187 3473 2.‚'103

1145 3487 1167 3504 c.
1183 3486 1213 3510 50
1236 3478 1350 3504 Videsne
1363 3478 1505 3512 Epicurum
1520 3486 1599 3510 quem
1615 3476 1734 3501 hebetem
1750 3481 1774 3501 et
1788 3475 1880 3501 rudem
1894 3475 1981 3501 dicere
1994 3475 2077 3501 solent
2085 3476 2190 3503 Stoici}

1148 3513 1235 3540 Hebes
1253 3523 1335 3548 aeque
1349 3522 1378 3539 ac
1399 3522 1474 3547 pecus
1494 3512 1566 3538 Idem
1582 3512 1614 3537 de
1627 3512 1718 3537 Diuin.
1737 3519 1755 3542 1,
1768 3519 1800 3544 45
1818 3520 1838 3536 c.
1853 3519 1891 3537 23.
1963 3512 1993 3536 Et
2006 3510 2036 3537 de
2048 3512 2150 3537 Inuent.
2167 3521 2189 3545 1,

1147 3557 1174 3581 35
1205 3550 1365 3578 Formosus.
1379 3558 1411 3574 an
1432 3549 1572 3574 deformis:
1593 3547 1687 3579 velox,
1701 3556 1734 3572 an
1754 3546 1856 3572 tatdus:
1880 3551 1984 3577 acutus,
1998 3555 2030 3572 an
2048 3545 2188 3574 hebetior:

1619 3583 1682 3608 Plin.
1701 3591 1738 3614 21,
1755 3590 1776 3607 11
1805 3581 1832 3607 cle
1851 3585 1917 3608 croci
1934 3582 2077 3617 generibus,
2098 3584 2188 3610 Vnum

2128 3619 2186 3645 Cic.

1457 3655 1544 3681 Hebes
1561 3654 1628 3679 acies
1644 3653 1680 3679 est
1697 3653 1812 3687 cuipiam
1831 3654 1983 3683 oculorum,
1994 3661 2108 3687 corpore
2120 3653 2187 3679 alius

1145 3618 1240 3652 hebes,
1258 3620 1370 3646 alterum
1385 3621 1532 3646 odoratum.
1568 3618 1682 3644 Hebetes
1695 3625 1720 3643 et
1735 3617 1861 3643 indociles
1876 3617 2004 3650 Qunc'lil.
2020 3626 2040 3650 t,
2056 3626 2074 3645 1.

1145 3654 1177 3680 de
1193 3656 1249 3680 Fin.
1265 3664 1291 3688 4,
1305 3658 1336 3689 65
1350 3665 1370 3681 c.
1386 3664 1421 3688 24

1144 3689 1296 3723 languescit.
1368 3691 1431 3717 Fun.
1446 3699 1472 3722 9,
1490 3698 1517 3723 :7
1535 3691 1599 3714 aluis
1613 3688 1751 3724 legebatur,
1777 3688 1969 3715 Decedcntibus
1989 3689 2079 3714 fluuiis
2098 3689 2126 3713 in
2145 3696 2186 3713 ca-

1145 3726 1233 3751 vernis
1245 3734 1324 3760 aquas
1345 3725 1451 3752 hebetes
1473 3732 1614 3751 remanere.
1650 3723 1696 3750 Sed
1707 3722 1773 3749 reete
1786 3727 1835 3750 iam
1846 3724 1935 3757 diufic
1946 3726 2054 3760 legitur,
2073 3723 2186 3749 Piscium

83 3771 134 3791 HA
144 3770 163 3789 V
174 3770 240 3790 Rl'r
250 3769 292 3790 vs
302 3783 310 3795 ,
330 3760 369 3788 sis.
396 3770 431 3788 m.
460 3760 537 3795 Apul.
551 3762 613 3788 Met.
626 3772 642 3789 2.
653 3773 676 3797 p.
690 3774 726 3791 121
752 3766 854 3799 Lagena
869 3762 953 3790 facilis
966 3761 1137 3788 hauritu.100
1145 3769 1240 3794 genera
1258 3762 1402 3787 etiamnum
1421 3770 1436 3787 a
1451 3758 1640 3793 Theophrasto
1660 3759 1728 3799 mira
1749 3758 1897 3794 produntur
1912 3761 1981 3786 circa
1994 3758 2134 3789 Babylonis
2147 3757 2185 3783 ri-

87 3805 109 3825 Η
119 3806 195 3826 AVR
204 3806 215 3825 1
224 3805 246 3825 T
256 3805 275 3825 o
285 3805 304 3825 R
319 3818 327 3830 ‚
352 3797 417 3824 oris.
451 3805 486 3823 nt.
522 3796 575 3822 Per.
596 3796 714 3829 Chrysol.
731 3800 811 3827 Serm.
832 3802 863 3829 86
891 3795 1083 3828 Hierosolymi-

49 3841 122 3862 tanus
135 3835 196 3861 sons
206 3833 322 3861 abundat
333 3842 393 3860 cum
406 3831 521 3867 impellit
534 3831 646 3865 Angelus
655 3852 663 3864 ‚
675 3841 729 3859 non
746 3843 805 3861 cum
819 3835 871 3861 sitit
885 3834 1013 3860 hauritor.

87 3876 403 3901 ιιΑνιιιΤοκινΜ,
422 3870 440 3894 i.
460 3877 485 3893 n.
527 3868 587 3897 Vas,
599 3876 644 3902 quo
662 3868 785 3896 hauritur.

16 3926 17 3933 ι
48 3905 162 3936 sotium,
184 3905 352 3941 α’ντλητῆριον,
368 3903 494 3937 ἄντλημα.

821 3869 901 3897 Gloff.
914 3871 973 3896 Vet.
988 3866 1086 3895 Hauri-

1147 3804 1210 3828 gua,
1235 3795 1421 3822 decedentibus
1444 3795 1550 3826 ῆιιιιίἰε,
1574 3794 1601 3819 in
1619 3802 1738 3820 cauernis
1756 3804 1836 3829 aquas
1860 3794 2016 3821 habentibus
2041 3801 2184 3825 remanere.

1148 3831 1203 3856 Cic.
1224 3840 1272 3864 pro
1286 3831 1370 3858 Plane.
1385 3835 1417 3857 66
1435 3841 1455 3857 c.
1475 3838 1508 3864 27
1542 3829 1610 3855 Sensi
1632 3830 1692 3865 Pop.
1712 3831 1789 3857 Rom.
1808 3840 1883 3858 aures
1904 3829 2066 3859 hebetiores,
2091 3828 2184 3854 oculos

1146 3874 1217 3891 acres
1229 3872 1308 3900 atque
1320 3874 1408 3893 acutos
1424 3865 1527 3892 babere.
1597 3864 1704 3892 Lucret.
1721 3874 1749 3899 4,
1764 3874 1790 3899 51
1814 3867 1843 3892 Id
1858 3867 1917 3892 licet
1929 3864 1989 3889 hinc
2004 3864 2125 3901 quamuis
2138 3862 2185 3888 he-

1146 3901 1203 3927 beti
1217 3903 1369 3935 cognoscere
1376 3901 1480 3933 Corde,
1497 3904 1515 3926 i.
1536 3910 1584 3927 non
1595 3903 1670 3927 nimis
1682 3905 1755 3927 acuti
1768 3911 1857 3937 quoque
1869 3901 1960 3934 discere
1969 3900 2076 3932 pastum.
2112 3898 2183 3924 Caro

87 3946 108 3966 Η
120 3947 140 3967 Λ
150 3947 170 3967 V
179 3948 190 3968 5
203 3947 224 3968 Τ
237 3947 255 3968 0
264 3948 283 3967 R
292 3961 300 3973 ι
320 3941 385 3968 Oris·
411 3949 448 3966 1¹¹-
484 3939 613 3966 Firmicus
627 3942 649 3969 8,
661 3945 695 3969 29
719 3937 746 3964 Si.
763 3944 849 3966 autem
860 3940 984 3968 Saturnus
1004 3939 1030 3966 ei
1046 3944 1130 3972 te-105
1145 3936 1225 3965 hebes
1238 3942 1263 3964 et
1277 3944 1383 3964 cruenta
1398 3937 1466 3963 Cels.
1481 3943 1508 3971 7,
1522 3938 1540 3963 6
1557 3935 1674 3973 quaesit,
1686 3936 1797 3964 uiderint
1809 3936 1903 3963 medici.
1928 3937 1971 3960 Au
1982 3933 2064 3968 sensus
2077 3935 2184 3968 expers?

1340 3980 1353 4007 5
1374 3972 1389 3999 S
1424 3980 1443 4000 z
2123 3968 2180 3994 Cic.
