2479 4225
42 157 108 246 a}
414 192 700 233 GLo
1492 193 1786 236 GLo
2092 211 2154 252 3.g

42 281 126 310 bibus.
169 293 174 297 -
212 280 338 307 Globatae
350 280 530 314 vehementius
543 286 683 315 properant
701 281 782 308 Solin.
798 289 819 307 c.
835 288 866 306 11.
956 278 1069 306 Globari
1129 285 1244 306 Tvkvs.
1337 280 1462 307 Militaris
1486 282 1576 309 Tacit]
1598 283 1685 316 Agric.
1707 290 1728 315 ς.
1836 286 1958 322 Νειυιιῐίς,
1976 290 2028 317 vid,
2049 298 2167 318 Nffiqg„

17 343 27 350 ..
41 315 267 351 iti,rot11nditateni
288 316 354 348 Plin.
370 322 405 348 18,
419 324 452 347 13.
518 316 610 342 Nubes
625 317 764 351 globantur
789 316 863 343 Idem
879 318 903 345 ¹8
918 313 964 340 vlt.
1129 316 1261 348 Operosa,
1277 315 1373 350 Magna
1396 324 1417 342 θ’
1440 315 1551 350 fflfficm’·
1581 312 1661 345 ould-
1677 317 1754 353 Epist·
1769 327 1790 351 ²³
1803 321 1842 350 ⁶3·
1956 327 2050 360 Opima
2071 327 2155 354 Valer.

48 359 51 361 ’
77 350 294 378 ΘΕΟΒᾸΤΙΜ.
315 351 381 377 Adu.
419 351 549 377 Ammian.
567 360 610 386 27,
625 361 650 385 9.
1130 351 1199 376 Max.
1215 360 1242 384 4,
1258 361 1285 384 4.
1321 354 1358 377 Dc
1371 351 1414 377 Cn.
1432 353 1495 387 Scip.
1611 354 1727 380 Romana
1756 353 1883 388 Qiinffll.
1898 365 1924 389 1,
1941 367 1975 384 ιπ,
2081 364 2156 392 chcs

76 391 295 418 GLOBATIO,
316 387 383 413 (mis,
401 387 422 413 f,
466 387 594 413 pil-micus
632 407 638 413 ,
676 407 683 414 ,
722 394 733 412 .·
750 402 754 408 .
1129 386 1228 419 gloriae
1247 387 1303 412 Cic.
1319 395 1367 420 pro
1380 387 1474 413 Milon.
1488 389 1525 419 36.
1639 389 1728 416 Solida
1740 398 1853 424 veraque
1873 392 1928 417 Cic.
1941 394 2010 420 Brut.
2023 405 2041 426 ς,
2107 390 2155 424 Sti-

77 420 308 453 GLOliliTOR‚
328 423 391 448 oris.
413 431 448 448 in.
484 421 606 449 Sidonius
642 442 649 448 .
687 441 693 449 .
729 441 736 447 .
959 453 964 458 ι
1093 427 1107 453 ς
1130 422 1214 447 mulus
1237 421 1336 455 gloriae
1367 422 1421 448 Cic.
1436 431 1484 456 pro
1499 422 1575 449 Arch.
1589 432 1627 456 29.
1742 425 1853 452 Ventosa
1877 427 1950 460 Virg.
1964 429 2027 455 Acn.
2043 439 2076 460 ιι,
2097 440 2154 465 703.

76 463 147 485 GLo
157 461 174 482 c
186 457 249 482 i'no
259 477 267 490 ,
288 459 327 483 vel
346 459 380 484 al.
404 464 423 484 G
434 463 478 484 Lo
488 465 503 485 c
515 465 522 483 1
533 465 553 485 T
563 466 599 490 o,
617 461 679 489 arc„
702 453 840 489 Proprium
855 452 891 479 est
904 453 1068 487 gallinarum,
1131 458 1197 482 Vera
1208 477 1215 489 ,
1235 457 1321 490 grauis
1331 477 1338 489 ,
1359 463 1383 483 et
1398 457 1480 483 solida
1499 459 1553 483 Cic.
1571 459 1681 494 Philipp.
1695 467 1717 493 ς,
1730 468 1768 493 50.
1884 462 1977 488 Gloria
1999 465 2058 491 vina
2078 469 2156 500 patris

42 500 119 527 quum
131 491 188 517 ouis
202 491 367 520 incubiturae
381 494 438 520 sunt
457 493 544 520 Festus
559 504 565 519 :
583 491 689 529 quodfit
700 489 968 525 crebrisstngultibus‚
992 493 1067 517 inter-
1131 492 1213 518 Rutil.
1226 492 1285 518 ltin.
1302 501 1320 523 1,
1336 495 1385 522 168-
1491 493 1588 519 Vmbra
1603 495 1703 528 gloriae
1730 496 1785 522 Cic.
1799 495 1826 522 in
1839 496 1923 523 Pison.
1936 505 1976 531 57.
2085 502 2157 528 vitm

39 525 101 555 detta
114 536 169 553 voce
182 534 261 554 acuta.
641 526 643 529 ’
734 547 736 550 ⁴
1131 527 1216 561 gloria
1247 527 1318 554 Idem
1339 528 1409 553 Fam·
1427 535 1461 558 13,
1481 535 1512 559 ¹5.
1687 528 1707 566 ff
1727 540 1742 558 2
1785 532 2046 568 Verborumjormulae
2060 545 2066 559 .·
2102 537 2156 562 Cic,

77 568 120 589 GL
131 568 150 588 0
160 568 193 589 CI
204 568 224 588 Ο
235 584 242 595 ,
261 564 316 596 iiii,
335 567 417 595 itum,
433 566 482 590 ite.
520 563 585 590 Idem
597 562 661 599 quod
673 559 810 587 Glociclare.
847 558 1007 591 Columel.8‚
1017 568 1038 592 5,
1051 569 1068 593 4
1130 562 1161 588 de
1174 564 1247 589 Orat.
1263 572 1287 595 2,
1302 571 1346 589 210
1364 562 1456 588 Gloria
1470 568 1541 596 parta
1555 572 1606 589 non
1620 564 1759 598 delectari,
1776 566 1818 592 sed
1831 573 1911 594 totam
1924 565 2060 600 Abiiccrc,
2080 576 2158 604 atque

40 596 186 624 Obseruare
200 597 278 625 debet
289 599 389 630 custos,
408 599 469 625 dum
483 598 560 626 edent
573 607 633 630 oua,
650 602 678 623 vt
690 604 729 628 ea,
743 604 810 629 quae
824 600 882 621 nata
896 595 969 627 sunt,
987 597 1068 621 rccol-
1085 607 1113 624 10
1131 598 1269 632 deponere.
1375 598 1430 624 Cic.
1445 598 1513 623 Fam.
1532 607 1552 630 3,
1566 606 1582 632 7
1603 600 1636 625 Vt
1649 600 1716 626 mihi
1731 601 1800 627 nihil
1814 611 1897 637 neque
1908 603 1940 629 ad
1954 603 2080 636 honorem
2090 624 2096 635 ‚
2115 615 2157 632 ne-

38 631 154 666 ligantur
167 643 173 659 ε
208 640 383 669 notenturque
403 643 457 669 quo
478 643 596 669 quaeque
609 632 652 659 die
664 631 712 658 fint
725 632 796 657 edita
811 641 816 656 :
846 635 877 663 ,et
892 639 970 665 quam
983 639 1069 657 recen·
1131 642 1182 667 que
1196 633 1226 659 ad
1241 632 1352 667 gloriam
1366 633 1561 667 Acquircndum
1574 640 1699 668 putarem.
1788 638 1916 664 Adauiare
1942 639 1995 665 Cic.
2010 640 2079 666 Fani.
2095 649 2119 671 2,
2133 652 2158 674 4.

37 667 129 695 tiffima
142 669 318 703 supponantur
330 669 511 704 glocientibus.
881 700 886 705 .
942 701 947 705 ι
1130 669 1309 696 Immortalem
1322 668 1432 702 gloriam
1445 678 1498 695 non
1510 669 1649 700 Adiinunt,
1670 670 1686 696 li
1702 671 1781 697 vitam
1796 673 1913 706 eripiunt
1937 674 2103 702 Pseudo-Cic.
2118 685 2160 702 au-

74 709 95 730 G
106 710 120 729 1.
132 709 151 730 o
161 710 177 730 c
189 711 238 732 rro
248 712 311 737 Ro,
329 710 380 731 are.
416 704 554 732 moetorat
571 703 700 729 immenso
720 701 752 728 de
771 707 844 728 turre
864 708 966 727 ciconia
985 701 1071 728 rostro
1131 710 1184 739 th.
1200 706 1250 730 iret
1264 705 1290 730 in
1303 703 1365 730 exii.
1380 712 1420 729 22.
1492 703 1607 738 Adipisci
1619 706 1729 739 gloriam
1749 708 1804 734 Cic.
1818 717 1866 742 pro
1879 710 1986 735 Mari-cl.
2001 718 2043 745 27.
2113 713 2159 737 Af-

38 738 142 777 341¹&oe
149 736 318 766 Philomelae
331 750 356 767 v,
371 749 412 772 29.
1131 739 1207 765 ficere
1220 739 1321 772 gloria,
1357 738 1523 773 Amplisicarc
1542 741 1653 773 gloriam
1663 761 1669 771 ‚
1690 742 1741 768 vid.
1759 743 1800 768 hh.
1815 753 1857 769 υυ.
1951 745 2093 772 Ascendere
2105 755 2159 781 gra-

74 780 96 800 G
106 779 121 799 L
131 779 207 801 OME
219 782 235 801 R
246 796 254 808 ‚
287 776 347 802 eris.
384 782 430 802 GL
440 781 558 805 0Mvs‚
587 773 605 799 i.
635 782 670 799 m.
706 779 730 799 et
748 778 794 799 GL
805 778 857 798 OM
865 776 907 797 VS
920 790 928 802 ,
955 770 1015 796 {ris—
1044 780 1069 797 n.
1087 778 1112 803 ¹3
1131 775 1207 801 dibus
1222 774 1322 808 gloriae
1336 773 1460 800 videntur
1474 774 1593 802 homines
1607 776 1634 801 in
1650 777 1748 803 caelum
1784 778 1840 805 Cic.
1858 787 1907 812 pro
1927 780 2021 807 Milon.
2040 787 2072 813 98
2085 791 2106 808 c.
2122 790 2157 815 35.

39 807 163 842 [ἐγα3ι“ς,
179 810 301 846 ςρόμβος]
336 809 376 844 Lsst
389 810 477 837 Globus
488 809 568 845 cxfilo
575 807 675 843 fastus.
712 808 837 838 Glomer,
858 805 966 846 Glomus
979 806 1070 838 οέγαθίς
1130 810 1242 836 Auferre
1254 809 1382 844 gloriam,
1402 810 1453 836 vid.
1468 811 1492 836 h.
1507 820 1532 836 υ.
1602 813 1705 845 Angere
1716 813 1827 847 gloriam
1848 814 1904 840 Cic.
1917 814 1986 841 Fani.
2002 824 2035 842 12.
2101 818 2159 844 Ale-

38 844 98 872 Vet.
111 845 189 872 Gloss.
224 847 298 882 Coris.
311 847 429 873 Priscian.
443 845 460 872 l.
474 853 492 871 1.
558 845 624 870 Plin.
638 846 709 876 36,ι3
730 845 792 876 Qio
806 841 825 868 si
840 850 898 876 quis
911 843 1070 876 improperet
1131 855 1159 872 re
1172 845 1284 880 gloriam
1305 845 1377 871 Idem
1392 846 1419 871 in
1432 846 1502 871 Brut.
1516 855 1552 878 32.
1635 847 1733 874 Cadere
1748 848 1859 881 gloriam
1880 850 1935 876 Cic.
1950 860 1997 884 pro
2012 852 2106 879 Milon.
2121 850 2160 884 98.

21 878 89 907 ..fine
105 879 222 913 glomere
234 882 294 914 lini,
314 882 412 908 exitum
427 880 548 907 inuenire
561 886 682 914 nequeat.
703 879 731 905 dc
743 877 904 914 labyrinthis.
934 879 939 884 ‘
960 878 1069 904 Glomus
1129 881 1229 915 Capere
1241 881 1381 907 maximam
1394 881 1505 913 gloriam
1519 881 1554 907 ob
1568 882 1710 909 amicitiam
1725 884 1824 911 summa
1837 884 1888 911 fide
1901 886 2027 912 seruatam
2048 887 2160 914 ldemde

38 914 155 941 staminis
168 916 222 942 albi
243 917 362 943 Scribon.
374 917 471 950 Largus
485 915 579 950 Comp.
595 924 650 949 142.
729 915 796 940 Hor.
810 912 887 946 Epist.
905 921 924 944 1,
940 921 973 944 13,
987 921 1011 945 13
1034 915 1068 939 Vt
1129 917 1236 942 Amicit.
1251 923 1287 948 25.
1329 950 1335 955 ⁴
1381 917 1571 942 Circumlluens
1585 917 1685 951 gloria,
1704 919 1789 954 wichs}
1803 921 1822 946 l.
1891 921 2084 949 Commendare
2096 925 2159 949 scm.

33 950 127 977 vinosa
142 952 243 985 glomos
255 953 370 979 sui-tinae
381 951 487 984 Pyrrhia
496 951 589 977 Lanae.
656 950 759 977 Lucret.
772 957 790 982 1,
802 951 845 980 361
861 951 969 982 primam
979 949 1067 983 produ.
1078 957 1112 975 20
1129 953 1246 986 piternae
1267 951 1368 985 gloriae
1396 952 1510 986 aliquem
1539 953 1594 978 Cic.
1610 954 1679 978 Fam.
1695 962 1721 985 5,
1738 963 1771 979 12.
1875 957 2033 991 Comparare
2047 958 2159 992 gloriam

35 988 76 1013 xie
90 996 97 1012 .·
135 986 204 1014 Nam
219 987 236 1014 fi
259 987 409 1014 tantundem
423 984 458 1012 est
475 986 503 1012 in
521 987 606 1013 Lanae
629 986 761 1020 glomere,
779 989 907 1018 quantum
943 984 1068 1018 Corporis
1127 987 1200 1014 Idem
1214 986 1265 1013 Off.
1279 995 1304 1018 2,
1317 994 1358 1019 45.
1464 988 1554 1013 Tacit.
1575 987 1641 1013 Hist.
1663 996 1690 1020 3,
1709 992 1745 1020 64
1780 989 1822 1015 Ne
1834 991 1951 1018 Antonio
1963 1012 1970 1024 ‚
1991 994 2113 1028 Varoque
2127 995 2158 1020 de

35 1021 65 1048 in
77 1021 186 1056 plumbo
199 1023 243 1049 est.
309 1024 379 1049 Plur.
393 1023 484 1048 Neutr.
506 1021 639 1048 Glomera.
675 1020 747 1047 Non.
761 1026 783 1052 5,
798 1024 826 1051 38
846 1018 947 1045 Globus
963 1018 995 1052 est
1010 1020 1068 1046 soli·
1127 1023 1212 1057 gloria
1228 1022 1400 1048 Concederet.
1471 1023 1604 1056 Consequi
1617 1023 1729 1056 gloriam
1749 1024 1804 1050 Cic.
1818 1026 1888 1050 Fam.
1898 1035 1917 1057 ι,
1931 1035 1942 1058 5
1956 1035 2018 1054 extr.
2091 1030 2159 1055 (on-

35 1056 102 1083 ditas
115 1057 336 1092 vndiqueuersuin
349 1056 476 1087 rotunda,
496 1064 524 1084 vt
539 1057 574 1083 est
587 1056 698 1091 Sphaera
711 1061 736 1081 et
749 1054 889 1081 staminum
908 1055 1031 1088 glomera.
1128 1058 1201 1092 sequi
1215 1063 1346 1083 aeternam
1360 1057 1472 1091 gloriam
1491 1058 1562 1084 Idem
1578 1057 1643 1084 ibid.
1659 1067 1696 1089 10,
1711 1067 1748 1091 14.
1829 1061 1960 1094 consequi
1974 1063 2105 1096 propriam
2120 1065 2159 1090 in-

72 1098 92 1119 G
102 1100 118 1119 L
128 1099 181 1121 OM
190 1091 234 1120 xiL
244 1100 296 1126 vs,
304 1094 322 1120 i.
339 1102 374 1119 m.
395 1093 496 1119 Dimin.
532 1092 679 1127 ApuLMet.
694 1093 719 1117 6.
758 1091 816 1117 Non
826 1087 928 1124 reeiast
941 1091 1070 1126 rzoizjaHit
1127 1093 1200 1127 genii
1212 1093 1325 1126 gloriam
1343 1093 1398 1120 Cic.
1412 1094 1482 1119 Fam.
1497 1102 1521 1126 5,
1537 1101 1570 1119 12.
1676 1094 1818 1120 Cumulare
1835 1096 1947 1128 gloriam
1968 1098 2087 1124 bellicam
2106 1099 2159 1126 elo-

32 1127 91 1154 Ind.
109 1128 210 1155 Floridi.
316 1129 319 1132 ⁴
1080 1128 1110 1155 ²5
1127 1129 1249 1163 quentia,
1270 1127 1321 1153 uid.
1337 1135 1483 1155 CVMVLO.
1590 1128 1696 1155 Constat
1722 1130 1822 1156 summa
1845 1137 1870 1156 et
1893 1132 2007 1165 perscela
2029 1133 2112 1166 gloria
2127 1143 2159 1161 cx

70 1168 116 1189 GL
128 1161 277 1196 OMFIRO,
296 1167 348 1190 are.
385 1161 533 1198 [ς’ρομβόω]
569 1162 719 1196 Implicare,
741 1163 806 1186 etin
824 1161 968 1196 Glomumsss
982 1163 1069 1197 glome-
1127 1164 1212 1190 tribus
1236 1163 1292 1195 his,
1312 1163 1328 1188 si
1352 1162 1440 1197 diligit
1458 1163 1616 1194 multitudo,
1637 1164 1653 1189 si
1672 1164 1750 1190 tidem
1766 1164 1859 1198 habet,
1880 1166 1896 1192 li
1911 1176 1969 1193 cum
1984 1168 2160 1195 admiratione

32 1205 98 1230 rem,
110 1198 184 1232 filum
196 1198 316 1225 inducere.
370 1199 466 1225 Lanam
491 1197 652 1232 glomerabat
667 1197 695 1222 in
709 1196 787 1222 orbes
807 1196 889 1223 Ouid.
904 1198 964 1222 Met.
977 1203 1008 1229 o,
1031 1206 1067 1229 19.
1130 1199 1240 1233 quadam
1255 1198 1356 1225 honore
1370 1200 1461 1232 dignos
1474 1205 1545 1233 putat
1565 1199 1620 1225 Cic.
1636 1199 1686 1225 Off.
1703 1209 1724 1232 2,
1741 1209 1773 1231 3ι,
1843 1201 1901 1228 Liu.
1916 1210 1957 1237 37,
1970 1209 1997 1236 58
2011 1210 2074 1230 extr.
2099 1205 2160 1230 Glo-

30 1232 81 1258 Per
101 1235 302 1268 translationem,
320 1235 473 1270 Congregare
495 1239 518 1258 et
541 1233 692 1259 accumulare
712 1241 756 1264 ea,
775 1241 836 1267 quae
849 1231 1010 1267 iunHaJiaam
1017 1232 1069 1266 sibi
1127 1235 1247 1269 riamque
1259 1234 1315 1260 eius
1330 1234 1460 1260 victoriae
1474 1235 1634 1260 Detloratam
1646 1235 1677 1261 ad
1690 1235 1881 1270 Thermopilas
1893 1238 1949 1263 ess'e.
2026 1239 2160 1266 Desiderat

22 1272 147 1297 ,mmmm
160 1275 184 1294 et
191 1268 303 1304 formam
315 1267 535 1304 retinnit-singula.
578 1269 666 1293 Varro
678 1267 710 1293 de
723 1267 755 1293 R·
771 1268 801 1293 R·
815 1276 839 1300 3,
852 1275 865 1300 5
886 1266 991 1294 Clbfltssl
1004 1267 1067 1293 offas
1127 1271 1211 1296 virtus
1224 1270 1370 1296 mercedem
1385 1270 1467 1296 laudis
1480 1270 1632 1304 gloriaeque
1662 1270 1717 1296 Cic.
1732 1271 1843 1306 Philipp.
1859 1280 1881 1305 5,
1894 1280 1928 1305 35.
2020 1274 2160 1309 Diuulgata

32 1301 141 1338 positas,
160 1311 205 1329 eae
219 1305 334 1331 maxime
348 1304 526 1338 glomerantur
540 1312 571 1329 ex
585 1302 640 1329 ficis
654 1309 679 1329 et
692 1303 762 1329 farre
773 1302 862 1329 miste.
929 1303 994 1330 Cels.
1003 1311 1068 1337 7,22
1080 1308 1110 1331 30
1128 1306 1230 1332 anrct.
1244 1307 1270 1336 6,
1285 1310 1306 1334 8.
1339 1325 1342 1329 .
1414 1305 1483 1331 Dare
1495 1305 1606 1338 gloriam
1622 1306 1812 1339 immortalem,
1832 1314 1858 1333 et
1876 1309 2056 1342 sempiternam
2079 1312 2159 1344 turpi—

0 1359 1 1363 ,
26 1340 70 1395 νἓν.
89 1337 206 1364 Maxime
221 1339 268 1366 vbi
280 1340 350 1366 inter
361 1340 387 1365 se
400 1347 481 1365 venae
495 1338 644 1373 implicatae
659 1339 849 1373 glomerantur.
1126 1342 1245 1367 tudinem
1259 1341 1379 1373 infligere
1399 1341 1454 1366 Cic.
1470 1340 1498 1366 in
1515 1341 1599 1366 Pison.
1614 1343 1653 1372 63.
1740 1342 1852 1369 Ducitur
1870 1344 1983 1369 maxime
1996 1345 2080 1378 gloria
2092 1346 2160 1379 opti-

0 1387 1 1390 ,
32 1391 34 1394 ,
49 1377 87 1406 ’,Ε
96 1377 112 1398 L
124 1379 176 1399 OM
188 1379 205 1399 Ε
218 1379 237 1399 Κ
248 1381 300 1400 AN
309 1382 321 1401 s
340 1383 421 1400 annus
441 1374 496 1400 Cic.
511 1373 542 1400 de
556 1374 661 1401 Consul.
674 1373 788 1400 laudatus
800 1373 833 1400 de
847 1372 938 1399 Diuin.
948 1382 968 1404 1,
977 1382 1004 1406 19
1013 1383 1032 1399 c.
1042 1382 1068 1400 12
1127 1386 1184 1402 mus
1196 1377 1306 1411 quisque
1326 1375 1397 1401 Idem
1411 1384 1460 1410 pro
1474 1375 1550 1402 Arch.
1564 1379 1594 1401 26
1606 1385 1627 1401 c.
1642 1384 1672 1403 11.
1745 1377 1846 1404 Ducere
1859 1379 1888 1404 in
1899 1379 1984 1412 gloria
2010 1380 2076 1406 Plin.
2090 1389 2126 1413 31,
2136 1384 2159 1407 6.
2189 1382 2192 1383 ⁷

0 1411 1 1414 ’
32 1394 177 1471 &illumin
197 1410 335 1441 reuolutus,
354 1411 514 1441 neutraliter,
534 1408 655 1436 intellei‘io
675 1411 709 1435 se.
750 1411 840 1435 Totum
855 1410 931 1435 lo‘ciem
945 1409 1030 1435 damus
1042 1413 1068 1434 in
1128 1413 1268 1446 Duplicare
1290 1411 1402 1445 gloriam
1433 1412 1487 1437 Cic.
1510 1419 1558 1445 pro
1576 1411 1664 1437 Domo
1681 1411 1724 1437 sua
1742 1420 1782 1444 95.
1887 1414 1985 1441 Effcrre
1998 1416 2023 1441 se
2036 1416 2120 1449 gloria
2134 1422 2159 1443 et

0 1468 3 1469 γ
38 1472 41 1475 .
75 1447 234 1471 ΤΕΚΜΙΝΟ·
318 1445 391 1479 Virg.
408 1446 472 1471 Aen.
486 1447 511 1475 6,
524 1453 563 1475 311
593 1446 680 1478 Qiam
693 1445 791 1471 multae
805 1445 986 1479 glomerantur
1000 1453 1068 1470 aues.
1130 1447 1324 1481 praedicatione
1344 1446 1417 1472 Idem
1433 1447 1462 1472 in
1476 1445 1565 1473 Parad.
1582 1454 1600 1472 1.
1671 1447 1724 1472 Esse
1737 1447 1837 1481 gloria,
1852 1455 1902 1483 pro
1916 1451 2001 1477 Gloria
2021 1452 2158 1483 circumflu-

30 1470 142 1540 sstiina
155 1479 227 1505 cerui
242 1480 389 1514 glomerant
404 1479 466 1514 fuga
484 1481 558 1514 Virg.
574 1481 639 1506 Aen.
654 1490 680 1514 4,
695 1487 743 1511 155.
830 1480 930 1514 Fasque
943 1480 1067 1514 nefasque
1083 1488 1110 1514 35
1128 1492 1166 1508 ere
1186 1483 1243 1509 Cic.
1256 1482 1309 1508 Att.
1323 1490 1346 1514 2,
1361 1490 1396 1509 21.
1466 1482 1519 1507 Effe
1531 1482 1632 1515 gloriae
1649 1481 1722 1508 Idem
1737 1483 1838 1515 Fam.5,
1854 1493 1886 1510 12.
1956 1486 2064 1512 Excellit
2078 1482 2160 1513 maxi-

28 1522 31 1530 ’-
77 1513 102 1540 ul
117 1514 263 1548 glomerans
288 1515 411 1542 Prudent.
426 1514 603 1548 Cath.3‚134.
694 1515 748 1541 Cic.
762 1515 842 1541 Tusc.
857 1523 882 1547 2,
897 1522 926 1547 25
940 1524 960 1540 c.
974 1524 1002 1540 10
1023 1517 1067 1541 At·
1126 1527 1168 1544 me
1191 1517 1277 1551 gloria
1300 1517 1338 1549 is,
1364 1517 1411 1551 qui
1434 1517 1533 1543 virtute
1556 1517 1699 1551 plurimum
1721 1518 1831 1551 praestat
1858 1519 1913 1545 Cic.
1939 1529 1988 1554 pro
2010 1522 2094 1547 Plane.
2121 1524 2159 1548 16.

0 1563 1 1567 =
32 1557 82 1583 que
99 1548 161 1576 haec
185 1550 284 1576 vetusta
297 1550 386 1576 saeclis
405 1550 547 1582 glomerata
561 1549 677 1576 horridis
687 1570 695 1581 ,
731 1549 859 1576 Lufflfica
872 1550 964 1576 Clades
977 1550 1067 1577 nostro
1126 1554 1258 1579 Exornare
1270 1551 1465 1587 Philosophiam
1480 1552 1543 1578 falsa
1555 1553 1640 1586 gloria
1665 1553 1737 1579 Idem
1751 1554 1833 1580 Tusc.
1846 1563 1868 1586 2,
1884 1563 1917 1580 12.
2010 1557 2159 1590 Expetenda

0 1607 2 1617 ,
28 1582 109 1611 infixa
121 1585 157 1611 est
168 1585 286 1619 corpori.
321 1595 349 1611 ex
361 1585 489 1619 Aeschylo.
583 1585 643 1611 Stat.
659 1585 743 1611 Achil.
759 1594 778 1614 ι,
791 1593 820 1617 59
852 1585 896 1611 Illi
909 1586 1067 1619 spumiferos
1125 1589 1211 1622 gloria
1230 1588 1311 1621 magis
1332 1588 1381 1617 est,
1402 1587 1419 1613 li
1439 1588 1548 1621 pecunia
1563 1594 1697 1622 tantopere
1711 1591 1844 1622 expetitur
1864 1590 1919 1615 Cic.
1933 1589 1965 1616 de
1977 1591 2050 1617 Orat.
2065 1600 2090 1622 2,
2106 1600 2157 1625 172.

0 1634 2 1644 t
26 1618 172 1654 glomerant
185 1629 200 1646 a
212 1620 320 1654 pe&ore
334 1620 455 1651 Fluctus,
476 1621 610 1652 Tritones,
629 1620 685 1646 dum
698 1627 788 1651 natant
800 1626 823 1645 et
836 1627 892 1645 ante
900 1621 930 1655 fi·
949 1627 1027 1656 agunt
1039 1631 1068 1647 ac
1125 1625 1204 1649 Ferre
1215 1624 1329 1657 gloriam
1350 1623 1520 1657 Scribonssp.
1530 1623 1566 1648 in.
1589 1642 1595 1649 .
1616 1643 1622 1649 .
1645 1642 1651 1649 .
1685 1625 1702 1648 i.
1716 1623 1829 1658 referre,
1845 1625 1964 1658 consequi.
2055 1626 2159 1652 Floruit

0 1656 3 1663 ‘
28 1655 163 1681 moliuntur
174 1655 265 1681 undas.
359 1655 461 1681 Gressiis
474 1655 621 1689 glomerare
634 1655 759 1690 superbos
780 1655 853 1689 Virg.
869 1655 966 1690 Georg.
979 1665 1002 1688 3,
1017 1664 1108 1690 117.40
1126 1659 1236 1685 Graecia
1251 1659 1335 1690 fama,
1355 1659 1455 1691 gloria,
1476 1658 1611 1689 doftrina,
1631 1657 1751 1690 plurimis
1770 1658 1885 1689 artibus,
1903 1660 2018 1692 imperio
2037 1665 2063 1689 et
2082 1660 2159 1686 laude

27 1689 56 1714 de
70 1698 136 1724 equo.
228 1691 298 1716 Hinc
311 1695 389 1726 atque
402 1689 463 1716 hinc
477 1690 656 1724 glomerantur
673 1691 746 1724 Virg.
763 1690 827 1716 Aen.
842 1699 862 1722 1,
876 1698 935 1723 504.
989 1691 1064 1717 Idem
1126 1693 1221 1720 bellica
1241 1694 1294 1720 Cic.
1309 1702 1357 1726 pro
1374 1693 1455 1718 Flacc.
1469 1698 1505 1721 28.
1609 1692 1697 1730 Tacit:
1713 1695 1780 1718 Aim.
1795 1701 1829 1724 13,
1843 1697 1855 1721 8
1880 1692 1905 1717 Si
1918 1700 1961 1718 aut
1974 1694 2084 1726 gloriam
2098 1704 2159 1722 cuni

0 1748 2 1751 .
27 1724 125 1757 Georg.
140 1733 166 1757 4,
180 1732 214 1758 79
250 1739 294 1744 —
329 1726 452 1759 Magnum
473 1726 547 1751 miste
568 1727 749 1760 glomerantur
770 1726 798 1751 in
811 1725 914 1751 orbem.
1007 1727 1062 1752 Iam
1125 1728 1224 1759 modo,
1243 1734 1287 1753 aut
1309 1727 1428 1760 praedam
1448 1735 1507 1752 cum
1528 1734 1589 1751 cura
1607 1726 1750 1752 Habuisset.
1843 1727 1949 1753 Habere
1963 1729 2089 1756 maiorem
2104 1731 2158 1764 glo-

27 1758 155 1791 Legiones
168 1760 196 1785 in
219 1759 374 1786 testudinem
396 1761 608 1794 glomerabantur
626 1762 694 1787 Tac.
707 1763 741 1787 H.
757 1769 778 1792 3,
793 1769 828 1791 31,
843 1769 861 1786 1.
954 1760 1063 1785 Manum
1123 1763 1191 1787 riam
1204 1761 1309 1786 dicendi
1329 1762 1384 1786 Cic.
1399 1760 1430 1785 de
1444 1761 1514 1785 Clar.
1528 1761 1602 1786 Orat.
1616 1768 1671 1798 239.
1742 1761 1828 1787 Habet
1846 1762 1959 1788 formam
1982 1764 2120 1792 honestatis
2133 1772 2160 1793 et

26 1793 174 1826 glomerare
188 1794 258 1819 bello
279 1795 352 1828 Virg.
366 1796 431 1821 Aen.
446 1804 471 1826 2,
483 1803 532 1826 313.
567 1795 656 1825 Bello,
675 1795 714 1820 Ad
728 1795 835 1820 bellum.
855 1794 969 1819 Seruius.
1014 1794 1063 1819 Ni·
1124 1795 1324 1820 similitudinem
1343 1795 1428 1827 gloria
1455 1795 1525 1819 Ideni
1544 1794 1575 1819 de
1594 1795 1650 1820 Fin.
1665 1802 1687 1827 5,
1702 1798 1741 1827 69.
1846 1797 1982 1825 Habitabit
1995 1801 2117 1827 omnibus
2129 1802 2157 1827 in

26 1835 72 1853 ves
85 1827 240 1861 glomeratas
254 1829 308 1861 agit
323 1831 407 1855 Corus
425 1829 469 1854 Sil.
484 1837 506 1860 3.
600 1829 694 1854 Nubes
707 1829 886 1861 glomerantur
911 1827 985 1860 Virg.
998 1828 1063 1853 Aen.
1075 1831 1108 1857 43
1122 1830 1199 1855 terris
1213 1829 1328 1854 nominis
1343 1830 1395 1854 mei
1409 1829 1496 1862 gloria
1528 1829 1600 1855 Idem
1613 1838 1661 1864 pro
1677 1830 1770 1857 Milon.
1782 1836 1814 1863 98
1829 1841 1849 1858 c.
1862 1840 1897 1864 35.
1980 1836 2158 1863 Incenduntur

26 1870 53 1895 9,
67 1864 122 1894 689.
229 1863 321 1888 Nubes
351 1863 529 1896 tempestatem
560 1863 708 1895 glomerant
747 1862 820 1888 Idem
845 1862 943 1895 Georg.
969 1871 988 1894 1,
1008 1870 1061 1894 323.
1123 1872 1213 1890 omnes
1227 1864 1312 1898 gloria
1324 1864 1355 1890 ad
1371 1864 1468 1893 studia,
1486 1864 1538 1890 vid.
1556 1872 1708 1891 INCENDO.
1815 1868 1961 1901 Infringere
1974 1870 2084 1903 gloriam
2099 1873 2156 1898 Cic.

14 1896 90 1924 siin.
107 1905 144 1928 12,
159 1903 188 1930 17
204 1896 336 1923 Ladanum
351 1897 492 1931 glomerari
505 1897 630 1930 Puluere,
646 1897 727 1932 coqui
742 1897 795 1923 sole
813 1896 926 1922 tradunt.
1021 1897 1062 1922 Sa·
1121 1908 1170 1934 pro
1183 1900 1278 1925 Milon.
1293 1907 1314 1931 5.
1420 1899 1535 1926 lnfistere
1547 1900 1575 1925 in
1589 1900 1673 1933 gloria
1683 1919 1690 1930 ,
1711 1900 1760 1925 uiri.
1782 1907 1917 1928 INsisTo.
1988 1905 2078 1932 Tacit,
2089 1908 2156 1933 Λῃῃ,

26 1928 58 1960 ia
73 1931 120 1958 sub
132 1940 206 1958 auras
220 1932 349 1965 glomerat
367 1933 440 1966 Virg.
455 1934 517 1958 Aen.
533 1941 556 1964 3,
570 1940 628 1967 577.
731 1933 835 1959 Semina
854 1932 926 1957 vocis
945 1931 1061 1962 Eiiciun-
1122 1943 1149 1966 4,
1163 1937 1195 1960 26
1216 1935 1245 1960 Et
1259 1935 1320 1960 huic
1333 1940 1438 1967 negatus
1454 1934 1540 1960 honor
1550 1935 1662 1968 gloriam
1677 1935 1798 1961 Intendit.
1822 1940 1840 1962 i.
1853 1941 1932 1964 auxit.
2023 1942 2157 1969 Praeclara

13 1965 69 1999 νὲμι·
93 1973 118 1993 et
141 1975 189 1993 ore
209 1967 281 1993 foras
305 1968 449 2002 glomerata
472 1968 596 1994 feruntur
614 1969 719 1994 Lucret.
733 1976 756 2000 3,
769 1975 828 2001 495.
865 1966 893 1992 de
907 1968 1061 2001 Epilepticis.
1123 1969 1243 2002 ingenia,
1263 1978 1329 2003 quae
1343 1969 1427 2002 gloria
1440 1970 1589 1995 Inuitantur
1614 1971 1668 1996 Cic.
1683 1971 1726 2004 Ep.
1741 1971 1772 1996 ad
1789 1972 1860 1998 Brut.
1873 1980 1906 2004 15.
2013 1976 2102 2002 luncia
2118 1978 2155 2004 in-

14 2003 121 2037 *Ventus
135 2002 256 2029 incendia
269 2003 397 2036 glomerat
433 2003 508 2037 Virg.
522 2003 620 2037 Georg.
634 2012 656 2034 2,
668 2012 716 2035 311.
809 2002 904 2029 Tellus
917 2002 1062 2036 glomerata
1074 2007 1106 2033 50
1122 2004 1225 2034 vidiae,
1245 2006 1297 2030 vid.
1317 2010 1434 2030 1VNGO.
1520 2005 1609 2030 Tacit.
1626 2006 1692 2030 Ann.
1707 2014 1736 2035 2,
1750 2015 1787 2039 44
1811 2007 2031 2044 Reddendamque
2045 2013 2156 2045 gratiam

14 2038 127 2073 ¹erigitur
140 2038 216 2063 Vnda
234 2038 314 2064 Ouid.
328 2040 392 2065 Met.
407 2046 441 2071 [5,
454 2046 507 2071 25ι.
1123 2039 1151 2065 in
1172 2040 1227 2065 acie
1245 2040 1408 2071 faterentur,
1426 2039 1499 2065 simul
1519 2039 1632 2073 persidos
1654 2046 1678 2065 et
1692 2047 1811 2074 ruptores
1826 2043 1894 2076 pacis
1909 2044 2004 2071 vltioni
2017 2052 2042 2072 et
2055 2048 2155 2081 gloriae

0 2090 3 2102 ,γ
37 2079 47 2088 ,-.
61 2079 105 2100 GL
115 2079 166 2100 OM
177 2079 220 2099 ER
230 2080 250 2098 A
262 2079 283 2099 T
293 2080 313 2098 V
323 2080 353 2106 S,
372 2083 403 2106 a,
424 2083 476 2101 un„
515 2074 581 2099 Part.
617 2073 787 2109 conglobatus.
823 2072 928 2098 Colum.
951 2081 994 2105 10,
1014 2080 1063 2107 237
1122 2074 1282 2102 Maftandos.
1386 2075 1525 2108 Minucre,
1546 2077 1583 2100 uel
1595 2076 1753 2101 Imminuere
1766 2076 1879 2110 gloriam
1898 2080 1952 2105 Cic.
1967 2081 2036 2107 Fam.
2050 2091 2087 2114 10,
2113 2103 2119 2109 .
2148 2104 2155 2111 ,

14 2117 15 2133 i
28 2106 169 2143 dacium-a,
186 2109 257 2134 Haec
270 2109 350 2135 niodo
362 2118 494 2144 purpureo
508 2109 590 2143 surgit
604 2109 746 2143 glomerata
763 2107 898 2139 corymbo.
1121 2109 1300 2143 Multiplicare
1312 2109 1439 2143 gloriam,
1467 2109 1518 2148 uisi.
1529 2108 1583 2143 post
1603 2116 1743 2137 MVLTVS.
1846 2113 1969 2141 Nascitur
1979 2116 2064 2149 gloria
2098 2120 2155 2146 Cic,

3 2152 5 2154 ·
38 2146 106 2178 ,QGL
116 2150 136 2170 o
146 2150 251 2170 MERA
263 2151 284 2170 T
298 2151 336 2170 10
346 2163 353 2175 ,
372 2146 439 2171 onis.
462 2145 482 2170 f.
518 2144 693 2179 [ςρόμβωσις]
731 2143 795 2168 Plin.
811 2148 833 2174 Β,
847 2151 880 2174 42
918 2142 945 2167 de
982 2144 1059 2176 equir,
1121 2145 1192 2170 Fam.
1207 2152 1241 2176 ις,
1279 2164 1285 2169 .
1323 2164 1328 2168 .
1424 2145 1502 2170 Nasci
1517 2145 1617 2177 gloriae
1633 2145 1703 2172 Idem
1717 2155 1764 2180 pro
1776 2147 1843 2174 Sext.
1858 2155 1897 2182 89.
1980 2152 2041 2178 Niti
2054 2153 2085 2179 ad
2101 2154 2158 2188 glo-

0 2177 6 2200 ἶ
35 2174 127 2214 (ζιὲὶδιιε
141 2188 194 2205 non
209 2180 324 2213 vulgaris
338 2180 364 2206 in
378 2181 453 2206 cursu
472 2179 581 2214 gradus,
600 2179 643 2207 sed
663 2178 751 2204 mollis
771 2177 872 2203 alterno
890 2186 996 2202 crurum
1017 2185 1060 2202 ex·
1076 2179 1104 2205 55
1119 2179 1187 2204 riam
1201 2179 1388 2210 immortalem,
1404 2179 1457 2204 vid.
1473 2186 1584 2206 NiTOR.
1691 2181 1871 2216 Q1i116t11.3‚7
1890 2185 1951 2218 Q..)
1966 2187 2082 2214 minores
2096 2198 2157 2223 Opes

31 2215 119 2250 plicatu
131 2215 304 2249 glomeratio,
322 2219 340 2241 i.
355 2215 460 2241 rathum
473 2215 598 2250 numerosa
612 2224 621 2243 ;
655 2214 728 2250 pedes
740 2219 914 2247 comparantur
927 2221 979 2238 cum
994 2212 1059 2248 digi-
1118 2214 1241 2247 fuerunt,
1261 2223 1293 2240 eo
1306 2215 1435 2240 maiorem
1451 2215 1595 2241 benefactis
1608 2215 1719 2249 gloriam
1733 2218 1811 2244 Parit.
1896 2221 1969 2247 Parta
1988 2223 2069 2249 Ouid.
2078 2224 2156 2258 Epist.

10 2269 11 2277 1
29 2247 178 2277 tii'celerieer
195 2253 382 2286 glomerantium
392 2251 452 2285 fila.
1120 2257 1157 2280 21,
1172 2257 1218 2282 115.
1311 2251 1410 2276 Ponere
1424 2251 1451 2276 ln
1465 2251 1565 2284 gloria,
1583 2251 1634 2276 vid.
1651 2258 1751 2277 PONO.
1841 2254 1969 2282 Praestare
1989 2257 2075 2291 gloria
2099 2260 2154 2286 Cic.

51 2284 375 2318 'GLOMERABiL1s‚
394 2294 416 2312 e.
438 2285 499 2312 Adi.
535 2284 628 2311 Manil.
646 2292 666 2315 r,
682 2291 732 2310 220
760 2283 806 2309 Te
826 2282 917 2309 testem
930 2282 972 2309 dat
987 2283 1060 2309 Luna
1119 2284 1171 2312 Off.
1189 2294 1208 2316 1,
1245 2304 1252 2311 .
1290 2305 1296 2311 .
1403 2286 1548 2313 Praeterire
1570 2286 1661 2312 asellos
1681 2287 1768 2320 gloria
1793 2288 1828 2314 est
1846 2290 1917 2316 nulla
1937 2293 2050 2319 Martial.
2068 2302 2101 2327 12,
2116 2299 2155 2328 36.

18 2317 63 2349 sui.
71 2320 249 2356 glomerabilis
259 2320 342 2347 orbis.
1119 2321 1254 2352 Qiaerere
1269 2320 1380 2354 gloriam
1396 2322 1451 2348 Cic.
1467 2323 1581 2356 QFrat.
1596 2330 1616 2351 2,
1632 2331 1652 2347 2.
1725 2323 1833 2349 Referre
1851 2326 1878 2350 in
1892 2326 2019 2360 gloriam,
2039 2330 2089 2355 uid.
2106 2338 2153 2358 IN.

10 2363 11 2368 ¹
46 2358 160 2383 'GLOM
170 2357 263 2387 ER6S
275 2363 295 2383 -V
309 2362 337 2388 S,
357 2365 389 2386 ἃ,
409 2364 462 2382 ssm-
490 2355 549 2382 Adl-
585 2353 718 2381 COlUfflel-
730 2362 755 2387 9³
768 2362 789 2385 3,
805 2362 815 2379 1
840 2354 907 2387 APeS
919 2353 1005 2380 vastae
1017 2352 1058 2379 sed
1066 2359 1101 2383 60
1121 2356 1279 2387 Refrenare,
1302 2358 1342 2382 vel
1354 2357 1488 2383 Reuocare
1509 2366 1523 2383 a
1534 2357 1620 2391 gloria
1640 2356 1696 2383 Cic.
1712 2367 1760 2391 pro
1773 2359 1844 2385 Cael.
1859 2364 1900 2394 76.
1976 2364 2101 2398 Reperire
2115 2375 2154 2393 ar„

10 2391 187 2426 „glomerosae
1118 2392 1168 2417 mis
1188 2392 1255 2418 Ter.
1274 2393 1367 2418 Hcant.
1385 2401 1405 2424 1,
1420 2394 1489 2423 1‚6o.
1560 2392 1707 2426 Repudiare
1721 2402 1808 2420 veram
1823 2395 1950 2429 gloriam,
1968 2399 2034 2424 leuis
2049 2401 2083 2426 cst
2098 2403 2152 2428 ani-

10 2436 11 2453 ι
55 2428 271 2454 ῦιΟΜΕΚᾸΤ
282 2432 301 2452 0
312 2433 350 2458 R,
366 2426 429 2452 oris.
447 2434 482 2451 m.
518 2425 709 2467 Qi'glomerat.
746 2424 854 2450 Ennius.
1118 2427 1155 2452 mi
1171 2426 1334 2461 splendorem
1347 2427 1484 2461 lucemque
1499 2427 1626 2461 fugientis
1657 2428 1712 2454 Cic.
1733 2429 1760 2454 in
1777 2430 1860 2457 Pison.
1876 2439 1915 2465 57.
2009 2435 2152 2463 Reseruare

9 2472 12 2500 χ
25 2490 27 2493 ,
54 2468 76 2490 G
86 2469 129 2489 Lo
140 2469 165 2489 Μ
176 2468 193 2489 Ε
203 2464 252 2488 RE
260 2469 357 2492 ΜΕΝ,
375 2461 436 2486 inis.
459 2469 485 2486 n.
521 2460 699 2494 [ς’ρομβωμα]
736 2460 839 2491 Globus,
865 2460 973 2485 Glomus·
994 2459 1058 2498 ‘Lu-
1119 2463 1196 2496 Apul.
1210 2464 1274 2489 Met.
1287 2472 1305 2495 4
1320 2472 1344 2496 p.
1359 2471 1409 2494 ¹23,
1426 2471 1454 2494 19
1478 2463 1579 2489 Floridt.
1656 2464 1781 2490 Retinere
1794 2465 1905 2498 gloriam
1925 2468 1980 2494 Cic.
1995 2470 2065 2496 Fam.
2079 2478 2105 2504 7,
2121 2481 2151 2503 ¹3-

2 2512 6 2526 ι
19 2504 80 2525 eret.
94 2500 170 2530 2‚685
190 2497 327 2523 Diffi¹nile⁵
340 2495 423 2530 igilur
433 2495 536 2522 formae
551 2495 729 2529 glfflnerfflssen
744 2495 770 2520 ln
783 2504 864 2521 vnum
879 2495 1058 2521 COssuenluM·
1118 2498 1251 2524 Reuocarc
1261 2500 1351 2524 omnia
1362 2498 1395 2524 ad
1411 2498 1523 2532 gloriam
1537 2504 1563 2524 et
1575 2498 1738 2531 splendorem
1752 2500 1780 2524 in
1792 2501 1905 2534 imperio
1919 2509 1944 2528 et
1957 2504 2083 2537 dignitate
2113 2508 2151 2533 Id.

0 2536 4 2565 l
19 2533 88 2561 Add.
102 2533 134 2559 ib.
148 2542 172 2559 v.
187 2541 243 2566 453.
278 2539 301 2558 et
315 2539 338 2564 5,
352 2539 403 2563 725.
474 2531 561 2557 Seren.
574 2531 704 2557 Sammon.
718 2539 740 2556 c.
757 2535 795 2563 56.
1070 2530 1101 2562 65
1115 2542 1164 2567 pro
1178 2534 1260 2560 Flacc.
1273 2539 1313 2563 28.
1420 2533 1533 2566 Seposita
1546 2539 1571 2559 et
1585 2533 1682 2558 discors
1708 2534 1788 2560 Ouid.
1802 2537 1893 2563 Amor.
1905 2546 1930 2569 2,
1944 2547 2018 2570 12,11.
2108 2543 2150 2568 Se-

0 2570 5 2574 “
55 2574 362 2597 GLOMERARlvs,
381 2568 399 2592 i.
429 2575 465 2592 m.
502 2566 558 2592 Scn.
576 2567 602 2592 in
614 2567 743 2593 Controu.
759 2575 778 2598 1,
793 2571 815 2596 8.
1114 2570 1207 2602 quitur
1247 2569 1334 2603 gloria
1375 2568 1502 2594 virtutem
1540 2573 1664 2601 tanquam
1697 2569 1790 2596 vmbra
1835 2572 1891 2598 Cic.
1926 2574 2006 2600 Tusc.
2040 2583 2049 2602 1
2064 2596 2072 2608 ‚
2102 2586 2148 2610 109

54 2605 338 2631 GLOMERA'HM.
363 2601 431 2628 Adu.
468 2601 586 2628 Macrob.
602 2602 702 2628 Saturn.
719 2603 785 2634 6‚‘4.
827 2600 885 2626 Vid.
908 2600 1057 2627 Vomitaria
1114 2614 1136 2629 c.
1151 2612 1191 2636 43.
1284 2603 1389 2629 Sei-nire
1409 2603 1509 2637 gloriae
1539 2603 1593 2629 Cic.
1610 2603 1637 2628 in
1657 2603 1736 2630 Catil.
1774 2626 1780 2632 .
1818 2625 1825 2632 .
1861 2627 1869 2633 .
1961 2610 1998 2636 Sit
2012 2611 2047 2636 tin
2066 2618 2148 2640 aeter-

2 2641 47 2665 .in
67 2634 175 2665 VOMO'.
246 2639 331 2665 Caute
344 2644 369 2664 et
380 2647 434 2663 non
448 2637 613 2671 glomeratim
627 2637 777 2663 faciendum
794 2636 971 2674 Cypriam-Ep.
982 2643 1003 2669 3,
1023 2655 1029 2660 .
1050 2655 1055 2660 .
1114 2647 1146 2664 na
1179 2638 1266 2671 gloria
1298 2639 1398 2664 Marius
1443 2638 1515 2664 Idem
1548 2638 1576 2663 in
1602 2638 1680 2664 Catil.
1714 2649 1742 2673 4,
1775 2648 1807 2666 11.
1923 2645 1954 2670 Et
1987 2646 2037 2674 Off
2070 2656 2090 2679 Ξ,
2119 2655 2148 2682 33

20 2674 87 2708 Qiis
99 2679 235 2701 oratorum
248 2688 294 2693 —-
307 2673 411 2700 densata
426 2673 596 2707 glomeratius
610 2678 654 2698 aut
667 2672 735 2699 dixit
750 2677 793 2697 aut
807 2672 935 2704 cogitauit
960 2671 1057 2696 Auson.
1113 2674 1144 2698 Iu
1180 2673 1294 2698 maxima
1330 2679 1356 2698 et
1394 2674 1478 2706 gratia
1525 2673 1628 2699 futurus
1675 2673 1705 2700 sit
1752 2680 1777 2701 et
1827 2676 1921 2709 gloria.
2028 2682 2148 2710 Gloriam

0 2705 5 2734 ἐ
18 2709 109 2744 Paneg.
124 2708 262 2736 Theodos.
276 2718 296 2735 c.
309 2717 351 2741 29.
616 2734 621 2736 ,
1063 2711 1098 2738 70
1114 2707 1161 2742 qui
1174 2708 1322 2741 sparserit,
1341 2717 1431 2734 veram
1444 2707 1553 2735 habebit
1571 2709 1631 2735 Liu.
1646 2717 1688 2741 22,
1700 2718 1738 2743 39.
1831 2711 1962 2740 Subnixus
1975 2715 2078 2743 fulvore
2093 2719 2147 2752 glo-

0 2739 6 2771 ’μ
53 2751 218 2777 GLORIA,
240 2753 278 2771 ae.
304 2744 324 2770 f.
360 2742 461 2777 [κλεὸς,
480 2740 562 2773 κάδος,
583 2739 656 2773 δόξα,
676 2739 791 2775 εὔκλεια]
828 2740 884 2766 Cic.
903 2739 935 2765 de
954 2740 1056 2778 Inuent.
1115 2744 1170 2770 riae
1191 2744 1276 2769 Valer.
1290 2744 1361 2769 Max.
1376 2749 1431 2774 8,1.
1475 2746 1512 2770 De
1526 2745 1555 2770 L.
1568 2745 1648 2771 Cotta.
1752 2745 1808 2772 Cic.
1846 2767 1852 2773 .
1889 2768 1895 2774 .
1932 2769 1939 2775 .
1976 2739 2064 2778 Ηοῗῇρ
2084 2754 2149 2781 hanc

0 2787 5 2798 ¹
20 2789 35 2808 2
59 2783 104 2807 166
126 2780 220 2806 Gloria
233 2780 269 2806 est
282 2779 406 2812 frequens
420 2778 451 2805 de
464 2779 555 2813 aliquo
569 2777 638 2803 fania
651 2785 709 2802 cum
723 2776 807 2802 laude.
903 2775 1004 2804 Gloria,
1019 2774 1055 2814 est
1116 2778 1242 2813 gloriam,
1261 2785 1341 2810 atque
1354 2778 1404 2804 hoc
1418 2778 1491 2805 orbis
1503 2785 1587 2806 terrae
1607 2780 1749 2814 imperium
1768 2782 1944 2810 Teneremus.
2039 2789 2149 2817 Tjtfflat

1 2826 3 2838 1
19 2801 128 2843 Il'llistris
141 2825 170 2842 ac
182 2822 322 2850 peruagata
336 2814 480 2840 multorum
495 2820 520 2839 et
532 2821 687 2847 magnorum
699 2811 740 2838 vel
753 2812 781 2837 in
794 2812 851 2837 suos
865 2811 950 2850 ciues,
970 2810 1012 2836 vel
1027 2819 1055 2835 in
1114 2814 1199 2848 gloria
1229 2815 1296 2841 Hor,
1309 2814 1391 2841 serm,
1406 2823 1428 2846 ς,
1441 2823 1462 2854 3!
1476 2823 1530 2849 179,
1637 2816 1836 2844 Transmouere
1856 2819 1884 2844 in
1905 2821 1930 2846 se
1944 2821 2056 2855 gloriam
2079 2826 2146 2852 Ter-

6 2849 146 2886 'patriam‚
166 2852 209 2878 vel
224 2851 253 2877 in
268 2859 347 2877 omne
362 2859 441 2884 genus
454 2849 593 2876 hominum
605 2848 674 2875 fania
690 2848 847 2873 meritorum
867 2847 923 2872 Cic.
932 2855 980 2880 pro
987 2846 1054 2872 Mar·
1114 2851 1178 2876 Eun,
1193 2858 1216 2882 3,
1232 2859 1250 2882 ι,
1266 2859 1302 2877 10,
1395 2851 1493 2876 Vemre
1507 2851 1535 2876 in
1546 2849 1659 2884 gloriam
1686 2851 1741 2878 cic,
1754 2853 1807 2879 Ast,
1820 2862 1846 2885 2,
1881 2874 1887 2881 ·
1924 2876 1930 2882 ι
2025 2861 2148 2888 Versatur

22 2887 68 2915 c‘el.
82 2894 113 2922 27
126 2896 147 2913 c·
160 2892 183 2917 8.
287 2886 394 2916 Gloria,
411 2885 446 2911 est
466 2884 555 2911 SOlida
573 2883 701 2918 quaedam
718 2892 760 2909 res
777 2889 802 2908 et
820 2883 933 2916 expseffss
945 2891 998 2908 ΠΟΥ*
1012 2881 1055 2907 ad-
1066 2890 1098 2918 75
1114 2885 1238 2912 omnibus
1252 2886 1279 2911 in
1293 2885 1370 2912 terris
1383 2886 1498 2912 nominis
1512 2886 1564 2911 mei
1579 2886 1663 2920 gloria
1683 2887 1756 2914 Idem
1770 2897 1818 2922 pro
1830 2889 1924 2918 Milon.
1937 2898 1968 2924 98
1981 2902 2002 2919 c.
2015 2903 2048 2926 35.
2115 2898 2146 2923 Et

0 2931 2 2940 ¹
22 2922 139 2950 umbrata
153 2933 158 2948 :
195 2931 225 2948 ea
238 2922 273 2948 est
287 2921 458 2948 Consentiens
470 2921 525 2946 laus
540 2919 687 2951 bonorum,
706 2919 858 2953 incorrupta
869 2926 921 2944 vox
937 2916 1003 2943 bene
1015 2917 1054 2942 iu·
1113 2927 1156 2947 tua
1169 2921 1278 2947 materia
1292 2921 1376 2955 gloria
1389 2921 1466 2947 Vitita
1480 2922 1524 2948 sua
1537 2921 1572 2947 est
1596 2922 1676 2948 Ouid.
1692 2923 1756 2949 Her.
1771 2925 1808 2956 16,
1822 2928 1877 2957 ¹46·
1971 2929 2059 2956 Tacit.
2079 2932 2145 2958 An„⁸

0 2963 4 3004 [
21 2957 160 2985 ditantium
173 2957 206 2984 de
220 2957 361 2984 excellente
373 2956 472 2982 virtute
502 2956 558 2982 Cic·
572 2955 653 2981 Tusc-
668 2962 689 2986 3,
703 2962 714 2985 3
728 2964 747 2981 c·
762 2963 787 2980 2·
879 2954 916 2980 EX
930 2952 1054 2992 omnibus
1114 2966 1146 2989 13,
1162 2965 1189 2989 32
1209 2956 1290 2990 quue
1309 2957 1353 2982 illi
1371 2957 1538 2991 imperitante
1558 2956 1670 2984 Claudio
1689 2958 1794 2992 impunc
1815 2969 1876 2986 mox
1889 2961 1920 2988 ad
1932 2963 2043 2996 gloriam
2058 2967 2145 2994 vertit.

0 3004 9 3015 ε
24 2993 141 3026 praemiis
153 2993 260 3020 virtutis
274 2992 455 3027 ampliffimum
470 2991 505 3017 est
518 2990 603 3025 gloria
620 2990 676 3016 Cic.
690 2998 739 3024 pro
750 2989 844 3016 Milon.
858 2994 889 3022 98
903 2998 924 3015 c.
938 2997 990 3028 35..
1009 2989 1052 3014 Ci-
1112 2990 1132 3029 ff
1153 3001 1164 3024 3
1201 2993 1271 3019 Plur.
1308 2992 1461 3018 Gloriarum
1493 2993 1598 3027 plenus,
1616 2995 1634 3019 i.
1673 2993 1839 3021 laetabundus
1871 2996 1950 3024 Plant.
1974 3000 2032 3026 Mil.
2053 3010 2072 3032 1,
2088 3011 2108 3034 ι,
2123 3011 2145 3029 2,

26 3026 56 3052 -εο
74 3027 215 3060 ignominia
227 3028 256 3055 fit
269 3027 375 3062 superbi
395 3027 479 3062 gioria
508 3028 532 3053 P.
548 3027 601 3057 Syr.
616 3026 690 3052 Mim.
783 3025 831 3051 Vis
844 3025 918 3051 cursu
932 3023 1053 3063 pedibu-s·
1113 3027 1188 3055 Flare
1202 3028 1291 3053 inanes
1304 3027 1401 3061 glorias
1419 3027 1486 3054 Gell.
1504 3037 1522 3059 1,
1536 3036 1560 3054 2..
1666 3029 1815 3056 Memorare
1827 3037 1925 3058 veteres
1939 3034 2076 3062 Gallorum
2091 3037 2146 3070 glo-

30 3068 79 3095 que
92 3060 214 3094 gloriari?
250 3064 361 3098 Tigrim
376 3064 453 3089 vince
467 3063 604 3096 leuemque
618 3060 786 3087 Pass'arinum:
821 3060 904 3087 Nulla
917 3060 952 3086 est
967 3060 1052 3094 gloria
1062 3067 1094 3093 80
1110 3064 1162 3090 rias
1181 3063 1271 3089 Tacit.
1286 3064 1354 3089 Ann.
1367 3071 1389 3095 3,
1405 3070 1447 3096 45.
1542 3062 1610 3089 Adel.
1622 3064 1698 3098 Vulg.
1715 3073 1724 3090 1
1740 3066 1805 3091 Petr.
1823 3076 1840 3097 i,
1856 3075 1888 3092 11.
1995 3067 2014 3104 Ἴ
2034 3079 2052 3102 4
2076 3075 2103 3097 A
2114 3074 2144 3098 li-

14 3094 166 3143 ''praeterirc
176 3099 265 3126 asellos
281 3098 396 3126 Martial.
412 3107 446 3130 12,
460 3100 498 3130 36.
513 3101 531 3123 i.
562 3099 671 3139 [asiatio.
736 3096 826 3122 Aestus
840 3096 940 3130 gloriae
957 3097 1013 3122 Cic·
1023 3096 1051 3121 in
1107 3099 1201 3125 brariis
1220 3097 1342 3133 confundi
1356 3099 1439 3134 Jblent
1463 3097 1557 3125 Gloria
1581 3105 1604 3125 et
1626 3099 1716 3126 Gratia
1729 3111 1734 3125 z
1771 3102 1854 3127 Burm.
1868 3102 1901 3126 acl
1913 3103 2145 3139 Qiin&.Dccla1n.

27 3131 98 3158 Brut.
113 3135 164 3160 281.
261 3134 380 3161 Macrob.
401 3134 430 3160 in
443 3134 531 3160 Somn.
545 3136 612 3166 bcip.
627 3141 650 3164 2,
666 3141 693 3158 10
714 3132 779 3159 Non
791 3137 940 3163 aeternam,
960 3132 1049 3171 sedne
1109 3143 1142 3168 ¹3,
1155 3141 1171 3168 7
1187 3143 1210 3168 p.
1224 3142 1272 3166 313·

23 3166 176 3194 diuturnam
195 3169 299 3202 quidem
322 3170 435 3204 gloriam
453 3169 549 3204 assequi
568 3168 706 3202 possumus.
809 3167 924 3194 Auidior
938 3167 1050 3201 gloriae,
1145 3176 1165 3196 G
1175 3176 1218 3195 Lo
1230 3176 1247 3195 R
1260 3166 1369 3199 ῙόιΑ,
1388 3177 1426 3195 ae.
1450 3168 1469 3195 f.
1493 3169 1595 3196 Dimin.
1632 3168 1760 3204 [δοξὲδισν]
1795 3171 1849 3197 Cic.
1865 3172 1936 3198 Fam.
1951 3180 1978 3206 5,
1996 3183 2023 3201 12
2045 3176 2074 3202 Ες
2086 3186 2145 3203 nos,

0 3215 7 3219 “
25 3201 79 3228 vid·
93 3207 216 3229 AVles:
314 3206 407 3232 Clarus
420 3205 505 3240 gloria
515 3225 523 3236 ‚
546 3211 571 3230 et
584 3203 739 3230 auctoritate
753 3203 840 3238 grauis
859 3203 915 3229 Cic·
930 3205 961 3228 de
974 3204 1049 3228 Orat.
1109 3212 1162 3231 met
1184 3204 1230 3239 ipsi
1256 3204 1314 3231 viui
1339 3204 1453 3238 gloriola
1474 3205 1561 3231 nostra
1575 3206 1760 3240 perfruamur.
1826 3206 1899 3234 Idem
1912 3209 1981 3235 Fam.
1995 3217 2021 3244 7,
2034 3217 2046 3243 ς
2066 3213 2144 3240 Hisce

0 3236 3 3243 ¹
27 3245 50 3269 2,
63 3243 111 3268 135.
174 3233 352 3273 Cumulatior,
370 3241 422 3267 vid.
437 3246 645 3269 CVMVLATVS.
736 3239 851 3273 Cupidus
865 3238 965 3273 gloriae
977 3243 1003 3263 et
1016 3238 1051 3263 al·
1065 3247 1093 3275 85
1107 3250 1169 3267 eum
1184 3249 1261 3267 ornes
1272 3240 1400 3274 gloriolae
1421 3239 1573 3274 insignibus.

0 3280 2 3288 .
27 3270 133 3298 tissimus
146 3270 244 3298 animus
261 3275 315 3300 Cic.
328 3276 385 3303 Offi·
394 3285 412 3308 1,
425 3278 464 3309 65.
529 3274 648 3309 Cupidus
664 3274 807 3309 splendoris
820 3281 845 3300 et
859 3274 960 3308 gloriae
978 3273 1050 3299 Idem
1144 3282 1164 3303 G
1176 3282 1219 3302 Lo
1229 3277 1315 3302 K16s
1325 3282 1382 3308 vs,
1403 3285 1434 3308 a,
1464 3285 1519 3302 um.
1554 3275 1613 3302 Adi.
1650 3274 1770 3307 [xxm-235,
1788 3273 1891 3311 ἔνδοξος]
1928 3280 2088 3314 Praeclarus,
2104 3292 2143 3309 ex·

0 3317 3 3331 l
25 3306 91 3333 ibid·
106 3314 126 3338 ¹2
140 3307 179 3338 65·
279 3309 445 3347 Qinffils7,
462 3321 474 3344 3
497 3311 577 3345 Quod
591 3311 674 3345 ipsum
692 3310 778 3337 fecisse
790 3310 924 3337 seductum
937 3308 1050 3336 iuuenili
1108 3312 1212 3344 ccllens,
1230 3318 1254 3338 et
1265 3314 1308 3347 qui
1319 3314 1346 3337 in
1359 3321 1448 3347 magna
1460 3313 1545 3347 gratia
1557 3309 1597 3342 est.
1634 3311 1714 3337 Plaut.
1727 3311 1801 3346 Epid.
1815 3320 1841 3345 2,
1856 3322 1878 3345 ε,
1889 3316 1930 3339 116
1947 3316 2055 3349 Magnus
2068 3318 2143 3345 miles

0 3338 4 3375 l
26 3341 178 3376 cupiditate
190 3339 287 3374 gloriae
300 3344 388 3373 fateor.
493 3348 588 3374 Cursus
609 3346 709 3380 gloriae
727 3347 896 3380 sempiternus
931 3345 986 3371 Cic.
1002 3352 1050 3379 pro
1109 3347 1244 3379 Rhodius,
1262 3353 1352 3381 raptor
1367 3347 1480 3373 hostium
1493 3346 1632 3380 gloriosus.
1724 3347 1804 3380 Qiod
1817 3347 1834 3373 si
1848 3357 1908 3374 eum
1923 3350 1967 3375 Dii
1982 3352 2143 3381 immortales

0 3385 6 3400 ¹
26 3378 96 3405 Sext·
109 3383 154 3411 47·
221 3375 314 3402 cussus
327 3378 358 3404 ad
369 3381 480 3414 gloriam
500 3383 573 3410 Idem
585 3383 655 3408 Fam.
666 3390 702 3411 10,
716 3390 727 3413 3
740 3389 804 3408 extr.
911 3381 965 3406 Cic.
986 3400 992 3406 .
1015 3399 1021 3405 .
1043 3399 1049 3406 .
1108 3383 1231 3409 vicioriis
1246 3383 1296 3409 suis
1309 3383 1410 3416 perfrui
1423 3381 1481 3416 palli
1493 3383 1586 3412 essent,
1606 3382 1690 3416 sospes
1703 3382 1844 3416 gloriosior
1856 3384 1953 3417 patriae
1967 3388 2070 3414 moenia
2088 3399 2142 3416 non

0 3419 7 3445 ξ
25 3414 122 3448 Expers
134 3411 182 3437 esse
193 3410 269 3450 debet
285 3411 396 3445 gloriae,
411 3424 453 3444 etc.
558 3417 658 3444 Gradus
672 3417 771 3451 gloriae
784 3417 904 3451 dispares,
918 3416 1092 3449 honorum90
1109 3419 1222 3444 intrasset
1240 3419 1295 3444 Val.
1311 3419 1381 3444 Max.
1394 3427 1416 3449 3,
1429 3426 1444 3443 2
1460 3422 1510 3443 ext.
1526 3425 1548 3450 5.
1566 3417 1594 3443 dc
1608 3418 1786 3452 Epaminondae
1797 3426 1881 3445 morte.
1970 3422 2031 3448 Dies
2043 3423 2144 3456 glorio-

0 3470 3 3474 ·
24 3457 97 3484 Pares
117 3448 174 3473 sunt
202 3446 258 3472 (ἷκ-
277 3454 325 3485 Ρὶᾫ
344 3448 424 3482 Plane.
437 3455 476 3478 60.
578 3453 680 3479 Palmae
694 3452 794 3486 gloria,
819 3452 940 3479 Victoria.
977 3451 1050 3485 Virg.
1109 3454 1213 3480 finimus
1231 3454 1299 3480 Tac.
1315 3455 1349 3480 H.
1364 3462 1386 3485 5,
1402 3461 1440 3487 17,
1453 3462 1479 3485 4.
1587 3453 1642 3479 Cic.
1657 3454 1709 3479 Att.
1723 3458 1744 3483 8,
1760 3455 1786 3478 16
1814 3455 1847 3479 Vt
1861 3462 1913 3479 non
1927 3455 2009 3483 solum
2022 3460 2142 3492 gloriosis

26 3484 123 3517 Georg.
136 3491 158 3514 3,
172 3490 215 3508 102
231 3482 263 3507 Et
274 3490 332 3516 quis
346 3483 437 3518 cuique
449 3487 524 3514 dolor
536 3488 625 3520 νὶᾶο,
644 3497 709 3524 quae
727 3488 812 3522 gloria
824 3488 934 3514 Palmae.
990 3487 1049 3513 Vir.
1108 3490 1223 3515 consiliis
1236 3495 1358 3520 vtamur,
1376 3489 1418 3514 sed
1431 3489 1511 3514 etiam
1524 3488 1610 3522 paullo
1623 3488 1776 3514 salubribus.
1843 3489 1897 3515 Cic.
1913 3491 1987 3517 Verr.
2001 3500 2023 3525 5,
2036 3502 2070 3528 97
2083 3505 2102 3521 c.
2111 3504 2142 3531 37

0 3521 2 3530 ³
25 3520 87 3546 tutis
100 3526 177 3544 verae
189 3516 302 3548 fructus,
321 3517 404 3557 gloria
416 3521 469 3547 Cic.
482 3523 508 3549 in
520 3524 603 3550 Pison.
619 3532 650 3559 57
664 3534 684 3550 c.
699 3533 740 3558 24.
844 3524 916 3550 Idem
936 3522 1047 3556 Philipp.
1109 3526 1171 3558 Quo
1183 3534 1268 3559 neque
1280 3523 1533 3558 Karthaginiensium
1546 3523 1738 3557 gloriosissimae
1752 3523 1908 3555 classes,cum
1918 3528 1983 3553 mari
1996 3529 2141 3562 plurimum

26 3562 92 3588 1,29
110 3555 145 3580 Ea
157 3552 244 3584 ἆὲῗῖῐῃ
257 3552 293 3578 est
313 3552 405 3579 Glorffl
420 3560 445 3582 et
465 3557 519 3584 laus
539 3559 610 3586 ῐεᾶὶε
631 3559 779 3591 factorum,
796 3565 821 3586 et
843 3567 998 3593 magnorum
1021 3558 1049 3584 in
1109 3566 1229 3593 poterant
1264 3575 1311 3585 —-.
1344 3569 1460 3594 vnquam
1482 3559 1614 3593 adspirare
1640 3564 1790 3598 potuerunt.
1885 3560 1962 3588 Fadia
1985 3563 2097 3593 illustria
2116 3573 2142 3594 et

0 3594 2 3603 ,
25 3589 163 3624 Rempubl.
177 3589 343 3615 meritorum.
446 3590 560 3620 Laudum
574 3595 658 3629 gloria
688 3595 744 3622 Cic.
759 3596 827 3628 Fam.
841 3604 866 3627 2,
879 3605 905 3628 4.
977 3594 1047 3619 Hor·
1062 3602 1093 3627 95
1108 3595 1221 3628 gloriosa
1243 3596 1298 3621 Cic.
1313 3595 1345 3622 de
1360 3596 1417 3621 Fin.
1430 3603 1450 3627 1,
1463 3597 1494 3626 36
1508 3604 1528 3621 c.
1543 3603 1575 3620 11.
1667 3595 1737 3628 Fuga
1748 3594 1884 3620 Ciceronis
1898 3595 1945 3622 sibi
1957 3598 2086 3633 gloriosa,
2097 3611 2140 3637 pa-

0 3634 4 3645 ··
37 3625 103 3652 ati-ix
116 3623 226 3651 animosi
238 3624 321 3658 gloria
334 3623 380 3649 leti
395 3623 455 3650 Stat.
469 3626 556 3655 Theb.
572 3638 662 3667 9‚717.
753 3631 865 3665 Insignia
876 3630 974 3665 gloriae
995 3629 1049 3655 Cic.
1107 3631 1174 3656 triae
1186 3631 1336 3657 calamitosa
1355 3631 1409 3656 Cic.
1424 3630 1455 3656 de
1467 3631 1558 3656 Diuin.
1575 3638 1593 3661 1,
1606 3636 1645 3661 59.
1747 3629 1821 3669 Ideni
1834 3630 1865 3656 de
1877 3631 1933 3658 Fin.
1946 3642 1970 3664 2,
1984 3642 2019 3669 97
2031 3645 2052 3661 c.
2089 3658 2095 3664 ,
2133 3658 2139 3663 ,

0 3662 3 3666 ”
26 3659 96 3688 Fam·
111 3668 148 3692 ¹02
163 3668 196 3692 ¹3-
302 3658 374 3685 Idem
410 3678 417 3685 ·
454 3676 470 3685 ·-
495 3679 502 3686 ·
534 3663 601 3692 Illud
613 3666 693 3700 magis
706 3675 811 3699 vereor,
825 3675 857 3692 ne
870 3667 991 3700 ignorans
1006 3673 1048 3690 ve·
1109 3666 1199 3699 Quum
1212 3667 1271 3693 esset
1285 3666 1415 3701 proposita
1430 3672 1475 3692 aut
1488 3666 1549 3699 fuga
1565 3666 1646 3698 turpis
1656 3683 1664 3695 ‚
1684 3669 1729 3690 aut
1740 3665 1855 3698 gloriosa
1867 3675 1947 3694 mors.
1983 3670 2096 3698 Add,1d‚
2107 3672 2139 3698 de

26 3702 84 3722 rum
109 3696 161 3722 iter
182 3694 297 3729 gloriae,
316 3701 361 3720 etc.
466 3695 531 3722 Plin-
551 3698 610 3726 Pan.
632 3706 655 3733 8,
672 3711 691 3735 4
719 3703 778 3735 Qia
793 3702 878 3736 gloria
892 3703 999 3731 Laetus,
1019 3699 1048 3726 de
1109 3701 1201 3727 Diuin.
1217 3709 1227 3728 1
1240 3711 1261 3728 c.
1274 3710 1317 3734 24.
1400 3700 1615 3727 Gloriofiffimum
1629 3699 1745 3738 {nmium
1758 3701 1847 3727 salutis
1859 3711 1949 3736 capere
1974 3706 2029 3732 Cic.
2042 3707 2107 3732 Phil.
2121 3715 2137 3732 2

27 3732 111 3758 Nerua
124 3728 180 3765 PQsl
197 3729 339 3764 adoptatum
364 3729 510 3756 Trflissnflm·
610 3735 671 3763 Lata
683 3737 784 3771 gloria,
803 3739 828 3764 b.
842 3747 861 3763 e.
883 3738 942 3763 Late
954 3735 1048 3771 d1ffusa
1110 3745 1131 3762 c.
1147 3745 1179 3762 11.
1271 3737 1417 3763 Ostentatio
1430 3736 1545 3762 ciuitatis
1559 3734 1694 3767 magnifica
1708 3741 1733 3761 et
1744 3736 1858 3769 gloriosa
1877 3739 1949 3765 Idem
1964 3749 2010 3774 pro
2024 3741 2139 3773 Flacc.52

2 3777 3 3785 ¹
25 3766 151 3802 etsparsa.
197 3765 262 3792 Plln·
276 3765 354 3799 Epist·
367 3774 396 3797 49
408 3773 435 3790 ¹2
461 3765 558 3791 Nestio
571 3775 623 3801 ‘1¹¹0
636 3772 710 3803 Ρὸἐὶο
723 3773 765 3799 vel
778 3773 860 3807 magis
875 3772 996 3799 homines
1009 3772 1130 3798 iii-100c.
1149 3780 1185 3797 22.
1277 3771 1446 3806 Philosophia
1459 3776 1611 3810 praepotens
1623 3776 1649 3796 et
1669 3770 1784 3803 gloriosa
1814 3773 1869 3799 Cic.
1892 3774 1923 3800 de
1948 3777 2019 3801 Orat.
2043 3784 2063 3806 1,
2088 3784 2139 3808 193.

4 3820 6 3823 ·
25 3807 68 3828 Vn
81 3801 165 3835 gloria
177 3800 244 3833 lala,
262 3809 341 3835 quam
352 3809 453 3834 magm-
560 3802 689 3837 Hucfacit
702 3808 764 3841 quod
776 3807 893 3835 Macrob.
916 3808 942 3833 in
960 3807 1047 3833 Somn.
1108 3806 1277 3840 Magnificum
1289 3807 1356 3834 illud
1370 3808 1448 3834 etiam
1457 3827 1464 3839 ‚
1488 3807 1679 3839 Romanisque,
1694 3805 1847 3834 hominibus
1859 3809 2002 3842 gloriosum
2011 3831 2018 3841 ,
2037 3817 2073 3839 vt,
2091 3818 2137 3837 etc.

25 3835 138 3873 Scipion·
151 3845 175 3866 2,
191 3845 219 3862 ¹0
226 3835 266 3870 fic
277 3839 329 3867 6¹⁴1»
346 3837 376 3862 1¹¹
389 3835 530 3870 appetenda
543 3836 625 3869 gloria
638 3838 689 3865 duo
703 3842 759 3869 sunt
772 3844 895 3876 maxima,
903 3851 969 3878 quae
976 3851 1048 3877 prae·
1108 3843 1163 3869 Cic.
1179 3842 1210 3868 de
1223 3842 1314 3869 Diuin.
1327 3851 1354 3874 2,
1368 3851 1390 3876 ς.
1473 3841 1544 3867 Idem
1558 3840 1668 3875 Philipp.
1683 3849 1705 3873 2,
1720 3850 1750 3876 27
1770 3843 1890 3877 Longum
1904 3844 1938 3870 est
1950 3845 2068 3877 persequi
2084 3854 2138 3870 cae-

5 3868 9 3879 *
24 3873 106 3906 optari
114 3871 213 3907 poffint‚
225 3877 288 3898 Vtet
300 3871 738 3907 quamlatissimevagetur‚etquam
746 3878 1048 3913 diutissimeperseueret.
1107 3884 1177 3906 tei-os
1192 3888 1196 3903 z
1233 3877 1312 3911 idque
1334 3876 1456 3913 Reipubl.
1480 3877 1654 3910 praeclarum,
1681 3877 1755 3905 fuisse
1778 3884 1831 3905 tam
1849 3880 1958 3907 multos,
1976 3884 2030 3904 tum
2053 3880 2136 3906 multo

2 3881 114 3943 ‘lMagna
130 3907 199 3942 apud
218 3916 308 3934 omnes
327 3913 381 3933 erat
399 3908 483 3941 gloria
501 3916 596 3933 nomen
613 3908 748 3938 Annibalis
768 3914 824 3939 Cic.
838 3914 869 3940 de
881 3916 955 3941 Orat.
970 3923 996 3947 2,
1011 3922 1046 3947 75.
1109 3914 1167 3948 ipsis
1182 3912 1319 3948 gloriosius
1334 3913 1378 3939 est.
1453 3912 1506 3937 Cic.
1522 3911 1553 3937 de
1568 3911 1660 3947 Legib.
1674 3921 1697 3944 3,
1710 3922 1738 3940 21
1766 3914 1844 3948 Qiod
1858 3913 1933 3939 nobis
1946 3913 2051 3946 quidem
2066 3923 2136 3948 egre-

18 3941 112 3978 ³M³B¹¹³
124 3942 210 3978 ἓῐῡῐῑᾶ
222 3943 304 3971 ”Osttl
317 3943 377 3970 aeui
393 3943 473 3970 Ouid·
487 3942 563 3977 Epist·
579 3950 616 3978 17,
628 3951 668 3978 59-
773 3948 893 3984 Matura,
913 3950 966 3976 vid.
986 3956 1048 3977 MA·
1056 3958 1099 3986 105
1107 3950 1195 3985 gium,
1215 3953 1241 3975 et
1270 3947 1311 3977 ad.
1335 3946 1563 3976 immortalitatem
1582 3948 1727 3975 memoriae
1749 3949 1908 3983 gloriosum,
1926 3948 2074 3981 neminem,
2090 3956 2136 3975 etc.

171 3983 260 4005 vot.
293 3979 334 4007 11.
1412 3991 1426 4016 ς
1451 3982 1472 4010 L
2106 3985 2136 4010 in
