2479 4225
22 262 26 272 ⁴
60 278 65 282 .
96 255 306 287 vocabantur,·et
330 254 494 289 Tegmenta‚
513 259 662 291 operimenta
677 255 806 291 fimorum
827 262 852 282 ct
868 254 1008 292 figmenta.

77 3265 143 3301 quid
158 3263 285 3299 praestat,
304 3263 383 3289 stulto
396 3262 544 3295 intelligens
559 3262 623 3297 quid
635 3261 742 3289 interest
756 3263 766 3289 3

74 3547 249 3578 stimationis,
269 3551 297 3572 vt
322 3551 429 3580 putetur
449 3545 478 3572 in
495 3544 565 3572 hisce
586 3547 666 3573 rebus
688 3547 837 3581 intelligens
858 3547 914 3572 effe.

159 179 182 216 5
430 219 441 229 ο
520 165 537 205 1
604 167 662 206 -N
740 167 785 206 T

1053 256 1134 283 Plaut.

97 290 190 318 Bacch.
208 300 235 324 4,
253 299 276 324 2,
296 299 328 316 20
350 291 473 325 Nequam
496 292 544 318 else
562 297 668 325 oportet
680 293 793 322 scutum,
814 291 1022 324 integumentum
1036 290 1135 325 impro.

97 325 163 388 1111ιὲ
183 326 227 353 est.
298 326 341 354 Sic
370 327 432 363 legit
467 327 604 353 Turnebus.
639 328 672 353 al.
704 327 756 353 Cui
787 332 816 353 tu
847 326 1056 359 integumentum
1087 328 1136 353 im-

93 370 144 397 pro
165 370 193 388 us
208 370 244 388 es.

134 403 338 430 INTEGRO,
358 400 856 430 1NTEGRASCO,1NTEGRE,
873 401 1137 425 INTEGR1TAS
1161 404 1176 430 ς
1204 399 1279 425 malis
1303 399 1493 433 intelligentia,
1508 402 1726 430 vid.AN1MAL.

95 438 142 460 etc.
175 432 446 460 vid.1NTEGER.

133 469 373 501 INTELL'iGo,
402 469 462 500 exi,
484 466 590 501 caum,
620 468 674 495 ere.
711 468 796 501 Doto,
815 466 928 500 συνίημι]
964 467 1000 492 Ex
1020 468 1090 495 Inter
1114 475 1138 495 et

96 503 179 536 Lego.
227 503 307 530 Habet
325 506 407 539 itaque
420 502 629 539 significationem
646 504 682 529 ali
699 513 753 529 uam
772 502 944 538 discernendi,
962 500 1139 540 dfifflgurndi,

96 538 278 574 etstparandi,
298 541 325 565 in
340 548 385 574 quo
398 541 459 573 inest
473 538 544 571 illud,
552 538 616 574 quod
626 511 774 573 inteilligere
787 546 910 567 vocamus.
965 539 1019 564 Huc
1026 543 1137 573 pertinet

95 573 235 600 articulata
248 583 310 606 vox,
326 578 352 600 in
367 583 414 610 qua
427 574 547 610 distingui
559 574 619 610 fimi
627 571 819 609 plurespoffimt
832 583 839 598 -·
873 572 936 603 bue,
953 573 1017 608 quod
1030 575 1137 610 Philoso-

90 609 141 645 phi
161 609 230 636 ideas
249 610 337 636 dicunt
349 613 414 637 alias
428 610 558 646 confufits,
578 611 643 636 alias
659 608 792 642 dillinflas
806 614 851 635 etc.
923 609 995 633 Hanc
1016 613 1054 635 ori
1073 613 1137 637 inem

97 642 205 677 ostendit
217 645 311 672 clarius
323 647 403 672 altera
411 645 539 681 scribendi
550 649 632 678 ratio,
654 653 702 680 qua
722 646 805 670 vritur
826 642 981 676 Politianus,
1002 644 1056 671 inte
1068 646 1137 681 lego,

96 686 121 706 ει
134 680 247 715 deffendat
261 679 337 716 Esnst.
355 681 371 707 Ι.
385 689 397 714 5
410 690 434 716 p.
449 690 493 714 129
505 687 528 707 et
541 687 588 713 135.
658 678 732 713 Etfic
743 679 811 705 tlt-dn
825 684 900 713 nuper
915 678 1005 705 demum
1019 682 1135 714 Douisius

97 718 127 741 in
141 716 197 742 Cic.
211 716 243 742 de
259 716 376 743 Diuinat.
397 726 421 743 υ.
434 727 459 753 g.
481 726 497 743 2
509 725 530 743 c.
543 725 583 749 34.
619 718 650 741 it.
665 724 687 742 c.
703 718 737 741 60
750 717 888 750 quuoties.
924 715 1050 749 Intellego
1062 720 1136 742 ctiam

96 750 217 778 Scribon.
232 760 282 783 103.
297 760 349 778 122.
436 751 516 785 Qiod
530 750 717 785 intelligimus,
737 757 836 777 certum
849 748 885 776 est
912 750 1004 777 Donat.
1020 752 1047 777 in
1067 752 1135 785 prol.

97 785 180 813 Andr.
200 787 235 812 Ea
253 787 390 819 Scribere,
409 797 476 823 quae
495 787 625 813 mirentur
638 786 726 821 potius
737 785 873 817 homines,
894 794 970 820 quam
989 786 1136 821 intelligant

481 823 538 850 Cic.
560 823 629 848 Fam.
645 824 682 854 16,
696 830 729 848 22
765 822 812 848 Tu
826 820 900 852 istic,
919 820 935 846 fi
949 821 1013 856 quid
1029 823 1136 849 llbrarii

94 856 157 884 {nea
168 866 247 884 manu
260 867 314 884 non
334 858 493 893 intelligent,
512 857 679 884 monstrabis.
773 856 983 883 Gubernatorem
998 857 1026 883 in
1039 864 1136 893 tempe-

70 908 73 909 .
95 892 175 923 state,
195 893 223 920 in
237 895 292 920 acie
307 893 420 921 militem
434 893 566 928 intelligas
591 893 648 919 Sen.
664 892 696 918 de
711 892 817 919 Prouid.
834 901 856 918 c.
869 901 896 924 4.
979 893 1046 920 AM.
1062 894 1134 920 Idem

97 929 130 954 de
152 928 241 955 Const.
267 929 323 964 Sap.
343 938 364 955 c.
385 938 405 956 1.
438 937 460 955 et
480 929 512 955 de
531 930 654 963 Tranqu.
668 929 717 954 An.
733 936 754 954 c.
769 936 794 963 7.
867 930 952 960 Quem
968 928 995 954 in
1009 936 1135 963 quantum

96 964 210 999 quisque
221 971 267 991 aut
278 965 433 999 cognoscere
446 970 490 991 aut
501 964 650 998 intelligere
663 963 766 998 potuit,
782 963 810 989 in
829 968 929 988 tantum
942 964 1034 990 dilexit
1066 965 1134 991 Vell.

97 1008 125 1031 2,
140 1008 192 1032 114,
204 1008 225 1033 5.
296 1000 486 1033 Quem-virum
498 1009 546 1027 nec
559 1001 607 1035 qui
620 998 752 1026 intellexit
768 997 889 1033 quidem,
905 998 1005 1026 abunde
1024 1001 1134 1026 miratus

97 1035 134 1061 est
155 1037 165 1061 I
187 1044 227 1061 em
241 1043 263 1061 c.
279 1039 330 1067 116,
346 1046 368 1067 4.
439 1036 513 1071 Conf.
526 1036 593 1063 Plin.
610 1036 654 1069 Ep.
668 1041 689 1066 8,
700 1043 739 1066 23.
775 1041 798 1060 et
810 1036 836 1066 6,
849 1041 891 1068 27.
962 1036 1134 1062 'l'cnlieaun

95 1078 121 1103 3,
138 1078 158 1102 1,
179 1079 205 1103 ‚9
224 1071 295 1097 Nam
316 1071 334 1097 fi
354 1071 434 1097 semel
454 1078 529 1098 tuum
550 1072 667 1097 animum
688 1069 864 1100 intellexerit,
882 1069 952 1104 prius
967 1071 1135 1105 proditurum

93 1111 122 1132 te
154 1111 227 1131 tuam
257 1107 356 1138 vitam,
376 1113 421 1132 etc.
515 1106 658 1141 Colloquia
689 1105 798 1137 alitum,
828 1104 880 1131 vid.
908 1111 1135 1143 COLLOQVWM.

94 1140 162 1167 Ptin.
178 1146 201 1173 8,
215 1148 247 1174 54
276 1141 457 1177 Tra&arique
475 1142 603 1176 gaudent,
626 1140 721 1167 similes
740 1140 943 1175 gratulationem
956 1142 1136 1176 intelligentis,

94 1175 221 1209 defimiis.
336 1177 405 1203 Ter.
419 1177 500 1204 Andr.
511 1186 531 1209 1,
544 1186 566 1209 3,
579 1185 595 1203 2
629 1176 774 1202 Enimuero
787 1177 877 1208 Daue,
898 1176 964 1202 nihil
978 1178 1029 1204 loci
1044 1178 1079 1204 est
1100 1179 1135 1204 se-

96 1211 212 1244 gnitiae,
231 1220 318 1246 neque
336 1213 488 1244 socordiae,
507 1217 634 1247 qnantum
652 1211 773 1238 intellexi
792 1212 874 1237 modo
894 1213 958 1238 senis
979 1214 1133 1240 sententiam

97 822 168 848 Suet.
206 822 270 857 Aug.
296 832 318 849 c.
350 825 388 853 86.

97 1245 129 1272 de
141 1247 251 1281 nuptiis.
357 1248 507 1282 Intelligere
518 1249 548 1273 in
560 1256 590 1274 re
602 1247 691 1281 aliqua
713 1247 769 1274 Cic.
783 1248 860 1274 Verr.
874 1256 901 1280 4,
914 1256 957 1281 94.
1050 1250 1133 1276 Perci-

113 1290 160 1308 ere.
206 1283 275 1309 Ter.
288 1283 354 1310 Eun.
369 1291 390 1316 ς,
406 1292 429 1316 2,
442 1292 480 1318 44
499 1283 576 1309 Tum
589 1282 633 1316 pol
648 1282 700 1309 tibi
715 1283 748 1309 ab
762 1282 811 1309 isto
825 1282 886 1309 hera
900 1283 1044 1310 cauendum
1059 1285 1134 1310 intel-

105 1317 159 1351 igo.
229 1318 334 1344 Clarius
348 1318 384 1345 ali
404 1317 451 1345 uid
485 1318 615 1351 Qiin&il.
629 1326 655 1350 2,
670 1326 691 1351 5.
808 1318 977 1352 Intellextin',
991 1326 1039 1355 pro
1059 1320 1135 1347 Intel-

92 1351 205 1385 Iexistine
217 1355 230 1379 ,ἓ
265 1354 332 1380 Ter.
346 1355 386 1380 An
405 1362 426 1380 r.
442 1362 462 1385 1,
475 1361 500 1386 2,
514 1362 546 1386 30
566 1353 639 1387 Quid
654 1355 663 1380 3
698 1354 748 1380 hoc
760 1353 935 1381 intellextin'?
968 1364 1002 1381 an
1014 1356 1132 1382 nondum

93 1387 174 1414 etiam
205 1397 238 1415 ne
270 1388 321 1415 hoc
351 1387 460 1427 quidem
474 1390 484 1415 3
586 1388 686 1423 Lepide
709 1390 857 1424 intelligere
867 1410 875 1422 ‚
898 1389 951 1416 vid.
982 1396 1132 1418 LEPIDVS.

92 1423 161 1450 Ter.
176 1424 241 1450 Eun.
256 1433 283 1456 4,
296 1432 317 1456 5,
332 1432 355 1450 11
388 1424 448 1451 Nili
472 1424 536 1458 quio.
559 1424 676 1452 correxit
698 1425 789 1456 miles,
805 1427 876 1460 quod
898 1425 1016 1452 intellexi
1036 1426 1133 1453 minus.

92 1458 209 1485 Multum
218 1479 226 1490 ‚
240 1465 241 1468 ’
263 1459 359 1492 Ν11111,
391 1460 444 1485 vid.
456 1460 549 1487 hhuv.

91 1492 149 1520 Cic.
163 1494 191 1520 in
205 1495 295 1520 Vatin.
308 1502 335 1527 35
356 1495 428 1521 Volo
443 1496 524 1521 etiam
535 1494 627 1521 audire
639 1495 671 1521 de
684 1501 781 1530 te,quo
793 1497 897 1523 tandem
909 1497 1134 1523 Senatusconsulto

91 1529 192 1563 legatus
205 1529 235 1555 sis
250 1540 256 1556 ε
291 1529 323 1555 de
341 1530 411 1563 gestu
432 1530 553 1565 intelligo
570 1530 635 1564 quid
654 1531 819 1565 respondeas.
854 1535 873 1558 i.
893 1532 949 1559 dum
962 1531 1051 1568 gestum
1065 1540 1136 1559 tuum

88 1565 217 1600 adspicio,
236 1565 351 1591 diuinare
366 1565 468 1600 pofflm.
576 1566 632 1592 Cic.
647 1565 679 1592 de
694 1567 729 1593 N.
744 1567 777 1593 D.
796 1575 820 1599 3,
856 1586 863 1594 .
901 1587 908 1594 .
947 1568 994 1594 Sed
1009 1577 1039 1594 ea
1051 1568 1134 1601 magis

90 1608 123 1626 ex
143 1600 260 1627 aliorum
279 1601 465 1632 contentione,
483 1609 562 1635 quam
582 1601 637 1636 ipsa
653 1611 700 1636 per
719 1603 771 1629 sese
791 1603 914 1636 cognosci
926 1610 1005 1638 atque
1018 1604 1134 1637 intelligi

89 1636 183 1670 potest.
254 1636 291 1661 Ex
306 1644 371 1662 voce
384 1636 504 1671 intelligo
524 1637 643 1664 Scribon.
659 1646 711 1670 ¹94·

91 1671 110 1697 fi
123 1680 178 1697 non
190 1676 243 1696 tam
255 1671 369 1697 inultum
383 1672 480 1698 In·istis
494 1672 572 1698 rebus
590 1672 727 1708 intelligo,
747 1682 826 1708 quant
838 1674 919 1700 multa
933 1674 998 1700 vidi.
1075 1675 1133 1700 Cic.

89 1707 145 1732 Att.
162 1709 190 1732 16
209 1706 278 1732 Male
291 1715 351 1733 eum
363 1708 442 1734 credo
454 1707 622 1740 intellexisse,
641 1708 659 1734 fi
673 1709 812 1743 quisquam
825 1709 892 1735 male
906 1709 1032 1744 intelligit
1047 1710 1136 1744 potius

89 1741 160 1768 nihil
175 1742 338 1769 intellexiste.
408 1749 420 1762 Α·
452 1743 620 1777 Intelligendi
633 1744 771 1778 disciplina
797 1744 852 1770 Cic.
867 1746 956 1776 Or.17.
999 1746 1056 1771 Viti.
1066 1746 1136 1772 Vera

63 1792 65 1794 -
90 1784 117 1803 et
130 1777 248 1804 absoluta
262 1777 428 1813 eloquentia,
442 1779 489 1813 fi‘b
510 1785 672 1815 ELOQVOR.
779 1779 828 1805 Ille
847 1789 901 1805 non
915 1780 1084 1812 intelligendi
1097 1781 1136 1805 so-

91 1812 209 1845 lnm,sed
220 1813 301 1839 etiam
315 1812 421 1839 dicendi
433 1814 596 1847 grauissimus
609 1814 703 1840 «11ιᾶ01-
715 1819 742 1839 et
751 1814 884 1847 magister,
904 1815 976 1840 Plato
997 1815 1052 1839 Cic.
1060 1815 1134 1840 Orat.
1147 1818 1181 1843 45
1201 1819 1254 1843 143·

89 1855 119 1873 10
132 1857 153 1873 c.
168 1856 188 1879 3.
385 1848 405 1884 ‘J
427 1857 443 1874 2
477 1849 646 1882 Intelligitur.
685 1849 787 1882 Impcrsl
835 1849 891 1874 Cic.
905 1848 936 1873 de
952 1848 1009 1873 Fin.
1024 1856 1045 1879 1,
1082 1867 1088 1873 .
1127 1866 1134 1872 .

88 1882 126 1908 Ex
149 1890 202 1916 quo
226 1882 394 1916 intelligitur,
408 1891 455 1908 nec
475 1882 704 1915 intemperantiam
731 1887 838 1916 propter
858 1883 883 1908 se
904 1881 1057 1916 fugiendam
1076 1883 1135 1908 effe.

86 1916 161 1944 Idem
176 1917 254 1944 Acad.
268 1926 296 1950 4,
333 1937 339 1943 .
378 1937 385 1944 .
479 1917 535 1944 Cic.
550 1918 583 1943 de
596 1917 704 1944 Amicit.
719 1926 748 1949 23
772 1917 802 1943 Id
821 1917 840 1943 fi
859 1917 947 1944 minus
966 1917 1136 1951 intelligitur,

86 1959 134 1980 etc.
199 1953 264 1980 Non
277 1951 448 1986 intelligitur,
456 1953 561 1986 quando
573 1953 684 1986 obrepat
697 1953 815 1979 seneclus
824 1972 832 1984 ,
849 1955 867 1978 i.
883 1953 1061 2013 Viag'entitur,
1069 1952 1136 1978 haud

85 1987 295 2014 animaduertitur
307 2007 314 2019 ,
331 1994 374 2013 aut
387 1990 528 2022 percipitur
542 1988 598 2013 Cic.
613 1987 645 2013 de
659 1986 759 2013 3011081.
774 1992 811 2018 38.

88 2023 250 2057 intelligitur
273 2022 416 2052 Scrib.180.
439 2025 456 2048 i.
465 2023 629 2058 cognoscitur.
697 2021 833 2048 Profeelus
847 2021 1008 2056 intelligitur
1030 2021 1068 2047 Id.
1081 2030 1133 2054 134.

87 2058 228 2085 Intelleelu
250 2058 325 2084 cuius
344 2057 422 2084 facile
440 2057 493 2084 fuit
520 2058 589 2092 Nep.
612 2067 651 2090 10,
672 2066 699 2090 9,
721 2066 745 2090 5.
821 2057 962 2085 1111011εᾶ11
976 2055 1084 2084 difficile
1098 2057 1134 2084 est

84 2094 129 2121 Ne
149 2114 156 2120 .
172 2102 213 2125 25,
226 2101 261 2126 15,
277 2102 296 2119 1.

123 2103 221 2155 ipNTL
234 2136 246 2154 1
259 2134 419 2161 L1G13Ns,
438 2126 657 2164 vid.paullopost.

123 2171 195 2191 INT
208 2171 223 2190 ε
236 2170 326 2191 LLizc
339 2170 360 2190 T
372 2166 449 2190 VRv
459 2172 489 2197 s,
511 2174 542 2198 a,
562 2173 618 2191 um.
645 2164 740 2191 Partic.
776 2162 895 2198 [νσῆσων]
931 2163 1016 2190 Aures
1030 2162 1133 2189 intelle-
1151 2167 1181 2195 55
1200 2170 1219 2192 1,
1233 2170 1246 2186 2
1261 2170 1282 2187 c.
1295 2170 1314 2187 1.

85 2200 176 2227 &urae
201 2199 284 2227 Ouid.
296 2200 382 2227 Trist.
397 2208 420 2232 3,
435 2208 531 2234 14,.40.

123 2244 134 2262 1
145 2242 166 2262 N
179 2242 201 2262 Τ
209 2242 226 2262 Ε
236 2243 251 2261 L
261 2241 278 2261 L
288 2242 304 2262 E
315 2241 332 2262 c
344 2243 365 2262 T
375 2242 394 2260 v
404 2242 416 2261 s
424 2255 432 2267 ‚
465 2244 479 2261 a
488 2255 497 2267 ,
535 2243 590 2261 um.
627 2234 708 2261 Aliud
717 2233 810 2260 Partic.
846 2233 1009 2266 [νενοεμένος]
1046 2233 1132 2258 Perce-

79 2277 158 2308 ραις,
178 2274 307 2306 cognitus,
323 2276 459 2305 compertus
471 2280 479 2295 .·
509 2269 735 2305 frequenti-'ffimum
748 2267 789 2301 est.
832 2267 890 2294 Vid.
903 2268 978 2294 Curt.
996 2276 1033 2300 10,
1045 2276 1072 2300 9,
1087 2276 1129 2293 20.

85 2314 110 2334 et
122 2307 191 2333 Tac.
206 2307 274 2332 Ann.
286 2315 306 2337 1,
319 2314 363 2338 49,
376 2314 389 2330 2
408 2312 453 2330 rtc.

122 2349 132 2368 1
142 2349 163 2368 N
173 2348 219 2369 TE
231 2348 248 2366 L
259 2347 275 2365 L
285 2347 327 2366 Ec
338 2346 360 2365 Τ
371 2346 431 2371 vs,
449 2337 487 2365 sis.
507 2348 543 2365 m.
577 2339 650 2371 [νΞς,
669 2337 762 2370 νόημα,
784 2338 889 2372 σύνεσις]

82 2380 153 2404 titia.
208 2375 273 2401 Plin.
285 2380 308 2406 8,
323 2377 351 2401 16
375 2373 404 2400 d}
416 2374 541 2406 leonibus,
562 2374 654 2400 Credit
668 2374 753 2405 Libya
764 2373 927 2399 intellectum
941 2381 1082 2407 peruenire
1095 2372 1128 2399 ad

80 2421 126 2439 eos
142 2406 259 2446 precum.
326 2409 491 2442 Qin&.2‚6
516 2409 588 2441 Quia
598 2408 805 2435 facilioreorum
814 2408 963 2435 intellectus
977 2408 1127 2435 videbatur.

81 2447 287 2481 Disciplinarum
300 2444 458 2475 intellectus,
477 2444 590 2479 Cognitio
603 2444 742 2479 etscieutia
758 2444 890 2478 Qinffil.
899 2453 959 2478 1‚11.
1049 2444 1128 2478 Sapo-

81 2493 142 2510 rum
156 2481 320 2511 intelleftus,
337 2481 463 2513 Pin-ceptio
475 2487 498 2506 et
505 2480 593 2515 jknsus
621 2479 686 2506 Plin.
701 2488 734 2512 11,
748 2488 788 2514 37.
895 2479 969 2506 Idem
984 2488 1022 2512 19,
1034 2484 1047 2510 8
1060 2480 1078 2505 s.
1093 2486 1127 2512 54

82 2520 112 2545 de
125 2518 228 2551 sinapi,
247 2517 314 2542 Vsus
332 2515 388 2541 eius
407 2515 487 2540 etiam
505 2524 554 2549 pro
573 2515 750 2549 pulmentario
769 2516 798 2541 in
812 2514 914 2550 patellis
931 2514 1041 2542 demeto
1059 2514 1125 2542 citra
1133 2511 1174 2546 {65
1191 2514 1450 2551 intemperantiaque
1464 2517 1590 2544 disseruit.

83 2553 248 2581 intellectum
261 2551 437 2581 acrimoniae,
455 2553 473 2576 i.
487 2550 520 2576 ad
532 2560 583 2576 eum
588 2550 667 2585 finem
679 2550 747 2577 coeto
756 2571 764 2583 ,
781 2550 838 2578 dum
855 2560 904 2578 non
916 2552 1022 2586 amplius
1029 2550 1126 2587 sentia-

80 2597 124 2616 tur
137 2590 283 2615 acrimonia.
369 2586 526 2613 Communis
545 2586 675 2620 Q1in6’til.
689 2595 714 2619 2,
728 2592 741 2616 8
754 2589 827 2620 (16).
933 2586 1029 2613 Facilis
1050 2586 1125 2612 Idem

81 2624 150 2652 ibid.
164 2633 185 2650 c.
199 2631 222 2656 ς.
287 2621 417 2650 Amittere
429 2622 592 2649 intellectum
601 2622 616 2655 ‚'
628 2624 686 2649 Non
700 2622 836 2659 intelligere
855 2622 911 2649 Sen.
920 2621 951 2648 de
960 2621 1049 2648 Benef.
1058 2629 1126 2655 3,17.

82 2662 183 2696 Capere
198 2657 362 2687 intellectum
374 2657 485 2685 alicuius
502 2659 541 2685 rei
562 2657 692 2692 Qinffil.
707 2666 727 2690 1,
744 2666 763 2683 1.
855 2656 938 2683 Rudis
957 2662 983 2683 et
1001 2657 1124 2683 confusus

80 2697 155 2724 stilus
168 2695 302 2722 intellesitu
315 2696 394 2722 Caret
413 2693 544 2727 Quintilii.
560 2702 581 2726 1,
596 2702 616 2720 1.

81 2732 180 2769 ligendo
191 2731 370 2766 apprehendere
389 2729 461 2756 Idem
476 2738 498 2761 2,
510 2737 532 2762 5.
629 2730 677 2756 Pro
691 2727 891 2764 Significatione,
927 2726 1059 2760 Qiine’til.
1074 2736 1096 2758 7,
1110 2735 1123 2759 5

81 2767 310 2795 Adintelleetum
334 2765 362 2792 id
386 2773 484 2791 nomen
502 2764 647 2791 referentes
669 2763 759 2790 Latini
779 2762 830 2796 (ad
842 2762 954 2790 verbum
969 2762 1123 2789 translatum

79 2813 134 2830 non
150 2803 278 2834 inuenio)
292 2801 442 2828 absolutum
454 2800 594 2835 appellant.
684 2799 791 2826 Habere
809 2799 939 2833 duplicem
960 2797 1124 2825 intellefftum

80 2839 213 2873 Qinc'til.
228 2847 250 2871 2,
265 2846 304 2871 14.
374 2836 441 2863 Add.
458 2843 485 2871 7,
500 2844 525 2868 9,
539 2844 560 2867 3.
598 2842 625 2869 7,
639 2843 675 2866 10,
690 2844 700 2862 1
714 2841 759 2861 etc.
831 2836 871 2862 Sic:
885 2835 958 2861 Non.
973 2841 996 2868 5,
1009 2843 1035 2866 33
1061 2834 1122 2860 Ful-

79 2884 157 2906 men,
177 2874 294 2908 Fulgur,
314 2878 340 2899 et
353 2872 521 2906 Fulgin-itum
534 2871 575 2898 his
588 2870 770 2897 intellecIibus
787 2871 966 2897 secernuntur.

116 2917 125 2935 1
136 2917 157 2936 N
167 2917 189 2936 T
198 2917 213 2936 Ε
224 2916 239 2935 L
248 2917 264 2935 L
274 2915 291 2935 E
302 2914 319 2934 C
331 2915 370 2934 TI
381 2913 400 2933 0
410 2927 417 2939 ,
439 2908 505 2933 onis.
524 2908 545 2933 f.
581 2905 658 2932 Αιιᾶὶ.
672 2906 702 2932 ad
717 2907 833 2932 Herenn.
847 2915 866 2939 4
880 2915 901 2932 c.
914 2913 941 2938 33
970 2904 1123 2932 1111011οἃ10

80 2946 117 2973 est
129 2954 188 2971 cum
201 2953 243 2971 res
256 2949 310 2970 tota
325 2952 406 2977 parua
419 2943 451 2969 de
465 2948 538 2977 parte
551 2941 734 2976 cognoscitur,
752 2948 797 2968 aut
817 2941 848 2967 de
862 2946 916 2967 tota
929 2949 997 2975 pars.

75 3000 77 3003 -
115 2988 127 3007 1
137 2988 160 3007 N
170 2987 191 3006 Τ
202 2987 218 3006 E
229 2987 245 3005 L
255 2987 271 3005 L
280 2986 296 3005 1⁷.
307 2985 325 3005 C
338 2985 361 3004 'r
372 2985 391 3005 O
400 2985 419 3005 R
428 2997 436 3010 ,
459 2978 523 3005 oris.
544 2987 580 3005 m.
616 2977 753 3012 Augustin.
768 2977 799 3004 de
812 2976 903 3004 Ddetr.
919 2976 1016 3003 Christ.
1031 2985 1045 3002 2
1054 2996 1061 3007 ,
1087 2984 1120 3008 13.

78 3017 154 3044 Idem
168 3015 200 3042 de
212 3015 305 3041 Genes.
318 3014 349 3040 ad
362 3014 401 3040 lit.
416 3019 439 3046 8,
451 3022 474 3040 2.
567 3014 600 3040 Et
614 3012 645 3039 de
659 3012 761 3041 Morib.
775 3011 892 3040 Manich.
907 3021 930 3045 2,
946 3021 969 3045 3.
1045 3011 1120 3047 Conf.

18 3043 21 3046 Ι
54 3057 57 3059 “
76 3055 138 3080 Vet.
153 3052 203 3077 Int.
217 3052 286 3078 Iren.
300 3059 324 3083 1,
341 3052 375 3077 ¹6.

109 3096 120 3115 1
129 3095 150 3114 N
162 3094 208 3114 TE
219 3093 234 3112 L
243 3093 260 3112 L
271 3093 286 3112 Ε
297 3092 314 3111 c
326 3092 406 3111 TVA
415 3091 431 3111 L
441 3091 451 3110 1
461 3092 490 3117 s,
506 3094 529 3112 e.
548 3083 609 3111 Adi.
644 3084 723 3119 Apul.
739 3083 771 3110 de
778 3082 944 3120 Dogm.Plat.
953 3092 978 3118 p.
991 3090 1042 3118 574
1054 3082 1120 3109 FIor.

24 3122 35 3142 '⁴
73 3122 243 3158 Philosophia
256 3120 451 3148 intellectualis.

29 3166 52 3177 ¹>
112 3162 309 3186 INTELLEC
321 3162 343 3182 Τ
354 3162 549 3188 vAL1TAs,
566 3155 624 3182 atis.
641 3155 661 3181 f.
699 3154 816 3182 Tei-tull.
829 3155 861 3182 de
873 3155 962 3181 Anim.
975 3163 997 3180 c.
1011 3158 1040 3185 38
1053 3159 1127 3180 extr.-

111 3202 122 3221 1
134 3201 153 3220 N
163 3201 185 3221 T
194 3200 211 3220 E
221 3199 236 3217 L
245 3200 262 3219 L
272 3191 314 3219 i'G
322 3199 339 3219 E
348 3199 371 3218 N
381 3199 393 3218 S
401 3211 409 3223 ,
428 3192 503 3218 entis.
525 3192 593 3218 Part.
614 3189 745 3225 [domimum
763 3190 875 3224 συνετὸς]
911 3189 1117 3224 Scierzs,fhpierzs,

20 3205 42 3253 1ιῖὗ
76 3229 183 3262 11οᾶ111,
198 3227 317 3263 prudens.
1099 3259 1104 3264 .

867 3261 967 3288 Doctus
979 3265 1005 3287 et
1020 3260 1119 3286 intelli-

62 3308 65 3313 '
77 3311 139 3337 gens
150 3299 315 3327 existimator
339 3299 395 3325 Cic.
413 3298 446 3324 de
466 3298 536 3325 Clar.
549 3299 623 3324 Orat.
637 3306 685 3329 320
700 3307 721 3324 c.
735 3305 777 3332 54.
882 3299 920 3324 De
929 3299 1023 3331 peritis
1035 3294 1117 3329 artifi-

46 3334 54 3339 ⁴
75 3341 171 3365 ciorum
189 3334 334 3362 iudicibus:
368 3333 482 3360 adhiberi
498 3334 542 3360 boc
561 3342 663 3366 nomen,
684 3340 763 3359 monet
781 3334 866 3360 Burm.
883 3332 922 3359 ad¹
936 3333 1038 3358 Petron.
1052 3341 1074 3357 c.
1084 3340 1116 3365 52

72 3380 101 3410 p.
118 3382 169 3407 255.
209 3369 373 3409 Taliqsunt,
386 3370 599 3409 quae-fiquuntur.
670 3369 726 3395 Cic.
739 3370 816 3396 Verr.
829 3378 858 3402 4,
870 3377 888 3401 4
905 3369 979 3400 Qiae
991 3375 1046 3393 non
1058 3375 1114 3392 mo-

1158 582 1187 601 10
1204 576 1380 610 intelligentia
1399 576 1471 603 Idem
1486 578 1517 604 de
1531 578 1600 604 Clar.
1614 581 1687 605 Orat.
1701 589 1751 613 229
1765 584 1839 614 c.64.

1157 760 1183 786 15
1202 759 1298 778 nentur
1316 751 1389 779 ideae
1400 754 1504 780 ratione
1517 760 1541 781 et
1556 755 1619 781 intel
1633 756 1732 790 igentia
1751 757 1807 783 Cic.
1823 759 1850 784 in
1863 760 1937 786 Orat.
1951 769 1988 788 10.

1150 1291 1182 1315 3ο
1200 1283 1233 1310 le.

654 1460 720 1486 Satis
737 1461 858 1487 intellexi
878 1462 945 1488 Ter.
956 1461 1134 1494 Adel.3‚2,3t.
1171 1465 1181 1472 ¹

778 1638 833 1664 Cic.
847 1639 923 1665 Verr.
932 1647 959 1671 4,
968 1648 1004 1673 94
1023 1640 1132 1666 Tanict-
1144 1641 1182 1666 40

923 2338 1075 2378 Cognitiouct
1088 2347 1129 2363 no-
1140 2341 1177 2366 60
1194 2337 1290 2373 Superi.
1326 2339 1580 2372 Intemperantissimi
1594 2342 1682 2366 versus
1700 2342 1777 2375 Apul.
1790 2343 1867 2376 Apol.
1882 2353 1906 2378 p.
1915 2353 1974 2380 279.

723 2693 857 2727 Consequi
875 2691 1027 2722 intellectu,
1048 2693 1123 2718 1111111-
1135 2697 1172 2726 70
1189 2691 1393 2727 intemperantia

1144 3055 1176 3081 80
1184 3052 1370 3081 temperanter.

370 3227 438 3253 Ter.
454 3228 517 3252 Eun.
531 3236 555 3259 2,
570 3235 592 3258 2,
607 3236 635 3253 10
668 3226 715 3252 Dii
736 3227 897 3254 immortales
916 3225 1020 3252 homini
1034 3225 1117 3250 homo
1137 3230 1166 3260 85
1181 3228 1343 3252 contrarium.

1580 172 1597 212 1
1677 173 1721 213 N
1801 175 1846 217 T
2159 190 2247 227 1166

1197 256 1347 298 videantur.
1389 293 1394 298 ¹
1453 260 1631 300 intelligentia
1649 261 1811 290 somniorum
1838 267 1927 295 lustin.
1948 272 1988 303 36,
2003 279 2029 303 2,
2041 276 2064 302 8.
2173 273 2244 300 Iuri-

1200 293 1288 332 cnulis
1310 293 1485 333 intell-igentia
1515 297 1571 322 Cic.
1586 296 1631 336 'de‘
1648 297 1717 323 Clar.
1731 300 1805 324 Orat.
1821 308 1874 328 102,
1971 307 2091 333 Κωφής
2104 312 2129 334 ρ(
2145 308 2246 335 intem-

1202 334 1306 362 gentiae
1320 334 1449 362 particeps
1472 340 1529 364 pars
1550 340 1633 357 animi
1659 333 1720 359 Cic:
1738 333 1769 359 de
1786 334 1877 361 Diuin.
1892 346 1912 369 1,
1923 346 1958 372 70
1971 350 1994 367 ς,
2010 350 2049 373 32,
2141 344 2243 370 lust-m,

1203 364 1318 397 gcntiam
1333 365 1457 390 sermonis
1473 367 1577 399 exigere
1602 367 1619 392 l.
1635 376 1665 393 20
1679 366 1701 404 β.
1718 377 1735 401 9
1748 368 1773 394 ff.
1788 371 1835 404 qui
1850 371 1947 399 testam.
1962 376 2085 410 fac-:pom
2178 380 2243 406 Ani-

1326 436 1329 438 -
1391 436 1396 440 ἢ
1454 437 1457 440 ι
1531 438 1534 441 Δ
1603 438 1607 442 .
1660 439 1674 445 ..
1717 440 1722 446 1
1833 405 1956 433 Difficilis
1979 418 2034 438 erat
2056 413 2154 446 animi,
2175 415 2242 449 quid

1202 441 1247 474 aut
1261 435 1344 468 qualis
1358 437 1433 469 esset,
1452 437 1625 470 intelligentia
1645 442 1701 465 bic.
1726 439 1798 466 I'usc.
1814 448 1833 471 1,
1848 448 1871 473 51
1886 450 1906 467 c.
1922 450 1963 469 22.
2050 448 2148 475 Vitiosa
2169 449 2243 477 [dem

1201 470 1269 496 ibid.
1293 478 1315 502 5,
1340 472 1380 500 68.
1475 472 1615 498 Prudentia
1645 481 1669 500 et
1701 475 1895 508 intelligenda,
1914 478 1981 503 Idem
2000 480 2055 507 Cic.
2080 484 2132 509 Oll'.
2159 494 2170 510 2
2202 494 2212 500 c
2288 507 2290 509 >

1202 504 1222 542 fi
1250 513 1265 531 2
1308 505 1395 532 Verba.
1434 505 1473 531 Ad
1488 516 1638 534 commune
1665 509 1794 536 iudicium
1812 512 2018 548 popularemque
2042 496 2244 553 intelligeniizissi

1204 540 1307 575 aliquid
1321 541 1517 568 accommodate
1537 543 1647 569 delinire
1673 545 1729 571 Cic.
1746 546 1773 571 iu
1785 547 1860 574 Orat.
1874 555 1924 583 117.
2033 552 2139 580 Antcire
2154 564 2244 583 omnes

1217 611 1222 615 .
1326 615 1329 618 Ι
1662 615 1666 619 .
1738 616 1743 620 .
1943 583 2043 611 Cadere
2056 586 2082 612 111
2097 587 2245 624 intelligen-

1202 616 1283 643 tiam,
1301 612 1354 638 vui.
1370 617 1468 651 enno.
1539 613 1644 640 Habere
1660 615 1861 650 intelligentiam
1874 617 1914 645 rei
1927 619 2038 647 alicuius
2063 622 2118 649 Cic.
2132 624 2244 661 Philipp.

1202 655 1229 679 9,
1245 655 1281 686 10ἶ
1351 647 1498 687 Concipere
1509 649 1602 688 animo
1616 658 1644 675 ac
1660 657 1745 678 niente
1759 652 1924 680 adumbratas
1938 652 2058 683 omnium
2070 666 2157 684 rerunt
2171 669 2245 694 quas-

1202 682 1261 708 dam
1275 681 1461 717 intelligentias
1482 684 1537 710 Cic.
1553 684 1585 710 de
1598 684 1690 718 Legib.
1706 694 1728 718 2,
1743 694 1780 719 59.
1887 690 2021 717 Conclusit
2040 693 2246 728 intelligentiam

1203 718 1232 743 in
1244 718 1333 743 animo
1342 736 1349 748 ,
1368 723 1393 744 et
1406 719 1520 745 animam
1535 720 1563 745 in
1576 728 1622 746 cor
1641 729 1687 747 ure
1700 722 1770 747 Deus
1792 721 1864 749 Idem
1879 723 1910 750 de
1926 726 2045 754 Vniuers.
2058 734 2080 758 8.
2153 729 2248 757 Conti-

1203 787 1347 821 longillime
1367 788 1400 815 ab
1423 789 1597 825 intelligentia
1611 791 1737 826 sensuque
1750 793 1786 818 im
1807 793 1953 828 critorum,
1973 797 1998 823 id
2014 764 2247 829 ωᾱκὶιῗιῗειὲζῗέῗῑιὶιὲ

1202 823 1277 863 Idem
1291 823 1322 850 de
1336 824 1409 863 Orat.
1425 833 1445 857 1,
1459 834 1492 865 12.
1598 825 1684 853 Efficit
1696 836 1736 853 res
1751 836 1784 854 no
1807 829 1828 854 is
1842 835 1916 856 notas
1929 834 2076 860 communis
2098 836 2248 871 intelligen-

1206 865 1258 891 tta,
1279 867 1380 899 Pasqpss.
1391 868 1420 885 111
1437 861 1645 903 animis-nostris
1665 862 1818 902 indicauit,
1835 870 1863 891 vt
1875 865 1982 894 honesta
1996 868 2022 894 in
2037 870 2135 897 virtute
2149 882 2248 907 ponan-

1202 900 1260 925 tur,
1278 902 1306 920 1n
1320 899 1394 920 v1t1is
1406 901 1493 930 turpia
1511 898 1566 922 Cic.
1583 897 1614 922 de
1627 897 1718 931 Legib.
1734 907 1753 930 1,
1766 907 1813 932 44.
1930 901 2003 929 Idem
2016 904 2047 930 dc
2061 906 2096 932 N.
2113 907 2144 933 D.
2165 917 2190 940 1,
2210 917 2246 942 49

1152 936 1187 954 20
1201 930 1309 956 Tamen
1323 930 1405 956 fretus
1420 931 1596 965 intelligentia
1608 932 1691 959 vct'tra
1705 934 1799 960 differo
1813 933 1931 969 breuius,
1941 942 2099 972 quamcausa
2108 941 2245 971 deciderat.

1201 965 1341 991 Intendere
1355 972 1379 991 et
1393 966 1502 1007 infigere¹
1515 967 1718 1008 intelligentiam
1734 969 1761 994 in
1774 977 1829 995 rein
1842 971 1958 1005 aliquam
1979 974 2035 1000 Cic.
2050 975 2082 1002 de
2095 977 2156 1004 Nat.
2166 979 2247 1007 Deor.

1199 1009 1346 1070 ἑέἒῗὸωῑ.
1364 1002 1475 1063 ¹{tinere
1495 1011 1524 1029 in
1545 1003 1671 1055 audiendi
1689 1003 1797 1031 fastidio
1816 1006 2018 1041 intelligentiam
2050 1011 2123 1039 Idem
2138 1013 2169 1039 de
2181 1015 2246 1049 Opt.

1622 1072 1690 1099 Adu.
1711 1098 1715 1102 ,

1238 1077 1248 1096 1
1258 1078 1280 1097 N
1289 1077 1310 1096 T
1319 1078 1335 1097 E
1346 1079 1361 1097 L
1370 1078 1387 1097 L
1398 1079 1406 1098 1
1416 1079 1436 1098 G
1445 1079 1461 1099 r:
1469 1079 1491 1099 N
1500 1080 1521 1100 Τ
1528 1079 1545 1099 Ε
1553 1079 1583 1099 R.
1727 1074 1860 1109 [συνετῶς]
1898 1077 1955 1103 Cum
1969 1081 2142 1117 intclligeneia.
2178 1083 2246 1112 Phn.

1155 1111 1186 1137 25
1203 1106 1282 1140 Epist.
1298 1115 1320 1139 5,
1335 1109 1362 1132 16
1397 1110 1484 1141 Quam
1498 1109 1628 1140 studiose,
1647 1117 1726 1143 quam
1742 1109 1920 1144 intelligenter
1932 1113 2081 1149 lectitabat,
2102 1125 2128 1144 υΙ
2142 1117 2246 1151 ostende.

1200 1142 1275 1177 retfi
1290 1142 1443 1178 intelligere,
1458 1152 1516 1179 quae
1528 1146 1626 1180 legeret.
1730 1144 1787 1171 Cic.
1801 1145 1828 1171 in
1843 1147 1931 1173 Partit.
1947 1154 1973 1178 28
1985 1155 2029 1180 c.8
2046 1153 2187 1180 Sumuntur
2202 1164 2248 1181 au-

1200 1183 1254 1204 tem
1267 1177 1347 1203 trium
1362 1187 1452 1205 rerum
1463 1180 1548 1213 gratia
1562 1190 1567 1206 :
1602 1185 1631 1206 vt
1645 1179 1744 1212 amice,
1763 1185 1792 1207 vt
1806 1180 2001 1218 intelligenter,
2020 1192 2049 1212 vt
2062 1193 2158 1214 attente
2172 1190 2247 1217 audi-

1199 1221 1275 1239 amur
1290 1224 1296 1239 :
1329 1219 1359 1239 vt
1375 1215 1551 1251 intelligamur.

1236 1255 1431 1275 INTELLIG
1445 1257 1523 1276 1311.
1535 1257 1582 1281 1s,
1597 1258 1620 1276 e.
1637 1249 1698 1277 Adi.
1734 1250 1792 1277 Sen.
1808 1252 1887 1286 Epist.
1903 1262 1949 1287 124
1970 1255 2073 1283 Bonum
2090 1257 2248 1293 intelligibi-

1340 1284 1459 1312 Macrob.
1472 1286 1560 1312 Somn.
1574 1285 1640 1319 Scip.
1656 1294 1673 1315 1,
1689 1287 1705 1311 6
1733 1287 1862 1321 Corporis
1875 1288 2053 1325 intelligibilis
2067 1292 2137 1319 linea
2151 1297 2247 1328 prima.

1199 1320 1231 1345 Et
1244 1318 1305 1347 ibid.
1325 1319 1378 1345 Esse
1391 1326 1477 1346 autem
1492 1321 1604 1347 dicimus
1618 1321 1818 1355 intelligibilia,
1836 1323 1926 1351 videri
1938 1327 1986 1353 efl'e
2000 1330 2148 1362 corporalia
2155 1332 2248 1358 omnia

1197 1360 1245 1380 etc.
1281 1355 1360 1380 Plura
1374 1357 1489 1383 Borrich.
1504 1356 1585 1392 Cogit.
1601 1362 1629 1391 p.
1643 1365 1695 1390 143.

1199 1425 1218 1451 Ε
1238 1396 1278 1450 ispi
1288 1397 1333 1416 TE
1341 1397 1357 1416 L
1367 1397 1383 1417 L
1395 1397 1403 1416 1
1414 1398 1435 1418 G
1445 1398 1455 1417 1
1464 1398 1498 1418 131
1509 1398 1524 1417 L
1534 1398 1543 1417 1
1552 1398 1573 1418 T
1582 1398 1599 1418 Ε
1609 1398 1637 1417 R.
1664 1391 1734 1419 Adu-
1771 1393 1907 1428 Augustin.
1921 1395 2050 1432 Soliloqu.
2066 1407 2098 1425 11.
2170 1399 2247 1429 Idem

1220 1434 1248 1459 pi
1273 1444 1279 1450 .
1297 1431 1349 1455 218-

1237 1467 1246 1485 1
1259 1466 1280 1486 N
1292 1468 1313 1487 T
1325 1467 1341 1487 E
1350 1467 1399 1486 ME
1410 1467 1429 1487 R
1438 1467 1458 1486 A
1469 1467 1501 1487 131
1514 1467 1529 1487 L
1542 1467 1550 1486 1
1562 1468 1574 1488 S
1584 1481 1591 1492 ‚
1620 1469 1644 1487 e.
1681 1460 1741 1488 Adi.
1779 1464 1853 1498 Qcod
1878 1469 2010 1500 temerari,
2036 1472 2177 1505 corrumpi,
2197 1480 2246 1498 non

1195 1493 1286 1531 potest.
1324 1495 1418 1522 Claud.
1432 1496 1554 1523 Maincrt.
1569 1505 1589 1529 1,
1603 1505 1619 1522 2
1638 1497 1830 1526 Intemerabilis
1843 1500 1970 1527 hilaritas.

1237 1538 1247 1557 1
1257 1538 1278 1556 N
1289 1536 1310 1557 Τ
1322 1537 1339 1557 E
1348 1538 1372 1557 M
1381 1538 1398 1557 E
1410 1538 1427 1557 R
1441 1538 1461 1557 A
1474 1538 1494 1557 Ν
1507 1539 1525 1560 D
1534 1539 1555 1558 V
1564 1540 1576 1558 S
1585 1553 1593 1565 ,
1609 1541 1639 1564 a,
1660 1541 1713 1559 um.
1730 1534 1791 1560 Adi.
1829 1535 1994 1572 [σέμιαντέος]
2010 1552 2013 1558 r
2033 1540 2091 1566 Non
2104 1542 2237 1568 violandus·

1198 1573 1243 1592 aut
1255 1567 1458 1592 contaminandus
1472 1577 1481 1593 :
1517 1574 1541 1593 et
1553 1567 1665 1603 refertur
1678 1568 1711 1594 ad
1724 1578 1763 1594 res
1769 1570 1869 1604 sacras.
1928 1573 2015 1600 Valet.
2028 1575 2127 1609 Argon.
2141 1586 2154 1609 5
2192 1563 2248 1611 643

1199 1603 1240 1628 An
1254 1602 1349 1628 Martia
1365 1602 1461 1636 templa
1495 1603 1679 1629 Intemeranda
1697 1605 1803 1631 11111111ςί
2162 1596 2171 1610 ’

1230 1643 1249 1676 11
1260 1643 1280 1662 N
1295 1643 1316 1663 T
1327 1644 1374 1664 ΕΜ
1384 1645 1400 1664 E
1410 1645 1429 1664 R
1438 1639 1458 1664 A
1469 1643 1490 1663 Τ
1502 1644 1521 1663 V
1531 1644 1560 1670 S,
1591 1647 1605 1664 a
1614 1655 1622 1668 ‚
1656 1647 1709 1665 um.
1748 1640 1808 1666 Adi.
1845 1641 1998 1676 [ἐμίαν-νος]
2035 1646 2094 1671 Non
2121 1646 2248 1674 turbatur.

1200 1673 1280 1706 Virg.
1296 1673 1360 1698 Aen.
1375 1681 1396 1705 3,
1414 1678 1456 1707 178
1477 1673 1506 1699 Et
1519 1681 1629 1700 munera
1642 1673 1700 1700 libo
1734 1675 1892 1702 Inteinerata
1909 1677 1984 1703 focis.
2062 1681 2110 1706 Vbi
2132 1681 2248 1713 Seruius,

1201 1708 1374 1740 Intemerata,
1395 1708 1446 1734 rite
1463 1708 1580 1742 perrefita
1595 1719 1601 1733 :
1637 1714 1665 1734 vt
1686 1708 1703 1734 ti
1717 1709 1823 1735 ‘leniter
1843 1710 1877 1736 est
1891 1711 2057 1739 fundendum
2072 1715 2181 1748 vinum,
2201 1722 2248 1744 aut

1201 1743 1273 1768 mola
1294 1743 1455 1774 iniicienda,
1476 1743 1507 1768 (ic
1534 1743 1616 1772 fiunt,
1637 1749 1666 1769 vt
1681 1743 1753 1769 ratio
1773 1745 1856 1778 exigit
1876 1746 2018 1774 sacrificii:
2054 1750 2130 1777 aliter
2143 1751 2160 1777 fi
2176 1751 2239 1779 fiant

1201 1783 1326 1803 temerata
1340 1786 1368 1803 ac
1382 1777 1487 1803 turbata
1499 1777 1556 1802 sunt
1572 1777 1649 1802 sacra.
1719 1778 1815 1812 Fides,
1833 1783 1853 1806 i.
1870 1781 1929 1806 Non
1942 1784 2036 1809 violata
2056 1786 2130 1819 Virg.
2145 1787 2207 1812 Aen.
2219 1772 2248 1820 2:

1327 1811 1402 1851 Conf.
1417 1811 1507 1837 Tacit.
1522 1812 1590 1852 ᾼηη.
1607 1819 1627 1843 1,
1641 1819 1686 1851 49,
1700 1820 1713 1845 5
1725 1819 1771 1840 etc.
1792 1849 1798 1854 .
1876 1816 1988 1855 Compar.
2025 1820 2105 1847 Mart.
2124 1822 2222 1856 capell.
2234 1831 2247 1850 ι

1200 1854 1225 1879 p.
1240 1854 1253 1877 3
1274 1845 1371 1880 Sophia
1385 1852 1569 1873 intemeratior
1582 1847 1681 1873 cun6hs
1696 1849 1884 1884 pulchriorque
1904 1852 2062 1885 Virginibus.

1642 1883 1672 1908 C.
1687 1883 1795 1909 Theod.
1809 1885 1825 1911 l.
1841 1893 1866 1917 15
1880 1886 1920 1912 tit.
1934 1894 1956 1919 5.

1689 1918 1749 1944 Adi.
1785 1917 1947 1959 [ddi-ufaro„
1967 1922 2092 1960 ἄκροι-τῆς]
2127 1926 2245 1962 Tempe-

1541 1952 1725 1979 Immoderatus.
1763 1954 1817 1980 Cic.
1834 1955 1866 1981 de
1880 1957 1978 1984 Senec‘t.
1993 1967 2027 1991 29
2040 1968 2085 1992 c.9
2104 1961 2245 1989 Libidino-

1237 1887 1517 1921 1NTEMERATE.
1537 1881 1604 1907 Adu.
1620 1917 1626 1921 Ι

1236 1923 1511 1943 INTEMPERAN
1524 1923 1555 1947 s,
1573 1921 1649 1942 antis.

1199 1951 1269 1976 ranti
1281 1949 1314 1983 qli
1327 1955 1479 1978 contrat-item
1494 1961 1504 1980 ,·

954 1988 1027 2020 pium
1043 1993 1133 2020 potum
1146 1992 1177 2017 50
1199 1986 1223 2010 sa
1238 1986 1335 2011 etenim
1347 1992 1373 2012 et
1386 1986 1563 2021 intemperans
1576 1987 1762 2020 adolescentia,
1781 1990 1886 2018 effetum
1901 2002 1995 2027 corpus
2009 1995 2090 2021 tradit
2109 1998 2244 2025 [0110611111.

1198 2021 1378 2059 Intemperans
1389 2021 1417 2047 in
1431 2021 1543 2048 alicuius
1557 2023 1598 2048 rei
1611 2023 1753 2056 cupiditate
1778 2025 1835 2052 Cic.
1850 2028 1902 2053 Att.
1916 2036 1950 2059 13,
1963 2031 2005 2054 26.

1199 2062 1253 2088 tia,
1281 2056 1334 2083 vizi.
1355 2063 1495 2086 ADOLEO.
1602 2059 1782 2093 Intemperans
1796 2061 1853 2093 vir,
1876 2067 1900 2088 et
1915 2063 2047 2097 impudica
2062 2067 2159 2094 mulier
2185 2070 2244 2096 Cic.

1198 2092 1278 2117 Verr.
1292 2101 1312 2123 3,
1327 2095 1383 2119 160.
1487 2093 1665 2126 Intemperans
1681 2100 1706 2119 et
1720 2094 1830 2128 ignauus
1851 2097 1906 2124 Cic.
1915 2097 1945 2124 de
1955 2100 2010 2126 Fin.
2021 2109 2038 2126 1.
2146 2105 2245 2131 Intem-

1198 2128 1314 2160 perantis
1333 2128 1405 2153 enim
1426 2126 1545 2153 arbitror
1563 2128 1625 2158 effe,
1645 2128 1759 2156 scribere
1777 2131 1849 2165 quod
1869 2134 1996 2161 occultari
2010 2136 2074 2162 velit
2094 2138 2149 2164 Cic.
2164 2139 2244 2166 Acad.

1233 2197 1237 2202 ⁴
1258 2198 1262 2202 ι
1382 2163 1434 2201 Hie
1450 2162 1551 2189 videtur
1570 2162 1603 2202 ati
1622 2163 1807 2198 intemperiem
1826 2169 1948 2202 quandam
1961 2176 1984 2195 et
1996 2172 2103 2197 morbum
2116 2177 2194 2201 animi
2205 2184 2245 2201 re-

1190 2196 1271 2231 spit-1.
1379 2196 1480 2223 Auidus
1495 2205 1574 2233 atque
1587 2204 1764 2234 intemperans
1777 2201 1942 2235 plebeiorum
1957 2206 2061 2231 animus
2080 2207 2139 2233 Liu
2152 2217 2200 2243 24,
2215 2217 2245 2243 25

1197 2237 1263 2257 extr.
1371 2231 1413 2259 Ad
1444 2233 1601 2259 vescendum
1633 2235 1809 2270 intemperans
1839 2238 1893 2264 fuit
1922 2240 1986 2266 Aur.
2007 2241 2077 2268 Vici.
2097 2243 2165 2277 Epit.
2181 2254 2202 2271 c.
2216 2248 2242 2272 6.

1196 2267 1308 2301 Compar.
1346 2267 1377 2293 In
1403 2267 1527 2302 quasdam
1548 2269 1605 2295 fere
1622 2270 1771 2305 voluptates
1793 2271 1914 2299 homines
1926 2275 2170 2310 intemperantiores
2184 2281 2244 2308 sunt

1195 2301 1253 2328 Sen.
1266 2302 1298 2328 de
1313 2302 1355 2328 Ira
1370 2311 1388 2333 1,
1403 2312 1424 2335 3.
1498 2305 1572 2340 Canf.
1593 2305 1666 2331 Idem
1679 2306 1718 2332 'ad
1739 2307 1820 2333 Helu.
1842 2317 1862 2333 c.
1877 2310 1902 2334 6.
1938 2317 1962 2336 et
1974 2312 2029 2339 Cic.
2042 2313 2070 2338 in
2083 2315 2172 2342 Vatin.
2186 2325 2207 2342 c.
2223 2325 2242 2343 1.

2091 2032 2245 2060 Adolescen-

2045 2349 2099 2375 Cic.
2114 2350 2140 2375 in
2176 2351 2180 2355 ⁴
2233 2372 2241 2378 .

1191 2381 1216 2434 ἓ.
1237 2381 1273 2434 59
1301 2373 1491 2408 Impurissirnae
1521 2381 1600 2409 atque
1632 2376 1908 2411 intemperantiffimae
1939 2381 2045 2416 pecudis
2075 2352 2242 2414 coenufiilisosst

1204 2415 1236 2434 or
1256 2417 1290 2434 es.
1549 2423 1552 2426 ⁴

1195 2481 1201 2485 Ι
1228 2449 1239 2468 1
1251 2449 1273 2468 N
1283 2450 1363 2470 TEM
1371 2452 1386 2472 P
1396 2452 1413 2472 E
1421 2452 1440 2472 R
1448 2453 1470 2472 A
1480 2452 1503 2472 N
1511 2452 1532 2473 T
1542 2452 1551 2471 1
1560 2453 1582 2474 Α
1590 2466 1597 2478 ,
1618 2455 1656 2474 ae.
1675 2447 1695 2474 f.
1733 2448 1881 2484 [inpiis-aot,
1895 2453 2035 2488 α’κολασιά]
2069 2456 2240 2492 Intemperies,

1190 2483 1391 2513 utconwzcntia,
1409 2482 1550 2518 insolentia.
1587 2483 1644 2509 Cic.
1658 2492 1709 2517 pro
1723 2485 1794 2510 Cael.
1810 2493 1836 2518 25
1861 2487 1886 2513 Is
1901 2488 1982 2513 multa
1994 2488 2026 2514 de
2044 2489 2239 2520 incontinentia

1239 2550 1244 2555 ι
1396 2553 1400 2556 .
1569 2553 1575 2559 ,
1682 2518 1755 2545 Idem
1771 2520 1848 2547 Acad.
1864 2530 1884 2554 1,
1896 2531 1926 2554 39
1959 2524 1989 2549 Et
2002 2527 2122 2552 omnium
2136 2535 2240 2561 pertur-

1190 2549 1330 2590 bationum
1344 2551 1524 2579 arbitrabatur
1537 2554 1584 2578 esse
1596 2558 1707 2579 matrem
1716 2555 1916 2583 immoderatam
1924 2559 2053 2592 quandam
2063 2562 2240 2598 intemperan-

1190 2591 1264 2611 tiam.
1360 2588 1443 2620 Fore,
1462 2594 1490 2614 vt
1510 2588 1633 2615 inimicos
1653 2595 1711 2615 tuos
1725 2591 1856 2623 poeniteat
1869 2593 2087 2628 intemperantiae
2100 2598 2159 2624 suae
2179 2599 2237 2626 Cic.

1190 2621 1263 2647 Fam.
1275 2629 1298 2654 3,
1312 2630 1341 2647 10
1348 2629 1391 2657 pr.
1404 2623 1488 2657 paullo
1502 2631 1558 2650 ante
1575 2625 1751 2651 temeritatem
1768 2626 1886 2661 dixerat,
1903 2629 1931 2654 de
1948 2631 2129 2666 accufhtoribus
2147 2637 2229 2669 Appii

1190 2656 1405 2684 Adolescentium
1419 2658 1558 2692 impudens
1578 2660 1795 2695 intemperantia,
1817 2663 1868 2689 vid.
1889 2662 2059 2694 IMPVDENS.
2153 2657 2238 2705 Aegri

1414 2693 1545 2734 Qtinetil.
1558 2703 1583 2726 2,
1596 2704 1630 2727 17.
1736 2697 1810 2723 Caeli
1827 2699 1884 2725 Sen.
1898 2699 1930 2726 de
1944 2701 2031 2728 Const.
2051 2712 2072 2729 c.
2085 2712 2110 2737 9.
2135 2704 2164 2731 de
2175 2712 2236 2732 tem-

1183 2725 1289 2768 pestate.
1397 2729 1437 2755 Ad
1450 2729 1504 2755 coli
1517 2731 1746 2765 intemperantiam
1759 2733 1836 2759 adfici
1861 2735 1981 2763 Scribon.
1994 2746 2043 2764 122.
2079 2742 2096 2765 i.
2118 2742 2236 2769 morbum.

1189 2763 1324 2790 Ltbidinis
1350 2764 1554 2799 intemperantia
1577 2768 1681 2793 coercet
1708 2768 1774 2794 Plin.
1788 2777 1827 2801 25,
1841 2778 1866 2802 9.
1909 2773 1938 2797 it.
1953 2780 1988 2804 10,
2001 2781 2036 2805 33.
2106 2775 2183 2802 Risus
2195 2777 2236 2803 in-

1189 2800 1363 2833 temperantia
1395 2800 1469 2827 Idem
1485 2809 1517 2833 11,
1531 2809 1559 2841 37
1575 2802 1591 2827 s.
1607 2808 1647 2831 80.
1754 2805 2031 2841 Intemperantiamfic
2043 2808 2139 2845 definit.
2176 2812 2235 2839 Cic.

1188 2834 1270 2861 Tusc.
1292 2845 1314 2866 4,
1332 2844 1367 2862 22
1388 2845 1410 2862 c.
1430 2845 1447 2869 9
1477 2837 1606 2863 Omnium
1625 2842 1712 2863 autem
1726 2840 1957 2872 perturbationum
1970 2843 2072 2870 fontem
2085 2846 2132 2871 effe
2144 2846 2236 2875 dicunt

1138 2875 1170 2903 75
1187 2869 1522 2911 intemperantian½quae
1538 2873 1573 2899 est
1587 2882 1601 2899 a
1616 2878 1671 2900 tota
1684 2880 1771 2901 mente
1787 2881 1812 2901 et
1824 2885 1839 2903 a
1850 2877 1921 2904 reeta
1936 2878 2039 2905 ratione
2052 2880 2181 2913 defectio,
2198 2883 2233 2909 fic

1187 2906 1276 2932 auersa
1299 2915 1315 2945 a
1336 2908 1542 2941 praescriptione
1565 2908 1692 2941 rationis,
1712 2915 1740 2935 vt
1759 2910 1833 2938 nullo
1853 2913 1934 2940 modo
1953 2915 2127 2949 appetitiones
2147 2918 2233 2947 animi

1186 2949 1236 2966 nec
1248 2949 1321 2974 regi,
1340 2951 1388 2968 nec
1402 2943 1536 2969 contineri
1551 2949 1656 2978 queant.

1225 2982 1236 3002 1
1247 2983 1269 3003 N
1278 2982 1299 3002 Τ
1308 2983 1324 3017 ξ
1334 2984 1360 3003 Μ
1369 2985 1384 3003 Ρ
1395 2984 1411 3017 13
1420 2984 1438 3017 R
1447 2985 1469 3005 A
1479 2985 1500 3004 N
1511 2985 1531 3005 T
1541 2985 1557 3005 E
1566 2986 1595 3006 R.
1614 2979 1682 3006 Adu.
1718 2979 1865 3017 [ὀέκρατῶς]
1900 2984 2061 3013 Immoderate
2068 3006 2076 3017 ‚
2093 2987 2234 3021 incmfian.

1185 3016 1233 3038 ter.
1288 3012 1343 3038 Cic.
1357 3012 1454 3048 Philip.
1470 3022 1490 3046 1,
1507 3023 1531 3040 12
1544 3023 1564 3040 c.
1580 3022 1593 3048 5
1633 3015 1724 3042 Nimis
1739 3018 1863 3045 iracunde
1876 3018 1926 3045 hoc
1940 3020 2087 3054 quidemet
2101 3023 2178 3050 valde
2191 3025 2232 3050 in-

1201 3083 1205 3087 ·
1284 3083 1289 3088 ι
1356 3084 1361 3088 ¹
1473 3050 1587 3085 Compar.
1623 3050 1666 3077 Ne
1679 3050 1826 3079 honoribus
1839 3054 1934 3081 nostris
1948 3056 2038 3088 elatus,
2055 3057 2230 3093 intemperan-

1185 3088 1239 3109 tius
1252 3084 1303 3109 suis
1318 3083 1414 3119 opibus
1427 3089 1517 3112 vtatur
1541 3085 1599 3112 Cic.
1618 3085 1729 3120 Philipp.
1745 3095 1767 3120 5,
1780 3094 1813 3121 48
1828 3098 1848 3115 e.
1865 3094 1897 3119 18.
1969 3092 2042 3127 Conf.
2064 3092 2122 3120 Liu.
2143 3102 2187 3127 23,
2209 3104 2228 3122 1.

1184 3124 1208 3144 et
1225 3126 1261 3150 31,
1276 3125 1315 3160 37.
1421 3120 1516 3160 Superi.
1551 3121 1629 3157 Apul.
1642 3122 1718 3157 Apol.
1732 3131 1757 3157 p.
1771 3131 1813 3155 321
1845 3125 1929 3160 quue
1943 3126 2010 3161 apud
2023 3135 2114 3155 omnes
2133 3130 2228 3157 intem-

1181 3155 1355 3188 perantissnne
1372 3154 1513 3189 gloriatur.

1218 3197 1229 3216 1
1241 3196 1261 3215 N
1274 3196 1320 3216 TE
1330 3196 1356 3216 Μ
1366 3197 1435 3217 PER
1445 3194 1563 3225 ᾹΤνε,
1604 3201 1634 3224 a,
1673 3201 1727 3219 um.
1764 3193 1825 3220 Adi.
1862 3195 2024 3230 [ἐκόλαςος]
2060 3197 2227 3233 Temperato

1415 3227 1672 3262 Intemperatissimae
1685 3230 1880 3262 perpotationes
1895 3231 1950 3257 Cic.
1965 3232 1991 3258 in
2006 3233 2091 3259 Pison.
2107 3243 2140 3261 22
2152 3244 2172 3262 c.
2186 3244 2224 3263 10.

1181 3262 1213 3286 Et
1227 3262 1469 3296 Intemperatiffima
1480 3272 1556 3298 pecus
1575 3263 1642 3290 Ibid.
1657 3271 1691 3297 72
1704 3273 1725 3290 c.
1740 3272 1782 3297 29.

1179 3297 1355 3330 Intemperata
1385 3298 1512 3332 quaedam
1544 3298 1738 3326 beneuolentia.

1183 3331 1256 3365 Quid
1271 3332 1489 3367 intemperatius?

1215 3375 1287 3394 INT
1296 3375 1345 3394 EM
1358 3374 1373 3394 P
1384 3375 1400 3395 E
1410 3376 1428 3395 R
1438 3369 1459 3395 Ᾰ
1469 3375 1490 3394 Τ
1500 3375 1526 3395 E.
1559 3368 1627 3395 Adu.
1664 3369 1825 3405 [οἰκολοῖςωε]
1862 3372 1918 3398 Cic.
1938 3372 1970 3399 de
1984 3373 2105 3401 Vniuers.
2121 3380 2147 3408 38
2159 3385 2181 3402 c.
2195 3385 2225 3404 12

1886 3266 1960 3293 Idem
1974 3268 2007 3293 de
2020 3268 2104 3295 Amic.
2120 3278 2154 3304 77
2162 3279 2226 3298 c.20

1845 3301 1958 3338 Compar.
1995 3303 2052 3330 Sen.
2067 3303 2099 3330 ad
2113 3305 2193 3333 Helu.
2208 3308 2226 3334 6

74 3409 111 3436 do
123 3408 200 3435 istum
213 3406 352 3432 hommem
364 3406 531 3437 lngemosum
545 3411 571 3430 et
588 3404 779 3438 intelligentem
788 3424 797 3437 ,
814 3413 907 3432 verum
928 3403 1006 3430 etiam
1025 3411 1115 3437 quem-
1130 3416 1167 3441 90
1178 3403 1234 3436 Qi
1247 3409 1335 3430 autem
1347 3404 1522 3430 immoderate
1535 3410 1561 3430 et
1574 3405 1749 3439 intemperate
1762 3406 1877 3440 vixerit,
1897 3416 1958 3434 eum
1971 3409 2096 3437 secundus
2108 3417 2182 3438 ortus
2194 3413 2224 3439 in

75 3445 117 3472 vis
130 3443 249 3470 nostrum
258 3459 266 3471 ‚
282 3448 349 3474 quos
364 3438 411 3465 iste
422 3440 518 3467 idiotas
530 3440 658 3475 appellat,
672 3440 802 3467 delecitare
815 3440 922 3474 possent.
1017 3439 1073 3464 Cic.
1083 3437 1114 3464 de

76 3482 139 3514 Opt.
153 3487 212 3514 gen.
226 3477 300 3503 Orat.
317 3483 339 3501 11
353 3483 374 3500 c.
385 3483 404 3508 4
424 3475 481 3508 Qti
494 3481 589 3502 teretes
602 3484 676 3502 aures
691 3475 803 3508 habent,
823 3475 1026 3508 intelligensque
1044 3473 1115 3499 iudi-

46 3532 48 3535 ,
76 3517 155 3543 cium.
238 3511 312 3538 Idem
325 3511 400 3536 Verr.
414 3519 442 3543 4,
458 3518 503 3543 ¹49
523 3512 556 3537 At
570 3511 607 3538 ita
618 3511 746 3538 studiosus
760 3510 795 3538 est
807 3509 887 3537 huius
900 3509 1046 3571 praeclar-ge
1059 3509 1115 3569 eigi-

1036 3551 1066 3570 ic.
1100 3553 1114 3570 e

1171 3544 1253 3580 potest
1266 3547 1362 3572 Nonius
1368 3545 1492 3582 stripfiffi
1506 3547 1689 3580 Intemperiae.

1178 3439 1289 3473 figuram
1304 3439 1462 3466 muliebrem
1478 3439 1625 3467 transferet.

1214 3481 1225 3500 1
1235 3482 1256 3501 N
1267 3481 1288 3501 T
1297 3481 1313 3500 E
1322 3482 1347 3500 Μ
1356 3481 1370 3501 Ρ
1380 3481 1396 3501 E
1404 3482 1422 3500 R
1432 3481 1442 3500 1
1452 3482 1472 3501 A
1481 3494 1490 3507 ,
1506 3478 1591 3511 inquit
1607 3475 1713 3503 Nonius
1728 3481 1750 3506 8,
1764 3482 1792 3508 78
1816 3477 1866 3503 Pro
1880 3477 2083 3513 Intemperantia
2097 3481 2165 3516 apud
2178 3492 2224 3509 ve-
2236 3480 2237 3484 ’

1178 3514 1261 3537 terem
1274 3510 1439 3537 auetoritatis
1452 3510 1592 3544 obscurae,
1611 3513 1663 3537 Has
1676 3512 1732 3537 eius
1744 3512 1913 3546 intemperias
1926 3514 1954 3539 in
1967 3516 2102 3543 maritum.
2174 3518 2222 3545 Sed

1750 3548 1830 3573 Vetus
1849 3548 1895 3574 ille
1912 3549 2078 3577 auetoritatis
2094 3552 2222 3581 obscurae

53 3577 56 3583 ¹
75 3588 134 3615 Fin.
147 3595 168 3616 2,
182 3586 212 3616 63
234 3583 294 3608 Erat
307 3587 332 3607 et
343 3579 454 3616 cupidus
467 3580 646 3615 voluptatum,
662 3588 687 3609 et
701 3582 816 3609 cuiusuis
837 3582 894 3608 eius
914 3579 1015 3615 generis
1036 3580 1113 3606 intel·
1130 3589 1162 3616 95
1177 3579 1211 3613 egli
1233 3580 1332 3607 Gellius
1354 3590 1374 3613 1,
1400 3589 1429 3621 17
1456 3581 1499 3607 vbi
1518 3585 1557 3608 ita
1573 3581 1670 3613 editur,
1689 3582 1838 3622 Xanthippe
1873 3599 1918 3604 -—
1954 3588 2058 3613 morosa
2078 3588 2223 3616 admodum

75 3623 158 3657 ligetis
179 3625 204 3645 et
226 3617 354 3652 copiosus.
446 3616 647 3645 Imminentium
668 3618 819 3652 intelligens
846 3618 913 3644 Tac,
930 3616 997 3642 Αῃῃ,
1013 3622 1035 3648 ς,
1048 3624 1073 3648 9,
1088 3623 1112 3641 2,

73 3657 226 3690 Intelligens
238 3652 364 3688 principis
373 3671 382 3683 ,
400 3651 551 3685 Compertum
563 3652 652 3680 habens
661 3657 787 3689 principis
799 3655 923 3689 ingenium
954 3651 1019 3677 Plin.
1035 3650 1113 3685 Epist.

75 3696 102 3726 6,
115 3701 157 3727 27.
270 3689 382 3722 Compar.
418 3685 554 3719 Augustin.
566 3687 706 3716 Retraaat.
718 3698 773 3723 1,19
792 3687 970 3724 vigilantiore
982 3693 1061 3721 atque
1073 3687 1113 3712 in-

73 3726 253 3762 telligentiore
271 3728 358 3750 mente
375 3721 505 3748 discutiat.

1176 3616 1252 3642 fuisse
1265 3617 1349 3643 fertur
1363 3622 1388 3642 et
1400 3617 1516 3651 iurgiosa
1551 3631 1587 3637 —
1621 3618 1674 3643 Has
1688 3618 1744 3644 eius
1756 3619 1924 3653 intemperies
1936 3620 1964 3646 in
1985 3622 2109 3649 maritum
2122 3624 2220 3649 Alcibi-

1177 3651 1237 3677 ades
1252 3652 1395 3679 demiratus
1408 3658 1453 3678 etc.
1506 3653 1547 3679 Sic
1557 3655 1631 3678 etiam
1645 3654 1721 3679 Gron.
1921 3656 2043 3689 Vjitatius
2076 3656 2096 3694 ff
2126 3667 2141 3684 2
2177 3659 2219 3684 In-

1177 3688 1338 3721 temperiae‚
1357 3697 1440 3714 arum.
1482 3689 1554 3714 Velut
1566 3689 1629 3713 Deae
1643 3688 1759 3723 quaedam
1772 3697 1951 3724 memoramur,
1973 3701 2034 3726 quae
2046 3696 2096 3719 vim
2115 3692 2219 3718 nocendi

1176 3725 1268 3749 animis
1280 3729 1303 3749 et
1318 3722 1400 3749 reatae
1413 3725 1524 3754 rationi,
1545 3730 1616 3757 atque
1631 3726 1834 3757 intemperantius
1841 3725 1971 3760 saeuiendi
1988 3727 2129 3762 potestatem
2147 3727 2218 3753 habe·

109 3770 151 3790 ΙΝ
162 3769 183 3788 Τ
195 3768 235 3789 EL
248 3765 263 3786 L
273 3767 281 3785 1
291 3763 396 3785 GENT
406 3758 461 3787 1Ά,
485 3765 524 3782 ae.
562 3756 582 3783 f.
618 3755 738 3790 [ellatinum
754 3760 845 3793 νόησις]
885 3759 931 3785 Vis
947 3755 1112 3793 intelligendi,
1122 3769 1170 3788 100
1177 3764 1240 3783 rent.
1277 3758 1360 3784 Plaut.
1375 3758 1470 3792 Amph.
1486 3767 1514 3790 4,
1526 3766 1537 3789 3
1547 3765 1590 3792 pr.
1609 3757 1642 3784 Di
1659 3759 1772 3785 vostram
1788 3759 1883 3793 fidem,
1901 3770 1969 3796 quae
1982 3762 2161 3794 imtemperiae
2168 3772 2216 3788 no-

43 3800 60 3815 ”
74 3796 233 3828 Ιητεὶὶεέὶω,
244 3794 387 3830 prudentia.
423 3792 479 3818 Cic·
493 3791 546 3818 Off·
561 3800 583 3824 3,
597 3797 622 3821 81
635 3801 656 3819 c.
670 3802 700 3819 20
716 3796 821 3829 Explica
838 3800 915 3829 atque
931 3798 1022 3818 excute
1035 3792 1112 3819 intei-

73 3834 208 3867 ligent-iam
221 3838 307 3860 tuam,
327 3835 356 3855 vt
368 3826 542 3861 Vide³⁵2quae
550 3826 580 3853 fit
593 3826 622 3852 2¹1
633 3836 663 3853 ea
675 3828 758 3861 speeie
770 3831 855 3858 forma
871 3836 895 3856 et
909 3828 984 3855 notio
996 3828 1050 3854 viri
1063 3827 1110 3853 bo-

74 3870 112 3894 ni.
181 3868 254 3894 Idem
266 3866 298 3892 de
313 3858 439 3898 Legib.'‚
453 3871 494 3895 59.
599 3862 656 3888 Cic.
669 3863 720 3888 Off.
736 3872 758 3896 3,
771 3872 804 3899 72
828 3867 886 3892 Nec
905 3865 958 3891 vlla
980 3864 1110 3897 pernicies

71 3904 143 3930 vitae
155 3904 242 3929 maior
255 3900 373 3928 inueniri
388 3898 486 3932 potest,
507 3906 586 3931 qnam
600 3898 629 3923 in
641 3898 744 3924 malitia
756 3899 885 3927 simulatio
906 3899 1109 3933 intelligentiae:

70 3948 102 3967 ex
117 3947 170 3974 quo
185 3938 232 3965 ista
243 3934 450 3964 innumerabilia
467 3934 625 3966 nascuntur,
638 3939 668 3960 vt
687 3933 764 3960 Vtilia
783 3943 842 3963 cum
858 3935 973 3964 honestis
990 3942 1160 3970 pugnare105

1175 3792 1254 3819 stram
1276 3800 1355 3828 agunt
1377 3793 1516 3819 familiam.
1624 3794 1692 3820 Ibid.

1176 3836 1263 3854 meum
1278 3829 1403 3855 verberes
1417 3830 1426 3854 Ξ

1729 3796 1805 3828 Qiae
1828 3797 1920 3830 hospes
1936 3797 2121 3829 intemperiae,
2142 3804 2170 3823 vt
2185 3804 2214 3824 tu

1532 3828 1606 3854 Idem
1620 3829 1679 3855 Aul.
1695 3837 1713 3860 1,
1726 3838 1745 3861 1,
1756 3838 1788 3862 30
1825 3832 1923 3859 Nescio
1945 3840 2010 3865 qnae
2024 3831 2158 3858 hominem
2173 3833 2213 3858 in—

1176 3864 1319 3897 temperiae
1331 3870 1428 3890 tenent.
1499 3863 1573 3898 Cous.
1589 3864 1647 3890 Mil.
1662 3873 1687 3897 2,
1700 3872 1723 3897 ς,
1736 3874 1780 3899 24.
1858 3867 1917 3893 isid.
1933 3868 2011 3892 Locus
2023 3866 2150 3893 Martiani
2164 3867 2213 3893 Ca-

1174 3899 1259 3932 pellae
1275 3907 1284 3924 1
1299 3908 1324 3933 p.
1337 3909 1373 3932 40
1385 3908 1451 3935 quem
1466 3898 1552 3924 damus
1565 3902 1593 3924 in
1606 3906 1729 3926 MANIA.

1209 3941 1221 3960 1
1230 3942 1252 3961 Ν
1260 3940 1282 3960 Τ
1291 3941 1306 3960 Ε
1314 3941 1341 3961 Μ
1349 3942 1364 3961 r
1372 3941 1389 3961 E
1398 3942 1416 3961 R
1426 3941 1436 3960 1
1448 3941 1465 3960 E
1473 3941 1485 3960 s
1495 3954 1504 3966 ‚
1515 3934 1558 3997 1eii.
1578 3935 1598 3960 f.
1634 3935 1777 3972 [ingavia]
1816 3937 1926 3970 Vitium,
1945 3937 2015 3962 circa
2034 3936 2212 3971 tempestatem

1478 3977 1495 4004 7
1577 3978 1595 3997 2
2133 3975 2153 3998 i.
2167 3973 2211 4002 bu·-
