2479 4225
14 187 103 246 '⁵69
428 191 461 230 F
547 192 586 231 A
673 191 763 232 c¹
1107 195 1117 203 ·
1512 188 1544 228 F
1631 187 1671 228 A
1763 189 1795 228 c
2098 207 2169 245 ,70

30 281 97 318 tan·
109 287 138 308 υτ
149 281 220 307 vultu
228 285 252 305 et
263 288 304 306 ore
315 282 418 306 maxime
431 278 608 315 cognoscuntur
620 280 737 307 homines.
750 286 894 315 quamquam
902 274 981 312 potes?
992 279 1066 303 etiam
1163 283 1180 303 F
1189 284 1209 303 A
1218 283 1234 305 c
1246 285 1255 304 1
1265 284 1280 304 L
1290 285 1299 304 1
1309 284 1321 305 s
1330 296 1337 308 ‚
1362 283 1378 303 F
1388 283 1408 303 A
1420 282 1436 303 C
1449 284 1457 303 1
1468 283 1483 302 L
1494 283 1502 303 1
1512 284 1533 304 Τ
1543 284 1563 304 Α
1573 284 1585 304 S
1595 296 1602 309 ‚
1624 283 1640 304 1³
1649 283 1670 304 A
1681 283 1698 304 C
1711 283 1719 303 1
1729 283 1750 303 N
1761 283 1780 301 v
1790 283 1802 302 s
1813 295 1820 309 ,
1846 278 1900 305 vid.
1924 286 1939 307 F
1948 288 1967 308 Λ
1977 287 2011 309 (31
2024 288 2053 309 o,

3 347 5 350 Α
27 321 110 356 prima
122 314 194 350 illast
213 314 322 350 nificatio
335 315 375 341 hic
387 316 464 341 Iocum
478 315 572 341 habere.
610 316 657 344 Sed
668 316 701 342 ad
713 325 740 342 ω·
752 322 776 341 et
793 316 887 340 vultum
896 315 998 347 proprie
1009 320 1065 346 per·
1165 312 1209 352 1331<
1219 320 1235 339 (2
1246 321 1254 339 1
1265 321 1284 340 o
1293 331 1302 346 ,
1321 312 1390 344 feci,
1408 312 1505 338 saelum
1514 333 1522 345 ,
1546 316 1598 339 ere.
1640 312 1653 346 [
1660 314 1740 344 ποιέω,
1764 312 1841 347 ῥέζω,
1866 315 1947 353 reug...
1955 319 1967 350 J
2009 317 2114 344 Verbum
2129 318 2164 345 ια,

32 356 95 382 tinet
111 352 166 378 Cic.
182 325 292 385 Pffiilipp.
309 358 332 380 2.
348 359 376 383 41
397 350 486 376 Velim
500 350 568 377 mihi
581 350 666 384 dicas,
678 351 726 377 nisi
739 349 876 376 molestum
891 347 940 379 cst,
955 348 1066 374 L.Tur-
1128 348 1213 382 riſjtmi
1230 349 1303 384 ojus,
1322 351 1392 374 cuius
1410 355 1524 374 naturam
1542 348 1643 383 pulchre
1662 348 1762 374 videtur
1779 348 1927 383 disce-spyrſje
1947 354 2029 378 van-0
2044 354 2076 379 de
2093 354 2122 380 L,
2136 354 2164 381 L,

0 402 4 419 ;
29 387 112 417 setius
126 394 175 421 qua
188 386 255 412 facie
268 384 364 417 fuerit,
380 394 430 420 qua
445 385 554 417 statura,
574 395 627 421 quo
641 385 797 420 municipio,
811 391 862 418 qua
878 383 959 410 tribu.
1023 384 1065 408 In·
1128 391 1151 415 5,
1165 388 1178 412 8
1197 393 1220 417 p.
1235 393 1276 417 59,
1289 391 1319 416 32
1333 385 1370 418 sq.
1389 382 1419 409 de
1432 392 1477 418 quo
1488 385 1596 423 pluscula
1607 383 1734 420 posuimus
1746 385 1772 409 in
1786 383 1866 409 ιι-,νύυ
1881 390 1950 410 Aoo
1964 395 2025 421 ¹¹·7·
2061 391 2111 415 Hic
2124 389 2166 415 ad.

0 427 2 430 “
33 423 108 458 signis
131 421 197 448 facie
222 420 327 447 iuuenis
359 421 434 455 Virg.
458 422 521 447 Aen.
546 430 572 454 9,
596 427 646 454 583.
682 420 750 449 Add.
771 418 851 446 Ouid.
872 418 949 453 Epist.
971 426 993 451 5,
1014 426 1063 450 125.
1092 425 1105 451 5
1128 419 1207 444 ditnus
1226 418 1274 452 ista
1294 428 1398 455 quoquc,
1419 419 1530 452 Proprto
1550 420 1659 445 nomine
1679 419 1778 446 dicitur
1794 420 1881 445 Facere
1898 426 1914 445 a
1939 421 2024 450 Facie.
2043 424 2113 456 quod
2127 425 2167 452 rei

0 477 2 486 ‚
34 457 171 492 Praeflgnis
184 456 252 483 facie
266 456 352 490 puella
368 457 450 483 Ouid.
463 456 495 483 de
512 458 574 483 Arte
588 459 647 484 Am.
660 466 680 489 3,
692 463 749 490 773.
924 452 945 490 ff
966 461 988 493 3·
1014 454 1067 493 Agl·
1128 463 1208 488 quam
1221 455 1307 490 jacit,
1329 454 1443 515 imponit
1457 454 1557 493 jactem-
1574 455 1593 487 (
1597 462 1735 482 conuertere
1756 456 1839 494 malim
1860 453 1922 488 ista,
1947 463 1976 481 vt
1991 457 2093 491 fad-lum
2113 460 2164 487 uid.

0 496 3 511 ²
33 492 122 521 ieHiua
141 500 201 528 quae
218 495 323 526 recipit,
340 495 367 518 in
385 499 502 527 quantum
521 494 604 518 uultus
621 491 662 526 est.
707 490 821 517 Aduersa
841 489 921 515 facies
935 488 1066 522 Qunchl.
1129 494 1260 522 ramus)
1279 496 1306 516 vt
1323 491 1366 516 Fit
1381 499 1408 515 or
1428 498 1487 514 cum
1506 489 1570 515 d1c1t
1592 491 1669 526 fingo
1684 492 1799 527 Figuram
1818 490 1947 524 unponit,
1967 500 2028 517 cum
2046 493 2110 520 dicit
2124 497 2163 520 In.

0 551 1 557 ,
34 538 58 560 a,
71 536 103 560 13.
174 527 354 560 Cadauerosa,
377 528 429 554 vid.
455 534 615 555 CADAVER.
685 525 844 552 cicatricosa
863 524 994 558 Qiinffll.
1007 534 1035 557 4,
1050 533 1067 550 1.
1122 525 1223 560 formo,
1241 527 1365 551 Formam:
1403 523 1435 550 fic
1453 533 1511 550 cum
1534 524 1598 551 dicit
1619 527 1707 557 facio,
1724 527 1817 552 faciem
1839 526 1967 560 imponit,
1983 535 1998 553 a
2019 536 2070 562 qua
2090 530 2166 556 Facie

2 575 7 583 ‘-
35 565 133 591 Decora
153 563 220 589 Hor.
234 563 314 589 Serm.
329 571 349 595 1,
362 572 387 595 2,
399 568 440 597 87.
496 563 620 598 Egregiae
632 561 735 587 Lucret.
750 568 770 592 ς,
785 563 852 592 1169.
911 561 1066 591 Flammata,
1128 560 1301 593 discernitur,
1315 566 1343 587 vt
1355 559 1408 586 dici
1422 559 1503 593 poffit,
1517 559 1588 585 aliud
1601 561 1649 586 ess‘c
1662 561 1856 593 vestimentum,
1871 561 1945 588 aliud
1960 571 2012 589 vas.
2047 563 2087 589 Sic
2102 565 2164 591 item

3 620 6 624 ,
32 602 51 626 ,2
71 597 192 625 [raa-unda
213 598 269 624 sen.
284 599 356 624 Med.
371 601 395 625 6.
449 599 572 626 Formosa
591 596 706 624 Martial.
726 597 814 630 Epigr.
836 605 856 628 3,
877 603 898 628 5.
956 595 1067 628 Hispida
1085 603 1112 623 ιο
1127 605 1193 629 quae
1208 596 1274 622 fiunt
1287 595 1355 631 apud
1370 595 1474 626 fabros,
1490 594 1609 627 Ηᾶοῐες,
1623 596 1686 622 item
1699 597 1766 631 apud
1780 597 1846 623 alios
1861 596 1920 623 alia.
1956 599 2059 634 Reliqua
2073 599 2126 625 vid.
2139 603 2165 625 in

25 635 100 663 Hor.
115 634 201 660 Carm.
215 642 241 666 4,
255 642 292 664 ιο,
307 642 328 666 5.
385 635 507 660 Humana
525 632 606 660 Ouid.
626 633 689 658 Met.
708 640 732 662 2,
745 634 801 657 661.
873 630 945 657 Idem
960 630 1025 657 Fast.
1040 639 1067 663 4,
1128 638 1149 657 Α
1159 637 1179 657 G
1189 639 1221 657 o:
1238 640 1284 666 pro
1301 640 1346 666 quo
1359 633 1422 665 poni
1435 631 1508 666 saepe
1522 631 1617 662 Facie,
1630 639 1653 656 et
1671 632 1752 658 Varro
1767 632 1895 668 obstruat,
1916 639 1939 659 et
1949 631 2039 666 statim
2052 637 2166 669 exemplis

33 671 82 703 306
108 669 164 695 Nec
177 669 257 695 facies
270 670 356 704 Impar
375 670 512 696 nobilitate
530 668 590 694 fuit.
645 666 742 693 Incesta
758 668 852 693 Lucan.
868 675 906 697 10,
922 675 973 698 105.
1029 667 1070 692 In-
1127 666 1268 702 quibusdam
1283 666 1468 692 declarabimus.
1523 665 1591 691 Ter.
1606 666 1686 693 Andr.
1702 675 1722 699 1,
1738 675 1758 699 1,
1771 672 1801 697 28
1841 668 1922 702 Qlod
1941 669 2063 704 plerique
2075 678 2167 696 omnes

25 705 128 732 *formis
147 704 218 730 Idem
234 707 260 736 6,
275 713 331 737 225.
392 706 504 739 Ingenua
522 703 586 729 Plin.
607 702 685 736 Epist.
704 711 724 734 1,
740 711 777 735 14,
832 702 972 736 Inscripta,
991 704 1009 727 i.
1031 703 1068 728 Si·
1127 702 1228 728 faciunt
1242 701 1436 728 adolescentuli.
1472 699 1545 727 Idem
1558 701 1663 728 Phorm.
1679 710 1701 734 2,
1715 711 1738 734 2,
1755 711 1777 728 ιι
1797 702 1864 729 Vide
1877 705 1990 731 auaritia
2000 704 2065 740 quid
2079 705 2165 732 faciat.

26 757 30 769 .
54 747 110 766 nata
124 741 162 766 ve!
173 739 265 775 ferm,
279 743 319 767 vel
335 742 387 767 alia
405 741 492 776 quauis
512 747 538 765 re
556 737 649 764 Claud.
663 738 691 764 in
706 739 814 772 Eun-op.
826 745 852 769 2,
867 746 927 769 344.
983 736 1069 763 Inuisa
1129 737 1202 763 Facit
1221 736 1270 763 hoc
1290 744 1426 771 argentum
1446 736 1526 762 Plaut.
1542 737 1623 763 Trin.
1637 746 1659 769 2,
1673 747 1701 771 4,
1718 746 1751 769 15.
1771 741 1788 764 i.
1811 740 1841 764 ln
1862 740 1934 774 causa
1953 739 1994 772 est.
2064 741 2120 768 Cic.
2134 741 2165 768 de

60 776 107 810 irg.
121 775 185 801 Aen.
202 783 227 807 2,
240 777 295 802 601.
345 777 412 802 Irata
426 775 521 800 Lucan.
536 778 557 804 8.
595 793 601 799 .
640 792 647 799 .
719 773 849 799 Liberalis
869 773 935 798 Plin.
949 772 1029 806 Epist.
1049 781 1069 804 1,
1088 780 1112 805 15
1129 773 1186 799 Fin.
1200 780 1219 804 ι,
1237 780 1271 806 72
1291 774 1366 805 Qiae
1380 771 1448 798 mihi
1464 772 1570 798 facultas
1586 779 1613 799 vt
1628 772 1654 798 id
1673 782 1734 799 meo
1753 773 1882 800 arbitratu
1896 776 2024 808 facerem,
2036 782 2105 809 ante,
2118 785 2164 804 etc.

34 819 72 843 14.
127 810 256 844 Qiinffil.
278 813 305 843 6,
320 820 332 843 3
348 813 389 843 (4)
421 810 477 842 Qti
499 809 596 835 Malam
617 809 713 836 faciem
737 808 830 839 habet,
856 808 924 834 liber
944 816 997 833 non
1017 807 1068 834 estt
1128 809 1200 834 ldem
1214 808 1326 842 Philipp.
1342 810 1368 840 6,
1381 818 1400 840 4
1418 807 1491 840 Quid
1511 808 1581 834 enim
1597 808 1641 834 ille
1661 818 1775 843 vnquam
1787 809 1900 836 arbitrio
1914 811 2054 838 suaserit?
2090 813 2167 840 Face-

32 845 157 873 Mendosa
170 846 251 873 Ouid.
264 847 328 873 Met.
346 854 382 878 12,
401 853 459 876 399.
513 844 611 870 Moesta
632 845 728 870 Lucan.
745 850 768 877 s,
787 846 844 876 665.
900 843 1068 869 Moestissima
1128 853 1157 870 re
1175 852 1219 870 are
1237 850 1350 875 terram,
1365 850 1413 877 pro
1426 842 1574 878 Arefacvrc,
1593 844 1659 879 apud
1674 845 1778 871 Lucret.
1797 846 1823 877 6,
1842 847 1891 877 962
1918 846 2051 881 Principio
2070 854 2167 875 terram

32 880 121 907 Valer.
135 881 233 915 Argon.
249 890 271 914 2,
283 889 341 916 493-
394 879 564 913 Peregrinae,
585 880 638 906 vid.
659 886 818 907 PEREGRIN
825 886 870 906 vs.
925 879 1069 905 Praestante
1129 880 1166 905 sol
1180 879 1314 913 excoquit,
1329 885 1354 904 et
1367 878 1430 904 facit
1443 886 1495 904 are.
1532 879 1626 905 Facere
1639 886 1746 914 propter
1757 880 1839 912 viam,
1853 880 1906 907 vid.
1920 888 1988 908 vm.
2025 884 2106 918 Quam
2121 886 2168 910 lan·

31 916 100 948 facie
115 917 201 951 puella
217 917 296 944 Ouid.
311 915 374 942 Fast.
390 923 412 947 3,
426 918 488 949 467.
560 916 646 942 Prima
665 915 732 942 facie
753 915 866 949 Meraph.
886 914 944 940 Cum
959 921 1069 949 primum
1128 915 1186 950 vJus
1197 914 1235 948 stt
1247 915 1292 941 hoc
1304 914 1406 941 Verbum
1420 917 1493 939 cnam
1510 915 1566 940 ICti
1580 915 1675 940 docent.
1712 915 1791 940 Nobis
1803 916 1847 950 Jln
1860 919 1925 948 erit,
1938 918 2004 953 ipsas
2022 919 2090 945 modo
2104 927 2167 946 vete-

30 951 116 978 videas
130 954 169 978 uel
180 952 320 986 confideres.
346 951 434 976 Vultus
445 953 553 985 primum
567 954 594 976 in
608 952 688 977 oculos
700 953 818 977 incurrit.
855 950 935 976 Caius
951 950 978 975 in
991 950 1008 975 l.
1023 951 1068 977 ali-
1079 963 1113 982 20
1127 960 1182 977 rum
1191 951 1330 985 sententias
1338 958 1415 984 ,quac
1427 953 1452 974 in
1469 948 1607 975 Pamleclen
1619 952 1711 976 relatae
1719 951 1789 985 Junt,
1799 957 1943 985 proponere.
1981 954 2136 987 Papinianus
2150 955 2168 982 l.

31 987 137 1022 quando
149 988 180 1014 D.
194 988 226 1014 ad
238 986 413 1013 Senatuscons.
428 986 559 1012 Velleian.
581 987 666 1013 Prima
685 986 752 1012 facie
764 985 873 1020 quidem
891 985 1020 1018 alienam,
1041 995 1068 1012 re
1127 991 1166 1014 218
1180 987 1212 1011 de
1226 987 1258 1011 V.
1272 985 1296 1011 S.
1311 985 1429 1010 Verbum
1446 986 1538 1011 Facere
1557 994 1663 1011 omnem
1678 985 1789 1011 omnino
1805 985 1921 1012 faciendi
1939 989 2039 1014 causam
2055 989 2169 1024 comple-

31 1031 95 1049 vera
114 1029 200 1049 autem
221 1022 291 1048 fitam
310 1020 502 1056 obligationem
522 1022 634 1057 suscipit.
690 1021 770 1048 Paull.
785 1021 843 1048 inl.
866 1022 957 1054 Qmm
971 1022 1070 1052 seruus,
1129 1021 1226 1052 &itum
1240 1020 1334 1052 dandi,
1349 1020 1484 1052 soluendi,
1499 1021 1670 1052 numerandi,
1690 1019 1841 1052 iudicandi,
1858 1021 2010 1049 ambulandi
2033 1023 2050 1050 l.
2071 1032 2114 1055 218
2134 1027 2166 1052 D.

31 1057 92 1084 feel.
107 1059 133 1085 Si
148 1058 240 1084 Titius
253 1057 284 1082 D.
297 1056 329 1082 de
343 1056 392 1091 leg.
407 1064 417 1083 1
442 1056 554 1083 Videtur
571 1056 680 1092 quidem
701 1056 722 1082 is
735 1057 820 1091 prima
839 1056 907 1083 facie
926 1065 982 1083 rem
1002 1057 1069 1083 mihi
1128 1056 1160 1082 de
1174 1056 1248 1083 verb.
1264 1055 1352 1090 fignif.
1388 1057 1419 1082 Et
1433 1056 1536 1082 Paullus
1551 1056 1568 1081 1.
1583 1061 1625 1088 189
1639 1054 1698 1081 eod.
1724 1056 1820 1081 Facere
1834 1063 1958 1089 oportere
1973 1064 1998 1084 et
2011 1058 2076 1086 hanc
2093 1060 2169 1095 figni-

0 1101 116 1127 'meam
131 1093 234 1127 legaffe:
253 1091 313 1124 sed,
326 1098 370 1118 etc.
407 1093 480 1119 Idem
500 1092 558 1118 inl.
580 1093 675 1119 Aheno
694 1092 726 1118 D.
747 1092 779 1118 de
798 1091 932 1118 fideicom.
953 1092 1068 1119 libertat.
1128 1092 1279 1118 ficationem
1292 1091 1385 1123 habet,
1400 1097 1428 1117 vt
1445 1092 1571 1118 abstineat
1586 1091 1645 1125 quis
1658 1090 1690 1117 ab
1704 1099 1737 1117 eo
1756 1090 1842 1122 faeie,
1855 1092 1927 1125 quod
1945 1099 2035 1119 contra
2055 1104 2169 1122 conuen-

3 1127 5 1132 ⁴
31 1128 111 1161 Qiod
130 1137 183 1154 non
201 1128 286 1162 prima
305 1127 373 1154 facie
387 1127 495 1155 videtur
512 1129 561 1154 ess'e
578 1128 711 1162 iniquum.
783 1127 895 1154 Puerilis
909 1128 988 1154 Ouid.
1003 1129 1068 1154 Met.
1082 1138 1114 1165 2⁵
1128 1128 1230 1153 tionem
1244 1126 1332 1153 fieret:
1350 1133 1376 1152 et
1389 1133 1505 1158 curaret,
1519 1136 1551 1153 ne
1568 1126 1620 1153 fiat.
1673 1127 1713 1154 Sic
1727 1127 1852 1160 Pompon.
1869 1127 1885 1152 l.
1901 1135 1943 1161 175
1957 1128 2017 1154 eod.
2045 1130 2168 1158 Faciendi

32 1168 56 1197 8,
69 1172 118 1195 223.
174 1162 282 1189 Pulchra
302 1163 374 1189 Idem
388 1163 453 1190 Met.
466 1172 505 1197 14,
518 1168 576 1197 827.
630 1165 662 1189 Et
675 1164 740 1190 Met.
756 1171 794 1196 14,
807 1170 853 1197 337
880 1164 947 1190 Rara
962 1163 1068 1198 quidem
1128 1162 1213 1189 verbo
1232 1161 1361 1190 reddendi
1379 1163 1458 1189 etiam
1479 1162 1552 1189 causa
1571 1161 1730 1188 continetur.
1765 1162 1809 1188 Ad
1821 1164 1884 1188 hanc
1894 1166 2082 1203 generalitatem
2095 1168 2169 1193 Verbi

31 1198 115 1231 facie,
127 1197 169 1225 sed
189 1199 276 1224 rarior
289 1204 344 1224 arte
364 1198 483 1225 canendi.
555 1198 687 1232 Qinenl.
707 1207 727 1230 1,
746 1207 769 1224 ιι
802 1198 1002 1225 Obseruandmu
1017 1200 1069 1226 erit
1123 1201 1236 1234 pertinet
1255 1201 1329 1224 etiam
1346 1197 1476 1224 iudicialis
1487 1198 1617 1234 formula,
1642 1197 1735 1223 Videri
1749 1198 1789 1223 vel
1802 1197 1866 1224 Non
1878 1198 1965 1225 videri
1979 1199 2074 1227 feciss'e.
2112 1202 2168 1228 Cic.

32 1234 132 1267 etiams
149 1240 178 1260 vt
192 1234 272 1260 Recta
289 1234 319 1260 fit
340 1235 419 1261 facies
438 1234 557 1261 dicentis.
628 1234 759 1268 Rugosior
778 1234 844 1268 passa
863 1243 913 1260 vua
933 1235 1025 1261 Claud.
1041 1236 1069 1261 in
1130 1235 1182 1260 Att.
1196 1243 1224 1267 4,
1238 1241 1262 1266 15
1290 1233 1364 1266 Qud
1378 1234 1482 1268 quaeris
1495 1233 1586 1260 aliud?
1607 1232 1725 1265 Iudicia,
1740 1232 1828 1259 credo.
1865 1234 1980 1266 Drusus,
1995 1235 2103 1263 Scaurus
2114 1246 2170 1264 non

33 1270 137 1304 Eutrop.
152 1278 172 1301 1,
188 1278 232 1296 ιιι.
306 1270 395 1296 Sacrae
415 1271 480 1296 Pers.
495 1279 516 1301 2,
529 1271 568 1302 56.
623 1270 703 1296 Saeua
716 1278 744 1295 ac
757 1269 886 1297 deformis
899 1271 988 1296 Tacit.
1002 1270 1068 1296 Hist.
1129 1270 1216 1296 fecisse
1229 1269 1363 1296 videntur.
1383 1270 1409 1296 h.
1423 1277 1443 1295 e.
1463 1269 1503 1295 Ab
1517 1270 1580 1295 oluti
1588 1269 1658 1304 sunt.
1694 1269 1786 1294 Contra
1798 1268 1836 1294 Id.
1848 1278 1897 1303 pro
1911 1271 2015 1296 Caecin.
2031 1280 2092 1305 αις
2106 1280 2169 1300 extr.

34 1303 57 1339 3,
69 1310 104 1338 83.
156 1305 251 1331 Torua
271 1305 390 1332 viriliter
410 1306 467 1332 Sen.
480 1304 589 1339 Hippol.
603 1306 628 1331 6.
684 1305 786 1332 Tristis
813 1305 895 1332 Ouid.
915 1315 946 1331 ex
961 1307 1032 1332 Pont.
1048 1315 1070 1338 2,
1088 1304 1179 1339 301ste
1192 1304 1276 1332 vester
1288 1304 1375 1337 testis,
1389 1304 1436 1339 qui
1456 1313 1489 1330 au
1503 1313 1532 1330 us
1545 1304 1581 1330 est
1596 1303 1699 1336 dicere,
1717 1304 1812 1330 Feciffe
1833 1304 1919 1331 videri
1934 1315 2009 1337 eum,
2024 1307 2056 1333 de
2069 1317 2122 1342 quo
2136 1317 2169 1335 ne

36 1342 59 1373 8,
68 1347 108 1376 73.
159 1340 263 1367 Truces
284 1341 379 1374 facies,
399 1341 526 1375 oculique
546 1340 659 1367 minaces
678 1341 777 1367 Lucan.
793 1348 819 1376 7,
833 1349 887 1374 29¹·
942 1342 1024 1368 Varia
1041 1350 1070 1367 ac
1130 1341 1204 1366 cuius
1222 1340 1262 1367 rei
1277 1345 1430 1376 argueretur
1447 1339 1570 1374 quidem,
1584 1340 1647 1366 scire
1659 1340 1788 1374 potuisset.
1825 1340 1865 1366 Sic
1877 1341 1987 1376 sumitur
2000 1342 2123 1375 Fac“tum;
2142 1347 2170 1370 in

37 1385 105 1404 noua
117 1375 245 1410 Quinem.
259 1385 285 1408 2,
298 1385 325 1409 4.
380 1377 508 1412 Virginea
520 1375 602 1403 Ouid.
616 1377 681 1403 Met.
696 1381 718 1408 8,
730 1385 784 1409 323.
923 1375 944 1414 ff
964 1386 982 1410 4
1012 1378 1071 1403 Ver·
1130 1375 1295 1412 rejponfione:
1331 1374 1400 1403 Ter.
1415 1375 1482 1402 Eun.
1495 1384 1523 1408 4,
1537 1384 1564 1408 4,
1574 1383 1603 1408 14
1623 1374 1851 1401 Chaereanetuam
1866 1376 1963 1403 vestem
1976 1376 2090 1405 detraxit
2102 1380 2169 1406 tibi?

36 1411 82 1439 ba:
115 1412 256 1446 Agnoscere
268 1412 384 1446 aliquem
396 1412 428 1438 de
442 1413 509 1438 facie
523 1411 600 1446 Apul.
608 1412 685 1447 Apol.
707 1432 713 1438 .
732 1431 738 1438 .
758 1431 765 1438 .
803 1411 904 1439 Afferre
918 1421 1015 1439 nouam
1033 1413 1070 1438 fa·
1132 1418 1186 1437 ΒΟ.
1205 1411 1314 1438 factum.
1349 1418 1400 1447 ιἨ.
1420 1416 1446 1437 et
1458 1420 1488 1437 ea
1499 1410 1535 1437 est
1548 1411 1672 1437 indutus}
1709 1417 1758 1437 DO.
1778 1410 1887 1437 factum.
2042 1414 2062 1450 ‘j
2083 1423 2099 1441 2
2124 1415 2172 1443 Sed

36 1447 116 1478 ciem,
128 1456 221 1473 nomen
235 1454 308 1474 vetus
321 1448 377 1474 Cic.
389 1457 438 1482 pro
453 1448 535 1474 Flacc.
553 1454 597 1481 70.
664 1447 720 1474 Cic.
736 1447 768 1473 de
782 1447 874 1473 Diuin.
886 1456 912 1480 2,
927 1457 969 1482 ¹43
996 1448 1071 1474 Num
1130 1450 1176 1473 vix
1189 1447 1335 1473 commodius
1347 1447 1446 1474 verbum
1460 1446 1519 1473 adeo
1528 1448 1577 1472 late
1584 1447 1671 1482 fusum
1686 1452 1710 1471 et
1725 1455 1812 1484 uagum
1825 1450 1851 1472 in
1864 1448 2049 1485 qualemcunque
2061 1450 2171 1477 ordinem

31 1481 114 1515 igitur
123 1491 203 1517 quum
216 1488 260 1509 aut
272 1492 363 1510 muros
376 1483 534 1516 Babylonis,
554 1488 598 1509 aut
612 1483 726 1509 Homeri
742 1483 838 1509 faciem
851 1484 966 1517 Cogito,
980 1483 1070 1518 imago
1089 1494 1116 1520 35
1129 1482 1271 1518 redigetur,
1291 1491 1372 1518 quam,
1380 1483 1406 1516 Ji
1414 1484 1508 1518 primo,
1525 1482 1612 1517 quibus
1621 1482 1843 1516 Praepojtttonibus
1855 1485 1989 1519 iungatur,
2008 1484 2171 1519 ostendamus,

0 1522 1 1525 ’
30 1516 140 1544 illorum
152 1526 195 1544 me
214 1519 304 1553 aliqua
325 1519 416 1553 pellit?
487 1518 577 1545 Facies
595 1523 639 1544 tua
653 1519 795 1552 Computat
808 1527 891 1544 annos
913 1519 1032 1546 quenal.
1046 1522 1070 1550 6,
1129 1517 1215 1544 deinde
1233 1518 1397 1554 farraginem
1423 1516 1632 1550 Substantiuorum
1657 1520 1778 1542 nominum
1803 1524 1827 1542 et
1847 1519 2028 1546 Aduerbiorum
2049 1524 2172 1557 ingentem

0 1569 2 1586 t
32 1560 85 1585 199.
105 1557 122 1579 ι’.
137 1554 357 1589 prodit,te-anum
371 1553 423 1587 tffi’·
493 1554 638 1580 Dimouere
653 1553 747 1579 faeiem
761 1553 794 1579 ab
808 1554 888 1580 litore
900 1555 967 1580 Hor.
982 1555 1071 1581 Carm.
1129 1555 1270 1580 elementari
1289 1553 1375 1580 ordine
1396 1552 1569 1588 disponamus,
1595 1552 1695 1587 demque
1719 1552 1897 1588 obstruationes
1920 1555 2038 1589 quasdam
2051 1557 2171 1591 fizbiicia-

0 1611 1 1616 ,
26 1596 58 1621 ’4,
72 1597 95 1620 5,
108 1593 170 1629 84...
221 1590 333 1623 Fingere
359 1589 471 1621 faciem,
495 1589 612 1619 vultum,
640 1589 734 1615 sonum
764 1589 820 1615 Cic.
835 1588 867 1615 de
881 1590 956 1616 Orat.
978 1598 999 1622 1,
1015 1597 1070 1624 127.
1129 1599 1191 1616 mus.
1227 1591 1293 1624 Ergo
1312 1589 1352 1615 Ab
1372 1588 1464 1623 aliquo
1484 1588 1572 1614 facere
1590 1587 1623 1621 cst
1642 1596 1694 1613 eum
1713 1590 1806 1614 iuuare.
1872 1589 1928 1615 Cic.
1942 1590 1973 1615 de
1987 1591 2087 1617 Inuent.
2104 1600 2124 1623 1,
2137 1600 2171 1624 90

29 1624 136 1650 Habere
153 1623 234 1650 hberi
253 1624 370 1650 hominis
389 1624 486 1650 faciem
513 1624 643 1658 Quinctil.
657 1626 683 1656 6,
696 1633 718 1656 3.
773 1624 854 1650 Plaut.
873 1625 933 1651 Mil.
952 1634 981 1658 4,
999 1633 1020 1656 2,
1038 1627 1070 1657 36
1131 1626 1279 1651 Commune
1292 1624 1344 1656 est,
1356 1624 1428 1658 quod
1443 1623 1530 1650 nihilo
1542 1624 1625 1657 magis
1637 1622 1677 1648 Ab
1696 1622 1868 1653 aduersariis,
1887 1632 1965 1657 quam
1979 1633 1993 1650 a
2007 1626 2084 1651 nobis
2100 1627 2172 1657 facit,

0 1656 1 1663 ¹
29 1658 188 1685 Collaudato
202 1659 279 1685 huius
292 1660 406 1686 formam
419 1665 445 1685 et
458 1660 569 1690 faciem,
585 1666 610 1685 et
624 1659 732 1685 virtutis
745 1666 963 1688 couuuemorato.
988 1667 1023 1686 M.
1037 1660 1069 1686 ad
1078 1670 1115 1696 40
1129 1667 1175 1686 etc.
1200 1659 1258 1686 Vid.
1280 1661 1303 1685 A
1317 1661 1358 1685 vel
1371 1659 1413 1685 AB
1428 1668 1452 1685 n.
1473 1666 1512 1690 23.
1597 1658 1771 1691 Quorundam
1791 1660 1956 1684 contumacia
1974 1668 2029 1685 non
2049 1661 2112 1687 facit
2133 1661 2172 1687 Ad

29 1702 88 1719 eam
111 1702 166 1719 rem
188 1694 282 1720 Habeo
304 1703 410 1721 omnem
433 1694 546 1727 faciem,
566 1700 595 1720 vt
615 1694 713 1720 dudum
733 1695 785 1721 iam
808 1695 859 1721 tibi
881 1695 1068 1722 demonstraui.
1131 1696 1217 1721 aulam
1231 1695 1288 1723 Sen.
1302 1694 1335 1720 de
1347 1694 1454 1728 Tranq.
1468 1695 1518 1719 An.
1532 1701 1554 1719 c.
1567 1701 1594 1725 4.
1612 1699 1731 1731 non‘apta
1745 1690 1779 1723 est
1796 1694 1864 1718 aulae
1877 1694 1992 1721 moribus.
2065 1696 2104 1721 Ad
2121 1696 2172 1722 dis.

29 1729 142 1755 Induere
156 1729 291 1763 pulchram
304 1730 401 1756 faciem
421 1730 530 1757 turbido
544 1730 633 1756 animo
651 1730 708 1756 Sen.
722 1731 831 1764 Hippol.
845 1731 862 1756 s.
875 1736 897 1759 8.
968 1730 1069 1756 Lauda·
1129 1729 1272 1756 ficultatem
1285 1728 1378 1754 vrinae
1392 1729 1466 1760 facit,
1482 1730 1501 1753 i.
1521 1725 1619 1758 Prodest
1635 1727 1699 1764 Plin.
1716 1734 1756 1758 22,
1770 1732 1805 1755 18.
1846 1728 1903 1753 Vid.
1919 1733 1962 1754 ΑΙ)
1976 1737 2046 1756 n.10.
2067 1732 2172 1758 vhiMe-

29 1770 70 1790 ret
83 1764 179 1790 faciem
193 1764 265 1791 liuor
279 1775 385 1800 quoque
399 1765 479 1792 Ouid.
493 1766 556 1791 Met.
572 1774 610 1796 10,
624 1772 674 1796 513.
746 1766 863 1790 Mutatus
877 1765 971 1789 faciem
985 1771 1010 1789 et
1022 1773 1069 1790 ora
1127 1764 1192 1788 dicis
1204 1763 1328 1797 frequens·
1347 1761 1389 1795 ‘ff'
1408 1769 1527 1788 notamus.
1564 1760 1611 1787 Sed
1621 1762 1771 1796 simpliciter
1785 1765 1857 1787 etiam
1871 1763 1967 1790 Facere
1981 1764 2075 1792 dicitur
2086 1767 2170 1795 Medi-

29 1799 105 1832 Virg.
120 1800 185 1824 Aen.
200 1808 220 1831 1,
238 1802 298 1826 662.
369 1800 450 1826 Ouid.
465 1801 555 1825 Amor.
570 1807 593 1830 3,
608 1807 650 1829 105
675 1799 747 1824 Cura
766 1798 840 1823 dabit
856 1798 966 1827 faciem,
986 1798 1068 1823 facies
1129 1803 1292 1826 camentum,
1311 1799 1329 1822 i.
1351 1794 1438 1829 efficax
1460 1795 1517 1829 effe,
1531 1796 1573 1821 vbi
1592 1805 1621 1821 cx
1635 1803 1748 1822 contexto
1768 1802 1889 1824 orationis
1903 1800 2053 1836 intelligitur
2065 1803 2170 1834 morbus,

28 1832 157 1867 Neglec‘ta
170 1834 276 1866 peribit.
349 1835 403 1859 Cic.
417 1834 445 1859 in
458 1834 543 1858 Pison.
557 1838 581 1861 81
607 1832 695 1857 Habet
710 1832 761 1857 hoc
780 1832 865 1857 virtus
880 1835 891 1862 (
917 1840 977 1867 uam
990 1838 1019 1858 tu
1033 1840 1066 1857 ne
1077 1842 1110 1867 45
1126 1837 1215 1857 contra
1232 1839 1301 1866 quem
1315 1831 1475 1857 adhibendum
1485 1830 1532 1864 fit.
1574 1830 1631 1857 Vzd.
1646 1831 1765 1858 Scribon.
1780 1841 1823 1866 24.
1838 1835 1875 1859 61.
1889 1837 1923 1868 67
1938 1842 1982 1860 stc.
2012 1838 2061 1863 Pro
2073 1838 2114 1863 illo
2129 1839 2170 1865 Ad

27 1867 60 1894 de
72 1868 140 1893 facie
154 1867 262 1901 quidem
277 1867 373 1898 Nosti)
391 1873 419 1893 vt
441 1867 512 1893 viros
525 1867 608 1892 fortes
621 1866 717 1899 species
732 1866 789 1892 eius
803 1872 829 1892 et
844 1867 902 1900 pulc
924 1866 1015 1892 ritudo
1031 1873 1067 1893 et·
1126 1868 1200 1892 etiam
1213 1867 1307 1892 Daeiuo
1319 1873 1434 1892 vtuntur.
1476 1867 1544 1892 Plin.
1560 1875 1597 1899 22,
1610 1875 1638 1899 19
1667 1868 1738 1893 Facit
1757 1868 1889 1901 praeclare
1907 1870 2037 1897 coeliacis.
2074 1873 2169 1900 Horat.

0 1909 2 1919 ⁸
28 1903 81 1930 iam
94 1903 122 1929 in
140 1901 212 1928 holle
226 1901 307 1936 pofita
326 1902 445 1928 delecffet.
465 1901 517 1927 vid.
538 1909 559 1928 N
569 1906 669 1928 Osco.
741 1901 885 1928 Ostendere
898 1902 993 1928 faciem
1008 1911 1068 1936 pro·
1126 1901 1206 1936 Epist.
1225 1910 1244 1933 1,
1260 1910 1292 1933 ιι,
1306 1910 1336 1936 ι7
1356 1902 1488 1928 Incolumi
1501 1901 1610 1928 Rhodos
1628 1908 1653 1928 et
1668 1903 1794 1934 Mitylene
1808 1903 1915 1937 pulchra
1929 1906 2009 1939 facit,
2024 1908 2095 1941 quod
2107 1909 2169 1936 Poe—

27 1939 111 1974 priam
126 1937 256 1971 Quinetil.
269 1946 291 1970 3,
305 1940 330 1964 6.
384 1937 530 1964 Perfricare
550 1936 661 1968 faciem,
685 1936 738 1963 vid.
761 1943 928 1964 PERFR1CO.
980 1938 1066 1964 Etiam
1127 1938 1189 1963 nula
1204 1937 1338 1968 Somnio,
1357 1937 1497 1971 campestre
1514 1937 1648 1963 niualibus
1660 1938 1739 1965 auriS.
1796 1939 1912 1973 Propert.
1925 1949 1948 1972 3,
1963 1950 1982 1974 1,
1996 1951 2027 1968 20
2055 1944 2118 1970 Non
2132 1945 2170 1972 fa-

0 1988 1 1996 ι
29 1975 59 2002 in
71 1982 193 2001 moerore
212 1973 371 1999 luculentam
386 1973 508 1999 Proferre
527 1972 623 1998 faciem
642 1972 719 2006 Apul.
734 1974 799 1999 Met.
814 1981 835 1998 2.
906 1973 1066 1999 Prostituere
1127 1973 1178 1998 ciet
1192 1972 1272 2006 capiti
1285 1972 1348 1998 dura
1368 1981 1465 1998 corona
1480 1981 1548 1998 meo.
1586 1972 1632 1999 Sed
1644 1976 1716 1998 etiam
1729 1974 1779 1999 alia
1798 1982 1821 2000 et
1840 1978 1991 2010 generabori
2007 1982 2104 2005 notione
2117 1981 2170 2006 Da-

15 2008 124 2037 'faciem
143 2009 215 2035 suam
236 2009 310 2035 lucro
342 2008 423 2035 Ouid.
443 2009 535 2034 Amor.
555 2016 576 2040 1,
588 2016 626 2040 10,
638 2015 679 2040 42.
751 2008 881 2041 Qtinetil.
902 2016 924 2040 5,
945 2016 966 2034 ιι
1026 2009 1065 2034 uis
1081 2019 1112 2045 50
1126 2010 1188 2033 riuis
1201 2009 1324 2042 iungitur.
1366 2007 1424 2033 Vid.
1442 2007 1543 2042 Infigne
1556 2007 1643 2034 facere
1661 2011 1691 2034 it.
1707 2008 1788 2042 Qud.
1843 2011 1903 2037 Liu.
1920 2018 1960 2044 28,
1974 2020 1986 2044 3
2011 2014 2066 2040 Alii
2086 2015 2169 2042 furcis

30 2046 103 2073 istam
121 2045 153 2070 fa«
162 2044 215 2070 iem
233 2044 379 2079 planipedis
399 2044 465 2070 senis
485 2043 649 2078 Torquens?
727 2044 829 2070 Vexant
848 2043 944 2069 facicm
963 2044 1066 2078 frigora
1127 2043 1159 2069 ad
1177 2042 1205 2069 id
1221 2043 1306 2077 ipsum
1322 2042 1399 2069 saetis
1423 2042 1631 2069 detrudebantur
1645 2043 1674 2069 de
1689 2044 1770 2080 scalis
1784 2064 1792 2076 ,
1818 2054 1879 2080 quas
1901 2055 2030 2074 erexerant
2047 2052 2074 2075 in
2096 2058 2168 2086 appu.

30 2081 88 2114 Sen,
99 2079 191 2114 Oedip.
208 2080 225 2105 s.
241 2081 264 2106 6.
336 2080 425 2106 Tacit.
441 2080 508 2105 Ann.
526 2087 544 2109 1,
558 2087 589 2111 41
614 2078 677 2104 Non
691 2078 812 2106 florentis
825 2079 958 2111 Caesaris,
978 2088 1066 2114 neque
1125 2078 1227 2115 gnanda
1247 2077 1313 2104 vrbe.
1384 2078 1423 2104 Ad
1443 2078 1571 2112 pullatum
1592 2078 1720 2105 circulum
1735 2079 1802 2107 mire
1819 2080 1883 2107 facit
1899 2082 2028 2116 Qunffil.
2043 2093 2069 2117 2,
2083 2094 2116 2117 12,
2130 2095 2168 2114 10.

33 2108 139 2143 senisin
159 2114 262 2147 castris,
281 2115 321 2141 sed
336 2116 408 2142 velut
424 2116 451 2141 in
470 2114 536 2142 vrbe
550 2114 619 2140 vieta
638 2113 726 2140 facies.
923 2112 944 2144 q
961 2122 973 2147 5
1008 2115 1066 2143 Sub·
1124 2118 1143 2140 i.
1165 2112 1252 2147 efficax
1273 2111 1306 2146 gli
1324 2114 1390 2148 apud
1407 2114 1521 2140 humilem
1536 2113 1692 2148 plebeculam.
1764 2115 1803 2141 Ad
1824 2115 1907 2143 bonos
1921 2127 2007 2145 mores
2021 2128 2062 2146 ars
2080 2121 2170 2149 nostra

29 2150 137 2185 flamina
152 2154 249 2177 nomina
263 2160 344 2177 earum
362 2160 458 2181 rerum,
479 2159 580 2186 quarum
599 2149 694 2175 dicitur
713 2148 755 2183 ff
769 2149 868 2175 Facies.
904 2149 970 2175 Plin.
986 2158 1023 2182 12,
1037 2159 1066 2184 ¹4
1124 2149 1189 2175 facit
1210 2148 1289 2175 Ouid.
1306 2148 1337 2173 de
1351 2149 1414 2175 Arte
1429 2150 1488 2175 Am.
1506 2157 1528 2181 3,
1542 2157 1602 2182 540.
1669 2150 1742 2176 Caes.
1756 2151 1784 2177 B.
1797 2152 1829 2178 G.
1844 2161 1862 2183 1,
1876 2161 1901 2184 31
1940 2154 1966 2180 Si
1986 2164 2037 2189 qua
2055 2165 2095 2182 res
2113 2165 2169 2184 non

4 2182 5 2205 l
38 2187 93 2215 Nee
105 2185 209 2213 Arboris
230 2186 308 2220 ipsius
322 2196 388 2222 quae
406 2186 436 2214 fit
451 2186 546 2217 facies,
559 2184 666 2211 constat.
739 2185 829 2211 Tacit.
845 2186 912 2211 Ann.
929 2194 949 2217 1,
963 2190 990 2218 85
1019 2186 1065 2211 Di·
1080 2196 1108 2222 55
1126 2184 1166 2210 Ad
1186 2191 1279 2210 nutum
1298 2190 1342 2210 aut
1359 2184 1392 2210 ad
1411 2184 1575 2211 voluntatem
1594 2185 1649 2210 eius
1663 2185 1731 2212 fausta
1750 2186 1789 2213 fit.
1862 2188 1926 2215 Non
1939 2190 2001 2216 facit
2015 2191 2056 2217 Ad
2069 2193 2168 2220 nostras

3 2213 5 2247 l
36 2222 106 2249 versa
118 2222 232 2248 omnium
241 2242 250 2254 ,
263 2231 329 2256 quae
344 2231 459 2257 vnquam
473 2220 605 2251 accidere,
618 2220 741 2247 ciuilium
755 2221 899 2246 Armorum
912 2220 1000 2247 facies.
1034 2222 1065 2247 Et
1125 2220 1210 2246 hostia
1223 2220 1310 2246 maior
1323 2220 1393 2254 Opes
1411 2219 1493 2247 Ouid.
1509 2220 1595 2246 Trist.
1616 2229 1635 2252 1,
1649 2229 1673 2253 9,
1687 2231 1734 2254 44.
1757 2225 1775 2248 i.
1797 2231 1844 2248 non
1865 2228 1978 2251 conuenit
1996 2230 2067 2252 tenui
2079 2228 2170 2263 fortu-

4 2283 5 2286 ,
36 2258 106 2292 virg.
120 2258 179 2284 Aen.
193 2267 218 2289 2,
231 2266 286 2291 412.
356 2258 421 2284 Plin.
437 2265 472 2289 35,
486 2265 504 2290 4
531 2257 613 2290 Super
625 2264 716 2282 omnes
729 2255 807 2282 diuus
821 2256 948 2290 Augustus
961 2257 989 2282 in
1002 2256 1065 2283 foro
1125 2264 1169 2282 nae
1182 2265 1254 2281 meae.
1325 2256 1364 2281 Ad
1385 2263 1465 2282 omne
1486 2255 1566 2282 scelus
1586 2265 1677 2282 manus
1690 2257 1762 2283 illius
1776 2258 1878 2285 faciunt
1896 2260 1968 2286 Idem
1984 2261 2059 2296 Epist.
2075 2266 2101 2295 6,
2116 2270 2169 2294 128.

31 2293 78 2318 suo
92 2293 259 2323 celeberrima
274 2294 301 2319 in
320 2300 392 2328 parte
405 2293 492 2328 posuit
506 2291 606 2319 tabulas
619 2292 771 2326 duas‚quae
779 2291 848 2318 Belli
860 2291 958 2325 piffiam
968 2292 1065 2319 faciem
1125 2291 1165 2317 Ad
1189 2290 1406 2326 perpendiculum
1428 2292 1514 2318 facere
1535 2291 1651 2326 aliquid,
1678 2291 1730 2317 vid.
1761 2299 2045 2324 PERPeNDICVLvM.
2126 2300 2165 2326 Ad

26 2326 124 2362 „habent
142 2336 167 2355 et
187 2329 361 2363 triumphum.
432 2328 556 2355 Ciuitatis
570 2327 649 2353 facies
662 2327 776 2361 expressa
790 2327 817 2353 in
831 2328 940 2361 persona
953 2327 1066 2354 alicuius
1124 2327 1286 2353 stomachum
1301 2335 1355 2353 non
1369 2327 1432 2353 facit
1445 2326 1532 2353 nostra
1546 2327 1637 2361 lagena
1651 2332 1725 2353 tuum
1743 2329 1822 2355 Mart.
1836 2338 1874 2362 10,
1889 2339 1929 2363 45.
2000 2333 2040 2359 Ad
2054 2342 2166 2368 vnguem

2 2380 4 2392 r
30 2363 84 2390 Cic.
98 2373 145 2398 pro
158 2364 239 2391 Flacc.
254 2373 290 2397 53.
360 2364 473 2391 Consilii
487 2363 586 2398 publici
598 2363 666 2389 facie
679 2362 770 2389 Tacit.
784 2362 851 2389 Hist.
867 2371 892 2395 2,
907 2371 947 2396 54.
1008 2364 1065 2389 Cic.
1082 2362 1210 2390 6ofac⁶tus
1230 2361 1312 2388 homo
1331 2364 1400 2389 Hor.
1412 2363 1495 2389 Serm.
1510 2371 1530 2394 1,
1544 2372 1566 2394 5,
1582 2371 1620 2394 32.
1692 2363 1787 2389 Facere
1801 2365 1930 2392 Aduersus
1948 2373 1977 2392 vt
1990 2368 2029 2394 Ad
2041 2370 2166 2397 morbum

28 2399 78 2425 off.
88 2408 110 2431 1,
126 2408 154 2433 ¹4
171 2409 192 2425 c.
207 2407 219 2432 5
239 2401 363 2426 Formam
383 2399 491 2434 quidem
508 2399 590 2433 ipsam
604 2399 693 2424 Marce
715 2398 773 2430 fili,
789 2404 815 2424 et
829 2404 952 2432 tanquam
967 2398 1063 2425 faciem
1124 2397 1243 2424 Scribon.
1259 2403 1311 2427 108.
1325 2400 1380 2432 176.
1454 2398 1583 2425 Aduersus
1597 2398 1712 2432 aliquem
1730 2399 1815 2427 facere
1829 2401 1897 2435 Nep.
1912 2407 1945 2432 18,
1960 2407 1982 2435 8,
1996 2412 2019 2429 2.
2038 2407 2056 2430 ι’.
2078 2412 2165 2431 contra

27 2435 135 2461 Honesti
146 2435 231 2462 vides.
287 2436 406 2461 Honoris
419 2434 569 2460 adumbrati
582 2433 662 2459 facies
675 2433 800 2468 Calpurn.
816 2433 868 2459 Ecl.
883 2442 903 2465 1,
916 2436 958 2466 69.
1019 2435 1063 2461 Li·
1123 2435 1228 2469 aliquem
1245 2434 1329 2460 bellum
1347 2442 1440 2469 gerere.
1509 2434 1577 2460 Cum
1591 2433 1683 2468 aliquo
1697 2434 1834 2467 facere,vt
1848 2437 1889 2462 Ab
1902 2438 1992 2471 aliquo
2007 2439 2108 2471 facere,
2126 2441 2166 2466 illi

25 2475 96 2497 terae
109 2466 222 2497 Graecae
241 2469 366 2496 obtinere
384 2470 479 2495 dicitur
499 2468 570 2495 stella
584 2471 612 2494 in
625 2469 755 2501 machina,
773 2471 791 2496 i.
807 2469 916 2504 Decuffis
929 2470 1062 2496 Columel.
1117 2469 1223 2505 fauere,
1239 2470 1308 2495 illius
1318 2472 1429 2504 partium
1444 2467 1494 2502 este.
1530 2469 1599 2503 Nep.
1615 2476 1653 2503 17⁷
1667 2478 1691 2501 2,
1708 2478 1720 2502 5
1741 2472 1830 2503 Quun
1845 2472 2083 2506 animaduerteret,
2096 2475 2163 2502 Deo-

24 2513 49 2538 3,
63 2514 98 2537 13,
113 2514 146 2537 13.
218 2505 309 2530 Tacit.
325 2505 392 2531 Ann.
406 2513 444 2537 ¹4›
456 2513 484 2530 10
522 2505 670 2538 Antequam
682 2504 811 2530 Vesuuius
831 2513 906 2531 mons
927 2504 1061 2532 ardescens
1123 2514 1181 2531 rum
1195 2513 1294 2530 numen
1308 2505 1392 2531 facere
1407 2505 1502 2530 secum.
1559 2505 1615 2531 Cic.
1630 2513 1678 2538 pro
1693 2506 1797 2531 Caecin.
1813 2512 1844 2535 80
1861 2516 1882 2532 c.
1896 2513 1922 2536 28
1943 2508 2008 2533 Rem
2025 2515 2050 2535 et
2065 2511 2163 2537 senten-

24 2541 120 2566 faciem
138 2539 204 2566 Loci
216 2546 339 2566 verteret.
410 2539 511 2566 Montis
526 2540 554 2565 in
569 2539 665 2566 faciem
684 2546 791 2566 curuata
804 2541 872 2566 vnda
891 2541 1063 2568 circumstetit
1078 2540 1109 2572 65
1122 2541 1187 2567 tiam
1201 2540 1339 2567 interdffii
1353 2549 1456 2566 mecum
1475 2540 1561 2565 facere
1574 2540 1714 2565 fatebatur.
1768 2542 1799 2565 Et
1816 2544 1843 2566 in
1855 2541 1910 2576 fine
1928 2550 1990 2569 orat.
2012 2544 2161 2573 AuClorita-

25 2576 100 2609 Virg.
121 2575 218 2609 Georg.
238 2583 266 2607 4,
280 2578 333 2607 361.
403 2575 475 2604 Idem
489 2576 554 2602 Aen.
568 2583 589 2608 5,
603 2577 638 2610 76
690 2575 795 2609 Quibus
818 2576 907 2610 aspera
927 2577 1061 2611 quondam
1122 2582 1175 2602 tem
1189 2575 1432 2609 sapientiffimorum
1446 2575 1533 2600 facere
1546 2574 1691 2599 nobiscum.
1746 2575 1785 2601 De
1799 2575 1877 2602 rebus
1891 2577 1942 2603 suis
1957 2579 2082 2612 quidnam
2095 2582 2163 2608 face.

26 2611 87 2637 Visa
102 2611 183 2636 Maris
197 2611 284 2636 facies.
352 2610 442 2637 Tacit.
455 2612 523 2638 Ann.
537 2619 570 2643 13,
584 2616 611 2643 83
631 2583 700 2637 gum
714 2611 802 2646 politis
817 2611 919 2643 loricis,
932 2618 957 2638 et
970 2613 1061 2646 galeis,
1122 2612 1197 2637 rent?
1218 2610 1333 2643 Delphos
1347 2610 1495 2635 consultum
1509 2609 1635 2648 miserunt
1655 2609 1723 2643 Nep.
1739 2617 1764 2642 2,
1778 2619 1803 2643 2,
1817 2613 1841 2637 6.
1889 2613 1930 2639 Sic
1944 2614 2009 2641 Plin.
2024 2620 2046 2647 8,
2062 2619 2079 2642 6
2104 2617 2161 2644 Nec

24 2646 55 2673 in
69 2646 139 2672 Pacis
154 2646 248 2672 faciem
259 2647 403 2673 veniretur.
472 2646 544 2673 Idem
559 2646 627 2672 Hist.
641 2654 667 2677 2,
679 2654 715 2678 42
735 2647 770 2673 Ea
783 2647 853 2672 enim
868 2647 970 2680 Pugnae
983 2647 1063 2673 facies
1122 2645 1187 2679 quid
1206 2646 1245 2670 De
1264 2645 1297 2670 iis
1317 2645 1415 2670 factum
1436 2643 1481 2676 fit,
1498 2644 1629 2678 explicant
1651 2645 1780 2672 auctores.
1824 2648 1856 2673 Et
1873 2647 1957 2681 omiffit
1972 2650 2162 2686 praepositione,

25 2687 89 2707 erat.
162 2680 279 2707 Pulueris
294 2682 361 2707 Gell.
376 2690 414 2713 10,
429 2686 464 2711 18.
534 2681 682 2710 Scelerum,
701 2684 720 2706 i.
739 2682 834 2715 Species
846 2681 965 2715 scelerum
986 2681 1061 2715 Virg.
1123 2680 1229 2711 Nescit,
1256 2679 1320 2713 quid
1339 2678 1418 2705 faciat
1438 2688 1502 2705 auro
1521 2679 1603 2706 Plaut.
1623 2680 1713 2706 Bacch.
1735 2690 1756 2711 2,
1774 2688 1795 2712 3,
1814 2690 1852 2708 ιο.
1905 2685 1936 2709 Et
1957 2685 2031 2719 capt,
2053 2696 2075 2719 ς,
2093 2697 2111 2718 1,
2131 2697 2161 2721 32

25 2718 90 2744 Aen.
105 2719 131 2748 6,
144 2719 201 2749 560.
216 2724 240 2742 et
253 2717 350 2750 Georg.
364 2725 383 2742 1.
400 2719 457 2749 506.
528 2717 584 2742 Cic.
597 2715 709 2749 Philipp.
724 2720 747 2747 8,
759 2723 789 2746 23
821 2715 926 2741 Senatus
939 2715 1010 2741 enim
1025 2717 1061 2742 fa·
1075 2722 1111 2749 70
1122 2716 1185 2741 Meo
1200 2715 1305 2741 minore
1320 2715 1384 2749 quid
1397 2715 1496 2740 saelum
1510 2715 1539 2741 fit
1552 2715 1618 2741 filio.
1674 2715 1741 2741 Cato
1756 2724 1803 2750 147
1822 2717 1909 2745 Faciet
1921 2719 1985 2746 vino
2000 2716 2071 2756 quo'd
2079 2724 2161 2751 volet,

24 2752 91 2780 ciem
107 2753 191 2778 secum
204 2752 341 2783 attulerat,
360 2751 544 2778 auetoritatem
557 2750 671 2784 Reipub.
684 2750 726 2776 cui
741 2751 788 2784 qui
800 2759 854 2777 non
866 2756 948 2785 paret,
961 2760 1014 2777 non
1027 2752 1060 2778 ab
1121 2750 1189 2777 Add.
1205 2755 1259 2783 148,
1273 2759 1295 2776 2.
1366 2750 1495 2777 Columel.
1512 2758 1548 2781 12,
1562 2752 1578 2776 6
1605 2750 1632 2776 Si
1649 2750 1727 2776 aliam
1742 2752 1854 2778 muriam
1870 2754 1900 2779 In
1920 2754 1946 2780 id
1961 2765 2002 2782 vas
2017 2757 2102 2784 facere
2116 2768 2161 2786 vo-

12 2796 67 2820 reo,
79 2795 124 2814 etc.
196 2787 326 2820 Qninctil.
339 2796 367 2820 4,
381 2795 390 2813 1
431 2787 462 2813 Et
481 2787 551 2813 facie
570 2785 709 2820 simplicis,
733 2786 866 2821 sumtique
884 2795 915 2813 ex
936 2787 1060 2820 proximo
1121 2786 1217 2815 luetis,
1239 2787 1304 2811 hanc
1321 2786 1348 2811 in
1363 2787 1421 2812 vasa
1441 2786 1506 2811 bene
1519 2787 1602 2819 picata
1623 2784 1763 2812 diffimdes.
1833 2789 1963 2823 Equidem
1978 2801 2085 2826 omnes,
2113 2796 2161 2829 qui

17 2819 156 2852 §sermonis
165 2822 243 2849 fidem
257 2831 364 2857 quoque
377 2822 500 2855 acquirit.
565 2821 721 2848 Soloecismi
733 2822 829 2848 faciem
843 2821 939 2848 habere
951 2822 1060 2855 Qun&
1120 2821 1222 2856 aliquid
1237 2822 1266 2847 In
1280 2821 1372 2847 studiis
1385 2821 1502 2853 faciunt,
1522 2822 1644 2847 venerari
1657 2821 1736 2847 etiam
1749 2822 1896 2858 mirarique
1910 2827 1982 2852 soleo
2004 2829 2068 2855 Plin.
2082 2831 2108 2862 6,
2123 2839 2162 2865 17,

20 2867 44 2891 ἰ,
59 2866 80 2892 5.
146 2858 238 2885 Tacit.
253 2858 319 2884 Hist.
334 2866 356 2891 5,
371 2867 398 2890 23
410 2865 474 2884 extr.
496 2857 649 2892 Superfusus
661 2857 745 2884 amnis
758 2857 907 2892 palustrem,
920 2857 1061 2884 humilem·
1121 2865 1143 2890 5.
1181 2858 1221 2884 Sic
1232 2856 1311 2891 Epist.
1325 2866 1353 2888 4,
1368 2865 1395 2889 19
1415 2858 1444 2883 In
1457 2865 1508 2891 qua
1520 2856 1621 2890 (orte)
1636 2856 1778 2891 plurimum
1791 2859 1862 2886 facit.
1901 2863 1931 2887 Et
1944 2862 2000 2889 Sen.
2016 2863 2047 2890 de
2061 2865 2160 2893 Breum

26 2903 78 2928 que
91 2894 201 2920 insulam
211 2914 219 2927 ,
239 2894 268 2920 in
281 2894 375 2921 faciem
391 2894 479 2928 Stagni
491 2893 617 2927 oppleuit.
677 2893 765 2919 Facies
779 2893 884 2920 Terrae
898 2899 971 2919 terna
983 2895 1060 2921 Varr.
1076 2896 1108 2924 7)·
1119 2893 1191 2919 vitae
1208 2899 1233 2920 15<
1254 2893 1380 2926 Experire
1393 2893 1543 2926 (virtutem)
1558 2892 1622 2926 quid
1644 2893 1672 2918 in
1685 2894 1744 2919 otio
1760 2894 1846 2921 faciat.
1884 2897 1932 2923 Sed
1949 2905 1972 2923 et
1986 2908 2040 2925 cum
2053 2902 2160 2937 Accusa-

27 2929 60 2956 R.
77 2930 147 2962 Ra,
165 2938 190 2962 9,
210 2938 231 2962 3.
252 2932 268 2955 i.
288 2939 379 2966 genera
394 2933 455 2955 tria.
491 2928 560 2956 Add.
575 2928 678 2955 Colum.
692 2937 729 2960 ιο,
745 2933 794 2958 188.
867 2928 997 2963 Vestigii¹
1013 2929 1060 2956 hu-
1119 2931 1187 2959 tiuo,
1208 2928 1275 2955 Ter.
1291 2929 1386 2955 Hcaut.
1401 2936 1421 2960 1,
1439 2937 1460 2960 2,
1473 2936 1501 2959 24
1528 2929 1644 2960 Vereor,
1657 2938 1689 2954 ne
1710 2929 1775 2963 quid
1794 2930 1822 2956 in
1835 2931 1911 2958 illum
1932 2933 2013 2960 iratus
2028 2935 2084 2969 plus
2099 2937 2159 2963 satis

29 2964 101 2990 mani
118 2965 183 2991 facie
196 2964 295 2991 Sallust.
307 2972 347 3000 ap.
362 2964 428 2991 Gell.
442 2973 475 2996 ις,
489 2969 528 2994 28.
544 2970 573 2990 ut
591 2973 617 2990 n.
632 2972 642 2990 1
661 2963 776 2990 vidimus.
846 2964 937 2991 Tacit.
955 2965 985 2991 in
999 2966 1060 2992 Vita
1119 2964 1187 2990 faxit
1202 2970 1282 2998 pater.
1339 2965 1370 2989 Et
1385 2972 1404 2996 1,
1420 2972 1440 2995 1,
1455 2971 1486 2996 54
1513 2963 1539 2989 Si
1552 2963 1579 2989 id
1593 2965 1738 2996 nonsatis,
1754 2974 1802 3000 ego
1817 2967 1879 3000 quid
1894 2977 1935 2994 me
1950 2969 1978 2995 in
1993 2976 2017 2996 te
2029 2970 2060 2997 fit
2073 2972 2159 2999 facere

30 2999 117 3032 Agric.
129 3008 149 3025 c.
163 3005 189 3031 38
212 3001 349 3027 Proximus
360 3000 414 3026 dies
428 3000 523 3026 faciem
536 2999 672 3026 Victoriae
685 2999 762 3026 latius
774 3000 886 3034 aperuit.
958 3000 1058 3028 Sallust.
1120 2999 1228 3034 dignum
1237 3019 1245 3032 ,
1260 3000 1398 3025 inuenero.
1435 3000 1476 3026 Sic
1489 2999 1611 3033 Exempla
1631 3000 1659 3025 in
1678 3000 1793 3035 aliquem
1807 3002 1910 3029 Facere.
2106 3005 2127 3044 ff
2145 3017 2156 3039 3

30 3033 108 3060 Catil.
124 3043 143 3059 c.
154 3042 232 3070 31pr.
258 3036 361 3070 Qxibus
380 3035 458 3063 rebus
476 3041 595 3070 permota
615 3035 708 3062 ciuitas
727 3041 806 3070 atque
823 3036 961 3062 immutata
982 3037 1060 3063 Vrbis
1121 3037 1230 3061 Nomina
1244 3033 1511 3073 Substantiuffiqutbus
1524 3040 1547 3060 et
1560 3035 1685 3061 Adam-bia
1700 3036 1815 3071 quaedam
1834 3039 1928 3074 inserta
1941 3039 2018 3075 ficut,
2034 3042 2157 3068 elemento.

32 3068 112 3094 facies
129 3075 191 3096 erat.
402 3074 419 3098 6
455 3073 486 3098 In
501 3073 597 3098 Plurali
613 3080 728 3097 numero:
765 3072 839 3106 Virg.
858 3072 955 3106 Georg.
975 3082 993 3104 1,
1011 3075 1059 3104 306
1081 3077 1172 3103 80rum
1186 3070 1270 3097 ordine
1283 3070 1408 3105 dispostta.
1446 3069 1593 3102 Abortum‚
1615 3070 1668 3097 vid.
1689 3078 1852 3100 ABORTVS.
1926 3075 2036 3101 Acorem
2050 3078 2155 3104 Colum.

32 3103 93 3130 Tot
106 3102 173 3129 bella
185 3113 229 3138 per
240 3106 348 3140 orbem,
399 3116 441 3134 am
454 3107 551 3134 multae
565 3107 690 3133 scelerum
709 3107 797 3133 facies.
868 3108 977 3134 Vertere
992 3109 1017 3134 se
1031 3109 1059 3134 in
1118 3115 1140 3139 3,
1154 3115 1189 3138 21,
1203 3112 1223 3138 5.
1293 3106 1349 3132 Cic.
1365 3106 1434 3131 Fam.
1449 3114 1485 3136 10,
1498 3110 1523 3135 18
1549 3107 1671 3140 Magnam
1686 3108 1764 3133 etiam
1779 3107 1874 3141 perditi
1886 3108 1971 3136 hostes
1984 3112 2157 3140 Acceffionem

31 3147 123 3165 0¹¹¹„ssss
135 3139 225 3170 facies,
244 3144 261 3166 1⁴-
284 3144 398 3178 Experiri
409 3146 490 3169 omnia
497 3142 545 3178 fi‘a
557 3142 666 3176 consilia,
679 3149 722 3168 aut
733 3146 816 3169 vires:
851 3143 928 3177 Virg.
942 3144 1006 3169 Aen.
1024 3152 1059 3176 12,
1120 3141 1168 3168 fibi
1184 3141 1307 3167 feeiffent.
1379 3140 1471 3167 Aditus
1485 3141 1516 3168 ad
1528 3142 1646 3173 causam,
1665 3142 1718 3168 vid.
1740 3149 1869 3170 ADITVS.
1943 3145 2052 3172 Aditum
2067 3147 2098 3173 ad
2112 3156 2156 3174 au-

31 3179 75 3206 891
98 3175 176 3200 Verte
194 3183 281 3202 omncs
298 3182 348 3204 tete
369 3179 397 3205 in
417 3178 512 3210 faeies3
536 3184 562 3204 et
581 3177 705 3204 contrahe
724 3178 857 3213 quidquid
883 3179 944 3205 Siue
962 3179 1058 3205 animis
1119 3185 1160 3204 res
1180 3176 1313 3210 Quinem.
1328 3185 1354 3209 4,
1370 3185 1390 3208 1,
1403 3179 1441 3208 36.
1514 3177 1686 3204 Adiutorium
1706 3178 1734 3204 in
1753 3178 1870 3212 aliquam
1888 3188 1943 3206 rem
1967 3182 2053 3209 facere
2075 3183 2155 3210 alicui

32 3210 85 3236 flue
99 3215 154 3236 arte
166 3209 242 3247 vales.
309 3213 396 3241 Facies
412 3223 445 3240 ne
465 3213 615 3240 deforment
634 3214 780 3240 iumentum
801 3215 890 3248 Veget.
907 3214 1018 3245 Mulom,
1035 3223 1059 3245 2,
1119 3212 1222 3239 Afinius
1236 3212 1323 3238 Pollio
1336 3212 1403 3247 apud
1416 3212 1486 3238 Suet.
1498 3212 1530 3238 de
1544 3213 1613 3240 Clar.
1628 3213 1745 3240 Gramm.
1762 3222 1798 3239 ιο.
1871 3215 2082 3244 Admirationem
2095 3220 2155 3245 auri
2171 3232 2178 3238 -

33 3253 65 3277 11,
79 3254 105 3277 4·
161 3280 166 3284 ¹
196 3254 199 3255 ’
276 3244 296 3283 ff
313 3255 329 3283 7
364 3250 464 3286 Obstru.
477 3259 506 3276 ex
518 3249 585 3276 Gell.
599 3258 625 3282 9,
641 3258 671 3283 14
697 3249 778 3283 Qiod
796 3250 871 3284 supra
885 3250 1009 3284 scripturn
1023 3250 1059 3276 est
1076 3252 1104 3281 85
1118 3255 1144 3274 et
1159 3248 1263 3282 argenti
1284 3248 1341 3274 Seu.
1356 3247 1434 3282 Epist.
1450 3256 1489 3280 21,
1503 3257 1521 3274 1.
1591 3248 1658 3274 Gell.
1675 3257 1714 3282 14,
1729 3258 1744 3275 2
1782 3249 1928 3277 Defierisne
1948 3253 2033 3279 facere
2048 3253 2155 3280 Adulte-

31 3281 60 3307 in
101 3279 169 3305 uint1
182 3279 286 3307 Claudii
298 3283 396 3316 verbis,
415 3287 520 3321 Propter
534 3285 727 3321 magnitudinem
738 3292 811 3321 atque
822 3288 1000 3311 immanitatem
1013 3286 1059 3320 fa-
1119 3284 1207 3310 rium?
1280 3284 1364 3318 Aegre
1384 3283 1465 3309 alicui
1486 3284 1552 3310 Ter.
1570 3283 1634 3309 Eun.
1648 3294 1674 3317 4,
1691 3293 1710 3317 1,
1727 3293 1763 3310 10.
1835 3286 1921 3320 Aequi
1941 3287 2058 3322 bonique
2081 3290 2154 3316 Idem

30 3319 95 3343 cr'es:
117 3314 144 3341 id
156 3324 203 3341 nos
216 3315 315 3350 aliquot
325 3320 456 3347 veteribus
469 3320 546 3347 libris
561 3320 683 3355 inspeetis
696 3321 910 3355 explorauimus‚
928 3328 1007 3355 atque
1022 3322 1059 3347 ita
1119 3320 1215 3346 Heaut.
1231 3329 1258 3353 4,
1271 3327 1294 3352 5,
1308 3328 1353 3352 40.
1414 3319 1463 3345 Aes
1481 3319 1597 3344 alienum
1615 3319 1675 3345 Liu.
1692 3329 1714 3352 2,
1729 3329 1768 3352 23.
1824 3322 1895 3347 Caes.
1909 3323 1936 3348 B.
1952 3324 1983 3348 G.
2000 3326 2024 3355 6,
2039 3328 2064 3354 18
2094 3326 2154 3352 Viri

31 3352 80 3378 ess‘e
89 3371 96 3383 ‚
105 3357 132 3377 vt
146 3351 271 3391 scriptum
283 3352 332 3385 est,
345 3357 527 3391 comperimus.
562 3357 603 3383 Sic
616 3357 687 3382 enim
701 3357 827 3392 pleraque
848 3363 918 3383 aetas
937 3364 1058 3383 veterum
1119 3362 1228 3390 quantas
1242 3354 1363 3388 pecunias
1376 3354 1409 3380 ab
1421 3354 1550 3380 vxoribus
1569 3354 1638 3380 dotis
1651 3356 1759 3382 nomine
1772 3363 1940 3390 acceperunt,
1961 3365 2042 3385 tantas
2057 3368 2088 3386 ex
2102 3361 2155 3387 suis

30 3386 188 3417 declinamt,
213 3385 271 3411 haec
284 3386 378 3421 facies,
395 3392 467 3418 huius'
477 3392 579 3429 facies:
614 3392 686 3426 quod
709 3401 777 3418 nunc
798 3398 904 3427 propter
926 3392 1057 3418 rationem
1119 3390 1196 3417 bonis
1213 3390 1402 3417 Aestimatione
1419 3390 1488 3416 faeta
1506 3398 1565 3417 cum
1579 3389 1686 3417 dotibus
1703 3393 1905 3418 communicant.
1978 3394 2063 3420 Varro
2078 3395 2110 3422 de
2122 3397 2152 3424 R.

30 3422 243 3461 grammatica-m,
256 3420 337 3457 faciei
355 3423 457 3453 dicitur.
493 3429 640 3462 Corruptos
654 3433 747 3456 ,autem
767 3428 894 3463 quosdam
916 3427 998 3454 libros
1018 3437 1058 3454 re·
1072 3439 1107 3464 90
1119 3427 1150 3453 R.
1167 3435 1187 3459 1,
1199 3437 1227 3460 4,
1241 3435 1256 3452 2
1294 3427 1350 3452 Nec
1369 3434 1423 3451 1¹0ss
1437 3434 1555 3460 eihquae
1575 3426 1676 3452 faciunt
1695 3427 1827 3458 (cultum)
1849 3426 2025 3456 honestiorem
2044 3431 2155 3465 Agrum,

25 3458 104 3493 *γει-ι,
118 3467 146 3483 ιιι
160 3455 346 3496 quxbus'faciei
358 3460 477 3495 scriptum
491 3463 543 3496 est,
563 3463 612 3490 illo
624 3463 697 3498 quod
710 3470 770 3490 ante
788 3464 912 3498 scriptum
927 3469 996 3496 erat,
1011 3463 1057 3490 ob-
1118 3463 1242 3497 pleraque
1259 3470 1313 3487 non
1327 3461 1411 3487 solum
1424 3461 1628 3488 fruetuotiorem
1639 3471 1699 3488 eum
1714 3463 1828 3494 faciunt,
1862 3477 1907 3482 —-
1942 3464 1984 3490 sed
2000 3466 2078 3492 etiam
2092 3476 2155 3494 ven-

8 3493 144 3520 *literatm
181 3493 354 3518 Meminimus
371 3496 448 3522 etiarn
467 3498 495 3524 in
506 3498 622 3525 Tiburti
642 3499 806 3526 bibliotheca
825 3499 946 3525 inuenire
960 3508 1008 3525 nos
1029 3500 1058 3525 in
1118 3497 1284 3524 dibiliorem.
1358 3497 1412 3523 Cic.
1427 3497 1458 3522 de
1471 3497 1577 3523 Amicit.
1590 3502 1621 3531 78
1664 3498 1758 3531 Neque
1777 3497 1834 3523 fieri
1849 3497 1939 3531 poffit,
1959 3507 1987 3526 vt
2001 3510 2054 3528 non
2068 3502 2154 3530 statim

30 3528 122 3555 eodem
136 3527 241 3555 Claudii
260 3528 487 3568 libro‚·scriptum
498 3539 641 3569 Vtrumque
654 3534 740 3570 facies
757 3541 782 3561 et
795 3534 874 3571 socii.
910 3534 957 3561 Sed
971 3535 1058 3571 facies
1119 3533 1268 3563 Alienatio,
1283 3532 1482 3567 disiunctioque
1502 3532 1621 3559 facienda
1640 3532 1677 3558 fit.
1698 3532 1726 3557 de
1743 3535 1873 3558 amicitiis.
1945 3535 2065 3564 Ambitus
2085 3539 2155 3566 circa

32 3564 62 3590 in
73 3564 165 3590 ordine
185 3563 309 3597 scriptum
325 3563 397 3596 fuit,
409 3570 434 3591 et
451 3574 539 3596 contra
557 3579 604 3604 per
623 3570 643 3596 ii
656 3571 790 3604 geminum
802 3571 882 3606 facii.
921 3571 1015 3605 Neque
1030 3569 1058 3595 id
1117 3577 1175 3594 rem
1193 3568 1323 3602 aliquam:
1342 3568 1367 3594 h.
1382 3576 1400 3593 e.
1418 3568 1529 3594 Ambire.
1585 3569 1644 3594 Liu.
1663 3575 1706 3601 27,
1719 3575 1752 3600 27
1766 3575 1829 3593 extr.
1859 3568 1958 3596 Multos
1981 3572 2049 3599 circa
2074 3583 2153 3601 vnam

32 3598 114 3626 abesse
129 3608 143 3626 a
163 3598 274 3633 quadam
294 3599 476 3627 consuetudine
495 3605 574 3637 prisca
591 3606 808 3632 existimauimus,
844 3606 914 3632 Nam
929 3612 955 3632 et
971 3606 1004 3631 ab
1017 3614 1058 3635 eo,
1074 3613 1105 3638 95
1119 3612 1174 3629 rem
1189 3603 1309 3629 Ambitus
1328 3603 1453 3635 fecerim,
1469 3603 1502 3634 fi,
1519 3612 1587 3638 quae
1608 3603 1639 3628 de
1653 3602 1773 3628 Marcelli
1794 3609 1881 3629 morte
1899 3606 2001 3633 variant
2023 3609 2153 3643 ³11&oreS,

32 3634 103 3669 quod
118 3634 154 3661 est
168 3636 208 3661 hic
221 3634 289 3667 dics,
307 3641 359 3661 tam
374 3635 446 3661 huius
457 3636 522 3671 dies,
540 3649 617 3674 quam
629 3641 681 3667 dii:
718 3648 743 3668 et
756 3641 788 3668 ab
802 3649 845 3673 eo,
858 3641 931 3675 quod
946 3640 982 3667 est
999 3640 1058 3666 haec
1120 3639 1210 3665 omnia
1223 3639 1320 3672 exequi
1334 3639 1425 3665 velim.
1497 3640 1566 3665 Caes.
1583 3639 1609 3664 B.
1626 3638 1656 3663 G.
1670 3648 1696 3670 4,
1711 3642 1724 3666 8
1762 3638 1802 3664 Ad
1816 3640 1951 3667 Caesarem
1966 3642 2064 3677 legatos
2078 3646 2153 3672 mise·

26 3670 127 3706 sames,
140 3677 193 3697 tam
210 3670 282 3696 huius
294 3670 394 3706 james,
413 3679 490 3704 quam
499 3673 576 3707 samii
586 3676 716 3703 dixerunt.
762 3679 792 3703 Ει
806 3675 878 3711 post,
898 3678 928 3702 In
942 3677 1000 3702 casu
1013 3684 1058 3701 au-
1119 3680 1192 3703 rant,
1213 3674 1365 3700 Amicitiam
1378 3674 1508 3706 fecerant,
1528 3673 1629 3699 obfides
1645 3671 1777 3699 dederant.
1849 3675 1970 3703 Amicum
1983 3688 2025 3705 me
2044 3680 2095 3707 tibi
2116 3681 2152 3706 fe-

33 3709 85 3732 tem
98 3705 190 3738 diffidi,
209 3706 255 3740 qui
270 3705 399 3740 Puriffime
418 3706 500 3732 locuti
518 3708 590 3742 sunt,
608 3721 662 3738 non
673 3713 773 3747 faciei,
798 3712 837 3739 vti
859 3711 956 3738 dicitur
977 3720 1056 3743 nunc,
1118 3710 1154 3735 cit
1167 3715 1210 3735 tua
1230 3709 1315 3735 virtus
1334 3710 1401 3736 Hor.
1416 3710 1495 3736 Serm.
1508 3718 1532 3740 2,
1548 3717 1569 3740 ς,
1584 3715 1618 3739 33.
1655 3708 1727 3742 Conf.
1740 3708 1797 3735 Sen.
1811 3709 1855 3744 Ep.
1869 3720 1894 3743 9.
1966 3715 2091 3742 Animum
2105 3716 2151 3741 ali.

34 3740 159 3775 sedssfacie
176 3741 309 3768 dixerunt.
365 3741 483 3767 Lucilius
504 3741 532 3768 in
544 3743 653 3779 Satyris,
672 3749 703 3774 Et
716 3751 823 3783 primum
844 3747 967 3781 (inquit)
983 3747 1057 3783 facie
1119 3745 1177 3775 cui,
1199 3746 1324 3774 incitare,
1343 3753 1367 3770 et
1383 3748 1489 3771 animum
1508 3752 1604 3778 augere.
1659 3743 1719 3769 Liu.
1732 3752 1771 3776 25,
1786 3753 1808 3771 11
1848 3746 1953 3774 Missum
1969 3758 1982 3775 a
1996 3751 2150 3784 Metaponto

0 3753 3 3814 l
33 3776 93 3810 quod
103 3775 196 3810 honeste
207 3777 308 3803 accedit.
342 3777 416 3803 Idem
430 3776 478 3802 lib.
494 3784 511 3811 7
529 3778 579 3812 Qz'
589 3786 612 3805 te
624 3781 725 3817 diligit,
744 3786 823 3810 aetati
836 3783 952 3819 facieque
965 3790 1020 3808 tuae
1027 3779 1291 3818 Je100praefidium,
1309 3780 1432 3806 Romanis
1441 3779 1504 3805 fecit
1516 3779 1693 3810 Animum,vt
1705 3779 1783 3806 noble
1798 3789 1828 3807 ex
1847 3781 1995 3816 improuiso
2008 3794 2086 3819 opera
2105 3786 2150 3811 ho.

0 3817 3 3834 ι
982 3818 987 3822 .
1049 3818 1054 3822 .
1230 3815 1235 3820 .

36 3810 156 3837 Fautorem
169 3809 291 3844 ostendat,
302 3811 363 3848 fore
376 3816 478 3838 amicum
487 3812 639 3847 polliceatur.
672 3819 734 3844 Sunt
747 3826 833 3845 autem
846 3827 900 3844 non
914 3827 1056 3852 pauc1‚qu1
1119 3816 1197 3842 stium
1228 3815 1392 3842 inuaderent.
1463 3815 1589 3840 Animum
1616 3812 1716 3840 bonum
1745 3816 1809 3842 Plin.
1831 3817 1908 3851 Epist.
1930 3828 1981 3852 150.
2069 3820 2149 3846 Ouid.

33 3844 170 3881 vtrobique
181 3847 254 3883 facii
268 3847 362 3882 legant.
397 3847 445 3875 Sed
458 3848 538 3874 Caius
551 3847 643 3875 Caesar
658 3851 686 3877 in
703 3853 748 3879 lib.
762 3854 794 3880 de
808 3854 936 3888 Analogia
950 3862 966 3879 2
984 3854 1057 3880 haim
1119 3851 1205 3878 Trist.
1220 3859 1242 3883 ς,
1256 3856 1277 3881 8,
1292 3859 1303 3882 3
1325 3852 1399 3884 Quae
1411 3849 1462 3876 tibi
1477 3857 1517 3875 res
1529 3848 1638 3876 Animos
1653 3850 1680 3875 in
1693 3858 1735 3876 me
1752 3852 1816 3878 facit
1835 3852 1972 3887 improbe?
2041 3855 2150 3881 Animos

0 3871 2 3912 l
32 3880 72 3906 die
89 3886 114 3907 et
125 3883 194 3909 huius
205 3883 286 3918 Jpecie
301 3883 439 3910 dicendum
456 3890 537 3917 putat.
573 3884 640 3909 Haec
652 3885 700 3912 ille.
851 3887 871 3926 q
893 3895 906 3919 8
942 3891 972 3915 In
986 3889 1056 3915 Codt-
1118 3887 1218 3913 faciunt
1237 3885 1350 3916 diuitiae
1380 3886 1438 3912 Liu.
1454 3893 1473 3912 ι,
1487 3892 1527 3916 34-
1598 3885 1702 3911 Annum
1718 3886 1747 3912 in
1766 3887 1827 3921 fuga
1845 3889 1942 3915 fecerat
1960 3890 1975 3914 l.
1991 3896 2020 3921 14
2033 3890 2063 3914 D.
2078 3888 2101 3924 §.
2117 3890 2150 3915 de

0 3915 2 3924 l
31 3914 96 3942 cihu}
109 3919 182 3944 Mss.
201 3919 322 3954 confundi
330 3919 413 3955 solent
427 3920 503 3947 Acies
522 3925 546 3946 et
566 3919 669 3946 Facies:
702 3921 755 3948 vid.
772 3924 909 3951 Burmann.
928 3925 962 3951 ad
981 3925 1055 3952 Grat.
1119 3922 1184 3949 statu
1203 3921 1303 3948 liberis.
1361 3922 1449 3947 Annos
1464 3920 1541 3945 Inscr.
1560 3921 1627 3955 apud
1640 3921 1715 3947 Grut.
1735 3931 1759 3957 p.
1775 3928 1817 3954 838
1835 3933 1860 3949 n.
1876 3932 1909 3950 12.
1936 3931 1959 3948 et
1981 3933 2005 3957 p.
2020 3928 2066 3957 842
2085 3933 2100 3949 n
2123 3932 2148 3958 7.

28 3950 126 4001 §yneg
142 3961 260 4015 97.chn
295 3989 336 4016 IL
1062 3971 1106 3998 ¹05
1124 3958 1181 3987 Vid.
1197 3959 1293 3985 omnino
1310 3957 1390 4018 ἓνὲηιὲ
1400 3955 1434 4017 qd
1446 3955 1502 3982 Sen.
1516 3955 1562 3991 Ep.
1575 3958 1609 3983 66
1628 3965 1653 3991 p.
1669 3965 1717 3989 231.
1754 3958 1827 3995 Cous.
1844 3960 1926 3986 Burm.
1940 3957 1974 3985 ad
1987 3959 2089 4030 Petroqi
2105 3968 2150 4028 ζέε)
