2479 4225
219 212 302 250 ,243
619 194 636 233 1
723 191 762 232 v
853 190 881 230 B

219 288 261 315 Sic
273 287 434 321 Purpureum
447 282 558 310 fundens
571 282 666 309 Caesar
679 281 712 308 ab
726 290 773 307 ore
786 279 863 305 iubar
888 275 1004 303 Martial.
1016 280 1040 308 8,
1054 276 1095 309 65.
1128 273 1158 301 de
1174 273 1260 301 Domi-

221 326 300 354 tiano,
315 324 356 348 cui
369 321 479 347 Vultum
489 318 598 345 ruboris
611 318 716 352 plenum
729 315 818 342 tribuit
830 314 936 339 Sueton.
945 317 1010 341 c.18.

259 362 459 386 1VBE11VS,
493 353 547 380 vid.
569 358 743 380 TAVREA.

258 399 268 418 1
278 390 299 418 xi
308 399 323 418 B
332 398 348 418 E
357 398 376 417 0
384 410 391 421 ,
409 389 463 416 iuffi
471 409 480 422 ,
496 389 604 420 iussum,
624 388 693 414 bere.
745 383 872 418 [κελεύω]
939 381 1096 409 Vehementer
1107 379 1162 407 volo
1170 399 1179 412 ,
1197 387 1260 421 quae

223 425 487 462 voluntassuffragio,
505 427 623 460 imperto,
636 420 765 456 precibus,
784 418 898 452 consilio,
917 418 1034 450 hortatu,
1056 423 1100 443 etc.
1137 415 1260 441 declarart

218 460 298 498 potest
306 481 313 493 ,
337 461 395 487 adeo
414 468 443 487 vt
456 459 548 486 iubere
559 459 656 485 dicatur
668 454 791 481 interdum
800 474 809 487 ,
837 458 879 489 qui
886 452 1119 489 ftiitcntiarnfert,
1139 454 1261 486 imperat,

226 504 270 524 εις.
325 494 364 529 Est
384 506 441 532 ergo
454 495 550 525 iubeo,
573 492 630 518 velle
649 500 685 516 me
702 490 785 516 verbis
798 491 976 525 quibuscunque
980 487 1114 525 fignfflffli
1147 493 1176 512 vt
1189 490 1262 518 veto,

225 533 320 559 declaro
333 541 369 558 me
383 532 453 559 nolle.
541 528 608 554 Ter.
623 526 687 552 Eun.
702 534 717 552 2
729 545 737 557 ‚
757 535 786 556 3,
807 532 842 558 97
882 525 961 552 Iubes
984 524 1033 549 ne?
1070 528 1087 548 C
1100 527 1134 548 H.
1161 520 1262 561 iubeo,

224 568 243 601 (
258 570 308 593 erio
320 567 379 593 velle
390 577 426 593 me
438 566 530 592 declaro
532 563 552 597 )
575 570 641 595 cogo
672 559 814 594 (robustior
831 559 1031 593 imbecilliorem)
1062 562 1141 591 atque
1159 564 1264 590 impero

226 568 320 636 (shcrus
326 603 429 639 seruo).

226 639 277 664 nal.
292 641 318 670 6,
331 646 385 669 223.
1156 663 1164 668 .
1189 666 1193 670 ἡ
1212 666 1215 670 .

225 671 246 711 ff
266 682 283 700 2
319 672 466 700 ordinarie,
488 675 552 695 certe
558 668 708 703 frequenter
721 666 861 698 admodum,
873 664 1038 698 construitur,
1052 673 1105 690 cum
1114 665 1244 699 Infinitum
1253 680 1263 694 ,

225 709 346 745 quisuum
353 704 589 740 fibiAccusatiuum‚
602 705 695 738 quoties
707 709 766 737 opus
778 700 820 734 est,
835 700 978 728 adiunt‘lum
989 701 1070 728 habet.
1140 699 1224 725 Plaut.
1239 706 1264 729 2,

263 753 278 770 2
306 743 398 768 lubeto
413 740 508 766 habere
520 739 638 765 animum
652 738 760 764 bouum.
832 737 889 763 Cic.
907 737 964 763 Fin.
980 745 999 767 1,
1012 745 1022 762 1
1052 735 1154 762 Primus
1166 734 1202 760 est
1217 742 1262 760 au-

453 634 533 660 Plaut.
546 632 606 658 Aul.
622 640 647 664 1,
662 640 686 663 1,
701 640 728 664 19
760 630 837 657 Iubet
850 631 1003 657 sententiam
1012 650 1021 662 ,
1038 634 1067 655 vt
1080 628 1168 654 dicant
1180 628 1261 653 suam.

226 752 249 777 Ξ,

226 780 265 805 sus
278 777 421 804 Leontinus
435 774 547 808 Gorgias
560 774 589 800 in
608 779 740 799 conuentu
761 773 867 807 poscere
884 772 1077 807 quaestionem,
1101 770 1130 797 id
1150 770 1202 802 est,
1221 769 1261 794 iu·
1281 784 1307 810 ις
1325 772 1351 797 ei
1363 771 1478 797 mixtum
1490 771 1518 797 in
1531 773 1624 805 poculo
1638 773 1708 799 ferre
1721 771 1755 798 ad
1767 771 1959 806 Sopbonisbam
1972 772 2055 798 iubet.

225 814 286 840 bere
298 813 400 843 dicere,
422 819 473 844 qua
487 810 519 836 de
532 819 560 836 re
573 809 633 844 quis
643 809 723 835 vellet
734 808 836 835 audire.

223 857 302 883 gnum
315 851 450 881 paupertas
463 845 636 880 opprobrium
651 845 726 871 iubet
739 844 854 877 Quiduis
866 848 892 870 et
906 843 993 870 facere
1013 848 1037 868 et
1052 843 1117 877 pati.

224 885 276 910 Att.
291 891 327 914 12,
341 884 357 907 6
384 882 478 907 Caesar
495 896 540 900 —
560 886 585 907 te
598 879 651 906 fine
663 888 725 906 cura
737 881 785 906 effe
798 879 874 905 iuffit.
945 880 977 905 Et
990 879 1068 904 Verr.
1082 878 1112 905 A.
1127 886 1151 908 1,
1166 884 1194 909 ¹9
1208 885 1230 901 c.
1244 882 1262 909 7

224 919 290 945 Cum
314 917 364 943 hoc
386 916 517 948 confistit,
547 915 616 942 hunc
642 916 820 950 amplexatur,
848 915 918 941 hunc
941 913 1018 940 iubet
1039 913 1093 939 fine
1116 921 1178 938 cura
1205 911 1264 938 csse.

908 809 976 834 Hor.
990 806 1042 833 Od.
1055 815 1082 839 3,
1096 815 1138 840 24,
1150 814 1186 839 42
1206 805 1262 844 Ma-

222 955 296 987 Virg.
310 953 373 979 Aen.
386 960 409 984 5,
424 959 468 984 552
489 952 545 985 Ipse
557 960 663 978 omnem
677 951 758 985 longo
772 950 896 977 decedere
908 950 978 976 circo
992 947 1111 975 Infusum
1124 947 1263 982 populum,
1275 963 1312 982 20
1326 949 1415 983 primo
1429 958 1536 983 quoque
1550 956 1667 984 tempore
1680 949 1846 984 magistratus
1860 949 1946 976 creari
1964 964 2010 970 ——
2030 949 2125 975 iussum
2133 957 2197 975 erat.

222 995 247 1014 ct
260 997 363 1022 campos
375 987 451 1013 lubet
463 988 511 1013 else
523 993 645 1021 patentes.
717 987 798 1013 Plaut.
813 986 881 1012 Asin.
895 995 919 1017 2,
931 995 954 1019 ε,
968 994 999 1018 30
1026 985 1109 1011 Iubeo
1123 990 1149 1010 te
1163 983 1262 1009 saluere

221 1033 286 1050 vote
300 1024 408 1050 summa.
480 1022 549 1049 Ter.
564 1022 674 1057 Adelph.
689 1031 701 1055 3
710 1042 719 1054 ,
731 1033 764 1056 4,
779 1030 804 1055 15
835 1022 939 1048 Saluere
953 1021 1103 1083 sagionem
1116 1019 1262 1054 plurimum

221 1059 311 1086 iubeo.
389 1059 457 1085 Hor.
470 1058 550 1092 Epist.
566 1067 575 1084 1
584 1078 593 1091 ‚
607 1067 649 1090 10,
665 1067 675 1084 1
704 1059 813 1085 Fuscum
825 1058 924 1084 saluere
936 1057 965 1083 iu
1001 1065 1067 1082 mus.
1138 1055 1196 1082 Cic.
1209 1054 1262 1080 Att.

221 1103 240 1127 4
249 1115 258 1127 ,
271 1103 297 1125 14
327 1093 483 1126 Dionysium
495 1093 558 1121 iube
571 1093 678 1120 saluere.
860 1090 894 1130 -Ἷ
915 1101 927 1124 3
965 1092 1009 1118 Ille
1022 1091 1169 1126 [ifinitiuus
1187 1092 1265 1115 inter-

1289 428 1303 455 ς
1326 415 1367 450 Est
1385 415 1492 451 ellipsis,
1516 426 1570 444 non
1582 417 1692 444 iubebas
1712 420 1789 448 (me)
1810 418 1911 451 sperare
1926 417 1993 443 mihi
2009 417 2080 444 haec.

494 599 535 625 Sic
548 597 627 628 volo,
647 596 680 622 fic
693 595 774 622 iubeo
783 615 792 628 ‚
811 595 842 622 fit
855 604 904 629 pro
916 595 1019 622 ratione
1032 593 1154 619 voluntas
1184 593 1261 618 que-
1277 605 1306 623 10
1323 593 1486 620 unionibus,

1301 718 1303 720 -
1325 700 1542 727 Drakenborchius
1549 703 1625 736 plura
1637 703 1706 732 loca,
1724 701 1767 726 vbi
1782 704 1809 726 in
1824 710 1871 727 uno
1883 703 2008 736 alteroque
2019 702 2076 728 MS.
2084 700 2124 734 fic
2136 704 2261 728 variatur.

1203 841 1262 867 cic.
1292 842 1293 846 ’

1701 184 1960 226 IVB

1320 283 1367 301 nes
1379 275 1486 302 reuerti.
1544 274 1617 302 Mihi
1627 273 1726 301 videtur
1739 284 1767 301 ex
1775 274 1908 311 familiari
1919 275 1962 302 illo
1980 284 2067 312 genere
2085 276 2198 313 loquendi
2215 275 2274 311 ff,
2298 276 2364 303 vnde

1323 308 1356 344 est
1370 310 1430 336 vide
1444 310 1512 338 mihi
1525 311 1679 341 homiuem,
1698 316 1745 336 etc.
1816 310 1911 337 Catull.
1926 311 2038 345 Epithal.
2052 312 2105 338 Pel.
2118 313 2135 338 s.
2149 316 2194 346 63,
2211 322 2257 347 ¹40
2285 313 2364 340 Senti-

1322 355 1368 382 ger
1380 354 1408 371 ex
1422 347 1496 374 MSS.
1514 347 1596 377 dedit,
1618 355 1686 382 quem
1692 345 1832 381 sequuntur
1845 347 1907 378 alii,
1934 347 1968 373 At
1988 355 2042 373 non
2061 347 2124 374 haec
2139 349 2271 382 quondam
2287 346 2367 374 nobis

1325 381 1447 415 promissa
1460 381 1552 408 dedisti
1566 383 1650 409 Voce:
1669 381 1737 407 mihi
1750 389 1804 407 non
1817 381 1879 408 haec
1891 382 2000 408 miserae
2015 383 2117 416 sperare
2129 383 2247 410 iubebas.
2284 381 2366 410 Rec‘le.

2163 419 2236 444 Caes.
2248 419 2278 444 B.
2292 419 2324 444 C.

1325 457 1357 486 98
1383 452 1481 478 Omnes
1493 453 1672 485 conseruauit,
1697 451 1882 487 militibusque
1895 453 1947 479 suis
1959 452 2041 485 iuffit,
2066 462 2100 479 ne
2113 453 2161 488 qui
2174 462 2268 480 eorum
2282 426 2367 480 viol3a³

1325 492 1433 519 rentur,
1455 496 1507 513 neu
1519 490 1583 522 quid
1596 489 1637 514 sui
1650 488 1833 514 defiderarent.

1325 522 1460 557 diffimulat
1472 523 1563 557 aliquot
1575 525 1649 550 MSS.
1661 522 1787 550 lectionem
1796 543 1803 554 ,
1823 524 2030 550 commendauit.
2097 524 2157 550 Liu.
2171 532 2205 558 27
2214 543 2221 555 ,
2237 533 2269 558 ²4
2303 523 2368 550 Inde

1325 564 1414 593 portas
1428 557 1559 585 custodire
1570 559 1636 585 iussit
1650 558 1763 585 tribunis
1776 559 1908 591 militum,
1934 559 2127 593 pracfeciisque
2146 558 2247 585 socium
2267 566 2293 586 et
2306 567 2367 584 cen-

1534 595 1586 622 *Sed
1597 605 1626 622 ex
1639 594 1804 629 antiqufflImo
1816 595 1879 620 libro
1892 594 2019 628 restituit,
2045 595 2100 621 iuffi
2120 601 2216 621 tantum
2229 601 2279 630 pro
2299 593 2368 620 iuffit

1319 630 1449 666 scribens,
1469 630 1620 662 Gronauius,
1644 639 1711 665 quem
1724 630 2076 666 Drakenborchiusjequitur,
2097 630 2230 657 custodire
2253 629 2371 657 10111111-

1328 665 1394 691 buni
1406 664 1540 697 militum,
1556 665 1735 699 praefectique
1748 665 1848 692 socium
1862 671 1888 691 et
1901 665 2078 692 centuriones.
2149 667 2257 693 Notaui!
2268 665 2302 691 ad
2312 667 2337 692 h.
2349 666 2369 692 I.

2306 701 2369 728 Liu.

1450 735 1546 762 Fidum
1559 745 1573 762 e
1584 737 1664 763 seruis
1677 741 1769 766 vocat,
1793 736 1840 762 sub
1854 737 1928 762 cuius
1940 736 2058 763 custodia
2088 751 2134 756 ——
2153 745 2284 763 venenum
2300 741 2371 763 erat:

2110 772 2156 798 Sed
2175 773 2252 798 Gron.
2265 778 2306 804 et,
2317 771 2370 807 fir-

1325 807 1450 833 mantibus
1463 808 1538 834 MSS.
1549 806 1631 842 postea
1645 807 1773 842 consultis.
1845 808 1886 834 Sic
1898 809 1963 834 nihil
1970 807 2062 843 probat
2080 807 2141 834 Liu.
2155 816 2208 840 42,
2222 816 2254 840 43
2285 807 2371 840 Qieis

1326 842 1407 877 legati
1419 841 1494 868 nullo
1508 843 1536 868 in
1550 844 1693 877 praesentia
1706 843 1830 877 responso
1844 842 1905 869 dato
1914 862 1923 875 ‚
1938 842 2094 869 Chalcidem
2107 843 2133 868 se
2148 843 2223 876 sequi
2235 843 2372 869 iusserunt.

1326 880 1437 905 Datiuut
1450 878 1534 911 Qieis
1544 879 1631 913 pendet
1644 889 1691 905 non
1702 888 1718 904 a
1732 879 1874 911 iuss'erunt,
1891 878 1939 915 fid
1951 888 1966 904 a
1979 877 2050 904 dato.

1327 914 1366 939 sul
1386 914 1498 940 Romam
1518 913 1602 941 rediit
1618 915 1753 949 aliquanto
1776 914 1875 946 serius,
1905 922 1985 948 quam
2011 914 2119 940 Senatus
2143 915 2298 974 censuerat&
2327 914 2372 939 cui

2256 951 2279 975 Se
2306 949 2375 975 nihil

1325 984 1440 1011 blandiar
1452 988 1480 1010 in
1496 986 1563 1017 loco,
1592 994 1621 1012 ex
1637 995 1686 1012 vno
1704 992 1802 1011 cantum
1823 986 1879 1012 MS.
1899 985 1980 1017 edito,
2009 993 2080 1020 quam
2098 993 2178 1021 tegere
2197 985 2282 1011 visum
2301 990 2372 1011 erat:

1325 1021 1419 1047 iuss'um
1432 1021 1451 1047 s.
1463 1021 1550 1046 iusum
1562 1027 1586 1046 et
1596 1021 1681 1047 visum
1690 1021 1763 1057 saepe
1775 1021 1874 1056 misceri
1885 1023 1913 1046 in
1927 1020 2002 1047 MSS.
2016 1020 2168 1056 obseruatum
2181 1021 2214 1047 ad
2225 1021 2285 1046 Liu.
2300 1028 2325 1053 9,
2331 1020 2374 1053 *24

1413 1057 1493 1082 Taceo
1513 1055 1578 1091 quod
1593 1057 1635 1083 cui
1651 1057 1744 1083 iulium
1758 1063 1827 1087 erat,
1847 1055 1927 1091 potest
1943 1055 2104 1092 significare,
2131 1056 2179 1090 qui
2199 1056 2330 1087 iusseras
2340 1062 2375 1087 ,υς

1325 1091 1378 1118 ubi
1392 1091 1483 1118 audita
1495 1092 1569 1124 sunt,
1586 1099 1615 1119 tu
1626 1092 1730 1119 audisti.
1803 1094 1834 1118 In
1849 1101 1897 1118 vno
1916 1091 1991 1118 Liuii
2009 1093 2061 1118 loco
2074 1093 2176 1127 reliquit
2189 1092 2254 1118 hanc
2264 1089 2376 1124 constru-

1325 744 1373 768 307
1393 743 1418 769 ¹5

220 1131 275 1156 dum
289 1132 414 1162 reticetur,
429 1128 551 1155 nonmodo
561 1132 588 1154 in
595 1127 727 1164 fizlutandi
732 1128 857 1164 formula,
877 1136 906 1154 vt
913 1128 981 1155 Ter.
990 1127 1071 1153 Andr.
1079 1135 1102 1159 3,
1110 1135 1133 1157 3,
1143 1135 1152 1152 1
1179 1126 1263 1151 Iubeo
1276 1140 1309 1166 25
1326 1125 1431 1154 H'ionem
1439 1126 1494 1161 fine
1506 1127 1711 1161 animaduerfione
1725 1129 1865 1154 Gronouius
1878 1137 1924 1161 27,
1938 1131 1983 1160 16,
1995 1134 2011 1157 8
2043 1127 2184 1154 Marcellus
2197 1126 2374 1161 interroganti

221 1165 406 1197 Chremetem,
430 1165 473 1191 vbi
485 1164 590 1198 pulchre
609 1164 743 1195 Donatus,
768 1164 858 1190 Firme
877 1163 978 1198 aliquid
999 1163 1085 1195 velle,
1105 1161 1199 1188 iubere
1215 1160 1260 1187 est.

220 1201 275 1235 (ita
286 1200 382 1236 quidem
395 1202 441 1235 leg.
455 1199 508 1225 uid.
517 1205 566 1234 pro
577 1200 678 1235 uulgato
692 1199 785 1225 iubere
796 1199 865 1225 velle
873 1199 931 1231 ess).
988 1198 1072 1229 Iubeo,
1090 1206 1163 1231 ergo,
1183 1196 1263 1222 volo:

221 1242 247 1263 et
260 1235 330 1261 deest
345 1235 459 1270 flauere,-
495 1234 567 1269 quod
580 1235 740 1269 exprimitur
765 1235 806 1268 (i.
826 1235 944 1265 eliditur,
963 1234 1128 1267 extruditur)
1155 1231 1188 1258 ab
1201 1231 1263 1258 alte-

221 1272 277 1298 rius
296 1271 421 1304 personae
441 1270 604 1296 interuentu.
658 1285 703 1289 —
737 1269 868 1296 Volumus
887 1271 993 1302 animo,
1020 1270 1144 1296 iubemus
1164 1268 1263 1294 verbis.

219 1308 251 1333 Et
263 1306 304 1332 hic
317 1305 411 1341 quidem
422 1304 555 1341 manifesta
564 1305 692 1340 Infinitiui
703 1304 802 1340 omiffitz.
856 1306 903 1334 Sed
915 1310 989 1332 etiam
1002 1309 1028 1332 in
1040 1307 1109 1331 aliis.

220 1340 280 1367 Aul.
295 1350 319 1373 1,
338 1350 362 1374 1,
383 1349 411 1374 19
445 1341 497 1367 Aut
509 1341 527 1367 fi
549 1341 664 1375 respexis
678 1340 760 1367 donec
773 1349 822 1375 ego
840 1347 866 1368 te
883 1342 978 1368 iussero
996 1341 1123 1377 respicere.
1193 1340 1264 1365 Ter.

219 1376 300 1402 Andr.
315 1385 337 1409 3,
350 1385 380 1408 2,
393 1386 412 1410 4
441 1376 544 1403 Deinde
557 1376 628 1411 quod
642 1376 699 1403 iuffi
712 1376 739 1403 ei
765 1377 868 1412 (dari)
895 1377 954 1403 date
967 1377 1075 1408 bibere,
1096 1381 1121 1402 et
1134 1381 1262 1410 quantum

220 1412 349 1446 imperaui
358 1432 366 1443 ,
386 1411 453 1438 date.
514 1413 604 1438 Verum
620 1414 707 1439 Faern.
720 1419 743 1438 et
756 1414 838 1439 Bentl.
851 1423 879 1439 ex
891 1414 967 1440 MSS.
981 1422 1029 1438 non
1043 1412 1102 1438 date
1111 1414 1198 1447 priore
1210 1413 1262 1436 loco

216 1448 321 1476 haben&
351 1447 400 1482 fid
411 1447 504 1483 ipsum,
521 1447 586 1483 quod
597 1449 664 1485 aliask
673 1446 864 1482 desiderabitur,
883 1448 951 1475 date.
1008 1447 1070 1474 Liu.
1083 1455 1122 1482 37,
1136 1455 1167 1480 37
1192 1447 1263 1472 Tra.

218 1483 276 1509 dito
289 1482 425 1509 frumento
452 1484 529 1518 (iis)
555 1483 652 1517 quibus
671 1483 786 1518 (tradi)
812 1484 917 1511 iufferat
932 1484 1040 1510 Consul.

220 1528 253 1551 4,
265 1526 298 1553 7,
316 1527 347 1545 20
380 1518 434 1552 Qui
452 1518 516 1551 scis,
541 1527 573 1545 an
594 1528 661 1553 quae
673 1519 795 1551 iubeam,
822 1519 921 1555 (ipsum
928 1519 1041 1554 facere)
1062 1517 1118 1552 fine
1131 1521 1159 1544 ui
1166 1517 1264 1553 faciat.

220 1555 276 1580 Cic.
291 1554 343 1580 Att.
356 1561 369 1585 5
381 1555 429 1581 vlt.
458 1555 488 1580 Et
502 1554 606 1587 hercle,
625 1561 652 1581 vt
667 1564 709 1581 me
722 1554 796 1581 iubet
810 1556 914 1582 Acastus
932 1554 1097 1590 (confidere)
1119 1553 1224 1580 confido
1238 1558 1265 1579 te

221 1589 275 1616 iam
287 1589 386 1616 valere.
457 1589 517 1618 Liu.
530 1597 572 1624 37,
588 1597 615 1623 53
630 1597 673 1625 pr.
704 1591 734 1616 Et
749 1591 848 1617 senatus
863 1600 920 1617 eam
932 1599 1022 1625 pacem
1036 1589 1188 1617 seruandam
1205 1597 1264 1614 cen-

220 1625 288 1656 suit,
307 1630 332 1650 et
347 1633 442 1658 paucos
455 1625 511 1658 post
531 1625 586 1651 dies
600 1626 710 1660 populus
732 1626 752 1659 (
754 1635 804 1653 eam
811 1626 913 1661 struari
920 1646 927 1658 ,
946 1629 974 1652 in
986 1628 1112 1658 comitiis,
1125 1624 1266 1661 suffragiis

216 1660 295 1695 silis)
320 1658 395 1685 iuffit.
465 1661 568 1686 Petron.
583 1668 612 1693 71
645 1661 773 1687 Aedificas
791 1669 992 1688 monumentum
1006 1670 1110 1694 meum,

223 1695 332 1720 modum
346 1700 371 1720 te
391 1693 563 1728 (aedificare)
584 1695 656 1721 iussi?
727 1697 795 1731 Qun
807 1706 836 1722 ne
850 1704 909 1731 opus
922 1697 1017 1732 quidem
1023 1697 1120 1731 semper
1133 1706 1144 1722 e
1178 1695 1264 1730 ellipfi.

222 1731 250 1757 Si
266 1733 329 1755 enim
348 1730 430 1755 iubeo
449 1728 482 1762 est
494 1730 554 1756 velle
570 1739 606 1755 me
623 1729 749 1767 significo,
771 1737 800 1756 vt
817 1732 939 1762 vidimus,
959 1732 1038 1766 potest
1059 1735 1132 1757 etiam
1148 1739 1265 1773 quartum

222 1765 308 1800 Casum
318 1763 373 1798 fine
386 1767 527 1790 interuentu
546 1766 650 1791 alterius
669 1765 743 1791 Ver-lu·
755 1775 847 1801 regere.
920 1767 1016 1792 Lucan.
1032 1775 1058 1798 1,
1074 1773 1119 1797 298
1158 1767 1177 1792 Γ
1180 1766 1264 1791 umul-

221 1806 279 1827 tum
294 1799 450 1833 Composuit
464 1799 555 1829 vultu,
572 1799 716 1834 dextraque
730 1800 830 1826 silentia
843 1801 924 1833 iuffit,
943 1801 1023 1827 eadem
1035 1803 1142 1832 ratione,
1158 1807 1186 1826 vt
1197 1801 1264 1826 Oui-

221 1836 313 1862 dianus
328 1836 494 1869 Harporrates
515 1835 579 1860 Met.
592 1843 622 1866 9,
641 1837 687 1866 691
719 1835 811 1868 Digito
825 1836 926 1861 silentia
939 1836 1035 1862 suadet.

223 1873 270 1903 684
296 1870 324 1896 de
335 1873 415 1905 capite
429 1872 538 1904 Pompeii
550 1870 589 1895 M.
620 1871 699 1903 Quo,
716 1878 868 1903 nunquam,
889 1870 959 1896 bella
976 1871 1102 1902 iubente,
1126 1872 1175 1896 Pax
1196 1870 1265 1901 fuit,

223 1910 241 1932 i.
264 1905 357 1939 vellese
370 1904 513 1938 ostendente.
567 1906 606 1931 De
622 1905 701 1931 codem
714 1905 809 1930 homine
822 1912 846 1930 et
865 1905 894 1931 tle
914 1915 940 1932 re
961 1905 1041 1931 eadem
1061 1906 1124 1930 idem
1145 1907 1220 1931 Pacta
1234 1915 1265 1936 2,

221 1948 268 1976 528
295 1942 402 1975 Iamque
414 1941 535 1966 secuturo
548 1940 659 1966 iuffurus
674 1939 769 1966 claffica
781 1940 906 1972 Phoebo,
933 1943 950 1966 i.
969 1941 1007 1966 [lic
1015 1943 1131 1975 proximo
1142 1940 1266 1974 praelium

222 1975 395 2008 commissurus.
466 1976 527 2002 Stat.
542 1975 634 2002 Theb.
648 1984 664 2010 7
673 1996 681 2007 ,
699 1983 728 2006 32
757 1977 901 2010 Paccmque
915 1975 1015 2001 iubebo
1028 1974 1162 2001 omnibus.
1233 1974 1266 1999 Ec

223 2019 267 2046 373
292 2012 322 2037 Et
336 2017 396 2037 tuus
407 2011 514 2037 armatis
526 2010 600 2036 iubet
612 2020 670 2037 ecce
683 2010 783 2037 silentia
795 2012 877 2039 frater
889 2011 1023 2037 omnibus.

222 2057 275 2074 mut
288 2047 334 2072 huc
347 2046 426 2072 Plaut.
442 2045 521 2071 Stich.
533 2054 556 2076 2,
570 2054 602 2078 2,
616 2054 645 2080 71
669 2047 695 2078 1,
719 2046 728 2071 i
743 2047 815 2073 intro
827 2047 984 2078 Dinacimn,
1003 2046 1067 2073 iube
1081 2045 1195 2072 famulos
1207 2053 1267 2071 rem

223 2082 344 2109 diuinam
356 2081 424 2108 mihi
441 2088 580 2115 apparent:
620 2090 677 2106 nam
697 2081 760 2107 illud
777 2080 810 2115 ‘1st
828 2092 858 2107 ex
876 2091 901 2107 eo
919 2091 1020 2117 genere,
1047 2086 1074 2107 in
1093 2091 1139 2116 quo
1160 2082 1266 2107 Graecos

223 2121 336 2144 imitatus
348 2116 512 2153 diceresolet,
538 2117 579 2143 sac
597 2124 640 2141 me
653 2122 681 2142 vt
693 2117 788 2148 sciam,
808 2124 857 2151 pro
877 2117 917 2143 sac
930 2126 972 2143 me
993 2118 1072 2148 scire,
1097 2122 1143 2142 etc.
1179 2116 1207 2141 de
1219 2119 1265 2150 quo

224 2155 339 2180 Perizou.
359 2152 393 2179 ad
410 2151 493 2180 Sancff.
505 2162 534 2183 2,
550 2162 579 2185 5,
595 2158 654 2186 sp.
672 2157 725 2182 188.
797 2153 854 2178 Huc
873 2154 999 2179 retulerim
1019 2159 1093 2178 etiam
1113 2150 1175 2177 illud
1197 2151 1227 2176 T
1228 2159 1266 2176 er.

223 2188 305 2215 Andr.
320 2197 344 2223 2,
357 2195 378 2221 5,
393 2197 401 2214 1
428 2189 514 2214 Herus
527 2196 569 2213 me
581 2186 683 2213 relictis
696 2186 774 2213 rebus
788 2187 855 2213 iuffit
869 2187 1033 2221 Pamphilum
1047 2186 1129 2212 hodie
1143 2185 1266 2212 obserua-
1282 2195 1311 2221 ςς
1329 2195 1375 2214 ete.

223 2233 290 2251 rem.
341 2224 384 2252 Sic
398 2224 478 2250 BcutI.
492 2232 562 2258 quam
573 2226 694 2249 immerito
706 2222 820 2249 scabiem
835 2229 907 2249 vocat
919 2224 1007 2249 ἶΒανηι.
1022 2221 1055 2248 ad
1069 2222 1176 2246 Sueton.
1188 2221 1266 2253 Vesp.

224 2269 246 2286 c.
256 2268 293 2291 23.
366 2260 404 2286 At
414 2259 471 2285 illae
483 2259 529 2285 buc
532 2261 660 2293 pertinent
665 2258 794 2294 formulae
807 2261 834 2284 in
846 2258 930 2294 quihus
939 2257 1053 2292 Populus
1066 2256 1160 2283 iubere
1173 2255 1268 2281 dicitur

224 2295 302 2329 leges.
356 2295 412 2321 Cic.
420 2303 468 2328 pro
477 2294 558 2320 Balbo
564 2299 591 2326 38
606 2303 626 2319 c.
636 2301 709 2329 17pr.
730 2294 934 2328 Responderem,
942 2294 1039 2328 Legem
1049 2292 1178 2326 Populum
1186 2291 1264 2317 Rom.

224 2330 313 2357 iuffiffe
331 2329 362 2356 de
374 2330 482 2356 ciuitate
496 2329 644 2356 tribuenda.
720 2331 826 2364 Nempe,
848 2332 889 2365 qui
908 2331 982 2365 legem
1003 2330 1107 2358 ferunt,
1131 2327 1166 2353 ita
1180 2326 1210 2352 ad
1221 2333 1267 2361 po-

223 2368 308 2401 pulum
323 2365 431 2401 ferunt,
458 2365 650 2397 VELITIS,
679 2365 888 2391 IVBEATIS

224 2401 488 2437 tabellafignificetis)
507 2403 546 2426 vti
559 2401 604 2427 hoc
616 2401 657 2426 vel
666 2400 728 2426 illud
736 2400 792 2434 fiat.
833 2400 890 2427 Vid.
904 2410 961 2436 ug.
977 2400 1043 2426 Gell.
1060 2408 1083 2432 5,
1099 2407 1136 2431 19.
1208 2397 1266 2423 Cic.

223 2437 257 2463 ad
271 2437 343 2463 Brut.
357 2446 376 2469 4
408 2435 489 2470 Qiod
503 2436 620 2462 nondum
635 2436 742 2463 Senatus
762 2436 877 2467 censuit,
902 2444 949 2462 nec
963 2435 1075 2470 Populus
1089 2435 1166 2460 Rom.
1182 2432 1268 2464 iuffit,

225 2472 254 2500 id
271 2478 425 2506 arroganter
438 2481 490 2497 non
504 2470 668 2506 praeiudico.
739 2471 796 2497 Seu.
811 2471 843 2498 ad
857 2471 937 2498 Helu.
953 2478 966 2504 5
988 2478 1052 2497 extr.
1083 2472 1122 2496 Ita
1135 2469 1206 2495 enim
1221 2476 1266 2502 po-

224 2508 301 2543 pulus
326 2508 400 2534 iuffit.
454 2506 502 2534 Sed
525 2507 618 2541 populi
640 2507 702 2533 scita
726 2516 757 2533 ex
777 2516 870 2542 magna
891 2513 964 2542 parte
984 2507 1112 2541 sapientes
1130 2505 1265 2538 abrogant.

225 2543 281 2570 Cic.
295 2544 326 2569 de
338 2544 412 2570 Orat.
428 2552 446 2574 1,
460 2546 494 2569 60
506 2552 527 2569 c.
538 2551 568 2576 ¹4

225 2579 352 2614 populum
367 2578 398 2605 de
409 2578 510 2613 legibus
523 2578 647 2604 iubendis
660 2584 704 2605 aut
716 2578 843 2605 vetandis.
915 2579 975 2605 Liu.
991 2587 1011 2610 1,
1024 2587 1057 2605 22
1086 2576 1201 2604 Tullum
1214 2576 1269 2601 Ηο-

225 2614 326 2641 stilium
339 2623 426 2648 regem
440 2614 550 2648 populus
565 2613 640 2640 iussit.
711 2614 784 2640 Idem
797 2623 825 2647 3,
838 2623 870 2646 30
900 2614 931 2640 Id
943 2614 1024 2643 modo
1036 2621 1161 2648 excepere
1175 2617 1270 2645 patres,

226 2659 260 2678 ue
272 2650 359 2684 postea
372 2649 479 2676 eosdem
501 2650 644 2676 Tribunos
658 2648 790 2676 iuberent.
863 2651 894 2676 Et
905 2658 933 2682 3,
952 2658 985 2683 34
1017 2651 1063 2675 Eas
1082 2649 1149 2683 leges
1166 2646 1269 2673 habitu-

226 2695 286 2713 rum
302 2686 428 2720 Populum
448 2686 524 2712 Rom.
540 2694 602 2720 quas
621 2686 756 2711 consensus
776 2685 896 2711 omnium
915 2694 969 2712 non
988 2685 1078 2711 iuffiffe
1097 2684 1159 2710 latas
1172 2683 1271 2716 magis,

228 2730 307 2756 quam
321 2721 403 2747 tulisse
412 2741 420 2752 ,
436 2720 525 2748 videri
537 2721 625 2755 posset.
1233 2719 1237 2722 '

228 2757 295 2783 ciam
310 2756 467 2783 Numidiam
481 2756 591 2791 populus
605 2755 686 2782 iuffit:

713 2755 795 2790 fimili
811 2755 901 2791 ellipsi,
922 2766 970 2792 qua
983 2757 1047 2782 alias
1060 2756 1162 2782 dicimus
1177 2762 1271 2788 cupio,

229 2799 270 2818 aut
284 2792 348 2818 volo
363 2792 422 2818 tibi.
961 2793 965 2797 ’

481 2792 594 2826 Populus
607 2792 694 2818 voluit
708 2793 793 2818 Mario
808 2792 866 2825 effe,
890 2792 1071 2826 prouinciam:
1105 2797 1134 2816 vt
1148 2790 1206 2816 Liu.
1222 2791 1270 2819 26,

231 2833 256 2857 18
277 2828 316 2854 Ad
328 2837 410 2854 vnum
425 2836 517 2854 omnes
529 2836 583 2853 11011
592 2827 823 2860 centuriaemodo,
837 2827 880 2853 sed
893 2828 973 2854 ctiam
989 2827 1109 2853 homines
1117 2827 1143 2852 P.
1152 2824 1270 2860 Scipioni

228 2863 371 2897 imperium
386 2864 433 2889 csse
448 2864 476 2888 in
491 2862 617 2897 Hispania
635 2863 769 2889 iusserunt.
842 2864 873 2889 Et
892 2872 938 2895 30,
956 2872 985 2896 41
1022 2864 1055 2888 Vt
1074 2862 1176 2896 plebem
1196 2869 1271 2894 roga-

229 2905 301 2930 rent,
323 2899 366 2924 cui
379 2898 501 2925 iuberent
522 2898 551 2924 in
570 2899 697 2932 Hispania
711 2899 852 2933 imperium
867 2900 923 2925 ess‘e.

229 2934 322 2960 fenore
336 2940 414 2968 atque
429 2942 493 2968 agro
512 2934 663 2968 rogationes
676 2933 812 2964 iubebant,
837 2933 869 2960 de
882 2934 988 2968 plebeio
1002 2934 1137 2960 consulatu
1150 2933 1269 2967 antiqua-

230 2969 301 2996 bant.
373 2970 443 2996 Flor.
458 2978 489 3001 z,
508 2972 540 3001 6,
558 2978 574 2995 2
606 2968 703 2996 Vrebat
714 2969 833 2995 nobilem
846 2970 973 3003 populum
1003 2985 1048 2989 —
1071 2969 1133 2996 dare
1156 2968 1271 3000 tributa,

231 3014 296 3038 quae
316 3004 409 3032 iubere
429 3005 620 3031 consueuerat:
655 3010 684 3030 vt
702 3005 767 3030 alias
786 3005 923 3038 imperare.
987 3005 1033 3032 Sed
1049 3012 1130 3031 tamen
1148 3007 1222 3031 etiam
1242 3003 1271 3029 de

230 3041 319 3066 Senatu
333 3041 444 3066 adhibuit
456 3041 501 3066 hoc
513 3041 613 3071 verbum
626 3040 686 3065 Liu.
699 3047 727 3074 7,
740 3048 768 3073 19
795 3040 905 3067 Censuit
918 3040 1001 3075 igitur
1013 3042 1119 3073 Senatus
1144 3055 1189 3060 —
1210 3047 1271 3065 con-

230 3075 349 3110 sulesque
362 3076 453 3102 sortiri
465 3075 617 3110 'prouincias
632 3075 707 3101 inffit.
883 3073 903 3112 q
928 3085 946 3108 4

230 3113 289 3145 quin
303 3111 401 3137 dicatur
413 3112 443 3137 ab
453 3114 565 3146 antiquis
583 3117 607 3137 ct
623 3110 728 3145 clifflicir
741 3110 835 3137 iubere
854 3111 969 3146 aliquem
990 3112 1092 3143 facere,
1118 3111 1212 3138 iubere
1227 3110 1273 3136 ali-

233 3155 311 3179 quem
325 3146 477 3179 tribunum,
497 3147 590 3173 iubere
603 3146 683 3173 alicui
696 3146 847 3180 imperium.
919 3146 965 3173 Sui
977 3156 1008 3172 an
1021 3147 1115 3174 dicitur
1133 3145 1272 3179 etiamfim-

226 3182 330 3215 pliciter
344 3181 437 3208 iubere
450 3182 581 3216 aliquem,
614 3184 632 3207 i.
657 3185 776 3216 imperare
794 3182 852 3208 illi?
923 3182 963 3209 Sic
976 3189 1040 3208 certe
1056 3183 1171 3209 Martini.
1184 3190 1216 3213 9,
1236 3183 1271 3215 67

232 3217 286 3248 (al.
302 3219 347 3248 65)
367 3218 400 3243 11ιί
413 3219 558 3249 Herculi-m,
589 3217 714 3252 Argolico
733 3217 863 3244 famulum
881 3226 935 3243 non
950 3223 976 3243 te
989 3218 1090 3243 seruire
1103 3223 1215 3249 tyranno
1227 3217 1273 3242 Vi-

232 3251 321 3278 dissent
335 3258 422 3285 gcutes
436 3254 562 3287 saeuaque
574 3262 652 3286 regna
666 3253 732 3287 pati:
766 3253 814 3279 Sed
828 3260 856 3279 tu
871 3252 972 3280 iuss'u'ses
986 3252 1135 3285 Eurysthea.

233 3286 358 3321 ellipsim
372 3288 499 3322 expediri,
524 3288 624 3314 iuffiss'cs
647 3287 789 3320 Eurysthea
810 3294 854 3315 tua
873 3297 952 3322 regna
972 3288 1035 3322 pati.
1105 3288 1273 3314 Sueton.Ve-

234 3323 360 3355 spas c.23
380 3323 659 3357 Nunciauteslegatos‚
677 3323 808 3349 decretam
820 3324 846 3350 ei
865 3339 915 3344 --—-
935 3324 1054 3355 statuam,
1075 3323 1143 3349 iuffit
1157 3323 1199 3349 vel
1209 3331 1269 3348 eon·
1286 3322 1292 3328 '

233 3357 308 3395 tinuo
329 3367 441 3392 ponere,
469 3368 559 3385 cauam
579 3368 686 3384 manum
704 3358 850 3391 ostentans,
879 3368 908 3384 ne
927 3366 987 3394 opus
1007 3358 1102 3395 quidem
1127 3357 1160 3391 esi
1179 3357 1271 3392 ellipft:

236 3392 317 3425 mffit,
335 3395 393 3419 nell.=
400 3395 428 3428 se
443 3393 556 3427 osi-‘udin
572 3394 671 3428 legatos
686 3402 796 3428 ponere,
817 3397 835 3420 i.
853 3400 882 3420 vt
890 3401 1011 3429 ponerent
1022 3396 1107 3431 legati.
1218 3392 1239 3431 fl
1260 3400 1272 3425 ς

235 3427 277 3451 An
290 3427 386 3455 dicatur
399 3429 481 3455 iubeo
494 3430 544 3455 tibi
553 3449 561 3461 ,
595 3433 612 3455 i.
633 3429 716 3456 iubeo
729 3435 754 3456 te
768 3429 870 3461 facere,
893 3430 1044 3457 vehementer
1059 3430 1210 3465 disputatum
1223 3428 1255 3462 est
1264 3448 1272 3460 ,
1284 3433 1320 3456 90
1335 3430 1399 3455 iuss'a
1424 3429 1505 3456 Ouid.
1518 3430 1582 3456 Met.
1595 3436 1626 3463 7,
1641 3436 1680 3460 14.

232 3466 280 3494 pro
294 3464 383 3489 Datiuo
395 3466 437 3491 illo
452 3471 552 3500 praeter
570 3471 677 3492 caeteros
688 3471 863 3501 propugnante
883 3466 1001 3492 Perizon.
1017 3466 1048 3492 ad
1068 3464 1152 3492 5111161.
1167 3472 1194 3495 2,
1208 3475 1242 3499 4,
1256 3467 1274 3490 6

236 3504 261 3536 P:
271 3500 317 3526 183·
386 3501 424 3525 Ac
435 3500 462 3526 de
468 3502 593 3536 Analogia
605 3502 704 3536 linguae
718 3502 833 3533 Latinae,
851 3506 875 3526 et
887 3500 916 3526 de
929 3508 1057 3536 argenteae
1067 3503 1158 3526 aetatis
1165 3499 1275 3535 scripto-

236 3530 304 3556 ribus
317 3540 363 3557 non
378 3533 511 3561 dubitatur.
571 3536 600 3562 V.
613 3545 638 3572 g.
653 3536 743 3562 Tacit.
757 3544 791 3567 13,
806 3543 840 3567 ¹5,
856 3544 867 3567 3
893 3536 1045 3562 Britannico
1059 3537 1142 3568 iuffit,
1160 3535 1273 3570 (swelle

236 3563 362 3599 ostendit)
381 3570 536 3604 exsurgeret,
556 3578 601 3597 etc.
672 3572 747 3598 Curt.
761 3579 790 3603 5,
804 3574 834 3603 6,
848 3576 861 3600 8
890 3571 1013 3598 Tandem
1028 3572 1079 3598 suis
1092 3580 1138 3598 rex
1153 3571 1272 3604 corpori-

236 3599 284 3626 bus
297 3608 322 3626 et
338 3601 408 3627 cultu
421 3604 577 3632 feminarum
592 3606 720 3633 abstinere
735 3606 816 3632 iussit:
851 3605 898 3640 nisi
908 3608 990 3642 placet
1002 3608 1054 3633 suis
1067 3610 1166 3643 iungere
1179 3615 1270 3640 corpo-
1285 3610 1318 3637 95
1335 3615 1357 3633 11
1367 3627 1376 3639 ‚
1394 3615 1422 3639 19
1456 3608 1492 3633 Ac
1505 3616 1538 3633 ne
1551 3607 1614 3633 iussa
1625 3606 1766 3632 Exuerent.

236 3635 326 3668 r1bus,
352 3644 381 3662 vt
399 3646 507 3672 corpora
526 3642 568 3667 sua
575 3641 629 3675 fint
639 3661 646 3672 ,
668 3651 727 3677 quae
740 3648 796 3668 ante
808 3642 872 3668 hanc
884 3644 1049 3668 calamitatem
1063 3642 1141 3668 libera
1146 3641 1272 3677 filerunt,

236 3677 264 3709 pt
277 3671 355 3697 l’laut.
369 3673 435 3699 Pers.
449 3682 475 3706 4,
488 3683 510 3706 3,
524 3684 544 3706 3,
614 3677 742 3703 Laudatur
755 3685 782 3711 7,
797 3686 815 3708 1,
828 3682 853 3706 18
885 3678 1026 3712 Armigero
1041 3678 1157 3703 lanceam
1171 3677 1197 3703 ei
1209 3677 1271 3703 dare

238 3705 311 3731 iuffit.
362 3708 408 3733 Secl
423 3709 532 3735 Freinsh.
547 3711 636 3742 edidit,
661 3712 824 3738 Defideranti
839 3713 981 3744 Amyntae,
1003 3719 1031 3739 vt
1046 3712 1150 3739 habitus
1164 3721 1271 3746 quoque

237 3740 388 3781 redderetur
400 3744 539 3778 armigeri,
560 3745 673 3773 lanceam
686 3747 742 3774 dari
756 3748 831 3773 iussit.
905 3749 946 3775 Sic
960 3757 992 3783 7,
1007 3756 1034 3781 5,
1050 3756 1075 3780 31
1107 3748 1211 3774 Postero
1227 3748 1270 3774 die

236 3777 448 3816 occurrentibus,
472 3779 626 3807 Branchidas
645 3781 906 3817 secumprocederc,
929 3784 1013 3810 iubet.

238 3811 431 3837 occurrentibus
444 3815 547 3854 absolute
555 3815 658 3850 postium
671 3819 788 3854 intelligi.
859 3818 996 3845 Claudian.
1007 3819 1035 3844 in
1044 3827 1059 3845 2
1079 3819 1158 3845 Cons.
1167 3818 1270 3845 Stilich.

239 3849 267 3875 85
298 3846 353 3878 Ipsa
378 3847 496 3887 (Roma)
520 3850 593 3877 iubet
605 3852 694 3885 flgnis,
714 3852 898 3887 bellaturoque
911 3860 1012 3888 togatus
1024 3855 1146 3888 Imperat.
1223 3856 1268 3880 Ve-

237 3887 290 3918 rum
302 3880 330 3905 dc
342 3881 412 3906 huius
425 3886 514 3909 aetatis
521 3885 688 3921 scriptoribus
699 3895 747 3912 non
758 3888 901 3915 laboratur:
936 3898 1080 3925 quamquam
1092 3899 1140 3915 non
1155 3889 1215 3923 ᾱςβτ
1228 3890 1269 3916 hic

237 3913 305 3944 duc,
318 3915 381 3948 quod
390 3920 481 3942 moneri
491 3926 570 3951 queat.
630 3920 761 3947 rideamus
781 3923 809 3947 dc
823 3927 913 3950 aureis.
986 3925 1041 3951 cic.
1064 3925 1116 3951 Att.
1138 3934 1168 3957 9,
1188 3933 1211 3956 13
1225 3932 1270 3960 pr·

237 3948 402 3984 Q¹³¹¹¹q¹¹³11¹
415 3950 463 3977 hae
476 3953 543 3980 mihi
556 3954 647 3983 literae
664 3955 817 3983 Dolabellae
836 3958 929 3987 iubent
947 3959 980 3985 ad
997 3960 1117 3994 pristinas
1131 3961 1321 3995 cogitatio-105
1329 3970 1362 3987 ne
1376 3958 1497 3986 faciebat.

1178 1303 1262 1330 Plani.
1276 1319 1309 1344 30
1326 1309 1397 1332 uauit
1410 1312 1532 1341 receptum
1543 1307 1601 1332 olim
1612 1306 1781 1338 famulosque
1795 1306 1961 1332 Eurmannur.

1111 1483 1180 1509 Ter.
1197 1483 1262 1508 Eun.
1281 1492 1309 1519 ὃς

1137 1659 1264 1729 Jiuemad-
1275 1675 1313 1700 40
1328 1663 1419 1690 hered.
1434 1662 1516 1689 instit.
1547 1662 1640 1689 Iuberi
1653 1662 1728 1689 adire
1740 1660 1774 1688 ab
1788 1669 1820 1688 eo
1831 1661 1930 1695 potest,
1947 1660 1991 1687 cui
2004 1660 2131 1686 alienatus
2146 1660 2190 1686 est.

1125 1837 1223 1862 Lucan.
1240 1840 1264 1867 8,
1277 1845 1310 1871 45·
1329 1838 1347 1863 fl
1363 1839 1466 1864 iussero.

594 2544 702 2576 Quaero
713 2543 802 2574 enim,
819 2551 884 2569 num
897 2542 970 2578 possit
990 2558 1036 2562 ——-
1055 2541 1107 2568 dici
1133 2556 1179 2560 -
1198 2538 1267 2573 apud
1280 2548 1312 2579 65

697 2720 757 2747 Sall.
772 2721 829 2755 lug.
843 2726 876 2754 84
891 2727 935 2756 pr.
966 2721 1103 2755 Postquam
1120 2720 1144 2745 ei
1162 2727 1269 2758 111011111-
1281 2726 1317 2754 70
1332 2726 1355 2752 5,
1371 2727 1405 2749 11,
1417 2727 1439 2752 5.

982 3077 1088 3102 Dubium
1100 3085 1157 3116 ergo
1172 3073 1270 3107 nonest,
1286 3076 1318 3102 80

1191 3249 1272 3284 Potest
1288 3251 1318 3281 85
1335 3260 1367 3285 50
1394 3252 1532 3287 Postquam
1547 3252 1603 3278 sum
1614 3256 1661 3277 tuo
1674 3250 1740 3277 iuss'o
1754 3250 1902 3285 profecius,
1919 3249 2029 3285 μαι-110111
2042 3248 2069 3274 111
2083 3248 2198 3274 Cariam.

1097 3782 1172 3817 Possit
1191 3790 1270 3809 tamen
1278 3793 1325 3811 100
1334 3784 1399 3809 ibid.
1416 3793 1453 3816 10,
1466 3785 1523 3813 866.

1326 1163 1442 1194 scribae,
1463 1162 1530 1197 quid
1545 1162 1604 1190 fieri
1616 1163 1693 1198 siguis
1706 1163 1806 1190 vellet?
1840 1178 1886 1183 ·—-·
1906 1163 1976 1189 Deos
1989 1163 2071 1189 iratos
2083 1163 2243 1189 Tarentinis
2252 1161 2374 1196 relinqui

1325 1198 1402 1225 iuffit.
1461 1198 1507 1226 Sed
1513 1197 1593 1233 potest
1606 1206 1629 1225 et
1641 1200 1685 1226 hoc
1698 1199 1814 1225 librariis
1826 1198 1923 1231 deberi,
1941 1196 2085 1233 restituique
2086 1197 2170 1234 facile
2177 1197 2274 1233 potest,
2292 1198 2375 1225 inter-

1326 1240 1436 1269 rogante
1449 1234 1543 1261 scriba.
1593 1248 1596 1251 v
1616 1234 1697 1261 Ouid.
1710 1235 1775 1260 Met.
1791 1239 1821 1267 8,
1838 1241 1884 1268 752
1919 1234 2089 1268 famulisque
2103 1234 2178 1260 iubet
2191 1234 2325 1260 succidere
2338 1234 2377 1260 sa—

1325 1279 1401 1297 crum
1413 1270 1515 1296 Robur.
1570 1270 1611 1297 Sic
1623 1273 1698 1296 unius
1714 1270 1772 1297 MS.
1785 1268 1937 1296 austeritate
1950 1271 2000 1306 legi
2013 1270 2110 1295 volebat
2124 1270 2211 1305 Heius.
2266 1269 2313 1296 Sed
2320 1269 2378 1305 ser·-

2033 1306 2114 1331 Etiam
2128 1305 2174 1331 Sil.
2187 1314 2225 1338 12,
2239 1307 2291 1335 608
2312 1305 2377 1340 fru-

1318 1340 1379 1375 stra
1404 1341 1556 1374 aduocatur,
1585 1342 1654 1368 modo
1680 1344 1788 1377 cogites,
1818 1339 1863 1373 ‘iffi’
1881 1341 2014 1367 Ablatiuos
2031 1341 2214 1376 consequentiae
2237 1339 2377 1367 Caelicolis

1325 1377 1424 1411 raptim
1437 1376 1544 1408 excitis,
1565 1383 1587 1403 et
1598 1377 1674 1408 addi,
1692 1376 1835 1403 defendere
1854 1376 1952 1409 (illos)
1971 1376 2039 1403 tecta
2052 1377 2184 1409 Dardana,
2201 1382 2227 1403 et
2241 1376 2269 1402 in
2278 1377 2378 1410 septem

1325 1413 1474 1440 discurrere
1488 1412 1592 1439 iufferat
1604 1421 1686 1439 arceS.
1759 1413 1839 1438 Euam
1853 1412 1972 1438 Frontin.
1987 1412 2063 1439 Strat.
2077 1423 2109 1446 4,
2125 1420 2152 1444 1,
2166 1421 2197 1445 43
2228 1411 2378 1438 Confistere

1326 1448 1451 1475 omnibus
1465 1447 1532 1474 iuffit
1551 1458 1599 1474 non
1619 1449 1724 1483 amplius
1738 1447 1817 1483 fauet
1829 1449 1937 1478 Datiuo,
1960 1446 2089 1482 postquam
2108 1457 2197 1483 magno
2213 1447 2327 1484 cmzsenfic
2348 1449 2378 1473 in

1327 1485 1402 1512 MSS.
1417 1484 1557 1511 ordinibus
1570 1483 1621 1517 effe,
1637 1483 1758 1510 Ablatiuo
1765 1483 1823 1518 casu
1834 1482 2019 1518 intelligendum
2028 1502 2037 1514 ,
2057 1481 2163 1518 ostendit
2177 1482 2310 1510 Oudendor
2328 1485 2377 1509 ius.

1327 1518 1347 1556 ἥ
1370 1523 1386 1546 6
1424 1519 1488 1553 Paffi
1544 1520 1618 1553 Virg.
1632 1520 1698 1545 Aen.
1712 1526 1747 1553 7,
1766 1520 1814 1544 616
1844 1519 1904 1544 Hoc
1919 1523 1945 1544 et
1963 1523 2020 1544 tum
2033 1518 2163 1544 Aeneadis
2176 1518 2293 1544 indicere
2327 1517 2379 1546 ella

1326 1556 1435 1583 Latinus
1450 1556 1528 1582 More
1540 1555 1693 1581 iubebatur.
1781 1553 1885 1581 Iubcris
1905 1554 2028 1588 proferre
2060 1554 2129 1581 Hor.
2148 1553 2227 1588 Epist.
2243 1562 2270 1585 1,
2289 1562 2330 1585 13,
2348 1560 2378 1588 7.

1328 1591 1440 1618 Iubetur
1453 1591 1493 1617 ire
1524 1591 1563 1617 Id.
1576 1590 1644 1617 ibid.
1666 1599 1675 1616 1
1685 1610 1693 1622 ,
1714 1596 1745 1624 7,
1759 1597 1801 1625 75.

1328 1637 1378 1662 pro
1392 1636 1452 1659 me,
1471 1626 1559 1659 liber,
1576 1627 1616 1653 ire
1630 1626 1741 1653 iuberis.

1909 1589 2025 1616 Martial.
2040 1597 2066 1622 1,
2080 1597 2109 1623 71
2140 1589 2211 1615 Vade
2225 1588 2380 1615 salutatum:

2318 1657 2379 1697 5⁷

1332 1700 1367 1726 Vt
1383 1699 1530 1733 imperare,
1550 1707 1658 1732 parere,
1678 1697 1804 1728 iniuffim
1832 1696 1872 1731 fif
1887 1697 1965 1732 ipsum
1983 1696 2081 1723 verbum
2100 1695 2193 1722 iubere
2205 1695 2337 1722 adhibetur
2350 1694 2381 1721 de

1814 1734 1894 1759 Mart.
1911 1741 1937 1765 1,
1956 1734 1987 1762 68
2019 1732 2183 1759 Autumnum
2195 1730 2291 1758 sterilis
2307 1731 2380 1757 ferre

1968 1766 1989 1805 ‘j
2012 1774 2025 1797 3
2063 1769 2130 1794 Iussb
2139 1775 2188 1802 pro
2203 1768 2300 1793 Iuss‘ero
2315 1766 2381 1793 dice-

1740 1813 1764 1837 p.
1778 1812 1828 1828 200
1860 1803 1992 1830 Dicebant
2003 1803 2123 1838 antiqui,
2144 1803 2170 1830 Si
2185 1803 2265 1834 iusso,
2284 1801 2312 1828 id
2325 1801 2381 1834 est,

1520 1838 1579 1863 Hoc
1592 1838 1658 1863 nolo
1671 1838 1741 1863 mihi
1754 1837 1859 1864 credas:
1896 1838 1938 1863 sed
1954 1838 2006 1863 fide
2021 1839 2139 1873 Virgilio
2161 1839 2244 1869 (Aen.
2258 1846 2294 1869 11,
2307 1839 2381 1871 467)

1329 1874 1449 1902 Caetera,
1466 1881 1519 1906 qua
1533 1873 1607 1903 iutro,
1626 1882 1731 1899 mecum
1747 1881 1838 1898 manus
1852 1872 1948 1898 inferat
1961 1881 2041 1898 arma.
2083 1873 2141 1898 Viri.
2157 1873 2278 1898 Seruium
2291 1875 2319 1897 in
2332 1874 2379 1898 loc.

1328 1915 1352 1932 et
1371 1907 1478 1932 Turneb.
1491 1905 1598 1940 Aduersl
1611 1917 1647 1939 15,
1659 1917 1693 1939 15.
1744 1908 1773 1932 A
1800 1907 1872 1932 uibus
1885 1906 1995 1938 ameum
2009 1908 2131 1933 Barthius
2143 1907 2293 1942 Adam-1135,
2304 1917 2318 1938 3
2335 1910 2382 1942 qui

1322 1948 1400 1976 putat
1413 1940 1440 1966 τὸ
1453 1941 1520 1965 Iusso
1531 1941 1747 1975 Frequentatiuum
1762 1949 1773 1965 e
1793 1941 1804 1965 e}
1817 1940 1886 1965 uerbi
1900 1940 1994 1966 lubeo.
2048 1941 2136 1966 Eadem
2141 1942 2231 1977 farma
2245 1943 2321 1967 Dixxs
2329 1949 2380 1976 pro

1327 1741 1381 1761 arte
1396 1742 1513 1760 naturam
1525 1735 1593 1760 velut
1605 1740 1723 1760 mutante.

1328 1770 1437 1795 iubetur
1450 1769 1544 1794 hiems.
1587 1769 1645 1795 Vid.
1658 1776 1668 1794 1
1678 1775 1699 1795 V
1708 1776 1720 1795 S
1730 1775 1743 1795 S
1752 1775 1773 1794 V
1782 1775 1805 1795 S.

1327 1805 1389 1829 bant
1404 1810 1498 1829 veteres
1525 1804 1583 1829 Seu.
1599 1804 1678 1837 Epist.
1692 1809 1720 1836 58

1328 1978 1433 2002 Dixeris
1446 1975 1518 2001 habet
1530 1975 1613 2001 Plaut.
1628 1975 1686 2001 Mil.
1701 1984 1723 2006 3,
1738 1982 1765 2006 2,
1779 1983 1813 2007 29
1846 1975 1872 2000 Si
1886 1974 1948 2000 falsa
1961 1975 2047 2008 dixis,
2073 1984 2163 2009 cocio,
2183 1975 2380 2004 excruciabere.

1098 2012 1156 2036 Non
1175 2008 1267 2045 rescri-
1282 2021 1315 2047 50
1329 2012 1427 2041 Similia
1433 2010 1584 2046 frequenter
1598 2017 1740 2037 occurrunt.
2129 2011 2131 2013 ’
2304 2017 2309 2022 ’
2384 2006 2390 2012 ’

1812 2009 1859 2036 Sil.
1875 2018 1919 2041 12,
1934 2018 1977 2046 175
1992 2037 1995 2040 Δ

1643 2060 1688 2066 --
1724 2045 1770 2071 Ast
1788 2045 1837 2072 vbi
1857 2045 1924 2072 iuss‘o

1484 2082 1534 2108 Per
1551 2081 1662 2108 tacitum
1682 2081 1768 2116 ruptis
1787 2081 1873 2107 subita
1893 2082 1922 2108 vi
1942 2081 2046 2109 fundite
2064 2082 2149 2116 portis
2217 2094 2219 2097 ’

1485 2117 1625 2144 Telorum
1643 2117 1672 2144 in
1690 2125 1796 2151 campos
1816 2117 1948 2143 nimbum.
2005 2118 2078 2154 Conf.
2091 2119 2117 2145 h.
2129 2119 2145 2144 I.
2157 2117 2284 2145 Drakenb.

1482 2154 1549 2186 Cato
1562 2162 1583 2179 c.
1598 2162 1629 2187 14
1654 2153 1768 2179 Parietes
1780 2161 1888 2185 omnm,
1912 2153 1952 2180 vti
1964 2153 2078 2186 iussitur,
2097 2153 2166 2180 calce
2181 2160 2207 2180 et
2221 2152 2379 2186 caementic,

1447 2187 1605 2222 significatio
1624 2196 1729 2224 aperta,
1753 2188 1833 2214 iulsus
1850 2188 1903 2219 est,
1920 2190 1961 2215 vel
1978 2189 2086 2216 iubetur
2104 2189 2173 2215 adeo.

1328 2222 1446 2257 insolita,
1470 2230 1494 2248 et
1507 2224 1634 2258 Praesenti
1640 2224 1734 2257 fimitis
1752 2233 1768 2250 a
1785 2223 1863 2251 Verbo
1874 2224 2085 2260 frequentatum,
2101 2225 2183 2257 luiso,
2201 2225 2255 2252 ere.

1328 2260 1357 2283 in
1370 2256 1414 2282 boc
1422 2257 1562 2291 probabilis
1576 2258 1676 2285 uidetur
1682 2258 1808 2294 sententia
1821 2260 1924 2285 Barthii
1937 2260 2006 2286 modo
2018 2261 2141 2289 indicata.

1368 2299 1377 2317 1
1387 2299 1432 2319 VB
1442 2300 1458 2318 E
1470 2299 1491 2318 N
1502 2300 1515 2319 S
1525 2313 1534 2326 ‚
1552 2295 1629 2319 entis.
1667 2294 1759 2321 Partic.
1816 2295 1888 2321 Caes.
1903 2295 1929 2320 B.
1944 2296 1976 2321 G.
1989 2303 2016 2330 7,
2028 2297 2060 2321 26
2084 2292 2216 2322 Hortante
2228 2300 2254 2321 et
2269 2295 2380 2321 iubente

1329 2336 1371 2354 eo.
1451 2329 1522 2355 Fatis
1547 2328 1702 2356 iubentibus
1739 2330 1844 2356 Petron.
1865 2338 1887 2355 c.
1909 2338 1957 2361 123.
2064 2330 2135 2357 Mihi
2154 2330 2260 2356 iubenti
2296 2330 2379 2357 Ouid.

1329 2152 1432 2179 Iuffitur
1440 2163 1446 2178 ι

918 2365 983 2398 (hoc
1003 2374 1046 2391 υος
1065 2364 1124 2390 velle
1141 2362 1213 2389 verbo
1227 2362 1267 2388 vel
1278 2368 1313 2393 60
1329 2364 1394 2390 Met.
1411 2372 1438 2396 9,
1457 2367 1513 2397 596.

1366 2406 1375 2424 1
1385 2406 1405 2424 ν
1416 2406 1431 2425 Β
1442 2405 1458 2425 Ε
1470 2406 1493 2425 N
1503 2406 1522 2425 D
1532 2407 1552 2426 v
1561 2407 1574 2426 s
1584 2420 1591 2432 ‚
1611 2408 1639 2431 a,
1659 2409 1714 2427 um.
1749 2401 1817 2427 Part.
1855 2401 1910 2426 Cic.
1926 2398 1958 2426 de
1971 2400 2046 2426 Orat.
2062 2407 2081 2430 1,
2093 2400 2127 2425 60
2140 2405 2200 2431 ⁶1¹4
2229 2402 2280 2425 iam
2292 2395 2378 2429 attuli*-

1329 2444 1391 2460 mus.
1464 2435 1503 2461 Id.
1523 2435 1555 2462 de
1569 2435 1662 2468 Legib.
1676 2445 1689 2468 3
1708 2445 1730 2463 c.
1744 2438 1773 2463 16
1801 2436 1937 2463 Carbonis
1948 2434 1983 2461 est
1997 2435 2077 2461 tertia
2089 2432 2261 2460 de'iubendis
2276 2434 2380 2469 legibue

1327 2475 1372 2531 ia-ut
1386 2470 1514 2496 vetandis.
1584 2471 1646 2497 Liu.
1659 2474 1677 2497 6
1685 2490 1693 2503 ,
1713 2480 1749 2504 42
1779 2473 1815 2499 Vt
1828 2477 1930 2506 tempus
1945 2470 2114 2505 rogationum
2127 2468 2302 2496 iubendarum
2317 2478 2379 2504 pro-

1340 2510 1452 2531 erretur.

1367 2547 1376 2565 1
1387 2546 1408 2565 v
1418 2548 1431 2567 s
1439 2547 1452 2565 s
1461 2547 1481 2566 v
1490 2547 1503 2566 s
1512 2560 1520 2572 ,
1536 2549 1568 2572 a,
1584 2549 1639 2566 um.
1694 2540 1789 2566 Panic.
1841 2541 1854 2575 [
1866 2540 2076 2574 ἐπιτεταγμένος]
2135 2539 2219 2574 Virgo
2231 2539 2294 2566 iussa
2306 2537 2380 2566 mori

1331 2575 1405 2609 Virg.
1420 2577 1485 2602 Aen.
1498 2584 1521 2607 3,
1535 2583 1588 2607 323.
1658 2575 1777 2602 Martial.
1793 2584 1813 2608 1,
1825 2584 1858 2608 34
1883 2576 2009 2602 Amissum
2023 2584 2076 2601 non
2090 2576 2150 2607 flet,
2168 2583 2251 2610 quum
2263 2574 2318 2600 sola
2332 2574 2380 2608 est,

1331 2611 1418 2638 Gellia
1432 2617 1545 2646 patrem:
1582 2610 1609 2637 Si
1623 2612 1683 2645 quis
1697 2611 1783 2643 adest,
1807 2612 1885 2637 iuliae
1904 2610 2044 2645 prosiliunt
2058 2611 2201 2637 Lacrimae.

1330 2655 1343 2680 5
1356 2653 1422 2674 extu
1440 2647 1488 2673 Sed
1502 2646 1561 2673 aliis
1575 2645 1628 2673 alio
1641 2647 1740 2673 itinere
1755 2646 1823 2672 iussis
1837 2653 1908 2673 certo
1923 2653 2042 2680 tempore
2058 2646 2089 2673 ad
2107 2648 2207 2680 regiam
2226 2646 2320 2672 venire
2337 2654 2380 2679 pa-

1330 2682 1454 2709 storibus.
1528 2682 1607 2708 Iussus
1619 2681 1694 2708 abire
1715 2681 1789 2708 Idem
1805 2692 1828 2714 23
1837 2701 1843 2713 ‚
1856 2690 1885 2714 23
1899 2688 1964 2709 extr.
2029 2681 2141 2716 Propius
2153 2681 2275 2708 accedere
2301 2681 2377 2709 Curt-

1509 2718 1598 2744 I-'ames
1610 2718 1673 2744 iuffa
1688 2718 1789 2744 seruire
1823 2718 1918 2744 Lucan.
1933 2726 1958 2750 1,
1972 2726 2023 2750 319.
2094 2718 2166 2752 Fuga
2197 2716 2278 2743 Ouid.
2291 2716 2379 2744 Trist.

1331 2764 1358 2789 4,
1373 2763 1411 2786 10,
1425 2763 1468 2787 90.
1538 2754 1617 2780 Gutta
1632 2762 1741 2788 quoque
1755 2762 1787 2780 ex
1802 2753 1884 2779 oculis
1896 2753 1998 2780 nonnisi
2013 2753 2074 2779 iufl‘a
2084 2753 2153 2779 cadit
2181 2754 2299 2787 Propert.
2311 2761 2344 2785 4,
2359 2761 2381 2783 1,

1333 2799 1391 2824 ¹44·
1462 2789 1578 2815 Labores
1608 2788 1690 2816 Ouid.
1704 2790 1772 2816 Met.
1786 2798 1816 2821 9,
1837 2797 1874 2815 22.
1944 2789 2019 2815 Mors
2046 2789 2136 2815 Tacit.
2151 2790 2217 2814 Ann.
2233 2790 2278 2820 16,
2294 2796 2338 2822 17,
2353 2796 2381 2815 2.

1332 2827 1418 2852 Poena
1444 2824 1484 2851 Id.
1498 2824 1565 2851 ibid.
1579 2832 1613 2857 15,
1627 2830 1661 2855 18,
1675 2833 1697 2851 2.
1769 2824 1834 2851 Riui
1848 2824 1903 2850 iuffi
1930 2824 2037 2851 Colum.
2054 2832 2092 2855 10,
2106 2829 2148 2859 48.
2186 2832 2214 2850 υτ
2226 2824 2380 2855 Lacrimae,

1333 2862 1428 2892 Gutta,
1453 2862 1493 2887 illi
1513 2870 1585 2886 manu
1598 2859 1674 2895 fasti
1682 2880 1690 2893 ,
1713 2860 1760 2887 hae
1773 2863 1801 2887 vi
1813 2858 1942 2896 exprtffize.
2001 2861 2158 2900 Nempestoc
2171 2861 2337 2895 Parncipium
2349 2857 2380 2883 de

996 2899 1056 2924 Liu.
1071 2900 1103 2930 6,
1118 2906 1148 2930 39
1160 2905 1200 2932 pr.
1231 2897 1270 2922 Dc
1287 2899 1365 2928 75111-
1379 2896 1507 2923 adhibetur
1514 2896 1678 2931 frequenter,
1696 2896 1739 2922 vbi
1759 2895 1805 2931 1*in
1823 2897 1889 2922 velut
1907 2902 2010 2921 naturae
2031 2899 2071 2921 uis
2081 2897 2135 2930 ju,
2154 2902 2177 2921 et
2191 2898 2293 2930 imperio
2304 2891 2380 2927 cffici-

2078 2931 2136 2958 Vni.
2153 2931 2240 2957 Barth.
2253 2929 2287 2955 ad
2299 2929 2379 2955 Clau-

1332 2968 1402 2995 dian.
1419 2978 1437 3002 4
1451 2968 1529 2994 Cons.
1543 2968 1613 2993 Hon.
1631 2972 1686 2999 483.
1721 2973 1744 2994 et
1764 2966 1919 3002 copiqliffime
1938 2966 2063 2993 Drakenb.
2081 2966 2115 2992 ad
2132 2966 2177 2992 Sil.
2191 2973 2222 2998 9,
2238 2971 2296 2997 504.
2350 2964 2380 2990 A

1330 3004 1445 3030 librariis
1460 3003 1539 3029 Iuss'us
1552 3009 1575 3029 et
1589 3003 1667 3029 Visus
1676 3009 1868 3040 permutantur:
1902 3001 2028 3029 Drakenb.
2039 3002 2073 3029 ad
2083 3002 2128 3028 Sil.
2143 3009 2183 3033 13,
2196 3008 2248 3032 372.
2302 2999 2379 3036 Conf-

1333 3047 1343 3065 1
1354 3046 1374 3066 V
1384 3046 1397 3066 S
1407 3045 1429 3065 T
1438 3045 1459 3064 V
1468 3046 1490 3065 S.

1371 3081 1382 3100 1
1394 3081 1415 3100 v
1424 3081 1437 3101 s
1447 3082 1460 3101 s
1469 3081 1490 3100 v
1499 3081 1511 3101 s
1520 3094 1528 3106 ,
1547 3072 1587 3099 fis.
1614 3082 1650 3099 m.
1688 3072 1836 3108 [ἐπίταξις]

1333 3119 1405 3146 quam
1418 3113 1446 3136 in
1459 3110 1576 3136 Ablatiuo
1589 3109 1667 3135 Iutsu.

1333 3146 1433 3172 Sallust.
1447 3145 1524 3172 Catil.
1539 3153 1573 3179 29
1586 3151 1651 3171 extr.
1677 3144 1740 3171 Silue
1752 3144 1845 3179 populi
1859 3145 1933 3170 iussu.

1333 3190 1382 3217 pro
1398 3182 1428 3207 L.
1443 3182 1516 3207 Man.
1530 3190 1551 3207 c.
1564 3188 1590 3213 9.

1373 3224 1381 3243 1
1391 3224 1411 3243 V
1420 3224 1432 3244 S
1441 3224 1453 3243 S
1462 3224 1482 3243 V
1492 3224 1515 3243 M
1525 3236 1533 3249 ,
1553 3216 1572 3242 i.
1595 3224 1620 3241 n.
1654 3213 1800 3248 [ἕ’,τ1ταγῆ,’
1815 3214 1963 3249 ἐπίταγμα]
1999 3212 2073 3241 Idem.

1332 2940 1423 2963 untur,
1442 2941 1502 2967 quae
1514 2933 1578 2957 alias
1592 2938 1682 2958 natura
1688 2931 1740 2965 fibi
1752 2929 1844 2959 relifla
1851 2932 1916 2965 solet
1922 2931 2021 2967 fucere.

1874 3074 2006 3108 Imperium
2014 3083 2024 3098 ,1
2058 3076 2104 3099 vix
2115 3073 2253 3106 reperitur,
2267 3075 2379 3104 praeter-

2000 3143 2092 3170 Vestro
2106 3140 2289 3168 iuffiicoaetus
2317 3141 2376 3168 Cic.

2115 3212 2195 3239 Plaut.
2209 3212 2287 3239 Curc.
2301 3220 2334 3244 2,
2348 3220 2378 3244 3,

2281 3247 2377 3282 Populi

1334 3288 1400 3314 iuffo
1415 3287 1457 3314 dat
1472 3288 1607 3314 ciuitatem
1630 3286 1678 3312 Sis.
1691 3294 1730 3321 ap.
1745 3286 1818 3312 Non.
1831 3295 1847 3312 2
1857 3285 1870 3318 ‚'
1883 3293 1945 3320 472..
2014 3284 2088 3318 Vix-g.
2104 3284 2154 3309 Ecl.
2169 3288 2196 3314 8,
2217 3291 2239 3309 11
2269 3297 2315 3302 —-
2331 3291 2377 3309 ac-

1332 3324 1391 3357 cipe
1407 3323 1474 3349 iuffis
1511 3322 1635 3350 Carmina
1655 3327 1748 3356 coepta
1767 3323 1828 3348 tuis.
1915 3320 1971 3347 Cic.
1989 3327 2038 3353 pro
2053 3320 2158 3345 Caecin.
2173 3320 2208 3351 96
2227 3327 2248 3343 c.
2260 3326 2287 3350 33
2326 3317 2377 3344 Sed

1335 3367 1435 3393 quaero
1453 3358 1498 3385 abs
1517 3365 1559 3391 te,
1587 3363 1693 3392 putesne
1713 3357 1729 3382 fi
1751 3358 1862 3391 populus
1882 3355 1997 3389 iufferit,
2023 3363 2064 3381 me
2081 3360 2172 3385 1110111,
2199 3358 2243 3380 aut
2263 3354 2328 3379 item
2348 3359 2376 3380 te
2402 3361 2405 3372 ¹

1334 3402 1423 3420 meum
1438 3395 1542 3420 seruum
1554 3394 1618 3428 else,
1637 3392 1665 3418 id
1682 3392 1776 3419 iufl'um
1790 3399 1876 3419 ratum
1889 3396 1966 3424 atque
1979 3390 2084 3416 firmum
2100 3389 2238 3416 futurum?
2303 3389 2377 3415 Dura

1753 3429 1818 3454 Fera
1830 3426 1891 3453 iussa
1903 3425 2008 3459 imperii
2022 3426 2075 3452 mci
2105 3424 2179 3451 Idem
2191 3425 2266 3450 Rem.
2281 3425 2376 3451 Amor.

1636 3463 1754 3490 Horrida
1784 3463 1857 3496 Virg.
1869 3461 1934 3486 Aen.
1948 3470 1982 3493 4,
1997 3466 2052 3496 378.
2148 3460 2268 3494 Ingentia
2301 3459 2376 3486 Idem

1597 3499 1677 3525 Haud
1690 3499 1783 3525 mollia
1820 3496 1856 3522 Id.
1871 3496 1967 3530 Georg.
1982 3505 2010 3528 3,
2023 3506 2061 3532 4¹·
2150 3495 2257 3529 Regalia
2288 3494 2376 3521 Valer.

1611 3534 1760 3560 Saeuissima
1786 3532 1823 3558 Id.
1836 3531 1901 3557 ibid.
1916 3539 1936 3563 3,
1952 3539 1997 3566 47.
2069 3531 2204 3566 Capess'ere
2217 3531 2280 3556 iussa
2300 3530 2376 3564 Virg.

1565 3570 1678 3604 Exsequi
1692 3570 1755 3596 iussa
1768 3567 1877 3594 alicuius
1902 3567 1941 3593 ld.
1955 3567 2020 3593 ibid.
2035 3577 2067 3601 4,
2081 3568 2136 3599 356.
2205 3566 2297 3592 Tacit.
2305 3568 2375 3591 Λ1111.

1836 3603 1931 3629 Facere
1960 3603 2034 3636 Virg.
2050 3603 2113 3628 Aen.
2127 3610 2153 3633 1,
2165 3603 2224 3633 306.
2295 3602 2376 3627 Ferre

1333 3642 1371 3669 Id.
1385 3642 1452 3668 ibid.
1466 3651 1497 3677 9,
1518 3648 1577 3675 804.
1648 3640 1776 3667 Facess‘ere
1807 3638 1843 3663 Id.
1858 3637 1924 3664 ibid.
1939 3647 1972 3671 4,
1993 3645 2050 3670 295.
2122 3637 2222 3663 Fallere
2254 3635 2293 3661 Id.
2308 3635 2373 3662 ibid.

1335 3687 1375 3709 12,
1394 3683 1452 3711 877.
1524 3676 1640 3704 Flectere
1662 3676 1725 3702 iussa
1742 3673 1854 3700 alicuius
1889 3674 1964 3707 Virg.
1985 3674 2050 3699 Aen.
2070 3681 2114 3704 10,
2134 3680 2170 3704 35.
2241 3670 2376 3697 Festinare

1334 3712 1371 3739 Id.
1386 3713 1451 3738 ibid.
1465 3714 1482 3738 6
1492 3732 1500 3745 ,
1514 3720 1570 3748 177.
1642 3710 1831 3743 obtemperare
1843 3708 1910 3735 iuffis
1923 3708 2040 3742 magistri
2069 3707 2150 3734 Ouid.
2164 3706 2248 3744 Trist.
2259 3715 2292 3739 4,
2304 3708 2319 3730 6
2329 3726 2337 3738 ,
2351 3715 2373 3738 7.

1333 3749 1376 3774 Al.
1391 3748 1512 3775 Monitis.
1583 3748 1674 3774 Parare
1685 3745 1747 3770 iuss'a
1777 3745 1850 3778 Virg.
1865 3746 1930 3771 Aen.
1945 3754 1980 3777 4,
1994 3752 2048 3776 503.
2118 3742 2173 3768 Pati
2186 3741 2269 3767 aliena
2299 3740 2376 3768 Idem

1593 3781 1684 3808 Tacit.
1699 3779 1766 3806 Hist.
1780 3789 1808 3812 4,
1823 3786 1849 3811 83
1879 3779 1996 3806 Exitium
2010 3777 2072 3812 ipli,
2090 3784 2225 3811 regnoque
2237 3776 2374 3803 denuntia-

1331 3825 1388 3851 ret,
1408 3820 1437 3845 ni
1452 3819 1513 3844 iuss'a
1528 3819 1704 3844 Patrarentur.
1776 3816 1899 3850 Peragere
1911 3815 1973 3841 infla
1983 3813 2096 3841 alicuius
2116 3811 2268 3839 Ouid.Met.
2281 3820 2307 3843 2,
2321 3820 2372 3844 119.

1332 3854 1490 3880 Rescindere
1504 3853 1565 3879 iuss'a
1577 3851 1688 3876 alicuius
1713 3850 1752 3876 Id.
1765 3850 1832 3876 ibid.
1847 3860 1867 3881 ε,
1882 3853 1944 3884 677.

1370 3897 1379 3915 1
1390 3896 1408 3913 v
1420 3896 1432 3915 s
1442 3896 1455 3916 s
1465 3896 1471 3913 1
1483 3895 1517 3917 ο,
1536 3886 1601 3912 onis.
1630 3885 1649 3912 f.
1686 3885 1811 3919 [κέλευσις
1824 3886 1903 3913 610111
1917 3886 1974 3911 Lat.
1989 3885 2054 3917 Gn]
2289 3918 2294 3921 ⁵

1330 3925 1445 3951 eundum
1460 3922 1553 3957 Populi
1566 3921 1678 3948 Romani
1693 3921 1836 3947 iuffionem.
1909 3920 2026 3947 Laetam.
2040 3927 2058 3951 4
2068 3937 2076 3950 ,
2089 3925 2115 3950 ις
2140 3916 2231 3942 Verbo
2244 3925 2272 3942 ac
2287 3916 2371 3943 1111110-

1552 3956 1625 3993 Conf.
1639 3956 1740 3985 Arnob.
1752 3965 1769 3982 2
1781 3965 1807 3991 p.
1815 3964 1861 3989 49.

1335 3467 1398 3497 496.
1439 3466 1482 3492 Al.
1496 3466 1565 3492 Iura.

1335 3500 1402 3526 ibid.
1416 3507 1447 3534 7,
1461 3509 1510 3532 ²4¹·

1336 3537 1433 3570 Argon.
1447 3545 1467 3568 1,
1482 3542 1540 3565 820·

1335 3573 1399 3597 Aen.
1413 3580 1439 3603 1,
1460 3576 1493 3601 81.

2210 3993 2369 4018 xvsson‚

1888 489 1929 515 Sic
1947 488 2026 514 edidit
2045 490 2133 524 DauiJI
2157 490 2201 525 qui
2216 495 2299 515 tamen
2317 497 2381 518 non-

2230 2189 2278 2216 Sed
2287 2188 2380 2226 forma
2395 2215 2399 2219 ,

2299 2225 2397 2266 'Certe¹
2432 2233 2446 2259 f

2275 2610 2335 2636 Liu.
2351 2618 2361 2636 1
2370 2626 2389 2647 ’j

1759 3109 1842 3135 Plaut.
1858 3108 1952 3143 Amph.
1965 3108 2034 3144 prol.
2049 3116 2077 3140 19
2105 3106 2178 3133 Iouis
2198 3105 2263 3131 iull'u
2285 3105 2377 3132 venio.
2398 3109 2399 3112 ’

2107 3881 2175 3917 Epit.
2190 3881 2251 3907 Liu.
2265 3883 2300 3915 67
2329 3882 2372 3907 Se·
2414 3912 2416 3915 .

1928 3954 2083 3989 Principalis
2095 3953 2136 3978 La.
2149 3949 2197 3988 §.2
2210 3951 2236 3978 ff.
2250 3953 2281 3977 de
2288 3951 2372 3978 Iudic.
2414 3971 2415 3974 ,

2265 189 2367 239 1244

2124 878 2238 911 Liu.42,
2254 883 2281 908 ,8
2301 879 2373 905 Con·
2413 875 2416 878 ¹

1815 1625 1934 1660 ‘leian.
1953 1625 1983 1651 in
2000 1625 2016 1650 l.
2031 1625 2136 1659 quoties
2156 1623 2283 1660 §.seruus
2298 1624 2330 1650 D.
2344 1624 2379 1651 de
2421 1648 2424 1649 .

2432 2634 2457 2760 l

2442 2766 2462 2796 >J

2436 2803 2455 2866 IS

2465 3787 2479 3881 1
