2479 4225
0 0 61 74 s*
78 0 84 10 ,,

68 199 139 236 1141
289 156 712 226 1ἰΝε
1562 184 1808 227 le
2134 206 2216 243 1142

69 274 147 307 editi,
165 281 189 300 et
201 275 275 300 MSS.
289 274 388 308 optimi,
412 274 556 310 Frugalitas
568 274 672 301 miseria
685 273 721 300 est
734 272 847 300 rumoris
862 271 926 298 boni
935 292 943 304 ,
963 280 986 306 q.
998 273 1025 298 d.
1042 271 1112 298 hone·
1172 273 1248 307 Virg.
1262 274 1325 299 Aen.
1341 282 1370 305 11,
1383 282 1417 303 53¹
1443 272 1616 307 Arripuitque
1628 273 1727 300 Locum
1736 293 1746 306 ,
1779 281 1804 302 et
1817 276 1887 303 siluis
1901 278 1994 306 insedit
2006 279 2115 314 iniquis.
2174 283 2218 309 Vbi

62 308 226 345 staesurdes,
245 309 379 334 laudabilis
391 311 509 337 auaritia.
580 310 678 335 Mirum
692 319 703 335 e
714 309 734 343 1¹,
745 317 793 334 non
804 317 828 334 eo
840 308 946 333 delusum
960 307 1005 341 eff?
1019 308 1114 332 Salnm-
1172 308 1277 334 Seruius
1286 327 1295 339 ‚
1319 307 1431 340 Insedit,
1457 309 1580 342 proprie:
1617 317 1677 335 nam
1689 309 1818 343 insidere,
1842 312 1876 338 est
1893 314 1989 340 Dolose
2001 316 2117 349 aliquem
2130 319 2216 352 exspe-

63 345 145 378 stum,
164 345 206 378 qui
224 344 256 370 ad
268 344 372 378 Vopisci
387 345 520 371 Aurelian.
538 354 562 379 p.
578 354 618 375 <7⁴
636 347 690 370 Hac
701 355 715 370 ’.
741 350 825 370 contra
838 341 990 375 Scaligrerum
1007 341 1045 367 ille
1060 343 1113 375 qui.
1173 342 1260 370 Clare:
1297 343 1364 369 vnde
1376 350 1401 369 ct
1416 343 1524 370 Insidiae
1536 343 1686 370 nominatae
1700 344 1766 371 sunt.
1862 348 1978 375 Molibus
1992 349 2115 378 villarum
2147 354 2216 380 Tac.

69 382 123 405 dem
136 379 260 413 disputat,
280 379 402 406 insertam
416 389 462 406 mm
475 380 520 414 ellb
532 379 676 411 emblema,
694 388 745 405 cnm
762 377 824 403 illud
839 382 919 402 aetate
934 376 1032 402 ‘suerii
1044 377 1113 411 igrno-
1173 379 1242 405 Ann.
1257 388 1280 412 4,
1295 381 1332 410 67.
1548 377 1569 416 ff
1590 389 1601 411 3
1639 381 1688 405 Pro
1708 379 1829 411 lnfidiari
1847 381 1947 416 posuisti·
1961 385 2103 417 quibusdam
2116 389 2217 414 videtur

69 421 121 440 eum
133 414 178 449 qffe
191 422 236 439 non
247 417 369 448 potuerit:
384 415 432 451 sed
447 410 527 441 minen
541 415 663 441 insertam
681 415 787 446 retinet,
802 419 825 437 et
837 411 953 442 ἰπΙβΛημκ
966 414 1113 446 interpreta-
1136 420 1150 442 5
1172 414 1290 440 Laftant.
1305 414 1336 439 de
1351 412 1448 447 opific.
1463 413 1511 439 Dei
1526 422 1534 440 1
1558 423 1578 442 c.
1595 420 1608 444 8
1635 414 1806 441 Aduersarius
1826 415 1913 441 noster
1927 417 2000 444 saluti
2015 419 2114 449 insidet,
2169 425 2220 449 Sed

69 456 121 482 tur,
139 456 246 484 pannum
259 455 407 484 purpureum
420 449 482 485 vesti
496 450 613 484 affinum:
631 449 691 483 qm'n
704 457 751 475 non
765 450 803 474 ita
814 447 887 484 multo
897 445 947 480 past
959 448 993 472 ad
1007 447 1113 481 Vopisci
1173 457 1259 483 magno
1282 449 1394 483 consensu
1416 449 1555 482 optimorum
1574 450 1690 475 librorum
1704 450 1794 478 4ι’ἄὶιίὴ*
1816 450 1865 485 ptffl
1889 450 2019 478 ceum-sam
2039 457 2207 484 Huncmmmus

69 482 189 510 Firmum
209 492 234 518 p.
249 487 296 517 692,-
314 485 391 510 etiam
407 486 437 511 de
450 484 605 511 emblemate
614 486 725 518 fatetur.
794 481 899 519 Miseria
920 481 959 506 hic
974 483 1074 515 ponitur
1087 492 1114 509 eo
1173 484 1271 509 summa
1283 492 1346 517 crgo
1361 483 1499 517 prudentia
1514 484 1548 509 est
1562 483 1722 518 pedetentim
1738 485 1896 519 procedere,
1933 487 2057 519 quoniam
2074 479 2218 527 vtrobiquti

70 517 236 551 int.·lle‹‘l11‚vt
243 519 311 546 Ter.
322 520 415 546 Heaut.
424 528 476 555 3‚2,
485 530 506 550 15
521 519 606 546 Habet
614 525 712 554 patrem
721 516 848 553 quendam
856 515 974 548 auidum,
989 517 1114 544 miserum
1173 518 1256 545 Saltus
1270 518 1376 551 inlidet,
1413 524 1436 544 et
1453 518 1607 546 offensacula
1621 519 1730 553 pedibus
1746 520 1857 552 latenter
1877 521 1996 556 opponit.
2068 528 2107 552 Sic
2118 529 2217 563 proprie

69 558 147 587 atque
158 554 270 581 aridum·
313 556 399 581 mmm
412 555 538 581 “narniae
551 555 701 590 1-3-ugalims,
712 552 785 579 meari
794 557 894 586 praeter
907 559 1010 577 caeteros
1022 552 1112 587 miseri.
1173 554 1233 580 Liu.
1249 562 1283 585 επ,
1297 556 1311 580 6
1338 556 1412 586 Qios
1428 553 1503 579 saltus
1518 554 1644 580 insedisset
1657 563 1711 580 rcx.

108 595 150 614 1Ν
160 596 197 616 SE
208 596 225 615 R
237 595 259 616 'r
270 597 277 615 1
290 596 325 616 M.
362 590 428 617 Adu.
474 590 577 617 Lucret.
591 600 613 623 2,
628 598 663 622 114
687 587 885 620 Contemplator
897 586 967 612 euim
981 596 1062 620 quum
1075 589 1113 615 so-
1127 595 1156 613 10
1211 596 1251 614 ιΝ
1262 596 1293 615 Si
1307 595 1325 616 D
1337 595 1354 614 Β
1365 595 1426 623 01³,
1446 588 1509 626 csl'us
1521 589 1576 614 sum
1586 609 1593 620 ,
1612 589 1660 628 (ri.
1699 591 1758 616 l’ass.
1794 590 1982 626 [ἰφεὸςεῦομαι]
2019 591 2078 618 Liu.
2092 602 2127 625 25,
2141 603 2160 626 ¹3
2176 602 2216 629 pr.

68 622 102 650 lis
115 624 216 650 lumina
228 633 362 658 quumque
399 625 520 652 Insertini
533 625 647 651 fundunt
658 623 745 650 radios
757 631 803 656 per
817 629 895 656 opaca
909 621 1110 656 d011101·11111,etc.
1175 624 1291 657 Viaeque
1304 633 1394 650 omnes
1409 623 1524 650 hostium
1544 623 1676 658 praesidiis
1696 625 1879 652 insiderentur.
1987 626 2074 661 Equus
2092 628 2217 658 iulidetut

108 665 119 686 i
130 667 151 686 N
162 666 175 686 s
185 666 229 686 ER
239 666 279 687 Ti
292 667 308 688 c
321 667 398 694 ivs,
418 670 449 694 a,
467 670 520 687 um.
559 660 616 687 Adi.
659 659 739 685 Gloff.
754 659 801 685 Gr.
818 657 873 683 Lat.
892 656 1076 690 ἔνκεντενὶσιμσε-
1173 659 1240 686 Gell.
1258 667 1293 691 124,
1308 669 1328 690 ς.

106 701 147 721 ΙΝ
157 702 195 722 SE
207 701 227 722 R
238 701 277 723 Ti
288 702 307 721 v
317 702 375 730 vs,
395 705 424 729 a,
446 705 500 722 um.
520 696 579 722 Adi.
615 694 740 728 Calpurn.
755 693 827 719 Decl.
843 700 877 724 24
897 692 983 718 Nemo
996 701 1111 727 vnquam
1211 702 1221 721 i
1232 702 1253 721 N
1264 701 1276 721 s
1287 693 1350 721 sDE
1361 700 1382 720 Ν
1393 699 1430 732 s,
1454 694 1529 721 cutis.
1573 695 1641 721 Part.
1677 695 1876 731 [ἐπικαθέμινας]
1912 695 2028 723 Insidens
2051 706 2121 732 equo
2159 699 2218 725 Liu.

68 730 138 757 sacra
150 730 283 765 gentilicia
299 730 424 758 inser-tina
439 731 517 766 stirpe
530 730 656 764 corrupit.
680 730 736 757 Vid.
751 728 844 754 Schult.
859 736 883 762 p.
893 733 934 757 >322
950 729 1032 754 Burm.
1071 727 1114 764 Est
1174 736 1215 765 27,
1236 749 1243 756 .
1264 748 1270 756 .
1340 731 1411 756 Cura
1424 729 1534 756 insidens
1547 729 1639 755 affidua
1665 730 1738 757 Idem
1755 740 1771 764 1,
1787 739 1820 758 21.
1890 732 1960 759 Mala
1981 733 2035 759 Cic.
2050 733 2132 765 Tusc.
2140 744 2163 767 4,
2178 740 2218 767 84.

68 765 150 800 igitur
165 767 229 791 idem
241 768 306 799 quod
322 773 331 791 1
343 773 363 793 N
376 773 388 792 s
398 774 406 792 1
416 773 437 792 T
447 773 456 792 1
465 773 485 792 v
495 773 515 791 v
525 773 546 792 s.
1129 769 1154 796 ¹5
1184 782 1188 784 ἡ
1210 773 1218 791 1
1232 771 1254 791 Ν
1267 771 1280 790 S
1292 771 1308 790 E
1318 771 1330 790 s
1343 771 1356 792 s
1368 771 1387 789 V
1399 772 1411 789 s
1420 784 1428 795 ‚
1445 773 1473 797 a,
1496 772 1551 791 um.
1589 765 1658 791 Part.
1693 764 1856 800 [ἒφιδςιυθᾶς]
1895 769 2037 801 Occupatus.
2075 769 2134 796 Liu.
2150 776 2177 803 7,
2191 779 2219 802 34

106 807 115 825 1
126 808 148 826 N
158 806 173 828 ς
184 807 228 827 ER
238 807 259 826 Τ
269 807 288 827 0
298 821 306 833 ‚
325 805 378 827 gre,
416 801 566 836 [fn-[sum]
603 800 634 825 ab
647 800 776 826 Insertum
784 798 929 832 formatum.
964 799 1112 833 Virg.Aen.
1169 807 1211 835 pr.
1232 801 1330 827 Consul
1342 800 1487 826 exercituin
1503 806 1604 826 incaute
1618 800 1647 826 in
1664 801 1755 827 saltum
1774 810 1835 827 caua
1854 801 1923 827 valle
1937 803 2074 836 peruium,
2095 804 2219 840 circaque

69 845 99 869 2,
119 838 163 868 672
194 834 247 862 Hic
267 837 340 863 ferro
359 837 481 870 accingor
500 837 602 869 rursus,
627 835 766 868 clipeoque
784 832 910 860 sinistram
953 834 1112 861 Insertabam
1171 836 1292 862 insessum
1306 835 1339 862 ab
1351 834 1424 861 hosle
1444 834 1557 862 induxit.
1665 835 1775 869 Alpibus
1793 836 1887 862 insessis
1923 837 1991 865 Tac.
2012 838 2145 872 Histor.3,
2160 850 2178 875 1,
2193 850 2219 873 4.

69 876 175 905 aptans,
194 880 288 906 meque
301 878 373 898 extra
386 871 452 898 tedia
465 871 591 898 ferebam.
663 871 772 897 Dextras
787 869 913 895 insertare
926 870 1021 896 catenis
1048 871 1110 896 Stat.
1173 870 1278 897 Cubilia
1292 870 1414 896 monstris
1428 869 1568 896 horrendis
1580 870 1667 896 insessa
1688 871 1749 897 Stat.
1763 871 1854 899 Theb.
1868 881 1902 905 12,
1916 875 1967 903 236.
2064 875 2166 901 Humus
2179 875 2219 901 in-'

70 905 164 932 Theb.
182 915 216 937 12,
228 910 285 938 460.
510 937 511 940 Ἴ
1172 907 1232 932 sessa
1244 912 1316 932 tanto
1328 905 1445 940 pondere
1474 906 1548 933 Idem
1561 905 1625 932 Silu.
1644 914 1664 936 1,
1678 914 1697 938 1,
1711 909 1750 938 56.
1857 908 1966 934 Montes
1984 909 2116 943 praesidiis
2135 910 2218 937 intem

106 948 115 967 Ι
128 948 148 966 N
159 948 171 968 S
180 949 196 969 E
207 949 224 968 R
237 948 260 968 Τ
271 949 292 969 Α
302 949 322 968 Ν
333 948 360 972 S,
379 942 455 968 antis.
474 942 541 968 Part.
579 943 682 968 Petron.
701 950 723 967 c.
735 936 778 974 97'
796 940 890 967 Seruus
903 940 1027 967 insertans
1040 949 1111 969 com·
1123 945 1155 963 20
1173 942 1241 969 Tac.
1256 943 1324 967 Ann.
1340 950 1370 973 13,
1383 950 1421 974 39,
1434 950 1456 968 2.

69 977 182 1002 misiiiris
197 978 307 1005 secures.
377 977 502 1004 Nubibus
517 977 642 1004 insertans
657 982 731 1012 caput
755 975 800 1002 Sil.
812 983 835 1009 ς,
849 981 908 1007 483.
1209 985 1218 1004 1
1230 983 1251 1002 N
1264 983 1322 1003 SES
1334 983 1347 1002 s
1360 983 1378 1002 O
1387 982 1405 1001 1³.
1415 995 1423 1009 ,
1443 975 1507 1002 oris.
1528 985 1563 1002 m.
1600 975 1746 1007 symmach.
1755 975 1832 1010 Epist.
1844 985 1866 1011 2,
1875 983 1904 1010 48
1923 979 2034 1005 Insctror
2045 980 2159 1008 viarum.

107 1020 117 1038 1
127 1018 148 1037 Ν
160 1018 174 1038 s
186 1019 202 1038 E
211 1019 229 1038 R
242 1019 264 1040 'r
275 1020 297 1039 A
306 1018 356 1038 ‘rv
365 1018 377 1038 s
386 1032 394 1045 ,
413 1021 443 1045 a,
464 1022 517 1039 um.
554 1013 612 1039 Adi.
649 1012 771 1038 Prudent.
786 1009 880 1044 Apoth.
894 1012 955 1044 464.
1172 1012 1174 1015 '
1209 1018 1219 1038 1
1230 1019 1251 1038 Ν
1263 1017 1276 1038 s
1290 1018 1300 1037 1
1310 1018 1328 1038 n
1339 1018 1347 1037 1
1359 1017 1382 1039 A
1391 1017 1407 1037 E
1416 1033 1425 1046 ‚
1450 1020 1534 1037 arum.
1559 1010 1580 1037 f.
1617 1012 1658 1037 Pl.
1697 1010 1802 1044 [iissem
1821 1011 1934 1047 ἐπιβκλῆ]
1971 1014 2060 1049 Dolosa
2073 1016 2220 1052 cxspfflario

106 1054 117 1073 1
128 1053 148 1072 N
161 1055 174 1074 8
187 1054 233 1074 ER
246 1054 267 1074 Τ
278 1054 346 1074 ΛΤ]
359 1053 379 1073 0
390 1065 399 1078 ,
418 1048 487 1075 onis.
515 1048 534 1074 f.
571 1047 640 1075 Cael.
656 1046 742 1073 Aurei.
757 1045 842 1072 Tard.
856 1055 873 1079 1,
889 1056 905 1071 1.
1171 1049 1209 1075 ad
1220 1048 1326 1081 aliquem
1339 1047 1537 1081 aggrediendum.
1575 1046 1648 1071 Caes.
1663 1045 1691 1072 B.
1705 1046 1738 1072 G.
1752 1056 1774 1076 2,
1791 1056 1810 1072 ιι
1830 1047 1935 1074 Insidias
1947 1049 2056 1076 veritus.
2163 1052 2220 1079 Cic.

106 1089 116 1108 1
128 1089 150 1108 N
161 1089 174 1109 S
184 1089 201 1109 E
210 1089 228 1109 R
240 1089 255 1108 Ρ
269 1089 288 1109 0
297 1103 306 1115 ,
325 1085 377 1108 ὅτε.
414 1083 545 1117 [ἑρπόξω]
580 1084 645 1109 Idem
657 1083 722 1116 quod
730 1082 850 1115 Ser-pendo
863 1088 989 1116 occupare,
1008 1089 1033 1108 et
1044 1082 1112 1107 obre·
1173 1082 1226 1109 Off.
1243 1091 1266 1115 3,
1281 1085 1312 1111 63
1350 1082 1446 1108 Suntne
1461 1081 1544 1115 igitur
1557 1079 1679 1113 insidiae,
1713 1080 1821 1106 tendere
1839 1082 1944 1116 plagas?
2048 1085 2220 1120 Vigilandum

65 1124 134 1156 pere.
239 1118 300 1144 Stat.
315 1117 404 1144 Theb.
424 1128 441 1148 1,
455 1128 499 1150 340
525 1129 570 1138 -ι-
587 1119 641 1146 Iam
660 1118 764 1143 somnus
782 1115 867 1142 auaris
904 1117 1014 1152 Inscrpit
1033 1117 1111 1144 curis.
1138 1121 1165 1143 25
1172 1119 1209 1145 est
1224 1118 1338 1152 seniper3
1373 1117 1471 1144 multae
1484 1115 1662 1155 insidiaensunt
1673 1115 1751 1141 bonis
1772 1116 1827 1142 Cic.
1841 1125 1891 1150 pro
1904 1118 1987 1145 Plane.
2001 1128 2021 1145 c.
2036 1130 2062 1152 2⁴
2073 1130 2103 1146 ex
2118 1124 2220 1149 Incerto.

70 1152 148 1186 Apul.
160 1153 224 1179 Met.
238 1161 255 1187 7
274 1162 298 1187 p.
314 1160 353 1186 189
384 1153 414 1179 Ei
426 1153 522 1188 lanugo
535 1153 610 1179 malis
624 1151 778 1186 inserpebat.
1173 1154 1245 1181 Idem
1259 1154 1310 1179 Att.
1326 1162 1355 1185 13,
1370 1161 1396 1178 ιο
1433 1151 1571 1186 Marcellus
1591 1150 1692 1177 insidiis
1706 1150 1862 1177 interfectus
1876 1152 1921 1179 esi.
2025 1155 2093 1181 Tac.
2107 1158 2174 1184 Ann.
2189 1165 2222 1190 11,

110 1195 117 1213 1
129 1194 173 1214 Ns
183 1194 200 1214 E
210 1195 256 1214 Rv
268 1196 275 1213 ι
288 1194 307 1214 0
318 1209 326 1220 ,
346 1188 399 1220 iui,
420 1193 501 1221 itum,
517 1190 564 1214 ire.
601 1188 750 1220 [sn-werse,
769 1186 904 1221 θεραπεᾶω]
940 1189 961 1214 A
974 1197 1027 1223 quo
1040 1188 1112 1214 enim
1174 1191 1215 1221 26,
1229 1198 1239 1220 3
1259 1189 1285 1215 Si
1299 1186 1483 1223 praeuenirent
1498 1186 1655 1219 Claudium,
1671 1191 1700 1213 vt
1713 1185 1815 1213 insidiis
1829 1187 1979 1221 incautum,
2011 1188 2048 1216 ita
2062 1190 2115 1216 irae
2130 1200 2224 1225 prope.

90 1222 215 1248 lurimuni
228 1223 343 1257 sperant,
363 1225 451 1257 ctiam,
470 1223 486 1251 fi
502 1224 545 1250 ille
560 1222 601 1249 his
617 1231 669 1249 non
683 1228 750 1256 eget,
766 1228 851 1249 tamen
866 1224 889 1249 ei
903 1224 1058 1257 potissimum
1072 1224 1113 1250 in·
1173 1233 1243 1251 rum.
1340 1224 1392 1249 Iter
1406 1231 1453 1257 per
1467 1221 1569 1248 insidias
1591 1221 1672 1248 Ouid.
1688 1222 1752 1248 Met.
1767 1230 1790 1255 2,
1801 1229 1839 1256 71.
1930 1223 2014 1250 Maris
2028 1224 2103 1251 infidi
2118 1226 2224 1253 insidiae

81 1257 189 1284 ‘eruiunt
209 1259 272 1286 ,Cic.
287 1259 340 1285 Off.
355 1267 372 1291 1,
386 1269 415 1293 ⁴9
437 1268 457 1285 c.
474 1268 505 1290 ις.
610 1255 718 1285 Artibus
748 1258 822 1284 Idem
841 1258 872 1284 de
891 1260 962 1285 Orat.
976 1269 995 1293 1,
1007 1268 1029 1292 ¹3
1050 1268 1071 1285 c.
1086 1267 1113 1291 4.
1175 1260 1278 1286 Lucret.
1291 1266 1313 1290 2,
1328 1267 1377 1289 557-
1485 1257 1553 1284 Tac.
1569 1259 1636 1283 Ann.
1655 1265 1684 1287 11,
1699 1265 1725 1291 19
1746 1257 1803 1284 Nec
1817 1257 1930 1291 irritae,
1952 1264 1996 1285 aut
2008 1259 2148 1294 degeneres
2163 1261 2224 1288 insi-

68 1292 88 1320 τ’.
109 1292 208 1327 discere.
281 1294 396 1328 peruigil
409 1293 552 1320 inseruibat
563 1302 633 1327 equo
653 1293 701 1320 Sil.
714 1303 736 1328 7,
746 1302 791 1326 341·
812 1293 829 1320 ι’.
844 1295 978 1326 ›ta-afflando,
997 1296 1114 1320 curando.
1128 1302 1158 1326 30
1176 1295 1234 1320 diae
1248 1294 1323 1319 fuere
1337 1292 1459 1319 aduersus
1474 1293 1649 1326 transfugam,
1666 1297 1692 1319 et
1705 1292 1865 1319 violatorem
1879 1293 1950 1320 fidei.
2054 1295 2154 1322 Absunt
2165 1296 2225 1323 insi-

70 1327 128 1354 Cic.
143 1328 174 1354 de
189 1329 244 1355 fin.
254 1338 280 1362 2,
293 1340 314 1362 ¹7
334 1330 402 1363 Ergo
415 1329 443 1355 in
457 1329 498 1355 his
512 1328 719 1355 adolescentibus
733 1329 830 1355 bonam
845 1329 912 1363 spem
925 1330 973 1356 ess‘e
989 1329 1116 1364 dicemus,
1176 1330 1234 1356 diae
1246 1338 1260 1354 a
1272 1327 1391 1361 vatibus,
1427 1328 1481 1354 vid.
1499 1334 1622 1355 ABSVM.
1723 1326 1855 1354 Adhibere
1870 1329 1948 1355 nimis
1961 1329 2111 1357 insidiarum
2123 1352 2131 1364 ,
2168 1333 2223 1358 vid.

69 1370 96 1389 et
117 1372 236 1398 magnam
256 1364 389 1397 indolem,
412 1373 478 1398 quos
496 1364 548 1390 suis
569 1364 715 1390 commodis
735 1364 923 1399 infernum-os,
942 1372 967 1391 et
985 1365 1114 1399 quidquid
1175 1370 1280 1391 N1MiS.
1387 1363 1444 1389 Cic.
1457 1363 1510 1390 Off.
1526 1373 1543 1397 1,
1558 1371 1603 1395 109
1616 1371 1638 1389 c.
1651 1371 1682 1395 30
1710 1363 1766 1395 Qi
1781 1363 1849 1390 nihil
1862 1373 1894 1390 ex
1906 1364 2027 1398 occulto,
2052 1367 2118 1392 nihil
2133 1367 2171 1392 De
2184 1367 2223 1393 in-

69 1397 130 1433 ipsis
142 1400 260 1434 expediat
274 1400 391 1427 facturos
405 1399 582 1426 arbitramur?
654 1399 711 1426 Cic.
721 1408 769 1434 pro
782 1401 862 1426 Marc.
877 1407 905 1430 23
926 1410 945 1426 c.
960 1410 975 1434 9
996 1402 1025 1426 de
1037 1408 1115 1426 aeter·
1175 1400 1247 1427 fidiis
1259 1399 1389 1435 agendum
1403 1404 1501 1433 putant.
1538 1399 1579 1424 Sic
1592 1398 1691 1432 quidam
1706 1400 1812 1437 calciare.
1884 1401 1934 1430 Sel!
1946 1402 2054 1426 meliores
2066 1410 2097 1427 ex
2112 1402 2224 1435 insidiis,

68 1435 161 1465 nitate,
180 1436 198 1460 ι’.
214 1435 327 1460 memoria
337 1434 503 1470 posteritatis,
522 1434 593 1461 Huic
605 1440 633 1461 tu
648 1435 785 1468 inseruias,
803 1435 864 1462 huic
878 1443 901 1462 te
914 1436 1024 1462 ostentes
1036 1443 1115 1469 opor·
1175 1443 1204 1461 vt
1219 1435 1275 1462 Cic.
1288 1435 1316 1461 in
1330 1435 1404 1462 Orat.
1418 1440 1462 1466 380
1470 1443 1492 1461 c.
1507 1442 1537 1460 12.
1557 1433 1623 1460 Non
1637 1433 1673 1459 Ex
1685 1433 1803 1466 infidus,
1842 1433 1884 1460 sed
1896 1441 1984 1469 aperte
2000 1445 2028 1461 ac
2040 1437 2124 1471 palam
2135 1437 2224 1464 elabo-

69 1475 115 1495 tet.
186 1469 279 1495 Famae
302 1470 393 1496 Tacit.
407 1471 474 1496 Ann.
489 1479 522 1502 13,
536 1476 558 1499 8.
632 1470 807 1504 Honoribus,
827 1473 897 1497 Dare
912 1478 1006 1504 operam
1020 1471 1115 1496 honori-
1132 1478 1158 1502 35
1177 1477 1297 1503 raim-,vt
1312 1470 1417 1502 verbis,
1435 1477 1480 1496 etc.
1557 1471 1588 1495 In
1601 1468 1689 1494 talibus
1705 1468 1815 1495 Insidiae
1823 1469 1885 1504 sunt
1897 1471 1961 1496 locus
1973 1473 2096 1505 occultus,
2115 1476 2180 1498 vnde
2187 1474 2223 1507 fit

69 1505 112 1529 bus
124 1506 295 1538 acquirendis:
331 1505 387 1531 Cic.
403 1504 455 1531 Off.
469 1513 492 1537 2,
506 1514 515 1535 3
536 1514 557 1531 c.
572 1514 578 1530 1
611 1506 698 1531 Postea
723 1514 800 1539 quam
818 1505 966 1532 honoribus
987 1506 1117 1532 inseruire
1175 1507 1286 1541 impetus.
1343 1506 1370 1530 Si
1382 1504 1483 1531 insidiis
1495 1503 1657 1536 dicaturfinc
1670 1504 1864 1539 Praeposltione‚
1883 1506 1925 1530 vel
1935 1514 1983 1539 per
1996 1506 2117 1540 infidias,
2142 1511 2225 1534 modus

69 1539 156 1573 coepi,
174 1548 267 1573 meque
279 1546 364 1566 totum
378 1539 490 1574 Reipub.
503 1539 608 1566 tradidi.
681 1540 768 1567 Rebus
783 1541 906 1567 omnibus
919 1541 1116 1567 inseruiendum
1175 1549 1200 1568 et
1212 1542 1277 1566 ratio
1290 1542 1393 1567 nocendi
1406 1542 1498 1566 occulta
1510 1540 1646 1566 indicatur.
1755 1538 1836 1566 Plaut.
1850 1540 1919 1566 Asin.
1934 1549 1956 1573 5,
1969 1549 1994 1572 2,
2012 1549 2037 1573 31
2058 1544 2223 1577 Aucupemus

69 1573 158 1601 statuit
182 1575 252 1601 Caes.
266 1575 293 1601 B.
308 1576 340 1602 G.
355 1581 378 1607 8,
393 1581 413 1604 8.
518 1575 574 1602 Cic.
587 1575 658 1601 Fam.
673 1578 709 1608 16,
723 1585 747 1608 17
772 1576 903 1610 Valetudo
922 1583 964 1603 tua
984 1585 1026 1603 me
1040 1576 1117 1603 valde
1175 1585 1207 1603 ex
1221 1575 1320 1602 insidiis
1333 1576 1495 1608 clanculum,
1513 1582 1590 1608 quam
1605 1582 1661 1601 rem
1675 1579 1773 1607 gerant.
1881 1575 1981 1610 Capere
1995 1584 2027 1602 ex
2040 1577 2150 1611 insidiis,
2168 1579 2223 1605 vid.

69 1609 199 1640 solicitat,
217 1609 259 1636 sed
276 1610 374 1637 inserui
387 1616 413 1636 et
425 1610 465 1636 fac
479 1611 578 1636 omnia.
650 1611 786 1645 Voluptati
801 1612 993 1639 nonnullorum
1006 1612 1117 1638 vocibus
1177 1617 1288 1638 CArio.
1359 1610 1563 1637 Circumuenire
1575 1617 1622 1643 per
1636 1609 1756 1644 insidias,
1776 1610 1829 1636 vid.
1842 1616 2082 1639 CIRCVMVENio.
2158 1612 2225 1647 Capi

69 1645 152 1680 inagis
166 1654 244 1678 quam
257 1645 334 1671 rebus
348 1645 494 1672 inseruiunt
527 1645 598 1672 Idem
612 1646 695 1672 Bruto
709 1649 740 1676 68
760 1657 781 1673 c.
793 1656 833 1673 20.
912 1648 992 1674 Plaut.
1007 1647 1084 1674 Most.
1098 1656 1116 1679 1,
1129 1656 1162 1680 40
1177 1646 1277 1673 insidiis
1297 1646 1373 1680 Virg.
1386 1647 1484 1680 Georg.
1498 1654 1507 1671 1
1531 1647 1586 1677 426.
1691 1645 1747 1671 Cic.
1759 1653 1809 1679 pro
1824 1646 1920 1672 Milon.
1936 1655 1963 1678 27
1984 1646 2093 1673 Clodius
2106 1653 2166 1674 ante
2186 1648 2226 1673 su-

70 1690 92 1712 3,
105 1689 128 1711 33
159 1680 222 1706 Non
242 1681 421 1707 meretricium
438 1681 488 1714 est,
509 1690 589 1707 vnum
610 1681 739 1708 inseruire
754 1688 893 1708 amantem.
950 1682 1021 1716 Cous.
1041 1682 1118 1708 Parei
1177 1691 1223 1708 um
1236 1681 1348 1707 fundum
1361 1681 1460 1707 Miloni
1474 1667 1578 1706 infidias
1592 1679 1744 1719 Collocauit
1767 1680 1840 1706 Caes.
1855 1681 1884 1706 B.
1898 1681 1931 1706 G.
1946 1690 1967 1712 3.
1981 1689 2016 1714 37.
2113 1682 2227 1716 Compa-

70 1715 129 1741 Lex.
145 1715 207 1742 Crit.
225 1722 249 1750 p.
261 1719 313 1742 616.
418 1717 474 1743 Cic.
490 1717 560 1744 Fam.
574 1718 600 1749 6,
614 1725 640 1743 12
666 1716 716 1744 Sed
733 1717 802 1743 nihil
820 1718 855 1744 est
874 1726 888 1743 a
901 1726 943 1744 me
958 1718 1118 1744 inseruitum
1178 1726 1236 1744 rare
1253 1716 1357 1743 insidias
1370 1715 1449 1742 alicui
1462 1724 1509 1749 per
1521 1715 1639 1748 aliquem
1660 1714 1715 1742 cic.
1728 1722 1777 1747 pro
1792 1714 1897 1754 Cluent.
1911 1717 1951 1747 46.
2058 1716 2227 1750 Componcre

69 1750 199 1784 temporis
211 1751 292 1777 causa.
1177 1752 1282 1778 insidias
1297 1751 1375 1778 alicui
1412 1750 1510 1777 Tibul.
1525 1760 1543 1781 1,
1557 1752 1583 1782 6,
1597 1759 1620 1781 4.
1726 1748 1869 1787 Confidere
1882 1758 1910 1775 in
1937 1764 1982 1770 -—
2018 1751 2184 1787 Consurgere
2196 1760 2229 1779 ex

80 1812 83 1814 .
109 1792 118 1810 i
129 1793 150 1811 N
161 1792 173 1811 s
183 1793 227 1812 ER
237 1793 257 1812 v
268 1792 288 1813 ο
298 1807 306 1819 ,
327 1791 380 1814 are.
408 1787 551 1822 Diligenter
558 1785 670 1821 seruare.
712 1788 739 1814 V.
744 1796 772 1822 g.
789 1787 884 1819 Elysias
897 1786 969 1813 dedit
983 1787 1118 1814 inser-nare
1178 1786 1295 1816 insidiis,
1331 1787 1383 1810 vid.
1404 1789 1596 1822 eoNsv'RGo.
1705 1782 1775 1808 Dare
1793 1783 1897 1823 insidias
1924 1785 2004 1812 Plaut.
2015 1786 2096 1813 Stich.
2111 1795 2136 1818 2,
2153 1797 2173 1820 3,
2188 1795 2227 1820 52.

71 1821 193 1847 volucres
212 1821 274 1848 Stat.
286 1822 379 1849 Theb.
392 1828 416 1855 53,
431 1831 482 1855 194.
552 1822 636 1848 Lutat.
647 1821 733 1848 Scliol.
746 1822 777 1847 ad
791 1822 818 1848 11.
833 1822 850 1847 l.
886 1822 1000 1855 Proprio
1012 1822 1070 1846 vsus
1082 1821 1117 1846 est
1133 1829 1161 1853 45
1178 1821 1326 1854 Disponere
1338 1818 1442 1845 insidias
1461 1818 1571 1852 Qun&
1585 1828 1609 1850 4,
1623 1825 1644 1843 2.
1661 1851 1668 1857 ⁴
1748 1818 1801 1845 Ero
1815 1818 1858 1845 hic
1875 1828 1925 1853 ego
1937 1820 1965 1846 in
1980 1821 2079 1847 insidiis
2114 1822 2228 1850 Terent.
2250 1825 2251 1829 ’

70 1856 189 1888 auguriis
207 1856 302 1882 verbo.
378 1858 441 1889 Quo
461 1857 524 1882 dum
544 1862 646 1888 captant
667 1856 789 1889 auguria,
810 1856 933 1882 dicuntur
951 1856 1051 1880 caelum
1069 1856 1119 1880 ser·
1180 1854 1287 1881 Phorm.
1302 1863 1321 1886 i,
1334 1863 1359 1886 4,
1373 1862 1425 1885 52.1
1521 1852 1647 1887 Excipere
1660 1852 1762 1879 insidiis
1774 1853 1875 1887 aliquid
1894 1855 1967 1889 Virg.
1978 1856 2030 1883 Ecl.
2043 1866 2065 1888 3,
2078 1862 2109 1887 18.
2181 1857 2229 1883 Ex-

70 1898 143 1915 vare.
214 1890 252 1917 Id.
265 1892 326 1917 Stat.
339 1890 432 1917 Theb.
452 1893 476 1923 6,
490 1899 533 1922 932
561 1891 621 1916 Fata
640 1896 726 1923 patent
745 1889 866 1920 homini,
884 1889 956 1924 piget
976 1889 1121 1921 infernam,
1180 1890 1265 1924 plorat
1277 1890 1353 1923 lupus
1366 1888 1470 1915 infidias
1481 1888 1566 1914 ouilia
1578 1889 1677 1914 circum
1713 1888 1787 1914 Idem
1801 1888 1897 1923 Georg.
1910 1898 1933 1922 3,
1947 1899 1996 1922 537.
2091 1892 2230 1919 Exstruere

69 1925 192 1959 pei-itque
205 1926 319 1952 Venturi
331 1925 453 1960 promissa
466 1925 540 1952 fides.
618 1920 736 1951 Lutatius
749 1925 782 1950 ad
794 1924 848 1954 1ι,1.
885 1924 1025 1951 Attendere
1038 1925 1122 1959 auspi·
1180 1924 1285 1951 infidias
1323 1923 1411 1951 lustin.
1425 1933 1465 1956 43,
1478 1932 1506 1955 4,
1518 1929 1539 1952 8.
1656 1923 1752 1948 Facere
1770 1923 1874 1949 infidias
1910 1924 2021 1951 Terent.
2036 1926 2101 1952 Eun.
2113 1935 2136 1962 3,
2151 1937 2172 1959 3,
2186 1929 2229 1954 26.

72 1960 126 1986 cia:
149 1966 175 1986 et
187 1959 224 1986 est
236 1961 346 1988 verbum
361 1969 490 1994 augurum
503 1960 535 1986 de
548 1959 619 1986 caelo
634 1959 803 1986 sei-nantium.
875 1960 916 1985 Sic
934 1961 1045 1986 emendat
1057 1960 1121 1986 Bar·
1181 1960 1237 1986 Cic.
1252 1960 1323 1985 Fam.
1340 1964 1373 1992 15,
1387 1968 1399 1984 2
1427 1960 1464 1985 Ita
1481 1966 1584 1996 mecum
1596 1957 1698 1996 locutus
1718 1957 1769 1996 est,
1803 1964 1831 1984 vt
1843 1958 1927 1985 nullas
1946 1959 2049 1987 infidias
2060 1971 2145 1995 neque
2159 1963 2229 1989 vitae

71 1996 139 2021 thius
149 2001 194 2029 pro
207 1996 346 2022 seruatum⁴
389 1996 443 2021 VM,
459 1996 568 2022 seruare
584 1994 615 2020 de
628 1995 710 2021 eaelo.
1133 2000 1166 2023 50
1183 1995 1241 2019 suae
1251 2014 1258 2026 ‚
1279 2002 1363 2026 neque
1377 2001 1459 2026 regno
1473 1992 1572 2019 diceret
1584 1992 1609 2017 se
1622 1998 1666 2018 aut
1679 1992 1826 2026 intelligere
1840 1994 1927 2027 Fieri,
1957 2001 2001 2022 aut
2015 1996 2093 2022 etiam
2107 1997 2231 2031 suspicari.

110 2036 316 2062 INSESsOR‚
338 2036 541 2062 1NSESSVS,
577 2029 632 2055 vid.
655 2034 837 2056 INSIDEO.
1183 2027 1356 2060 Iustiv1.16,1,
1372 2036 1408 2055 ιο.
1444 2028 1536 2061 Nepos
1549 2037 1571 2060 7,
1588 2035 1615 2061 9,
1629 2035 1650 2053 2.
1754 2028 1810 2055 Cic.
1824 2029 1877 2055 Off.
1892 2039 1911 2060 1,
1922 2038 1948 2061 35
1974 2030 2048 2063 Paci,
2074 2040 2140 2065 quae
2160 2032 2231 2059 nihil

108 2071 119 2091 1
128 2072 150 2091 N
159 2071 172 2091 s
183 2072 192 2090 1
202 2071 218 2091 Β
229 2063 241 2092 f
251 2072 267 2091 L
278 2072 298 2092 o
308 2088 316 2100 ,
337 2071 390 2092 are.
427 2065 603 2098 [ἓτισυςίττω]
640 2065 707 2089 Idem
728 2065 793 2098 quod
812 2063 933 2096 sibilare,
952 2063 995 2090 vel
1012 2063 1124 2099 spirare.
1184 2063 1314 2090 Habitura
1327 2063 1356 2088 fit
1369 2062 1520 2089 insidiarum
1528 2082 1538 2095 ,
1559 2063 1661 2096 semper
1674 2062 1711 2089 est
1724 2063 1917 2090 consulendum.
2013 2066 2132 2094 Incidere
2150 2068 2177 2094 in
2191 2068 2232 2094 in-

73 2099 156 2127 Ouid.
169 2101 232 2127 Met.
248 2109 280 2133 ις,
294 2103 341 2132 603
359 2100 454 2133 Qialia
468 2098 614 2132 succinctis,
633 2098 680 2125 vbi
693 2104 752 2125 trux
764 2098 878 2124 insibilat
891 2099 983 2125 Eurus.
1040 2099 1124 2125 Mem-
1183 2099 1258 2125 fidias
1294 2098 1367 2124 Idem
1380 2097 1451 2125 Fam.
1465 2107 1488 2130 7,
1510 2117 1517 2123 .
1536 2115 1542 2123 .
1563 2117 1570 2124 .
1648 2130 1654 2136 ⁸
1674 2097 1804 2136 lutis-uere
1820 2097 1925 2125 infidias
1939 2100 2018 2127 alicui
2055 2102 2140 2129 Catul.
2156 2112 2189 2135 21,
2207 2112 2231 2135 7.

73 2135 131 2163 bris
145 2134 258 2162 insibilat
271 2135 339 2170 ignis
366 2136 411 2162 Sil.
427 2145 458 2168 12,
472 2137 526 2161 616.
1183 2133 1275 2160 lustin.
1287 2142 1324 2165 24,
1339 2141 1364 2162 22
1379 2141 1397 2158 ¹·
1418 2166 1435 2171 ..
1501 2132 1633 2170 lustru-ete
1646 2131 1751 2157 infidias
1763 2132 1790 2158 in
1804 2133 1894 2166 aliquo
1908 2135 1969 2162 loco
1994 2137 2050 2162 Cic.
2064 2146 2112 2170 pro
2125 2139 2230 2165 Cluent-

112 2177 124 2198 1
135 2178 158 2197 N
170 2177 183 2197 s
195 2178 205 2196 1
217 2177 234 2197 C
247 2177 264 2198 c
275 2173 293 2198 Ᾰ
303 2178 325 2197 Τ
337 2178 357 2197 V
370 2178 383 2198 s
393 2191 400 2203 ‚
421 2179 434 2197 a
443 2191 450 2203 ,
471 2179 525 2198 um.
561 2168 622 2196 Adi.
657 2170 849 2203 [ἐπιξηςανθεις]
886 2168 945 2195 Stat.
954 2168 1046 2195 Theb.
1054 2169 1126 2201 3,364
1141 2177 1169 2199 55
1185 2174 1236 2199 ¹89·
1343 2168 1449 2205 Interiit
1461 2174 1492 2191 ex
1506 2166 1610 2205 insidiis
1620 2166 1764 2193 Alexander
1777 2167 1904 2195 Phaereus
1935 2171 2009 2197 Idem
2022 2172 2074 2198 Off.
2089 2182 2110 2204 2,
2122 2176 2150 2199 26
2164 2182 2186 2199 c.
2205 2180 2234 2207 7.

73 2206 244 2239 Vulneraque
258 2207 304 2233 ista
319 2207 406 2233 ferens
418 2205 489 2240 putri
502 2205 621 2231 insiccata
635 2212 744 2236 cruore,
778 2204 902 2229 Protinus
915 2203 955 2229 ire
968 2209 1038 2235 peto.
1183 2201 1335 2229 lnterficere
1347 2202 1463 2235 aliquem
1476 2210 1522 2235 per
1536 2200 1640 2227 infidias
1671 2201 1744 2229 Idem
1763 2212 1812 2236 pro
1826 2204 1915 2231 Domo
1929 2214 1967 2239 59.
2006 2206 2095 2233 Iustin.
2117 2210 2151 2238 16,
2171 2217 2189 2240 1,
2209 2214 2233 2237 3.

110 2250 121 2269 1
132 2248 154 2268 Ν
166 2248 178 2267 S
188 2248 197 2267 1
208 2247 226 2268 C
235 2249 252 2269 C
263 2249 284 2269 A
297 2248 313 2268 B
324 2249 333 2268 1
344 2248 360 2268 L
369 2249 379 2268 1
392 2248 406 2268 s
418 2262 426 2274 ‚
443 2250 467 2267 e.
486 2240 545 2267 Adi.
582 2238 739 2266 Inficcabilis
751 2239 811 2272 gelu
825 2238 918 2271 pagina
932 2237 1023 2263 Sidon.
1032 2237 1077 2272 Ep.
1088 2238 1123 2263 16.
1183 2238 1286 2265 Intrare
1300 2236 1419 2270 insidias,
1456 2237 1509 2263 vid.
1531 2243 1571 2263 1N
1581 2242 1667 2264 TRO.
1760 2240 1862 2265 Intrare
1882 2240 1910 2265 in
1930 2240 2035 2266 infidias
2072 2242 2144 2269 Caes.
2159 2243 2187 2269 Β.
2201 2243 2233 2271 C.

110 2283 121 2304 1
131 2284 154 2304 Ν
164 2283 178 2303 s
190 2284 199 2303 1
211 2281 228 2303 c
239 2284 248 2302 1
260 2283 279 2303 v
289 2284 315 2304 Μ
325 2298 335 2311 ,
360 2277 417 2303 vid.
439 2283 449 2302 1
459 2282 473 2301 s
482 2281 516 2302 ic
525 2282 534 2300 1
545 2281 567 2300 v
577 2280 613 2301 Μ.
729 2275 730 2280 ’
1185 2281 1208 2304 3,
1222 2278 1257 2305 38.
1329 2273 1423 2298 Latere
1436 2271 1465 2297 in
1485 2286 1530 2292 --
1565 2272 1665 2298 Locare
1679 2272 1782 2299 infidias
1796 2274 1892 2306 alicui,
1917 2275 1970 2301 vid.
1987 2275 2058 2302 Loco
2072 2277 2100 2302 in
2114 2284 2232 2306 Locvs.

110 2319 173 2340 INS
183 2310 197 2338 1⁰
207 2318 227 2338 1)
241 2318 258 2339 E
268 2318 287 2338 ο
301 2329 311 2342 ,
349 2311 392 2338 edi
404 2331 413 2344 ,
452 2311 531 2336 essum
546 2328 555 2341 ,
595 2311 648 2334 cre.
709 2306 892 2340 [ἰπικάθημκι.
929 2307 1123 2342 ἰκικικθέζσμοιι]
1185 2307 1276 2334 Locati
1291 2306 1319 2333 in
1333 2307 1433 2333 insidiis
1446 2307 1500 2333 viri
1516 2307 1598 2334 fortes
1610 2307 1643 2334 ab
1658 2308 1827 2342 imperatrice
1846 2309 1900 2335 Cic.
1916 2318 1965 2344 pro
1979 2311 2050 2338 Cael.
2064 2314 2103 2344 67.
2158 2314 2234 2340 Man-

74 2349 153 2383 Super
177 2347 278 2381 aliquid
287 2346 373 2380 sedere
385 2356 394 2369 .·
430 2354 459 2370 ac
480 2346 560 2370 latius
579 2343 668 2368 deinde
686 2342 842 2374 transfertur
864 2343 899 2367 ad
922 2342 1004 2368 omnia
1017 2362 1026 2375 ,
1061 2351 1124 2377 quae
1135 2343 1170 2369 60
1184 2343 1246 2368 dare
1259 2351 1315 2368 rem
1329 2343 1443 2376 aliquam
1455 2342 1556 2369 insidiis
1593 2343 1683 2369 lustin.
1698 2352 1718 2375 5,
1732 2351 1757 2375 2,
1770 2352 1791 2373 5.
1885 2345 2019 2372 Maturare
2037 2344 2141 2375 infidias
2152 2349 2234 2376 alicui

68 2388 185 2418 perpetuo
209 2380 288 2413 adeffb
309 2388 381 2414 atque
399 2380 526 2405 inhaerere
538 2399 546 2411 ,
579 2385 609 2403 vt
623 2377 744 2411 separari
762 2385 809 2401 non
826 2374 914 2411 ptgffint
927 2393 936 2406 ,
971 2376 1122 2412 ostendimus.
1184 2378 1283 2405 Sallust.
1299 2378 1377 2404 Catil.
1392 2387 1413 2403 c.
1425 2386 1458 2410 33.
1529 2376 1654 2403 Meditari
1669 2377 1773 2404 insidias
1787 2378 1866 2406 alicui
1887 2381 1960 2415 Virg.
1972 2381 2023 2408 Ecl.
2034 2390 2053 2414 s,
2061 2386 2102 2409 60.
2174 2385 2234 2411 Mo-

72 2417 160 2443 (Ἆρα,
179 2416 211 2443 de
237 2416 300 2444 Nat,
321 2416 400 2442 θεον,
426 2424 456 2445 2,
485 2416 516 2443 63
553 2412 610 2438 Nec
630 2412 709 2445 longe
732 2409 825 2437 absunt
849 2412 881 2437 ab
900 2411 946 2437 hac
966 2412 995 2438 vi
1014 2412 1055 2438 dii
1080 2421 1122 2446 pe-
1183 2413 1230 2439 liri
1244 2412 1348 2438 insidias
1367 2411 1460 2438 auibus
1497 2411 1571 2438 Idem
1583 2412 1682 2446 Georg.
1698 2422 1715 2446 1,
1728 2421 1778 2446 ²7¹·
1886 2415 1947 2443 Niti
1960 2416 2075 2449 insidiis,
2112 2419 2166 2446 vid.
2188 2427 2234 2447 ΝΙ-

73 2459 162 2485 nates,
182 2451 234 2478 siue
246 2460 259 2477 a
272 2460 340 2485 penu
354 2450 435 2476 dudio
450 2448 575 2478 nomine,
596 2454 640 2472 etc.
666 2445 718 2472 siue
731 2446 764 2471 ab
777 2455 826 2480 eo,
852 2447 924 2481 quod
942 2447 1047 2481 penitus
1061 2447 1123 2473 insi·
1184 2454 1263 2474 TOR.
1335 2448 1478 2481 Opponere
1490 2446 1570 2472 alicui
1584 2447 1704 2481 infidias,
1740 2450 1794 2475 vid.
1817 2456 1968 2478 οΡΡοΝο.
2058 2453 2140 2480 Flam,
2154 2455 2235 2482 poen,

75 2487 153 2519 dent,
179 2496 210 2512 ex
230 2495 283 2520 quo
297 2486 375 2512 etiam
390 2484 534 2518 penetrales
547 2491 560 2508 a
573 2481 660 2508 Poetis
676 2488 812 2508 vocantur.
921 2483 997 2515 Equo
1033 2483 1123 2509 Aurel.
1185 2492 1205 2514 3,
1221 2493 1238 2513 1,
1253 2483 1287 2514 46
1309 2482 1340 2508 Ei
1355 2483 1475 2514 Paratae,
1496 2488 1524 2508 vt
1538 2482 1586 2508 sint
1598 2482 1707 2509 insidiae
1720 2483 1752 2509 de
1764 2493 1830 2510 auro
1842 2491 1868 2511 ct
1881 2486 1912 2512 de
1924 2487 2001 2513 seruo
2014 2494 2084 2515 nieo.
2156 2491 2236 2516 Para-

74 2523 148 2550 viel.
162 2522 193 2548 de
201 2521 272 2548 Viris
285 2520 365 2547 Illust.
379 2529 401 2545 c.
415 2528 448 2550 32.
520 2518 579 2543 Liu.
594 2525 620 2551 7,
633 2519 648 2543 6
667 2517 742 2550 Equo
757 2517 851 2543 deinde
864 2526 942 2551 quam
955 2523 1059 2551 poterat
1071 2526 1126 2548 ma·¹
1138 2519 1170 2547 65
1184 2527 1213 2544 re
1227 2517 1330 2544 infidias
1342 2517 1411 2544 vitae
1424 2517 1534 2543 alicuius
1555 2517 1611 2543 Cic.
1622 2527 1671 2551 pro
1686 2519 1760 2544 Rosc.
1774 2520 1862 2546 Amer.
1876 2525 1908 2547 26
1922 2531 1942 2547 c.
1956 2530 1980 2554 9.
2089 2524 2181 2551 Parare
2194 2526 2235 2552 in-

75 2559 147 2585 xime
161 2563 287 2583 exornato
301 2554 466 2587 insidentem,
488 2559 617 2579 armatum
631 2552 656 2578 se
670 2553 697 2577 in
711 2552 814 2586 specum
827 2552 966 2579 immisisse.
1035 2553 1125 2587 Equus
1186 2553 1261 2580 fidias
1312 2552 1379 2579 tedia
1393 2561 1465 2579 arma
1488 2552 1569 2587 Ouid.
1583 2553 1648 2579 Fast.
1661 2562 1682 2585 3,
1697 2556 1750 2585 638.
1858 2556 1914 2583 Cic.
1924 2557 1996 2583 Fani.
2013 2565 2043 2590 ις,
2057 2567 2069 2584 2
2098 2559 2152 2586 Rex
2165 2559 2236 2586 mihi

76 2592 205 2620 insidetur
225 2591 291 2618 Gell.
306 2596 338 2622 18,
352 2600 372 2619 5.
462 2589 544 2615 Toro
558 2586 670 2614 insidere
699 2587 777 2613 Ouid.
792 2587 870 2621 Epist.
882 2597 922 2618 20,
938 2597 984 2619 134.
1056 2588 1124 2614 Plin.
1185 2588 1273 2615 Patcfa
1302 2588 1324 2614 is
1338 2587 1435 2615 insidiis
1449 2597 1503 2613 non
1522 2596 1599 2621 egere
1612 2588 1728 2614 exercitu
1747 2589 1810 2623 Pop.
1826 2590 1902 2617 Rom.
1915 2592 1984 2618 visus
1999 2593 2041 2619 est.
2097 2595 2137 2621 Sic
2165 2596 2235 2622 Tac.

76 2638 107 2660 11,
122 2635 152 2662 37
171 2627 276 2653 Caesari
290 2625 439 2658 0161211011,
463 2633 516 2658 quo
530 2623 571 2650 die
586 2623 701 2656 primum
713 2623 742 2648 in
755 2623 816 2648 sella
829 2630 906 2648 aurea
921 2623 1030 2655 insedit,
1049 2623 1125 2649 sacri·
1185 2625 1254 2650 Ann.
1269 2632 1299 2656 ιι,
1315 2632 1339 2656 9.
1433 2624 1525 2650 Petere
1538 2622 1652 2657 aliquem
1666 2623 1764 2650 insidiis
1803 2625 1883 2652 Ouid.
1902 2628 1964 2654 Met.
1987 2637 2012 2661 9,
2032 2630 2088 2656 622.
2177 2630 2234 2658 cic.

77 2663 167 2690 ficanti
179 2662 219 2688 bis
233 2662 260 2688 in
274 2662 340 2688 extis
354 2660 439 2687 defuit
452 2669 501 2686 cor.
573 2658 629 2685 Cic.
638 2658 708 2684 Fam.
723 2667 745 2690 ς,
759 2666 781 2689 ¹3
803 2658 876 2690 Q1ae
884 2658 1029 2692 Cogitatio,
1042 2666 1125 2692 quum
1186 2658 1217 2684 de
1231 2660 1261 2685 L.
1276 2659 1338 2692 Agr.
1351 2666 1377 2690 2,
1391 2665 1420 2691 48
1442 2658 1486 2684 1in
1512 2658 1615 2691 penitus
1634 2658 1759 2685 abstrusas
1777 2659 1881 2687 insidias
1899 2663 1924 2688 se
1945 2663 2054 2690 Posuiffe
2072 2663 2235 2693 arbitrantur

77 2698 147 2725 mihi
162 2706 215 2723 non
229 2697 340 2723 omnino
354 2695 485 2722 excidisset
503 2693 618 2726 (etenim
633 2693 736 2727 penitus
749 2692 895 2723 insederat)
913 2693 942 2718 vi
956 2699 1061 2725 tamen,
1080 2700 1124 2719 etc.
1141 2701 1173 2726 70
1185 2701 1276 2720 contra
1289 2695 1339 2720 Cn.
1353 2693 1471 2727 Pompeii
1485 2692 1646 2727 dignitatem.
1742 2695 1844 2722 Ponere
1857 2697 1885 2722 in
1901 2697 2013 2725 insidiis:
2048 2700 2071 2725 h.
2086 2710 2106 2726 e.
2125 2702 2154 2726 In
2175 2702 2234 2734 loco,

78 2733 152 2761 Idem
166 2741 214 2767 pro
227 2732 315 2758 Deiot.
335 2736 347 2761 8
372 2733 402 2758 In
416 2730 567 2756 exulcerato
585 2728 675 2754 animo
689 2727 767 2754 facile
778 2727 869 2754 fletum
882 2727 983 2753 crimen
996 2728 1127 2754 insideret.
1185 2730 1229 2755 vbi
1247 2729 1352 2762 instiliae
1368 2729 1455 2761 fat‘lae
1468 2729 1540 2762 fimt.
1611 2729 1665 2755 Cic.
1687 2737 1736 2764 pro
1753 2730 1841 2757 Deiot.
1856 2740 1883 2764 23
1896 2742 1916 2759 c.
1930 2743 1943 2766 7
1971 2734 2061 2767 Qid?
2098 2735 2142 2762 ille
2163 2736 2234 2770 signa

79 2768 245 2795 Defiderium
262 2766 356 2793 insidet
376 2765 453 2792 nobis
490 2765 593 2790 Lucret.
608 2774 629 2795 3,
641 2772 690 2795 931.
814 2762 900 2789 Dolor
912 2762 1004 2789 insidet
1017 2762 1127 2797 pedibus
1185 2773 1264 2792 aenea
1284 2764 1313 2790 in
1331 2763 1428 2790 insidiis
1443 2763 1583 2790 Posuerat3
1689 2766 1795 2792 Struere
1816 2766 1919 2794 insidias
1965 2769 2054 2796 Tacit.
2074 2771 2144 2797 Anti.
2158 2781 2181 2805 2,
2193 2773 2235 2802 65.

81 2804 147 2831 Plin.
161 2803 238 2837 Epist.
252 2812 271 2835 1,
286 2811 318 2828 12.
426 2801 482 2827 Cic.
493 2800 570 2826 Verr.
584 2808 606 2831 3,
618 2807 648 2832 93
674 2800 704 2825 In
721 2797 816 2832 quibus
831 2798 847 2824 fi
861 2806 893 2823 ex
906 2798 1025 2833 ipsorum
1037 2798 1128 2824 dome·
1186 2799 1267 2826 Ouid.
1281 2800 1345 2826 Met.
1363 2808 1381 2832 1,
1396 2804 1447 2833 198.
1543 2798 1669 2825 Subactus
1681 2799 1781 2827 insidiis
1801 2801 1877 2836 Virg.
1891 2805 1956 2831 Aen.
1970 2812 2004 2835 12,
2018 2814 2080 2838 494.
2151 2806 2236 2832 Subii-

80 2839 145 2865 stico
160 2837 331 2865 incommodo
344 2836 431 2862 nullus
446 2835 523 2862 dolor
537 2834 674 2866 insideret,
691 2830 777 2859 tam‘en
791 2834 849 2860 esset
862 2833 923 2866 illa,
942 2840 989 2860 etc.
1052 2834 1127 2860 Idem
1187 2844 1246 2861 cere
1266 2834 1367 2861 infidias
1406 2833 1515 2867 Qiine‘t.
1535 2841 1557 2867 ς,
1580 2844 1601 2867 7.
1706 2836 1760 2862 Esse
1772 2836 1800 2863 in
1813 2837 1925 2872 insidiis,
1961 2840 2015 2866 vid.
2031 2848 2084 2873 1N,
2122 2847 2147 2866 et
2154 2841 2235 2877 supra

80 2875 192 2906 Tusculi,
207 2882 239 2906 24
260 2874 351 2905 Qium
363 2879 451 2898 autem
466 2870 508 2896 hic
521 2870 640 2899 Feruor,
659 2869 854 2902 concitatioque
866 2868 951 2895 animi
963 2869 1129 2896 inueteraue-
1143 2879 1171 2904 75
1188 2871 1240 2896 Ero
1251 2892 1260 2905 ,
1289 2878 1335 2897 etc.
1441 2868 1569 2896 Tendere
1583 2869 1684 2896 infidias
1696 2871 1774 2897 alicui
1806 2872 1862 2899 Cic.
1874 2883 1923 2908 pro
1937 2874 2011 2902 Rosc.
2026 2877 2102 2903 Com.
2114 2878 2149 2910 46
2164 2886 2185 2904 c.
2201 2878 2238 2906 16.

80 2910 134 2941 rit,
154 2915 180 2936 et
200 2916 324 2942 tanquam
344 2907 373 2934 in
391 2907 465 2933 venis
478 2904 654 2938 medullisque
666 2903 800 2930 insederit.
837 2905 860 2930 h.
874 2913 893 2931 e.
915 2904 1049 2940 Inhaefirit
1057 2905 1129 2939 peni·
1187 2905 1276 2934 lustin.
1291 2915 1327 2938 43,
1341 2915 1364 2938 4,
1376 2909 1398 2935 8.
1471 2906 1581 2931 Vertere
1592 2905 1696 2932 infidias
1708 2906 1737 2932 in
1750 2906 1864 2942 aliquem
1886 2909 1959 2936 Idem
1973 2911 2007 2943 16,
2014 2917 2067 2943 4,8.

80 2952 130 2972 tus.
227 2944 337 2970 Morbus
351 2942 447 2969 insedit
465 2940 584 2968 Scribon.
601 2949 644 2966 111.
750 2939 916 2966 Pseudo-Cic.
936 2946 1021 2974 anteq.
1035 2940 1087 2966 iret
1099 2940 1128 2966 in
1225 2948 1235 2967 1
1245 2947 1288 2966 Ns
1300 2947 1311 2967 1
1325 2946 1344 2966 D
1357 2947 1366 2966 1
1379 2946 1399 2966 O
1409 2947 1446 2973 R,
1471 2946 1528 2967 atus
1542 2941 1611 2974 sum,
1636 2941 1684 2968 ari.
1721 2941 1786 2976 Dep.
1827 2944 1966 2977 [mageda-1,
1979 2946 2123 2979 ε’πιβιςλεύω,
2144 2949 2236 2979 Λαχάρη,

81 2980 143 3007 exil.
158 2987 173 3012 9
194 2979 286 3011 Quim
298 2979 351 3005 iam
367 2977 515 3004 domesticis
532 2984 581 3010 pax
594 2983 649 3001 non
660 2974 784 3009 insideat,
803 2975 846 3001 sed
859 2974 963 3009 publice
975 2975 1128 3009 prouidenti
1187 2976 1296 3009 λυχίζω]
1321 2975 1425 3007 Insidias
1438 2981 1532 3008 parare
1543 2982 1568 3001 et
1581 2975 1710 3010 instruere.
1745 2978 1858 3005 Martial·
1873 2987 1907 3009 ¹22
1922 2988 1940 3005 ¹¹
1963 2980 1988 3006 Si
2000 2986 2025 3007 te
2037 2981 2166 3009 delectant
2181 2982 2237 3009 afli-

81 3015 231 3049 eripjatuss
336 3014 394 3040 Cic.
408 3022 458 3047 pro
472 3011 568 3039 Milon.
583 3012 615 3044 69
629 3020 650 3037 c.
666 3019 692 3040 25
711 3011 786 3045 Qiae
802 3011 820 3037 fi
833 3020 887 3037 non
900 3010 1039 3045 probaret,
1066 3010 1084 3037 fi
1097 3011 1130 3037 ti-
1188 3012 1259 3037 mosa
1274 3011 1404 3045 pericula,
1423 3009 1521 3037 Tuscis
1557 3010 1679 3043 (Tutior
1691 3011 1728 3039 est
1741 3012 1847 3047 virtus)
1868 3014 2019 3042 insidiemur
2030 3017 2108 3051 apris.
2179 3018 2236 3044 Cic.

81 3050 111 3078 bi
126 3052 159 3076 ita
172 3050 276 3084 penitus
290 3049 418 3075 insedisset
431 3048 476 3074 ista
490 3046 617 3081 suspicio,
641 3045 715 3072 nullo
730 3052 758 3072 vt
777 3046 856 3073 euelli
870 3046 951 3072 modo
967 3047 1064 3080 posset,
1084 3053 1129 3072 etc.
1143 3053 1176 3077 80
1189 3047 1217 3073 in
1232 3046 1305 3073 Orat.
1318 3054 1360 3072 210
1373 3055 1394 3071 c.
1409 3047 1438 3071 62
1463 3046 1528 3072 Non
1540 3045 1612 3072 enim
1625 3046 1652 3072 id
1661 3047 1733 3081 agit,
1751 3054 1780 3075 vt
1791 3048 1928 3076 infidietur
1941 3056 1966 3076 et
1980 3051 2117 3084 obseruet,
2136 3051 2180 3078 sed
2197 3053 2237 3078 fa-

82 3087 173 3119 Vapor
187 3084 298 3112 siderum
312 3084 406 3110 insedit
419 3083 560 3110 siticulosae
571 3081 697 3116 Apuliae,
733 3082 761 3115 i„
772 3083 882 3107 Incubuit
902 3082 971 3108 Hor.
980 3081 1060 3116 Epod.
1069 3091 1089 3113 3,
1099 3088 1130 3114 ις.
1189 3088 1242 3108 vet.
1312 3081 1439 3107 Hostibus
1452 3080 1560 3108 insidior
1588 3081 1667 3108 Ouid.
1680 3084 1745 3108 Met.
1758 3092 1788 3116 13,
1802 3091 1851 3110 212.
1922 3085 2010 3119 Lupus
2023 3086 2154 3113 insidiatus
2168 3087 2238 3114 ouili

84 3120 153 3148 Plin.
167 3129 199 3150 ιι,
212 3129 242 3153 49
266 3120 322 3147 Ceu
336 3120 412 3153 plane
426 3118 533 3145 visenda
547 3126 587 3143 res
601 3117 676 3150 esset,
711 3116 858 3151 principem
871 3123 1001 3143 terrarum
1017 3116 1130 3144 insidere
1188 3117 1263 3151 Visg·
1277 3117 1344 3144 Aen·
1357 3125 1384 3150 9,
1397 3124 1434 3149 59-
1541 3117 1675 3151 Tempffl'i
1688 3117 1803 3144 insidiari
1840 3118 1899 3146 ΠΗ·
1914 3128 1948 3151 ²3·
2003 3122 2074 3155 C‘mfi
2097 3122 2192 3148 Paterf-
2212 3131 2238 3155 ²⁵

70 3155 221 3192 portentis.
328 3156 383 3181 Cic.
400 3163 447 3189 pro
460 3155 542 3181 Corn.
558 3152 630 3179 Balb.
644 3163 657 3183 4
670 3161 692 3178 c.
707 3161 714 3178 1
743 3153 845 3178 Etenim
866 3152 891 3179 ei
910 3152 1018 3179 siit-cedo
1030 3152 1130 3179 oratio·
1187 3162 1223 3185 21,
1238 3162 1261 3178 2.
1376 3149 1486 3185 Paffiue:
1522 3152 1578 3179 Cic.
1592 3161 1642 3186 pro
1655 3153 1726 3179 Cael.
1741 3162 1763 3179 21
1784 3154 1908 3188 Magnum
1921 3154 2021 3182 crimen
2033 3157 2062 3182 in
2075 3157 2165 3191 legatis
2178 3157 2238 3184 insi-

84 3191 130 3223 ni,
150 3198 215 3224 quae
229 3199 282 3216 non
294 3190 474 3225 praeteruesia
487 3189 516 3215 fit
530 3197 603 3215 aures
617 3186 726 3220 vestras,
745 3187 785 3214 sed
800 3188 827 3214 in
841 3188 936 3214 animis
950 3188 1071 3214 omnium
1084 3196 1129 3222 pe-
1189 3187 1300 3214 diandis.
1516 3185 1538 3224 fl
1564 3196 1577 3213 2
1613 3188 1718 3221 Atsliue,
1754 3189 1816 3222 Igne
1828 3196 1976 3216 cremantur
1988 3192 2077 3223 Serui,
2102 3192 2149 3226 qui
2160 3193 2238 3220 saluti

25 3233 37 3256 '.
83 3227 155 3254 nitus
172 3225 305 3251 insederit.
408 3225 573 3259 paedagogus
590 3223 685 3250 vitiose
699 3223 768 3249 diota
781 3224 896 3257 corrigat
908 3224 1045 3257 protinus,
1082 3231 1129 3250 nec
1145 3231 1175 3259 35
1190 3223 1364 3249 dominorum
1377 3222 1483 3248 suorum
1501 3222 1681 3250 insidiaucrint
1703 3222 1814 3250 Callistr.
1828 3224 1844 3250 l.
1857 3231 1885 3254 28
1897 3226 1919 3258 §.
1938 3235 1956 3252 11
1971 3225 2003 3253 de
2011 3227 2118 3253 Poenis.
2188 3229 2239 3254 Sed

85 3261 200 3288 infidae
218 3260 324 3286 alumno
343 3261 405 3287 fluat
443 3260 551 3292 Qun&
569 3270 585 3292 1,
602 3269 607 3284 ι
626 3268 650 3293 p.
667 3260 691 3283 16
705 3259 733 3285 Β.
841 3259 896 3285 Cic.
909 3259 937 3284 in
954 3259 1028 3286 Orat.
1047 3268 1062 3293 9
1076 3267 1098 3284 c.
1113 3266 1130 3284 2
1190 3259 1335 3284 Haloander
1354 3257 1467 3284 insidiati
1481 3265 1567 3284 erunt.
1622 3260 1697 3293 Qod
1707 3259 1812 3285 Seruius
1832 3259 1947 3286 Danielis
1965 3269 2043 3287 monet
2066 3263 2131 3289 Aen.
2153 3271 2172 3296 1,
2190 3270 2240 3296 719

86 3297 137 3324 Sed
151 3295 228 3329 ipsius
242 3295 273 3320 in'
283 3302 368 3322 mente
383 3296 507 3322 insidebat
522 3295 617 3329 species
636 3293 840 3328 pulchritudinis
854 3293 961 3321 eximia.
1074 3294 1130 3320 Ma·
1189 3295 1240 3329 legi
1252 3295 1280 3318 in
1293 3294 1435 3327 quibusdam
1448 3293 1522 3319 libris
1534 3292 1651 3325 infidiat,
1668 3293 1742 3327 idque
1755 3294 1933 3328 imm-pretatur
1950 3296 2053 3324 insidias
2065 3297 2156 3332 faciat,
2175 3297 2242 3324 illud

88 3333 161 3364 cula,
182 3339 247 3365 quae
261 3331 363 3364 penitus
377 3332 428 3358 iarn
442 3331 550 3363 insedit,
567 3337 646 3364 atque
660 3330 818 3357 inueterauit
831 3331 860 3356 in
876 3330 939 3363 Pop.
953 3330 1030 3356 Rom.
1044 3328 1130 3356 nomi-
1190 3331 1347 3364 nugatorium
1357 3331 1507 3363 pronunciat
1525 3328 1609 3363 Heius.
1622 3329 1658 3353 ad
1669 3326 1754 3357 locum.
1789 3329 1859 3357 Add.
1878 3330 1941 3366 VoſjJ
1952 3334 1982 3358 de
1998 3334 2078 3360 Anal.
2087 3343 2109 3366 3,
2122 3342 2146 3366 7.
2184 3335 2238 3360 Du.

87 3377 123 3395 ne
142 3366 197 3394 Cic.
212 3374 261 3400 pro
274 3366 305 3392 L.
317 3365 407 3392 Manil.
418 3376 430 3399 7
444 3376 465 3393 c.
479 3376 499 3399 3.
576 3365 648 3393 Idem
663 3364 694 3390 de
708 3365 783 3393 Orat.
796 3375 818 3398 2,
832 3374 871 3391 122.
883 3374 905 3392 c.
918 3371 946 3394 28
970 3365 1049 3391 Nihil
1063 3365 1132 3398 quis·
1189 3363 1241 3391 ker.
1254 3365 1284 3391 de
1296 3365 1404 3390 Latinit.
1418 3364 1501 3388 ICtor.
1513 3370 1540 3397 p.
1554 3368 1596 3394 328
1603 3362 1644 3397 sq.
2230 3379 2232 3382 -

89 3411 168 3438 quarn
183 3409 299 3434 vnquam
313 3407 354 3426 me
366 3401 486 3428 audiente
498 3401 552 3435 egit
564 3406 664 3432 orator,
683 3401 755 3434 quod
768 3410 823 3427 non
836 3401 864 3428 in
877 3400 1004 3427 memoria
1019 3408 1076 3426 mea
1090 3408 1131 3433 pe·
1147 3409 1182 3434 90
1228 3406 1237 3424 1
1246 3406 1269 3426 N
1278 3405 1290 3425 S
1301 3405 1311 3425 1
1321 3404 1340 3424 D
1349 3407 1358 3425 1
1367 3404 1419 3423 ΑΝ
1428 3404 1458 3430 s,
1483 3398 1558 3424 antis.
1596 3399 1663 3425 Part.
1705 3398 1795 3426 lustin.
1810 3408 1848 3432 43,
1861 3408 1890 3433 4,
1903 3410 1931 3427 io
1956 3401 2022 3436 Regi
2037 3402 2167 3431 insidianti
2180 3403 2240 3430 insi·-

88 3439 161 3466 nitus
177 3436 311 3462 insederit.
522 3435 544 3474 fl
564 3445 576 3462 2
646 3435 759 3463 Iufidere
785 3436 928 3470 [ἰνεδςεύειν]
966 3435 1134 3462 peculiariter
1191 3434 1249 3461 diae
1261 3434 1412 3461 tenduntur.
1447 3432 1520 3459 Idem
1534 3436 1559 3465 6,
1571 3435 1598 3464 6,
1611 3436 1625 3460 6
1647 3433 1848 3461 Lacedaemonii
1861 3436 1956 3463 securis
1967 3436 2125 3465 insidiantes.
2166 3439 2241 3466 Caes.

89 3476 176 3503 Locum
190 3473 295 3505 aliquem
310 3476 423 3504 occupare
429 3470 573 3506 fignificat,
600 3472 665 3496 vnde
679 3473 784 3497 alterum
800 3471 921 3506 obser-nes,
941 3471 1010 3505 eique
1022 3470 1132 3496 immine·
1191 3470 1220 3496 B.
1237 3470 1270 3496 G.
1284 3475 1307 3502 8,
1323 3478 1350 3502 19
1371 3468 1410 3494 Ab
1422 3467 1602 3495 insidiantibus
1615 3469 1733 3502 accipere
1747 3469 1944 3498 detrimentum.
2015 3472 2162 3508 Propert.3,
2176 3476 2201 3508 6,
2213 3483 2242 3508 37

88 3519 126 3536 as.
182 3506 242 3534 Liu.
255 3507 295 3538 26,
307 3513 340 3537 44
352 3512 395 3539 pr.
412 3505 569 3540 Qiingeutis
582 3506 714 3533 militibus
729 3515 814 3533 arcem
829 3505 932 3533 insedit.
1036 3506 1133 3540 Agros-
1179 3505 1292 3532 ‘Natura
1306 3504 1435 3530 insidiam.
1783 3539 1789 3544 .

89 3553 141 3578 que
162 3550 274 3572 vacuos,
310 3546 336 3566 et
355 3540 471 3566 militnm
489 3541 547 3567 vsui
564 3542 683 3576 sepositos
699 3541 817 3568 insedere
851 3541 940 3568 Tacit.
955 3542 1023 3567 Ann.
1039 3549 1077 3572 13,
1097 3549 1133 3573 54,
1230 3547 1270 3566 ΙΝ
1284 3547 1315 3565 Sl
1326 3545 1394 3565 D1A
1406 3545 1429 3565 Τ
1440 3544 1501 3572 VS,
1519 3547 1549 3572 a,
1567 3547 1621 3566 um.
1651 3540 1719 3566 Part.
1756 3539 1830 3575 Virg.
1840 3540 1905 3568 Aen.
1918 3549 1946 3577 9,
1957 3550 1988 3577 59
2008 3557 2054 3564 —
2070 3544 2151 3579 pleno
2165 3544 2242 3581 lupus

89 3578 232 3607 Anfraftus
246 3577 368 3603 siluarum
381 3575 462 3601 caecis
474 3575 602 3604 insederat
616 3577 696 3604 armis
725 3577 769 3603 Sil.
782 3587 806 3610 5,
819 3587 839 3610 3.
943 3576 1022 3602 Aram
1035 3575 1134 3602 insede·
1149 3584 1178 3609 95
1192 3575 1324 3603 insidiatus
1340 3574 1415 3600 ouili.

91 3620 155 3644 runt
175 3613 266 3640 Tacit.
280 3612 348 3637 Ann.
362 3619 383 3642 3,
396 3612 433 3636 61.
526 3612 621 3639 Arcem
635 3612 761 3647 Capitolii
773 3613 867 3639 insedit
887 3612 959 3639 Idem
973 3611 1041 3637 Hist.
1055 3620 1076 3646 3,
1090 3614 1133 3644 69,
1231 3618 1241 3636 1
1253 3618 1274 3637 N
1286 3617 1298 3635 S
1308 3616 1317 3635 1
1326 3616 1345 3636 D
1354 3617 1363 3635 1
1372 3610 1443 3636 dsv
1452 3614 1482 3642 s,
1500 3617 1533 3640 a,
1548 3618 1602 3635 um.
1617 3644 1622 3648 1
1638 3609 1697 3636 Adi.
1733 3611 1932 3647 [ἓπιβελευτικὸς]
1968 3613 2068 3646 Infidit’s
2078 3615 2176 3650 plenus,
2183 3614 2243 3649 fal.

92 3660 115 3683 4,
153 3648 224 3679 Conf.
238 3647 313 3681 Virg.
329 3646 393 3672 Aen.
407 3653 431 3677 2,
443 3645 494 3675 615.
598 3648 672 3682 Virg.
687 3649 751 3675 Aen.
767 3657 806 3682 10,
819 3657 850 3682 59
866 3649 930 3675 Non
943 3647 1020 3672 satius
1033 3647 1133 3672 cineres
1193 3647 1252 3672 lax:
1290 3646 1344 3672 Cic.
1358 3646 1436 3671 Verr.
1453 3653 1467 3671 2
1479 3653 1501 3672 c.
1513 3649 1546 3679 78
1570 3645 1636 3677 Qus
1656 3643 1794 3672 acerbior-3
1829 3646 1887 3679 quis
1909 3647 2072 3676 insidiosior?
2109 3649 2166 3683 quis
2183 3656 2241 3675 cru-

93 3685 191 3720 patriae
198 3678 321 3709 'insedisse
334 3680 484 3715 supremos?
604 3683 721 3710 Claustra
735 3690 836 3715 terrae,
872 3692 899 3710 ac
912 3682 991 3708 maris
1006 3681 1135 3708 insedisset
1195 3681 1282 3707 delior
1296 3680 1430 3715 vnquam3
1538 3679 1656 3718 Plin229,
1670 3689 1678 3705 1
1715 3680 1745 3707 In
1764 3688 1814 3713 qua
1829 3682 1983 3710 conditione
1999 3683 2181 3711 insidiosissima
2195 3692 2240 3709 au-

94 3721 162 3747 Tac.
174 3720 242 3746 Ann.
255 3727 278 3750 2,
291 3727 329 3750 59.
446 3714 512 3741 Plin·
523 3721 546 3748 ς,
558 3725 581 3748 13
603 3719 684 3753 Ioppe
701 3718 793 3746 inlidet
806 3719 911 3746 Collcm
923 3718 1085 3752 praeiacente
1099 3717 1134 3742 sa·
1195 3716 1345 3742 &critatem
1365 3714 1474 3749 peffimis
1487 3714 1550 3741 boni
1567 3714 1673 3741 faciunt.
1743 3716 1871 3749 Alloquio
1884 3717 2020 3745 insidiosus
2040 3719 2129 3746 lustin.
2142 3727 2168 3751 9,
2181 3724 2204 3751 8,
2217 3723 2241 3746 8.

95 3763 130 3783 xo
139 3776 147 3788 ‚
175 3755 202 3780 in
216 3762 270 3788 quo
283 3751 452 3779 vinculorum
466 3750 647 3779 Andromedae
659 3754 768 3789 vestigIa
781 3755 928 3781 ostendunt.
1032 3751 1135 3786 Effugia
1142 3758 1189 3777 100
1196 3751 1302 3777 Amicus
1322 3751 1376 3778 Cic.
1393 3759 1442 3784 pro
1454 3750 1543 3776 Domo
1554 3758 1575 3775 c.
1591 3758 1620 3788 ¹¹:
1679 3785 1684 3789 η
1725 3750 1812 3777 Facies
1825 3751 1944 3779 insidiosa
1957 3754 2040 3780 oculis
2068 3752 2147 3779 Ouid.
2161 3752 2240 3787 Epist.

94 3789 242 3817 insederant
264 3789 332 3816 Tac.
345 3791 411 3813 Ann.
425 3795 445 3819 3,
459 3795 496 3817 42.
604 3787 663 3814 Liu.
675 3797 712 3823 25,
724 3799 748 3816 21
774 3791 835 3823 Qia
850 3790 939 3824 fugam
952 3787 1137 3814 inclinaturam
1196 3794 1231 3819 ις,
1245 3794 1284 3812 22.
1379 3786 1459 3812 Caius
1474 3785 1500 3810 in
1515 3785 1532 3810 l.
1565 3785 1619 3816 Qu
1633 3785 1759 3817 petitorio
1791 3787 1814 3819 §.
1828 3787 1882 3820 Qui
1903 3789 1934 3815 D.
1952 3789 1983 3815 de
1998 3788 2036 3814 rei
2050 3787 2240 3820 vendicatione,

94 3825 230 3859 credebat,
247 3823 338 3851 omnia
350 3822 446 3849 Itinera
460 3820 572 3848 insidere
585 3821 665 3848 iubet·
757 3826 827 3852 Tac.
842 3826 909 3851 Ann.
923 3833 948 3856 2,
962 3825 986 3850 16
1007 3822 1062 3849 Soli
1070 3821 1137 3848 Che·
1196 3822 1296 3855 Culpae
1308 3826 1395 3847 autem
1407 3828 1467 3847 teus
1481 3820 1602 3854 possessor
1614 3820 1665 3852 est,
1696 3826 1721 3846 et
1738 3821 1784 3855 qui
1798 3831 1845 3856 per
1857 3823 1976 3850 insidiosa
1989 3823 2057 3848 Loca
2076 3822 2179 3848 seruum
2192 3821 2240 3847 mi.

95 3861 165 3887 rusci
181 3862 243 3895 Iuga
256 3858 382 3886 insedere.
488 3856 559 3891 Iugis
581 3855 676 3882 insedit
694 3857 827 3887 Hetruscis
866 3860 942 3894 Virg.
962 3860 1026 3885 Aen.
1041 3864 1065 3890 8,
1077 3865 1136 3890 479.
1197 3856 1242 3888 sit,
1261 3855 1278 3881 si
1293 3855 1315 3881 is
1328 3856 1415 3890 periit.
1486 3854 1567 3882 Latro
1585 3855 1699 3881 Martial.
1714 3864 1750 3888 14,
1763 3865 1803 3884 20.
1906 3858 2027 3891 Princeps
2041 3856 2241 3884 infidiofiffimus

95 3895 157 3922 Liu.
171 3904 206 3929 21,
219 3903 247 3928 54
250 3903 293 3931 pr.
328 3895 407 3928 Mago
420 3893 522 3918 Locum
534 3890 705 3924 monstrabit,
724 3895 802 3927 quem
814 3895 955 3923 insideatis.
1027 3893 1092 3919 Plin.
1109 3892 1140 3917 in
1197 3891 1263 3917 Plin.
1278 3891 1371 3924 Paneg.
1383 3897 1449 3916 extr.
1555 3889 1638 3924 Qnies
1651 3890 1772 3919 insidiosa
1792 3893 1855 3921 Stat.
1865 3893 1927 3920 Silu.
1940 3901 1959 3927 1,
1972 3901 1997 3928 4,
2008 3898 2049 3927 57.
2153 3890 2241 3918 Verba

97 3930 190 3966 Paneg.
202 3940 223 3973 c.
234 3940 246 3960 1
264 3931 352 3965 thm
368 3929 469 3956 Locum
475 3926 545 3982 ‘deus
563 3926 610 3953 ille
623 3932 676 3955 tam
686 3929 804 3961 praesens
822 3940 851 3958 ac
869 3929 1019 3959 manifestus
1033 3927 1137 3958 insedit.
1150 3934 1191 3957 ¹05
1198 3926 1277 3954 Ouid.
1290 3925 1370 3996 Epistl.
1385 3932 1494 3988 252210.
2134 3967 2147 3989 1
2158 3968 2183 3989 N
2192 3968 2205 3989 S
2216 3968 2239 3989 1-
