2479 4225
39 223 97 260 193
432 204 684 245 DIS

40 293 223 324 consuetudine
241 302 298 320 mea
316 299 342 320 et
362 292 484 320 cautione
503 302 530 319 ac
550 293 688 328 diligentia
706 291 845 318 discedere.
918 291 949 316 Et
964 291 1017 316 Att.
1033 299 1070 322 η,

40 340 85 364 241
105 331 135 357 Et
149 329 166 356 si
180 338 212 355 ne
227 328 382 356 discessissem
397 328 504 363 quidem
518 338 531 355 e
545 329 690 363 Conspebsu
706 333 766 356 tuo,
787 326 834 365 nisi
849 334 891 352 ine
904 326 980 360 plane
1001 325 1068 352 nihil

39 367 92 394 vlla
118 374 158 392 res
183 364 327 391 adiuuaret.
399 366 421 390 A
442 365 617 391 Coiitentione
636 362 766 389 discedere
792 362 848 387 Cic.
870 361 898 387 in
917 362 990 387 Orat.
1013 370 1066 393 ¹09·

41 403 62 429 A
75 399 250 428 Defendendis
269 399 422 426 hominibus
432 419 439 431 ,
454 406 479 425 et
499 398 661 426 subleuandis
676 397 748 423 Idem
763 397 853 422 Diuin,
870 398 944 422 Verr.
960 405 980 428 5.
1037 398 1067 422 Ec

41 439 116 464 Verr.
130 444 155 469 4,
171 444 198 467 33
220 436 296 462 Pueri
312 440 398 461 autem
411 435 539 468 Sisennae,
552 433 629 460 credo
642 433 690 467 qui
702 432 940 466 audiuiss'ent,quac
950 433 974 457 in
991 431 1067 458 istum
1096 438 1109 464 5

40 471 187 500 testimonia
201 472 277 497 essent
291 470 374 500 (lisia,
393 471 483 496 oculos
497 471 529 497 de
542 469 590 496 isto
600 476 727 502 nusquam
746 467 873 497 deiicere,
887 475 971 501 neque
984 467 1016 492 ab
1029 476 1069 493 ar-

41 512 119 542 gento
133 506 253 540 Digitum
272 505 411 532 discedere.
424 505 529 541 subaudi
548 505 650 530 Latum.
671 503 712 529 Sic
731 503 839 536 Pedem,
852 509 881 528 vt
900 512 955 528 mo.»¹
976 502 1069 528 videbi-

40 551 101 568 mus.
172 543 194 567 A
215 541 278 568 Fide
298 541 448 576 iustitiaque
468 538 595 578 discedere
621 537 677 564 Cic.
693 537 745 564 Off.
762 546 782 569 3,
803 545 846 571 79.
918 537 958 564 Ab
977 538 1067 572 aliquo

41 575 156 603 discendi
174 577 276 603 Genere
296 576 426 602 discedere
445 575 515 602 Idem
529 574 578 600 011.
597 581 621 604 2,
634 575 659 599 6.
729 574 760 599 Et
772 573 804 599 de
819 573 889 599 Clar.
904 574 977 600 Orat.
1016 593 1022 599 .
1061 593 1067 599 .

41 612 164 646 Qioduis
185 612 270 646 potius
291 612 434 646 periculum
452 609 519 637 mihi
536 607 700 639 adeundum,
719 617 797 642 quam
811 617 825 634 a
846 609 943 642 sperata
964 607 1068 634 dicendi
1088 615 1118 634 10

0 648 7 652 ”
41 648 134 674 Gloria
151 646 333 674 discedendum
347 647 445 681 putaui.
513 644 534 670 A
548 643 656 670 Iudiciis
677 643 808 678 causisque
824 644 955 670 discedere
968 644 1023 670 Cic.
1037 644 1068 669 de

41 684 114 709 Orat.
129 691 154 714 2,
168 691 225 715 144.
296 683 367 709 Idem
381 683 448 709 Fam.
461 687 486 712 9,
502 680 530 705 16
569 679 667 705 Omnia
687 680 744 705 sunt
764 679 870 711 incerta,
886 688 967 713 quum
982 688 996 705 a
1012 680 1070 705 lure

40 718 172 744 discessum
185 718 230 744 est.
283 719 405 753 Languor
417 713 529 741 discedat
541 722 555 740 a
568 723 679 748 corpore
693 714 773 741 Ouid.
787 714 863 749 Epist.
878 723 921 746 20,
935 723 956 746 3.
1013 715 1068 740 Cic.

42 754 104 780 Diu.
118 754 192 779 Verr.
209 761 245 787 47
280 754 305 779 Si
319 754 352 779 ab
363 751 411 778 isto
425 749 508 775 Libro
517 769 524 781 ,
533 758 611 784 quem
622 748 672 776 tibi
685 750 808 783 magister
822 749 888 781 ludi,
901 750 988 775 nescio
1001 750 1070 784 quis,

40 797 72 814 cx
90 788 182 814 alicnis
200 788 363 815 orationibus
381 783 552 818 compositum
570 784 657 817 dedit,
682 786 766 811 verbo
787 794 839 811 vno
861 785 1015 817 discesseris,
1042 793 1071 811 vt
1093 794 1117 819 15

40 830 122 858 nempe
140 825 180 850 ve!
197 827 311 854 omittas,
330 823 369 848 vel
384 820 454 846 aliud
465 826 546 854 ponas
567 827 611 846 etc.
683 821 755 846 Idem
776 821 803 846 in
819 822 906 846 Somn.
926 820 992 854 Scip.
1032 822 1070 847 Ita

38 867 173 893 nunquam
193 868 224 885 ex
242 859 329 886 animo
343 864 401 882 meo
414 855 522 882 discedit
536 855 608 882 illius
626 856 723 890 optimi
744 862 822 890 atque
841 855 1002 882 inuiffiffimi
1017 856 1069 882 viri

40 894 181 921 Memoria.
250 896 281 920 Et
295 892 326 919 de
337 890 427 917 Diuin.
442 899 464 922 2,
478 899 521 924 114
544 891 594 917 Ille
606 900 693 917 autem
707 892 821 917 Graecus
833 911 841 923 ,
861 890 925 926 quid
940 892 1037 917 mirum
1051 892 1068 918 si

40 929 222 963 magnitudine
237 927 353 959 timoris,
372 932 401 952 vt
413 925 567 960 plerumque
580 926 625 959 tit,
646 935 659 952 a
674 926 814 953 constantia
824 947 832 958 ,
851 933 929 961 atque
943 935 957 952 a
971 928 1068 960 Mente,

38 971 118 999 atque
135 974 148 991 a
161 966 185 990 se
198 962 316 991 discessit?

40 1001 95 1026 sere
113 997 216 1032 Mores,
235 1005 264 1025 vt
281 996 356 1024 oneri
372 996 422 1022 sint
439 997 518 1023 etiam
536 997 629 1023 vestes.
698 997 756 1023 Cic.
770 997 848 1023 Acad.
862 1008 897 1032 4,
934 1016 941 1023 .
978 1018 984 1024 .
1021 998 1069 1025 Sed

40 1035 197 1062 discedamus
208 1043 222 1060 a
233 1031 448 1066 Nobismetipsis,
461 1031 493 1058 de
506 1033 620 1066 sapiente
634 1032 790 1067 loquamur,
803 1039 847 1059 etc.
869 1036 887 1059 ι’.
909 1034 945 1058 De
958 1033 1027 1059 nobis
1037 1036 1071 1060 Io-

38 1073 82 1106 qui
89 1069 303 1106 ficperfi’deamus(
359 1067 430 1094 Idem
446 1067 498 1094 Off.
513 1076 531 1099 1,
544 1070 574 1100 3¹2
604 1068 629 1094 Si
648 1067 813 1094 constitueris
827 1074 852 1094 te
865 1068 979 1102 cuipiam
992 1069 1071 1096 aduo-

39 1112 124 1132 catum
140 1106 166 1131 in
179 1113 232 1132 reni
246 1103 405 1138 praesentem
420 1103 468 1129 esse
482 1109 633 1135 venturum,
652 1109 730 1138 atque
745 1104 851 1130 interim
865 1110 1000 1132 aean-otare
1015 1114 1070 1139 gra-

38 1142 108 1168 viter
119 1141 187 1167 filius
201 1138 331 1173 coeperit,
348 1147 402 1164 non
420 1138 450 1164 sit
463 1145 552 1165 contra
567 1137 685 1165 officium
698 1148 752 1165 non
764 1139 849 1166 facere
871 1140 942 1174 quod
958 1139 1071 1167 dixeris:
1091 1151 1119 1177 ες

39 1177 172 1211 magisque
185 1175 230 1202 ille
245 1175 288 1200 cui
306 1174 459 1208 promissum
473 1173 519 1206 fit,
531 1174 563 1200 ab
576 1172 674 1200 Officio
693 1174 823 1207 discedat,
848 1175 865 1200 si
881 1176 905 1201 se
919 1175 1070 1202 destitutum

39 1218 170 1247 queratur.
205 1211 245 1237 Sic
257 1210 326 1236 Caes.
343 1210 369 1236 Β.
385 1210 416 1235 G.
430 1218 450 1242 1,
465 1218 510 1242 40.
581 1210 611 1235 In
630 1210 681 1236 alia
695 1210 792 1237 Omnia
811 1210 957 1242 discedere,
973 1212 1070 1238 Senato-

36 1251 102 1275 rium
120 1245 216 1273 verbum
230 1252 276 1280 pro
296 1244 439 1278 Diffiwitire.
466 1244 523 1271 Vici.
546 1245 586 1270 Ine
600 1245 627 1270 in
645 1246 695 1272 alia
709 1246 821 1278 Omnia,
837 1250 862 1271 ιἰι
880 1253 927 1277 EO,
943 1248 972 1272 is.
1029 1249 1071 1274 Sic

38 1283 94 1310 Cic.
109 1283 177 1309 Fam.
190 1283 216 1313 6,
233 1289 263 1313 14
296 1281 326 1306 In
341 1280 406 1306 hanc
420 1280 580 1314 Opinionem
599 1280 711 1313 discessi,
732 1287 760 1307 vt
772 1281 839 1307 inihi
852 1287 894 1307 tua
909 1282 974 1308 salus
990 1282 1070 1309 dubia

37 1327 91 1345 non
107 1317 172 1343 efl'et.
207 1315 307 1342 Sallust.
321 1317 378 1350 sug.
394 1325 415 1342 c.
432 1324 455 1348 13
469 1319 527 1341 init.
545 1316 575 1342 In
590 1315 652 1342 duas
672 1317 759 1343 Partes
778 1316 913 1343 discedunt
928 1318 1071 1350 Numidae,
1093 1331 1124 1354 30

36 1353 122 1389 plures
134 1350 308 1379 Adherbalem
324 1351 475 1385 sequuntur.
547 1352 628 1378 Plaut.
645 1352 713 1378 Asin.
731 1361 753 1384 3,
772 1361 830 1383 3,13
855 1353 898 1379 Nc
917 1353 964 1379 iste
983 1353 1070 1380 hercle

35 1389 69 1416 ab
85 1388 134 1414 ista
147 1388 200 1413 non
214 1386 305 1413 Pedem
326 1386 453 1418 discedat,
468 1386 486 1412 si
506 1386 609 1413 liceslit:
629 1394 657 1413 υι
668 1394 695 1422 p.
710 1397 732 1414 α.
754 1388 876 1422 Digitum
899 1395 922 1414 et
944 1398 998 1414 mox
1017 1390 1070 1415 Vn-

35 1432 120 1458 guem.
180 1423 236 1449 Cic.
251 1431 298 1456 pro
312 1422 401 1448 Deiot.
415 1431 447 1455 42
469 1422 556 1456 Negat
569 1431 686 1458 vnquam
700 1424 724 1449 se
736 1433 748 1448 a
762 1429 788 1450 te
802 1424 829 1449 iii
838 1424 959 1450 Deiotari
979 1429 1071 1450 tetrar-

34 1459 93 1485 chia
106 1456 200 1484 Pedem
214 1457 352 1483 discessisse.
422 1457 494 1484 Idem
509 1459 578 1484 Fam.
592 1467 618 1491 2,
632 1467 659 1491 19
683 1458 763 1492 Qod
784 1460 863 1485 etiam
881 1469 949 1485 nunc
964 1468 1069 1492 vereor,

31 1502 65 1520 ne
78 1500 217 1528 antequam
232 1499 261 1519 tu
275 1493 303 1519 in
317 1493 482 1528 prouinciam
495 1493 618 1526 venisses,
639 1503 688 1528 ego
703 1496 734 1520 de
749 1495 887 1521 Prouincia
899 1494 1070 1522 discederem.

31 1530 72 1557 sic
87 1529 118 1555 de
139 1528 253 1563 praediis
271 1537 320 1563 pro
337 1529 412 1555 Rosc.
425 1529 484 1555 Am.
499 1538 521 1555 c.
535 1537 576 1561 29.
612 1529 651 1555 De
669 1530 730 1556 foro
749 1529 778 1556 in
792 1531 866 1557 Verr.
880 1540 898 1563 4
916 1540 937 1556 c.
952 1533 991 1563 65.
1029 1531 1068 1557 De

32 1564 159 1592 sententia
174 1563 230 1590 Cic.
247 1563 279 1590 de
292 1564 341 1590 Fin
363 1574 382 1598 4
401 1573 422 1590 c.
438 1572 474 1596 19.
512 1564 558 1590 Sed
569 1566 653 1591 melius
667 1564 807 1591 Decedere.
879 1566 935 1591 Cic.
950 1567 1002 1592 Att.
1016 1571 1039 1598 8,
1053 1569 1069 1593 6

32 1599 117 1628 Modo
141 1600 222 1626 etiam
240 1599 331 1625 audiui
351 1602 513 1632 Qiartanam
536 1608 551 1625 a
574 1604 599 1626 te
619 1600 757 1627 disceffisse.
830 1601 852 1627 A
873 1601 910 1626 Re
930 1601 1070 1631 discedere,

31 1639 51 1662 i.
71 1634 179 1671 Digredi
200 1635 256 1661 Cic.
277 1635 303 1660 in
324 1635 399 1661 Orat.
421 1637 461 1667 65.
503 1633 561 1660 Vid.
582 1636 688 1661 Gronau.
706 1636 739 1661 ad
751 1635 811 1661 Liu.
831 1643 923 1669 27,10.
996 1637 1069 1661 Caes.

386 961 451 987 Plin.
467 970 499 995 11,
515 970 541 993 23
574 963 604 988 In
618 968 717 988 tantum
730 970 742 987 a
756 961 838 988 lorica
853 961 965 996 gerenda
980 962 1070 989 disces⁷
1087 973 1122 992 20

1514 183 1515 186 Ἴ
1531 203 1568 243 D
1670 205 1685 244 I
1781 206 1805 244 S
2105 222 2172 261 194

1138 294 1169 319 Et
1186 292 1252 320 Phil.
1267 294 1284 319 6
1303 301 1324 318 c.
1343 301 1353 318 1
1396 293 1512 327 Vtraque
1532 292 1594 319 haee
1615 292 1741 319 sententia
1761 292 1792 318 sic
1813 302 1858 326 pei·
1879 295 1996 322 triduum
2015 297 2115 329 valuit,
2142 304 2169 324 vt

1137 337 1295 362 quamquam
1311 326 1423 353 discessio
1438 328 1505 355 facta
1518 337 1570 355 non
1586 328 1660 360 esset,
1678 335 1764 354 tamen
1779 335 1879 362 practer
1893 340 1987 363 paucos
2000 342 2090 358 onmes
2104 332 2169 359 inihi

1138 364 1259 390 assensuri
1271 363 1433 389 viderentur.
1489 365 1518 390 Et
1531 363 1596 391 Phil.
1610 368 1623 393 8
1637 373 1658 389 c.
1674 372 1683 390 1
1704 363 1768 389 Tua
1782 364 1901 390 voluntas
1915 366 1941 391 iu
1954 367 2103 394 discessione
2117 369 2171 396 fuit

1137 398 1169 424 ad
1184 399 1318 425 lenitatem
1338 398 1498 433 propensior.
1569 400 1663 426 Facere
1684 398 1877 432 discessionem,
1895 400 1987 427 dicitur
2004 406 2026 428 is
2041 403 2170 440 magistra-

1137 440 1176 459 tus
1186 454 1193 465 ‚
1214 437 1256 469 qui
1271 433 1299 460 de
1313 442 1346 464 co,
1361 432 1425 468 quod
1439 435 1524 459 retulit
1531 434 1563 460 ad
1575 435 1758 466 Senatumffam
1771 437 1796 459 in
1806 435 1944 469 fintentiat
1957 440 1990 462 iri
2004 439 2076 464 nibet.
2113 441 2168 466 Cic.

1138 469 1209 495 Fam.
1225 479 1244 501 1,
1258 478 1274 496 2
1299 468 1436 495 Intendere
1453 469 1538 502 coepit
1557 475 1616 495 ante
1630 470 1655 496 se
1669 475 1790 504 oportere
1806 469 1979 496 discessionem
1993 473 2077 500 facere
2092 485 2168 510 quam

1138 505 1302 531 Consulares.
1338 503 1411 538 Cous.
1434 502 1470 529 ld.
1492 505 1543 530 Att.
1559 514 1594 536 12,
1608 514 1644 531 21.
1714 504 1835 531 Discessit)
1849 505 1917 531 fasta
1943 507 1970 531 in
1993 508 2048 534 cius
2071 511 2169 536 senten.

1138 540 1200 565 tiam
1219 541 1275 566 Cic.
1291 547 1339 574 pro
1354 539 1448 565 Milon.
1464 548 1501 572 14.
1536 539 1607 565 Idem
1623 542 1696 566 Verr.
1710 549 1737 573 4,
1753 549 1794 573 145
1821 541 1854 566 At
1868 550 1932 567 vcro
1951 551 2031 576 quum
2051 544 2100 570 iam
2113 555 2168 572 non

1138 575 1221 601 solum
1235 574 1349 601 discessio
1362 573 1430 600 fassa
1444 574 1518 602 csl'et,
1537 575 1578 601 scd
1593 576 1672 602 etiam
1685 576 1865 610 perscriptum,
1885 583 1962 611 atque
1977 577 2004 603 in
2018 578 2116 606 tabulas
2130 591 2169 608 re-

1139 611 1238 643 latum,
1256 611 1363 636 Praetor
1381 609 1536 644 appellatur.

1174 652 1232 672 Dis
1242 652 1303 672 cEs
1313 651 1356 671 sv
1366 652 1395 676 s,
1415 644 1452 670 sis.
1478 653 1513 671 m.
1550 643 1746 680 [οἰποχώρησις]
1781 646 1882 672 Αὐίνω.
1919 646 1975 673 Cic.
2005 648 2074 674 Fam.
2102 658 2126 681 1,
2152 659 2169 683 9

1138 683 1173 708 Vt
1186 689 1268 715 nuper
1281 686 1354 706 tuum
1368 679 1423 714 post
1437 679 1586 711 discessum,
1601 687 1646 705 etc.
1710 681 1841 708 Aduentus
1854 687 1879 708 et
1891 682 2028 715 Dit'cessins,
2042 689 2172 711 contraria

1139 717 1203 743 Plin,
1216 724 1256 748 25,
1269 721 1291 746 8.
1327 714 1382 741 Cic.
1396 716 1448 740 Att.
1461 723 1494 746 12,
1509 723 1543 748 49
1568 716 1601 741 Vt
1614 724 1654 741 me
1669 715 1768 742 leuaret
1780 723 1838 743 tuus
1850 716 1992 750 aduentus,
2007 719 2038 745 tic
2052 719 2170 746 discessus

1140 752 1241 778 afflixit.
1315 752 1363 777 Pro
1381 750 1505 786 absonia,
1524 759 1582 785 quae
1602 749 1724 786 disceffiaem
1741 752 1870 788 sequitur,
1896 753 1951 779 Cic.
1974 754 2005 779 de
2024 755 2122 781 Sene&
2142 761 2171 788 85

1139 787 1186 814 Sed
1201 795 1242 812 me
1255 785 1308 820 ipse
1322 785 1490 816 consolabar,
1507 785 1656 812 existimans
1669 795 1721 812 non
1737 788 1909 822 longinquum
1929 789 1998 815 inter
2010 799 2057 816 nos
2075 791 2172 825 digres-

1139 824 1195 849 sum
1210 828 1235 848 et
1248 820 1381 846 discessum
1395 821 1462 847 fore.
1519 823 1559 847 §ic
1572 822 1641 847 Fam.
1653 828 1680 855 7,
1696 830 1723 846 ιο
1755 823 1825 849 Scire
1846 824 1916 850 enim
1930 825 2007 858 cupio
2028 840 2071 845 —
2092 835 2172 861 quam

1140 859 1248 892 longum
1273 862 1348 882 tuum
1370 856 1447 883 istum
1463 855 1595 882 discessum
1617 865 1631 882 a
1654 856 1731 882 nobis
1755 858 1875 885 futurum
1897 865 1980 893 putes.
2034 862 2065 887 Et
2084 870 2115 894 11,
2137 870 2172 897 27

1139 894 1219 920 Tuus
1232 891 1327 918 deinde
1341 890 1477 923 discessus,
1493 893 1566 926 isque
1585 891 1732 918 diuturnus.
1788 894 1818 918 Et
1835 903 1883 927 pro
1900 896 1987 921 Domo
2004 904 2025 923 c.
2040 905 2068 928 32
2105 898 2172 930 Qiis

1138 936 1260 955 meorum
1279 927 1426 953 amicorum
1445 927 1625 954 testamentum
1645 925 1750 952 discessu
1765 935 1824 953 meo
1844 929 1921 961 fecit,
1938 933 1956 955 i.
1974 937 2020 965 per
2039 932 2173 967 absentiam

1138 973 1222 990 meam.
1253 963 1320 988 Hinc
1333 962 1432 988 videtur
1445 961 1509 989 resse
1523 965 1659 997 explicatus
1672 971 1687 987 a
1700 964 1765 988 viris
1779 961 1859 988 doc‘sts
1873 966 1939 990 locus
1954 967 2009 992 Cic.
2022 968 2074 993 Att.
2092 976 2125 1000 12,
2136 977 2173 1000 40

1139 1000 1165 1026 Si
1180 999 1238 1033 quis
1255 997 1385 1032 requirit,
1403 1006 1449 1024 cur
1469 999 1568 1024 Romae
1590 1005 1644 1023 non
1663 996 1726 1022 sim?
1752 997 1814 1031 quia
1829 998 1946 1024 discessus
1966 1001 1999 1026 est
2011 1022 2018 1032 ,
2040 1006 2057 1028 ι’.
2079 1010 2173 1038 tempus

1140 1034 1216 1066 illud,
1231 1042 1275 1069 quo
1289 1032 1410 1068 discedere
1424 1040 1447 1059 et
1459 1032 1533 1066 aheffe
1547 1033 1604 1058 licet
1616 1032 1781 1067 finatoribur.
1854 1034 1944 1059 Animi
1959 1035 2076 1062 discessus
2091 1047 2104 1064 a
2118 1047 2175 1064 cor-

1141 1079 1206 1105 pore
1219 1069 1276 1095 Cic.
1284 1069 1365 1095 Tusc.
1382 1077 1402 1101 i,
1416 1074 1450 1098 18.
1503 1067 1627 1094 Discessus
1641 1066 1672 1093 de
1683 1067 1766 1102 patria
1781 1067 1852 1095 Idem
1861 1068 1917 1094 Post
1929 1070 1983 1095 red.
1999 1071 2026 1096 in
2035 1073 2090 1098 Sen.
2106 1082 2126 1098 c.
2136 1082 2173 1100 10.

1141 1105 1214 1132 Caeli
1232 1104 1367 1135 discessus,
1385 1106 1402 1129 i.
1422 1102 1538 1139 Chasma,
1558 1103 1644 1129 hicitus
1665 1109 1688 1129 et
1700 1102 1786 1138 subita
1804 1105 1871 1129 velut
1885 1104 2016 1139 disruptio.
2069 1108 2124 1134 Cic,
2142 1109 2174 1135 de

1141 1141 1233 1167 Diuin.
1248 1148 1270 1172 2,
1284 1142 1317 1165 60
1332 1148 1354 1165 c.
1372 1143 1398 1168 28
1435 1140 1473 1166 Ita
1485 1144 1511 1165 te
1525 1147 1572 1164 nec
1586 1143 1671 1165 terrae
1685 1138 1820 1169 fremitus,
1839 1148 1886 1165 nec
1900 1140 1965 1165 caeli
1978 1140 2110 1174 discessus,
2126 1152 2173 1169 nec

1140 1175 1256 1210 lapideus
1276 1180 1321 1201 aut
1338 1174 1494 1208 sanguineus
1513 1173 1615 1205 imber,
1633 1181 1680 1199 nec
1693 1173 1816 1199 traiectio
1835 1174 1937 1207 stellae,
1957 1184 2003 1201 nec
2022 1177 2091 1203 faces
2104 1179 2175 1204 visae

1139 1211 1285 1239 terrebunt.
1335 1210 1402 1236 Solis
1416 1210 1522 1235 accessus
1536 1215 1561 1235 et
1575 1208 1692 1236 discessus
1704 1208 1759 1235 Cic.
1775 1208 1806 1235 de
1821 1209 1856 1236 N.
1870 1210 1901 1236 D.
1917 1218 1942 1243 2,
1957 1219 1984 1244 19
1997 1220 2018 1237 c.
2034 1220 2058 1246 7.
2102 1213 2175 1239 Idem

1140 1249 1193 1274 Att.
1209 1255 1234 1279 9,
1249 1254 1274 1272 12
1315 1245 1369 1279 Ego
1387 1253 1451 1271 vero
1465 1245 1493 1270 in
1512 1244 1656 1279 praesentia
1669 1243 1782 1270 subitum
1796 1244 1945 1278 discessum,
1965 1253 1991 1272 et
2004 1249 2176 1282 praecipitem

1140 1281 1352 1317 profectionem,
1372 1285 1427 1306 tum
1442 1280 1508 1311 tibi,
1528 1286 1583 1307 tum
1605 1279 1651 1313 ipsi
1668 1280 1716 1306 Cn.
1730 1280 1852 1307 inutilem
1872 1286 1897 1307 et
1911 1282 2083 1315 periculosam
2103 1290 2175 1318 puto.

1142 1320 1172 1344 Et
1184 1318 1266 1344 Tusc.
1283 1325 1301 1346 1,
1314 1321 1340 1348 83
1366 1314 1435 1342 1111ιά
1448 1316 1534 1349 angit,
1547 1315 1589 1342 vel
1608 1315 1696 1349 potius
1709 1315 1855 1348 excruciat,
1875 1316 1992 1344 discessus
2007 1318 2039 1344 ab
2051 1320 2177 1346 omnibus

1604 1351 1729 1377 Discessus
1743 1350 1775 1376 ab
1789 1352 1853 1377 vrbe
1865 1353 1921 1379 Cic.
1935 1353 1967 1379 ad
1982 1356 2034 1380 Att.
2048 1360 2070 1386 8,
2085 1364 2105 1387 3,
2152 1356 2176 1381 A

1585 1386 1712 1412 Discesliis
1729 1386 1854 1419 latronis,
1875 1388 1917 1414 vel
1935 1389 2023 1422 potius
2041 1390 2177 1424 desperata

1556 1421 1611 1448 Cic.
1625 1420 1656 1447 de
1670 1421 1761 1448 Diuin.
1777 1431 1793 1452 i,
1807 1429 1843 1456 47
1861 1432 1882 1448 c.
1896 1431 1925 1455 23
1968 1425 1992 1450 O
2011 1427 2176 1459 praeclarum

1590 1457 1662 1483 Idem
1676 1456 1709 1483 de
1717 1458 1774 1484 Fin.
1789 1465 1811 1488 5,
1825 1466 1854 1489 32
1872 1459 2023 1491 Quietiarn,
2036 1470 2117 1495 quum
2132 1461 2175 1487 de-

1142 1353 1273 1387 his‚qnae
1287 1353 1344 1378 sunt
1357 1351 1426 1377 bona
1441 1351 1469 1376 in
1484 1351 1547 1377 vita.

1141 1389 1193 1416 suis
1214 1388 1285 1414 Idem
1303 1386 1335 1413 de
1348 1387 1405 1413 Fin.
1420 1394 1433 1419 5
1448 1395 1468 1412 c.
1483 1395 1514 1413 11.

1141 1425 1204 1458 fuga
1223 1424 1260 1450 Id.
1276 1422 1387 1457 Philipp.
1409 1430 1431 1454 5,
1445 1430 1483 1454 3ο.

1141 1460 1274 1486 discessum
1291 1458 1413 1493 (inquit)
1429 1466 1442 1483 e
1455 1457 1519 1483 vita.

1090 1503 1118 1528 35
1139 1495 1252 1522 creuerit
1267 1494 1314 1520 esse
1327 1492 1511 1524 moriendum,
1532 1497 1619 1518 tamen
1634 1492 1739 1519 discessu
1752 1501 1767 1518 a
1782 1493 1848 1525 suiS,
1869 1500 1946 1528 atque
1960 1495 2013 1530 ipsa
2025 1497 2176 1532 relinquen.-

1138 1530 1170 1557 da
1187 1530 1243 1556 luce
1262 1534 1411 1556 moueatur.

1175 1573 1193 1593 D
1206 1573 1213 1591 1
1226 1573 1238 1592 s
1248 1572 1288 1592 GE
1298 1572 1311 1591 s
1321 1572 1333 1591 s
1343 1571 1384 1590 vs
1394 1583 1402 1594 ‚
1427 1571 1456 1593 a,
1477 1571 1529 1588 um.
1567 1562 1660 1588 Partic.
1705 1563 1757 1598 Qu
1782 1562 1900 1598 discfft,
1930 1563 2072 1599 deponenti,
2097 1566 2176 1593 modo,

1138 1601 1210 1628 Cael.
1223 1599 1289 1634 apud
1302 1599 1424 1625 Priscian.
1436 1606 1452 1630 9
1464 1606 1489 1631 p.
1503 1599 1552 1629 869
1566 1596 1724 1623 Custodibus
1738 1597 1844 1623 disceffis
1857 1598 1936 1624 multi
1948 1599 2152 1627 interficiuntur.

1176 1642 1193 1661 D
1204 1643 1212 1661 1
1221 1642 1233 1659 s
1243 1642 1259 1661 C
1269 1641 1284 1660 E
1293 1642 1306 1660 s
1315 1641 1328 1660 s
1337 1641 1358 1658 V
1367 1641 1386 1660 R
1396 1641 1415 1660 v
1424 1640 1436 1659 s
1446 1652 1454 1664 ,
1478 1641 1509 1664 a,
1536 1641 1588 1658 um.
1625 1632 1718 1658 Partic.
1754 1631 1950 1666 [α’ποχωρήσων]
1992 1634 2058 1661 Plin.
2079 1645 2123 1668 20,
2142 1644 2177 1669 24

33 1671 61 1698 Β.
75 1671 105 1697 C.
120 1679 140 1702 1,
153 1679 170 1696 2
207 1668 347 1697 Marcellus
370 1671 525 1704 perterritus
540 1671 685 1701 conuiciis,
703 1679 717 1696 a
735 1671 779 1696 sua
797 1671 928 1696 Sententia
952 1670 1117 1702 discessit.>40
1138 1671 1186 1697 Sed
1206 1670 1337 1696 discessuri
1356 1669 1389 1694 ab
1407 1666 1586 1697 hortensibus,
1600 1673 1647 1692 etc.
1667 1667 1692 1693 b.
1704 1676 1723 1692 e.
1742 1668 1890 1701 Priusquam
1908 1667 2058 1703 discedamus
2072 1671 2101 1696 ab
2119 1671 2177 1697 hor—

33 1706 89 1732 Cic.
104 1705 136 1731 de
151 1705 208 1731 Fin.
220 1714 248 1738 4,
262 1714 293 1738 52.
320 1706 387 1738 Qiis
401 1705 473 1731 enim
487 1704 569 1738 potest
589 1705 654 1737 istis,
669 1714 735 1740 quae
749 1711 789 1737 te,
808 1711 836 1731 vt
856 1706 909 1737 ais,
930 1705 1069 1737 delectant,

32 1739 160 1767 breuibus
175 1746 199 1765 et
213 1741 294 1765 acutis
307 1741 420 1772 auditis,
440 1740 471 1766 de
485 1740 617 1766 Sententia
636 1740 785 1766 discedere?
821 1742 854 1766 Le
872 1744 924 1765 itur
937 1743 963 1765 in
977 1739 1069 1771 vetusto

33 1777 179 1810 exemplari,
198 1775 341 1801 Decedere.
412 1776 436 1801 A
462 1775 520 1801 Sese
544 1774 675 1800 discedere
706 1775 762 1800 Cic.
784 1773 816 1799 de
830 1775 851 1799 C
864 1783 899 1799 ar.
913 1774 986 1798 Orat.
1007 1781 1067 1806 272.

31 1810 114 1842 Signis
127 1808 258 1835 discedere
271 1809 341 1834 haud
354 1810 457 1835 licitum
470 1809 514 1833 Sil.
528 1816 554 1840 7,
589 1827 596 1833 .
633 1827 639 1833 .
675 1811 692 1832 i.
712 1817 728 1833 a
737 1808 828 1841 signis.
899 1808 1068 1840 Superiorem

1135 1704 1235 1739 tensium
1253 1705 1381 1731 herbarum
1398 1699 1557 1732 trafsatione.

1173 1746 1191 1765 D
1201 1748 1209 1765 1
1218 1747 1230 1766 S
1242 1745 1258 1765 C
1270 1746 1285 1765 E
1295 1746 1309 1764 P
1319 1746 1339 1765 T
1352 1744 1372 1765 O
1381 1758 1389 1770 ,
1414 1742 1465 1763 Ere.
1500 1733 1680 1770 [thoenpt'rolum,
1694 1733 1875 1769 οἷμφισέῗητέω]
1915 1737 2066 1772 Disputare,
2081 1746 2178 1766 conten-

1137 1774 1200 1799 dere.
1239 1772 1278 1805 Est
1296 1773 1364 1807 quasi
1383 1777 1409 1798 in
1428 1771 1539 1806 dluerfizs
1554 1777 1643 1805 partes
1660 1777 1772 1805 captare,
1793 1770 1950 1805 diuerfimode
1961 1778 2069 1809 accipere
2083 1782 2105 1801 et
2124 1783 2177 1803 tra.

1137 1808 1192 1833 here
1206 1809 1302 1842 aliquid
1309 1818 1316 1832 .·
1338 1807 1476 1842 diciturque
1490 1812 1542 1831 tum
1555 1805 1583 1831 de
1591 1805 1708 1840 partibus
1719 1807 1893 1842 litigantibus,
1905 1811 1948 1843 qui
1959 1812 1985 1834 in
1998 1810 2095 1845 diuersa
2110 1810 2178 1845 quassi

29 1843 176 1873 discedere,
186 1850 234 1877 pro
254 1845 365 1868 Vincere.
399 1842 454 1867 Cic.
463 1842 546 1867 Tusc.
559 1849 585 1872 2,
600 1849 632 1873 54
652 1841 706 1873 Qii
720 1847 808 1866 autem
822 1841 975 1867 restiterunt
988 1841 1070 1867 disce·
1085 1849 1118 1875 45
1137 1843 1255 1871 trahunt,
1268 1848 1318 1867 tum
1331 1842 1359 1867 de
1372 1842 1500 1868 iudicibus.
1536 1841 1593 1867 Cic.
1608 1840 1685 1866 Acad.
1700 1849 1719 1873 1,
1732 1849 1763 1873 32
1798 1842 1851 1868 Has
1869 1843 1901 1869 ad
1916 1845 2020 1876 omnia,
2034 1845 2066 1870 de
2079 1845 2176 1879 quibus

29 1877 94 1904 dunt
111 1876 250 1911 saepissime
270 1877 427 1909 superiores.
482 1876 538 1907 sic,
561 1876 618 1901 Cic.
634 1884 682 1909 pro
697 1876 790 1908 Quint.
805 1884 835 1908 59
867 1877 900 1902 At
914 1876 932 1902 si
951 1877 978 1902 in
993 1877 1066 1903 caiisa

29 1914 86 1948 pari
98 1912 231 1941 discedere
243 1911 358 1937 inferior
371 1911 514 1937 videretur.
538 1910 562 1937 h.
578 1920 597 1937 ε’.
620 1912 752 1946 Superatus
765 1911 899 1938 videretur.
973 1913 994 1938 A
1004 1912 1067 1938 Vita

31 1947 163 1976 discedere
182 1947 238 1974 Cic.
251 1947 333 1973 Tusc.
350 1955 368 1978 1,
383 1951 415 1979 84
428 1955 450 1972 c.
462 1955 504 1979 34.
577 1946 649 1972 Idem
664 1946 695 1972 de
706 1946 806 1972 Seneet.
823 1951 856 1979 84
887 1948 925 1972 Ita
946 1947 1018 1979 vixi,
1039 1953 1067 1973 vt

28 1993 84 2011 non
98 1983 192 2011 frustra
206 1991 248 2008 me
267 1987 356 2008 natum
375 1981 537 2008 existimem:
551 1986 576 2007 et
590 1990 621 2007 ex
634 1982 696 2007 Vita
708 1981 822 2013 discedo,
835 1988 960 2016 tanquam
974 1991 1005 2008 ex
1021 1982 1068 2008 lio-

30 2020 127 2055 spitio,
145 2027 200 2044 non
211 2023 333 2051 tanquam
353 2026 367 2043 e
382 2017 471 2043 domo.
496 2016 569 2051 Conf.
581 2018 682 2043 Mamer.
695 2017 729 2043 ad
741 2018 797 2044 Cic.
812 2018 883 2043 Fam.
897 2027 921 2049 z,
936 2026 959 2043 2.

30 2064 110 2090 gueni
125 2053 301 2081 transuersum
321 2061 375 2078 non
388 2057 495 2086 oportet
513 2052 644 2078 discedere
656 2061 671 2078 a
683 2052 754 2078 reeta
771 2053 927 2079 conscientia
943 2053 997 2079 Cic.
1013 2054 1066 2079 Att.

30 2099 65 2124 13,
79 2099 112 2117 20
132 2096 160 2116 vt
173 2089 310 2123 Digitum,
325 2087 427 2113 Pedem.
498 2087 610 2113 Modest.
630 2087 661 2113 de
675 2088 818 2114 Vsufrudiu
832 2088 849 2114 l.
865 2088 963 2121 Titio,
984 2088 1067 2114 Titio

30 2135 113 2162 quum
125 2124 270 2156 morietur,
286 2123 458 2149 Vsusfruetus
476 2122 609 2149 inutiliter
628 2123 708 2157 legari
723 2123 898 2157 intelligitur,
912 2124 939 2149 in
957 2123 984 2149 id
1003 2128 1068 2150 tem-

31 2170 78 2196 pus
89 2160 214 2187 videlicet
224 2158 348 2191 collatus,
362 2166 417 2193 quo
429 2165 444 2183 a
458 2158 568 2192 persona
586 2157 717 2184 discedere
731 2159 841 2193 incipit,
862 2162 881 2184 ι’.
900 2159 966 2185 nihil
977 2158 1010 2184 ad
1021 2168 1069 2185 mo-

30 2200 133 2224 rientem
143 2197 254 2230 pertinet
266 2194 323 2230 usus
335 2193 452 2229 frus-tus.

31 2231 104 2266 quod
123 2231 194 2258 inter
212 2229 414 2265 postulationem
432 2233 458 2255 et
473 2229 590 2255 nominis
610 2229 787 2263 delationem,
806 2231 880 2255 onr
897 2238 910 2255 a
929 2229 1068 2256 Dolabella

31 2266 146 2293 discessit.
163 2265 285 2301 subaudi,
314 2265 363 2291 Per
388 2263 544 2291 diuortium.
740 2262 761 2303 q
782 2274 794 2297 3
839 2267 965 2292 Formulae
988 2266 1068 2294 aliae,-

30 2304 121 2336 Qium
140 2299 234 2327 discessi
252 2310 267 2327 a
278 2306 320 2332 te,
335 2308 415 2327 nemo
435 2298 505 2326 mihi
523 2299 573 2326 illo
592 2300 694 2326 carior:
713 2303 731 2326 i.
758 2302 794 2327 Te
808 2307 919 2336 excepto,
929 2307 1031 2336 praeter
1044 2307 1068 2327 te

31 2347 117 2370 vnum,
131 2337 172 2363 illo
192 2335 247 2362 Cic.
257 2336 328 2362 Fam.
343 2344 363 2368 1,
377 2344 402 2369 9.
439 2334 512 2362 Idem
527 2336 580 2362 Att.
595 2344 615 2368 1,
628 2343 657 2370 17
683 2336 789 2363 Amoris
803 2345 869 2363 vero
883 2345 944 2370 erga
958 2342 984 2362 te
1003 2336 1068 2368 mei,

29 2382 112 2408 quun-i
130 2381 145 2398 a
162 2371 280 2398 fraterno
300 2380 406 2402 amore,
424 2370 621 2406 domesticoque
639 2371 752 2404 discessi,
776 2371 826 2398 tibi
847 2372 944 2406 primas
964 2372 1066 2398 desere.
1085 2378 1120 2402 60

29 2408 96 2436 Add.
115 2408 153 2435 Id.
167 2408 238 2434 Fam.
252 2409 278 2439 6,
293 2415 328 2433 η.

29 2444 86 2470 vin.
100 2453 121 2476 1,
134 2451 168 2477 97
196 2443 361 2476 Exponitque
382 2442 462 2468 initio
480 2442 544 2468 belli
558 2442 662 2469 Marsici
676 2448 701 2468 et
713 2442 825 2469 deorum
846 2443 981 2469 simulacra
994 2442 1067 2469 suda-

28 2479 109 2512 visse,
126 2483 152 2504 et
170 2478 321 2512 sanguinem
341 2477 457 2510 fluxisse,
476 2482 502 2503 et
520 2477 650 2503 discessisse
663 2478 788 2510 Caelum,
807 2484 833 2504 et
847 2487 879 2504 ex
899 2477 949 2504 hoc
962 2478 1067 2504 occulto

30 2513 131 2540 auditas
146 2513 193 2539 esse
206 2521 292 2538 voces.
363 2512 436 2546 Virg.
453 2513 517 2538 Aen.
533 2521 559 2544 9,
576 2521 611 2538 20
632 2513 751 2540 Medium
766 2513 845 2540 video
858 2513 990 2540 discedere
1012 2522 1066 2540 cae-

401 2406 555 2439 Discedere,
575 2407 680 2439 Diuidi,
695 2408 778 2438 hiare,
790 2410 885 2442 aperiri
905 2408 960 2433 Cic.
976 2406 1008 2433 de
1021 2407 1067 2433 Di-

27 2549 96 2575 ι111111.
132 2547 253 2580 Seruius,
272 2547 382 2574 Chasma
401 2547 465 2574 dicit
484 2547 600 2580 factum,
621 2551 638 2574 i.
660 2548 772 2575 subitam
791 2550 859 2575 acris
880 2549 1066 2582 discessionem,
1087 2551 1118 2582 65

30 2589 57 2610 et
71 2583 198 2619 quendam
218 2583 342 2610 recessum
359 2590 405 2609 etc.
476 2584 532 2610 Cic.
545 2583 598 2610 Off.
614 2592 635 2616 3,
648 2589 675 2616 38
692 2594 713 2610 c.
730 2593 747 2617 9
781 2585 850 2611 Hinc
869 2585 915 2610 ille
929 2586 1013 2619 Gyges
1027 2585 1066 2610 in-

31 2619 135 2646 ducitur
146 2628 161 2645 a
175 2619 294 2650 Platone,
316 2619 362 2653 qui
381 2627 462 2653 quum
481 2623 551 2645 terra
569 2619 709 2645 discessisset
723 2621 823 2653 magnis
843 2620 1002 2655 quibusdam
1016 2620 1064 2646 im-

29 2654 139 2685 bribus,
156 2654 184 2680 in
196 2654 271 2680 illuni
284 2654 386 2679 hiatum
402 2653 541 2680 descendit.
598 2655 702 2680 Sisenna
721 2655 788 2681 Hist.
804 2664 822 2687 4
860 2656 961 2681 Armati
977 2655 1067 2680 dextra

31 2689 121 2722 ducii,
139 2689 221 2723 tnagis
241 2697 274 2714 ue
287 2689 315 2714 in
329 2688 496 2713 latitudinem
508 2688 651 2714 discedunt.
671 2690 776 2715 Nonius
790 2698 814 2721 2,
829 2697 885 2721 232.
940 2690 996 2715 Cic.
1012 2690 1065 2714 Att.

30 2734 56 2757 2,
71 2728 98 2751 16
111 2731 177 2750 extr.
199 2725 236 2750 Ve
249 2724 285 2749 im
299 2722 315 2748 si
332 2722 377 2757 qui
392 2722 485 2748 Graeci
498 2722 550 2748 iam
565 2723 674 2748 Romam
696 2732 727 2749 ex
738 2724 796 2749 Asia
815 2723 847 2749 de
861 2732 890 2750 ea
903 2724 976 2750 causa
988 2732 1065 2749 vene·
1083 2733 1117 2761 70

29 2766 107 2791 runt,
128 2759 227 2791 videas,
237 2765 262 2785 et
274 2758 308 2784 iis
319 2757 488 2789 demonstres,
502 2757 566 2791 quid
579 2766 628 2791 ego
642 2758 673 2784 de
687 2767 716 2784 ea
728 2768 756 2785 re
768 2759 886 2785 sentiam.
924 2759 950 2785 Si
965 2760 1065 2793 possum

28 2794 176 2826 discedere,
197 2803 230 2820 ne
250 2794 323 2820 causa
343 2793 443 2827 optima
464 2792 492 2818 in
506 2793 599 2818 Senatu
614 2799 715 2826 pereat,
736 2803 784 2828 ego
805 2795 959 2820 satisfaciam
979 2794 1065 2828 publi-

29 2830 114 2862 canis,
138 2832 157 2856 i.
170 2828 196 2862 fi
209 2828 302 2864 poffimi
313 2828 353 2862 fic
370 2826 492 2868 defingi,
505 2827 530 2860 fi
545 2826 638 2862 poffitm
656 2829 783 2889 configas,
794 2829 820 2862 fi
835 2830 899 2855 hunc
917 2833 1008 2854 exitum
1025 2838 1066 2855 res

27 2866 114 2894 babere
122 2862 216 2900 potest,
232 2873 261 2889 ne
275 2865 364 2890 Graeci
376 2865 449 2898 causa
461 2863 559 2890 cadam.
597 2862 664 2889 Idem
679 2873 721 2890 ver
738 2874 776 2889 um
795 2871 818 2890 et
831 2864 977 2890 Terentius
996 2864 1066 2899 tfitr-

22 2905 97 2940 pauit
116 2900 193 2928 eadem
204 2899 295 2935 sfnfi‘·'
310 2899 377 2933 apud
392 2908 459 2933 quem
481 2901 518 2924 ita
531 2899 638 2933 loquitur
655 2900 716 2925 Geta
729 2900 819 2935 ftruur
831 2902 857 2924 in
869 2899 1030 2926 Phormione
1044 2907 1066 2932 5,
1083 2912 1114 2939 75

30 2946 55 2969 2,
70 2942 83 2967 8
103 2935 185 2963 Modo
198 2940 227 2961 vt
240 2934 290 2961 hoc
304 2933 413 2960 consilio
429 2933 502 2968 possit
521 2932 634 2965 discedi,
652 2942 680 2960 vt
701 2934 774 2961 istam
788 2935 871 2961 ducat.
907 2935 974 2961 Adci.
989 2935 1026 2961 ib.
1041 2944 1064 2967 5,

30 2978 54 3005 8,
67 2977 102 3005 58.
170 2970 338 3001 Discedatur,
354 2970 452 3005 imperf
473 2969 528 2995 Cic.
544 2969 575 2995 de
590 2969 682 3003 Legib.
700 2978 723 3003 3,
744 2976 768 3001 18
803 2969 852 2997 Sed
868 2971 919 2996 iam
941 2970 958 2996 si
972 2971 1065 3005 placet,

30 3008 61 3034 de
75 3006 220 3042 prouinciis
233 3005 394 3035 discedatur,
410 3005 438 3031 in
451 3004 596 3039 vrbemque
608 3005 738 3032 redeatur.
808 3006 867 3032 Liu.
880 3011 920 3038 28,
935 3014 967 3040 45
993 3007 1020 3032 Si
1036 3007 1064 3032 iii

31 3052 115 3070 meam
140 3042 293 3068 sententiam
314 3040 469 3067 discedatur.
542 3041 612 3066 Idem
632 3049 669 3072 3,Ἰ
690 3060 696 3067 .
733 3061 739 3066 .
775 3042 805 3067 Ιη
825 3040 889 3067 hanc
909 3042 1062 3068 sententiam

1016 2019 1069 2043 Vn·
1088 2027 1120 2053 50

522 2193 578 2220 Cic.
591 2194 662 2220 Fam.
677 2199 700 2226 8,
713 2197 729 2220 6
768 2194 834 2220 Illud
854 2193 921 2220 milii
943 2194 1070 2226 occurrit,
1090 2196 1118 2222 53

1138 1876 1345 1911 disceptabatur,
1359 1876 1529 1903 adhibebant.
1581 1876 1619 1902 De
1633 1885 1684 1910 qua
1696 1885 1725 1902 re
1739 1876 1894 1911 disceptatur
1907 1878 1973 1904 Geli.
1987 1887 2030 1911 20,
2045 1888 2081 1906 10.
2137 1882 2176 1908 De

1138 1912 1325 1938 controuersiis
1343 1911 1486 1946 disceptare
1505 1911 1585 1937 armis
1607 1912 1678 1938 Caes.
1694 1911 1720 1937 B.
1734 1912 1763 1937 C.
1783 1920 1806 1943 3,
1823 1920 1877 1946 107.
1935 1912 2007 1940 Idem
2021 1915 2048 1941 B.
2066 1916 2097 1942 G.
2111 1921 2134 1948 8,
2149 1923 2177 1949 55

1137 1947 1234 1981 Qioad
1253 1947 1301 1973 sibi
1319 1948 1373 1981 spes
1391 1948 1480 1981 aliqua
1499 1947 1711 1981 relinqueretur,
1738 1946 1796 1972 iure
1816 1948 1904 1981 potius
1923 1948 2083 1984 disceptandi
2096 1960 2176 1985 quam

1138 1983 1202 2008 belli
1225 1982 1341 2016 gerendi.
1413 1983 1470 2008 Cic.
1485 1982 1555 2007 Fam.
1569 1991 1597 2014 4,
1611 1989 1640 2014 14
1680 1980 1878 2016 Videbamque,
1892 1991 1990 2018 quanto
2011 1986 2128 2018 periculo
2144 1987 2176 2013 de

1137 2019 1196 2044 iure
1210 2017 1318 2052 publico
1331 2016 1519 2051 disceptaretur
1531 2017 1620 2042 armis.
1655 2015 1724 2042 Add.
1736 2017 1772 2042 ib.
1787 2018 1831 2051 Ep.
1846 2026 1872 2050 4.
1944 2019 1984 2045 Sic
2001 2020 2065 2046 Non
2081 2020 2114 2047 de
2128 2023 2177 2049 ali.

1137 2063 1190 2088 quo
1211 2053 1338 2085 crimine,
1366 2052 1408 2078 sed
1429 2051 1548 2086 periculo
1566 2052 1614 2077 suo
1632 2049 1664 2076 de
1682 2051 1789 2084 publico
1815 2052 1875 2078 iure
1899 2053 2023 2089 disceptat
2049 2057 2104 2083 Cic.
2125 2067 2175 2092 pro

1138 2090 1219 2115 Corn.
1234 2088 1315 2114 Balbo
1331 2090 1367 2121 64
1380 2096 1402 2113 c.
1412 2093 1450 2118 28.
1470 2087 1499 2112 de
1510 2095 1560 2112 reo.
1614 2085 1675 2112 Liu.
1690 2094 1732 2120 34,
1745 2089 1779 2112 62
1799 2088 1838 2113 De
1853 2096 1917 2122 agro
1930 2098 1988 2121 cum
2002 2092 2071 2125 regis
2083 2092 2176 2127 legatis

1137 2124 1275 2157 disceptari
1294 2129 1426 2156 coeptum.
1483 2121 1569 2160 *Idem
1584 2129 1622 2160 21¹,
1635 2127 1715 2156 19pr.
1746 2123 1818 2148 Haec
1836 2123 1934 2151 directa
1954 2127 2133 2160 percund'tatio
2146 2138 2177 2155 ac

1139 2158 1306 2191 denuntiatio
1322 2157 1402 2189 belli,
1420 2165 1502 2190 inagis
1515 2165 1529 2182 e
1543 2155 1671 2190 dignitate
1685 2157 1746 2191 Pop.
1757 2158 1833 2185 Rom.
1850 2159 1906 2185 visa
1920 2160 1971 2193 est,
1984 2170 2062 2196 quam
2086 2163 2118 2189 de
2137 2165 2177 2190 fe-

1139 2194 1231 2220 deruin
1244 2194 1303 2220 iure
1316 2192 1405 2219 verbis
1418 2192 1560 2225 disceptare
1574 2192 1688 2225 Sagunto
1701 2193 1793 2220 excisa.
1864 2195 1914 2221 Rei
1927 2193 1989 2223 suntv
1998 2206 2097 2231 omneS,
2111 2208 2175 2234 quo-

1138 2239 1197 2256 rum
1218 2229 1249 2255 de
1269 2237 1297 2255 re
1310 2228 1467 2262 disceptatur
1484 2228 1539 2253 Cic.
1552 2226 1584 2253 de
1598 2228 1672 2253 Orat.
1686 2236 1712 2260 2,
1728 2233 1776 2261 183.
1845 2230 1906 2257 Liu.
1920 2239 1962 2264 34,
1977 2239 2040 2259 extr.
2061 2235 2176 2269 Respon-

1136 2265 1195 2292 deri
1210 2264 1301 2299 legatis
1312 2264 1450 2298 vtriusque
1462 2263 1542 2297 partis
1558 2262 1672 2297 placuit,
1689 2263 1810 2291 missuros
1828 2266 1853 2291 se
1866 2266 1894 2292 in
1908 2267 2035 2301 Africam,
2048 2271 2095 2304 qui
2107 2271 2177 2297 inter

1138 2301 1266 2336 populum
1281 2299 1522 2333 Carthaginiensem
1536 2303 1562 2325 et
1575 2306 1664 2332 regem
1681 2298 1710 2324 iii
1723 2308 1752 2326 re
1764 2302 1895 2334 praesenti
1908 2301 2090 2338 disceptarent.
2123 2308 2176 2333 Hic

1137 2341 1219 2372 itaque
1236 2336 1330 2362 arbitri
1347 2334 1493 2370 discepmnt.
1534 2334 1576 2360 Sic
1595 2334 1623 2359 de
1641 2333 1721 2361 iudice
1740 2333 1888 2371 quaestionis
1906 2338 1974 2365 Iuste
1994 2340 2176 2376 sapienterque

1136 2372 1239 2406 aliquid
1252 2371 1392 2405 disceptare
1407 2370 1462 2396 Cic.
1478 2377 1527 2404 pro
1541 2368 1637 2396 Milon.
1650 2378 1680 2401 23
1703 2379 1724 2396 c.
1737 2380 1762 2404 9.
1831 2373 1924 2399 Contra
1942 2374 2015 2401 Idem
2028 2385 2077 2410 pro
2090 2377 2174 2404 Planc-

1137 2413 1169 2442 87
1200 2406 1247 2433 Sed
1267 2413 1322 2432 erat
1341 2414 1395 2431 non
1409 2405 1483 2435 iure,
1504 2404 1701 2444 *non-legibus,
1727 2415 1781 2433 non
1795 2406 1961 2443 disceptando
1980 2410 2173 2438 decertandum.

1137 2444 1167 2469 Et
1183 2443 1234 2468 Att.
1255 2447 1277 2472 8,
1298 2451 1327 2475 14
1359 2442 1413 2475 Ego
1433 2439 1645 2473 conditionibus,
1671 2442 1743 2475 quod
1762 2441 1831 2469 idem
1848 2450 1874 2469 te
1900 2444 2078 2472 intellexeram
2097 2448 2192 2478 velle„

1135 2477 1177 2504 illi
1192 2478 1270 2504 armis
1291 2476 1429 2511 disceptari
1449 2475 1608 2503 maluerunt.
1679 2477 1770 2511 Aequa
1789 2479 1941 2505 conditione
1952 2479 2094 2514 disceptare
2118 2482 2172 2510 Cic.

1135 2523 1184 2548 pro
1198 2513 1302 2540 Clucnt.
1314 2521 1351 2545 94
1365 2521 1385 2537 c.
1400 2520 1440 2544 34.
1511 2510 1585 2537 Idem
1600 2512 1677 2537 Verr.
1692 2520 1717 2545 2,
1731 2517 1759 2543 38
1771 2521 1792 2537 c·
1809 2521 1833 2544 15
1868 2514 2006 2540 Heraclius
2020 2524 2079 2542 cum
2092 2517 2173 2544 aduo-

1136 2550 1199 2575 catis
1213 2548 1278 2580 adit,
1299 2553 1323 2573 et
1337 2547 1457 2581 postulat,
1470 2551 1498 2572 vt
1511 2545 1559 2571 sibi
1573 2554 1631 2571 cum
1645 2546 1816 2578 Palaestritis,
1836 2546 1885 2574 hoc
1898 2548 1934 2575 est
1947 2558 2006 2576 cum
2018 2552 2116 2586 populo
2129 2553 2173 2585 Sy.

1134 2585 1260 2611 racusano
1273 2591 1359 2616 aequo
1372 2582 1429 2607 iure
1443 2581 1587 2613 disceptare
1602 2580 1687 2606 liceat.
1758 2582 1788 2608 In
1802 2591 1855 2608 vno
1870 2584 1971 2618 praelio
1986 2588 2073 2613 omnis
2087 2588 2172 2614 form.

1135 2629 1168 2646 na
1180 2617 1302 2652 Reipubl.
1320 2617 1445 2649 disceptat
1459 2615 1495 2640 Id.
1510 2616 1582 2640 Fam.
1600 2623 1638 2649 10,
1653 2623 1690 2641 10.
1743 2617 1800 2642 Cum
1814 2619 1942 2645 Genitiuo:
1970 2621 2132 2649 Callistratus
2144 2624 2173 2650 in

1135 2655 1152 2680 l.
1170 2653 1321 2687 capitalium
1333 2649 1527 2687 §.incendiarii
1541 2650 1574 2676 D.
1587 2649 1619 2676 de
1635 2650 1743 2684 poeni5‚
1765 2653 1800 2678 Vt
1814 2653 1862 2688 qui
1881 2654 1981 2682 iactura
1996 2657 2112 2684 adfectus
2126 2659 2173 2692 esi,

1135 2689 1224 2714 damni
1238 2688 1361 2721 disceptet
1370 2706 1377 2718 ,
1391 2685 1432 2712 vel
1445 2684 1549 2711 modice
1560 2685 1720 2712 vindicetur.
1898 2687 1919 2726 ff
1939 2699 1955 2717 2.
1993 2693 2091 2728 Obstru.
2114 2695 2171 2720 Dis.

1134 2722 1403 2785 rtsssrsszieznf
1411 2719 1892 2790 aaa:{ttazttz‘afsssmssssrg
1903 2726 2057 2789 &fests
2070 2731 2171 2790 erm

1952 2782 1957 2787 .
2004 2773 2020 2789 o
2054 2774 2096 2790 eio
2112 2786 2116 2790 .
2165 2785 2171 2791 .

1134 2795 1174 2821 Sic
1187 2793 1294 2819 iudicum
1304 2790 1457 2827 Periphrasts
1470 2790 1562 2817 Eidem
1577 2791 1662 2818 Partit.
1678 2801 1699 2818 c.
1713 2798 1726 2822 8
1758 2794 1905 2822 Contrariis
1917 2772 1996 2824 rebiis
2011 2799 2038 2825 in
2054 2773 2171 2828 aduersi-

1134 2830 1189 2855 rios
1203 2827 1374 2854 coniiciendis
1383 2847 1390 2858 ,
1410 2832 1435 2853 et
1448 2836 1508 2852 cuin
1520 2827 1563 2859 iis,
1577 2827 1623 2861 qui
1639 2827 1796 2862 disceptant,
1815 2830 1903 2865 aliqua
1916 2834 2113 2861 couiunc‘tionis
2127 2843 2170 2863 aut

1134 2865 1209 2890 causa
1223 2868 1266 2890 aut
1280 2864 1322 2898 spe
1337 2862 1511 2897 significanda.
1548 2863 1707 2897 Pomponius
1727 2863 1756 2889 in
1774 2864 1789 2890 l.
1811 2866 1853 2892 sed
1873 2867 1890 2893 si
1910 2871 2121 2903 compromissum
2137 2873 2169 2898 D.

1134 2900 1167 2926 de
1180 2899 1290 2933 receptis
1305 2898 1411 2925 arbitris
1421 2917 1427 2929 ‚
1447 2897 1495 2924 Sed
1508 2897 1525 2924 fi
1539 2899 1753 2932 compromissum
1772 2899 1824 2926 sine
1837 2900 1880 2928 die
1892 2905 2042 2931 confectum
2056 2906 2107 2933 est:
2127 2916 2170 2933 ne-

1134 2937 1195 2962 cesse
1217 2935 1252 2961 est
1272 2934 1374 2961 arbitro
1393 2933 1549 2960 omnimodo
1564 2934 1634 2960 diem
1652 2934 1778 2965 statuere,
1798 2937 1914 2971 partibus
1932 2942 2171 2968 consentientibus:

1133 2978 1158 2998 et
1172 2972 1209 2997 ita
1224 2970 1329 2997 demum
1348 2971 1448 2996 causam
1466 2969 1616 3003 disceptare.
1689 2971 1840 3005 Disceptare
1859 2977 2049 3003 controuersias
2068 2978 2170 3012 aliquo-

1133 3017 1206 3037 rum,
1225 3008 1368 3041 Componere
1387 3012 1410 3031 et
1429 3004 1566 3030 diiudicare
1588 3005 1643 3032 Cic.
1666 3005 1748 3032 Tusc.
1769 3016 1795 3040 4,
1809 3010 1825 3033 6
1843 3018 1864 3034 c.
1882 3018 1904 3041 3.
1961 3012 2008 3038 Sed
2026 3012 2091 3038 Plin.
2114 3022 2136 3045 ε,
2155 3022 2169 3045 3

1134 3043 1288 3069 Tarracone
1301 3041 1442 3075 disceptant
1455 3040 1546 3074 populi
1558 3041 1666 3067 XLIIII.
1719 3041 1791 3068 Idem
1805 3052 1828 3075 5,
1844 3053 1874 3076 ²9
1904 3045 2054 3081 Disceptant
2074 3050 2166 3074 eodem

32 3084 62 3105 vt
87 3077 275 3109 discederetur,
302 3076 419 3102 iuniores
446 3082 548 3110 patrm„
572 3075 735 3103 euim-ebant·
769 3077 825 3103 md.
854 3084 1064 3104 DtSCESSIO·
1085 3083 1116 3108 80
1134 3080 1196 3105 foro
1213 3077 1402 3104 Othronienses
1417 3096 1424 3108 ,
1446 3076 1624 3107 Halidienscs,
1645 3084 1690 3102 etc.
1713 3080 1731 3103 i.
1757 3086 1781 3104 eo
1802 3086 1919 3114 tanquam
1942 3085 1969 3106 in
1988 3090 2077 3118 sorum
2094 3088 2168 3118 Juum

31 3113 91 3140 Liu.
105 3122 136 3146 2,
170 3132 176 3139 .
214 3132 220 3139 .
256 3113 294 3139 Eo
313 3121 383 3138 anno
403 3112 514 3138 Hernici
534 3111 648 3138 deuicti:
673 3122 732 3138 cum
752 3113 852 3139 Volscis
874 3122 959 3147 aequo
978 3114 1064 3140 Marte

33 3148 164 3175 discessum
177 3148 222 3175 est.
275 3148 315 3174 Ab
327 3148 407 3174 armis
421 3148 554 3174 discessum
569 3148 640 3174 Caes.
654 3148 681 3174 B.
696 3148 726 3174 C.
742 3157 761 3181 i,
777 3150 816 3175 26.
873 3149 922 3174 His
935 3148 1063 3183 obganni-

35 3183 67 3209 tis
79 3182 240 3210 sermonibus
253 3182 384 3209 discessum
399 3183 435 3209 est
448 3183 526 3217 Apul.
538 3184 602 3210 Met.
615 3192 630 3210 2
646 3193 670 3218 p.
684 3192 734 3217 119.
753 3183 780 3210 de
790 3187 973 3219 permutatione
992 3185 1064 3211 huius

34 3219 100 3244 verbi
112 3229 163 3245 cum
176 3218 286 3251 decedo,
308 3218 360 3245 vid.
382 3225 519 3246 DECEDO.

73 3259 91 3279 D
102 3255 178 3281 1801}
189 3261 262 3281 DEN
272 3262 283 3281 s
296 3275 305 3287 ,
328 3255 404 3281 entis.
440 3254 532 3281 Partic.
568 3255 579 3285 [
592 3253 720 3290 οἷποχωρῶν
732 3257 743 3288 ]
785 3255 834 3286 Vt,
861 3254 955 3281 Hiems
985 3254 1065 3281 disce·
1078 3263 1109 3291 85
1133 3255 1328 3289 sententiaeque
1345 3254 1505 3281 moderator.

37 3287 100 3315 dens
112 3288 189 3315 Ouid.
205 3289 269 3316 Fast.
283 3298 307 3322 2,
324 3298 374 3322 152.
409 3290 478 3316 Add.
492 3290 560 3323 Nep.
574 3297 601 3324 7,
614 3295 636 3320 8,
648 3298 669 3323 5.

74 3329 280 3356 ΙηεῦΕςεῙο,
298 3326 365 3352 onis.
393 3325 412 3352 f.
450 3325 634 3360 [ἀποχώρησις]
668 3324 772 3358 Diuisio,
786 3324 922 3359 separatio.
958 3325 1063 3352 Terrae

37 3357 150 3398 discessio
161 3358 216 3385 Sall.
229 3361 283 3394 Ing.
296 3369 327 3394 41
344 3367 406 3387 extr.
461 3361 529 3394 Ter.
546 3360 627 3387 Andr.
640 3369 662 3393 3,
675 3369 697 3392 3,
712 3363 743 3392 36
767 3361 870 3394 Nempe
889 3360 1064 3387 incommodi-

36 3401 73 3421 tas
83 3394 202 3426 ,denique
213 3392 261 3420 huc
272 3397 356 3422 omnis
370 3396 451 3426 redit,
470 3397 498 3422 Si
509 3397 629 3428 eueniat,
642 3395 712 3430 quod
728 3397 764 3422 DI
784 3396 956 3430 prohibeant!
972 3397 1062 3423 disces-

35 3430 88 3461 sio,
107 3432 126 3454 i.
144 3428 279 3455 diuortium.
307 3439 312 3447 =

33 3468 61 3492 in
75 3466 163 3492 Senatu
171 3483 179 3495 ,
192 3471 260 3498 quum
273 3463 346 3492 distis
358 3466 459 3501 diuersis
470 3474 494 3493 et
506 3470 555 3493 iam
568 3467 703 3503 disputatis
714 3469 741 3492 in
760 3474 888 3502 utramque
894 3474 993 3502 partem
1005 3468 1063 3503 fin-

34 3503 137 3531 tentiis,
159 3501 182 3524 is
198 3496 361 3534 magistratus,
375 3505 417 3537 qui
425 3503 536 3530 Senatum
548 3507 676 3539 coegerat,
697 3504 784 3529 Patres
797 3503 952 3539 Conscriptos
967 3504 1063 3530 iubebat

29 3536 146 3573 surgere,
172 3540 196 3573 et
213 3536 246 3573 in⁴
259 3532 320 3573 hcl-nc
336 3543 376 3562 aut
395 3541 422 3563 in
441 3538 507 3564 illam
519 3538 668 3574 sententiam
688 3537 807 3572 transire,
825 3539 865 3564 his
885 3539 982 3569 verbis,
1006 3539 1062 3572 Qui

36 3572 99 3599 haec
111 3569 220 3609 sentitis,
240 3574 275 3594 ite
290 3570 321 3594 m'
331 3569 394 3598 hanc
405 3580 519 3606 partein:
538 3574 584 3608 qui
597 3574 648 3600 alia
661 3574 760 3604 omnia,
773 3575 801 3600 in
814 3574 887 3601 illam
900 3581 1001 3608 partem
1015 3575 1060 3606 ite,

36 3617 88 3643 qua
100 3605 224 3644 sentitis..
246 3604 357 3630 St’ruauit
368 3607 502 3641 formulam
521 3609 586 3635 Plin.
602 3609 680 3644 Epist.
696 3615 718 3641 8,
734 3618 771 3643 14,
787 3618 823 3641 19.

35 3653 61 3676 2,
75 3651 99 3669 ii
120 3643 198 3668 Erant
217 3648 244 3665 in
264 3645 373 3679 Vtraque
391 3642 512 3671 sententia
525 3645 618 3677 multi,
639 3645 742 3671 fortasse
760 3646 839 3671 etiam
860 3645 946 3679 plures
966 3646 994 3671 in
1014 3646 1060 3671 hac

33 3679 75 3706 vel
96 3676 222 3704 solutiore
239 3674 280 3700 vel
300 3675 430 3704 molliore.
447 3687 505 3705 nam
519 3680 626 3714 quidam
637 3689 669 3707 ex
682 3680 736 3710 illis
749 3690 865 3716 quoque,
879 3681 925 3715 qui
939 3682 1060 3707 Cornuto

34 3713 193 3742 videbantur
211 3710 295 3751 assensi
304 3730 311 3742 ,
330 3710 409 3751 hunc,
422 3713 467 3746 qui
479 3715 533 3748 post
549 3715 616 3750 ipsos
630 3717 777 3748 censuerat,
791 3716 979 3751 sequebantur:
1016 3716 1059 3742 sed

35 3758 118 3785 quum
132 3748 205 3788 fieret
219 3745 347 3778 disceinO,
365 3754 411 3780 qui
430 3747 651 3777 sellis'Consnlum
664 3751 812 3784 astiterant,
831 3753 858 3777 in
874 3752 987 3778 Cornuti
1005 3752 1060 3778 sen-

33 3785 143 3811 tentiam
159 3791 198 3809 ire
212 3787 362 3817 coeperunt.

36 3820 136 3853 agitur,
154 3827 207 3844 non
220 3817 255 3843 est
273 3816 344 3852 quod
358 3816 425 3843 mihi
443 3816 615 3847 discessionum
632 3832 707 3849 more
720 3823 883 3857 respondeas.
918 3824 988 3849 Haec
1002 3833 1059 3858 pars

36 3855 120 3881 maior
133 3855 179 3881 esse
193 3852 310 3885 videtur,
330 3852 390 3878 ideo
409 3852 480 3879 enirn
498 3853 572 3886 peior
591 3856 634 3882 est.
670 3858 735 3884 Non
754 3864 806 3885 tam
826 3857 892 3884 bene
910 3868 969 3885 cum
981 3859 1060 3885 rebus

36 3888 155 3916 humanis
172 3888 276 3924 agitur,
294 3894 323 3914 vt
341 3888 454 3914 meliora
474 3887 592 3922 pluribus
612 3891 733 3923 placeant.
769 3893 816 3920 Sed
836 3894 913 3929 ipsimi
931 3894 1069 3922 audiamus.

35 3925 178 3951 Ciceronem.
215 3925 242 3950 Is
253 3933 303 3958 pro
310 3924 377 3950 Sext.
391 3933 412 3950 c.
420 3932 452 3957 34
476 3924 543 3950 Cum
555 3939 599 3944 ——
611 3925 682 3953 fieret
696 3928 747 3954 sine
766 3929 818 3955 vlla
830 3930 959 3956 varietate
968 3930 1058 3956 disces-

35 3960 82 3987 fio.
124 3961 155 3986 Et
166 3958 230 3986 Phil.
248 3968 260 3991 3
281 3969 302 3985 c.
318 3967 335 3992 9
373 3959 470 3987 sctum
487 3957 519 3985 de
532 3959 716 3994 supplicatione
735 3972 782 3998 per
796 3964 972 3992 discessionem
987 3966 1058 3993 fecit.
1075 3974 1117 4001 105
1129 3967 1318 4002 ceptationem‚
1338 3964 1449 3990 alterum
1467 3972 1514 3998 per
1533 3963 1590 3989 Vim
1617 3961 1656 3989 Id·
1669 3962 1721 3990 Off·
1743 3971 1762 3995 1>
1780 3971 1821 3995 34-

185 4000 266 4022 v01..
286 3995 325 4022 11.

1126 3184 1191 3219 fiam
1211 3184 1309 3209 dirimit
1327 3190 1350 3209 et
1368 3185 1504 3218 componit:
1532 3183 1608 3209 Iudex
1626 3185 1665 3209 vel
1680 3184 1782 3210 arbiter.

894 3610 965 3636 Ideni
981 3610 1059 3644 Epist.
1076 3617 1108 3643 95

417 3781 473 3808 Sen.
487 3782 660 3813 deVitaBeat.
680 3796 693 3813 2
706 3794 749 3822 pr.
777 3788 845 3814 Cum
865 3787 897 3813 de
911 3786 986 3813 beata
1005 3788 1059 3814 vita
1070 3794 1117 3812 100
1128 3790 1184 3816 fere
1197 3789 1274 3816 nobis
1293 3788 1445 3822 disceptatio
1463 3785 1650 3819 contentioque
1666 3784 1710 3810 est.

1132 3116 1274 3142 conuenire,
1291 3119 1314 3138 ct
1329 3113 1432 3148 litigare
1437 3111 1535 3147 solent,
1549 3111 1581 3145 est
1595 3112 1727 3148 defiriptio
1742 3114 1902 3141 Conuentus.

1168 3156 1186 3176 D
1197 3157 1204 3175 1
1215 3157 1226 3174 s
1236 3154 1252 3174 C
1260 3155 1276 3174 E
1286 3156 1300 3174 P
1309 3155 1330 3175 T
1339 3147 1361 3174 Ᾱ
1370 3154 1391 3173 Τ
1401 3154 1419 3174 O
1428 3154 1447 3173 R
1455 3167 1462 3179 ,
1482 3147 1546 3174 oris.
1573 3157 1608 3173 m.
1643 3146 1799 3184 [διαιτητής]
1834 3151 1886 3183 Qui
1901 3152 1968 3177 litem
1988 3159 2011 3178 et
2028 3160 2167 3180 controuer-

1834 3185 1891 3212 Cic.
1914 3187 1942 3212 in
1962 3188 2049 3215 Partit.
2071 3197 2099 3214 10
2119 3198 2140 3214 c.
2153 3198 2166 3221 3

1134 3221 1204 3247 Nam
1221 3226 1263 3245 aut
1281 3218 1438 3245 auscultator
1458 3218 1494 3244 est
1508 3219 1589 3245 modo
1609 3219 1654 3253 qui
1670 3218 1755 3245 audit:
1777 3226 1821 3246 aut
1841 3220 2013 3256 disceptator,
2030 3222 2056 3248 id
2072 3223 2107 3249 est
2126 3225 2167 3250 rei

1567 3253 1639 3280 Idem
1659 3254 1691 3280 de
1708 3255 1799 3288 Legib.
1821 3264 1843 3287 3,
1857 3264 1874 3290 7
1912 3258 1980 3283 Iuris
2000 3259 2165 3293 disceptator.

1133 3294 1163 3318 Et
1177 3300 1225 3325 pro
1233 3291 1336 3317 Caecin.
1350 3292 1366 3316 6
1385 3291 1414 3316 Et
1428 3290 1547 3324 persaepe
1561 3288 1733 3323 disceptatore
1746 3290 1890 3318 domestico
1904 3292 2071 3320 diiudicatur.
2108 3296 2166 3321 Iur-

1131 3328 1235 3361 giorum
1251 3326 1407 3360 disceptator
1425 3326 1487 3351 Aur.
1503 3324 1573 3351 Vici.
1587 3325 1655 3359 Epir.
1671 3334 1691 3351 c.
1706 3334 1738 3351 12.
1807 3327 1969 3361 Disceptator
1983 3328 2013 3354 de
2032 3338 2092 3362 pace
2107 3331 2165 3357 Val.

1132 3364 1201 3389 Max.
1216 3371 1291 3395 2,10,
1304 3372 1330 3395 4.
1351 3363 1424 3397 vulgo
1437 3360 1563 3386 mediator.
1635 3361 1799 3395 Disceptator
1818 3362 1849 3388 de
1863 3363 1911 3394 iis,
1932 3372 1999 3397 quae
2019 3365 2047 3390 in
2060 3372 2165 3392 contro-

1130 3398 1213 3425 versia
1226 3407 1284 3424 cuin
1300 3398 1324 3423 P.
1340 3398 1370 3423 R.
1386 3398 1462 3422 essent
1476 3396 1534 3422 Liu.
1549 3403 1586 3428 35,
1600 3403 1641 3428 45.
1677 3397 1743 3422 Add.
1764 3397 1843 3423 Plaut.
1859 3397 1934 3424 Most.
1951 3407 1973 3431 5,
1987 3408 2012 3432 2,
2025 3402 2061 3426 16.
2114 3403 2165 3427 Pro

349 3431 481 3463 Disceffio,
498 3431 680 3466 [ἐπάλλαξις]
699 3438 753 3457 erat
765 3435 791 3457 in
803 3432 937 3466 finteutiis
951 3432 1063 3459 dicendis
1079 3446 1115 3471 90
1130 3435 1245 3461 Arbitro.
1268 3433 1328 3473 Χζὶρ.
1346 3433 1372 3458 in
1386 3432 1401 3458 l.
1416 3440 1426 3464 3
1442 3430 1579 3467 §.tametsi
1596 3432 1628 3458 D.
1647 3430 1679 3458 de
1692 3432 1814 3464 arbitris,
1831 3434 1964 3466 Qioniam
1980 3444 2033 3461 non
2052 3435 2165 3463 debeant

1131 3470 1228 3503 decipi,
1242 3478 1289 3504 qui
1301 3478 1360 3494 eum
1379 3468 1449 3502 quasi
1464 3468 1550 3494 virum
1565 3467 1665 3493 bonum
1681 3467 1878 3501 disceptatorem
1899 3468 1968 3496 inter
1980 3471 2005 3496 se
2020 3470 2163 3502 elegerunt.

1129 3506 1185 3532 Cic.
1200 3506 1270 3532 Fam.
1287 3514 1319 3537 13,
1335 3506 1365 3530 26
1385 3505 1421 3530 Vt
1434 3502 1557 3529 omnibus
1575 3503 1602 3529 in
1617 3502 1703 3535 rebus,
1711 3508 1737 3528 et
1748 3511 1814 3536 quae
1829 3503 1857 3528 in
1874 3504 1989 3539 aliquam
2010 3503 2164 3534 controuer-

1129 3541 1191 3568 siam
1210 3546 1383 3570 vocarentur‚
1402 3545 1426 3565 te
1446 3538 1562 3565 arbitro:
1581 3544 1606 3565 et
1628 3538 1698 3572 quod
1717 3537 1859 3564 commodo
1878 3546 1925 3566 tuo
1945 3540 2004 3567 fieri
2021 3543 2115 3576 posset,
2137 3549 2163 3572 te

1128 3576 1300 3611 disceptatore
1314 3581 1457 3602 vterentur.
1495 3574 1567 3609 Conf.
1590 3574 1664 3608 Apul.
1680 3573 1749 3599 Flor.
1764 3581 1778 3598 z
1799 3583 1823 3608 p.
1838 3583 1896 3608 349,

1165 3618 1182 3637 D
1194 3620 1199 3637 i
1212 3619 1275 3639 seia
1286 3618 1301 3637 1²
1312 3612 1393 3638 ΤᾸΤ
1404 3618 1420 3637 R
1432 3619 1440 3637 1
1451 3619 1486 3644 x,
1506 3610 1560 3636 icis.
1580 3609 1599 3635 f.
1634 3607 1785 3642 [διαιτητιξ]
1821 3609 1876 3636 Cic.
1900 3610 1979 3638 Acad.
1999 3621 2026 3645 4,
2046 3621 2074 3645 91
2095 3622 2116 3640 c.
2130 3619 2161 3643 28

1128 3647 1301 3673 Dialecticam
1318 3647 1453 3673 inuentam
1466 3647 1513 3672 effe
1527 3644 1629 3675 dicitis,
1650 3644 1707 3669 veri
1722 3649 1746 3669 et
1761 3643 1816 3670 falsi
1831 3645 1900 3680 quasi
1915 3646 2122 3682 disceptatricem
2136 3655 2162 3675 et

1125 3683 1250 3709 iudicem.

1165 3725 1199 3745 Di
1210 3726 1221 3743 S
1232 3725 1249 3745 C
1261 3725 1276 3745 E
1284 3725 1299 3744 1>
1309 3724 1330 3744 T
1339 3725 1361 3744 A
1371 3725 1392 3744 T
1402 3725 1410 3743 1
1422 3723 1440 3742 Ο
1451 3736 1458 3748 ,
1482 3715 1548 3741 (mis.
1574 3713 1595 3753 f:
1629 3710 1778 3753 [διοῖκμςις]
1814 3714 1890 3750 Causa
1909 3722 1933 3741 et
1945 3717 1992 3749 Iit,
2005 3725 2029 3744 et
2042 3728 2161 3753 quaecun-

1127 3763 1171 3789 que
1183 3757 1255 3780 etiam
1269 3753 1366 3780 erudita
1381 3752 1523 3787 disputatio.
1561 3749 1617 3775 Cic.
1629 3748 1662 3774 de
1674 3749 1765 3776 Dium.
1780 3758 1802 3782 2,
1818 3758 1861 3782 150
1881 3751 1949 3777 Cum
1963 3753 2059 3787 quibus
2073 3754 2159 3780 omnis

1767 3784 1838 3811 Idem
1855 3786 1906 3812 Off.
1924 3796 1944 3819 1,
1957 3797 1987 3819 32
2017 3789 2158 3815 Contentio

1127 3824 1359 3860 disceptationibus
1379 3822 1511 3848 tribuatur
1525 3819 1685 3846 iudiciorum
1695 3840 1703 3852 ,
1716 3821 1891 3854 concionum,
1906 3822 2019 3849 Senatus.
2091 3824 2160 3849 iuris

1127 3861 1280 3894 disceptatio
1293 3859 1330 3885 Id.
1346 3867 1394 3892 pro
1409 3857 1503 3883 Milon.
1517 3864 1552 3888 23.
1622 3856 1783 3889 Disceptatio
1802 3863 1826 3883 et
1842 3858 1959 3890 cognitio
1971 3858 2088 3883 vei-itatis
2101 3859 2157 3884 Cic.

1128 3906 1176 3931 pro
1191 3897 1272 3922 Flacc.
1285 3904 1328 3925 24.
1401 3892 1524 3919 Fui-enses
1542 3891 1739 3925 disceptationes
1752 3891 1913 3918 iudiciorum
1927 3900 1972 3918 aut
1991 3893 2158 3918 deliberatio-

1130 3941 1193 3957 num
1208 3930 1281 3958 Idem
1300 3929 1331 3955 de
1345 3929 1418 3955 Orat.
1434 3937 1453 3960 1,
1468 3936 1504 3953 22.
1576 3927 1637 3953 Duo
1660 3936 1753 3961 genera
1767 3927 1932 3959 decertandi,
1954 3937 2031 3952 vnum
2046 3937 2091 3961 per
2106 3928 2158 3953 dis.

1891 3963 1921 3987 In
1944 3959 2157 3996 disceptationem
2169 3976 2171 3981 >

1326 4000 1346 4026 Β
1362 3998 1381 4025 b
2056 3997 2158 4029 cadere,
