2479 4225
285 138 362 190 757
664 129 696 168 F
775 126 814 168 V
900 123 943 163 Ν
1324 129 1327 133 <
1463 116 1466 117 ’
1767 118 1800 156 F
1889 117 1926 157 v
2007 118 2051 158 N
2302 95 2424 172 ¹768*

286 225 342 260 (Εἰ
373 224 439 250 hane
471 218 610 253 Rempubl.
639 218 692 245 tam
722 216 851 252 praeclare
877 210 1011 238 fundatam
1042 209 1120 236 nobis
1146 209 1320 244 reliquerunt.
1380 209 1467 236 Carm.
1480 218 1503 242 2,
1516 213 1551 242 ¹8,
1566 212 1602 241 38.
1668 207 1719 233 Pro
1733 207 1826 232 somno
1840 205 1967 232 Lacrimis
1982 206 2054 234 oculi
2066 207 2212 241 funguntur
2225 199 2425 232 obortisouid..

286 263 387 294 Sceptra
400 255 511 284 fundare
537 255 583 281 Sil.
598 263 616 285 1,
630 263 675 287 44.
745 250 891 292 Thalamos
906 246 1037 280 nympha,
1068 249 1088 272 i.
1106 254 1204 271 uxorem
1217 244 1318 284 ducere:
1378 246 1480 285 Her38,
1494 254 1548 277 109.
1637 241 1826 282 Legationibus
1841 242 1916 276 fungi
1935 242 2064 276 Qinetil.
2080 251 2102 274 3,
2115 250 2150 282 2...
2242 241 2315 279 Loco
2329 240 2414 272 primo

285 295 337 322 vid.
352 292 476 320 Drffienb.
491 292 509 317 1.
522 300 544 317 c.
597 290 670 324 Conf.
685 286 797 315 Borrtcb.
812 284 892 318 Cogit.
905 288 934 318 p.
950 289 1006 317 298.
1076 280 1177 307 Vrbem
1195 279 1318 306 fundabit
1379 280 1456 315 fungi
1475 279 1547 306 Idem
1568 288 1590 311 3,
1604 282 1627 304 6.
1724 277 1815 317 Tacit,
1830 277 1896 317 .A.¹¹¹¹·
1910 286 1943 310 13,
1959 286 1980 317 21
2016 278 2114 304 Burrus
2132 285 2164 303 us
2179 276 2308 302 Mandatrs
2320 274 2414 303 Seneca
2438 284 2440 290 ν

285 329 387 364 iegibus
412 327 486 362 Virg.
501 326 564 352 Aen.
576 327 602 357 6,
618 330 665 354 812.
1382 324 1471 343 coram
1501 314 1668 349 fungebatur.
1776 312 1876 339 Militia
1907 313 1983 346 fungi
2021 313 2095 339 Suet..
2113 313 2146 339 de
2164 312 2234 338 Clar.
2255 311 2371 337 Graium.
2389 318 2414 343 9,

320 371 337 390 p
347 370 365 389 v
376 369 483 389 NDAT
494 369 513 387 v
523 369 552 393 s,
571 370 601 392 a,
620 367 672 384 um.
709 354 800 381 Partic.
837 351 968 386 Quinem.
981 351 1053 379 Deci.
1064 360 1081 384 9
1106 350 1221 390 Fundata
1234 355 1318 384 pater·
1343 352 1358 379 ς
1382 351 1448 377 Plin.
1461 356 1483 382 8,
1497 358 1510 384 ς
1539 351 1602 378 Νοῃ
1619 348 1727 383 potuisse
1744 346 1830 380 effici,
1856 353 1885 374 vt
1905 348 2068 374 crudelitatis
2082 348 2181 374 alienae
2195 345 2346 373 Minister-io
2359 345 2416 373 fun-

282 400 324 427 ηις
338 399 468 432 auitisque
479 396 575 431 opibus
588 395 686 420 domus.
742 389 825 430 uHor.
839 388 917 423 Epist.
932 397 951 420 1,
968 396 1003 421 ις,
1017 396 1049 428 45
1077 387 1244 425 Conspicitur
1256 385 1319 411 niti·
1381 393 1512 420 gerentur.
1548 387 1636 412 Morte
1645 383 1758 415 suffitus,
1767 385 1886 409 Mortuus
1904 383 1984 410 Ouid.
1993 384 2057 409 Met.
2068 391 2090 409 11
2099 389 2164 423 ,5835
2202 382 2274 418 Conf.
2283 382 2380 407 Patere.
2392 389 2423 421 3,]

284 435 324 461 dis
339 434 444 460 fundata
458 431 565 468 pecunia
580 428 657 455 villis.
729 424 807 450 Fixus
821 429 846 450 et
858 423 982 450 fundatus
995 425 1069 457 Retp.
1082 422 1158 448 status
1193 422 1249 448 Cic.
1263 421 1318 446 Att.
1380 430 1425 454 49,
1438 430 1458 448 l.
1552 421 1632 447 l’laut.
1647 421 1718 447 Men.
1734 428 1754 451 1,
1766 428 1793 451 4,
1808 426 1820 451 ς
1849 419 1918 445 Nam
1934 418 2071 453 parasitus,
2091 418 2229 444 hominum
2244 416 2306 443 octo
2319 416 2416 445 Munus

286 479 297 497 ι
322 478 346 501 ¹3
367 472 441 501 (16).
510 466 580 493 Idem
593 470 641 496 pro
652 460 736 486 Flacc.
751 461 781 485 26
808 459 887 486 Nihil
899 459 1029 493 religione
1042 458 1176 488 testatum,
1192 456 1261 482 nibil
1276 464 1319 482 ve·
1379 457 1456 483 facile
1470 457 1599 491 fungitur.
1706 456 1826 481 Datames
1839 454 1954 481 militare
1966 455 2062 480 Munus
2076 453 2186 488 fungens
2218 453 2287 486 Nep.
2303 460 2341 484 14,
2358 459 2378 483 1,
2390 459 2432 484 42¹

284 490 364 533 ritate
379 504 530 532 fundatum,
549 497 615 523 nihil
630 495 722 521 dolore
734 495 893 529 expressum,
912 501 957 521 etc.
1035 494 1145 528 Compar.
1182 493 1244 526 Qio
1260 492 1319 517 fun-
1381 492 1437 518 Cic.
1450 493 1526 520 Verr.
1540 501 1562 524 3,
1578 499 1622 524 199
1640 491 1700 517 Hoc
1714 489 1791 516 vobis
1805 489 1840 515 est
1853 489 2031 521 statuendum,
2046 489 2111 524 quid
2125 495 2254 515 aratorem
2267 488 2350 521 ipsum
2364 494 2417 513 ara.

284 541 373 567 datior
385 540 436 566 erit
450 546 479 563 ex
493 538 597 561 arenato
611 529 756 562 directum,
781 539 814 556 eo
828 530 933 558 firmior
945 530 996 556 erit
1010 529 1042 556 ad
1056 528 1209 555 vetustatem
1230 527 1320 553 solidi·
1340 538 1370 558 10
1381 527 1462 553 tionis
1490 529 1598 554 nomine
1622 527 1742 552 Muneris
1771 526 1799 551 in
1827 526 1966 560 Rempubl.
1989 525 2081 559 fungi,
2100 534 2130 551 ac
2163 524 2286 550 sustinere
2320 520 2417 549 velitis:

283 581 323 604 tas
337 573 442 602 te&01·ii
469 571 644 601 Vit1·uu.7‚3.
736 566 830 601 superi.
868 566 981 600 Imperia
995 564 1168 591 fundatiffima
1196 562 1319 594 Arnob.3
1382 563 1454 589 Caes.
1467 563 1495 589 B.
1509 564 1541 589 G.
1554 571 1579 597 7,
1593 569 1620 594 25
1647 563 1724 588 Hunc
1745 569 1775 587 ex
1795 561 1922 595 proximis
1942 571 2008 588 vnus
2027 561 2155 588 iacentem
2174 558 2355 594 transgressus,
2375 565 2422 583 eo-

284 622 310 647 p.
325 619 368 643 ¹¹5·
437 603 543 632 Ecclesia
561 601 735 628 fundatissima
765 601 902 636 Augustin.
922 601 1001 635 Epist.
1018 603 1057 632 56.
1135 598 1210 625 Fides
1229 598 1321 623 funda·
1382 598 1443 624 dem
1456 598 1627 625 illoMunere
1641 597 1807 631 fungebatur.
1914 597 2026 624 Munere
2039 595 2190 630 interpretis
2203 595 2278 629 fungi
2316 593 2372 619 Cic.
2387 590 2419 619 de'
2436 614 2437 618 ,

285 647 377 675 tissima
399 642 435 668 Id.
451 638 516 666 ibid.
530 643 569 668 28.
639 637 695 663 Cic·
709 645 757 671 pro
770 638 858 663 Domo
871 639 906 670 96
919 645 941 662 c.
951 638 981 669 36
1016 635 1095 670 Quod
1109 644 1190 669 quum
1210 633 1320 660 iudicas·
1382 633 1440 661 Fin.
1454 638 1473 665 r,
1508 653 1515 660 .
1553 654 1559 659 .
1663 633 1773 659 Munere
1786 632 1862 666 fungi
1872 632 1950 658 amici
1972 633 2040 658 Hor.
2056 632 2133 666 Epist.
2147 640 2167 663 1,
2181 639 2205 663 9,
2219 638 2239 662 ς.
2306 628 2421 663 Munere

286 684 353 710 sem,
372 675 464 704 defleui
479 673 598 707 coniugis
611 673 721 698 miserae
735 672 881 705 diffidium,
901 671 1050 698 liberorum
1061 670 1248 697 cariffimorum
1261 668 1322 695 soli·
1382 670 1520 696 seruorum
1538 669 1607 703 Nep.
1621 677 1648 701 4,
1664 678 1684 700 3,
1698 670 1723 694 6.
1816 668 1872 694 Cic.
1887 667 1918 693 de
1931 668 2039 694 Amicit.
2054 676 2080 693 22
2118 667 2239 700 Denique
2252 670 2367 690 caeterae
2379 671 2426 690 res*

285 715 418 743 tudinem,
446 710 537 736 fratris
556 708 669 735 absentis
691 708 855 734 amantissimi
877 714 956 742 atque
978 707 1074 741 optimi
1097 706 1197 736 casum,
1223 704 1322 731 subitas
1342 713 1367 740 ις
1382 713 1450 739 quae
1461 711 1636 740 expetuntur,
1655 708 1818 738 opportunae
1833 704 1891 729 sunt
1906 703 2021 737 singulae
2035 702 2112 730 rebus
2126 702 2181 728 fere
2196 699 2315 735 singulis:
2351 697 2424 734 diui-f·

284 745 478 779 Fundatiffimae
491 745 609 772 familiae
623 744 727 776 minas,
744 743 938 779 quaefit'mitt'r,
967 749 996 769 vt
1021 741 1158 778 aedificium
1178 744 1206 767 in
1223 740 1322 776 funda·
1382 741 1451 773 tiae,
1468 747 1496 768 vt
1516 746 1603 771 vtare‚
1627 746 1672 765 etc.
1708 739 1847 771 valetudo,
1866 745 1895 765 vt
1915 738 2008 765 dolore
2026 747 2127 770 carew,
2145 743 2170 763 et
2190 734 2344 763 muneribus
2362 733 2427 773 funs.

281 791 359 812 mento
372 781 471 813 idoneo,
482 778 554 813 stare
573 778 712 805 videbatur.
1383 785 1443 810 gare
1456 775 1583 811 eorporis.
1688 775 1799 801 Munere
1814 773 1938 801 aedilicio
1952 774 2068 800 maximo
2080 773 2185 799 tanetus
2198 772 2233 798 est
2245 772 2344 798 Craslus
2363 770 2424 802 cic,

315 825 331 844 F
340 824 360 843 v
370 824 391 843 N
402 824 420 843 D
430 823 452 843 A
463 822 485 842 'r
496 824 505 842 1
516 821 535 842 o
544 835 553 848 ,
571 815 640 841 onis.
678 814 698 840 f.
753 813 784 839 In
802 813 968 839 theatrorum
987 818 1012 840 et
1030 813 1102 840 muri
1121 809 1323 838 fundationibus
1383 811 1436 838 Off.
1449 820 1475 844 2,
1488 820 1519 846 57
1532 821 1553 837 c.
1566 812 1602 837 16.
1705 809 1778 836 Idem
1791 809 1857 836 ibid.
1871 819 1893 843 2,
1908 818 1943 844 70
1958 819 1979 836 c.
1994 818 2027 836 zo
2053 810 2150 844 Neque
2162 816 2227 835 vero
2241 806 2331 834 verbis
2343 807 2437 841 augetsl

283 854 389 881 Vitruu.
406 860 433 885 ς,
453 860 486 878 12.
574 849 713 877 Crassiores
733 847 903 875 fundationes
934 848 973 875 Id.
987 851 1019 881 6,
1039 858 1070 875 11.
1107 851 1126 874 i.
1145 846 1323 884 fundamenta.
1383 848 1458 873 suum
1472 848 1570 874 Munus
1583 846 1650 872 homo
1663 848 1760 877 tenuis,
1779 845 1796 870 si
1817 855 1871 880 quo
1889 845 1960 872 forte
1976 845 2110 880 fungitur,
2129 843 2172 870 sed
2190 843 2270 869 etiam
2290 832 2435 870 extenuat?

281 889 350 917 Add.
364 887 402 914 Id.
420 896 444 919 3,
456 895 477 919 3.
498 892 521 912 et
535 893 556 918 ς,
571 894 595 918 3.
1338 890 1373 909 20
1383 883 1473 909 Tacit.
1487 884 1554 909 Ann.
1569 891 1591 914 3,
1604 889 1631 916 17
1651 881 1775 915 Suprema
1789 889 1849 915 erga
1863 881 2019 907 memoriam
2033 880 2084 907 filii
2096 880 2136 906 sui
2154 880 2265 906 Munera
2283 877 2423 910 fungeren-f

319 930 336 950 F
347 931 367 950 V
376 931 398 949 N
408 929 425 948 D
435 930 456 949 Α
467 928 488 948 Τ
500 928 519 948 0
530 929 564 952 R,
583 921 647 947 oris·
671 929 708 947 m.
764 919 943 946 Praenestinae
956 918 1030 945 vrbis
1056 919 1132 953 Virg.
1147 920 1211 944 Aen.
1224 924 1251 951 7⁷
1266 918 1323 950 678.
1384 923 1436 945 tur.
1542 919 1655 944 Munera
1667 916 1803 942 Senatoria
1823 917 1930 943 Sueton.
1943 918 2011 951 Aug.
2026 926 2047 943 c.
2056 923 2092 948 33.
2165 912 2263 942 Officio
2276 913 2323 939 suo
2336 910 2436 947 fungig,

281 959 389 987 Hilario
402 957 527 984 fundator
544 962 570 983 et
589 956 710 983 eruditor
729 955 937 982 conuersationis
956 954 1147 982 monachorum
1168 954 1281 980 Hieron.
1295 952 1325 977 in
1378 953 1466 989 facere
1478 953 1542 989 quos!
1553 953 1638 979 debeas
1664 952 1732 978 Ter.
1745 950 1857 986 Adelph.
1872 960 1900 984 4,
1914 960 1937 984 3,
1950 961 1984 979 12.
2055 951 2111 978 Cic.
2124 951 2196 977 Brut.
2210 958 2235 982 9.
2329 948 2360 974 Ee
2374 948 2426 981 prol

281 996 337 1022 vita
351 994 437 1022 Eiusd.
540 992 650 1027 Imperii
676 993 754 1018 Rom.
770 991 847 1017 Inscr.
863 991 940 1017 Grut.
953 992 1017 1024 p.56
1038 999 1064 1017 n.
1077 998 1090 1024 ς
1103 997 1126 1016 et
1139 992 1164 1016 6.
1238 988 1325 1018 Pacis,
1385 989 1455 1015 Cael.
1469 998 1496 1015 21
1511 997 1565 1021 c.9.
1660 986 1761 1014 Officiis
1776 987 1891 1013 iustitiae
1905 987 2046 1022 fungatur,
2064 987 2110 1021 qui
2124 985 2233 1020 adipisci
2247 992 2336 1011 veram
2351 981 2436 1017 iustiq,

283 1030 389 1064 Qiietis
403 1028 524 1064 publicae
537 1029 614 1055 Inscr.
627 1028 703 1054 Grut.
717 1032 793 1061 p.282
806 1029 856 1052 n.6
867 1033 890 1052 ct
904 1032 944 1057 283
958 1035 983 1051 n.
992 1034 1020 1058 4.
1091 1027 1190 1052 Rerum
1200 1024 1325 1050 fundator
1384 1025 1438 1050 tiae
1451 1025 1562 1058 gloriam
1578 1023 1650 1050 volet
1671 1023 1725 1050 Cic.
1734 1022 1786 1049 Off.
1800 1031 1826 1055 2,
1839 1032 1872 1057 43
1885 1031 1906 1048 c.
1919 1031 1955 1055 13.
2045 1020 2143 1049 Officio
2157 1020 2360 1053 ministerioque
2372 1018 2427 1045 ser-⁴

282 1066 337 1101 ipse
351 1072 377 1092 et
390 1065 486 1092 artifex
512 1064 633 1090 Prudent.
649 1062 723 1089 Cath.
737 1071 774 1094 11,
789 1069 829 1096 27.
855 1061 883 1087 de
897 1063 955 1088 Deo.
1338 1064 1370 1090 23
1384 1068 1481 1086 vorum
1503 1060 1581 1094 fungi
1613 1059 1678 1085 Plin.
1701 1058 1779 1093 Epist.
1801 1067 1825 1089 1,
1848 1067 1891 1091 24.
1999 1057 2101 1084 Officiis
2115 1058 2206 1084 aetatis
2220 1057 2280 1082 suae
2295 1054 2430 1091 maiorem]

316 1109 336 1128 F
346 1108 367 1127 v
378 1108 399 1127 N
409 1108 427 1127 D
436 1102 487 1127 ᾹΜ
497 1106 513 1125 Ε
524 1107 561 1131 Ν,
578 1099 638 1124 inis.
678 1107 703 1124 n.
756 1097 909 1131 [θεμέλιον]
965 1096 1031 1123 Idem
1045 1095 1110 1131 quod
1125 1094 1324 1122 Fundamentum.
1385 1101 1485 1130 partem
1496 1094 1621 1122 ciuilibus
1634 1095 1709 1128 fungi
1745 1094 1804 1120 Liu.
1818 1103 1836 1119 1.
1926 1093 2054 1127 Supremo
2068 1094 2095 1119 in
2109 1093 2226 1127 aliquem
2240 1088 2337 1117 Officio
2348 1090 2424 1122 Cui-ej.

282 1137 365 1164 Ouid.
381 1137 445 1162 Met.
459 1144 480 1168 ς,
494 1137 536 1166 361
562 1133 687 1160 Ainbibat
701 1133 801 1159 Siculae
813 1138 903 1158 cautus
917 1131 1072 1158 fundamina
1087 1139 1181 1158 terrae.
1251 1129 1324 1155 Idem
1386 1140 1406 1162 3,
1423 1139 1459 1162 ιι,
1472 1139 1504 1157 ιι.
1574 1128 1676 1156 Officiis
1691 1129 1834 1156 vernaliter
1847 1129 1924 1163 fungi
1945 1130 2011 1156 Hor.
2027 1129 2109 1155 Serm.
2123 1137 2149 1161 2,
2163 1130 2190 1160 6,
2207 1135 2259 1159 109.
2336 1123 2429 1163 officis.

283 1173 350 1199 ibid.
364 1181 392 1205 4,
406 1177 447 1204 833
483 1169 604 1204 Augurio
616 1169 678 1195 laeti
693 1169 791 1194 iaciunt
805 1167 959 1193 fundamina
973 1167 1051 1193 ciues.
1107 1166 1180 1202 Conf.
1201 1164 1325 1192 Prudent.
1385 1175 1431 1192 um
1446 1166 1523 1199 fungi
1540 1166 1608 1192 Ter.
1623 1166 1718 1192 Heaut.
1733 1174 1753 1197 3,
1769 1173 1790 1196 3,
1806 1173 1842 1196 19.
1912 1164 1986 1190 Idem
1998 1164 2107 1199 Adelph.
2121 1173 2144 1196 3,
2158 1176 2181 1196 4,
2197 1169 2222 1192 18
2241 1162 2337 1195 Neque
2351 1159 2426 1194 boni.

281 1207 416 1240 Psychom.
431 1216 456 1232 v.
465 1207 520 1236 826.
592 1205 694 1231 Ponunt
708 1204 777 1230 fauis
790 1212 849 1238 apes
863 1203 1020 1230 fundamina
1044 1202 1119 1237 Virg.
1135 1203 1232 1236 Georg.
1241 1209 1266 1233 4,
1276 1202 1337 1226 161:
1384 1210 1471 1235 neque
1485 1201 1601 1228 liberalis
1614 1201 1718 1227 functus
1732 1199 1856 1227 Officium
1870 1199 1906 1226 est
1920 1200 1981 1226 viri.
2082 1201 2170 1234 Opera
2188 1197 2338 1224 mediastini
2351 1195 2429 1233 fimgi

283 1243 357 1278 Conf.
372 1241 464 1268 Manil.
482 1250 502 1273 1,
515 1241 574 1275 726.
1049 1241 1051 1243 ’
1338 1244 1370 1269 3ο
1385 1237 1492 1272 leian.
1505 1236 1522 1263 l.
1538 1247 1543 1262 1
1558 1237 1589 1263 D.
1604 1237 1684 1263 Naut.
1699 1245 1808 1270 caupon.
1821 1242 1867 1261 etr.
1939 1234 2057 1262 Partibus
2072 1235 2168 1262 iudicis
2181 1234 2257 1268 fungi
2273 1232 2338 1259 Plin.
2348 1231 2431 1266 Epists.

319 1285 335 1304 F
346 1284 364 1302 V
375 1284 396 1303 N
406 1283 453 1303 DA
462 1283 486 1302 M
496 1282 512 1301 Ε
521 1283 543 1302 N
552 1282 574 1302 T
584 1281 655 1306 VM,
674 1274 693 1300 ἦ·
715 1283 740 1300 ¹¹-
777 1274 929 1307 [θεμέλιος]
965 1274 1018 1308 Qw
1031 1274 1067 1299 ali
1084 1273 1265 1302 uidifflss'litur,
1286 1273 1324 1295 ὑὶ·
1384 1281 1408 1306 3,
1422 1280 1444 1306 ς.
1537 1272 1693 1306 Pignoribus
1708 1272 1785 1305 fungi
1799 1271 1826 1297 in
1840 1271 1926 1297 vicem
1940 1272 2114 1298 satisdationis
2124 1291 2132 1303 ,
2153 1274 2171 1296 i.
2193 1266 2429 1304 Locofideiufforum

281 1312 436 1347 aedificatum
451 1309 501 1343 eli,
521 1317 566 1336 etc.
639 1310 695 1337 Cic.
710 1319 758 1344 pro
772 1310 841 1336 Sext.
855 1317 868 1343 ς
902 1310 966 1336 Non
979 1282 1116 1343 aggretfiar
1128 1307 1160 1334 ad
1178 1306 1225 1332 illa
1239 1306 1324 1332 maxi·
1347 1334 1350 1335 .
1377 1312 1410 1345 pi
1437 1316 1490 1335 zora
1500 1306 1627 1343 praestare
1645 1308 1661 1334 l.
1679 1315 1696 1342 7
1708 1308 1740 1334 D.
1755 1308 1787 1334 de
1802 1308 1916 1333 Praetor.
1931 1306 2044 1341 stipulat.
2114 1306 2187 1332 Caes.
2200 1306 2228 1332 B.
2242 1305 2274 1330 G.
2289 1307 2332 1336 8‚8
2352 1303 2441 1337 Qme,

281 1357 324 1375 ma
337 1354 363 1374 et
373 1346 524 1382 ampliffima
540 1345 628 1386 prius,
646 1354 724 1380 quam
738 1345 871 1379 docuero,
893 1344 989 1379 quibus
1002 1344 1087 1370 initiis
1102 1352 1131 1369 ac
1145 1341 1323 1368 fundamentis
1383 1353 1400 1371 0
1429 1352 1480 1371 auo
1499 1344 1552 1370 iam
1572 1343 1704 1376 stipendio
1722 1342 1810 1369 funfiia
1820 1362 1827 1374 ,
1848 1348 1935 1369 tamen
1954 1342 2096 1368 collatione
2108 1342 2290 1376 reliquorum,
2309 1338 2436 1367 nondum:

282 1383 332 1410 hae
349 1390 435 1409 tantae
457 1382 565 1408 summis
588 1389 616 1407 in
635 1381 714 1407 rebus
734 1380 822 1407 laudes
841 1381 967 1406 excitatae
988 1381 1055 1406 sunt.
1125 1377 1324 1405 Adolescentiae
1383 1380 1491 1406 eandem
1504 1379 1638 1405 vetustatis
1653 1385 1678 1404 et
1693 1378 1799 1404 virtutis
1812 1383 1914 1412 ceperat
1928 1378 2093 1412 opinionem.
2209 1376 2276 1402 Vice
2289 1375 2356 1401 cotis
2368 1374 2428 1403 fuis:-

281 1419 459 1446 fundamentis
473 1417 611 1443 constitllta
625 1416 741 1442 seneffius
774 1416 847 1442 Idem
860 1416 892 1442 de
905 1415 1053 1442 Sene&.62.
1157 1412 1324 1440 Defensionis
1341 1423 1370 1449 35
1384 1425 1429 1449 gar
1447 1416 1515 1442 Hor,
1528 1414 1560 1440 de
1575 1416 1636 1440 Arte
1651 1415 1722 1440 Po'et.
1738 1422 1794 1446 304.
1867 1414 1957 1446 Quum
1971 1414 2042 1439 suain
2058 1413 2149 1439 Vicem
2166 1412 2272 1438 funt'i’ssls
2292 1408 2382 1437 officio
2395 1408 2426 1437 fit

281 1454 424 1481 firmissima
437 1452 606 1479 fundamenta
619 1460 693 1478 meae
706 1452 781 1484 suut,
801 1451 818 1477 si
832 1452 950 1485 nitantur
965 1450 1067 1477 iudicio
1080 1450 1188 1476 suorum
1222 1448 1259 1474 Id.
1274 1457 1322 1482 pro
1383 1451 1445 1478 Liu.
1462 1459 1481 1482 ι,
1492 1458 1509 1483 9
1523 1456 1586 1476 extr.
1676 1449 1783 1474 Virtute
1797 1447 1902 1473 funfios
1915 1448 1991 1474 duces
2005 1457 2096 1474 canere
2120 1448 2188 1474 Hor.
2200 1449 2287 1475 Carni.
2302 1456 2329 1480 4,
2343 1453 2376 1479 13,
2389 1453 2426 1479 29.

282 1490 354 1517 Cael.
371 1499 408 1522 30.
482 1488 641 1514 Dialeeticae
661 1487 861 1513 fundamentum
893 1487 948 1514 Cic.
963 1486 1041 1512 Acad.
1056 1495 1089 1518 4,
1111 1493 1136 1518 7.
1206 1484 1323 1511 Iustitiae
1384 1488 1446 1513 Vita
1464 1485 1556 1518 fungi,
1573 1493 1621 1519 pro
1638 1487 1700 1511 mori
1708 1483 1794 1519 posuit
1820 1483 1976 1516 Papinianus
1996 1484 2025 1509 in
2044 1484 2062 1509 l.
2077 1482 2277 1509 Filiusfamilias
2289 1483 2320 1508 D.
2335 1479 2367 1508 de
2378 1481 2426 1508 Ca-

282 1526 480 1553 sundfflnentum
490 1544 496 1555 ‚
516 1523 579 1549 fides
612 1523 649 1549 ld·
664 1522 716 1549 Off·
733 1531 758 1555 1,
772 1531 801 1555 23
821 1532 842 1548 c·
857 1530 883 1556 7-
954 1521 1095 1548 Libertatis
1110 1520 1249 1547 firmiffima
1264 1520 1323 1545 fun·
1384 1521 1471 1548 strensi
1485 1519 1607 1555 peculio,
1630 1518 1683 1545 vid.
1692 1520 1773 1555 sopra
1788 1519 1865 1544 Diem
1881 1518 1965 1552 fungi.
2023 1542 2025 1544 .
2081 1518 2162 1544 Pauli.
2177 1518 2193 1543 l.
2206 1521 2236 1550 63
2250 1518 2282 1544 D.
2295 1516 2328 1544 ad
2339 1517 2356 1543 Ι.
2370 1515 2427 1543 Fal·-

283 1561 402 1587 damenta
428 1560 465 1586 Id.
480 1568 527 1593 pro
540 1560 620 1585 Corn.
637 1558 708 1584 Balb.
724 1567 756 1589 31.
825 1558 943 1592 Operum
959 1557 1059 1591 fastigia
1067 1556 1228 1591 spectantur‚
1244 1555 1323 1581 latent
1385 1556 1435 1583 eid.
1458 1556 1543 1581 Pretia
1556 1563 1644 1581 rerum
1659 1563 1713 1580 non
1726 1562 1756 1579 ex
1772 1553 1882 1586 affeftu,
1904 1562 1951 1579 nee
1964 1552 2079 1580 vtilitaoe
2098 1553 2276 1587 fingulorum,
2292 1552 2334 1579 sed
2354 1556 2424 1578 mm-

284 1596 452 1622 fundamenta
479 1595 627 1627 Quintius
643 1603 763 1628 prooem.
834 1593 971 1620 Orationis
985 1592 1185 1619 fundamentum
1193 1590 1324 1625 praeclare
1333 1603 1370 1629 40
1384 1592 1502 1618 munitet·
1516 1591 1676 1625 funguntur:
1710 1591 1776 1616 velut
1791 1587 1896 1623 officium
1910 1589 1954 1615 hoc
1966 1589 2090 1616 haberent.
2127 1591 2193 1615 Nam
2207 1592 2278 1616 etiam
2289 1589 2426 1614 inanimata

284 1631 384 1657 iae'ium
417 1630 472 1656 Cic.
491 1630 522 1654 de
537 1629 573 1655 N.
589 1629 611 1654 D
635 1637 660 1661 1,
679 1638 717 1661 43.
806 1629 945 1655 Virtutum
966 1629 1089 1654 omnium
1107 1627 1325 1664 fundamentum,
1384 1628 1540 1662 funguntur.
1637 1624 1769 1651 Columel.
1785 1633 1804 1657 1,
1813 1632 1834 1658 5,
1848 1633 1865 1657 9
1885 1625 2014 1659 Quisquis
2026 1624 2145 1651 aedificia
2158 1624 2230 1651 volet
2239 1621 2426 1656 indecliuibus

285 1667 368 1701 pietas
394 1665 465 1691 Idem
480 1673 527 1698 pro
541 1663 624 1689 Planc.
639 1672 668 1694 29
683 1672 702 1688 c.
712 1671 747 1690 12.
816 1663 893 1690 Sedes
908 1671 933 1689 et
947 1663 1147 1690 fundamentum
1165 1662 1324 1689 constituen-
1385 1664 1453 1690 areis
1466 1662 1614 1693 exstruere,
1635 1661 1736 1694 semper
1750 1661 1782 1686 ab
1797 1660 1927 1686 inferiore
1944 1666 2016 1694 parte
2031 1661 2191 1694 auspicetur:
2224 1659 2285 1694 quia
2299 1666 2381 1691 quum
2393 1663 2428 1682 ex

284 1702 331 1728 dae
346 1701 421 1732 fidei,
442 1700 558 1726 narratio
584 1697 622 1724 Id.
639 1698 665 1723 in
679 1698 765 1723 Partit.
782 1706 815 1728 31.
886 1699 976 1724 Solum
990 1698 1123 1733 quoddam
1141 1705 1219 1733 atque
1233 1697 1325 1724 funda·
1387 1697 1541 1733 depressiore
1554 1697 1614 1722 loco
1627 1696 1726 1722 fuerint
1739 1696 1797 1722 orsa
1810 1695 1981 1723 fundamenta
1990 1716 1997 1727 ‚
2014 1705 2067 1722 non
2080 1695 2164 1722 solum
2177 1693 2341 1729 superficiem
2356 1692 2428 1718 suam

284 1744 403 1763 mentum
416 1735 467 1767 est,
492 1733 636 1760 verborum
650 1733 707 1758 vsus
722 1737 747 1757 et
761 1733 835 1765 copia
848 1732 980 1759 bonorum
1018 1734 1073 1759 Cic.
1087 1733 1119 1759 de
1133 1735 1205 1759 Orat.
1218 1742 1231 1763 3
1241 1753 1248 1763 ‚
1268 1740 1324 1764 149.
1385 1734 1464 1760 facile
1477 1732 1652 1763 sustinebunt,
1671 1732 1713 1758 sed
1725 1738 1750 1758 et
1765 1741 1813 1766 pro
1827 1731 1927 1758 fultura
1940 1738 1966 1758 et
1979 1731 2171 1759 substruffione
2184 1731 2328 1764 fungentur
2339 1726 2430 1753 aduena
2474 1747 2475 1751 ,

284 1771 459 1797 Caementitia
475 1770 659 1799 fundamenta,
691 1766 746 1801 yid.
767 1774 869 1793 CAEM
880 1774 895 1793 E
907 1774 1029 1793 NTVM.
1119 1767 1213 1792 Stabili
1232 1767 1324 1791 funda·
1338 1779 1371 1803 45
1386 1769 1426 1793 sus
1442 1777 1481 1798 ca,
1495 1775 1562 1800 quae
1581 1775 1661 1797 mox,
1680 1767 1698 1792 si
1719 1767 1790 1796 forte
1811 1767 1903 1793 villam
1923 1767 2055 1801 prolatare
2075 1766 2201 1798 libuerit,
2220 1765 2252 1792 ad
2265 1762 2385 1798 superior

282 1812 375 1832 mento
389 1810 475 1830 manet
488 1805 595 1830 fortuna
609 1804 742 1834 [ιιι-τεὺς,
756 1811 821 1828 1120.
895 1803 916 1828 A
928 1801 1115 1832 fundamento,
1132 1800 1183 1826 vid.
1199 1802 1220 1826 A
1236 1802 1323 1834 Prae-p.
1384 1808 1485 1837 partem
1499 1800 1708 1834 applicabuntur.
1748 1801 1820 1835 Conf.
1845 1804 2003 1828 Fv‘NC'rio.

282 1841 364 1868 Plaut.
380 1839 448 1865 Rud.
465 1847 484 1869 2,
498 1846 529 1869 2,
545 1845 580 1869 33.
648 1838 737 1870 'Agere
750 1837 916 1863 fimdamenta
950 1837 1006 1863 Cic·
1020 1846 1068 1870 pro
1084 1836 1178 1862 Milon.
1193 1838 1228 1870 76
1247 1845 1267 1862 c.
1282 1843 1324 1868 27.
1423 1842 1440 1863 F
1452 1844 1471 1863 v
1482 1842 1531 1862 NG
1542 1835 1553 1861 i
1562 1834 1600 1862 Βῐ
1608 1842 1665 1861 L1s
1676 1855 1683 1867 ,
1720 1843 1743 1861 e.
1787 1835 1846 1861 Adi.
1884 1836 2071 1870 lin-isconsulsis
2096 1835 2239 1870 familiare.
2276 1831 2403 1868 Fungibil

282 1876 336 1903 vid.
365 1882 385 1901 A
398 1880 417 1900 G
430 1880 460 1899 O.
533 1871 691 1898 Conuellere
702 1870 887 1902 fundamenta,
907 1872 960 1896 vid.
975 1878 991 1897 C
1003 1878 1022 1896 O
1036 1878 1058 1896 N
1068 1878 1089 1897 V
1098 1878 1114 1897 E
1124 1878 1139 1896 L
1149 1878 1164 1897 L
1173 1878 1202 1897 Ο.
1267 1871 1325 1895 Dis·
1387 1874 1449 1897 enim
1468 1880 1509 1897 res
1527 1877 1632 1902 vocant,
1652 1872 1720 1905 Qcae
1740 1869 1872 1902 consistunt
1884 1873 1911 1896 in
1925 1880 2038 1903 numero,
2054 1870 2161 1906 pondere
2170 1890 2177 1901 ‚
2195 1877 2219 1896 et
2231 1870 2342 1904 mensura
2357 1879 2364 1893 .-

283 1911 345 1939 iecit
360 1920 373 1937 a
385 1907 562 1936 fundamentis
574 1914 659 1932 arcem
686 1905 754 1938 Nep.
769 1913 815 1936 20,
828 1913 857 1936 3,
872 1914 891 1936 3.
943 1904 1015 1929 Idem
1029 1913 1071 1935 23,
1085 1911 1117 1943 7)
1130 1912 1160 1943 J.
1232 1906 1326 1929 Emota
1385 1907 1506 1934 Pecunia,
1541 1911 1692 1936 rumentum,
1711 1908 1812 1936 vinum,
1830 1907 1906 1931 oleum
1922 1916 1929 1930 :
1964 1915 2066 1940 quarum
2078 1906 2135 1931 adeo
2150 1907 2228 1930 altera
2241 1905 2317 1938 fungi
2328 1905 2403 1931 alteri
2420 1926 2431 1935 Δ

282 1948 331 1974 fun
341 1946 451 1971 lamenta
466 1943 549 1978 quatit
576 1942 650 1975 Virg.
666 1941 729 1966 Aen.
745 1948 766 1970 2,
780 1942 833 1965 610.
926 1938 1033 1964 Habere
1045 1939 1107 1964 mali
1124 1937 1366 1975 titiidaitient11n150
1385 1942 1440 1963 vice
1450 1944 1508 1973 pote
1533 1957 1539 1963 .
1577 1938 1678 1963 Caetera
1692 1945 1795 1972 corpora
1809 1942 1836 1964 in
1850 1941 1939 1964 vniuer
1953 1949 1990 1964 um
2004 1943 2101 1971 omnia,
2120 1948 2245 1975 omnesque
2257 1936 2445 1976 aliae-speciei&

283 1989 309 2009 et
322 1991 336 2009 r
345 1982 422 2008 ‘dices
436 1980 543 2005 altiores
572 1978 626 2004 Cic.
640 1976 672 2003 ad
684 1976 755 2003 Brut.
769 1983 805 2008 17.
884 1974 973 2000 Iacere
992 1973 1160 1999 fundamenta
1194 1970 1325 2004 Quinctil.
1386 1973 1505 1999 dicuntur
1518 1973 1567 1998 Res
1581 1981 1634 1998 non
1646 1972 1798 2006 fungibiles.
2433 1966 2441 1975 “

283 2027 304 2050 1,
324 2027 343 2051 4
436 2015 491 2042 Cic.
506 2022 553 2048 pro
568 2013 648 2039 Flacc.
664 2021 682 2045 4
713 2009 793 2037 Nihil
806 2009 840 2035 est
853 2016 986 2044 praeterea
1002 2018 1055 2043 quo
1068 2009 1160 2043 fugere
1180 2008 1327 2042 possumus,
1427 2014 1443 2034 F
1454 2014 1504 2034 VN
1515 2013 1580 2036 CT]
1591 2013 1610 2033 0
1620 2027 1629 2039 ,
1648 2008 1714 2033 finis.
1733 2007 1753 2034 f.
1790 2007 1987 2042 [ἐπιτελείωσις]
2021 2008 2077 2035 Cic.
2092 2008 2175 2036 Tusc.
2190 2018 2212 2040 2,
2223 2017 2252 2043 33
2266 2019 2286 2036 c.
2296 2016 2321 2044 ις
2339 2009 2440 2037 Labor·

282 2053 332 2080 nisi
346 2053 415 2078 forte
427 2059 492 2085 quae
505 2058 544 2076 res
559 2048 608 2075 hoc
623 2047 724 2073 iudicio
737 2051 868 2077 tentetur,
888 2044 951 2080 quid
973 2052 1079 2078 agatur,
1104 2045 1147 2070 cui
1165 2044 1253 2070 causae
1266 2043 1325 2068 fun-
1387 2043 1423 2070 est
1435 2042 1540 2070 funetio
1553 2043 1680 2077 quaedam
1693 2043 1734 2069 vel
1747 2043 1847 2076 animi,
1866 2044 1909 2070 vel
1923 2044 2042 2078 corporis
2054 2045 2185 2078 grauioris
2198 2046 2285 2080 operis
2298 2051 2324 2071 et
2335 2053 2427 2071 mune-

284 2090 405 2115 damcnta
420 2087 565 2117 iaciantur,
589 2082 689 2110 iudices
711 2081 817 2107 videtis.
865 2115 870 2119 .
909 2080 981 2105 Idem
996 2081 1067 2105 Fam.
1083 2088 1124 2109 12,
1145 2086 1175 2111 ις
1213 2079 1267 2112 Ego
1286 2078 1325 2104 mi
1387 2079 1434 2106 ris.
1506 2079 1562 2105 Cic.
1579 2079 1655 2104 Verr.
1670 2087 1693 2111 3,
1709 2086 1733 2111 ις
1748 2087 1768 2104 c.
1783 2081 1800 2105 6
1819 2079 1995 2106 Ita-decumas
2009 2079 2067 2114 lege
2081 2077 2226 2107 Hieronica
2243 2082 2344 2115 semper
2363 2089 2426 2106 ven-

285 2122 430 2154 Cornifici,
454 2130 507 2156 quo
527 2120 569 2146 die
585 2120 701 2154 primum
722 2117 749 2143 in
768 2117 838 2150 spem
852 2114 982 2141 libertatis
995 2115 1118 2153 ingressus
1135 2114 1190 2139 sum
1199 2132 1214 2152 2.
1227 2119 1255 2152 et
1265 2121 1327 2138 cun·
1345 2123 1373 2148 53
1388 2113 1483 2152 dendas
1496 2115 1665 2143 censuerunt,
1682 2119 1710 2140 vt
1726 2114 1759 2139 iis
1773 2114 1915 2142 iucundior
1928 2116 1987 2142 esset
2000 2116 2116 2141 muneris
2130 2116 2203 2143 illius
2217 2116 2328 2147 fnnffio,
2341 2115 2426 2142 sieius
2455 2136 2457 2143 .

285 2158 416 2186 &antibus
432 2156 540 2182 cacteris
553 2155 582 2181 ad
596 2162 621 2180 ‘x
631 2162 640 2180 1
651 2161 676 2180 ιι
697 2151 802 2180 Calend.
818 2152 871 2177 Ian.
886 2150 1055 2176 fundamenta
1068 2147 1191 2181 Reipubl.
1206 2156 1273 2180 ieci,
1294 2155 1327 2172 eo
1387 2156 1474 2182 regis,
1493 2149 1539 2181 qui
1553 2148 1647 2174 Siculis
1661 2148 1802 2175 carissimus
1814 2150 1883 2182 fuit,
1899 2159 1953 2176 non
1967 2151 2052 2177 solum
2064 2151 2183 2178 instituta
2199 2157 2360 2178 commutato
2379 2151 2425 2179 im'-
2458 2159 2459 2162 ’

286 2195 344 2229 ipso
356 2193 399 2219 die
413 2192 519 2226 prouidi
534 2190 663 2221 multum,
682 2195 761 2222 atque
772 2186 854 2214 habui
868 2186 999 2212 rationem
1015 2184 1149 2218 dignitatis
1163 2189 1231 2222 tuae.
1287 2181 1326 2207 Id.
1386 2183 1478 2217 perio,
1498 2191 1593 2208 verum
1617 2183 1697 2208 etiam
1718 2192 1814 2209 nomen
1839 2192 1964 2212 maneret.
2159 2185 2180 2224 q
2205 2196 2222 2214 Ζ
2256 2186 2424 2216 Ρυῃᾶὶοηῌπ
2457 2184 2459 2186 ,

285 2230 358 2257 Fam.
373 2237 400 2254 10
410 2248 416 2259 ,
428 2236 460 2259 29
486 2226 530 2252 Illi
542 2225 609 2251 mihi
623 2224 719 2250 necesse
734 2223 769 2249 est
784 2221 936 2251 concedant,
949 2226 977 2247 vt
990 2220 1040 2246 tibi
1055 2220 1111 2254 plus
1124 2227 1202 2253 quain
1217 2217 1262 2251 ipsi
1276 2217 1327 2243 hoc
1382 2226 1432 2253 pro
1446 2225 1522 2243 morte
1534 2223 1606 2252 atque
1618 2221 1723 2243 interitu
1733 2218 1838 2252 posuisti»
1850 2223 1949 2246 videtur
1961 2221 2062 2247 Arnob.
2071 2230 2084 2247 2
2095 2231 2120 2255 p,
2130 2225 2161 2247 62
2169 2223 2230 2249 med,
2248 2222 2340 2249 onmis
2354 2215 2421 2249 ‘en'ffig

286 2271 405 2299 tempore
421 2262 534 2297 prodesse
548 2260 653 2295 poffin1;
689 2259 760 2292 quod
780 2257 887 2291 quidem
906 2265 952 2282 nec
971 2255 1058 2281 destiti
1078 2255 1182 2285 facere,
1205 2263 1252 2280 nec
1265 2252 1328 2279 defi-
1388 2252 1465 2287 passio
1478 2252 1524 2278 leti
1538 2259 1617 2287 atque
1631 2252 1752 2279 interitus
1764 2255 1842 2280 ianua
1855 2254 1907 2288 est,
1925 2254 1957 2281 ad
1972 2262 2085 2281 mortem
2099 2255 2194 2282 ducens
2213 2258 2257 2283 via
2275 2265 2300 2284 et
2318 2251 2419 2288 ineuitaf

287 2301 366 2330 stam,
394 2305 419 2324 et
443 2298 496 2323 iam
522 2297 549 2322 in
577 2295 693 2321 maxima
714 2294 813 2325 refeci,
848 2298 873 2318 et
892 2291 1061 2318 fundamenta
1080 2291 1134 2317 Ieci
1154 2289 1241 2315 salutis
1259 2294 1327 2314 tuae.
1350 2289 1471 2317 60bilem
1485 2288 1563 2314 rebus
1577 2287 1685 2314 afferens
1703 2288 1876 2316 functionem.
1981 2292 2012 2316 Et
2027 2299 2039 2316 2
2054 2300 2077 2324 p.
2092 2296 2122 2319 82
2136 2298 2200 2317 extr.
2236 2293 2287 2319 Hic
2301 2290 2421 2320 enimn.

286 2336 356 2362 lacta
369 2332 525 2360 defensionis
538 2330 709 2357 fundamenta
739 2328 793 2355 Cic.
808 2337 857 2361 pro
871 2328 990 2353 Muraen.
1005 2335 1042 2359 14.
1124 2325 1196 2351 Idem
1214 2324 1328 2358 Philipp.
1389 2325 1529 2358 (animas)
1549 2330 1621 2349 retur
1634 2324 1681 2349 effe
1694 2330 1846 2357 perpetuas,
1864 2330 1890 2351 et
1904 2325 2028 2359 superesse
2041 2325 2194 2352 mortalium
2208 2326 2352 2355 functioni:
2381 2327 2423 2354 ‘sti-

288 2380 307 2402 1,
323 2379 332 2397 1
358 2371 492 2403 Quantum
509 2368 536 2393 in
549 2376 590 2392 me
603 2366 672 2397 fuit,
690 2364 742 2390 leci
754 2363 923 2390 fundamenta
936 2363 1013 2396 pacis.
1084 2361 1217 2387 Contraria
1230 2371 1237 2385 s
1274 2360 1328 2386 Cic.
1389 2359 1484 2394 peresse
1497 2358 1542 2385 ille
1556 2368 1610 2385 non
1624 2359 1722 2389 credit,
1738 2359 1780 2384 sed
1794 2368 1852 2385 cum
1868 2359 1926 2393 ipsis
1940 2360 2097 2394 corporibus
2112 2359 2228 2387 interire.
2299 2365 2331 2388 Et
2349 2369 2377 2396 p:
2393 2357 2423 2392 εἰς

288 2415 337 2441 pro
352 2404 466 2431 Marcell.
479 2405 513 2429 26
542 2402 663 2428 Tantum
677 2399 737 2426 abes
750 2408 764 2425 a
778 2397 942 2433 perfeftione
962 2397 1140 2424 maximorum
1153 2404 1262 2430 operum
1272 2415 1280 2427 ,
1301 2400 1329 2421 vt
1390 2402 1454 2421 exer.
1476 2395 1533 2420 Deo
1552 2395 1599 2421 effe
1618 2394 1642 2420 se
1661 2401 1767 2428 gnatos,
1786 2403 1832 2420 nec
1851 2395 1899 2421 fati
1912 2394 2044 2421 obnoxios
2058 2394 2159 2429 legibus
2172 2406 2178 2421 z
2209 2395 2227 2421 si
2241 2397 2322 2426 vitam
2335 2396 2422 2423 restri-

287 2440 468 2471 fundamenta‚
489 2445 556 2472 quae
568 2437 683 2470 cogitas,
707 2434 825 2460 nondum
844 2435 948 2459 leceris.
1038 2433 1132 2458 Latent
1161 2430 1331 2457 fundamenta
1391 2430 1459 2456 &ius
1479 2431 1597 2464 egerint,
1614 2430 1700 2455 aulam
1724 2429 1772 2456 sibi
1796 2430 1852 2456 eius
1880 2435 1982 2464 patere,
2003 2439 2032 2456 ac
2048 2431 2105 2465 post
2125 2430 2238 2457 hominis
2256 2427 2420 2458 funfflonem

288 2476 420 2510 Qiinffll.
434 2475 461 2500 in
477 2481 594 2508 prooem.
610 2480 629 2498 1.
723 2470 821 2496 Locant
834 2469 881 2494 alii
895 2468 1063 2494 fundamenta
1072 2488 1079 2500 ‚
1101 2476 1156 2502 pars
1166 2467 1261 2493 ducere
1275 2475 1330 2491 mu-
1345 2470 1376 2500 65
1391 2466 1547 2500 prohibente
1561 2466 1586 2491 se
1599 2465 1673 2491 nullo
1688 2472 1811 2499 tanquam
1824 2466 1852 2491 in
1866 2465 1951 2499 sedem
1963 2466 2060 2492 referri
2074 2467 2206 2501 patritam.
2240 2466 2287 2493 Sed
2298 2465 2330 2500 esi
2341 2473 2423 2501 nempe

287 2521 332 2539 ros
357 2511 433 2545 Virg.
447 2511 510 2536 Aen.
525 2517 545 2540 1,
558 2515 613 2540 432.
684 2506 783 2532 Locare
797 2503 966 2530 fundamenta
986 2504 1013 2529 in
1033 2503 1137 2529 lubrico
1156 2508 1234 2536 atque
1255 2501 1330 2527 insta-
1390 2503 1498 2535 ἓυφημία
1512 2504 1539 2526 in
1554 2501 1598 2526 hoc
1611 2504 1721 2532 nomine,
1740 2509 1785 2536 quo
1798 2501 1924 2527 indicatur
1937 2501 2061 2536 necessitas
2074 2502 2118 2528 illa
2131 2500 2268 2534 moriendi,
2282 2508 2306 2527 et
2316 2502 2425 2536 fungen-

286 2547 339 2575 bili
352 2547 411 2573 loco
439 2545 503 2571 Plin.
518 2546 556 2575 36,
572 2552 609 2576 14.
681 2541 774 2567 Ordiri
788 2539 956 2565 fundamenta
971 2548 1002 2564 ex
1015 2538 1168 2573 depressiore
1181 2538 1258 2568 loc0,
1278 2535 1331 2562 md.
1389 2537 1417 2564 di
1430 2537 1471 2563 zuo
1486 2538 1572 2563 ultimo
1586 2533 1672 2569 officio.
1868 2533 1888 2573 ff
1911 2544 1923 2568 3
1961 2538 2110 2563 Inanimatis
2120 2541 2193 2563 etiam
2212 2536 2324 2563 Ρῃῃὸὶὶο
2343 2546 2427 2564 canuc.

292 2590 312 2610 0
326 2590 344 2609 R
356 2588 392 2608 DI
402 2588 422 2607 Ο
432 2587 461 2607 R.
531 2578 645 2604 Positum
658 2576 692 2602 est
707 2574 891 2610 philosophiae
905 2574 1103 2602 fundamentum
1119 2574 1146 2599 in
1167 2572 1263 2598 finibus
1284 2570 1331 2597 bo-
1391 2576 1445 2603 nit,
1466 2578 1493 2598 υι
1508 2572 1606 2605 Fungo.
1694 2571 1774 2597 Pauli.
1789 2571 1816 2597 in
1830 2571 1847 2597 l.
1864 2580 1880 2597 2
1892 2569 1915 2607 ᾗ.
1930 2572 2016 2597 Mutui
2030 2572 2103 2598 datio
2115 2573 2147 2598 D.
2161 2572 2186 2598 Si
2202 2579 2302 2598 certum
2317 2579 2426 2613 petatur,

289 2627 388 2645 norum
400 2615 567 2642 etmalorum
594 2613 651 2639 Cic.
667 2611 699 2638 de
713 2611 804 2637 Diuin.
819 2619 846 2641 2,
862 2619 886 2636 2.
959 2610 1058 2635 Ponere
1077 2608 1247 2634 fundamenta
1261 2607 1331 2632 Con·
1390 2607 1479 2634 Mutui
1497 2606 1570 2633 datio
1587 2605 1700 2633 confiuit
1719 2607 1748 2632 in
1768 2607 1800 2633 iis
1813 2606 1901 2639 rebus,
1916 2616 1983 2641 quae
2004 2607 2136 2642 pondere,
2162 2616 2290 2640 numere,
2309 2608 2425 2636 mensura
2456 2623 2457 2626 =

289 2654 385 2680 sulatns
418 2651 490 2677 Idem
504 2650 531 2675 in
546 2649 630 2674 Pison.
646 2656 661 2679 9
680 2656 700 2672 c.
711 2655 737 2679 4.
807 2646 906 2672 Ponere
932 2645 1062 2671 virtutum
1093 2644 1215 2670 omnium
1240 2640 1332 2668 funda·
1342 2649 1376 2676 70
1392 2642 1526 2668 constant:
1561 2643 1686 2676 quoniam
1707 2650 1797 2668 earum
1815 2651 1904 2668 rerum
1922 2643 2027 2669 datione
2046 2644 2174 2677 possumus
2193 2644 2222 2669 in
2233 2644 2361 2670 creditum
2373 2644 2426 2673 ire}

291 2693 378 2715 menta
393 2687 421 2712 in
435 2685 571 2718 voluptate
583 2691 706 2716 tanquam
720 2683 748 2707 in
762 2689 829 2714 aqua
861 2681 898 2706 Id.
912 2681 944 2706 de
958 2681 1016 2706 Fiu.
1032 2689 1060 2713 2,
1073 2687 1107 2714 72
1121 2689 1141 2705 c.
1155 2687 1196 2705 22.
1268 2677 1332 2704 Sub-
1392 2678 1455 2712 quia
1469 2677 1496 2703 in
1511 2686 1605 2711 genere
1616 2677 1662 2703 suo
1676 2677 1841 2703 fun&ionem
1854 2678 1985 2712 recipiunt
1999 2687 2044 2713 per
2057 2678 2225 2710 solutionem,
2243 2687 2321 2713 quam
2335 2675 2435 2714 speci

292 2723 391 2751 struere
408 2720 607 2747 fundamentum
631 2718 713 2744 Plaut.
727 2715 803 2742 Most.
820 2724 838 2747 1,
853 2724 878 2747 2,
892 2725 935 2749 40.
1390 2716 1409 2739 ι’.
1431 2714 1510 2739 vicem
1524 2720 1646 2745 mutuam,
1658 2713 1857 2748 persolutionem
1871 2722 1909 2739 nm
1928 2717 1960 2746 is,
1968 2723 2038 2749 quam
2044 2721 2090 2749 per
2097 2714 2212 2750 speciem.
2254 2716 2321 2740 Nam
2333 2715 2361 2740 in
2373 2723 2385 2740 e

329 2765 344 2784 F
356 2764 376 2783 v
388 2763 410 2783 N
418 2762 437 2782 D
446 2763 468 2782 Α
477 2762 501 2781 Μ
510 2761 527 2781 Ε
536 2760 555 2779 N
566 2760 588 2780 T
597 2760 620 2780 A
628 2759 644 2778 L
654 2760 663 2778 1
672 2759 684 2778 s
693 2771 701 2783 ,
735 2760 759 2777 e.
814 2750 875 2777 Adi.
928 2749 1010 2778 Solido
1030 2748 1197 2785 fundamento
1221 2751 1331 2774 innixus.
1393 2748 1456 2775 teris
1477 2748 1554 2774 rebus
1576 2749 1626 2782 (vt
1643 2747 1731 2782 Jisbdit
1749 2748 1869 2780 Paullus)
1892 2723 1953 2775 iefeo
1976 2750 2004 2775 in
2022 2749 2151 2777 creditum
2167 2748 2207 2776 ire
2218 2758 2272 2775 non
2285 2751 2385 2784 possum
2457 2765 2459 2771 ·

297 2792 368 2821 Vnde
1392 2784 1455 2819 quia
1468 2784 1538 2810 aliud
1553 2792 1601 2818 pro
1615 2784 1669 2810 alio
1681 2783 1768 2810 inuito
1782 2783 1908 2811 creditori
1922 2785 1989 2811 solui
2002 2794 2055 2811 non
2068 2785 2159 2819 potest.
2312 2780 2314 2784 ’
2431 2782 2434 2786 ’

332 2835 346 2854 F
355 2834 375 2852 V
386 2835 405 2853 N
415 2833 433 2852 ῃ
444 2833 464 2852 Α
474 2832 499 2851 Μ
510 2830 527 2850 E
538 2831 560 2850 N
569 2829 591 2848 'r
599 2829 620 2850 A
629 2829 663 2849 1.1
673 2828 694 2848 T
703 2828 720 2848 E
728 2827 756 2847 R.
790 2819 858 2846 Adu.
913 2819 1003 2847 Sidon.
1018 2818 1096 2854 Epist.
1105 2828 1118 2852 3
1126 2839 1134 2852 ‚
1149 2824 1162 2849 8
1177 2825 1240 2845 extr.
1265 2819 1333 2845 Fun·
1347 2824 1379 2853 75
1429 2826 1443 2845 F
1458 2827 1478 2845 v
1488 2827 1508 2845 N
1517 2826 1533 2846 c
1543 2827 1563 2846 T
1572 2826 1593 2845 v
1603 2826 1616 2846 s
1624 2839 1632 2851 ,
1652 2827 1666 2844 a
1674 2838 1682 2850 ,
1701 2828 1755 2845 um.
1772 2820 1837 2846 Part.
1880 2820 1937 2846 Viti.
1946 2821 2027 2856 supra
2038 2824 2065 2846 in
2081 2827 2098 2846 F
2107 2827 2128 2846 v
2137 2828 2158 2846 N
2167 2826 2188 2846 G
2198 2825 2217 2846 o
2228 2826 2255 2846 R.
2292 2822 2354 2847 Stat.
2361 2814 2431 2852 Silia:
2446 2827 2449 2830 ’

295 2862 477 2890 damenffllitn·
496 2868 596 2886 eruere.
1069 2893 1074 2897 μ
1392 2863 1413 2885 2,
1429 2863 1448 2886 ι,
1468 2863 1518 2886 209
1553 2870 1599 2874 -—
1633 2855 1730 2881 Omnia
1760 2854 1850 2881 funeta
1885 2857 1938 2882 Aut
1967 2856 2096 2883 moritura
2127 2855 2210 2882 vides.
2249 2858 2268 2881 i.
2288 2850 2439 2892 DefunHaeL.

330 2905 346 2925 r
356 2906 375 2924 v
387 2906 406 2924 N
418 2904 434 2923 E
443 2904 458 2923 Β
468 2904 485 2922 R
498 2902 506 2921 1
520 2903 547 2926 s,
568 2900 583 2919 r
594 2900 611 2917 v
622 2899 668 2919 NE
678 2898 690 2918 s
701 2897 723 2918 Τ
735 2897 755 2917 v
767 2896 780 2917 s
790 2911 798 2923 ‚
827 2897 842 2917 F
851 2897 901 2916 VN
911 2897 953 2917 ER
964 2896 984 2918 ο
999 2910 1008 2923 ,
1044 2889 1099 2917 vzd.
1122 2897 1137 2916 r
1148 2896 1167 2915 v
1179 2897 1200 2916 N
1210 2895 1229 2915 v
1238 2896 1260 2916 s.
1391 2890 1523 2922 Fundus,
1542 2890 1703 2924 abfhlutepro
1717 2897 1809 2916 mortuo
1824 2890 1950 2917 Albinou.
1964 2891 1995 2917 ad
2010 2891 2068 2917 Liu.
2087 2900 2112 2916 v.
2134 2899 2186 2921 393-
2206 2891 2249 2916 vbi
2268 2891 2319 2918 vid.
2342 2893 2433 2920 Borma¹
2456 2911 2457 2915 ,

332 2940 349 2960 F
358 2941 377 2958 v
389 2939 408 2958 Ν
419 2939 464 2959 ΕΤ
473 2938 493 2956 ν
502 2938 522 2956 m
534 2950 542 2963 ,
576 2928 628 2954 oid.
654 2934 669 2954 F
678 2933 697 2951 v
710 2933 730 2952 Ν
742 2934 761 2952 v
771 2934 793 2952 S.
827 2961 834 2966 .
1393 2925 1485 2952 Ριιιιὲὶί
1496 2945 1502 2955 ,
1524 2924 1588 2950 dieii
1601 2924 1632 2950 ab
1647 2934 1678 2951 eo
1687 2945 1694 2956 ‚
1715 2925 1787 2959 quod
1801 2926 1944 2960 fungantur
1955 2926 2057 2952 honore
2071 2931 2096 2951 et
2109 2924 2198 2952 officio
2219 2926 2311 2960 aliquo
2333 2926 2436 2954 Indoi-:⁴

334 2975 379 2995 pv
389 2975 438 2995 NG
448 2975 467 2994 Ο
477 2974 494 2993 u
504 2986 510 2997 ‚
535 2964 640 2991 funGtus
663 2963 717 2989 sum
728 2982 735 2993 ‚
760 2961 843 2995 fungi.
887 2961 980 2994 [τελέω
989 2980 996 2992 ,
1016 2959 1148 2995 ἒπιτελέω]
1203 2958 1333 2994 Officium,
1392 2969 1418 2993 9,
1433 2971 1459 2995 4.
1531 2959 1594 2993 Paſjss
1614 2960 1673 2987 Tot
1686 2960 1837 2995 sacerdotia,
1849 2968 1888 2988 tot
1898 2961 2040 2988 ministeria
2053 2969 2188 2995 perperam
2204 2961 2295 2988 func'ta
2308 2961 2431 2989 Tertull..

295 3013 429 3039 munusque
441 3011 519 3038 agere.
541 3003 578 3027 De
585 2996 824 3031 consirzafflonecum
831 2996 1146 3023 Acc.etAbI.Lambin.ad
1153 2996 1220 3030 Nep.
1230 3005 1267 3028 14,
1277 3005 1330 3036 1,4:
1346 2999 1378 3023 80
1391 2995 1450 3023 adu.
1464 2997 1573 3027 Haeret.
1590 3004 1629 3028 29.
2436 3006 2441 3010 ·
2458 3000 2460 3006 ’

302 3038 367 3072 Voffi
383 3040 411 3065 de
425 3036 519 3070 Constr.
533 3046 553 3062 c.
563 3046 601 3062 22.
654 3031 734 3065 Potest
749 3041 788 3058 res
799 3034 837 3058 ita
845 3032 954 3067 faciIius
965 3034 1059 3063 teneri,
1070 3030 1228 3064 sidicamus,
1248 3033 1332 3065 Fungi
1431 3037 1447 3057 F
1459 3039 1479 3058 V
1490 3039 1509 3057 N
1520 3038 1540 3058 G
1550 3039 1569 3058 V
1578 3038 1590 3058 S
1599 3051 1606 3062 ‚
1624 3031 1642 3057 i.
1660 3040 1694 3057 m.
1731 3030 1847 3065 [μύκης]
1883 3031 1987 3060 Bolum,
2002 3030 2074 3056 habet
2086 3034 2277 3059 conufflnpun—am
2289 3041 2343 3060 cum
2351 3033 2442 3060 Grae&
2457 3027 2459 3059 ζ

298 3074 341 3109 effi’
362 3076 490 3109 occupari,
515 3072 612 3107 verjari
630 3071 670 3096 vel
688 3068 756 3095 circa
776 3076 842 3099 rem,
869 3069 908 3106 pes
925 3070 951 3106 in
970 3075 1011 3092 re:
1048 3067 1239 3102 praepositiones
1253 3074 1333 3093 autem
1391 3077 1419 3094 co
1432 3067 1542 3099 σπόγγος.
1580 3066 1645 3093 Plin.
1660 3074 1697 3098 22,
1712 3075 1736 3097 23
1759 3067 1908 3106 Fungorum
1922 3065 2020 3092 lentior
2032 3072 2138 3099 natura,
2156 3073 2181 3094 ct
2193 3070 2331 3095 numerosa
2350 3058 2459 3105 genessssl

292 3112 426 3148 supprimi.
497 3108 578 3134 Plaut.
593 3105 669 3132 Most.
684 3113 702 3133 1,
716 3113 735 3136 ι,
750 3111 782 3136 43
806 3103 855 3128 Tu
868 3102 907 3128 1b1
924 3101 984 3128 istos
998 3101 1090 3127 habeas
1103 3109 1225 3132 turtures,
1242 3102 1332 3136 pisces,
1392 3112 1431 3130 ra.
1468 3102 1509 3129 sed
1524 3102 1602 3137 origo
1616 3111 1668 3128 non
1681 3101 1727 3127 nisi
1747 3110 1777 3127 ex
1798 3101 1892 3136 pituita
1910 3100 2042 3127 arborum.
2097 3102 2250 3136 Tutislimi,
2271 3105 2317 3138 qui
2331 3104 2428 3131 ruben!
2447 3118 2459 3125 υ

299 3155 373 3172 aues:
409 3144 461 3171 fine
479 3153 521 3169 mc·
542 3143 631 3168 alliato
644 3140 719 3174 fungi
732 3139 849 3165 fortunas
862 3146 939 3164 meas,
1012 3137 1192 3164 Aduocatione
1214 3137 1333 3164 iniunc‘ta
1393 3138 1473 3168 callo,
1493 3139 1578 3164 minus
1592 3137 1678 3163 diluto
1690 3136 1787 3163 rubore
1800 3146 1876 3172 quam
1890 3135 1982 3162 boleti.
2038 3137 2101 3163 Mox
2123 3139 2243 3171 candidi,
2261 3139 2335 3165 velut
2353 3139 2426 3173 apice

301 3181 377 3215 fungi
399 3180 457 3206 Plin
478 3178 555 3212 Epist.
571 3187 593 3209 2,
609 3185 642 3208 ιι,
656 3184 691 3207 ι9.
763 3173 903 3201 Aedilitate
916 3171 1162 3211 magnificentissima
1183 3173 1238 3200 Cic.
1247 3173 1299 3200 off.
1307 3182 1332 3205 z,
1351 3177 1379 3206 85
1394 3173 1508 3200 flaminis
1523 3173 1664 3207 insignibus
1679 3171 1813 3207 pediculis.
1848 3171 1973 3198 Tertium
1992 3180 2071 3205 genus
2092 3174 2180 3206 suilli,
2200 3175 2307 3200 venenis
2326 3183 2424 3201 accom-

301 3225 342 3251 57.
397 3214 537 3241 Aedilitate
559 3211 675 3239 Cic.0ff.
685 3219 700 3237 2
714 3220 733 3236 c.
743 3217 779 3244 17.
852 3208 969 3235 Tertull.
985 3216 1012 3232 ιιι
1026 3207 1249 3241 l.P1·op<›ncbatur
1260 3210 1291 3235 D.
1300 3209 1332 3235 de
1393 3209 1604 3236 modatissimum.
1640 3208 1712 3243 Conj.
1727 3208 1800 3241 Apic.
1814 3214 1839 3242 7,
1855 3215 1886 3238 13.
1956 3208 2067 3241 Memplv.
2093 3209 2197 3243 Fungus
2210 3210 2286 3236 etiam
2303 3210 2328 3236 in
2343 3210 2426 3237 lucer-

302 3251 428 3278 Castrenfi
442 3249 560 3284 peculio,
588 3245 788 3281 Proponebatur
805 3243 990 3270 filiusfamilias
1010 3243 1084 3268 miles
1098 3244 1250 3270 testamento
1263 3245 1334 3271 facio
1394 3246 1435 3271 nis
1448 3244 1546 3271 dicitur
1560 3254 1565 3269 :
1600 3244 1674 3276 Virg.
1688 3243 1784 3277 Georg.
1800 3252 1820 3274 1,
1834 3250 1880 3274 392
1915 3256 1960 3261 —-
1996 3243 2076 3269 Testa
2090 3254 2171 3279 quum
2185 3245 2291 3272 ardente
2303 3245 2428 3274 viderent

303 3294 456 3313 extraneum
477 3284 597 3311 heredem
618 3282 737 3315 scripfiffe
747 3300 754 3312 ‚
776 3280 869 3306 deinde
885 3278 1017 3313 superstite
1031 3277 1168 3305 deccffiflb:
1204 3285 1275 3312 pater
1290 3279 1333 3305 de·
1395 3280 1542 3307 scintillare
1554 3278 1640 3306 oleum
1651 3298 1657 3308 ,
1672 3284 1697 3304 et
1711 3285 1797 3311 putres
1809 3278 1972 3303 concrescere
1986 3278 2088 3313 fungos.
2113 3280 2226 3306 Seruius.
2265 3282 2330 3306 Nam
2345 3288 2372 3307 υι
2386 3277 2453 3311 ‹ii-⁴3⁷.

302 3323 431 3349 liberante
452 3319 546 3347 herede
567 3318 685 3356 instituto
705 3317 755 3350 ipse
776 3315 845 3341 diem
865 3314 970 3340 fun&us
988 3313 1038 3345 est,
1064 3313 1157 3339 deinde
1177 3314 1266 3351 heres,
1291 3322 1335 3341 etc.
1394 3320 1430 3342 cit
1444 3316 1508 3342 Plin.
1524 3324 1602 3350 quum
1616 3315 1661 3339 a'e‘r
1675 3312 1796 3339 humidus
1810 3313 1857 3338 ess‘e
1872 3315 2003 3346 coeperit,
2024 3315 2114 3341 fauilla
2129 3324 2194 3350 quae
2213 3325 2272 3342 cum
2290 3317 2365 3342 fumo
2385 3314 2437 3343 so21'
2449 3314 2460 3342 ’ἵῖ

303 3362 345 3393 qm·
358 3358 441 3386 diem,
469 3359 486 3382 i.
501 3361 594 3390 tempus
603 3353 653 3386 sthi
667 3352 827 3388 affigvmtum.
840 3354 952 3389 peregit,
979 3349 1018 3390 ille
1039 3356 1147 3375 mortuus
1161 3348 1203 3382 este
1217 3350 1333 3386 intelligi·
1345 3359 1380 3383 90
1395 3352 1430 3378 let
1443 3351 1547 3385 egredi,
1567 3348 1702 3388 prohibita
1715 3349 1782 3388 aeris
1796 3347 1931 3380 crassitate,
1950 3350 1977 3374 in
1991 3350 2104 3376 lucernis
2123 3350 2230 3383 residet,
2251 3358 2277 3377 et
2299 3340 2460 3386 quasdamlffi

305 3400 355 3419 tur.
391 3391 457 3419 Add.
471 3391 559 3418 lustin.
570 3398 607 3422 19,
622 3397 640 3421 1,
651 3396 669 3414 1.
724 3386 794 3420 Sulp.
807 3386 894 3412 Seuer.
909 3384 975 3411 Hnst.
992 3384 1085 3416 hecti,
1098 3394 1109 3416 7
1125 3391 1189 3410 extr.
1246 3387 1337 3419 Nempe
1395 3387 1468 3413 velut
1482 3387 1622 3420 fungorum
1636 3385 1755 3410 imitatur
1767 3391 1900 3417 imagme5⁴
1928 3384 1985 3410 Vni.
2001 3386 2065 3411 pm„
2080 3392 2113 3418 18,
2127 3395 2162 3418 33.
2233 3387 2314 3412 Albos
2327 3375 2460 3422 fungowtfl

305 3429 376 3458 vita,
392 3428 450 3459 die,
472 3427 544 3457 luce,
562 3425 634 3456 fato,
650 3429 695 3449 etc.
731 3422 829 3455 fungor
848 3419 954 3454 effidem
967 3419 1029 3454 quod
1043 3423 1107 3446 uiuo.
1162 3419 1209 3445 Sed
1224 3426 1252 3445 vt
1274 3420 1336 3446 Vixi
1396 3422 1498 3456 colligit
1539 3419 1618 3447 Ouid.
1649 3419 1712 3445 Fast.
1743 3427 1773 3451 4,
1803 3421 1862 3453 697,
1942 3421 2074 3454 Ancipites
2113 3422 2203 3447 quen.
2234 3422 2284 3448 ΞΜ.
2315 3431 2338 3455 ς,
2367 3422 2460 3459 ¹464..

301 3461 427 3496 fignificat
440 3462 496 3494 dclii
510 3465 607 3491 uiuere,
633 3465 741 3485 mortuus
753 3458 825 3492 jum:
861 3457 897 3482 ita
917 3455 1021 3481 funfius
1041 3456 1095 3481 sum
1116 3455 1170 3481 vita
1189 3453 1221 3487 est
1242 3456 1336 3490 cursum
1400 3458 1526 3484 Pluuiales
1545 3454 1626 3482 Ouid.
1639 3455 1702 3480 Met.
1716 3461 1742 3487 7,
1759 3461 1808 3485 293-
1878 3455 2005 3481 Pratenses
2024 3457 2091 3483 Hor.
2104 3457 2184 3484 Serui.
2197 3465 2224 3490 2,
2238 3468 2266 3492 4,
2282 3466 2319 3484 20.
2374 3458 2461 3489 Ve-'¹.;¹

308 3500 375 3522 vitae
385 3504 477 3531 peregi.
532 3498 589 3522 Non
607 3494 721 3520 debebant
737 3495 832 3528 igitur,
853 3494 895 3527 qui
917 3491 990 3517 verba
1005 3493 1218 3525 interpretantur,
1243 3490 1338 3523 dicere,
1397 3494 1496 3519 nenatis
1509 3491 1594 3525 fungis
1607 3490 1726 3516 laborare
1746 3488 1862 3515 Scribon.
1879 3496 1929 3521 198.
1946 3492 2076 3524 hvemefis.
2271 3491 2291 3529 fl
2312 3501 2324 3518 2
2359 3492 2425 3519 Fun·
2452 3483 2461 3493 ’ἵ

309 3531 384 3563 fungi
396 3532 434 3555 vc!
448 3531 553 3563 defungi
568 3530 712 3567 fignificare
734 3531 811 3554 mori:
844 3536 903 3562 quae
926 3536 973 3552 non
995 3529 1074 3561 inagis
1095 3529 1159 3551 mori
1179 3525 1336 3561 significent,
1353 3530 1384 3556 95
1398 3537 1457 3562 gus,
1476 3528 1596 3554 Arborum
1608 3525 1712 3551 morbus.
1768 3524 1831 3550 Plin.
1846 3533 1883 3559 17,
1897 3534 1931 3559 24
1946 3527 1962 3552 s.
1978 3535 2018 3560 37,
2031 3536 2049 3559 4
2078 3526 2143 3553 Olea
2158 3532 2260 3560 praeter
2272 3519 2436 3554 ve1·micula·⁴'

307 3574 379 3600 quam
393 3565 469 3599 ipsum
489 3567 583 3591 uerbum
604 3566 677 3591 viuo.
750 3564 832 3597 Neque
844 3568 957 3588 accurate
971 3563 1065 3587 locutus
1081 3559 1113 3593 est
1134 3562 1259 3595 Pompon.
1280 3562 1296 3587 l.
1310 3571 1339 3594 14
1398 3564 1515 3595 tionem,
1534 3570 1610 3596 quam
1628 3568 1710 3594 aeque
1728 3568 1756 3585 ac
1769 3559 1830 3585 sicus
1850 3562 1941 3594 sentit,
1961 3562 2063 3587 clauum
2077 3562 2154 3588 etiam
2168 3563 2282 3597 patitur,
2302 3563 2354 3589 siue
2367 3564 2424 3590 fun·

310 3601 336 3627 ff.
346 3606 387 3634 pr.
425 3599 505 3624 Filius
519 3601 630 3626 familias
650 3599 726 3625 miles
738 3598 755 3624 fi
769 3605 857 3631 captus
871 3596 938 3631 apud
961 3596 1044 3622 hostes
1064 3597 1119 3622 vita
1137 3597 1276 3630 fungatur,
1296 3597 1337 3623 lex
1398 3608 1458 3633 gum
1472 3599 1553 3632 placet
1565 3595 1632 3629 dici,
1651 3595 1693 3621 vel
1709 3595 1835 3629 patellam.
1857 3596 1919 3623 haec
1933 3597 1967 3622 est
1981 3597 2041 3623 solis
2056 3597 2166 3623 exustio·
2237 3599 2355 3632 Fungus,
2367 3593 2445 3625 irent*

311 3634 435 3662 Cornelia
450 3634 584 3660 subueniet
599 3635 697 3669 scriptis
713 3633 861 3661 heredibus.
916 3633 956 3658 Ne
968 3632 1060 3657 dubites
1070 3651 1077 3663 ‚
1096 3642 1126 3657 an
1147 3632 1201 3658 vita
1215 3633 1339 3666 fungatur
1397 3638 1424 3660 in
1439 3634 1538 3659 auribus
1546 3639 1581 3667 pu
1600 3632 1672 3661 ilum,
1696 3631 1776 3656 Tuber
1784 3635 1926 3666 prominens
1940 3641 1968 3658 ex
1981 3631 2070 3658 ifhbus
2080 3631 2181 3664 cestuum
2190 3652 2197 3664 ,
2210 3632 2250 3666 fic
2262 3633 2428 3667 aflmuitudi-*

305 3668 509 3708 sortesignifirct
522 3669 608 3700 viuat,
622 3677 643 3694 ct
657 3676 823 3705 argumentum
831 3667 945 3704 prohibet
960 3673 983 3692 ct
1004 3667 1020 3693 Ι.
1035 3675 1064 3699 39
1083 3667 1114 3692 dc
1128 3667 1245 3694 Testam.
1260 3668 1337 3694 milit.
1398 3679 1426 3695 ne
1438 3668 1528 3694 difl'us.
1593 3666 1678 3691 ertull.
1693 3665 1724 3692 de
1736 3666 1816 3700 Spe&
1830 3676 1850 3694 c.
1859 3675 1884 3699 23
1896 3674 1960 3694 extr.
1979 3667 2062 3694 Tales
2074 3667 2143 3693 enim
2157 3669 2288 3695 cicatrices
2301 3661 2424 3702 cestuum,

313 3705 401 3739 Epulis
413 3702 497 3744 fun5ti
534 3703 613 3729 Ouid.
626 3705 687 3730 Met.
701 3713 734 3736 4,
747 3707 809 3737 764.
899 3703 963 3729 Fato
993 3702 1097 3728 funestus
1107 3722 1115 3734 ,
1144 3709 1192 3737 pro
1222 3704 1338 3729 Mortuus
1347 3705 1429 3732 rooad
1447 3703 1524 3730 callos
1538 3709 1684 3736 pugnorum
1699 3708 1724 3727 ct
1737 3703 1841 3728 aurium
1855 3702 1949 3736 fungos
1961 3711 1975 3728 a
1989 3703 2038 3729 deo
2051 3711 2109 3729 cum
2124 3703 2170 3729 suo
2185 3703 2305 3737 plasmate
2318 3704 2422 3744 accepit.

313 3739 442 3774 Quinem.
457 3747 483 3769 3,
496 3745 528 3772 7,
541 3746 577 3763 ιω.
645 3740 757 3777 Fortuna
771 3740 892 3773 prospere
906 3737 981 3772 fungi
1010 3738 1064 3763 Cic.
1080 3737 1111 3763 de
1124 3738 1193 3764 Clar.
1207 3739 1280 3765 Orat.
1295 3748 1337 3772 24.
1399 3739 1522 3773 Vegetius
1540 3736 1651 3764 Mulom.
1666 3746 1693 3769 4,
1707 3742 1744 3766 28,
1758 3745 1775 3771 7
1795 3737 1943 3764 commendat
1963 3738 2116 3773 stypticum,
2135 3738 2208 3773 quod
2221 3739 2282 3766 facit
2296 3738 2422 3766 adomnia

313 3777 403 3803 Tacit.
420 3773 487 3801 Hist.
501 3782 531 3804 2,
548 3780 572 3805 51
605 3773 712 3799 Additae
725 3783 785 3808 erga
799 3775 967 3800 Germanicos
979 3772 1227 3805 exercitusjaudes,
1243 3781 1338 3808 grates·
1397 3775 1506 3801 vulnera
1527 3771 1664 3803 hume6ia‚
1683 3778 1707 3798 et
1729 3773 1823 3807 fungos
1843 3772 2012 3799 exsiccandos.
2205 3771 2225 3810 q
2258 3783 2270 3806 3
2307 3776 2423 3810 Fungum

314 3821 380 3846 que,
400 3817 424 3837 et
439 3809 510 3850 missa
523 3808 634 3846 legatio,
654 3817 718 3841 quae
731 3809 826 3842 gaudio
837 3810 1005 3843 fungeretur,
1037 3806 1179 3848 &officium
1192 3810 1292 3849 faceret
1310 3813 1337 3835 in
1376 3822 1378 3829 v
1396 3809 1549 3839 hominem,
1571 3814 1620 3842 pro
1644 3808 1758 3843 Stupido,
1786 3815 1809 3835 et
1830 3808 1920 3844 ιἠῄιζῘο
1939 3808 2024 3845 posuit
2056 3808 2136 3835 Plaut.
2160 3809 2250 3836 Bacch.
2272 3819 2308 3843 4,
2332 3818 2363 3845 7,
2386 3816 2424 3841 23·
2466 3814 2468 3822 '

311 3845 421 3879 testando
434 3844 532 3882 gaudio.
600 3843 660 3869 Liu.
672 3852 689 3874 4
698 3862 706 3873 ‚
721 3851 750 3876 37
762 3850 825 3869 exer.
857 3846 977 3877 Quatuor
990 3849 1069 3869 creati
1085 3844 1155 3876 sunt,
1180 3853 1272 3871 omnes
1285 3853 1337 3871 iam
1394 3851 1418 3870 et
1430 3851 1451 3876 ς,
1466 3852 1485 3875 1,
1498 3851 1522 3868 2.
2007 3850 2012 3856 ⁸
2062 3843 2067 3847 ⁸
2412 3868 2414 3870 ,
2435 3863 2442 3866 .

312 3882 399 3909 func‘ti
411 3889 444 3908 eo
455 3880 565 3907 honore.
618 3877 692 3913 Conf.
705 3877 773 3912 Nep.
787 3886 818 3909 2,
832 3885 863 3911 7,
879 3887 901 3911 3.
970 3878 1118 3909 Laboribus
1134 3879 1239 3906 funtShts
1270 3880 1337 3907 Hor.
1346 3888 1391 3916 105
1433 3885 1478 3905 ἓν
1487 3884 1507 3903 Ν
1518 3884 1538 3904 G
1547 3875 1569 3903 xi
1578 3885 1593 3903 L
1602 3884 1642 3905 vs
1652 3898 1661 3911 ‚
1679 3878 1698 3906 i.
1718 3887 1754 3905 m.
1788 3877 1889 3906 Dimin.
1926 3878 1965 3905 De
1976 3877 2121 3914 Spongiolis
2134 3879 2188 3907 siue
2210 3879 2327 3917 fungulis
2351 3877 2422 3913 Apic.

1396 3922 1418 3947 3,
1430 3921 1471 3940 20.
1506 3920 1530 3940 ce
1543 3920 1572 3946 ς,
1585 3921 1606 3939 2.
2349 3918 2422 3942 RVN·
