2479 4225
293 210 365 251 4¹9
680 188 946 233 ETI
1766 184 2052 230 EVA
2297 155 2428 239 ⁴42⁰

2475 364 2479 377 1

296 286 352 311 Cic.
367 285 418 310 Att.
431 283 467 315 16,
481 289 509 318 ¹7
536 282 566 309 Et
581 281 623 308 illi
637 280 784 310 ostendisti,
799 284 823 305 et
837 285 900 302 vero
913 276 991 301 etiam
1009 275 1086 302 mihi.
1121 275 1195 303 Idem
1208 281 1257 309 pro
1269 273 1328 301 Mu·
1425 283 1473 304 ET
1484 283 1503 302 Y
1513 283 1538 302 M
1547 283 1589 303 or
1600 282 1618 302 o
1628 281 1649 302 G
1659 273 1670 302 i
1681 279 1698 301 c
1709 280 1767 307 VS,
1785 283 1817 308 a,
1836 283 1890 301 um.
1924 275 1984 303 Adi.
2020 277 2235 312 [ἐτυμολογικδς]
2275 277 2323 309 Vt.
2348 277 2430 305 Ratio

298 328 373 346 mena
392 326 432 351 43,
628 316 647 353 q
675 327 692 350 4
730 314 877 348 Ethuoque
899 314 1052 345 increpantis
1072 312 1208 346 particula.
1245 309 1327 336 Plaut.
1389 312 1563 346 etymologica
1578 311 1646 337 Gell.
1664 319 1684 343 1,
1701 315 1732 340 ¹8·
2032 344 2037 346 .
2419 334 2421 337 ,

299 355 364 381 Pers.
379 356 403 385 6,
417 362 443 385 4,
456 362 474 387 4
500 353 626 379 Scelerate
646 352 723 378 etiam
742 347 863 381 respicis?
890 348 947 371 item
960 355 987 380 19
1009 347 1093 372 Etiam
1111 346 1189 372 scelus
1206 345 1274 370 male
1289 344 1329 371 10-
1429 353 1476 373 ΕΤ
1486 354 1535 373 rm
1547 354 1564 373 o
1574 354 1589 372 L
1600 354 1619 373 o
1630 353 1649 373 G
1660 353 1667 371 1
1679 351 1696 372 c
1708 352 1734 372 E.
1770 344 1838 371 Adu.
1875 345 2002 374 Laudatur
2022 348 2100 374 Varr.
2113 347 2145 373 de
2160 347 2190 374 L.
2204 348 2233 374 L.
2249 348 2274 379 6,
2297 356 2307 374 1
2332 347 2434 375 Causae

299 390 395 424 quere?
431 390 532 414 petron.
545 398 566 414 ς,
579 396 609 420 93
635 387 759 411 Scelerate
780 383 859 407 etiam
875 381 999 407 minaris?
1019 384 1076 407 item
1091 391 1110 407 c.
1128 389 1169 414 ¹37
1191 380 1274 406 Etiam
1289 381 1327 406 lo-
1392 383 1514 408 omnium
1528 382 1672 409 verborum
1685 390 1739 406 nou
1752 381 1852 414 possunt
1862 380 1916 407 dici
1923 383 2105 417 etymologice.
2143 383 2189 410 sed
2197 385 2271 409 verba
2284 386 2321 409 ita
2334 385 2432 409 iacente
2470 399 2479 408 -.=

300 424 405 458 queris?
447 424 532 450 Etiam
543 423 627 449 rides?
648 421 714 446 Ter.
728 420 791 443 Eun.
806 418 906 449 ς,7,16.
943 416 982 442 ld.
995 416 1074 443 Andr.
1094 440 1098 444 ,
1118 435 1123 442 .
1148 436 1153 441 .
1173 415 1258 442 Etiam
1270 416 1326 441 sen·
1348 421 1363 448 ς
1391 417 1546 443 Praesertim
1561 426 1619 443 cum
1631 418 1699 443 dicat
1721 416 1913 450 etymologine,
1931 425 1985 443 non
1997 418 2116 444 onmium
2131 418 2277 445 verborum
2295 419 2364 454 poffe
2377 417 2434 447 dici
2468 424 2479 453 Ἰξ

300 460 393 486 gennas
413 459 530 494 loqueris
548 455 687 483 cai-nufexZ
756 452 839 476 Etiam
858 451 951 478 clamat
969 452 1110 491 carnufex}
1137 451 1215 477 Plaut.
1232 450 1327 484 Amph.
1392 452 1488 478 causas.
1522 453 1593 479 Dicit
1605 452 1796 486 etymologice,
1816 454 1834 478 i.
1850 451 1972 487 fatentur
1984 454 2171 488 etymologices
2185 457 2275 489 periti.

301 504 322 527 1,
338 504 356 528 ι,
371 496 412 521 26.
483 495 564 520 Etiam
583 490 674 522 negas?
693 486 764 512 Idem
787 487 866 512 Merc.
880 496 906 519 4,
922 496 950 519 4,
963 495 1000 519 23.
1072 488 1155 513 Etiam
1168 487 1271 512 denuo?
1288 485 1326 512 Id.

302 529 396 564 Amph.
412 539 439 562 4,
454 538 475 561 2,
488 537 511 561 9.
578 524 624 552 Sed
636 533 661 548 in
676 522 777 547 iubendo
791 525 880 548 etium:
917 523 1002 549 Etiam
1015 531 1098 554 canes,
1112 531 1144 547 ne
1156 521 1246 548 videat
1258 521 1329 547 forte
1679 527 1706 556 E
1756 525 1784 555 V
1855 532 1882 556 η
1955 524 1982 555 Ε
2030 526 2058 556 V
2107 527 2136 558 A

303 566 364 593 hinc
384 571 409 591 te
428 574 442 591 a
461 570 531 597 patre
548 558 641 593 aliquis
658 558 747 583 exiens
760 557 826 583 Ter.
841 558 936 585 Heaut.
951 568 973 590 2,
987 566 1008 590 2,
1022 561 1047 584 6.
1102 558 1186 583 Etiam
1201 562 1244 588 tu,
1256 556 1328 587 here,
2453 577 2455 579 ι

303 601 385 628 istunc
400 607 502 626 amoues
516 595 558 621 abs
574 599 607 624 te,
621 598 696 627 atque
710 592 818 625 ipsemet
832 602 874 619 me
887 593 1028 627 aggredere
1041 592 1199 619 Plaut.Asin.
1215 600 1327 625 3,3‚124.
1343 600 1373 617 10
1425 599 1481 619 EV.
1509 593 1556 620 Gr.
1578 590 1619 619 Ea.
1653 594 1782 622 Particula
1813 592 1990 629 approbamis,
2005 593 2050 630 fiu
2080 594 2228 622 laudantis.
2269 592 2327 624 Vid.
2348 595 2432 623 Plaut.
2459 607 2462 610 ·

346 644 359 669 5
395 636 475 660 Etiam
492 632 620 664 repetitum
639 628 711 661 Virg.
726 627 776 653 Ecl.
790 636 815 659 2,
829 636 845 660 9
874 628 952 654 Nunc
967 629 1047 654 etiam
1065 628 1174 662 pecudes
1187 626 1291 653 vmbras
1304 632 1329 652 et
1392 628 1470 655 Most.
1486 637 1506 660 1,
1519 638 1546 661 4,
1560 631 1602 655 26,
1688 630 1693 631 ⁷

303 635 404 705 prigora
418 671 531 700 captant,
551 664 627 690 Nunc
641 663 739 689 virides
755 663 834 688 etiam
847 664 964 690 ccultant
977 664 1075 698 spineta
1091 664 1208 690 lacertos
1256 662 1330 688 Idem
1429 670 1474 690 Ev
1485 671 1522 694 A,
1549 673 1588 690 ae,
1617 663 1636 689 f,
1673 665 1758 691 prima
1777 665 1878 691 mulier:
1899 670 1976 690 mater
1993 666 2138 691 uiuentium.
2176 664 2295 692 Termll·
2308 664 2341 691 de
2355 665 2432 700 Virg-

305 708 369 733 Aen.
383 707 407 735 6,
421 705 470 736 760
491 700 647 733 Idaeumque
661 698 740 724 etiam
754 706 861 730 currus,
874 699 954 724 etiam
965 708 1036 725 arma
1049 706 1190 725 tenentem.
1246 700 1331 732 Inpri-
1392 699 1501 725 Veland.
1515 708 1536 725 c.
1551 708 1572 732 ς.
1609 699 1730 726 Prudent.
1747 701 1865 727 Hamart.
1886 707 1935 735 743
1960 699 2095 725 Traxerat
2112 700 2166 726 Eua
2184 701 2273 728 virum
2293 700 2379 736 prima
2397 700 2432 727 ad

305 745 351 768 mis
364 740 482 774 frequens
490 736 571 761 Etiam
588 741 664 767 atque
679 734 774 773 etiam,
791 736 809 758 i.
832 734 1082 774 Valde,jumiiiopere.
1118 735 1186 761 Ter.
1201 734 1263 760 Eun.
1278 742 1296 764 1,
1312 741 1331 765 1,
1393 735 1525 761 consortia
1538 734 1636 768 culpae.

306 785 328 802 ιι
349 774 424 800 Proin
439 777 482 802 tu,
497 770 558 796 dum
573 776 688 802 tempus,
703 774 782 794 etiam
794 774 873 802 atque
886 775 964 795 etiam
978 777 1072 804 cogita.
1128 770 1232 796 Lucret.
1246 778 1268 801 3,
1284 777 1331 800 293
1348 774 1372 800 15
1430 777 1446 797 E
1457 777 1477 794 v
1487 777 1509 796 Α
1519 775 1536 796 C
1550 776 1569 796 V
1581 777 1614 799 O,
1638 773 1690 796 are.
1726 769 1738 802 [
1751 770 1845 796 ἕκκενόω
1858 771 1871 805 ]
1908 771 2059 796 Exinanire:
2100 770 2151 802 Vt,
2183 770 2315 798 Euacuare
2340 770 2433 799 aluum
2447 777 2459 781 ·

304 812 390 841 Qiare
410 807 487 833 ctiam
506 812 582 839 atque
597 805 675 830 etiam
695 803 773 830 fimili
791 805 894 830 ratione
912 805 1007 831 necesse
1025 805 1063 832 Ἠ.
1135 805 1248 839 Qalem
1263 813 1332 830 coni·
1347 820 1351 823 ·
1396 805 1463 832 Plin.
1478 813 1521 837 20,
1537 808 1562 831 6.
1582 812 1605 831 et
1619 813 1656 837 32,
1671 813 1696 837 9.
1732 805 1864 831 Euacuans
1878 805 1981 840 Vulgat.
1993 804 2086 839 Ephes.
2098 813 2122 838 2,
2137 812 2170 838 1)·-

302 843 405 870 incudes
422 842 498 867 etiam
513 847 589 874 atque
610 840 689 866 etiam
704 840 787 873 aspice
816 840 880 865 Hor.
895 840 973 874 Epist.
988 849 1009 872 1,
1026 846 1057 873 ³8,
1069 842 1113 874 76.
1185 840 1333 874 Diligenter
1430 848 1447 867 E
1457 848 1477 867 v
1487 846 1620 867 ACVAT
1630 847 1648 866 ν
1661 847 1689 871 s,
1710 848 1739 871 a,
1759 849 1813 865 um.
1833 841 1926 867 Partic.
1960 844 1977 866 i.
1995 841 2118 867 Sublatus.
2161 840 2211 873 Vt,
2225 842 2370 868 Euacuatae
2383 839 2436 868 ob-

301 878 379 905 etiam
399 885 476 911 arque
495 877 573 901 etiam
594 875 679 901 facere
696 875 796 909 aliquid
817 875 872 900 Cic.
885 874 917 900 de
931 875 1022 901 Diuin.
1037 884 1056 908 1,
1069 883 1094 909 7.
1129 875 1195 902 Add.
1209 876 1246 902 Id.
1261 875 1331 901 Fam.
1395 876 1529 911 ligationis
1545 876 1615 902 vires
1627 884 1748 909 reparare
1760 875 1776 901 l.
1789 884 1808 907 4
1825 876 1855 901 C.
1868 875 1900 902 de
1913 876 1996 902 Solut.
2446 869 2456 882 ⁴

301 916 337 945 16,
351 921 383 945 ις.
455 912 539 937 htiam
559 918 636 945 atque
651 911 730 937 etiam
746 918 771 936 te
784 910 878 936 hortor
892 916 935 942 vt,
947 917 990 936 etc.
1004 911 1060 936 Cic.
1074 912 1127 937 Att.
1142 917 1165 944 8,
1180 919 1215 937 12.
1286 910 1332 936 Te
1431 919 1448 938 E
1462 918 1482 937 ν
1499 919 1520 938 Α
1535 917 1552 937 c
1566 918 1586 937 v
1601 918 1623 938 A
1637 918 1658 937 Τ
1668 918 1678 937 1
1692 917 1728 942 o,
1749 910 1817 936 onis.
1843 910 1863 937 f.
1905 912 1955 944 Vt,
1975 911 2052 938 Fidei
2072 911 2212 938 euacuatio
2234 911 2351 939 Tei-tull.
2370 909 2434 940 adu.

299 949 403 983 prorsus
416 947 586 973 vehementer
599 947 676 972 etiam
691 952 768 980 atque
780 946 859 971 etiam
874 954 940 979 rogo
958 945 1029 972 Idem
1044 947 1076 980 Q
1091 947 1158 972 Frat.
1174 956 1193 978 ι,
1207 955 1231 973 2.
1286 946 1332 971 Te
1344 955 1379 973 20
1392 947 1475 973 Marc.
1495 956 1527 980 4,
1547 955 1591 979 24.
2445 963 2448 966 <

299 984 380 1010 etiam
393 990 470 1017 atque
484 990 562 1008 etiam
575 983 622 1009 esse
641 981 928 1008 commonefaciendum
947 980 985 1007 Id.
1000 982 1071 1007 Fam.
1086 990 1117 1014 13,
1132 990 1174 1016 72.
1188 985 1206 1007 i.
1222 981 1332 1017 saepius.
1430 988 1561 1009 EVACV
1572 987 1699 1008 EFACT
1709 987 1750 1008 VS
1761 1001 1771 1014 ,
1797 990 1828 1013 a,
1857 989 1911 1008 um-
1953 982 2022 1010 Idcm
2051 981 2116 1018 quod
2152 980 2330 1018 VacuefaHus.
2369 981 2436 1008 flie-

300 1019 372 1054 Conf.
387 1018 423 1044 ib.
440 1019 483 1052 Ep.
499 1023 538 1047 28.
722 1014 753 1079 ἒ
775 1019 792 1043 6
826 1019 887 1042 Alia
909 1018 1015 1051 exempla
1035 1016 1175 1043 turzftarum
1194 1019 1334 1052 particula-
1393 1026 1452 1045 ron.
1489 1037 1496 1044 .
1534 1037 1540 1043 .
1578 1036 1586 1043 .

300 1064 368 1081 rum:
406 1054 474 1080 Ter.
488 1055 583 1079 Heaut.
597 1061 618 1085 2,
633 1061 653 1085 1,
668 1060 696 1086 17
750 1061 780 1078 oc
800 1061 849 1086 ego
861 1052 924 1078 mali
944 1061 996 1077 non
1008 1052 1110 1086 pridem
1125 1053 1232 1084 inueni,
1247 1061 1333 1086 neque
1431 1060 1447 1080 E
1457 1061 1477 1080 v
1487 1058 1536 1080 AD
1547 1059 1603 1085 NE,
1615 1060 1651 1078 es.
1671 1051 1690 1078 f.
1711 1050 1837 1085 [Εόιίδνη]
1859 1051 2025 1087 Martz'sfilia
2038 1062 2068 1079 ex
2084 1051 2165 1079 Thebe
2178 1061 2254 1079 uxore
2265 1051 2358 1088 Asopi,
2370 1059 2438 1078 vxor

302 1090 382 1116 ctiam
397 1089 459 1115 dum
475 1089 520 1115 scit
535 1094 614 1122 pater.
650 1088 713 1114 Plin.
723 1090 765 1119 26,
779 1096 810 1113 12.
845 1088 925 1113 Plaut.
942 1088 1029 1113 Pseud.
1044 1097 1071 1122 4,
1088 1097 1109 1120 2,
1122 1097 1147 1114 2.
1182 1087 1332 1123 CorfiRud.
1395 1088 1503 1123 Capanei
1523 1088 1606 1120 ducis,
1622 1096 1692 1123 quem
1709 1086 1766 1113 adeo
1786 1088 1888 1119 dilexit,
1906 1093 1934 1114 ut
1947 1091 1974 1113 in
1997 1097 2082 1126 rogum
2100 1092 2152 1114 eires
2164 1087 2195 1122 se
2213 1088 2324 1124 miserit,
2343 1093 2367 1113 et
2379 1094 2437 1117 cum

301 1134 325 1159 5,
339 1134 361 1157 3,
374 1132 411 1156 25.
482 1124 548 1150 Ter.
564 1122 638 1148 Adel.
655 1132 675 1155 r,
691 1132 715 1154 z,
728 1131 758 1157 37
780 1124 912 1149 Praeterea
926 1122 1042 1157 colaphis
1055 1123 1131 1150 tuber
1145 1123 1180 1149 esi
1194 1130 1280 1150 totum
1295 1131 1333 1149 ca-
1345 1132 1375 1158 25
1396 1124 1466 1152 illius
1477 1123 1594 1151 cadduere
1608 1126 1693 1159 jzicrit
1711 1121 1802 1156 exusta.
1838 1124 1910 1157 Virg.
1929 1124 1993 1162 Aen.
2011 1126 2037 1155 6,
2051 1131 2106 1157 447

301 1167 361 1196 put:
382 1161 459 1186 etiam
474 1159 578 1193 insuper
591 1158 730 1184 defrudet?
800 1157 872 1184 Idem
886 1160 948 1184 saun.
963 1167 982 1192 1,
995 1167 1020 1190 2,
1035 1167 1060 1191 53
1081 1159 1128 1185 Sed
1143 1168 1193 1192 ego
1207 1167 1333 1193 quantum
1502 1160 1552 1185 His
1571 1158 1728 1189 Phaedram,
1746 1159 1907 1193 Procrinque
1924 1159 2005 1191 locis,
2026 1159 2203 1193 moestamque
2216 1156 2360 1193 Eriphylen
2389 1148 2396 1151 ⁷-

301 1197 432 1230 suspicor,
450 1195 480 1220 ad
494 1195 625 1228 virginem
638 1194 757 1219 animum
770 1193 872 1220 adiecit.
894 1201 940 1220 PH.
957 1194 1071 1220 etiamne
1089 1195 1220 1228 amplius?
1248 1202 1278 1221 T.
1294 1194 1333 1220 ni·
1504 1194 1625 1220 Crudelis
1640 1194 1694 1220 nati
1706 1194 1894 1220 monstrantem
1910 1194 2020 1221 vulnera
2031 1193 2126 1228 cernit,

301 1231 351 1259 hil.
404 1231 458 1256 Cic.
472 1231 523 1255 Att.
539 1238 574 1261 to,
611 1250 617 1255 .
654 1249 660 1255 .
696 1229 814 1255 Etiamne
827 1229 919 1255 Balbus
933 1230 959 1255 in
973 1230 1094 1257 Senatum
1109 1231 1201 1256 venire
1217 1231 1333 1264 cogitet?
1502 1229 1679 1264 Euadnenque
1699 1234 1725 1255 et
1745 1229 1894 1264 Pasiphaen.

301 1267 374 1294 Idem
383 1267 458 1292 Verr.
473 1274 493 1297 3,
507 1273 557 1291 202
579 1264 697 1290 Etiamne
711 1265 871 1291 frumentum
887 1274 934 1299 pro
947 1271 1018 1291 emto
1031 1265 1109 1299 gratis
1123 1265 1200 1292 dare?
1221 1266 1335 1292 etiamne
1397 1264 1462 1292 Fida
1476 1265 1593 1299 Propert.
1605 1272 1628 1297 3,
1643 1273 1675 1296 13,
1689 1273 1730 1298 24.
1766 1265 1840 1301 Cous.
1859 1266 1975 1299 Propert.
1989 1274 2009 1298 1,
2023 1273 2047 1299 ις
2070 1274 2108 1292 21.

301 1302 331 1328 in
345 1301 434 1328 cellam
448 1309 529 1334 quum
548 1299 653 1333 cupiant
674 1299 753 1333 gratis
773 1299 834 1326 dare
855 1301 940 1332 vltro,
960 1301 1095 1334 pecuniam
1114 1300 1238 1334 grandem
1254 1301 1333 1326 dare?
1345 1311 1377 1335 30
1434 1301 1536 1327 EVAD
1548 1306 1587 1333 o,
1612 1300 1644 1332 fl,
1669 1300 1741 1330 sum,
1761 1301 1814 1326 ere.
1858 1300 2022 1335 [οἷποφεύγω,
2043 1285 2184 1334 suadeam,
2203 1298 2352 1334 δὶεκπῖπτω]
2386 1299 2436 1326 Ex·

301 1339 428 1367 etiamne,
441 1343 485 1361 etc.
555 1335 675 1360 Etiamne
697 1343 742 1370 pro
769 1336 882 1362 Nondum
905 1336 969 1361 dixit
999 1336 1080 1362 Plaut.
1102 1336 1190 1362 Pseud.
1214 1346 1230 1369 ι,
1252 1344 1275 1368 3,
1289 1338 1333 1369 46.
1396 1342 1439 1362 tra
1457 1337 1497 1362 vel
1515 1339 1588 1362 etiam
1605 1339 1633 1362 in
1651 1336 1728 1362 altum
1745 1336 1842 1362 vadere.
1878 1336 1972 1362 Donat.
1992 1336 2126 1369 Euadere,
2141 1336 2177 1363 est
2189 1337 2237 1363 Per
2251 1343 2437 1371 quamcunque

300 1372 374 1399 Idem
388 1371 451 1397 Pers.
468 1379 491 1403 2,
505 1379 533 1403 4,
546 1378 562 1404 7
592 1370 711 1396 Etiamne
724 1370 789 1396 dicis
805 1372 850 1397 vbi
864 1371 893 1397 sit
907 1371 1040 1399 venefice3
1112 1372 1167 1398 Cic.
1180 1371 1211 1398 de
1226 1372 1332 1398 Amicit.
1398 1370 1577 1398 difficultatem
1590 1370 1621 1397 ad
1642 1370 1743 1405 aliquid
1757 1371 1904 1405 peruenire.
1939 1371 2004 1398 Plin.
2017 1372 2095 1406 Epist.
2110 1381 2136 1404 2,
2152 1380 2161 1398 1
2187 1373 2324 1404 Caesares,
2338 1370 2438 1406 quibu·

302 1415 333 1441 37
346 1416 366 1433 c.
382 1416 401 1432 ιι
423 1406 540 1432 Etiamne
553 1406 661 1440 inquam
670 1425 678 1437 ,
692 1405 708 1431 li
724 1406 749 1431 in
763 1406 925 1440 Capitolium
939 1407 1008 1433 faces
1021 1407 1092 1434 ferre
1104 1407 1219 1433 vellem!
1264 1407 1332 1434 Ter.
1398 1406 1528 1441 suspectus
1537 1427 1546 1439 ‚
1564 1413 1641 1441 atque
1655 1407 1734 1433 etiam
1748 1407 1847 1434 inuisus
1860 1407 2006 1434 virtutibus
2019 1408 2121 1440 fuerat,
2137 1407 2224 1433 euasit.
2262 1408 2318 1433 Cic.
2331 1407 2364 1433 de
2378 1406 2443 1433 fin..

301 1444 395 1469 Heaut.
410 1451 431 1474 3,
446 1450 468 1473 3,
483 1443 513 1473 36
534 1440 662 1474 Reperisti
683 1440 733 1466 tibi
752 1441 822 1474 quod
838 1442 953 1476 placeat,
966 1451 997 1468 an
1011 1443 1127 1469 nondum
1140 1443 1236 1469 etiam?
1293 1443 1334 1469 Et·
1398 1451 1427 1475 4,
1442 1447 1473 1477 78
1493 1442 1536 1475 ‘ff’
1547 1442 1656 1474 dicztur,
1680 1442 1786 1469 Tamen
1798 1442 1867 1469 illud
1887 1442 1915 1469 in
1929 1452 1959 1469 ea
1973 1444 2045 1469 causa
2058 1443 2105 1475 est,
2117 1451 2132 1468 a
2145 1451 2199 1478 quo
2213 1441 2297 1469 abesse
2311 1442 2377 1468 velis
2390 1440 2441 1468 do»-

300 1478 434 1509 iamnum,
449 1484 496 1511 pro
516 1477 593 1511 Vsque
605 1482 680 1507 tunc,
700 1478 740 1501 vel
757 1477 835 1511 lssque
853 1477 887 1502 ad
897 1478 925 1502 id
942 1483 1043 1512 tempus.
1081 1478 1161 1505 Plaut.
1175 1479 1252 1504 Poen.
1267 1479 1335 1512 prol.
1350 1487 1378 1513 35
1397 1487 1444 1504 nec
1458 1478 1578 1504 euaseris.
1617 1477 1663 1504 Sed
1674 1487 1721 1502 mm
1738 1478 1894 1504 iuuenieham.
1948 1478 2029 1505 Plaut.
2042 1476 2137 1512 Amph.
2158 1487 2179 1510 3,
2195 1486 2216 1510 3,
2229 1483 2260 1507 28
2289 1477 2440 1512 Nunquam

301 1522 335 1547 99
357 1513 451 1547 Neque
467 1511 609 1545 quidquam
621 1519 680 1536 cum
695 1519 724 1536 ea
739 1510 802 1536 secit
814 1512 957 1537 etiamnum
972 1512 1071 1546 stupri?
1132 1513 1204 1539 Idem
1218 1514 1334 1540 Trucul.
1398 1512 1510 1545 cuades,
1529 1522 1562 1539 ne
1581 1519 1606 1538 te
1624 1512 1775 1538 sacrificem.
1847 1513 1889 1540 Ab
1916 1513 2047 1547 improbis
2069 1513 2203 1540 iudicibus
2234 1513 2347 1538 euadere
2378 1512 2438 1538 cic.

301 1557 324 1579 2,
337 1556 360 1580 ς,
374 1554 401 1580 58
433 1548 501 1573 Perii
516 1547 611 1578 miser,
633 1547 685 1572 iam
699 1555 764 1572 auro
776 1553 867 1573 contra
881 1547 977 1573 constat
994 1547 1080 1580 filius,
1100 1549 1244 1574 etiamnum
1265 1548 1334 1574 nihil
1398 1549 1481 1575 Tusc.
1496 1556 1515 1579 1,
1530 1553 1561 1580 98
1575 1557 1596 1573 c.
1609 1557 1646 1580 41.
1717 1548 1757 1574 Ad
1770 1556 1844 1574 auras
1861 1549 1963 1582 superas
1976 1550 2051 1583 Virg.
2065 1550 2130 1575 Aen.
2145 1551 2171 1580 6,
2185 1552 2236 1576 128.
2308 1547 2351 1573 Ad
2364 1548 2438 1582 supe-

302 1583 401 1618 pendit.
437 1583 524 1608 Varro
537 1581 568 1607 de
581 1582 611 1607 R.
627 1582 657 1607 R.
693 1600 700 1607 .
738 1601 744 1607 .
781 1601 787 1607 .
824 1583 914 1614 Quim
935 1583 1079 1608 etiamnum
1098 1583 1216 1617 platanus
1229 1583 1336 1609 nouella
1397 1592 1440 1610 ros
1455 1582 1547 1609 eodem
1561 1583 1634 1608 sensu
1661 1582 1716 1608 Sen.
1732 1584 1810 1608 Herc.
1825 1583 1877 1609 fur.
1893 1589 1943 1616 583.
2014 1583 2055 1610 Ad
2075 1583 2173 1609 summi
2190 1581 2314 1610 culminis
2331 1582 2436 1617 fastigin

302 1619 371 1644 effer.
449 1617 532 1642 Etiam
552 1617 657 1650 absolute
670 1623 719 1650 pro
733 1617 812 1641 Etiam
826 1627 889 1643 num.
927 1617 1005 1644 Plaut.
1020 1618 1108 1644 Pseud.
1124 1627 1144 1650 ι,
1159 1627 1181 1649 3,
1197 1627 1228 1644 ιιι
1249 1619 1335 1644 Etiam
1398 1619 1474 1652 Virg.
1489 1619 1553 1643 Aen.
1567 1626 1593 1649 2,
1606 1622 1663 1650 458.
1732 1618 1804 1644 Idem
1820 1619 1884 1644 Aen.
1899 1627 1919 1650 2,
1930 1626 1973 1651 531
1996 1620 2034 1646 Vt
2054 1618 2160 1645 tandem
2174 1624 2233 1644 ante
2251 1618 2342 1645 oculos
2355 1617 2437 1644 euasit

302 1651 454 1688 quindecim
469 1651 510 1677 hic
524 1650 607 1677 habeo
622 1651 713 1676 minas.
749 1651 821 1686 Conj.
836 1654 909 1686 Virg.
923 1654 985 1678 Aen.
1001 1655 1026 1683 6,
1040 1659 1095 1686 485.
1154 1653 1239 1681 Etiam
1254 1662 1332 1686 nunc,
1340 1661 1376 1684 40
1397 1660 1422 1680 et
1446 1662 1493 1680 ora
1513 1660 1663 1687 parentum,
1682 1655 1701 1678 i.
1714 1652 1841 1689 fugiendo
1853 1657 1978 1689 peruenit.
2050 1653 2181 1687 Qiinffil.
2197 1662 2226 1684 2,
2240 1661 2268 1688 17
2293 1653 2350 1680 Nee
2367 1661 2434 1680 vero
2464 1676 2468 1680 .

296 1695 347 1726 pro
368 1687 444 1729 Vsque
457 1696 535 1718 nunc,
555 1686 627 1720 usquc
640 1686 672 1725 od
685 1687 728 1711 hoc
740 1693 840 1720 tcmpus.
877 1688 944 1713 Ter.
960 1688 1038 1715 Andr.
1056 1697 1074 1720 ι,
1088 1697 1108 1721 ς,
1123 1692 1157 1721 46
1179 1689 1282 1715 Memor
1297 1690 1333 1715 es·
1396 1689 1591 1724 Theopompus
1611 1688 1848 1721 Lacedaemonius,
1865 1696 1948 1723 quum
1966 1696 2114 1724 permutato
2135 1697 2195 1716 cum
2209 1697 2292 1715 vxore
2311 1688 2404 1715 habitu
2418 1694 2436 1714 e

303 1725 374 1751 sem?
398 1726 414 1748 o
431 1721 507 1754 Mysis
520 1721 614 1754 Mysis,
628 1727 706 1747 ctiam
728 1730 794 1746 nunc
814 1721 881 1748 mihi
901 1723 993 1758 scripta
1014 1723 1058 1750 illa
1072 1723 1142 1750 di&a
1160 1723 1216 1749 sunt
1236 1724 1263 1749 in
1279 1724 1334 1751 ani·
1396 1724 1513 1750 custodia
1527 1731 1555 1751 vt
1566 1724 1663 1750 mulier
1675 1724 1770 1757 euasit,
1788 1725 1879 1751 falsam
1899 1724 1930 1751 de
1943 1724 1968 1751 se
1987 1725 2143 1760 opinionem
2163 1723 2265 1751 habuit.
2337 1723 2373 1750 Ex
2386 1720 2445 1749 hoe-

304 1768 350 1785 mo
370 1758 510 1789 Chrysidis.
566 1757 620 1782 Cic.
636 1765 683 1790 pro
697 1757 814 1784 Muraen.
828 1766 861 1793 27
888 1759 1016 1786 Homines
1041 1766 1094 1786 tarn
1117 1760 1267 1794 ingeniosos
1289 1769 1335 1794 per
1397 1762 1458 1786 aei-e
1472 1762 1573 1786 animus
1588 1760 1666 1786 euasit
1683 1761 1739 1787 Cic.
1754 1761 1839 1788 Tusc.
1856 1769 1876 1792 1,
1892 1769 1934 1794 43.
1971 1767 1994 1787 et
2008 1761 2039 1788 de
2053 1760 2153 1788 Sene-fit.
2170 1765 2202 1791 80
2229 1760 2319 1793 Quum
2334 1767 2366 1786 ex
2379 1756 2441 1784 infi-

303 1799 344 1820 tot
364 1802 445 1819 annos
464 1793 542 1818 etiam
561 1801 629 1818 nunc
648 1792 756 1820 statuere
776 1802 828 1820 non
849 1795 972 1829 potuisse,
983 1804 1028 1822 etc.
1074 1794 1145 1822 Idem
1158 1795 1186 1821 in
1203 1796 1277 1822 Orat.
1292 1800 1335 1828 189
1398 1795 1482 1829 pienti
1495 1804 1606 1829 corpore
1620 1795 1741 1822 euaflfl'et.
1795 1796 1832 1823 Ex
1849 1795 1950 1823 iudicio
1964 1797 2058 1831 aliquo
2072 1797 2128 1824 Cic.
2138 1798 2215 1823 Verr.
2228 1804 2248 1828 1,
2262 1804 2297 1828 13.
2353 1795 2373 1821 E
2386 1801 2442 1820 ma-

304 1828 343 1854 De
357 1835 465 1853 materia
481 1828 576 1861 loquor
590 1828 718 1866 orationis
733 1829 811 1855 etiam
826 1840 907 1863 nunc,
926 1840 979 1857 non
993 1831 1023 1857 de
1037 1838 1131 1865 genere
1151 1830 1207 1865 ipso
1221 1831 1374 1864 dicendi.45
1396 1830 1475 1857 nibus
1491 1830 1605 1857 hostium
1622 1830 1682 1855 Liu.
1698 1839 1741 1862 22,
1754 1839 1799 1863 49.
1855 1832 1874 1856 E
1888 1832 1984 1857 morbo
2002 1831 2058 1856 Cic.
2072 1831 2104 1856 de
2115 1831 2209 1869 Diuin.
2223 1839 2248 1860 2,
2263 1838 2297 1860 ¹3·
2354 1829 2442 1862 Quin-

302 1864 356 1889 Cic.
372 1863 441 1888 Fam.
456 1870 493 1893 ιο,
507 1870 533 1892 32
552 1862 690 1894 Epistulam
704 1872 783 1896 quam
791 1864 872 1891 Balbo
886 1875 967 1899 quum
981 1867 1060 1892 etiam
1072 1867 1183 1892 nuncin
1195 1866 1334 1900 prouincia
1397 1865 1453 1892 &ih
1470 1875 1489 1897 ι,
1503 1875 1525 1897 2,
1538 1868 1572 1891 26
1593 1866 1628 1890 Vt
1648 1865 1714 1892 vites
1735 1864 1875 1892 arboribus
1893 1865 2032 1899 applicitae
2048 1865 2191 1891 inferiores
2209 1863 2282 1898 prius
2295 1863 2441 1903 apprehen3

302 1899 376 1930 effet,
391 1896 493 1931 scripsi,
511 1895 645 1929 legendam
658 1896 716 1934 ⁴tibi
737 1898 802 1923 miii.
873 1900 957 1926 Etiam
976 1910 1044 1926 nune
1065 1900 1108 1926 hic
1127 1901 1174 1926 stas
1188 1902 1334 1926 Parmeno?
1398 1900 1484 1926 dendo
1503 1909 1607 1931 ramea,
1624 1900 1653 1925 in
1672 1901 1807 1926 cacumina
1827 1900 1952 1926 euadunt.
2022 1901 2053 1926 In
2073 1901 2164 1933 iugum
2183 1899 2363 1933 propinquum
2383 1905 2440 1926 arc:

302 1934 370 1961 Ter.
388 1934 450 1959 Eun.
465 1941 489 1964 2,
503 1940 528 1963 2,
541 1939 576 1964 55.
647 1931 730 1957 lztiam
743 1940 826 1964 nunc,
845 1936 1065 1968 gemirmtum,pro
1080 1936 1233 1964 szcnunc,
1247 1942 1335 1960 extem·
1398 1935 1459 1959 Liu.
1474 1944 1501 1966 4,
1517 1943 1556 1965 32.
1621 1935 1653 1959 In
1676 1938 1766 1960 muros
1787 1934 1912 1964 euadere,
1932 1942 1982 1969 pro
1999 1935 2138 1969 Ascendere
2167 1934 2240 1959 Idem
2260 1940 2306 1965 25,
2326 1941 2356 1964 23
2373 1940 2440 1960 extr.

299 1971 349 2005 plo.
387 1968 466 1994 Plaut.
483 1967 568 1992 Aulul.
584 1974 601 1996 ι,
615 1975 634 1998 ι,
653 1968 679 1992 16
707 1965 821 1992 Abscede
836 1966 895 1992 hinc
909 1968 988 1993 etiam
1002 1975 1086 1997 nunc,
1104 1968 1182 1993 etiam
1196 1976 1281 1999 nunc,
1299 1974 1335 1993 et·
1399 1969 1474 1993 Cui-t.
1489 1976 1526 1999 10,
1539 1975 1562 1999 ς,
1576 1976 1612 1993 ιο.
1681 1969 1716 1993 In
1730 1969 1859 1993 summum
1874 1968 1933 1994 Liu.
1948 1975 1975 2001 7,
1987 1977 2026 1999 34.
2062 1968 2134 1993 Idem
2149 1972 2190 1999 28,
2204 1976 2244 1993 20.
2280 1969 2314 1994 11.
2329 1967 2440 2001 Qindt.

302 2006 355 2031 iam
370 2003 420 2029 ohe
435 2002 489 2029 istic
503 2001 598 2029 adesto.
640 2001 705 2027 Ibid.
722 2010 743 2032 2,
756 2010 776 2032 2,
791 2009 826 2035 77
853 2002 943 2035 Qud?
965 2011 1032 2028 nunc
1047 2002 1125 2028 etiam
1143 2002 1211 2028 mihi
1226 2002 1334 2036 despon-
1346 2009 1378 2033 50
1401 2011 1435 2032 12,
1448 2010 1480 2034 ιι,
1493 2011 1531 2033 30.
1603 2001 1662 2027 Liu.
1682 2010 1725 2034 29,
1763 2021 1769 2027 .
1809 2021 1815 2028 .
1851 2003 1948 2028 Iniussu
1968 2002 2138 2036 Imperatoris
2157 2002 2257 2037 scaphis
2278 2001 2348 2030 haud
2366 2004 2440 2031 secu·

301 2040 346 2066 des
360 2039 450 2065 tiliam.
521 2038 603 2064 Plaut.
619 2037 698 2062 Milit.
713 2045 737 2068 2,
752 2039 775 2067 6,
790 2042 817 2068 83
856 2038 881 2063 Si
895 2037 951 2072 post
965 2037 1032 2063 hunc
1048 2037 1120 2064 diem
1135 2037 1284 2070 nuniuero,
1298 2043 1334 2064 et·
1399 2046 1478 2071 quam
1492 2036 1635 2070 naufragos
1647 2037 1745 2063 milites
1753 2036 1805 2063 sine
1819 2037 1898 2064 armis
1910 2045 1969 2063 cum
1983 2037 2084 2071 ingenti
2099 2038 2214 2065 tumultu
2228 2039 2256 2064 in
2269 2044 2364 2065 terram
2377 2047 2437 2066 eua—
2461 2035 2470 2071 1

2457 475 2459 477 ’
2473 451 2479 512 l

2474 513 2479 530 2

302 2076 354 2102 iam
377 2075 447 2109 quod
466 2082 514 2107 ego
535 2082 576 2098 me
597 2078 669 2098 certo
690 2072 783 2103 stiam,
803 2078 847 2098 etc.
919 2073 1040 2105 Etiamsi,
1064 2080 1114 2108 pro
1127 2074 1246 2108 Qiamuis
1259 2074 1334 2102 licem
1399 2073 1460 2099 sisse.
1497 2072 1566 2100 Add.
1580 2073 1654 2099 Curt.
1667 2081 1693 2105 9,
1708 2081 1734 2104 2,
1750 2078 1783 2103 18.
1835 2094 1837 2096 .
1853 2073 1883 2099 In
1898 2079 1985 2099 tutum
2002 2073 2063 2100 Liu.
2077 2076 2120 2105 26,
2134 2080 2171 2108 17.
2242 2074 2313 2100 Inter
2330 2073 2373 2101 has
2384 2074 2437 2101 dit‘-
2461 2076 2463 2110 ⁴.
2478 2106 2479 2112 1

301 2105 589 2139 Suos1171<si110i1.iiflzcm.
632 2108 687 2133 Cic.
701 2107 733 2133 de
746 2107 852 2133 Amicit.
869 2116 905 2133 ¹01
932 2109 1006 2141 Qiae
1024 2115 1111 2134 tamen
1129 2108 1183 2142 ipsa
1196 2109 1335 2135 efflorescit
1398 2106 1526 2135 ficuitates
1539 2107 1703 2134 euadendum
1716 2108 1752 2134 est
1764 2107 1814 2135 tibi
1831 2108 1890 2134 Sall.
1904 2108 1935 2134 de
1949 2108 2014 2135 Ord.
2029 2109 2093 2143 Rep.
2108 2117 2128 2141 1,
2143 2117 2162 2135 1.
2233 2109 2355 2136 Gradan‘o
2366 2109 2396 2143 gli
2408 2114 2437 2137 in
2461 2121 2464 2128 ³

304 2154 335 2172 ex
352 2146 480 2175 airicitia,
501 2143 640 2170 ctiaiusrtu
654 2152 710 2169 eam
724 2143 810 2169 minus
823 2143 946 2177 sequutus
961 2143 999 2170 sis.
1070 2144 1164 2170 Facere
1183 2144 1271 2170 omnia
1290 2150 1336 2170 aut
1397 2144 1439 2170 illo
1458 2144 1551 2176 Abiit,
1572 2143 1687 2176 excellit,
1701 2143 1796 2176 euasit,
1810 2144 1895 2178 erupit
1914 2144 1968 2171 Cic.
1982 2145 2037 2171 Cat.
2053 2153 2068 2170 2
2084 2151 2128 2180 pr.
2284 2142 2305 2181 ἦ
2327 2153 2340 2171 2
2376 2145 2437 2172 Con-

302 2181 444 2214 voluptatis
459 2180 546 2211 causa,
565 2178 663 2205 etiamsi
678 2187 733 2204 eam
749 2187 801 2204 non
818 2179 997 2213 consequaris:
1033 2185 1077 2206 aut
1092 2188 1146 2205 non
1160 2179 1283 2211 dolendi,
1298 2185 1334 2206 et·
1351 2181 1377 2206 53
1390 2178 1501 2213 sirus-'iio
1515 2188 1567 2205 curn
1574 2179 1741 2215 Accusatiuis.
1755 2180 1867 2206 Amnem
1879 2179 1990 2206 euadere
2002 2180 2093 2207 Tacit.
2104 2181 2259 2213 Ann.12,3,·.
2274 2181 2328 2207 b.e.
2340 2181 2436 2208 Trans·
2477 2190 2479 2195 ⁴

278 2228 279 2231 ¹
303 2217 377 2245 iamti
400 2217 425 2242 id
446 2215 538 2248 all'equi
559 2223 669 2248 nequeas
686 2214 741 2240 Cic.
755 2213 786 2239 de
802 2214 858 2240 Fin.
871 2221 932 2246 5,19
950 2224 972 2240 c.
987 2222 1012 2248 7.
1085 2214 1157 2241 Idem
1178 2215 1248 2241 Fam.
1263 2224 1294 2246 ιι,
1308 2224 1334 2241 21
1398 2218 1443 2241 irc.
1514 2214 1602 2241 Ardua
1623 2214 1733 2240 euadere
1752 2215 1812 2241 Liu.
1832 2224 1863 2247 2,
1899 2235 1906 2241 .
1944 2235 1951 2242 .
2022 2216 2066 2242 Sil.
2080 2224 2119 2249 10,
2133 2224 2181 2248 419
2213 2217 2291 2243 Arma
2310 2215 2436 2251 parabant

303 2251 407 2278 Etiamsi
423 2250 511 2276 timidi
526 2251 646 2281 edemus,
667 2255 752 2275 tamen
767 2257 871 2275 omnem
884 2250 1008 2276 timorem
1022 2249 1205 2276 abiiceremus.
1267 2250 1333 2277 Plin.
1399 2249 1495 2276 Punica
1507 2256 1532 2276 et
1546 2250 1722 2276 Hannibalem
1742 2257 1844 2277 mutato
1861 2250 1973 2278 euadere
1991 2251 2072 2277 caelo.
2143 2252 2219 2284 Virg.
2232 2252 2328 2285 Geotg.
2342 2261 2371 2284 4,
2386 2256 2436 2285 485

304 2294 331 2321 7,
351 2295 380 2320 27
401 2290 474 2319 Qiae
489 2285 553 2312 mihi
568 2285 673 2315 onmia,
693 2284 857 2311 etiamsinon
871 2285 959 2320 priuS,
978 2291 1091 2311 attamen
1109 2285 1202 2312 clarius
1217 2286 1292 2312 fuisse
1308 2286 1335 2312 in
1400 2287 1478 2312 Casus
1499 2286 1614 2312 euaserat
1635 2295 1734 2312 omneS.
1771 2286 1832 2314 Ite'm
1851 2286 1941 2312 Tacit.
1955 2287 2021 2312 Ann.
2035 2294 2075 2319 14,
2090 2287 2113 2311 6.
2184 2287 2271 2312 Valer.
2291 2287 2388 2319 Argon.
2423 2306 2435 2320 ,

302 2322 425 2356 Scipione
441 2321 590 2347 Aemiliano
602 2320 735 2346 videntur.
806 2322 985 2356 Nonnunquam
997 2324 1166 2355 interponitur
1179 2321 1248 2348 aliud
1265 2331 1335 2348 voca·
1399 2329 1449 2355 570
1474 2321 1599 2348 Claustris
1620 2321 1699 2348 euasit
1716 2328 1828 2356 vterque
1860 2321 1980 2348 Taurus.
2057 2321 2144 2349 Colles
2161 2321 2247 2347 milite
2268 2320 2367 2346 clausos
2388 2294 2432 2356 ΣΞ,

302 2358 390 2384 bulum.
428 2357 500 2382 Hanc
525 2356 598 2383 affert
620 2355 788 2388 facultatem,
811 2361 839 2382 vt
855 2356 934 2382 etiam
955 2355 1043 2382 subito
1057 2357 1074 2382 si
1094 2356 1176 2389 dicat,
1190 2361 1277 2383 tamen
1290 2356 1377 2383 etc.60
1400 2365 1435 2387 12,
1450 2366 1506 2386 502-
1578 2357 1730 2383 Custodiam
1749 2357 1863 2384 nostram
1884 2355 1962 2383 euasit
1978 2356 2057 2383 Caiuu
2072 2357 2101 2383 in
2114 2357 2131 2382 l.
2145 2365 2157 2388 3
2174 2356 2205 2382 D.
2219 2356 2251 2382 de
2267 2356 2368 2390 acquir.
2383 2362 2439 2388 rer,

302 2394 358 2420 Cic.
373 2392 404 2418 de
418 2393 491 2418 Orat.
508 2399 517 2417 1
531 2400 552 2417 c.
566 2399 600 2423 33.
657 2392 690 2417 Vt
709 2391 787 2417 etiam
801 2391 874 2417 Italia
889 2392 906 2417 fi
927 2391 973 2418 ille
992 2391 1080 2424 cedat,
1099 2391 1243 2418 cedendum
1264 2399 1337 2426 putes
1400 2392 1500 2418 domin.
1571 2393 1654 2419 Tacit
1674 2394 1741 2419 Ann.
1761 2401 1801 2426 14,
1814 2401 1842 2418 ιο
1871 2392 1952 2425 (Quod
1966 2392 2112 2418 Discrimen
2131 2391 2322 2426 improuisum,
2339 2397 2366 2417 et
2384 2397 2438 2417 ma-

302 2426 375 2460 Idem
390 2429 442 2453 Att.
456 2432 477 2457 8,
491 2435 515 2452 2.
585 2426 666 2453 Plaut.
680 2426 762 2452 Trin.
777 2435 801 2459 ς,
814 2435 836 2458 2,
851 2435 881 2459 59
909 2427 964 2461 Ego
976 2426 1067 2453 ducam
1082 2434 1169 2461 pater,
1183 2428 1262 2454 etiam
1277 2434 1302 2454 et
1316 2428 1334 2454 si
1399 2428 1448 2457 tris
1464 2428 1565 2454 facinus
1582 2429 1704 2455 euasisset.
1761 2429 1845 2455 Diuos
1860 2427 1966 2462 iniquos
1982 2427 2026 2453 Sil.
2043 2436 2079 2460 ις,
2093 2434 2146 2460 593.
2217 2427 2361 2453 Flammam
2376 2432 2439 2452 eua-

302 2471 381 2498 quam
399 2462 477 2488 aliam
496 2460 608 2487 iubebis.
679 2462 764 2488 Etiam
781 2468 852 2494 tum,
867 2469 915 2497 pro
935 2463 1012 2498 lissque
1031 2470 1103 2493 tunc,
1116 2464 1157 2489 vel
1174 2463 1247 2498 usque
1260 2463 1294 2489 ad
1306 2464 1336 2489 iI-
1400 2462 1430 2489 sit
1445 2463 1522 2488 classis
1543 2464 1690 2498 Virg.Aen.
1704 2471 1727 2496 ς,
1740 2467 1796 2496 689.
1866 2464 1994 2490 Furorem
2008 2462 2108 2489 Boreae
2135 2462 2180 2488 Sil.
2197 2470 2218 2494 1,
2230 2470 2285 2495 595.
2355 2461 2441 2488 Furto

301 2498 346 2525 Iud
359 2505 459 2533 tempus.
495 2497 563 2523 Tcr.
578 2498 641 2523 Hec.
659 2505 678 2528 1,
693 2505 715 2529 2,
728 2505 762 2532 70
795 2498 839 2523 Me
853 2497 939 2524 educit
953 2498 1039 2524 foras:
1062 2506 1201 2533 narratque
1215 2505 1243 2524 vt
1257 2500 1334 2532 virgo
1400 2498 1488 2524 Valer.
1504 2499 1601 2531 Argon.
1617 2504 1639 2529 8,
1655 2507 1702 2531 153-
1773 2499 1874 2525 Gradus
1895 2499 1961 2525 altos
1980 2499 2057 2532 virg.
2072 2499 2137 2524 Aen.
2157 2508 2186 2531 4,
2199 2500 2255 2530 685.
2273 2500 2291 2523 i.
2312 2495 2444 2524 Ascendea

302 2533 336 2560 ab
349 2534 372 2559 se
386 2534 486 2566 integra
499 2532 578 2558 etiam
598 2538 652 2558 tum
667 2532 721 2559 fiet.
765 2533 822 2558 Cic.
836 2533 869 2559 de
881 2534 954 2560 Orat.
969 2542 992 2565 2,
1008 2541 1047 2566 ¹93
1076 2534 1173 2560 Omnes
1187 2535 1266 2561 etiam
1280 2540 1336 2560 tum
1348 2539 1379 2570 65
1399 2541 1437 2559 re.
1458 2533 1572 2559 Seruius.
1644 2534 1715 2559 Idem
1729 2534 1793 2559 Aen.
1809 2543 1835 2565 9,
1848 2536 1894 2565 386
1920 2535 2027 2567 lamque
2042 2533 2193 2567 imprudens
2207 2534 2322 2559 euaserat
2335 2532 2443 2559 Hostes.

304 2569 384 2594 etiarn
416 2567 563 2594 retinebant
588 2568 662 2594 illum
689 2568 794 2594 Periclis
820 2569 933 2595 succum.
1002 2570 1057 2595 Cic.
1072 2570 1147 2596 Verr.
1167 2578 1194 2602 4,
1207 2577 1242 2603 97
1266 2578 1286 2595 c.
1305 2578 1335 2601 39
1400 2569 1478 2595 Latus
1492 2569 1638 2594 Ausonium
1658 2569 1762 2595 euasere
1783 2577 1880 2602 puppes
1905 2568 1950 2594 Sil.
1964 2576 1997 2599 ις,
2012 2570 2063 2600 165.
2126 2569 2220 2593 Letum
2240 2568 2311 2594 Idem
2329 2576 2369 2600 14,
2384 2576 2447 2603 172...

305 2604 395 2635 Quum
411 2602 453 2628 isti
471 2603 549 2627 etiam
568 2608 623 2627 tum
640 2603 670 2628 de
684 2603 791 2629 Sthenio
813 2604 913 2639 integra
934 2610 987 2630 tota
1001 2614 1041 2630 res
1057 2605 1127 2630 esset.
1196 2604 1268 2631 Idem
1284 2605 1337 2630 Att.
1401 2605 1471 2630 Loca
1485 2604 1579 2630 mortis
1591 2603 1673 2630 Ouid.
1687 2605 1751 2630 Met.
1767 2611 1806 2636 14,
1819 2605 1871 2629 126.
1943 2603 2019 2637 Virg.
2032 2604 2097 2629 Aen.
2110 2611 2137 2636 9,
2151 2605 2199 2636 560
2225 2603 2367 2632 Nostrasne
2382 2611 2445 2630 eua-

304 2645 328 2671 ς,
343 2646 355 2670 5
390 2637 437 2663 Ille
450 2635 557 2670 quidem
572 2637 681 2675 periculi
695 2639 780 2668 causa,
799 2639 871 2672 quod
883 2639 932 2666 fibi
947 2640 1027 2668 etiam
1035 2640 1111 2667 fuiffe
1129 2639 1209 2667 dicit:
1231 2648 1282 2676 ego
1294 2649 1339 2667 au·
1402 2639 1464 2665 dere
1478 2639 1583 2665 demens
1623 2639 1733 2673 Spei-asti
1752 2645 1776 2665 te
1794 2640 1862 2673 posse
1880 2638 1990 2664 Manus?
2024 2638 2092 2664 Add.
2113 2638 2157 2664 Sil.
2178 2646 2203 2670 9,
2224 2646 2269 2670 1¹3·
2340 2638 2440 2666 restem

301 2678 356 2700 tem
371 2672 450 2699 etiam
464 2677 493 2697 vt
505 2670 605 2696 nullum
622 2672 767 2704 periculum
780 2673 817 2698 sit.
1402 2674 1468 2701 belli
1482 2675 1555 2708 Virg.
1571 2675 1634 2700 Aen.
1652 2683 1689 2706 ιο,
1703 2682 1739 2707 55.
1809 2675 1924 2708 Pugnam
1937 2673 2012 2699 cursu
2025 2674 2096 2699 Idem
2111 2675 2174 2699 Aen.
2190 2681 2224 2706 11,
2238 2682 2299 2708 702.
2329 2674 2376 2701 sed
2396 2683 2442 2702 va·

341 2712 536 2738 ETRVR1A,
571 2705 624 2732 vid.
662 2712 881 2735 HETRVR1A.
1028 2708 1031 2710 ’
1347 2718 1383 2747 70
1401 2713 1472 2736 riant
1491 2709 1552 2736 libri
1568 2718 1670 2744 pugna,
1690 2718 1798 2743 pugnae.
1875 2709 2026 2735 Sermonem
2047 2708 2226 2743 malignorum
2245 2709 2368 2741 euadere,
2388 2716 2440 2744 pro

1404 2747 1462 2772 Non
1483 2744 1524 2778 effe
1543 2745 1671 2771 obnoxium
1682 2745 1845 2780 firmonibus.
1881 2744 1947 2770 Plin.
1962 2744 2038 2778 Epist.
2052 2752 2079 2779 7,
2094 2753 2163 2777 24,3
2189 2745 2228 2775 Ac,
2243 2744 2358 2779 primum
2377 2753 2441 2771 conr

693 2768 719 2799 E
814 2767 848 2798 T
946 2769 964 2799 S
1402 2781 1505 2814 spicuus
1524 2781 1609 2806 forma
1627 2789 1716 2805 omnes
1738 2780 1868 2806 sermones
1881 2780 2058 2820 malignorum
2074 2787 2099 2806 et
2112 2788 2176 2814 puer
2189 2787 2215 2806 et
2234 2780 2339 2806 iuuenis
2350 2779 2441 2808 euasit.

342 2820 439 2842 ETSL
463 2813 540 2840 Coni.
575 2813 691 2847 [naseos]
705 2815 732 2839 ri.
753 2813 879 2848 Quamuis,
894 2812 1033 2840 Indicatiuo
1047 2821 1071 2839 et
1083 2814 1245 2842 Coniunffluo
1258 2818 1341 2852 iungi·
1402 2815 1478 2848 Virg.
1495 2816 1558 2840 Aen.
1573 2824 1610 2846 12,
1624 2823 1675 2846 902.
1699 2815 1775 2840 Tum
1795 2815 1859 2849 lapis
1881 2814 1934 2848 ipse
1954 2816 2008 2842 vrri
2028 2824 2140 2842 vacuum
2159 2824 2206 2850 per
2225 2815 2302 2841 inane
2320 2816 2442 2849 volutus,

307 2855 366 2883 tur,
380 2855 457 2885 prout
475 2850 562 2876 relatio
580 2851 787 2879 enuntiationum,
799 2856 822 2874 et
841 2856 932 2874 certum
944 2850 984 2875 vel
999 2852 1118 2875 incertum
1139 2851 1287 2876 conditionis
1297 2859 1341 2885 po·
1403 2849 1460 2876 Nec
1474 2850 1590 2882 Spatium
1604 2849 1699 2880 euasit,
1712 2855 1797 2875 totum
1811 2858 1857 2875 nec
1871 2851 1980 2884 pertulit
1993 2850 2085 2877 ieiuni.
2104 2854 2123 2877 i.
2144 2851 2288 2877 Euacuatus
2301 2849 2337 2877 est
2355 2851 2442 2885 impe-

302 2884 390 2919 stulat.
428 2884 495 2911 Ter.
509 2883 588 2910 Andr.
602 2892 625 2915 2,
640 2892 664 2914 z,
678 2891 709 2917 37
743 2884 934 2916 Bene⁴mones,
948 2883 1008 2910 ibo:
1027 2884 1070 2910 etii
1090 2884 1177 2910 hercle
1196 2886 1268 2919 saepe
1287 2887 1339 2911 iam
1351 2892 1383 2919 75
1403 2889 1443 2910 tus
1465 2883 1541 2917 ipsius
1563 2885 1646 2918 spatio
1664 2884 1796 2919 longiore.
1816 2886 1930 2912 Seruius.
2001 2886 2072 2912 Tela
2087 2886 2132 2911 Sil.
2146 2893 2173 2918 7,
2210 2903 2217 2910 .
2253 2904 2261 2911 .
2331 2886 2440 2913 Valetu-

309 2929 352 2948 me
365 2921 418 2954 spes
437 2920 498 2945 haec
513 2918 631 2945 frustrata
648 2918 692 2944 est.
746 2918 818 2945 Idem
831 2919 925 2945 Heaut.
940 2930 962 2950 4,
977 2927 995 2950 1,
1011 2928 1031 2946 11
1060 2919 1121 2945 Vin'
1141 2928 1182 2945 me
1203 2920 1268 2946 istuc
1289 2919 1340 2946 tibi
1403 2919 1492 2945 dinem
1511 2926 1662 2954 perpetuam
1677 2919 1803 2953 euadere,
1818 2928 1866 2956 pro
1875 2921 1989 2948 Liberari
2000 2926 2139 2955 aperpetuo
2151 2919 2241 2946 morbo·
2277 2920 2344 2947 Plin-
2357 2921 2438 2956 Epist.

309 2955 371 2988 (etsi
392 2955 547 2981 incredibile
567 2954 621 2985 est)
638 2953 760 2980 credere?
811 2954 883 2981 Idem
903 2955 967 2980 Hec.
987 2963 1008 2986 3,
1021 2963 1041 2986 3,
1056 2964 1093 2989 44
1128 2954 1178 2981 Etfi
1201 2963 1276 2982 amor
1298 2964 1340 2982 me
1405 2963 1423 2984 1,
1436 2963 1463 2980 12
1498 2955 1557 2981 Scio
1577 2954 1657 2981 euasit
1679 2961 1829 2990 perpetuam
1844 2955 2044 2982 Valetudinem:
2065 2955 2119 2980 scio
2142 2954 2242 2980 deceslit
2257 2956 2439 2990 superstitibus

309 2991 426 3026 grauiter
440 2989 652 3023 consuetudoque
671 2995 750 3015 tenet.
821 2990 875 3016 Cic.
890 2990 962 3016 Fam.
976 2992 1002 3022 6,
1016 2999 1025 3016 1
1045 2997 1148 3025 quatuor
1163 2994 1260 3025 primae
1274 2991 1340 3016 dem.
1375 3003 1377 3006 .
1406 2990 1466 3021 suite,
1481 2996 1525 3015 etc.
1595 2990 1639 3016 Sil.
1654 2998 1680 3024 7,
1695 2998 1728 3024 72
1768 2992 1797 3018 Et
1822 2991 1924 3025 captiua
1947 2999 2019 3024 paras
2038 2989 2178 3016 moriendo
2200 2990 2309 3017 euadere
2327 2992 2438 3020 Vincla?

308 3034 364 3061 ceps
374 3025 472 3061 periodi
481 3032 526 3060 per
540 3024 588 3051 Etsi
602 3025 782 3051 deuinciuntur.
817 3024 889 3051 Idem
903 3024 934 3051 de
950 3025 1055 3052 Amicit.
1072 3034 1118 3058 104
1136 3025 1184 3051 Etsi
1198 3026 1252 3052 illis
1267 3026 1341 3060 plane
1404 3025 1478 3058 Virg.
1493 3026 1556 3050 Aen.
1572 3033 1597 3056 9,
1613 3034 1646 3057 99
1671 3026 1743 3052 Olim
1759 3035 1927 3061 quaecunque
1947 3026 2058 3051 euaseris
2074 3025 2164 3051 Vndis.
2185 3029 2202 3051 i.
2221 3026 2259 3052 De
2274 3027 2356 3054 Vndis
2368 3028 2440 3054 exie-

312 3062 418 3088 orbatus
431 3061 522 3092 essem,
533 3069 655 3094 magnum
669 3066 754 3086 tamen
766 3059 870 3086 afferret
884 3067 950 3086 aetas
966 3061 1016 3100 ipsa
1033 3060 1098 3086 mihi
1115 3060 1245 3087 solatium.
1289 3061 1338 3087 Etsi
1352 3067 1384 3092 30
1404 3060 1455 3090 rit3
1476 3069 1557 3095 quum
1572 3061 1674 3086 venerit
1688 3061 1718 3087 ad
1728 3071 1787 3088 eum
1804 3061 1939 3093 locum,de
1952 3070 2005 3095 quo
2018 3061 2175 3095 nauigatura
2185 3061 2235 3087 iam
2250 3069 2311 3088 nota
2320 3062 2359 3089 fit.
2379 3063 2438 3091 Ser·
2452 3074 2454 3078 ·

309 3097 429 3131 pluribus
444 3096 509 3122 datis
522 3095 670 3128 tutoribus,
688 3095 765 3121 vuius
779 3095 918 3121 auctoritas
931 3095 1052 3121 sufficiat:
1071 3102 1166 3129 tamen,
1181 3104 1225 3122 etc.
1266 3097 1340 3123 Pom-
1404 3096 1471 3121 vius.
1544 3097 1628 3122 Voces
1652 3096 1762 3123 alicuius
1794 3097 1881 3123 Valet.
1913 3097 2008 3130 Argon.
2035 3103 2068 3129 7,
2089 3105 2145 3129 299.
2217 3098 2329 3124 Omnem
2357 3099 2438 3126 Viam
2452 3099 2459 3111 ‘¹

311 3142 373 3166 pon.
390 3133 416 3157 in
430 3131 446 3158 l.
461 3142 478 3165 4
495 3132 525 3157 D.
541 3131 571 3157 de
584 3131 650 3156 au&
666 3136 746 3156 tutor.
815 3131 872 3156 Cum
892 3134 1093 3166 interrogatione.
1130 3132 1184 3158 Cic.
1205 3133 1257 3158 Att.
1273 3141 1297 3164 9,
1312 3141 1340 3159 12
1403 3131 1477 3165 Virg·
1493 3132 1555 3157 Aen·
1576 3139 1599 3161 2,
1613 3139 1670 3165 730-
1905 3141 1917 3164 3
1955 3133 2052 3157 Exitum
2075 3138 2098 3157 et
2119 3139 2227 3158 euentum
2246 3143 2328 3159 rerum
2347 3134 2438 3170 secm-

311 3170 361 3198 Do,
375 3167 408 3194 do
423 3176 517 3201 poenas
530 3167 683 3192 temeritatis
698 3174 780 3197 meae,
799 3165 843 3192 etsi
863 3174 929 3200 quae
949 3166 1000 3192 fuit
1018 3166 1063 3192 illa
1077 3168 1226 3193 temeritas?
1269 3168 1340 3194 Idem
1404 3165 1459 3192 dum
1481 3168 1520 3192 vel
1540 3166 1664 3202 aduersum
1688 3173 1773 3193 notat:
1809 3167 1892 3193 Euaiit
1910 3172 2030 3200 coeptum
2046 3166 2121 3192 inane
2139 3167 2198 3194 Liu.
2212 3176 2249 3200 ες,
2263 3176 2308 3203 47.
2360 3168 2437 3197 Idem

312 3205 364 3229 Att.
381 3206 417 3235 16,
432 3210 448 3237 7
486 3201 552 3233 litii,
566 3202 686 3236 quamuis
703 3210 757 3227 non
775 3201 858 3228 fueris
878 3202 964 3227 suasor
986 3207 1010 3227 et
1030 3201 1155 3236 impulsor
1168 3202 1341 3237 profeekionis
1404 3209 1443 3233 ις,
1481 3222 1487 3228 .
1525 3222 1531 3228 .
1569 3202 1627 3228 Alia
1648 3201 1757 3228 subinde
1774 3203 1832 3236 Spes
1853 3202 1986 3237 postquam
2006 3201 2067 3228 hacc
2089 3211 2152 3228 vana
2172 3204 2301 3234 euaserat,
2324 3205 2437 3240 excepit.

312 3247 399 3269 meae,
413 3237 573 3272 approbator
592 3243 661 3263 certe
680 3237 762 3263 fuisti.
836 3238 866 3263 Et
881 3237 933 3262 Att.
950 3245 981 3268 12,
1019 3255 1026 3262 .
1064 3256 1071 3263 .
1107 3237 1156 3264 Etsi
1177 3244 1264 3265 tamen
1284 3238 1342 3266 vbi·
1356 3246 1384 3273 83
1406 3237 1463 3263 Cic.
1476 3237 1507 3263 dc
1521 3237 1611 3263 Diuin.
1625 3245 1649 3269 2,
1666 3240 1711 3269 146
1727 3247 1746 3263 c.
1763 3246 1791 3271 71
1829 3238 1853 3264 Si
1881 3237 2008 3263 somnium
2034 3247 2124 3264 verum
2149 3238 2228 3265 euafit
2251 3239 2374 3273 aliquod:
2403 3241 2438 3267 Ee

313 3282 413 3308 cunque
427 3274 497 3306 sum,
510 3273 556 3299 illa
569 3273 627 3299 sunt
641 3281 752 3299 mecum.
782 3271 840 3299 Vid.
859 3279 1015 3299 TAMETSI.
1404 3273 1486 3306 paullo
1501 3280 1556 3298 onte
1564 3274 1629 3299 Cum
1645 3272 1733 3298 eadem
1748 3273 1806 3299 aliis
1819 3279 1843 3299 et
1857 3273 1932 3299 aliter
1942 3272 2058 3299 euadant.
2112 3274 2142 3300 E!
2159 3282 2198 3300 121
2212 3283 2234 3300 c.
2251 3282 2281 3306 59
2313 3275 2343 3302 Et
2358 3276 2438 3302 mira-
2451 3278 2452 3301 ξ

1406 3316 1466 3333 mur
1486 3307 1627 3342 aliquando
1651 3307 1692 3339 id,
1717 3307 1789 3341 quod
1815 3308 1999 3334 somniarimus
2022 3308 2149 3335 euadere?
2205 3310 2234 3336 E!
2255 3318 2339 3343 2,109
2363 3319 2384 3337 c.
2405 3318 2435 3344 53

691 3346 718 3376 E
816 3345 849 3377 T
952 3345 979 3376 Y
1405 3342 1489 3369 Multa
1505 3344 1591 3377 inquit
1607 3352 1668 3369 vera
1681 3343 1798 3369 euadere.
1836 3343 1908 3377 Qud
1922 3343 1993 3377 quod
2007 3345 2088 3370 multo
2103 3346 2176 3379 plura
2190 3345 2268 3371 falsa?
2293 3360 2337 3366 —-
2360 3347 2435 3380 Qio.

1404 3387 1464 3404 rum
1488 3387 1612 3412 generum
1636 3378 1736 3404 nullum
1760 3378 1811 3410 est,
1834 3387 1865 3405 ex
1882 3387 1935 3413 quo
1953 3387 2004 3405 non
2016 3380 2127 3415 aliquid,
2141 3379 2204 3406 sicut
2218 3379 2379 3414 praedictum
2394 3381 2436 3414 sit,

347 3420 636 3447 ETYMOLOGM,
656 3423 693 3441 ae.
720 3414 740 3441 f.
777 3415 962 3450 [ἒτυμολογία]
996 3414 1085 3440 Latine
1097 3413 1282 3448 veriloquium
1302 3417 1341 3440 in·
1354 3422 1387 3447 90
1404 3414 1523 3440 euaserit.
1591 3414 1650 3440 Liu.
1671 3421 1714 3447 27,
1750 3433 1756 3439 .
1794 3433 1799 3439 .
1836 3414 1872 3439 Eo
1892 3423 1959 3440 anno
1973 3414 2116 3442 Pestilentia
2134 3415 2219 3449 grauis
2239 3414 2331 3441 incidit
2351 3416 2377 3442 in
2391 3425 2446 3443 vr-.

311 3455 460 3483 tri-pretatur
473 3450 514 3482 effi*
528 3452 620 3477 dicitur·
629 3470 636 3482 ,
652 3457 679 3476 vt
698 3460 753 3476 mox
771 3450 905 3476 videbimus
914 3471 921 3482 ‚
935 3451 1025 3476 Cicero.
1079 3450 1119 3476 stc
1139 3457 1217 3475 atatem
1240 3457 1340 3476 uocatur
1404 3447 1479 3479 bem,
1492 3457 1619 3483 agrosque
1628 3469 1635 3480 ,
1654 3457 1719 3484 quac
1732 3456 1817 3474 tamen
1831 3450 1914 3483 magis
1928 3450 1954 3475 in
1967 3451 2072 3476 morbos
2086 3450 2177 3484 longos
2188 3470 2195 3483 ,
2215 3458 2292 3485 quam
2306 3451 2436 3485 pernicia-

308 3490 371 3516 μανι
392 3485 579 3517 Gramiimtices,
602 3495 660 3521 quae
678 3488 786 3521 origines
805 3492 828 3511 et
849 3485 1013 3511 deriuationes
1033 3484 1158 3510 verborum
1194 3484 1338 3546 eir-{equitum
1404 3483 1441 3508 les
1459 3484 1546 3509 enatit.
1620 3485 1698 3510 Etiam
1711 3485 1828 3545 pei-psonac
1848 3485 1966 3517 curidum,
1986 3489 2004 3511 i.
2019 3486 2089 3521 fiunt
2103 3489 2164 3512 mles
2186 3488 2224 3512 vel
2238 3488 2309 3512 tales.
2330 3487 2385 3513 Cic.
2399 3487 2434 3514 de

314 3518 369 3544 Cic.
389 3519 464 3544 Acad.
480 3528 498 3549 ι,
513 3529 541 3551 32.
572 3521 720 3549 Verborum
739 3522 818 3547 etiam
833 3521 975 3554 explicatio
990 3520 1131 3554 probatur,
1151 3521 1160 3545 i
1190 3528 1204 3545 e
1241 3529 1292 3554 qua
1307 3519 1339 3546 de
1406 3518 1474 3545 Clar.
1496 3519 1568 3545 Orat.
1591 3527 1625 3550 13¹
1646 3528 1667 3544 c.
1687 3527 1713 3550 35
1768 3518 1880 3546 erfectus
1899 3521 2038 3554 Epicureus
2057 3522 2181 3548 euaserat.
2234 3520 2304 3546 Idem
2318 3522 2393 3550 Verr.
2407 3531 2439 3556 ες,4

313 3554 386 3578 causa
406 3562 521 3587 quaeque
540 3556 615 3581 ess‘cnt
634 3557 669 3583 ita
689 3557 842 3588 nominata,
861 3565 939 3590 quam
960 3555 1148 3588 etymologiam
1164 3555 1337 3589 appellabant.
1405 3556 1442 3580 161
1465 3553 1521 3580 Nisi
1536 3553 1584 3579 hoc
1599 3554 1669 3579 sorte
1683 3553 1799 3580 deterior
1811 3556 1862 3587 cll,
1883 3555 1898 3580 si
1914 3555 1969 3582 tieri
1984 3556 2079 3590 potest,
2093 3556 2163 3591 quod
2183 3561 2210 3581 tu
2229 3556 2358 3583 eivsmodi
2372 3566 2445 3589 cuae,

318 3587 375 3612 Viti.
395 3589 464 3613 Idem
478 3590 505 3613 in
515 3589 612 3622 Topic.
626 3600 662 3623 35,
703 3591 832 3625 Qiineul.
849 3602 864 3626 ι,
878 3593 903 3623 6,
918 3596 945 3621 28
974 3590 1137 3624 Etymologia
1159 3600 1225 3625 quae
1243 3590 1338 3617 verbo·
1351 3593 1383 3619 95
1404 3589 1454 3615 sisti
1464 3609 1472 3621 ,
1490 3597 1542 3614 nou
1557 3589 1584 3614 in
1600 3588 1716 3615 hominis
1730 3589 1870 3622 luxuriosi,
1889 3591 1928 3616 sed
1941 3599 2040 3618 tantum
2055 3593 2082 3617 in
2097 3592 2163 3618 furis
2175 3599 2203 3617 ac
2217 3589 2340 3618 diuisor-is
2354 3592 2432 3619 disci·
2448 3610 2449 3616 .

312 3631 371 3648 rum
384 3623 513 3655 originem
528 3624 652 3657 inquirit,
669 3636 683 3652 a
698 3628 826 3654 Cicerone
838 3626 907 3653 dieta
920 3626 955 3653 est
969 3629 1076 3656 notatio,
1096 3626 1159 3659 quia
1172 3635 1267 3652 nomen
1281 3627 1338 3652 cius
1403 3625 1473 3659 plina
1487 3624 1617 3651 educatus.
1672 3625 1743 3650 Idem
1758 3624 1822 3650 Phil.
1838 3635 1852 3651 2
1879 3628 1917 3652 An
1930 3627 2111 3659 verebare,ne
2124 3634 2176 3652 non
2193 3633 2343 3657 putaremus
2356 3634 2436 3654 natu-¹
2448 3642 2450 3648 ·

310 3657 379 3691 apud
394 3657 557 3683 Aristotelem
572 3659 703 3687 inuenitur
720 3662 861 3695 εύμζολον,
881 3661 952 3696 quod
975 3660 1010 3687 est
1030 3667 1095 3687 nota.
1132 3661 1200 3687 Nam
1224 3661 1336 3688 verbum
1401 3669 1431 3686 ra
1453 3666 1478 3686 te
1499 3660 1608 3694 potuisse
1631 3668 1684 3685 non
1708 3660 1857 3693 improbum
1882 3662 2009 3689 euadere?
2055 3665 2095 3690 Sic
2117 3661 2202 3687 laudat
2224 3661 2295 3688 Non.
2318 3672 2352 3695 4,
2377 3670 2432 3697 1)·7.

311 3701 345 3732 εκ.
356 3692 437 3718 verbo
452 3692 574 3727 ductum,
592 3693 618 3719 id
633 3695 667 3720 est
686 3699 859 3732 veriloquium,
880 3698 932 3731 ipse
946 3697 1056 3728 Cicero,
1077 3696 1123 3730 qui
1144 3696 1235 3728 finxit,
1254 3698 1337 3723 resor-
1403 3695 1459 3721 Cic.
1475 3695 1506 3721 de
1519 3695 1592 3721 Petit.
1606 3696 1681 3721 Cous.
1697 3703 1729 3729 27
1756 3696 1904 3723 Minutatim
1919 3706 1949 3723 cx
1963 3695 2145 3724 communibus
2159 3698 2277 3730 proprii,
2293 3706 2323 3723 ex
2335 3698 2435 3725 fucosis
2448 3706 2458 3724 ἰ

310 3728 399 3754 nudat.
434 3728 497 3753 Sunt
511 3728 556 3761 qui
573 3729 627 3754 viui
641 3731 725 3763 potius
739 3732 846 3763 intuiti,
865 3733 1062 3769 Originationem
1074 3738 1177 3758 vocent.
1209 3732 1266 3758 Vici.
1280 3733 1337 3759 No·
1403 3730 1473 3756 sirmi
1492 3729 1670 3764 suffragatores
1689 3730 1811 3757 euadunt.
1880 3733 1910 3758 In
1928 3733 2039 3759 dicendo
2057 3731 2131 3766 pauci
2150 3731 2220 3765 digni
2243 3733 2352 3759 nomine
2370 3742 2431 3760 eua-
2452 3742 2465 3757 ι»

310 3764 391 3794 tatio,
413 3765 439 3788 in
465 3769 482 3786 N
495 3769 514 3788 0
523 3770 544 3789 ‘r
555 3770 583 3789 Α.
1345 3772 1392 3791 100
1403 3765 1467 3791 dunt
1483 3766 1553 3791 Idem
1568 3766 1599 3791 de
1613 3765 1682 3791 Clas.
1698 3767 1770 3792 Orat.
1786 3775 1842 3797 29x2.
1913 3770 1942 3794 fit
1957 3768 1989 3796 de
2002 3768 2056 3794 Fin.
2072 3775 2099 3799 4,
2114 3771 2146 3799 78
2158 3776 2179 3792 c.
2194 3768 2239 3795 vlt.
2267 3769 2341 3802 Qiae
2356 3768 2431 3796 verba
2458 3774 2473 3791 *-

345 3804 388 3824 ET
400 3797 450 3824 fist
460 3804 508 3824 ΟΝ
520 3817 526 3828 ,
546 3799 562 3823 i.
585 3807 610 3823 n.
647 3799 768 3834 [ἔτυμον]
805 3803 907 3836 Proprie
921 3804 1022 3829 Graecis
1034 3811 1117 3829 verum
1126 3800 1262 3837 fignificat.
1289 3802 1336 3829 Sed
1402 3800 1464 3826 dum
1479 3800 1525 3826 nbi
1539 3801 1617 3826 euelli
1632 3801 1740 3833 uolunt,
1753 3802 1916 3829 horridiores
1930 3804 2057 3831 euadunt,
2071 3802 2214 3834 asperiores
2224 3822 2232 3834 ,
2253 3801 2371 3829 duriores
2381 3823 2388 3836 ‚
2402 3808 2430 3831 et
2456 3812 2457 3815 ’

307 3834 408 3859 Latinis
420 3834 481 3860 idem
511 3833 557 3858 uod
571 3834 676 3868 sigimolo
695 3838 727 3861 ia.
771 3837 854 3862 Varro
868 3837 899 3863 de
914 3838 943 3864 R.
959 3839 987 3864 R.
1003 3845 1022 3868 1,
1036 3843 1068 3870 48
1098 3837 1208 3863 Videtur
1221 3836 1334 3863 vocabu·
1399 3835 1520 3862 oratione
1539 3841 1563 3862 et
1584 3836 1710 3862 moribus.
1779 3838 1797 3863 Ε
1813 3837 2030 3872 Philosophorum
2049 3836 2143 3862 scholis
2161 3837 2222 3863 tales
2242 3838 2296 3864 fere
2316 3839 2430 3866 euadunt
2472 3846 2473 3849 ’

306 3868 360 3894 111111
375 3874 481 3901 etymon
492 3842 588 3894 gabere
602 3877 616 3893 a
631 3844 777 3901 ἶ(Διιὲειιάο,
797 3871 868 3905 quod
880 3880 911 3897 eo
920 3873 1041 3899 folliculo
1054 3871 1207 3906 deglubitur
1214 3881 1332 3906 granum.
1401 3871 1455 3896 Cic.
1471 3871 1497 3896 in
1512 3872 1584 3898 Orat.
1598 3880 1628 3903 9,-
1642 3881 1663 3897 c.
1679 3880 1720 3905 27.
1772 3873 1895 3899 Summus
1904 3873 1980 3899 euasit
1999 3871 2071 3898 Idem
2086 3871 2118 3897 de
2132 3872 2199 3898 clar.
2213 3873 2284 3899 Orat.
2300 3881 2342 3907 ¹75
2356 3883 2377 3900 c.
2390 3881 2436 3909 47.

304 3904 333 3929 dc
350 3906 441 3940 glizina.
483 3903 539 3930 Vul.
554 3903 623 3930 Geli.
637 3908 672 3935 18,
682 3913 709 3936 4.
748 3906 822 3933 Idem
835 3908 918 3933 Varro
931 3910 955 3940 6,
971 3916 1031 3943 ipr.
1062 3907 1148 3935 Verba
1161 3908 1251 3935 omnia
1264 3916 1330 3943 quae
1399 3907 1470 3931 Forte
1483 3915 1535 3931 cum
1546 3905 1656 3939 allusione
1667 3908 1699 3932 aii
1716 3911 1834 3934 notionem
1848 3909 2005 3941 altitudinis,
2023 3916 2093 3942 quum
2102 3907 2190 3941 puſjim
2203 3911 2230 3933 in
2241 3909 2285 3934 hoc
2298 3909 2385 3940 uerbo,
2397 3912 2428 3935 vt

303 3938 398 3966 habent
418 3941 506 3971 ἕὲυμα.
1341 3948 1385 3975 105
1395 3943 1423 3967 in
1434 3945 1539 3968 caeteris
1552 3950 1580 3967 ex
1593 3950 1607 3968 e
1622 3943 1661 3969 vel
1673 3951 1704 3969 cx
1722 3943 1859 3979 coiigpqsitis
1872 3943 1994 3979 obseruare
2009 3943 2076 3968 licet.
2111 3942 2153 3969 Sic
2165 3951 2215 3978 pro
2229 3943 2348 4005 Mul-aen.
2361 3952 2383 3983 ς.
2398 3945 2434 3975 ‘¹32

2329 3982 2424 4006 taiunt
