2479 4225
30 219 92 262 385
443 205 477 245 E
564 207 592 248 P
679 207 694 247 Ῑ

32 295 160 334 epithesin,
179 295 286 323 aliudue
300 294 375 330 quid,
390 294 442 321 siue
456 295 611 330 scripturam
624 295 652 322 in
664 296 779 323 aliorum
793 297 882 320 notaui
896 291 1060 327 produxerit.

30 337 71 365 51⁴4-
84 332 228 359 Haloander.
246 330 293 358 Sed
305 332 422 366 Gotbofr.
442 331 631 364 ἓπιγςιέμμοιτα.

66 366 321 399 ΕΡΙΤΗΕΤΟΝ,
340 366 358 392 i.
385 376 410 392 n.
447 367 592 402 [ἐπίθετον]
631 364 670 400 Est
700 374 784 401 viamen
816 361 991 394 Ailiet‘liiticm,
1022 363 1063 388 vel

8 430 13 435 .
31 405 192 437 Participium
210 402 283 434 adeo,
299 408 343 428 aut
357 402 453 437 solum,
466 409 509 428 aut
521 412 574 428 cum
587 404 646 429 aliis
659 401 822 433 Substantiuis
832 398 996 425 Aduerbiisue
1009 400 1063 423 iun-

32 436 114 470 stum,
133 437 197 473 quod
222 441 317 463 nomini
334 436 488 470 Substantiuo
508 441 648 474 apponitur.
684 434 854 462 Adieenuum
877 433 949 468 quod
968 433 1063 459 Graeci

34 474 138 502 ἐπίθετον
158 481 252 498 vocant
273 473 392 500 Macrob.
416 482 434 505 1,
453 482 480 506 4.
516 473 588 508 Conf.
609 472 682 498 Idem
702 472 726 500 6,
746 477 767 502 ς.
804 471 882 496 Locus
898 468 1009 503 claffi‘cus
1031 466 1064 501 ist

35 507 161 543 Qinffii.
181 513 205 538 8,
225 510 251 540 6,
270 517 301 541 39
343 509 427 535 Ornat
447 509 568 538 ἐπίθετον,
594 505 664 541 quod
685 504 756 531 refte
779 504 894 531 diximus
911 503 1064 538 Appositum

34 544 74 577 (⁸8,
87 551 109 575 2,
124 546 169 575 ιο)
188 552 202 569 a
220 543 354 570 nonnullis
372 545 480 579 sequens
500 543 603 570 dicitur.
640 542 677 567 Eo
700 542 794 567 Poetae
812 547 837 566 et
856 539 1020 574 frequentius
1040 544 1066 565 et

32 579 141 606 liberius
161 585 277 605 vtuntur.
314 594 359 599 —
396 580 471 615 Apud
485 585 633 609 oratorem,
644 575 692 602 nisi
712 575 814 610 aliquid
827 574 956 607 efficitur,
970 574 1065 602 redun-

32 614 83 642 dat.
121 614 197 640 Tum
216 620 302 640 autem
321 613 450 648 efficitur,
470 615 487 641 si
500 613 552 640 sine
563 612 629 643 illo,
652 610 724 646 quod
736 612 848 643 dicitur,
863 611 950 637 minus
964 610 999 636 est
1019 617 1064 635 etc.

34 649 101 678 Add.
117 658 143 682 9,
157 658 176 682 1,
189 658 201 681 3
215 656 238 675 et
250 651 274 676 6.
295 653 324 678 it.
345 655 368 682 8,
382 660 401 683 3,
416 659 456 677 20.
493 647 622 681 Quinctil.
634 652 657 679 8,
670 656 686 673 2
701 654 723 673 et
742 655 768 679 9,
784 656 803 673 1.
834 649 895 673 Item
910 646 1000 672 Isidor.
1016 654 1036 678 1,
1050 647 1066 671 6

33 691 57 712 et
72 687 108 717 36.
142 686 234 711 Rarum
249 684 298 719 cll,
320 686 386 721 quod
396 684 502 712 Tibull.
519 693 538 715 1,
552 688 575 715 8,
589 690 618 717 17
641 686 694 709 tria
707 682 829 717 Epitheta
850 685 895 707 vni
912 680 1066 714 Substantiuo

34 719 146 749 adiciam
183 721 218 746 Vt
238 721 333 748 volitat
347 721 448 748 crebras
463 718 559 746 intaeta
574 727 619 754 pei·
631 718 708 744 vrbes
746 717 812 744 Alba
825 716 968 743 Palaestino
980 717 1066 743 sancia

35 755 156 783 columba
177 755 251 788 Syro.
290 758 351 783 Tale
369 755 401 789 ‘fi
415 755 477 787 illud
494 754 568 788 Virg.
584 755 649 780 Aen.
668 761 692 785 3,
711 756 757 786 638
789 752 937 780 Monstrum
958 752 1067 778 horren-

36 791 110 822 dum,
131 790 263 823 informe,
284 792 387 826 ingens,
399 790 442 817 cui
463 790 552 815 lumen
570 789 720 821 ademtum,
734 789 761 815 de
780 788 934 824 Polyphemo.
976 789 1068 822 Nempe

33 827 91 854 haec
102 827 165 851 talia
177 826 211 852 ad
229 827 402 863 descriptiones
408 828 551 860 pertinent,
570 826 613 851 vbi
628 826 705 860 plura
719 824 833 860 Epitheta
844 824 967 850 cumulare
980 832 1028 849 non
1041 826 1070 849 li-

31 867 70 887 cet
83 861 167 894 modo,
181 862 229 897 fid
245 865 383 898 pulchrum,
401 863 461 895 quin
481 858 635 893 nece-[larium
655 859 705 893 esi,
722 866 752 886 vt
766 861 854 886 Varro
874 859 905 885 R.
919 859 950 884 R.
972 867 997 890 2,
1017 866 1069 893 7‚5

33 896 99 958 Νοὲι
124 897 230 931 angusta
256 898 332 930 iuba,
347 895 450 927 crebra,
463 896 551 926 fusca,
565 895 698 930 subcrispa
710 902 757 922 etc.
810 895 883 930 Conf.
901 894 1024 921 Brouckh.
1038 894 1071 921 ad

32 932 73 959 Ti
95 951 101 958 .
130 952 136 961 ‚
154 942 163 946 ·
192 942 232 959 22.
777 948 780 952 -

71 974 88 993 E
101 940 133 994 1²31
143 949 351 998 '13’1T11i'n13s,
371 975 425 993 um.
453 966 473 993 f.
494 968 534 1001 pl.
569 963 737 1000 [imviffliss]
773 965 891 1000 Suprema
908 964 1014 991 membra
1033 975 1071 991 co-

32 1002 140 1036 ronidis,
155 1012 213 1039 quae
220 1001 428 1039 fqlligiostcmmo
434 1002 680 1038 superimponuntur,
692 999 759 1037 quast
770 1007 797 1026 tu
805 1000 1070 1035 Superimposstiones

32 1037 118 1069 dicas,
130 1039 267 1075 supremum
285 1038 414 1063 membrum
437 1037 564 1064 coronidis
585 1040 612 1063 in
630 1038 757 1063 columnis.
812 1037 921 1062 Vitruu.
938 1044 961 1068 3,
975 1044 987 1068 3
1002 1046 1026 1071 p.
1041 1042 1069 1070 58

33 1073 143 1108 Insuper
156 1081 263 1100 coronas
279 1073 365 1104 simae,
384 1082 448 1108 quas
456 1073 550 1099 Graeci
570 1071 704 1099 ἓπιτιθίδαις
718 1071 819 1104 dicunt,
832 1071 976 1098 faciendae.

70 1107 320 1140 EPiTHY“MON,
347 1108 365 1134 i.
388 1118 413 1135 n.
450 1108 617 1143 [ἐπ-[θυμω]
652 1107 718 1134 Plin.
737 1108 839 1139 26,8s.
854 1114 882 1140 35
909 1107 1070 1142 Epithymon

34 1144 72 1170 cst
85 1145 132 1170 flos
144 1153 158 1170 e
172 1143 262 1176 thymo
273 1144 400 1171 satureiae
414 1143 503 1171 simili.

71 1187 88 1206 E
97 1187 129 1206 1³1
142 1186 162 1206 Τ
174 1187 182 1206 1
192 1186 215 1205 M
228 1186 266 1205 1A
275 1199 284 1212 ,
303 1188 342 1206 ae.
363 1180 383 1206 f.
420 1181 433 1214 [
441 1179 572 1214 ἐπιτιμία]
607 1177 775 1214 Disputatur,
789 1177 850 1213 quid
861 1177 906 1205 boc
917 1181 1014 1205 nomine
1025 1178 1071 1211 fibi

34 1216 98 1240 velit
109 1214 219 1241 Modest.
233 1214 260 1240 in
277 1215 294 1241 1.
308 1223 334 1241 21
347 1213 399 1252 §.2
413 1216 444 1242 D.
459 1216 490 1242 de
503 1220 550 1241 tut.
562 1219 589 1240 et
603 1220 684 1240 curat.
719 1213 768 1240 Sed
782 1220 807 1239 et
819 1213 835 1239 si
858 1214 916 1248 quis
930 1223 944 1240 a
958 1215 1072 1249 parenti-

36 1249 86 1276 bus
106 1250 254 1284 prohibitus
274 1251 356 1277 fuerit
375 1256 448 1277 tutor
465 1251 529 1280 esse;
550 1258 636 1284 neque
655 1249 740 1276 creari
759 1248 829 1275 hunc
848 1255 964 1283 oportet.
1001 1251 1031 1276 Et
1052 1250 1070 1276 si

4 1303 7 1307 ,
32 1292 136 1311 creatus
159 1286 203 1318 fit,
219 1295 266 1312 nec
287 1287 461 1317 recusauerit;
492 1285 631 1320 prohiberi
651 1293 713 1311 eum
733 1285 781 1311 esse
799 1290 931 1317 tutorem,
949 1292 1072 1312 manente

1487 199 1520 240 E
1611 199 1640 240 P
1727 200 1764 239 O
2097 205 2168 254 386

1127 292 1207 326 bum,
1227 292 1349 328 nigrum,
1368 289 1527 326 variumque
1545 288 1578 316 sic
1591 288 1681 316 facito.
1716 288 1753 314 Ex
1772 287 1839 315 oleis
1856 290 1937 324 albis,
1957 291 2056 328 nigris,
2075 292 2168 320 variis-

1128 338 1179 364 que
1198 329 1303 359 nucleos
1323 326 1423 353 eiicito.
1451 327 1490 353 Sic
1511 326 1626 352 condito.
1663 323 1807 364 concidito
1832 325 1913 358 ipsas:
1941 328 2033 355 addito
2064 329 2167 362 oleum,

1129 372 1248 397 acetum,
1261 362 1446 393 coriandrum,
1464 363 1600 388 cuminum
1613 379 1621 393 ,
1640 358 1822 391 foeniculum,
1838 368 1938 393 rutam,
1957 365 2104 391 mentham:
2138 365 2165 391 in

1132 409 1220 426 orcam
1241 399 1366 430 condito,
1384 397 1472 422 oleum
1493 397 1567 431 supra
1587 396 1645 422 siet:
1667 396 1703 422 ita
1714 395 1806 422 vtitor.
1843 396 1970 431 Operosior
1991 399 2024 431 est
2036 400 2168 436 distriptia

1131 435 1261 462 Columel.
1283 442 1320 466 12,
1335 441 1381 467 47,
1396 440 1412 464 9
1426 432 1480 466 sqq.
1516 432 1563 460 Sed
1582 440 1610 457 cx
1630 433 1704 458 oliui:
1720 431 1775 466 ipsa
1794 439 1894 467 quoque.
1932 434 1999 459 Hinc
2006 436 2112 469 putabat
2123 437 2167 463 Be—

1131 471 1246 503 roaldus,
1265 469 1358 496 dietum
1372 468 1508 501 Epityrum
1522 477 1550 492 ex
1562 469 1654 494 Graeco
1667 467 1769 502 πίθυρις,
1784 468 1856 492 oliuo.
1892 467 1939 494 Sca
1951 472 2063 495 naturale
2076 474 2168 507 magis,

1131 504 1239 538 dietam,
1254 504 1318 541 quod
1338 502 1378 529 ἐπὶ
1395 502 1434 527 τόν
1454 501 1535 535 suedo,
1555 502 1586 528 ad
1604 509 1629 528 et
1648 502 1704 536 post
1722 503 1822 528 caseum
1842 508 2011 538 apponeretur.
2084 507 2167 534 Plaut.

1131 541 1190 568 Mil,
1206 550 1224 570 1,
1241 550 1262 573 1,
1278 549 1312 574 24
1346 539 1401 572 Ego
1420 546 1462 563 nie
1482 537 1524 562 illi
1543 537 1682 572 mancupio
1702 537 1788 570 dabo,
1804 537 1822 564 si
1843 546 1924 564 vnum
1942 539 2073 573 epityrum
2093 544 2168 569 edam

1132 576 1199 611 apud
1214 576 1292 602 illum
1305 574 1420 600 esuriens
1436 573 1523 598 insane
1536 572 1610 598 bene.
1647 574 1687 600 Sic
1695 571 1728 606 est
1740 573 1808 609 apud
1818 574 1925 601 Varron.
1938 575 1956 601 1.
1969 584 1991 601 c.
2027 577 2111 603 Multa
2120 588 2170 604 mo-

1131 614 1228 639 liuntur
1243 611 1357 637 editores.
1394 608 1502 643 Epityro
1516 614 1594 633 tamen
1606 608 1667 643 suus
1681 609 1757 636 bonor
1770 615 1794 634 et
1805 609 1893 645 sensus
1905 617 1994 637 manet.

1168 648 1254 673 ΕΡιῡ
1266 653 1283 672 R
1296 652 1351 675 vs,
1374 643 1392 670 i.
1420 652 1455 669 m.
1492 643 1631 678 [ἔπίκρος]
1667 644 1752 670 Prima
1769 647 1866 670 notione
1885 643 1985 679 Custos,
2008 643 2063 671 dein
2085 647 2170 674 paxil-

1131 684 1185 713 lus,
1206 684 1275 707 cuius
1288 681 1346 716 vsus
1364 678 1397 712 est
1416 682 1443 704 in
1463 679 1535 705 rebus
1548 679 1730 715 compingendi}
1740 686 1764 706 et
1776 679 1960 714 con-seruanda,
1974 691 2003 708 ne
2016 681 2170 717 diffl'pentur.

1131 716 1227 744 Pallad.
1242 724 1279 748 12,
1293 724 1310 750 7
1330 715 1358 742 de
1375 721 1474 749 pruno;
1504 713 1616 740 Oleastri
1639 715 1762 748 epiurum
1784 715 1864 750 infige
1877 717 1968 744 radici.
2011 718 2117 744 Eundem
2135 719 2171 744 ibt

1133 752 1175 786 effe
1197 752 1340 786 Epiurum‚
1360 753 1402 786 qui
1424 749 1457 782 est
1475 750 1584 785 Epigrus
1602 751 1710 777 Senecae
1736 749 1867 784 restitutus
1885 761 1901 778 a
1925 756 1993 780 viris
2016 752 2112 787 dubiis,
2132 754 2173 781 ob.

1087 795 1112 822 ¹5
1124 790 1263 826 struamus.

1168 831 1184 851 E
1196 830 1212 849 1>
1225 826 1431 849 izeei-irum
1456 819 1545 846 Locri.
1589 819 1646 847 Vid.
1676 825 1916 849 ZEPHYR1VM.

1169 867 1186 886 E
1196 866 1210 885 Ρ
1219 866 1228 884 1
1238 865 1278 884 ΖΕ
1288 863 1307 882 V
1319 865 1337 883 x
1348 864 1357 883 1
1368 863 1380 883 s
1389 875 1396 888 ,
1410 857 1440 882 is.
1457 856 1477 882 f.
1504 853 1651 890 [ἕπιξιυξις]
1670 856 1816 891 Coniugatio
1825 868 1832 882 .·
1854 859 1961 894 Figura,
1970 868 2042 895 quum
2055 859 2134 888 diHio
2145 864 2174 888 in

1133 904 1205 922 veru
1225 894 1313 928 absque
1331 892 1409 918 medio
1429 892 1533 918 aliarum
1552 894 1683 926 repetitur.
1700 900 1725 916 v.
1740 901 1765 926 g.
1787 893 1861 926 Virg.
1877 896 1941 921 Aen.
1955 903 1981 928 9,
1994 904 2045 931 427
2072 897 2117 924 Me
2131 907 2174 924 ine

1134 931 1224 957 adsum
1238 930 1285 963 qui
1301 927 1362 954 feci.
1399 929 1429 953 Et
1444 927 1511 962 apud
1520 927 1588 953 Ter.
1602 925 1683 952 Andr.
1700 933 1719 957 1,
1734 934 1757 958 5,
1769 931 1802 958 48
1820 929 1845 953 O
1859 929 1948 962 Mysis,
1961 931 2048 963 Mysis,

1172 972 1255 993 ΕΠΖ
1267 970 1285 990 r
1297 969 1317 989 G
1327 970 1335 989 1
1345 970 1369 995 s,
1384 962 1443 989 i'dis.
1458 963 1477 989 f.
1497 962 1687 997 ApudVitruu.
1704 968 1743 992 10,
1757 970 1781 993 ις
1795 969 1818 986 et
1830 971 1858 996 ¹7
1874 972 1938 999 pars
1951 965 2061 1000 hamme,
2070 968 2176 1003 ferreus

1135 1002 1263 1032 axiculus,
1280 1001 1322 1035 qui
1335 998 1430 1034 orificio
1446 997 1546 1024 modioli
1558 996 1698 1032 appositus,
1717 999 1873 1033 transuerjos
1886 1009 1973 1026 neruos
1986 1010 2105 1037 contenit,
2118 1008 2176 1031 dum

1134 1038 1189 1075 ipfrz
1203 1036 1303 1063 modioli
1315 1034 1422 1068 versione
1433 1039 1580 1070 torquentur
1593 1039 1616 1058 et
1634 1030 1806 1058 intenduntur.

1521 1105 1549 1137 E
1652 1104 1674 1136 P
1775 1105 1804 1135 O

1172 1185 1240 1205 ΕΡΟ
1251 1183 1268 1204 c
1279 1184 1330 1204 HA
1346 1197 1355 1209 ,
1375 1174 1401 1212 s.
1429 1180 1583 1207 EPOCHE,
1601 1183 1639 1201 ae.
1668 1174 1688 1201 f.
1726 1174 1843 1201 Graecum
1863 1176 1956 1210 ἔποχῆ,
1968 1186 2039 1214 quam
2053 1182 2178 1209 retentio-

1135 1224 1197 1241 nem
1212 1214 1295 1244 dicas,
1314 1213 1380 1247 apud
1394 1212 1551 1252 Philosophos
1586 1209 1665 1236 uidem
1678 1209 1744 1246 (qui
1760 1210 1832 1250 inde,
1852 1214 1871 1238 i.
1892 1214 1922 1238 ab
1937 1215 2016 1241 eodem
2034 1218 2106 1244 verbo
2128 1219 2180 1243 ἐπέ-

1137 1262 1190 1284 xm
1207 1248 1342 1283 ἐφεκτικοὶ,
1362 1247 1508 1282 Epheehci,
1523 1246 1550 1272 di
1579 1249 1589 1272 i
1606 1246 1691 1281 sum)
1709 1251 1883 1273 retentionem
1901 1248 2023 1285 offensio,-
2040 1252 2089 1288 Jed
2114 1253 2181 1288 apud

1135 1287 1296 1321 chronologos
1304 1291 1402 1319 partem
1415 1286 1548 1316 temporis,
1567 1286 1594 1308 in
1608 1291 1655 1317 qua
1669 1280 1782 1314 insistas,
1803 1283 1865 1309 vnde
1878 1294 1995 1318 numeres,
2013 1290 2055 1313 ubi
2067 1289 2181 1315 retineas

34 1321 164 1355 epitimia.
202 1321 338 1348 Videbatur
360 1323 491 1352 naturale,
510 1321 620 1357 intelligi
641 1323 803 1356 ignominiam
824 1330 854 1347 ex
872 1327 1005 1355 parentum
1028 1321 1072 1348 illa
1092 1335 1123 1359 30
1137 1322 1232 1357 cursum
1254 1322 1321 1347 illum
1338 1322 1465 1354 temporis.
1503 1318 1575 1344 Illius·
1598 1316 1687 1349 ἐποχῆς
1707 1318 1907 1354 Philosophorum
1924 1325 2031 1356 exempla
2042 1327 2104 1359 jum
2123 1325 2180 1351 Cic,

34 1363 110 1389 nota,
127 1363 190 1383 certe
204 1355 352 1391 diffidentia.
388 1357 435 1384 Sed
451 1358 546 1383 Alciat.
565 1357 667 1390 Parcrg.
686 1364 712 1388 2,
724 1364 757 1388 29
778 1355 857 1388 docet,
870 1359 953 1391 accipi
970 1357 1012 1383 hic
1020 1364 1070 1393 pro

34 1391 211 1424 existimatione
229 1399 251 1418 et
264 1392 349 1428 sama.
390 1393 476 1419 Voluit
494 1395 576 1429 igitur
587 1391 673 1428 filium
695 1391 790 1427 quidem
799 1391 957 1427 submoueri,
971 1392 1019 1428 sed
1036 1399 1073 1419 ta-

33 1436 87 1453 men
101 1436 149 1453 non
160 1427 212 1454 ideo
223 1431 308 1454 notari
325 1427 434 1463 infamia
446 1429 546 1463 aliqua,
565 1429 605 1455 vel
618 1427 745 1459 dedecore,
763 1436 808 1463 quo
817 1425 929 1463 suspec‘li
941 1431 1075 1464 remotique

33 1467 127 1488 tutores
138 1460 288 1497 afficiuntur.
326 1465 385 1491 Non
397 1467 462 1490 enim
476 1464 536 1490 talis
544 1463 604 1498 fuit
616 1472 684 1489 mens
692 1470 840 1498 parentum,
858 1462 951 1497 vtfilio
963 1464 1010 1499 suo
1024 1465 1073 1490 vel-

31 1498 83 1523 lent
95 1497 169 1523 vllam
182 1504 264 1524 notam
276 1501 382 1526 inurere.
418 1499 588 1526 Remouebitur
599 1501 681 1535 igitur
696 1503 818 1525 manente
833 1499 970 1533 epitimia,
981 1502 999 1525 i.
1015 1499 1073 1526 Illa·
1091 1508 1120 1535 35

31 1531 133 1568 befasta
154 1536 261 1560 nominis
278 1534 425 1570 honorisque
437 1535 481 1570 sui
491 1534 576 1570 fama.
612 1536 645 1561 Et
653 1534 716 1570 sane
735 1535 858 1568 ἐπιτιμίας
874 1543 960 1561 nomen
979 1537 1018 1561 ita
1035 1538 1073 1561 in-

31 1567 128 1595 terdum
139 1572 220 1604 accipt'
226 1589 234 1602 ,
249 1576 279 1596 vt
297 1572 354 1597 vult
365 1571 497 1601 Alcimus,
511 1569 600 1597 Suidas
611 1569 703 1595 docuit.

72 1609 89 1629 Ε
100 1610 116 1630 P
127 1610 166 1630 1'1'
175 1611 195 1631 ο
203 1611 224 1631 G
234 1612 243 1631 1
252 1611 274 1630 V
283 1612 306 1630 Μ
315 1624 323 1636 ,
345 1606 364 1632 i.
383 1615 410 1632 11.
445 1603 599 1639 [ἓπιτόγισν]
638 1606 719 1630 Genus
725 1604 812 1640 pallii,
823 1603 891 1640 quod
901 1603 979 1639 super
991 1610 1074 1640 togam

26 1637 169 1674 ferebatur.
205 1640 335 1673 Quinem.
352 1649 372 1672 1,
385 1648 408 1673 ς,
423 1642 454 1672 68
481 1641 631 1674 Iunguntur
644 1645 734 1666 autem
744 1644 789 1666 aut
807 1648 839 1665 ex
856 1639 959 1665 duobus
972 1639 1074 1666 Latinis

1139 1358 1193 1384 Att.
1209 1358 1235 1389 6,
1251 1359 1275 1382 6.
1296 1363 1323 1390 7,
1335 1363 1351 1387 9
1365 1363 1410 1381 etc.
1431 1357 1460 1380 it.
1481 1353 1559 1379 Acad.
1575 1361 1600 1384 2,
1614 1360 1645 1385 59
1658 1362 1678 1378 c.
1694 1358 1718 1382 18
1744 1353 1781 1379 Ex
1795 1354 1834 1380 his
1853 1355 1899 1381 illa
1913 1359 2053 1385 necessario
2072 1367 2130 1386 „313
2144 1360 2181 1386 cst

1140 1392 1231 1425 ἐποχή,
1252 1391 1279 1418 id
1291 1391 1326 1417 est
1344 1390 1491 1417 assensionis
1510 1388 1633 1415 retentio.
1668 1388 1735 1426 (laid.
1756 1389 1823 1416 ibid.
1839 1395 1883 1423 148
1909 1400 1929 1417 c.
1943 1397 1984 1426 48,
2022 1395 2181 1433 Cbronologi-

1138 1438 1179 1455 cae
1193 1428 1262 1453 illius
1273 1426 1469 1462 significationis
1483 1426 1614 1460 exemplum
1627 1423 1748 1458 desidero,
1767 1433 1811 1451 nec
1823 1434 1905 1452 verum
1920 1429 1951 1460 est
1960 1447 1967 1459 ,
1986 1431 2052 1464 quod
2062 1434 2099 1457 „m
2116 1433 2180 1457 καί

1140 1463 1169 1490 de
1183 1463 1302 1490 ‘'menda'‘
1315 1470 1388 1497 ‘⁸⁷¹1'-
1404 1462 1434 1487 L·
1449 1468 1460 1493 5
1475 1470 1500 1495 P·
1514 1465 1571 1496 358,
1589 1459 1720 1494 ΕΡΘΕῘἮΠΙ1
1739 1470 1754 1486 a
1767 1461 1897 1496 Censorino
1917 1468 2001 1490 uocari
2020 1466 2134 1493 indicem
2155 1473 2182 1494 et

1138 1499 1247 1525 titulum
1262 1497 1400 1533 quendam.
1437 1498 1516 1523 Locus
1528 1497 1560 1528 est
1572 1503 1628 1521 c.21
1655 1495 1800 1522 Secundum
1813 1505 1891 1531 quani
1911 1498 2041 1526 rationem
2051 1522 2058 1534 ‚
2073 1503 2119 1528 nili
2134 1503 2182 1529 fal-

1139 1535 1195 1566 lor,
1208 1534 1250 1561 hic
1263 1542 1362 1565 annus,
1382 1531 1456 1558 cuius
1475 1531 1547 1557 velut
1567 1529 1645 1556 index
1665 1535 1691 1556 et
1704 1531 1797 1558 titulus
1816 1533 1923 1567 quidam
1942 1535 1977 1560 est
1994 1537 2064 1571 leii
2079 1545 2104 1564 et
2117 1540 2183 1565 Po„-

1138 1570 1206 1596 tiani
1222 1569 1377 1595 Consulatus
1392 1574 1437 1593 etc.
1474 1566 1603 1601 Consulum
1610 1568 1688 1600 paria
1701 1575 1799 1599 nomen,
1812 1569 1926 1599 titulum,
1939 1570 2045 1597 indicem
2057 1583 2121 1599 ,mm
2134 1575 2183 1600 Ro,

1138 1614 1210 1631 mano
1230 1607 1316 1638 cuique
1333 1600 1479 1638 praestant:
1499 1610 1579 1626 annus
1598 1603 1699 1636 quisque
1712 1601 1792 1636 potest
1807 1603 1912 1636 Epocha
1931 1604 2063 1637 mustum:
2075 1609 2123 1643 sed
2135 1619 2183 1635 „on

1139 1640 1193 1666 ideo
1211 1638 1323 1666 Titulus
1341 1643 1367 1664 et
1386 1637 1466 1664 index
1483 1636 1547 1663 anni
1565 1634 1598 1669 est
1616 1635 1728 1670 Epocha.
1771 1638 1840 1663 Haec
1858 1641 1922 1663 enim
1940 1642 2082 1668 relationem
2101 1651 2183 1677 notat,

34 1674 159 1708 integris,
170 1676 340 1715 vtjupersui,
348 1676 512 1712 Jubterfugi‚·
533 1684 693 1710 quamquam
710 1684 742 1701 ex
753 1675 863 1709 integris
877 1683 910 1701 an
930 1674 1073 1709 composita
1083 1683 1120 1709 40
1136 1678 1238 1702 initium
1253 1673 1425 1713 computqndi,
1439 1679 1484 1698 etc.

34 1708 99 1741 sint,
111 1716 263 1744 quaeritur3
282 1716 328 1744 aut
341 1720 372 1738 ex
386 1712 490 1745 integro
507 1716 533 1737 et
545 1716 687 1746 corrupte,
700 1716 729 1737 vt
742 1711 897 1739 Maleuolus;
916 1715 961 1736 aut
973 1718 1004 1736 ex
1018 1719 1076 1737 cor-

36 1750 116 1778 rupto
138 1751 163 1770 et
187 1746 307 1780 integro,
325 1753 353 1772 vt
373 1746 546 1782 Noftiuagun
569 1752 615 1773 aut
633 1746 737 1772 duobus
761 1745 910 1778 corruptis,
927 1750 956 1770 vt
971 1744 1075 1777 Pediff‘-

35 1788 116 1815 qum-‚-
133 1786 178 1806 aut
192 1789 223 1806 ex
236 1781 326 1808 nostro
339 1788 365 1808 et
384 1783 538 1817 peregrino,
552 1788 581 1807 vt
596 1783 746 1809 Biennium
767 1785 812 1805 aut
830 1785 935 1809 contra,
947 1784 977 1804 vt
990 1780 1075 1813 Epito-

35 1817 119 1849 gium,
133 1823 158 1841 et
171 1818 292 1842 Anticaeo
299 1827 310 1845 ,-
329 1823 373 1842 aut
386 1825 418 1842 ex
431 1816 533 1841 duobus
546 1815 709 1848 peregrinis,
724 1820 754 1839 vt
767 1813 935 1847 Epirhedium.

71 1848 264 1881 EP1T6ME,
281 1859 322 1879 es;
347 1857 371 1875 et
394 1857 411 1875 E
423 1855 597 1880 PiTOMA,
617 1857 657 1874 ae.
685 1848 706 1873 f.
740 1845 882 1879 [ἔπιτομνὶ]

30 1881 122 1909 Latine
135 1883 243 1914 dicitur,
256 1891 279 1908 et
291 1883 472 1917 compendium,
484 1882 538 1915 Jiue
549 1889 609 1916 opus
620 1881 750 1917 concisum.
787 1880 906 1907 Cic.Att.
920 1889 955 1912 12,
970 1887 983 1912 ς
1004 1881 1075 1906 Con-

32 1915 121 1944 turbat
133 1917 203 1943 enim
216 1926 258 1943 me
271 1918 387 1952 epitome
399 1918 474 1944 Bruti
489 1918 638 1949 Fanniana,
655 1925 689 1943 an
701 1915 777 1945 Bruti
797 1916 914 1951 epitoma
928 1916 1076 1943 Fanniano-

33 1954 111 1980 rum?
130 1952 233 1986 scripsi,
246 1953 317 1987 quod
338 1958 394 1979 erat
410 1953 439 1979 in
455 1959 586 1979 extremo.
621 1952 745 1984 Dubitat,
764 1958 825 1978 utra
844 1953 930 1978 melior
943 1951 1075 2012 appellatio

34 1998 64 2015 ac
79 1989 167 2014 titulus
183 1988 258 2014 libri:
279 1995 303 2014 et
318 1986 476 2023 posteriorem
488 1988 517 2024 se
530 1988 640 2024 secutum
650 2008 657 2019 ‚
673 1987 779 2013 indicat.
814 1987 907 2013 Probat
916 1988 961 2022 pol

916 1847 1073 1872 Breuiarium
1089 1855 1122 1881 45
1141 1846 1221 1873 Odes.

975 1990 1077 2013 criorem

1176 1708 1330 1740 ὲρόῡεε,
1349 1717 1380 1734 is.
1405 1717 1440 1733 ni.
1476 1707 1564 1732 Genus
1578 1704 1665 1730 Piscis.
1688 1704 1754 1731 Plin.
1769 1713 1798 1737 32
1816 1715 1837 1732 c.
1852 1707 1900 1734 vlt.
1911 1716 1941 1734 ex
1949 1709 2003 1745 stilo
2017 1712 2119 1740 Ouidio
2132 1715 2185 1742 Ha-

1140 1746 1216 1771 lieut,
1231 1746 1274 1769 126
1302 1743 1384 1769 Tunc
1397 1741 1497 1776 Epodes
1511 1740 1572 1770 lati,
1585 1744 1646 1764 tunc
1661 1739 1755 1766 molles
1770 1747 1875 1775 tergore
1889 1748 1990 1772 ranae.'

1177 1784 1343 1807 Eronos,
1365 1778 1384 1803 i.
1410 1787 1446 1803 m.
1465 1783 1489 1802 et
1507 1775 1528 1801 f.
1562 1772 1687 1808 [ἓπῳδός]
1723 1775 1799 1810 Qafi
1813 1784 1841 1803 tu
1862 1778 2011 1808 succentum
2032 1783 2184 1819 dicas,fiue

1141 1812 1289 1838 subiectum
1309 1814 1369 1838 aliis
1387 1811 1495 1844 versibus
1511 1818 1626 1841 carmen,
1647 1809 1684 1835 est
1699 1811 1776 1837 tertia
1795 1820 1854 1846 pars
1871 1821 1915 1841 aut
1933 1817 2059 1849 periodus
2074 1820 2184 1852 Lyricae

1276 1846 1362 1879 Igitur
1392 1855 1460 1881 quac
1493 1844 1550 1879 post
1582 1845 1669 1879 ςροφῆν
1701 1852 1726 1872 et
1751 1846 1893 1882 duracfooeriv
1904 1867 1912 1879 ‚
1939 1850 2022 1884 ἐπῳδὴ
2052 1854 2183 1884 dicebant.

1140 1879 1248 1914 'Emgld‘nv
1268 1881 1379 1915 quidem
1397 1881 1433 1907 est
1453 1881 1631 1914 supercanere.
1668 1881 1738 1907 Nota
1756 1881 1802 1908 sub
1815 1889 1839 1908 et
1856 1884 1933 1918 super
1945 1886 1986 1913 hic
2004 1888 2067 1914 idem
2087 1899 2176 1918 notant

1138 1925 1222 1952 nempe
1237 1916 1302 1952 post.
1342 1918 1410 1943 Haec
1422 1917 1523 1943 Marius
1540 1914 1697 1942 Victorinus
1710 1925 1736 1950 p.
1751 1926 1809 1949 2501
1824 1920 1924 1955 Putscb.
1961 1924 2035 1949 Cuius
2055 1928 2132 1953 locum
2146 1913 2185 1954 ins

1139 1959 1237 1988 tegrum
1251 1952 1340 1978 damus
1352 1952 1427 1987 infra
1439 1955 1468 1977 in
1484 1956 1635 1977 STROPHE.
1798 1950 1819 1989 ff
1841 1963 1852 1979 2
1887 1956 1958 1983 Hinc
1975 1959 2090 1987 sumtum
2108 1972 2184 1990 voca-

1141 1986 1303 2021 bulum,Jr'c
1320 1990 1407 2022 pergit
1425 1985 1580 2012 Viftorinus
1595 1985 1611 2010 l.
1627 1995 1648 2011 c.
1664 1985 1693 2012 in
1713 1985 1757 2013 has
1773 1988 1890 2022 Epodas,
1908 2001 1975 2026 quae
1996 1994 2073 2022 binos
2096 2000 2184 2026 versus

36 2027 152 2053 rationem
167 2026 239 2050 etiam
248 2024 301 2050 Att.
316 2029 371 2056 13,8
387 2024 529 2058 Epitomen
537 2024 611 2050 Bruti
619 2022 896 2050 Caelianorumvelim
903 2022 1077 2048 mihimittas.
1095 2034 1127 2060 50
1142 2024 1255 2057 impares
1276 2021 1382 2048 habent.
1417 2021 1489 2048 Nam
1508 2026 1538 2047 vt
1556 2020 1617 2047 illae
1629 2021 1768 2048 Canticum
1787 2023 1914 2052 finiebant
1932 2028 2010 2060 (Hoc
2027 2031 2112 2058 docent
2127 2035 2186 2061 (ar-

73 2057 221 2086 ΕΡῑΤόΜ
231 2066 268 2092 Ο,
287 2064 340 2086 are.
382 2058 424 2093 lsfi
435 2060 498 2095 sunt
509 2060 635 2096 sequioris=
652 2061 708 2085 aeui
718 2058 868 2094 scriptores.

36 2094 100 2122 Poll.
113 2095 144 2120 de
158 2094 255 2121 Zenob.
271 2103 310 2126 30.
348 2096 417 2121 Hinc

73 2137 277 2157 EelTOMAT
292 2137 310 2154 v
322 2138 351 2163 s,
378 2139 407 2162 a,
433 2138 488 2156 um.
523 2130 615 2156 Partic.
651 2130 744 2164 Veget.
764 2127 797 2155 de
811 2129 849 2155 Re
867 2128 928 2155 Mil.
942 2137 964 2155 c.
978 2133 992 2159 8
1011 2135 1076 2155 extr.

77 2174 114 2192 iae
131 2165 241 2200 dispersa
260 2166 318 2192 sunt
330 2166 405 2193 velut
417 2166 561 2200 epitomata
578 2165 727 2192 conscribo.
770 2165 828 2191 Vid-
843 2165 952 2191 Rubric.
967 2165 1030 2198 Leg.
1046 2173 1076 2197 14

911 2058 970 2084 Vid.
990 2057 1078 2084 Treb.

1142 2062 1209 2085 mina
1223 2057 1375 2089 Pindarico,
1392 2064 1416 2083 et
1432 2058 1507 2083 verba
1525 2055 1668 2087 Victorini,
1683 2066 1742 2092 quae
1754 2058 1837 2085 damus
1853 2064 1879 2086 in
1899 2068 2064 2098 STROPHE)
2086 2069 2117 2094 ιζς
2136 2070 2185 2097 hae

1142 2095 1244 2121 sensum
1272 2093 1348 2119 versu
1376 2091 1534 2126 insequenti.
1574 2093 1632 2117 Non
1659 2093 1762 2118 multum
1778 2093 1876 2131 diuerfiz
1897 2098 2038 2127 Diomedes
2057 2112 2068 2134 3
2089 2114 2112 2137 p,
2134 2112 2185 2137 482

1143 2129 1227 2164 Epodi
1247 2128 1372 2155 dicuntur
1386 2129 1474 2155 versus
1488 2125 1610 2162 quolibet
1632 2127 1714 2153 inodo
1734 2129 1840 2164 scripti,
1860 2137 1886 2158 et
1901 2133 2037 2168 sequentes
2061 2140 2187 2169 clausulas

1144 2164 1269 2192 habentes
1284 2163 1482 2198 particularum,
1502 2162 1590 2197 quales
1604 2162 1662 2188 sunt
1675 2163 1759 2197 Epodi
1776 2166 1905 2200 Horatii,
1923 2171 1949 2196 in
1965 2172 2063 2206 quibus
2078 2175 2186 2211 singulis

43 2200 102 2235 Dig.
114 2200 144 2227 de
159 2202 236 2236 pei-ic.
251 2207 277 2227 et
288 2211 385 2228 comm.
399 2202 439 2228 rei
457 2201 535 2229 vend.
555 2201 599 2227 vbi
616 2200 737 2228 laudatur
757 2200 860 2227 Paullus
880 2199 953 2227 libro
966 2208 979 2232 3
992 2200 1077 2234 epito-
1095 2203 1124 2231 55
1143 2199 1261 2227 versibus
1285 2199 1399 2233 singulae
1422 2198 1554 2224 clausulae
1577 2197 1755 2232 adiiciuntur,
1776 2207 1805 2227 vt
1825 2203 1910 2233 (Hor.
1926 2212 1969 2238 ις)
1997 2210 2053 2235 Nox
2074 2219 2144 2244 erat,
2162 2220 2186 2239 et

44 2242 171 2263 matorum
182 2236 272 2264 Alfeni
285 2237 462 2272 Digestorum.

37 2307 156 2333 vertibula

4 2396 5 2404 ,
37 2376 142 2404 stomia:
161 2388 261 2414 quacum
279 2389 335 2406 voce

36 2422 90 2439 mus
100 2416 127 2439 in
150 2421 231 2441 EPIS
243 2421 264 2441 'r
276 2421 348 2441 0M1
358 2421 422 2441 VM.
459 2416 509 2441 Hic
538 2417 633 2440 animus
644 2414 704 2446 le.
721 2413 738 2439 l.
754 2419 778 2443 18
790 2412 813 2450 §.
828 2420 842 2446 ς
861 2415 893 2440 D.
907 2414 938 2440 de
951 2414 1001 2440 aet.
1014 2419 1076 2440 enit.

36 2448 144 2475 Castella
158 2449 296 2484 plumbea,
307 2455 386 2484 putea
394 2469 403 2481 ‚
415 2421 540 2483 operculi}
551 2454 693 2484 puteorum
702 2469 710 2481 ‚
724 2449 843 2483 epitonia
855 2449 948 2476 fistulis
960 2449 1076 2484 appluin-

6 2496 8 2519 3
35 2483 112 2517 bata,
131 2491 175 2545 ³¹3
192 2494 259 2519 quae
278 2491 350 2511 terra
367 2485 550 2515 continentur,
574 2484 697 2519 quamuis
717 2493 772 2510 non
791 2484 840 2511 fint
860 2483 953 2518 affixa,
971 2485 1077 2512 aedium

6 2520 8 2541 Ῐ
35 2520 84 2546 esse
101 2529 150 2545 con
174 2525 207 2545 at.

73 2277 268 2300 EPiTONiA
283 2293 291 2305 ,
321 2273 464 2307 [ἓπιτόνικ]
483 2272 514 2299 ab
532 2270 693 2304 ἔπιτεῖνιτιθαι,
710 2273 728 2298 ἱ.
751 2270 855 2298 Intendi
866 2291 874 2303 ‚
896 2274 1000 2308 proprie
1012 2271 1077 2306 fiant

167 2307 192 2343 J?
211 2308 350 2340 verticilla,
366 2309 453 2345 quibus
473 2307 637 2334 intenduntur
649 2309 720 2333 nerui
738 2309 766 2332 in
783 2305 954 2340 instrumentis
966 2307 1077 2342 musicis.-

37 2341 121 2368 deinde
140 2343 183 2369 illa
203 2344 342 2376 vertibula,
380 2353 464 2370 uorum
484 2341 635 2370 circumactu
653 2345 800 2378 aperiuntur
820 2343 998 2378 clauduriturue
1017 2343 1077 2377 Epi-

346 2353 406 2417 ,βενε
423 2378 546 2414 confundi
564 2379 623 2406 haec
641 2376 726 2411 nostra
739 2378 813 2414 solet.
849 2380 954 2414 Reliqua
968 2379 1021 2405 loca
1034 2378 1076 2404 da·
1093 2379 1128 2404 60
1143 2379 1172 2405 de
1184 2378 1303 2413 partibus
1315 2378 1456 2409 versuum,
1468 2386 1517 2402 non
1530 2379 1605 2402 nimis
1617 2384 1759 2404 accuratum
1773 2380 1881 2408 videtur.

1142 2237 1207 2263 caelo
1222 2236 1317 2262 lucebat
1329 2237 1389 2262 luna
1398 2235 1502 2270 sereno.-
1523 2233 1641 2266 Deinde,
1663 2236 1734 2261 Inter
1751 2239 1848 2264 minora
1856 2238 1952 2273 fidera.
1987 2244 2018 2269 Et
2038 2248 2048 2275 (
2056 2246 2114 2272 Hor
2139 2251 2185 2281 16)

1141 2273 1233 2300 Altera
1242 2274 1292 2297 iam
1307 2274 1398 2297 teritur
1417 2270 1485 2296 bellis
1497 2270 1612 2296 ciuilibus
1625 2275 1708 2300 aetas:
1744 2271 1863 2306 Deinde,
1886 2277 1942 2302 Suis
1956 2285 1979 2303 et
1992 2281 2045 2315 iffa
2058 2268 2134 2309 Rom'i
2151 2288 2187 2310 ω’-

1141 2308 1210 2335 ribus
1223 2310 1284 2333 ruit.
1322 2305 1395 2332 Diffi
1409 2311 1495 2332 autem
1510 2304 1595 2339 Epodi
1615 2303 1782 2339 συνεκδοχικῶς
1793 2317 1807 2334 a
1821 2310 1938 2343 partibus
1957 2300 2079 2342 verfs'uuni
2120 2303 2124 2309 ι
2138 2329 2187 2346 uae

1143 2342 1270 2377 legitimis
1286 2347 1311 2368 et
1329 2342 1439 2376 integris
1452 2340 1568 2368 verfibus
1583 2339 1709 2367 ἒποῖδονται
1720 2362 1728 2374 ,
1746 2342 1774 2369 id
1794 2345 1844 2377 est,
1857 2348 2021 2377 accinuntur.
2059 2329 2133 2380 (tboc‘l
2149 2360 2188 2382 ait

1643 2409 1652 2418 Α
1918 2386 1979 2412 ,Sane
1992 2390 2019 2412 in
2034 2379 2186 2417 mi‘Eecsmam

1142 2422 1166 2442 et
1180 2423 1255 2440 vnam
1268 2415 1415 2448 alteramque
1426 2418 1555 2447 praeterea
1570 2411 1670 2447 Epodon
1685 2414 1883 2443 Horatianarum
1897 2428 1944 2446 non
1956 2427 2069 2448 conuenit
2092 2425 2130 2450 Uhl
2140 2434 2187 2460 po-

1136 2449 1256 2484 sterioris
1281 2449 1367 2484 uersus
1391 2447 1493 2474 totidem
1518 2453 1564 2474 aut
1577 2449 1666 2482 plures
1690 2448 1748 2475 adeo
1762 2450 1826 2486 sunt
1844 2454 1969 2489 ffHahae,
1989 2467 2061 2492 quam
2075 2444 2185 2494 prioris.

1143 2487 1290 2521 Quanquam
1304 2488 1377 2511 etiam
1389 2485 1447 2510 XII
1458 2490 1481 2509 et
1496 2484 1571 2510 XIII
1581 2483 1719 2510 Victorini
1734 2484 1875 2519 definitioni
1887 2499 1933 2515 non
1947 2491 2016 2525 stitis
2029 2495 2176 2528 rqspowdent

1144 2523 1193 2548 sed
1206 2522 1306 2557 stilicet
1317 2529 1403 2546 „omen
1424 2519 1495 2546 habet
1513 2519 1575 2545 liber
1586 2526 1684 2554 aparte
1697 2523 1808 2554 potiori,
1826 2525 1854 2547 in
1867 2532 1915 2558 qua
1931 2526 1974 2551 illa
1993 2535 2060 2554 ratio
2072 2517 2186 2565 Jazisndi

75 2561 92 2580 E
100 2561 115 2580 P
125 2561 136 2579 1
145 2560 166 2579 Τ
174 2561 194 2580 O
204 2562 222 2581 Χ
231 2561 240 2580 1
249 2561 262 2581 s
270 2574 278 2587 ,
297 2555 383 2581 melius
402 2561 419 2581 Ε
429 2561 443 2581 Ρ
453 2561 462 2580 1
471 2561 492 2581 T
502 2561 521 2581 Ο
531 2562 549 2581 Χ
559 2562 568 2581 1
577 2561 599 2581 T
608 2561 618 2581 1
628 2560 641 2581 S
651 2574 659 2587 ‚
678 2553 733 2582 doe.
763 2555 784 2581 f.
820 2556 833 2590 [
838 2556 982 2590 introibis]
1001 2555 1079 2592 Apud
1097 2561 1128 2592 65
1142 2561 1214 2584 intra
1228 2555 1361 2591 secundum
1380 2563 1494 2591 quemque
1513 2554 1610 2589 versum
1622 2554 1761 2588 sententiae
1778 2565 1891 2584 accurate
1909 2569 1956 2586 non
1970 2565 2052 2589 minus
2070 2574 2141 2600 quam
2158 2571 2186 2593 in

38 2590 145 2616 Viti-uu.
161 2598 199 2621 10,
214 2597 238 2622 ις
250 2597 274 2615 et
287 2597 316 2624 17
333 2588 366 2622 est
378 2599 468 2621 cauus,
488 2592 531 2626 qui
537 2590 663 2626 sagittam
675 2593 703 2616 in
722 2591 774 2617 boli
796 2600 812 2617 a
825 2594 924 2627 recipit.
960 2593 1035 2619 Hero
1048 2600 1078 2618 in

325 2624 331 2633 '
470 2627 543 2657 βέλος
558 2626 685 2659 naimone
706 2624 854 2659 ἓπιτοξίτιδοι
873 2628 985 2654 καλὲσιν.
1030 2628 1078 2654 Vl.-

8 2621 10 2651 ¹.
37 2627 207 2657 βελαπςιϊκοῖς,
226 2623 254 2650 rii
272 2622 399 2659 δεχομενην
416 2625 445 2653 ‘nb

37 2666 108 2686 truu.
130 2668 174 2692 ιο,
193 2668 217 2692 13
237 2667 260 2686 et
277 2669 314 2695 17.

75 2694 314 2728 EP1TRiTvs,
331 2696 350 2722 i.
376 2705 412 2722 m.
448 2696 602 2730 [ἐπίτριτος]

35 2801 123 2830 habet.
138 2809 246 2827 caeteras
262 2803 364 2837 longas:
391 2800 532 2832 secundus,
547 2804 589 2836 qui
600 2800 748 2836 secundam:
775 2805 885 2833 tertius,
900 2803 943 2836 qui
959 2804 1076 2828 tertiam:

37 2844 156 2872 quartus,
171 2839 213 2872 qui
225 2844 348 2871 quartam.
384 2835 470 2872 Estque
483 2836 541 2862 adeo
555 2836 650 2862 Paeoni
658 2838 811 2868 contrarius,
824 2839 866 2872 qui
878 2843 929 2863 tres
939 2836 1021 2863 breues
1035 2837 1077 2863 hci-

36 2873 88 2905 bet,
103 2882 176 2898 unam
195 2874 302 2908 longam.
344 2872 401 2899 Vici.
415 2870 557 2898 Diomedes
572 2879 584 2903 3
602 2881 626 2906 p.
639 2878 710 2906 477:
727 2877 750 2897 et
762 2870 893 2906 subtiliter
912 2871 939 2897 di
948 2878 1076 2907 putantem

37 2908 66 2935 de
84 2910 179 2934 ratione
197 2908 370 2942 appellationis
385 2908 448 2934 Scal.
469 2907 496 2933 de
510 2908 579 2933 Potit-
598 2917 620 2938 2,
633 2917 658 2941 4.
697 2908 790 2942 Nempe
967 2916 983 2934 2

37 2944 115 2970 tritus
127 2946 200 2969 etiam
215 2945 346 2978 Proportio
364 2942 474 2974 dicitur,
492 2945 621 2969 continens
637 2943 741 2977 aliquem
761 2941 901 2974 numerum,
916 2949 939 2969 et
951 2945 1002 2969 eius
1000 2950 1077 3004 ἄραν-

35 2985 86 3007 tem
104 2982 220 3010 tertiam,
240 2986 267 3004 vt
280 2985 384 3014 quatuor
398 2981 583 3013 proportionem
596 2977 703 3012 Epitriti
721 2977 809 3004 habent
825 2977 860 3004 ad
870 2981 938 3010 tria,
952 2978 998 3005 duo
1017 2982 1078 3006 ecim

39 3014 72 3041 ad
83 3023 164 3040 nouem
173 3034 181 3046 ,
197 3013 365 3050 quadraginta
377 3015 411 3040 ad
421 3016 539 3050 triginta.
560 3013 682 3048 Spondeus
694 3013 728 3040 ad
739 3013 848 3040 Iambum
859 3015 900 3040 vel
915 3015 1076 3041 Trochaeum.

47 3049 105 3076 Vid.
121 3049 188 3077 Gell.
204 3054 237 3080 18,
252 3058 290 3082 14.
328 3049 437 3077 Vitruu.
456 3059 477 3081 3,
491 3058 510 3076 1.

0 3101 5 3110 ⁴
43 3085 102 3119 mas.
122 3085 149 3110 de
162 3085 237 3111 Modo
254 3085 327 3121 lljsur.
341 3092 370 3120 p.
386 3095 424 3120 ¹7-

0 3118 5 3159 ᾖ
77 3125 117 3145 ΕΡ
125 3127 134 3145 1
143 3126 164 3145 T
172 3127 190 3146 R
200 3127 219 3147 0
229 3126 246 3147 C
256 3127 276 3147 H
285 3128 306 3147 Α
316 3127 329 3146 S
339 3128 362 3147 M
372 3127 392 3146 V
402 3127 414 3147 s
423 3140 430 3152 ,
450 3120 469 3146 i.
496 3129 533 3146 in.
568 3119 786 3155 [increoxoecssmis]
824 3121 917 3157 Figura
930 3119 963 3154 est
975 3121 1074 3158 sentcn-

0 3164 5 3190 «ᾖ
19 3168 21 3182 ;
43 3157 102 3186 tiae,
109 3163 175 3189 quae,
186 3162 216 3181 nt
228 3158 265 3182 ait
272 3156 367 3191 Aquila
381 3166 406 3191 p.
422 3165 452 3189 14
464 3155 585 3182 distantia
597 3156 671 3190 plura
691 3155 760 3183 inter
772 3157 798 3182 se
809 3165 962 3190 percurrens
976 3157 1076 3184 veloci·

3 3198 5 3226 ς
43 3195 96 3216 tate
109 3190 162 3223 ipsa
176 3190 364 3225 circumponit,
379 3198 408 3218 vt
427 3192 444 3218 fi
464 3191 529 3218 velis
548 3190 652 3224 dicere,
674 3192 767 3218 Caesar
785 3192 814 3218 in
826 3192 928 3219 Italiam
945 3193 1076 3226 euolarat‚

45 3224 194 3251 confinium
214 3227 340 3260 praesidio
359 3227 490 3254 desertum
508 3233 624 3261 ceperat,
639 3227 705 3254 vrbe
724 3227 893 3262 potiebatur,
919 3229 1075 3263 Pompeium

546 3048 666 3076 Macrob.
680 3049 708 3076 in
720 3049 808 3076 Somn.
822 3049 887 3084 Scip.
900 3058 927 3083 2,
941 3059 960 3076 1.
988 3054 1012 3077 et
1024 3051 1076 3083 Sal:

0 3317 2 3320 .
44 3304 127 3322 curro.
166 3296 193 3321 T
214 3305 226 3322 e
236 3296 297 3323 illud
307 3298 423 3326 Caesaris
434 3299 503 3325 Suet.
516 3308 537 3324 c.
551 3306 587 3331 35.
621 3299 704 3330 Veni,
716 3307 743 3325 vi
764 3299 783 3332 i,
796 3307 860 3326 vici.

82 3337 122 3357 El>
134 3337 143 3355 1
155 3337 176 3356 'r
238 3338 296 3365 PE,
317 3342 351 3360 es.
370 3335 390 3360 f.
425 3333 574 3369 [ἐπιτροπὴ]
610 3333 718 3361 Schema
736 3334 773 3361 est
792 3332 904 3367 διανοίας,
923 3333 981 3368 teste
1001 3335 1077 3362 Ruti-

45 3366 84 3393 lio
99 3375 123 3400 p.
142 3373 164 3391 11
178 3374 258 3400 quum
269 3368 311 3394 rei
323 3369 402 3396 alicui
412 3370 584 3397 vehementer
596 3369 753 3397 confidimus
767 3377 793 3397 et
805 3371 896 3397 nostro
909 3371 968 3397 iure
981 3370 1075 3398 iudici-

45 3401 95 3428 bus
113 3400 255 3435 largimur,
272 3409 300 3436 vt
323 3405 544 3439 quemadmodum
561 3405 668 3432 videtur
687 3405 739 3438 illi,
759 3406 933 3438 constituant,
951 3412 1030 3442 atque
1049 3407 1075 3434 ei

44 3445 190 3473 pareamus.

42 3472 178 3504 cedimus,
192 3471 264 3511 quod
276 3473 353 3507 velit,
371 3477 429 3510 quis
443 3477 534 3504 faciat:
558 3477 708 3513 profertque
721 3479 852 3513 exemplum
872 3488 901 3504 ex
917 3479 981 3504 Aen.
993 3488 1021 3512 4,
1035 3485 1075 3511 381

32 3509 73 3541 J,
86 3509 194 3569 sequere
208 3507 310 3533 ltaliam
323 3511 422 3543 ventis,
436 3519 494 3546 pete
505 3521 584 3547 regna
598 3521 645 3547 per
658 3512 747 3539 vndas.
783 3513 822 3540 Ibi
836 3516 900 3539 enim
913 3514 980 3540 Dido
993 3523 1075 3550 quam-

45 3546 86 3570 uis
97 3545 117 3570 li
133 3552 198 3584 erum
213 3545 308 3569 Aeneae
320 3545 485 3580 professionis
498 3550 629 3575 arbitrium
641 3551 787 3583 permittere
805 3549 936 3582 videatur,
953 3559 980 3576 re
993 3557 1074 3576 tamen

0 3582 17 3605 ,u
45 3578 99 3614 ipsa
122 3587 225 3605 maxime
246 3577 404 3612 dehortatur,
427 3580 595 3616 difficultatem
616 3586 639 3610 ei
655 3590 678 3610 et
694 3585 810 3619 pericula
827 3584 855 3611 ob
874 3587 955 3612 oculos
974 3592 1076 3620 ponens.

0 3614 17 3643 il
44 3615 132 3642 Latine
144 3612 339 3640 Concessionem
357 3623 442 3642 vocare
454 3617 582 3651 poffimius.

46 3678 49 3681 ,
82 3655 315 3689 ΕΡιΤκοξοε,
333 3649 350 3675 i.
372 3658 407 3689 ni.
442 3651 599 3688 [ἐπίτροπος]
639 3654 752 3681 Villicus.
780 3655 877 3682 Auson.
890 3656 969 3691 Epist.
982 3663 1016 3682 22
1029 3661 1074 3691 pr.

199 3683 311 3716 Philon,
331 3693 396 3711 meis
416 3686 462 3719 qui
478 3688 609 3716 villicatus
628 3690 742 3724 praediis

240 3721 276 3746 Vt
298 3720 352 3754 ipse
372 3719 443 3752 vult,
462 3721 614 3758 Epitrepos;

200 3755 289 3787 (Nam
327 3756 454 3782 loriosum
475 3757 613 3786 Graeculus
630 3769 727 3788 nomen
747 3766 830 3796 putat,

241 3766 324 3825 Quat}
348 3792 435 3817 sermo
454 3791 524 3818 fucat
544 3793 671 3828 Doricus)

200 3826 258 3853 Suis
281 3827 396 3862 querelis
414 3826 514 3853 nostras
530 3828 614 3855 asserit
631 3840 717 3864 preces
740 3838 786 3858 etc.

89 3863 171 3888 HlT
182 3868 201 3888 Y
213 3868 261 3889 RV
272 3870 312 3895 M,
332 3863 350 3889 i.
380 3872 405 3889 n.
441 3862 453 3896 [
465 3863 569 3897 ἒπίτυροι
583 3864 595 3897 ]
629 3865 796 3893 Vocabulum
828 3867 865 3894 est
894 3866 950 3894 cibi
978 3869 1079 3902 (inquit

32 3899 34 3942 ι
55 3891 135 3920 Virro
147 3895 177 3922 de
185 3897 221 3940 ·L.
234 3897 263 3924 L.
280 3900 305 3930 6,
320 3907 332 3931 5
355 3908 378 3933 p.
394 3902 446 3933 79)
472 3907 526 3942 quo
546 3898 708 3932 frequentius
727 3902 816 3929 Sicilia
835 3911 915 3937 quam
937 3903 1012 3929 Italia
1034 3904 1078 3929 vsa

32 3946 34 3950 .
53 3925 96 3953 est.
131 3931 262 3959 Dermatur
273 3933 303 3959 ab
323 3934 419 3969 iri-2113)
440 3944 515 3969 τυρος,
535 3934 624 3969 caseus.
666 3936 752 3961 Verum
764 3938 822 3964 huic
833 3940 990 3975 etymologiae
1000 3941 1077 3965 recla-

50 3970 115 3990 mare
130 3966 225 3995 videtur
238 3969 390 4004 compositio,
409 3979 480 4006 quam
491 3969 602 3996 dabimus
619 3978 649 3995 ex
662 3970 762 3997 Catone
774 3981 796 3998 c.
809 3981 851 4006 119
883 3974 1023 4010 Epityrum
1040 3974 1076 4001 al·
1091 3974 1201 4009 105d1ffi
1219 3973 1311 4001 videri.

196 4010 240 4032 vo
252 4011 278 4032 1..
299 4005 338 4033 11.

35 4061 37 4105 l

637 2697 684 2722 Pes
713 2704 742 2721 ex
767 2701 872 2730 quatuor
890 2695 997 2731 syllabis
1022 2688 1078 2722 con-

31 2729 122 2764 stans,
141 2730 204 2766 quod
215 2730 296 2769 Jiepra
312 2738 364 2770 tres
375 2730 488 2770 syllabas
506 2731 592 2769 longas
611 2730 704 2756 breuem
719 2739 793 2771 onam
811 2729 906 2756 habeat.
944 2732 1003 2756 Eius
1021 2740 1078 2766 qua-
1093 2744 1129 2771 70
1143 2732 1200 2758 dum
1222 2730 1341 2757 Odarum
1371 2730 1471 2756 librum
1491 2730 1524 2755 V.
1553 2729 1625 2763 quod
1648 2732 1721 2755 etiam
1745 2729 1849 2766 fassum
1870 2738 1898 2761 m
1922 2739 1942 2764 Ε
1941 2738 2034 2766 ditione
2052 2744 2071 2768 Λ

37 2773 95 2792 tuor
111 2775 201 2802 genera
215 2771 286 2801 June.
322 2767 422 2792 Primus
444 2771 566 2799 epitritus
587 2763 637 2798 est,
662 2768 706 2801 qui
719 2771 835 2805 primam.
843 2765 965 2801 syllabam
983 2766 1078 2792 breuem

1019 2908 1077 2942 Epi·
1092 2918 1124 2945 75
1142 2915 1224 2943 nempe
1254 2911 1281 2933 in
1301 2908 1413 2944 Elegiaco
1433 2910 1507 2933 etiam
1526 2916 1575 2933 non
1593 2914 1706 2934 accurate
1726 2910 1825 2946 semper
1845 2913 1966 2948 seruatur
1990 2920 2029 2944 lm„
2055 2926 2183 2950 carminis.

1142 2595 1252 2619 carmine
1271 2592 1376 2627 elegiaco
1394 2588 1542 2621 obstruatur.
1578 2588 1650 2623 Conf.
1665 2588 1777 2616 Terent.
1790 2592 1898 2620 Maurus
1912 2604 1937 2629 p.
1952 2605 2020 2629 2422
2034 2601 2133 2636 Pulsi-h.
2155 2606 2185 2629 it.

1145 2636 1200 2661 cap.
1213 2627 1261 2652 vlt.
1280 2635 1304 2660 p.
1319 2630 1387 2657 2448
1406 2626 1442 2658 sq.
1459 2623 1503 2649 vbi
1520 2623 1652 2658 aliquoties
1670 2624 1821 2662 Epodums
1835 2629 1943 2663 Epodon
1963 2634 2068 2667 appella!
2081 2639 2185 2671 Jubiun-

1145 2661 1212 2687 Hum
1229 2662 1275 2686 alii
1293 2660 1398 2695 versum.
1434 2659 1551 2685 Muretus
1568 2658 1602 2684 ad
1620 2659 1710 2686 Horat.
1730 2667 1754 2686 et
1770 2662 1875 2688 Laured.
1895 2666 1930 2691 ad
1947 2668 2002 2694 Cic.
2023 2670 2083 2705 Agr.
2098 2681 2113 2698 2
2133 2683 2144 2699 c
2169 2683 2185 2701 2

1144 2706 1168 2730 p.
1181 2698 1236 2730 466
1256 2696 1344 2722 Graeu.
1352 2695 1428 2729 plane
1439 2701 1531 2730 negant
1544 2693 1654 2728 Epodon
1666 2696 1766 2721 titulum
1779 2695 1821 2729 ff
1833 2699 1864 2724 ab
1879 2701 2001 2735 Horatio,
2015 2713 2038 2730 et
2051 2694 2184 2742 masbmhtssn-

1228 2768 1229 2771 ,
1259 2770 1262 2773 ,
1327 2769 1331 2773 ,
1399 2769 1404 2773 ,
1709 2768 1713 2773 ,
1734 2768 1738 2773 ,
1816 2772 1820 2775 ,
2074 2740 2184 2772 leunisii.

1146 2769 1200 2794 Nec
1207 2766 1376 2802 satisfaciunt
1393 2764 1450 2798 fia,
1460 2774 1521 2800 quae
1534 2774 1562 2790 ex
1574 2765 1751 2792 Grammaticis
1763 2767 1888 2803 dedimus,
1907 2774 2031 2810 scaligero
2077 2782 2102 2804 us
2115 2782 2176 2806 Pver

1143 2813 1165 2835 1,
1180 2813 1214 2836 44
1227 2805 1310 2837 primo
1324 2799 1445 2833 instantia
1464 2803 1546 2826 utitur
1560 2803 1679 2826 carminis
1692 2802 1808 2837 elegiaci,
1828 2807 1893 2841 quod
1909 2818 1975 2836 nemo
1991 2788 2090 2840 Υ«οσιζιΙῙῖΕ
2110 2801 2185 2842 0605⁸

1143 2839 1245 2866 Scilicet
1258 2836 1292 2863 ad
1302 2836 1373 2863 Odas
1392 2843 1415 2862 et
1429 2837 1545 2870 Lyricum
1559 2836 1661 2861 Carmen
1680 2838 1749 2863 modo
1758 2844 1871 2873 pertinet
1887 2843 1946 2870 haec
1960 2824 2107 2881 appellalwp
2136 2837 2184 2878 De.

1142 2872 1200 2900 inde
1221 2871 1300 2906 affere
1319 2871 1404 2908 verfics
1426 2881 1455 2897 ex
1470 2871 1560 2906 Epodr's
1574 2873 1693 2904 Horatii,
1707 2874 1751 2899 vbi
1762 2875 1889 2910 semmua
1902 2889 1950 2906 non
1965 2886 2002 2916 jn
2018 2870 2107 2919 finsm'·
2150 2889 2184 2914 Vt

1141 2946 1222 2979 Quam
1239 2943 1290 2979 ipse
1310 2947 1434 2979 excogitat
1451 2942 1624 2977 appellationis
1643 2946 1780 2978 rationem,
1800 2956 1827 2973 ea
1847 2951 1973 2988 ingeniosa
1992 2953 2022 2985 est
2052 2957 2100 2991 fid
2119 2960 2187 2986 mhi!

1136 2978 1217 3016 Potest
1231 2980 1312 3006 valere
1324 2985 1412 3005 contra
1425 2979 1645 3004 Grammaticorum
1663 2980 1746 3016 usum:
1764 2990 1847 3018 nempe
1860 2986 1963 3020 Epodos
1980 2990 2021 3015 dic
2033 2974 2061 3016 :11
2083 3001 2109 3017 ct
2124 2994 2143 3019 F
2153 2981 2170 3020 ἰ’

1141 3015 1250 3042 nomida
1267 3016 1396 3045 Platonis,
1407 3013 1597 3050 superadditum
1615 3014 1679 3041 Odis
1702 3025 1789 3043 nouum
1806 3019 1904 3048 librum.
1943 3025 2028 3059 Itaque
2042 3036 2116 3060 neque
2124 3004 2183 3063 1¹:50:

1141 3052 1198 3078 bare
1209 3053 1295 3086 potuit
1303 3051 1453 3086 sententiam
1459 3050 1532 3084 suam
1550 3050 1662 3076 Turnebo
1675 3061 1712 3086 21,
1728 3056 1748 3078 6
1763 3056 1807 3087 qui
1822 3059 1896 3082 etiam
1909 3059 2010 3084 Graecis
2023 3062 2184 3090 auehi-isati-

1095 3090 1127 3116 80
1141 3088 1203 3119 hus,
1222 3095 1281 3122 quae
1296 3084 1366 3112 aiffa
1380 3085 1442 3121 sunt
1453 3084 1554 3120 firmat.
1590 3086 1657 3112 Add.
1673 3096 1732 3123 quae
1750 3089 1855 3116 dicimus
1868 3092 1902 3117 ad
1917 3093 1979 3119 iHud
1998 3096 2128 3128 Qiinelil.
2145 3108 2181 3132 ιο,

1141 3132 1161 3155 ι,
1175 3131 1191 3155 9
1211 3122 1254 3162 vbi
1263 3128 1381 3157 putamus
1393 3121 1438 3148 hoc
1454 3121 1533 3148 dicere
1548 3121 1665 3155 Fabium,
1688 3123 1786 3151 Catulli
1806 3127 1921 3154 versibus
1940 3130 2045 3164 epodon
2065 3142 2119 3160 non
2141 3136 2182 3161 in-

1138 3165 1288 3223 tergiqngrLeL
1304 3198 1352 3228 pro
1373 3198 1390 3219 E
1400 3198 1443 3219 DE
1451 3198 1466 3218 P
1476 3198 1496 3219 0
1505 3198 1521 3219 1.
1531 3212 1540 3225 ,
1558 3192 1611 3219 vid.
1637 3196 1684 3220 ΑΕ
1692 3200 1710 3220 D
1719 3201 1735 3221 E
1745 3202 1760 3221 Ρ
1771 3201 1790 3221 o
1802 3203 1827 3223 r.

1176 3236 1194 3256 E
1203 3236 1218 3255 Ρ
1227 3236 1246 3255 O
1256 3235 1271 3254 L
1282 3234 1301 3254 o
1311 3234 1332 3253 N
1342 3234 1361 3254 o
1370 3235 1383 3254 s
1403 3227 1526 3254 dicebant
1538 3229 1658 3263 antiqui,
1677 3239 1742 3264 quos
1756 3240 1824 3258 nunc
1838 3232 1966 3267 Epulones
1979 3237 2098 3264 dicimus.
2128 3241 2179 3267 Da-

45 3260 253 3295 persequebatur.
288 3261 366 3289 Dicta
387 3262 421 3296 cst
440 3273 455 3289 a
468 3263 540 3289 verbo
564 3261 741 3303 ἔπιτροχάζω,,
768 3262 864 3304 ιιοιζςβ
883 3265 999 3291 velociter
1020 3271 1076 3300 per·
1089 3270 1119 3299 85
1140 3271 1197 3291 tuin
1216 3270 1303 3291 autem
1323 3263 1359 3289 est
1378 3263 1419 3289 his
1440 3273 1554 3296 nornen,
1575 3265 1647 3299 quod
1666 3266 1754 3300 epulas
1774 3268 1909 3296 indicendi
1923 3273 1998 3304 Ioui,
2019 3275 2180 3311 caeterisque

1139 3301 1191 3328 diis
1205 3300 1356 3335 potestatem
1370 3298 1503 3326 haberent.
1525 3300 1621 3326 Festus.

1177 3342 1194 3362 E
1203 3342 1218 3362 P
1228 3337 1297 3363 6M1
1307 3342 1319 3362 S
1333 3355 1342 3368 ,
1362 3335 1422 3361 idis.
1442 3335 1462 3361 f.
1499 3334 1540 3369 Est
1553 3336 1671 3362 Graecum
1688 3336 1792 3370 ἒπωμίς,
1810 3347 1855 3374 quo
1873 3347 1976 3367 utuntur
1990 3343 2079 3369 Graeci
2100 3349 2175 3373 inter.

1135 3379 1220 3408 protes
1239 3371 1268 3398 de
1280 3377 1356 3406 parte
1375 3369 1478 3403 vestitus
1492 3371 1753 3413 sacerdotalisaequae
1765 3375 1875 3401 humeros
1888 3380 1959 3411 tegit.
1995 3379 2122 3413 Vulgams
2136 3383 2180 3409 Su-

1142 3407 1327 3443 perhumerale
1338 3405 1372 3432 ad
1383 3406 1482 3433 verbum
1493 3406 1622 3433 reddidit:
1648 3408 1828 3441 Hieronymus
1843 3410 1873 3436 ad
1882 3412 2018 3439 Fabiolam
2032 3415 2063 3441 de
2079 3417 2179 3445 vestm,

244 3436 394 3466 Rufinianus
412 3451 436 3476 p.
450 3447 480 3471 28
499 3442 637 3476 epitropen
656 3440 699 3475 effi
717 3444 773 3474 ait,
791 3451 872 3476 quum
894 3442 1003 3477 figurate
1015 3452 1076 3470 con·
1090 3456 1125 3480 90
1140 3443 1266 3471 sacerdot.
1287 3441 1379 3476 Ephod
1392 3442 1540 3469 Hebraicum
1552 3446 1652 3469 retinet.

1178 3485 1391 3505 EPOMPHALIA
1401 3498 1410 3510 ,
1426 3486 1512 3504 orum.
1532 3487 1557 3504 n.
1577 3478 1655 3513 Apud
1667 3479 1784 3513 Fulgent.
1793 3480 1905 3511 Mythol.
1919 3490 1944 3514 2,
1954 3490 2038 3515 ςεκῒν.
2061 3487 2180 3516 Firman-

1142 3514 1183 3541 dis
1203 3513 1302 3541 fetibus
1319 3519 1499 3548 opponuntur.
1541 3515 1582 3541 Sic
1595 3514 1673 3540 edidit
1687 3515 1837 3540 Mmzclcerus
1844 3523 1892 3550 pro
1905 3517 2092 3554 Epinephridia
2116 3526 2181 3560 quod

1141 3550 1230 3576 habent
1244 3551 1278 3576 al.
1293 3556 1317 3575 et
1335 3553 1515 3584 interpretatur
1533 3550 1616 3576 verbis
1630 3550 1744 3580 Gloriae,
1758 3549 1897 3583 Emplastra
1907 3572 1914 3584 ‚
1928 3563 1993 3588 quae
2012 3544 2181 3591 appon'unfflr

1140 3585 1271 3612 vmbilico
1283 3585 1427 3611 mulierum
1439 3586 1577 3620 concipere
1596 3594 1649 3611 non
1665 3584 1823 3617 valentium,
1838 3587 1908 3614 vnde
1921 3598 2077 3626 praegmces
2090 3596 2181 3631 (ΡΜ,-

1089 3627 1122 3653 95
1139 3621 1267 3658 gnantes)
1280 3620 1432 3647 reddantur.

1179 3663 1196 3683 E
1205 3663 1247 3683 Po
1257 3663 1276 3682 N
1289 3663 1310 3682 Α
1319 3675 1327 3686 ,
1346 3665 1385 3682 ae.
1415 3656 1436 3682 f.
1473 3655 1595 3689 [Ἒπόνα]
1630 3656 1697 3685 Dea,
1706 3663 1818 3689 equorum
1831 3665 1915 3684 curam
1927 3659 2033 3695 habens,
2049 3668 2118 3691 cujus
2131 3670 2181 3693 ori·

1144 3694 1226 3728 ginem
1248 3691 1359 3717 dabimus
1382 3701 1393 3717 e
1418 3692 1550 3717 Plutarcho
1570 3689 1686 3715 Parallel.
1706 3699 1730 3724 p.
1746 3699 1789 3722 312
1807 3700 1836 3724 e,
1855 3694 1956 3726 φελέιος
1974 3698 2085 3725 Στέλλιις
2105 3704 2180 3733 μισῶν

1143 3728 1275 3760 quincius,
1294 3727 1357 3759 ἵππῳ
1376 3727 1473 3758 συνεμίσ
1491 3737 1538 3751 ero.
1556 3724 1570 3751 ἧ
1588 3722 1614 3750 d?
1631 3724 1698 3749 necrol
1717 3726 1795 3761 χρόνον
1813 3729 1879 3754 ἔτεκε
1901 3730 1969 3766 κόρην
1989 3735 2114 3768 &ruofi-..Q
2135 3738 2178 3771 ,fflq'

1145 3761 1260 3793 δνᾶμκσῃ
1276 3759 1388 3790 ,Έποναᾌ
1413 3764 1448 3788 {st
1483 3764 1494 3786 ἓ
1511 3759 1565 3785 θεὸς
1581 3758 1685 3794 πρόνοιαν
1706 3764 1818 3794 ποιεμένη
1840 3764 1931 3798 isram,
1949 3766 1976 3793 ὦς
1995 3769 2139 3802 Ἀγησίλαος
2157 3773 2178 3797 ἓν

1087 3800 1134 3820 100
1144 3799 1216 3833 τρίτῳ
1232 3798 1366 3824 Ἰταλικῶν.
1402 3798 1442 3824 Sic
1460 3797 1519 3822 libri
1531 3798 1643 3836 antiqui:
1658 3802 1708 3831 pro
1719 3806 1765 3832 quo
1777 3797 1881 3825 inminui
1900 3811 1911 3827 e
1925 3803 2064 3831 conieflura
2081 3812 2179 3841 posuere

1144 3836 1307 3866 recentiores,
1326 3842 1379 3859 cum
1398 3833 1428 3858 ab
1446 3832 1508 3862 ἵππῳ
1527 3829 1686 3857 dertuandam
1701 3839 1837 3867 putarent:
1874 3838 1938 3863 vnde
1952 3840 1976 3864 et'
1988 3841 2054 3874 apud
2066 3842 2170 3868 Latmos

1144 3878 1204 3904 quos
1228 3878 1283 3894 mox
1303 3868 1472 3898 laudabimus,
1491 3866 1642 3900 Hipponam
1664 3867 1763 3902 quidam
1777 3868 1933 3905 substituere.
1976 3874 2083 3909 Equona
2097 3862 2181 3911 plat-e}

1145 3903 1252 3931 Barthio
1266 3903 1334 3929 Adu.
1344 3913 1386 3937 37,
1400 3912 1419 3928 1.
1457 3903 1509 3928 Iam
1528 3902 1653 3928 videamus
1671 3906 1740 3933 loca‚·
1758 3914 1811 3930 cum
1830 3905 1893 3932 illud
1909 3908 2128 3944 obseruauerrmus,
2140 3914 2180 3938 Se.

1143 3943 1243 3975 guinum
1263 3946 1342 3964 tamen
1359 3941 1386 3963 in
1402 3938 1447 3964 Sel.
1467 3937 1578 3972 numism.
1593 3946 1617 3972 p.
1635 3946 1660 3964 12
1671 3938 1723 3972 sibi
1747 3940 1897 3974 Hipponam
1920 3947 1945 3968 in
1962 3954 2031 3970 numo
2050 3945 2179 3980 dipreriaen-

1336 3972 1443 4033 cApul.
1462 3973 1527 3999 Met.
1547 3981 1560 4006 3
1581 3982 1606 4008 p.
1621 3980 1675 4007 141,
1691 3982 1705 4007 3
1741 3975 1864 4009 Respicio
1879 3977 1954 4013 pilae,
1970 3979 2087 4013 mediae,
2114 3992 2181 4016 quae

1374 4016 1387 4034 c
1407 4017 1419 4033 ς
2084 4017 2179 4046 stabuli
