2479 4225
95 235 180 274 1145
499 223 516 263 I
595 224 639 266 N
719 226 747 266 S
1585 231 1600 270 l
1688 231 1731 272 N
1810 235 1836 274 S
2150 246 2257 299 ¹¹4⁶,

94 309 150 337 filia
168 309 238 337 dicta
250 330 260 344 ,
294 311 422 345 quoniam
443 313 569 348 Applausa
589 314 693 349 pectine
706 315 756 341 tela
771 335 780 348 ,
814 314 937 342 resultant
956 318 983 339 et
1000 312 1136 341 subsiliunt
1192 315 1277 348 lator,
1297 316 1314 341 ι’.
1334 315 1445 350 Magne,
1465 327 1524 352 quae
1537 328 1568 345 ex
1581 319 1685 354 piscihus
1700 320 1747 356 est,
1768 322 1901 356 accusator.
1935 326 2235 362 Pacat.Paneg.T11eoa.

96 347 168 377 (haec
181 346 326 371 conueniunt
346 349 462 382 antiquae
475 351 583 382 rationi,
618 352 654 375 ad
665 350 861 385 perpendiculum
867 348 983 388 suspffls?
997 350 1061 374 tela.-
1089 349 1139 384 [εἰ
1194 359 1216 377 ς.
1230 359 1259 383 43
1284 351 1330 377 Tc
1341 360 1453 386 purgare
1466 354 1559 380 eodem
1574 357 1646 389 teste,
1676 364 1711 382 uo
1725 356 1902 384 insimulatore
1914 361 2041 389 voluisses.

96 383 211 412 addunt)
282 380 346 408 Sunt
360 384 407 417 qui
420 383 622 416 Iristrunientirin
636 385 751 419 ligneum
770 384 879 420 pedibus
897 384 1013 410 textricis
1027 384 1137 419 supposi-
1231 392 1242 412 1
1252 393 1272 412 Ν
1281 393 1294 412 s
1305 393 1313 412 1
1323 393 1344 412 N
1353 393 1369 413 C
1379 388 1394 412 t}
1405 394 1422 413 R
1433 394 1452 413 v
1463 396 1476 414 s
1486 410 1495 422 ‚
1515 398 1528 415 a
1537 411 1545 424 ,
1562 400 1616 417 um.
1640 393 1661 417 A
1682 391 1699 418 i.
1736 392 1825 420 Cruor
1838 392 1979 422 insincerus
2012 398 2191 435 Virg.Georg.
2206 409 2235 435 4,

96 421 154 443 tum
166 414 326 449 intelligant:
363 418 436 444 cuins
451 418 504 445 duo
519 421 681 454 complanata
694 419 807 455 ligneola
820 420 958 454 resurgunt
971 420 1092 452 alternis,
1110 425 1136 446 et
1193 426 1245 453 285-
1318 422 1407 454 Acies,
1425 422 1481 457 scil.
1496 426 1623 452 Oculorum
1650 426 1772 455 Prudent.
1786 428 1904 457 Hamart.
1920 439 1943 460 4.
2028 433 2182 469 Protagoras
2196 435 2235 462 in.

97 450 223 483 resident,
244 450 304 477 licia
320 453 385 479 telae
398 454 521 480 contrahi
534 461 559 481 et
571 455 669 490 aperiri
684 461 813 489 cogentes.
883 456 952 481 Haec
962 454 1067 489 intelligi
1080 462 1135 489 pos·
1157 463 1171 489 ς
1193 456 1304 483 sincerus
1318 457 1486 492 philosophus
1506 460 1573 487 Gell.
1585 471 1605 493 5,
1614 471 1632 493 3.
1660 464 1679 488 i.
1700 462 1841 498 Captiosus,
1853 461 1947 497 fallax.

91 487 164 522 sem,
195 492 225 511 vt
233 486 333 519 fassum
349 498 365 513 a
380 490 484 522 thanio
497 496 522 515 et
536 491 661 516 Mar-tinio
675 491 761 523 etiam,
797 491 828 515 de
840 488 906 521 illis,
944 498 1005 523 quae
1018 490 1136 516 Scarnilla
1230 498 1239 517 1
1251 497 1273 516 N
1285 498 1297 517 S
1308 499 1314 517 1
1326 499 1348 519 N
1358 499 1377 518 V
1387 499 1406 518 0
1415 513 1423 524 ,
1451 497 1503 519 Ere.
1538 495 1738 531 [ἰγκολτίζσμαι,
1764 499 1896 531 ἓισδύσμαι,
1926 503 2074 536 ermenulfi-rw]
2109 505 2138 528 Ιη
2151 504 2234 536 finum

95 522 170 555 vulgo
182 529 286 554 vorant,
316 524 392 558 lignis
403 525 549 557 transuersis
557 546 566 558 ‚
592 535 608 550 a
621 527 672 551 tela
683 525 883 561 dependentibus,
909 533 969 558 quae
981 527 1038 550 dum
1054 527 1136 551 calcat
1193 527 1333 553 immittere.
1371 529 1488 562 Propert.
1502 539 1523 562 3,
1535 537 1562 563 7,
1575 538 1602 561 28
1623 533 1712 565 Quini
1728 532 1778 563 tibi
1813 548 1859 553 --
1894 534 1968 560 omni
1981 534 2118 570 Tempore
2133 545 2183 565 tam
2197 541 2235 566 sa-

95 563 195 589 mum,
227 556 342 591 distrahit
354 560 497 584 alternatim
511 561 560 594 fila
571 560 700 596 flandriis,
737 567 766 586 vt
782 559 868 585 traiicr'
884 559 954 584 radii
965 566 1003 594 ope
1011 559 1136 594 subtemen
1194 562 1255 587 ciles
1268 562 1432 590 insinuentur
1445 573 1508 598 opes
1543 567 1561 590 i.
1582 568 1651 592 velut
1664 567 1776 601 infinum
1789 576 1856 594 tuum
1871 570 2002 604 confluant.
2131 575 2234 601 Sisenna

95 589 179 626 poffit:
215 594 283 618 modo
294 595 367 619 telam
379 595 415 619 ad
425 595 574 621 horizontem
587 595 708 630 extensam
719 593 833 630 constaret
842 615 850 627 ‚
889 603 934 619 non
945 595 1083 629 suspensam
1102 596 1139 621 ad
1196 597 1295 623 Hilior.
1309 608 1323 630 4
1334 600 1402 632 apud
1413 599 1485 625 Non.
1501 609 1519 634 ι,
1533 605 1578 633 287
1606 604 1704 636 Agmen
1720 603 1900 637 perturbatum
1913 604 2012 639 pedites
2024 605 2153 634 insinuant
2162 631 2170 643 ,
2206 619 2235 636 ac

91 627 301 662 perpendiculum.
381 630 435 655 Huc
448 629 576 664 rqspiciens
583 631 654 665 forte
669 629 700 664 Is.
720 630 782 665 Voffi
793 630 854 665 legit
866 629 959 656 Ensilia
968 650 976 662 ,
997 630 1139 664 Obstru-“d
1151 643 1180 661 10
1196 632 1254 659 loco
1268 640 1445 660 commouent.
1517 636 1565 662 liic
1578 636 1706 664 insinuant
1719 640 1821 664 vide-tur
1827 639 1972 674 signficare
1985 643 2068 667 erdere
2079 651 2181 678 cogunt,
2205 652 2235 670 vt

95 662 183 688 Catul.
196 671 222 696 p.
237 670 291 694 249.
324 659 326 663 ’
385 664 478 690 Eusilia
490 667 548 691 haec
554 666 656 699 fuerint
664 666 736 700 ftrte
751 675 767 690 a
773 665 859 698 fhrma
871 672 895 690 et
901 665 1066 697 fimilitnAInc·
1078 675 1137 699 qua-
1188 667 1260 699 stmts
1270 675 1293 693 et
1308 678 1393 694 cauum
1406 669 1523 703 quiddam
1530 672 1594 705 fiat,
1618 682 1663 706 quo
1675 674 1723 699 loco
1729 674 1819 706 ficerat
1833 676 1898 700 linea
1912 674 1987 702 reHa.
2061 676 2144 702 Paullo
2159 679 2236 704 aliter

96 697 210 731 licunque
221 696 286 722 ensis
300 698 435 732 appellata,
454 708 477 726 et
489 703 634 726 conmm'ant
648 710 699 725 cum
711 699 858 732 arundine,
876 701 904 725 de
918 710 964 733 qua
976 700 1055 727 Ouid.
1072 702 1137 727 Met.
1196 702 1267 729 Caes.
1283 704 1310 729 B.
1324 704 1356 730 G.
1369 713 1392 736 4,
1405 714 1428 736 33
1448 706 1478 729 de
1489 704 1630 740 <ffatim-iis,
1649 709 1717 734 Cum
1732 708 1755 734 se
1769 708 1838 734 inter
1851 710 1970 744 equitum
1981 716 2078 737 turmas
2091 707 2237 739 in'flnuaue.

95 733 122 764 6,
136 740 163 763 55
189 732 292 758 stamen
305 734 415 760 secernit
428 734 546 768 arundo,
583 744 629 770 quo
636 735 706 768 [11Ηο
719 736 845 762 Inseritur
856 735 972 761 medium
986 736 1067 762 radiis
1082 735 1138 762 sub·
1195 745 1240 770 re,
1277 747 1308 764 cx
1322 739 1410 765 essedis
1424 738 1560 774 desiliunt,
1596 747 1621 768 et
1635 743 1734 777 pedites
1751 744 1920 777 praeliantur.
2015 747 2058 773 Sol
2069 746 2166 774 aestum
2179 747 2238 774 insi-

94 773 184 795 temen
198 767 289 793 acutis.
360 770 492 795 Lambinus
505 772 550 796 huc
561 771 692 796 aduocauit
705 770 856 802 Inffibulos,
873 780 930 804 quos
944 771 970 795 in
983 772 1090 797 textrini
1099 771 1138 796 in·
1195 778 1257 799 nuat
1272 782 1318 807 per
1338 774 1405 808 septa
1423 774 1564 803 domorum
1602 779 1704 805 Lucret.
1718 780 1742 810 6,
1757 786 1809 811 859.
1925 780 1981 806 Cic.
1995 781 2027 808 ad
2040 782 2112 808 Brut.
2129 785 2157 809 16
2193 782 2237 809 Ne

90 802 228 840 strumento
235 803 274 833 stc
286 812 400 830 memorat
424 804 482 831 Isid.
493 813 528 838 ¹9,
538 814 567 839 29
586 805 704 833 Insubuli
718 806 780 844 quia
792 806 862 832 infra
876 811 901 832 et
915 807 987 840 supra
1001 807 1074 838 finnt,
1094 806 1137 832 vcl
1152 816 1176 842 ¹5
1195 808 1355 843 defatiget-c,
1375 818 1426 836 neu
1440 810 1540 836 diffidas
1554 812 1653 847 semper
1666 813 1692 838 in
1706 814 1881 847 praesentibus
1897 815 1972 842 malis
1985 816 2158 849 prohibendis
2170 828 2174 844 :
2197 818 2238 844 fu-

96 838 159 872 quia
173 837 364 865 insubulantur.
456 840 612 866 Enumeratio
627 842 717 876 reliqui
729 848 862 876 apparatus
875 842 956 876 docet,
992 840 1138 874 insubulos,
1195 848 1254 870 tura
1266 852 1389 878 quoque,
1406 845 1454 871 nisi
1469 851 1527 872 ante
1540 847 1569 873 lit
1583 849 1718 875 occursum
1728 869 1735 881 ‚
1755 850 1890 884 explores,
1908 859 1941 877 ne
1954 851 1979 877 se
1992 851 2133 880 insinuent.
2185 853 2239 880 Do-

95 874 139 898 vel
156 872 293 906 insubula,
319 874 454 900 insublaue
491 876 593 909 (quibus
605 883 661 910 opus
673 876 705 911 est
717 877 830 904 Lambino
841 876 1006 911 obsecundant
1021 879 1138 911 longam)
1194 878 1280 905 iorem
1294 880 1377 905 oculis
1392 889 1457 913 quae
1470 881 1580 915 gignunt
1593 883 1747 910 insinuando
1776 885 1879 913 Lucret.
1893 896 1917 920 4,
1930 895 1977 918 332.
2105 888 2238 915 Insinuare

94 907 141 942 effi·
155 917 208 934 eam
220 917 286 940 rem,
323 911 354 934 de
372 919 421 944 qua
436 912 477 935 hic
495 911 605 944 agimus,
639 913 707 937 cuius
718 919 758 947 ope
766 910 935 947 'filastamims
947 922 1011 937 nunc
1022 913 1063 937 hoc
1075 921 1139 937 nunc
1194 914 1311 948 aliquem
1323 915 1399 940 alteri
1419 917 1486 942 Suet.
1502 917 1532 943 de
1549 918 1617 945 Clar.
1632 920 1751 946 Graium.
1763 928 1784 946 e.
1798 929 1830 946 21.
1938 921 2061 956 Aliquem
2074 924 2164 950 animo
2177 924 2240 950 alte-

95 944 148 969 alio
159 945 226 968 modo
240 943 361 979 distrahi,
379 946 563 979 t›·ansmittique
573 946 648 981 pqffet
654 946 787 979 subtemen.
842 947 968 981 Epitheton
982 947 1051 973 leuia
1065 948 1139 973 etiam
1196 949 1253 975 rius
1273 949 1339 976 Plin.
1352 950 1380 976 in
1395 952 1485 986 Pancg.
1500 961 1522 978 c.
1534 955 1573 979 62.
1644 954 1743 981 Terris
1757 961 1838 981 ratem
1858 956 1951 982 Auien.
1964 958 2035 983 Arat.
2049 967 2073 984 v.
2088 968 2117 990 3¹-
2182 959 2240 985 Cic.

95 979 141 1004 huc
153 978 231 1009 magis
243 987 315 1012 quam
329 981 364 1004 ml
376 980 489 1006 scamilla
498 982 597 1015 pedibus
610 981 746 1008 insilienda
760 982 885 1014 conuenit,
905 990 950 1008 etc.
1000 984 1071 1019 Qus
1083 991 1136 1008 con·
1151 993 1185 1011 20
1197 984 1229 1010 de
1244 985 1327 1011 Am'ic.
1338 994 1371 1019 99
1389 986 1505 1013 Callidus
1518 987 1561 1013 illc
1572 994 1598 1014 et
1613 989 1729 1015 occultus
1742 999 1774 1015 nc
1788 992 1812 1016 l‘e
1825 991 1951 1025 insinuet,
1969 992 2080 1020 studiose
2094 994 2240 1021 cauendum

94 1020 138 1039 tra
152 1013 286 1047 syllabam,
303 1014 334 1046 ſs
350 1016 446 1050 longam
462 1017 554 1042 moneri
567 1016 680 1051 pffmt,
699 1017 742 1044 illa
752 1016 906 1052 euanescent,
923 1018 952 1050 fi
965 1019 1032 1053 legas
1050 1017 1142 1044 enfilia
1196 1019 1241 1046 est.
1294 1022 1333 1046 De
1345 1021 1490 1055 affimatore
1503 1023 1621 1057 loquitur.
1727 1024 1798 1050 Idem
1813 1034 1861 1059 pro
1878 1027 1982 1053 Caecin.
1997 1037 2019 1060 13
2032 1037 2053 1054 c.
2065 1039 2078 1060 ς
2112 1029 2239 1056 Aebutius

91 1055 139 1085 per
151 1055 202 1074 tres
209 1047 324 1081 syllabas.
1195 1069 1241 1076 ·—
1277 1055 1323 1088 qui
1339 1057 1364 1082 sc
1376 1057 1432 1083 eius
1446 1057 1472 1083 in
1487 1057 1692 1086 familiaritatem
1706 1059 1853 1086 infinuaffet
1871 1061 1917 1087 hac
1931 1063 2049 1096 ratione,
2081 1070 2108 1090 vt
2121 1074 2179 1090 cum
2192 1065 2241 1091 ali-

133 1091 143 1110 1
157 1090 180 1110 Ν
192 1090 205 1111 s
215 1083 255 1110 ΓΙ.
266 1089 278 1110 1
289 1089 326 1116 Ο,
353 1085 381 1111 ui
396 1086 439 1111 vel
449 1085 488 1113 sui
502 1085 590 1119 vetii,
616 1087 716 1120 ultum,
736 1089 785 1114 ire.
822 1087 974 1121 [ima-uado,
993 1089 1139 1120 ἓισάλλομαι,
1195 1099 1250 1124 quo
1262 1090 1308 1116 suo
1325 1092 1482 1126 compendio
1496 1093 1601 1127 negotia
1615 1094 1745 1121 mulieris.
1770 1110 1813 1115 —
1850 1096 1998 1129 susciperet.
2087 1100 2169 1126 Plani.
2182 1100 2241 1127 Mil.

92 1119 238 1153 ἓνάλλαμιι]
275 1120 357 1144 Salire
369 1130 421 1146 cum
434 1123 557 1147 notatione
567 1122 616 1148 loci
628 1131 673 1156 quo
680 1122 783 1157 salitur.
828 1122 907 1149 Plaut.
920 1123 986 1149 Rud.
1000 1132 1023 1154 2,
1035 1132 1057 1157 3,
1069 1126 1099 1151 26
1118 1124 1139 1150 E
1192 1130 1221 1158 ⁴2,
1236 1134 1288 1158 1,27
1308 1127 1386 1153 Miles
1398 1127 1511 1154 insinuat
1523 1129 1572 1154 scsc
1585 1129 1617 1155 ad
1631 1130 1742 1156 amicam
1753 1130 1812 1156 heri
1826 1130 1890 1163 mei,
1907 1132 2017 1165 Occepi(
2029 1136 2107 1159 matri
2119 1137 2174 1160 cius
2186 1136 2243 1169 sup-

94 1153 158 1180 naui
171 1154 279 1181 timidae
292 1154 383 1181 ambae
396 1156 423 1181 in
441 1156 558 1190 scapham
572 1156 733 1190 infiluimus,
752 1156 814 1191 quia
827 1157 961 1193 videmus,
981 1166 1027 1186 ete.
1088 1159 1139 1185 Lu·
1151 1168 1181 1194 ις
1196 1160 1326 1195 palparier
1336 1179 1344 1192 ,
1363 1170 1408 1189 etc.
1445 1164 1527 1189 Etiam
1541 1165 1665 1190 wninitm·
1678 1167 1810 1191 Pronomen
1825 1166 1862 1192 Se.
1970 1167 2026 1193 Cic.
2042 1169 2073 1194 de
2088 1170 2161 1196 Orat.
2177 1179 2194 1203 1,
2208 1179 2242 1203 90

93 1197 180 1221 can.3‚
188 1191 228 1215 621
249 1188 351 1215 Insiluit
363 1191 418 1217 solo
434 1193 568 1218 nociturus
580 1192 698 1226 pondere
712 1192 802 1227 puppi.
839 1194 884 1219 Al.
895 1194 1013 1228 Puppim.
1067 1195 1138 1221 Ter·
1196 1205 1217 1222 c.
1233 1204 1267 1222 20
1292 1196 1374 1230 quue
1389 1207 1448 1224 cum
1460 1200 1621 1234 argumentis
1638 1200 1779 1234 docuerat,
1816 1200 1887 1234 quod
1902 1200 1936 1227 ita
1950 1202 2003 1227 nati
2016 1203 2140 1239 essemus,
2176 1211 2204 1230 vt
2217 1210 2243 1231 et

111 1232 128 1249 o
141 1223 250 1249 alicuius
264 1224 364 1251 insilire
385 1226 465 1252 Ouid.
480 1227 544 1253 Met.
554 1236 584 1259 12,
592 1236 640 1260 345.
719 1229 800 1255 Vndis
814 1228 894 1255 insilit
914 1230 985 1256 Idem
999 1230 1036 1256 ib.
1050 1235 1073 1263 8,
1088 1239 1140 1262 ¹4²·
1196 1230 1311 1258 blandiri
1325 1239 1349 1258 et
1363 1233 1514 1267 suppliciter
1527 1234 1658 1261 insinuare
1669 1236 1717 1269 iis,
1734 1244 1748 1261 3
1762 1235 1858 1269 quibus
1873 1237 1931 1263 esset
1945 1239 2095 1271 petendum,
2116 1247 2141 1266 et
2153 1239 2244 1265 aduer-

91 1232 196 1286 inmite
209 1258 238 1285 in
251 1268 349 1294 equum
369 1261 427 1287 Liu.
435 1265 460 1294 6,
472 1268 498 1296 7.
517 1269 542 1288 et
553 1268 567 1292 8
587 1282 593 1289 .
615 1282 622 1289 .
739 1265 769 1290 In
781 1265 924 1290 cruciatum
947 1265 1027 1291 Plaut.
1041 1265 1100 1292 Mil.
1115 1273 1140 1297 z,
1197 1267 1279 1293 farios
1292 1267 1431 1294 minaciter
1443 1275 1542 1295 terrere
1555 1271 1698 1304 possemus,
1717 1277 1743 1297 et
1758 1280 1814 1297 rem
1828 1271 1922 1305 gestam
1935 1281 2082 1307 exponere,
2101 1282 2146 1301 etc.
2172 1274 2247 1301 Ideni

93 1303 116 1326 3,
128 1299 151 1323 8.
209 1295 293 1322 *Saltu
314 1295 412 1329 Plias,
420 1299 456 1322 16.
558 1297 640 1331 Supra
653 1298 755 1332 lignum
775 1299 883 1326 Phaedr.
897 1309 942 1333 i,3,
951 1309 990 1326 20.
1070 1301 1140 1327 Suet.
1199 1303 1277 1328 Verr.
1291 1312 1311 1334 3,
1326 1310 1365 1337 157
1385 1303 1502 1335 Videtis,
1527 1311 1555 1330 vt
1567 1313 1673 1332 moueat
1687 1306 1853 1340 Apronium,
1890 1307 1986 1340 quibus
2001 1307 2078 1334 rebus
2091 1318 2119 1335 ac
2132 1310 2247 1336 numeri-

90 1328 186 1356 Claud.
200 1338 221 1357 c.
233 1338 259 1356 21
287 1331 342 1364 Q¹i
357 1331 429 1357 feros
444 1337 532 1358 tauros
545 1341 592 1367 per
605 1334 683 1367 spatia
698 1335 772 1361 Circi
783 1342 878 1369 agunt,
914 1335 1083 1371 insiliuntque
1097 1335 1140 1362 de·
1151 1345 1184 1370 30
1199 1336 1247 1364 bus
1261 1337 1373 1364 insinuet
1387 1339 1413 1364 in
1428 1339 1637 1367 familiaritatem
1650 1342 1769 1368 Metelli?
1882 1342 1963 1369 Plaut.
1977 1344 2066 1370 Cisiel.
2080 1352 2098 1378 1,
2114 1355 2130 1377 1,
2146 1355 2175 1378 94
2204 1346 2246 1372 111-

91 1363 177 1391 fess'os.
282 1366 507 1399 Qrinqueremcm
521 1377 552 1394 ex
565 1368 656 1402 scapha
676 1371 766 1396 lustin.
782 1380 818 1403 2ς,
833 1381 857 1403 4,
872 1377 893 1400 3.
1197 1373 1231 1399 de
1246 1374 1275 1398 in
1289 1373 1433 1400 amicitiam
1448 1375 1591 1402 inlinuauit
1605 1385 1664 1403 cum
1677 1384 1777 1412 matre,
1807 1382 1833 1402 et
1846 1386 1948 1404 mecum
1962 1378 2046 1406 simul.
2105 1381 2188 1407 Tertio
2201 1389 2247 1405 an-

130 1407 140 1426 1
149 1407 171 1427 N
182 1407 195 1427 s
204 1408 226 1428 V
236 1406 253 1427 L
264 1407 286 1428 Τ
297 1403 319 1426 V
328 1407 347 1427 R
358 1408 395 1434 A,
407 1410 446 1428 ae.
466 1402 486 1429 f.
505 1402 668 1439 [ἔτιπήὸηως]
687 1405 767 1432 Plaut.
776 1406 834 1433 Mil.
844 1415 866 1438 2,
875 1415 916 1438 3,9
935 1406 984 1433 Tu
998 1406 1042 1433 sali
1056 1406 1139 1433 solus:
1198 1415 1223 1434 te
1235 1408 1308 1443 versu
1320 1410 1437 1442 dixerat,
1456 1410 1571 1437 Obsecro
1584 1419 1637 1444 quo
1651 1412 1672 1438 is
1685 1412 1767 1438 homo
1780 1411 1922 1439 insinuauit
1933 1414 2009 1447 padio
2022 1414 2053 1440 ad
2066 1416 2107 1442 te?
2187 1415 2245 1441 Cic.

89 1444 152 1463 nam
168 1445 218 1471 ego
232 1435 304 1462 istam
317 1436 487 1470 insulturam,
512 1444 538 1465 et
550 1438 708 1466 desulturam
725 1441 793 1467 nihil
805 1450 907 1468 moror.
1200 1443 1272 1469 Fam.
1286 1453 1311 1476 4,
1329 1453 1351 1475 ¹3
1376 1444 1446 1471 Nam
1460 1452 1485 1472 et
1501 1447 1660 1480 compleEtar
1674 1448 1729 1473 eius
1742 1447 1970 1482 familiarissimos,
1985 1451 2032 1483 qui
2047 1449 2247 1476 me'admodum

128 1479 138 1497 1
148 1478 170 1497 Ν
181 1478 195 1498 s
206 1478 226 1497 v
236 1477 253 1496 L
263 1477 286 1497 ’.ι’
298 1476 319 1498 0
329 1491 338 1504 ,
357 1476 409 1498 are.
430 1473 609 1506 [imm-natium,
628 1476 775 1511 ἐπεμβαίνων]
810 1478 941 1511 Frequent.
954 1486 969 1502 a
981 1476 1061 1510 Salio,
1073 1476 1146 1512 quast
1201 1478 1326 1513 diligunt,
1345 1480 1511 1515 multumque
1525 1490 1628 1508 mecum
1640 1483 1714 1515 sunt,
1738 1490 1763 1508 et
1780 1483 1806 1508 in
1821 1483 1898 1517 ipsius
1913 1484 2147 1517 Consuetudinem,
2168 1494 2246 1520 quam

89 1508 193 1541 Saepius
205 1513 229 1531 et
240 1515 293 1531 cum
305 1507 394 1542 impetu
408 1508 510 1543 subire:
547 1516 572 1534 et
589 1512 655 1535 modo
670 1511 779 1544 Datiuo,
819 1514 887 1537 modo
901 1512 1046 1546 Act-usatiuo
1059 1513 1141 1546 iungi·
1160 1519 1186 1545 35
1200 1513 1284 1539 adhuc
1300 1523 1372 1540 meus
1385 1518 1470 1550 purim
1487 1516 1555 1542 mihi
1569 1517 1671 1551 clausit,
1701 1518 1848 1544 insinuabo.
1944 1519 2017 1545 Idem
2031 1520 2062 1546 de
2076 1522 2151 1548 Orat.
2165 1529 2191 1555 2,
2205 1528 2246 1553 ¹49

89 1549 142 1569 tur.
197 1541 274 1575 Virg.
288 1542 386 1576 Georg.
402 1545 470 1575 3,116
489 1557 534 1563 —-
553 1544 676 1577 Equitem
689 1545 803 1573 docuere
815 1545 863 1573 sub
878 1548 958 1573 armis
1014 1547 1142 1573 Insultare
1202 1549 1304 1575 Deinde
1318 1557 1346 1575 vt
1361 1551 1388 1576 in
1405 1550 1439 1576 iis
1451 1551 1531 1584 locis,
1559 1562 1625 1587 quos
1638 1562 1784 1588 proponam
1796 1553 1886 1587 paullo
1900 1554 1970 1590 post,
2007 1556 2180 1589 peruoluatur
2192 1558 2248 1582 ani-

88 1577 162 1609 solo,
199 1582 224 1602 et
243 1577 339 1611 gressus
360 1577 508 1611 glomerare
530 1579 665 1613 superbos.
771 1582 894 1608 Floribus
918 1582 1042 1609 insultant
1064 1582 1141 1609 haedi
1200 1593 1275 1616 mus,
1293 1591 1320 1611 vt
1333 1585 1357 1611 se
1369 1586 1472 1619 penitus
1485 1587 1597 1614 insinuet
1610 1588 1638 1614 in
1651 1589 1775 1620 Causam,
1794 1594 1823 1615 vt
1836 1588 1865 1616 sit
1880 1598 1941 1615 cura
1954 1596 1980 1616 et
1993 1590 2154 1625 cogitatione
2166 1591 2248 1617 intcn-

88 1613 306 1647 Virg.Georg.4,
316 1621 344 1638 11.
460 1615 556 1640 Iacenti
570 1615 694 1642 insultare
715 1613 796 1644 Ouid.
812 1617 896 1644 Trist.
910 1626 936 1651 2,
948 1627 996 1651 57¹·
1101 1620 1143 1645 In·
1200 1624 1250 1646 tus.
1307 1622 1327 1646 i.
1357 1623 1389 1646 Vt
1407 1622 1527 1648 interiora
1541 1623 1624 1657 causae
1639 1624 1789 1659 postumat,
1823 1625 2004 1659 pernoscatque.
2099 1626 2158 1652 Liu.
2171 1635 2213 1658 40,
2225 1635 2249 1651 21

88 1647 185 1674 sultare
197 1647 289 1679 malis,
307 1647 437 1682 rebusque
450 1651 596 1683 aegrescere
609 1651 683 1678 laetis
703 1653 764 1679 Stat.
771 1652 863 1679 Theb.
870 1661 893 1685 2,
902 1658 935 1683 18.
1044 1653 1142 1686 Alieni,
1201 1662 1267 1681 extr.
1304 1656 1335 1681 In
1355 1657 1497 1690 praesentia
1517 1657 1560 1684 dat
1578 1667 1603 1684 ei
1617 1676 1625 1689 ‚
1662 1665 1690 1684 vt
1709 1668 1756 1692 per
1769 1667 1848 1684 omne
1862 1659 2017 1692 obsequium
2028 1659 2170 1686 insinuaret
2184 1661 2208 1686 se
2221 1660 2251 1686 in

85 1689 133 1718 pro
145 1683 271 1714 Irridere,
296 1689 321 1707 et
334 1684 524 1716 contmneliffi'us
537 1686 563 1710 in
577 1687 684 1720 aliquem
698 1694 742 1712 aut
756 1689 837 1713 dicere
851 1688 963 1722 aliquid,
984 1696 1027 1714 aut
1042 1690 1186 1725 facere.40
1200 1698 1281 1723 quam
1294 1692 1407 1717 maxime
1421 1692 1588 1718 Familiarem
1601 1694 1690 1725 vsum,
1711 1700 1740 1720 vt
1752 1693 1848 1719 elicere
1862 1694 1952 1719 omnia
1965 1702 2057 1721 arcana
2066 1715 2073 1726 ‚
2098 1702 2142 1721 etc.
2161 1696 2250 1729 pos-set.

90 1718 198 1744 Sueten.
211 1717 284 1744 Caes.
295 1726 316 1744 c.
325 1726 360 1744 22.
380 1718 435 1746 Cic.
450 1720 528 1746 Verr.
542 1730 564 1752 5,
579 1730 610 1753 13¹
623 1731 644 1748 c.
658 1731 689 1752 50
708 1723 783 1750 Num
799 1722 849 1750 tibi
863 1723 892 1749 in
906 1724 1050 1751 calamitate
1063 1723 1142 1751 insul·
1201 1726 1258 1752 cic.
1274 1726 1356 1752 Tusc.
1371 1736 1391 1757 ς,
1406 1735 1434 1758 34
1458 1727 1507 1753 Etsi
1526 1728 1598 1753 Zeno
1613 1728 1725 1753 Cittieus
1740 1728 1840 1754 aduena
1854 1727 1977 1761 quidam,
2012 1735 2039 1755 et
2051 1730 2178 1763 ignobilis
2191 1739 2251 1756 ver-

89 1758 161 1788 tare,
181 1761 227 1780 etc.
335 1754 410 1788 virg.
424 1755 487 1781 Aen.
504 1762 527 1788 8,
543 1764 592 1790 570
1053 1781 1057 1785 .
1203 1759 1299 1786 borum
1314 1761 1421 1793 opifex,
1439 1761 1576 1788 insinuasse
1589 1762 1613 1786 sc
1627 1762 1655 1787 in
1670 1762 1803 1795 antiquam
1816 1762 2013 1797 Philosophiam
2026 1764 2139 1791 videtur.
2178 1765 2251 1792 Idem

148 1801 151 1805 -
287 1817 332 1823 -
368 1804 410 1830 Ne
476 1805 493 1831 fi
517 1805 556 1831 't'i
606 1806 636 1831 M
705 1807 723 1832 t·
1203 1795 1236 1820 de
1251 1796 1280 1820 L.
1295 1795 1358 1828 Agr.
1373 1803 1394 1826 2,
1409 1804 1431 1820 12
1446 1805 1467 1821 c.
1480 1805 1493 1825 5
1529 1797 1620 1828 Quum
1637 1795 1805 1823 familiariter
1818 1798 1899 1824 mein
1915 1807 2010 1825 eorum
2023 1800 2175 1827 Sermonem
2191 1801 2252 1827 insi-

246 1838 273 1864 H
293 1838 302 1863 i
347 1847 360 1864 a
382 1813 470 1866 ‘t'q‘u‘i'
486 1814 522 1866 li„
537 1815 546 1831 1
558 1814 596 1867 ¹iot
617 1815 701 1866 tqzen
715 1816 756 1867 u11⁵
771 1816 925 1868 vnffiuzmfft
1149 1854 1156 1859 ..
1203 1838 1330 1861 nuarem,
1354 1838 1383 1854 ac
1397 1829 1503 1862 darem,
1527 1831 1647 1865 cclabar‚
1666 1831 1830 1858 excludebar.
1941 1834 2118 1861 Insinuauerat
2132 1836 2250 1870 Suspicio

243 1847 389 1899 basnag-¹³¹
401 1848 412 1865 ¹
425 1848 453 1866 ¹¹¹
467 1850 483 1867 ²¹
506 1849 569 1874 ⁸⁰⁵³
598 1850 615 1866 Ο
652 1850 715 1887 ,erm
739 1850 803 1868 πω
835 1851 849 1868 e
869 1851 878 1868 ¹
899 1852 912 1868 e
1157 1869 1192 1895 45
1203 1864 1300 1889 animis
1322 1863 1380 1890 Liu.
1398 1874 1441 1897 40,
1453 1874 1479 1897 37
1515 1866 1533 1892 i.
1555 1867 1668 1891 &abierat
1680 1866 1780 1892 animos.
1873 1867 2003 1901 Insinuat,
2026 1878 2075 1904 pro
2089 1870 2251 1898 insinuatur:

1202 1899 1277 1932 Virg.
1293 1900 1355 1924 Aen.
1370 1908 1393 1931 2,
1407 1909 1450 1932 229
1471 1901 1548 1926 Tum
1562 1909 1626 1927 vero
1639 1902 1792 1928 tremefacta
1805 1910 1890 1928 nouus
1902 1911 1949 1937 per
1963 1904 2071 1938 petitora
2085 1906 2185 1932 cunctis
2209 1908 2252 1933 In-

84 1930 241 1961 Inueniam.
265 1939 332 1964 quae
349 1945 395 1951 -—
417 1932 474 1958 Nec
487 1931 555 1958 mihi
568 1938 621 1959 tam
636 1933 709 1960 duris
722 1933 828 1961 insultet
841 1933 963 1961 moribus
985 1933 1104 1967 Propert.
1116 1941 1142 1966 z,
1174 1966 1176 1968 v
1201 1933 1284 1960 sinuat
1302 1943 1399 1967 pauor:
1436 1936 1552 1961 Seruius.

86 1975 144 1999 4,7.
228 1962 359 1992 Laudatur
379 1976 410 1992 ex
421 1967 520 1994 Sallust.
539 1987 547 1994 .
567 1988 574 1994 .
594 1969 695 1995 Multos
708 1978 722 1994 a
736 1970 851 2003 pueritia
864 1969 949 1995 bonos
961 1969 1142 1999 insultauerat‚
1238 1976 1247 1994 1
1259 1975 1282 1994 Ν
1297 1975 1310 2007 s
1323 1975 1332 1993 1
1342 1976 1363 1994 N
1372 1975 1451 1995 VAN
1462 1976 1476 1995 s
1486 1990 1494 2002 ‚
1514 1969 1590 2009 antis.
1619 1970 1714 1997 Partic.
1749 1971 1838 1998 Varro
1851 1972 1881 2000 L.
1895 1973 1924 1999 L.
1937 1982 1966 2009 4,
1980 1983 2007 2001 10
2028 1974 2110 2002 Venit
2122 1975 2251 2003 diuinitus

85 2008 130 2037 pro
142 2001 272 2033 usitatiore
284 2000 371 2027 bonis.
452 2002 544 2034 Sedfic
557 2002 630 2028 stiam
640 2004 740 2037 proprie
760 2004 830 2030 Ter.
845 2005 912 2030 Eun.
922 2013 944 2034 2,
951 2012 973 2033 2,
982 2011 1010 2035 54
1028 2003 1088 2029 Sine
1101 2003 1141 2028 bi-
1201 2003 1281 2037 pullis
1296 2003 1427 2030 insinuans
1441 2005 1466 2030 se
1478 2005 1530 2039 ipsa
1542 2013 1638 2031 anima.

87 2037 170 2063 duum
183 2035 234 2062 hoc
246 2040 408 2070 praetereat,
433 2037 479 2070 qui
495 2037 563 2062 mihi
577 2046 646 2063 nunc
658 2046 712 2064 vno
726 2038 841 2072 digitulo
861 2039 932 2064 fores
950 2038 1036 2072 aperis
1057 2038 1141 2064 fortu-
1153 2044 1185 2069 50
1237 2045 1247 2064 1
1258 2044 1280 2063 N
1294 2045 1307 2064 s
1319 2045 1327 2063 1
1341 2044 1362 2078 Ν
1374 2045 1395 2065 ν
1405 2046 1428 2066 Α
1439 2046 1461 2066 Τ
1474 2048 1492 2066 ν
1502 2047 1531 2073 S,
1551 2049 1579 2073 a,
1598 2050 1652 2066 um.
1672 2041 1739 2067 Part.
1777 2041 1918 2081 Suet.0th.
1929 2052 1952 2070 c.
1967 2052 1980 2070 2
1999 2044 2046 2071 Per
2060 2045 2124 2072 hanc
2139 2046 2250 2074 insinua-

85 2077 179 2098 natus:
217 2079 265 2097 nae
279 2077 307 2097 tu
319 2071 378 2097 istas
392 2071 454 2098 faxo
467 2072 579 2098 calcibus
592 2073 664 2106 saepe
682 2072 819 2099 insultabis
837 2073 942 2101 frustra.
1050 2073 1141 2099 Tacit.
1201 2078 1241 2099 tus
1256 2074 1372 2100 Neroni.
1443 2074 1516 2101 Idem
1532 2076 1559 2101 in
1572 2076 1635 2101 Vita
1648 2076 1716 2104 Hor.
1729 2084 1742 2115 3
1768 2077 1870 2103 Deinde
1884 2078 2000 2113 Augusto
2013 2080 2164 2110 insinuatus.
2208 2083 2249 2110 Id.

85 2108 188 2140 Δ1111.4,
195 2115 226 2140 59
245 2106 300 2140 Qri
315 2116 385 2132 nnnc
398 2107 552 2141 patientiam
566 2108 650 2140 senis,
669 2114 694 2134 et
708 2109 843 2143 segnitiam
858 2109 963 2135 iuuenis
976 2108 1048 2135 iuxta
1061 2108 1141 2134 insul·
1200 2109 1284 2142 Calig.
1299 2117 1320 2134 c.
1336 2118 1369 2142 12,
1382 2118 1405 2140 4.
1513 2110 1652 2136 Insinuatis
1665 2110 1786 2138 manibus
1814 2113 1889 2146 Apul.
1902 2114 1965 2140 Met.
1979 2124 1995 2147 9
2007 2125 2032 2150 p.
2049 2124 2100 2151 ²¹9,
2113 2126 2137 2143 21
2159 2125 2206 2152 pru
2219 2120 2249 2144 In

86 2148 131 2170 tet.
239 2141 365 2168 Insultare
379 2142 406 2168 in
421 2151 513 2169 omnes
526 2143 622 2178 solebat
634 2144 766 2178 Epicurus,
791 2145 844 2171 fine
856 2144 976 2170 acumine
989 2144 1061 2175 vllo,
1088 2143 1141 2169 sine
1193 2143 1278 2176 finum
1293 2141 1442 2177 compreffis,
1460 2144 1542 2179 gestus
1556 2145 1691 2184 otiosormn.
1734 2148 1787 2172 Vid.
1803 2149 1868 2174 Prie.
1882 2151 1916 2175 ad
1928 2151 2004 2184 Apul.
2018 2160 2042 2185 p.
2058 2158 2109 2184 485.

85 2177 246 2204 auctoritate
265 2177 320 2204 Cic.
334 2177 435 2205 deNat.
445 2179 526 2205 Deor.
535 2187 557 2212 2,
565 2188 600 2211 74.
707 2179 896 2211 Absolutestne
907 2178 963 2212 casn
984 2179 1058 2211 Virg.
1074 2178 1140 2203 Aen.
1240 2184 1249 2202 1
1262 2184 1285 2216 Ν
1296 2184 1308 2202 S
1318 2185 1328 2203 1
1338 2184 1358 2202 N
1369 2185 1390 2202 V
1400 2184 1419 2203 A
1431 2184 1475 2218 :121
1486 2185 1520 2211 Ο,
1542 2182 1610 2205 bnis.
1631 2179 1651 2206 f.
1688 2181 1840 2216 [παρεντυιὴ
1861 2179 1952 2218 ἔφοδος]
1988 2187 2052 2211 Pars
2066 2186 2200 2220 orationis,
2231 2187 2251 2215 i.

85 2222 115 2240 ιο
138 2222 177 2239 20.
285 2213 396 2246 cernis,
432 2219 461 2240 vt
481 2214 607 2240 insultent
624 2213 734 2240 Rutuli?
769 2215 788 2240 i.
813 2215 864 2239 Per
884 2212 1062 2238 cauillatione-m
1080 2212 1142 2236 irri-
1155 2216 1184 2242 ςς
1201 2212 1318 2238 Callidus
1331 2218 1357 2238 et
1370 2212 1471 2239 subtilis
1485 2214 1569 2241 aditus
1589 2215 1620 2242 ad
1632 2216 1839 2249 perstradendum
1849 2240 1857 2252 ‚
1887 2227 1917 2244 vt
1929 2221 1967 2244 ait
1979 2220 2085 2246 Seruius
2100 2222 2126 2246 in
2141 2223 2205 2249 Aen.
2221 2231 2250 2256 u,

85 2235 179 2279 deimr,
204 2255 234 2273 vt
246 2248 353 2275 Seruius
370 2249 559 2284 interpretatur.
579 2274 584 2277 „
654 2249 714 2276 Liu.
722 2249 749 2281 6,
756 2257 783 2280 23
802 2248 888 2275 Etiam
902 2247 1013 2273 minime
1027 2246 1142 2273 tolerari-
1199 2256 1252 2279 410.
1290 2247 1386 2274 Cic.de
1394 2249 1496 2276 [nuent.
1507 2259 1524 2283 1,
1533 2259 1564 2276 20
1572 2259 1625 2280 αις
1645 2251 1787 2278 Insinuatio
1799 2253 1834 2278 cst
1849 2255 1935 2280 oratio
1949 2255 2058 2288 quadam
2073 2256 2251 2284 dislimulatio-

47 2284 55 2287 s
84 2283 120 2310 da
133 2283 255 2317 superbia
265 2283 380 2310 insultat,
452 2286 453 2289 ¹
1198 2291 1232 2309 ne
1245 2288 1270 2308 et
1283 2282 1440 2310 circuitione
1454 2284 1564 2312 obscure
1577 2285 1685 2312 subiens.
1692 2286 1821 2313 auditoris
1836 2289 1962 2315 animum.
1975 2292 2030 2317 Vsd.
2040 2292 2148 2324 Qiinfft.
2156 2302 2184 2326 4,
2193 2302 2251 2327 ¹24²·

123 2325 133 2344 1
142 2325 166 2345 N
175 2325 188 2344 s
199 2324 221 2343 v
232 2324 248 2344 L
261 2324 283 2344 Τ
295 2326 318 2345 A
330 2325 353 2344 N
365 2324 378 2344 s
388 2337 395 2347 ,
416 2318 492 2344 antis.
529 2318 597 2344 Part.
632 2317 800 2351 [ἐπεμβαίνων]
837 2316 938 2343 Fremit
951 2325 1068 2352 aequore
1081 2321 1139 2343 toto
1238 2325 1247 2343 1
1257 2325 1277 2344 N
1287 2324 1316 2343 sr
1328 2324 1349 2343 N
1358 2325 1379 2343 v
1389 2321 1413 2345 Ᾱ
1424 2326 1446 2346 ’.1-
1457 2325 1476 2345 0
1489 2327 1507 2346 R
1518 2341 1527 2353 ‚
1547 2321 1611 2347 oris.
1633 2330 1670 2348 m.
1706 2322 1809 2348 Arnob.
1820 2333 1836 2349 1.
1850 2323 1966 2353 Tertull.
1978 2325 2008 2351 ad
2022 2326 2082 2353 Nat.
2098 2337 2120 2359 2,
2134 2337 2151 2354 1.

84 2353 212 2381 insultans
226 2353 329 2386 sonipes
351 2353 427 2386 Virg.
437 2354 502 2378 Aen.
512 2355 610 2386 u,600.
630 2353 698 2378 Idem
712 2360 737 2384 2,
745 2361 797 2385 329.
810 2359 835 2378 et
848 2358 938 2393 8570.
1011 2351 1091 2385 Equis
1099 2351 1140 2378 in-
1239 2359 1250 2380 1
1262 2359 1283 2392 Ν
1295 2360 1308 2378 S
1318 2361 1327 2380 1
1337 2361 1359 2380 N
1368 2355 1419 2394 νβ
1430 2360 1452 2382 Τ
1464 2361 1485 2381 R
1497 2362 1506 2382 1
1519 2362 1553 2388 x,
1574 2356 1632 2383 icis.
1662 2356 1683 2382 f.
1720 2357 1856 2391 Augustin.
1872 2359 1950 2393 Epist.
1965 2370 2001 2392 135
2025 2362 2137 2396 Epistola
2151 2363 2192 2390 rei
2203 2372 2251 2391 rio.

82 2389 180 2416 sultans
204 2389 415 2421 Lucret.3,104;.
451 2389 493 2414 Sic
508 2388 571 2414 enim
583 2388 711 2422 legendum
724 2387 758 2422 est
768 2396 820 2413 cum
830 2388 958 2422 plerisque
968 2387 1056 2414 librisi
1093 2396 1140 2414 non
1152 2389 1187 2414 60
1200 2396 1248 2415 vae
1262 2388 1424 2428 insinuatrix.
1502 2418 1505 2421 ,

39 2420 40 2426 ’
83 2433 136 2450 cum
149 2423 282 2456 Lamum,
303 2424 395 2457 Aquis,
1236 2430 1246 2448 1
1256 2431 1278 2449 N
1288 2430 1301 2449 s
1312 2431 1321 2449 1
1335 2431 1351 2450 P
1361 2431 1398 2459 ο,
1424 2428 1477 2452 are.
1514 2425 1674 2461 [ἐπιπάσσω]
1709 2426 1813 2454 Festus:
1849 2429 1962 2464 Insipare
1977 2431 2101 2468 iniicere,
2138 2434 2206 2460 vnde
2220 2433 2250 2462 fit

120 2465 131 2485 1
140 2466 163 2485 N
175 2465 188 2485 s
200 2465 221 2484 v
234 2464 251 2484 1.
267 2464 289 2484 'r
298 2465 321 2484 A
330 2465 352 2483 'r
361 2466 370 2484 1
380 2463 399 2482 0
409 2477 418 2490 ,
439 2456 507 2482 anis.
526 2456 547 2483 f.
584 2456 695 2489 Quin&
703 2462 726 2491 8,
734 2466 747 2488 ς
767 2457 833 2485 Non
845 2462 899 2483 tam
910 2456 1045 2492 probatio,
1059 2465 1139 2492 quam
1199 2458 1325 2493 diffipare.
1398 2460 1430 2484 Et
1451 2460 1566 2495 Insipcre
1578 2461 1699 2488 Farinam
1713 2462 1797 2489 iacere
1810 2464 1897 2497 pultis.
1987 2467 2068 2493 Pultis
2086 2469 2161 2501 reive,
2179 2477 2249 2504 puto,

81 2501 201 2521 extrema
214 2493 285 2527 quasi
298 2492 444 2519 insultatio.
481 2493 550 2518 Idem
562 2491 720 2519 Trib.Mar.
729 2493 877 2520 Decl.c.10.
1197 2494 1290 2520 editur.
1326 2494 1373 2520 Al.
1386 2495 1474 2528 pullis.
1547 2498 1619 2522 Certe
1638 2497 1705 2523 Cato
1720 2497 1751 2523 de
1764 2499 1793 2524 R.
1808 2500 1839 2525 R.
1853 2506 1880 2529 85
1906 2500 2006 2529 Pultem
2019 2503 2141 2529 Punicam
2155 2504 2187 2530 sic
2206 2514 2249 2531 co-

122 2537 132 2556 1
144 2535 173 2555 Ν·
182 2535 196 2555 s
208 2535 229 2554 v
241 2534 258 2553 L
268 2534 424 2555 TATORl
435 2534 456 2553 V
466 2533 497 2560 S,
529 2535 559 2560 3,
590 2536 644 2555 um.
686 2528 748 2554 Adi.
794 2528 914 2555 Tertull.
940 2527 1037 2563 aduers.
1054 2528 1138 2555 Marc.
1199 2529 1275 2563 quito
1312 2544 1357 2550 -—-·
1394 2531 1433 2557 Ita
1446 2530 1552 2565 insipito
1567 2532 1594 2557 in
1607 2532 1693 2557 aulam
1714 2532 1809 2566 (allam)
1829 2544 1935 2561 nouam.
2044 2539 2130 2564 Varro
2144 2539 2173 2565 L.
2187 2539 2216 2566 L.
2225 2550 2250 2572 4,

82 2566 122 2598 5,-
137 2573 165 2590 10
193 2571 259 2589 extr.
1150 2563 1182 2595 65
1198 2573 1229 2591 22
1244 2574 1268 2599 p.
1282 2572 1323 2598 27,
1338 2573 1365 2597 23
1384 2565 1424 2591 De
1441 2566 1515 2592 victu
1534 2567 1706 2600 antiquissima
1720 2567 1794 2600 Puls,
1825 2571 1951 2604 appellata
1987 2586 2033 2592 —
2069 2573 2140 2607 quod
2160 2575 2196 2602 ita
2209 2576 2248 2601 so.

122 2607 134 2626 1
147 2605 170 2625 Ν
185 2605 198 2626 s
210 2605 257 2625 VL
269 2603 292 2625 'r
304 2604 326 2625 A
338 2604 360 2625 'r
370 2603 390 2625 ο
399 2605 418 2625 R
427 2605 437 2624 1
448 2604 477 2624 Ε.
514 2597 581 2625 Adu.
617 2597 710 2625 Sidon.
724 2597 804 2634 Epist.
819 2607 838 2630 1,
851 2605 869 2632 7
879 2604 920 2632 pr.
1198 2606 1243 2625 net
1258 2608 1317 2626 cum
1332 2608 1397 2634 aqua
1410 2601 1526 2627 feruenti
1539 2601 1668 2636 insipitur.
1740 2603 1780 2638 Est
1796 2605 1876 2638 igitm·
1893 2613 1918 2640 p?
1927 2607 2022 2640 opi-ium
2041 2609 2083 2634 hoc
2100 2611 2198 2635 verbum
2219 2613 2247 2636 in

120 2640 133 2662 1
144 2641 167 2661 N
179 2641 193 2661 S
206 2640 228 2660 v
239 2640 287 2661 L'r
296 2640 317 2659 A
329 2640 347 2660 B
358 2641 411 2661 VN
421 2640 440 2660 D
449 2641 471 2660 V
482 2639 496 2659 S
508 2653 516 2665 ‚
535 2642 567 2665 a,
586 2643 640 2659 um.
662 2633 723 2660 Adi.
758 2633 863 2668 August.
872 2633 951 2667 Epist.
965 2632 998 2660 ad
1004 2633 1141 2665 Cafi11.86.
1214 2635 1270 2660 ulte.
1333 2636 1441 2671 Qidfi
1449 2637 1494 2662 hur
1509 2637 1582 2663 etiam
1591 2639 1717 2672 peru’net,
1748 2640 1795 2673 scd
1812 2641 1966 2674 aliquantum
1983 2650 2122 2678 corruptum
2135 2645 2167 2680 cst
2187 2644 2251 2672 illud

120 2677 163 2697 1N
173 2676 185 2696 s
196 2677 205 2696 1
217 2676 243 2696 M
255 2676 289 2696 11.
299 2676 348 2703 1s,
367 2678 391 2695 e.
411 2668 469 2700 Adi.
507 2669 650 2696 Diffimilis.
687 2668 782 2695 Festus.
962 2702 968 2708 .
1193 2642 1272 2710 ixion.
1285 2680 1322 2705 10,
1337 2680 1347 2703 3
1369 2679 1400 2697 ex
1414 2672 1577 2712 Pomponio,
1596 2673 1699 2706 Facite,
1718 2680 1747 2700 vt
1760 2674 1826 2708 ignis
1841 2675 1940 2709 seruat,
1963 2678 2030 2712 ligna
2045 2679 2162 2714 instipite
2193 2682 2244 2713 (al.

120 2712 186 2732 ηις
196 2704 209 2732 ἱ
219 2711 245 2731 M
256 2711 278 2731 v
288 2711 316 2731 1..
351 2704 418 2731 Adu.
460 2701 549 2738 [ἅμα]
590 2704 723 2738 Significat
749 2705 810 2730 Vna.
863 2704 924 2730 Stat.
943 2703 1008 2730 Silu.
1028 2712 1047 2735 1,
1065 2705 1090 2736 6,
1110 2704 1139 2735 36
1197 2705 1319 2740 infipite)
1355 2706 1397 2733 far
1408 2707 1550 2734 concidite.
1620 2708 1742 2736 Lubenter
1756 2709 1860 2744 inlipite
1872 2713 1908 2738 ad
1918 2712 1959 2738 far
1973 2715 2109 2741 retulerim.
2144 2717 2194 2742 Sed
2206 2717 2248 2743 boe

83 2742 116 2769 Et
128 2747 217 2776 gentes
228 2740 276 2767 alis
290 2740 393 2767 insimul
409 2746 518 2774 togatas,
614 2739 687 2765 Flor.
701 2748 724 2772 ε,
735 2747 780 2772 20,
796 2747 804 2765 1
842 2737 918 2764 Tota
937 2738 1043 2765 insimul
1058 2747 1139 2773 regna
1149 2742 1184 2770 70
1196 2741 1321 2767 hariolari
1336 2741 1376 2777 est.

83 2777 235 2804 veniebant.
344 2775 417 2802 Idem
429 2775 513 2809 praef.
527 2783 553 2801 n.
567 2783 579 2806 3
604 2774 706 2801 Pariter
716 2779 796 2809 atque
810 2773 916 2801 insimul
928 2773 1139 2808 magnitudinem
1234 2784 1245 2803 1
1256 2783 1344 2803 NSIP
1355 2775 1368 2803 1⁹
1376 2783 1426 2803 DV
1437 2784 1466 2811 s,
1491 2786 1523 2812 a,
1547 2787 1601 2806 um.
1638 2778 1698 2806 Adi.
1736 2781 1795 2806 Sine
1808 2780 1904 2815 ,sapora
1940 2782 2046 2809 Firmic.
2065 2793 2086 2817 2,
2108 2793 2134 2811 12.
2164 2785 2247 2821 Sapor

83 2812 177 2848 populi
197 2810 342 2838 ostendere.
1195 2812 1272 2839 salsus
1287 2818 1312 2838 et
1326 2812 1460 2847 insipidus.
1568 2814 1648 2841 Paull.
1667 2815 1764 2841 Nolan.
1778 2817 1853 2850 Epist.
1870 2827 1896 2848 3⁴)
1908 2827 1934 2844 n.
1948 2828 1961 2850 4
1988 2820 2062 2845 Viti-a
2074 2820 2160 2846 betam
2175 2821 2247 2848 inco.

121 2857 130 2875 1
139 2855 161 2874 N
172 2854 186 2875 s
195 2854 205 2873 1
217 2853 242 2873 M
255 2845 277 2873 x?
284 2853 300 2872 L
311 2852 331 2873 ο
341 2866 349 2880 ,
378 2849 432 2871 ᾗτε.
468 2845 615 2879 [insuetum.
639 2844 833 2881 ἓπισιιῖπτομιι]
870 2845 962 2871 Simulo
973 2850 998 2870 et
1006 2846 1077 2880 fingo
1089 2846 1138 2871 nli·
1196 2847 1265 2874 &ani
1279 2848 1392 2882 insipidi.
1498 2850 1611 2884 Compar.
1631 2850 1699 2877 Gell.
1712 2853 1739 2882 6,
1753 2861 1758 2876 ι
1773 2862 1802 2876 ex
1817 2853 1955 2887 Chryfippo.
1991 2853 2067 2881 Nihil
2083 2856 2117 2882 est
2132 2858 2248 2889 prorsus,

83 2885 145 2919 quid
157 2890 241 2908 contra
254 2882 340 2908 alium.
371 2881 473 2912 Festus,
493 2880 662 2913 Infimulare,
681 2881 790 2907 Crimen
804 2880 834 2906 in
845 2880 961 2914 aliquem
977 2881 1136 2915 confingere.
1195 2883 1299 2917 inquit,
1323 2883 1477 2920 insipidius‚
1503 2884 1550 2919 qui
1563 2885 1706 2920 opinantur
1719 2886 1787 2913 bona
1799 2888 1847 2913 esse
1859 2889 1986 2922 potuisse,
2014 2889 2033 2916 ii
2047 2898 2101 2917 nou
2114 2892 2192 2918 essent
2204 2893 2245 2919 iti-

81 2919 140 2946 Cic.
155 2919 233 2944 Verr.
247 2927 269 2949 2,
283 2926 312 2950 59
325 2926 346 2943 c.
361 2926 388 2949 24
426 2916 578 2942 Insimulant
597 2915 734 2942 hominem·
751 2915 891 2943 fraudandi
911 2916 984 2942 causa
998 2916 1136 2943 disceffiss'e.
1149 2920 1182 2948 75
1196 2917 1257 2944 dem
1269 2919 1345 2945 mala.

81 2954 157 2982 Idem
172 2962 222 2987 pro
231 2952 300 2979 Sulla
318 2962 340 2984 ¹7
361 2951 459 2978 Sullam
471 2952 572 2978 interea
590 2960 669 2978 nemo
683 2951 859 2985 insimulauit,
883 2960 963 2977 nemo
975 2952 1134 2978 nominauit.
1231 2961 1240 2980 1
1253 2959 1276 2979 Ν
1286 2960 1299 2980 s
1308 2962 1317 2980 1
1327 2961 1362 2985 fl
1374 2960 1423 2980 ΕΝ
1433 2960 1463 2987 s,
1483 2953 1558 2981 entis.
1594 2954 1653 2982 Adi.
1691 2954 1807 2992 [ἄφρων]
1844 2958 1958 2993 Sapienti
1971 2961 2130 2989 contrarium.
2186 2963 2244 2990 Cic.

80 2990 150 3017 Ter.
160 2989 348 3020 Heaut.i,2‚30
368 2986 448 3020 Qiod
464 2987 541 3013 illum
554 2987 705 3014 insimulant
718 2987 824 3019 durum,
842 2987 869 3013 id
883 2996 937 3013 non
950 2986 995 3013 est.
1068 2988 1135 3014 Aua-
1194 2989 1226 3015 de
1241 2989 1299 3016 Fin.
1314 2998 1336 3022 2,
1351 2998 1382 3020 ςο
1396 2999 1417 3016 c.
1431 2999 1454 3019 ις
1491 2990 1565 3023 Qud
1579 2991 1682 3025 turpius
1695 3000 1774 3026 quam
1789 2993 1911 3027 sapientis
1926 2995 2008 3022 vitam
2021 3005 2053 3023 ex
2066 2996 2244 3031 insipientium

47 3021 52 3023 ⁴
83 3026 161 3052 ritiae
177 3024 294 3058 aliquem
314 3023 387 3050 Idem
402 3022 509 3049 Phorm.
524 3032 546 3055 2,
559 3031 581 3056 3,
596 3031 628 3049 12.
723 3023 780 3049 Cic.
794 3023 869 3049 Verr.
886 3032 903 3055 1,
919 3028 957 3053 128
972 3032 994 3049 c.
1005 3031 1041 3056 49
1062 3023 1134 3050 Dicit
1194 3025 1314 3051 sermone
1326 3025 1457 3059 pendere?
1563 3025 1636 3053 Idem
1655 3026 1686 3052 de
1700 3029 1785 3055 Amic.
1799 3039 1824 3059 54
1839 3038 1860 3056 c.
1877 3039 1900 3060 ις
1922 3030 2017 3064 Neque
2031 3032 2174 3066 quidquam
2187 3033 2244 3060 for-

82 3070 142 3088 rem
154 3058 339 3086 incredibilem
352 3060 463 3085 Verrem
474 3058 606 3084 insimulat
620 3057 755 3084 Auaritiae
768 3063 794 3084 et
807 3058 945 3085 Audaciae.
988 3061 1075 3085 lrom'a
1092 3057 1133 3093 est.
1193 3066 1286 3087 tunato
1298 3060 1436 3095 insipiente
1456 3061 1653 3088 intolerabilius
1669 3062 1729 3089 fieri
1748 3064 1840 3098 potest.
1913 3066 1938 3091 O
1952 3066 2067 3092 Sacclum
2081 3067 2204 3102 insipiens
2217 3075 2245 3096 et

83 3094 242 3130 Cupiditatis
266 3093 341 3121 Idem
354 3094 461 3126 ib.4‚33.
569 3093 676 3128 Flagitii
695 3093 768 3121 Idem
777 3096 828 3121 Att.
837 3103 873 3127 10,
882 3103 908 3128 ¹9
915 3095 976 3129 (17.)
1054 3094 1133 3121 Frau-
1147 3096 1179 3122 80
1193 3095 1330 3122 inficetum
1350 3096 1445 3122 Catull.
1459 3105 1494 3129 41,
1509 3102 1531 3125 8.
1638 3099 1748 3132 Compar.
1785 3099 1955 3134 Insipicntior
1971 3101 2027 3127 Cic.
2040 3100 2072 3127 de
2086 3102 2171 3129 Diua.
2187 3112 2243 3136 c.23

80 3131 126 3158 'dis
147 3123 205 3156 Li'u.
218 3139 262 3162 345
276 3149 283 3156 .
302 3150 308 3156 .
324 3149 331 3155 .
439 3128 537 3156 Peccati
549 3129 574 3156 se
588 3129 756 3162 insimulant,
774 3129 821 3163 qui
838 3129 865 3156 in
882 3129 954 3156 111ἇ111
968 3130 1041 3161 sunt,
1060 3128 1134 3163 quod
1192 3138 1257 3158 extr.
1354 3132 1448 3166 Superi.
1484 3131 1705 3166 insipientissimus
1724 3134 1780 3160 Sen.
1796 3134 1857 3162 Nat.
1872 3136 1976 3168 Q1acsi.
1992 3144 2017 3168 2,
2030 3144 2068 3168 59.

84 3166 176 3194 dolere
190 3165 381 3192 intermiserint
397 3165 451 3192 Cic.
466 3165 549 3192 Tusc.
562 3174 583 3198 3,
597 3166 629 3197 64
643 3174 665 3191 c.
678 3173 716 3196 27.
821 3164 916 3191 Probri
934 3165 1006 3191 Idem
1019 3165 1134 3199 Philipp.
1231 3173 1241 3193 1
1254 3173 1278 3193 N
1289 3172 1302 3193 S
1312 3173 1322 3193 1
1335 3173 1351 3194 1³
1363 3174 1371 3192 1
1383 3172 1400 3192 E
1413 3173 1434 3193 Ν
1447 3173 1468 3193 ¹1·
1477 3173 1515 3193 ΙΛ
1526 3187 1534 3199 ,
1554 3177 1592 3194 ae.
1613 3168 1633 3194 f.
1668 3169 1820 3202 [domuum.
1839 3168 1962 3204 ἁφραδῖα]
1999 3172 2185 3206 Imprudentia,
2203 3174 2244 3199 de.

80 3211 108 3235 ⁴2,
123 3210 166 3235 99.
186 3207 211 3225 et
225 3200 305 3227 Plaut.
318 3200 415 3235 Amph.
431 3209 450 3233 1,
461 3209 483 3233 2,
500 3207 532 3232 ις.
640 3200 803 3228 Proditionis
820 3201 891 3227 Caes.
907 3201 1045 3227 Bell.Gall.
1054 3208 1080 3235 7,
1088 3209 1132 3227 zo.
1192 3202 1292 3228 mentia.
1348 3202 1430 3229 Plaut.
1444 3202 1539 3238 Amph.
1554 3203 1623 3238 prol.
1637 3206 1667 3236 36
1693 3204 1760 3231 iusta
1774 3211 1859 3232 autem
1874 3205 1906 3232 ab
1918 3206 2021 3232 iniustis
2033 3212 2139 3241 petere,
2155 3207 2243 3244 insipi-

80 3235 297 3272 vRepetundarum
312 3236 457 3263 insimulari
477 3234 587 3268 Quin&.
600 3246 624 3268 4.
638 3245 660 3262 2.
775 3237 905 3263 Veneficii
940 3236 1010 3262 Tac.
1027 3237 1095 3262 Ann.
1108 3246 1132 3268 4,
1190 3238 1260 3264 entia
1274 3237 1318 3264 est.

38 3274 43 3280 ·
81 3282 124 3308 54,
139 3283 161 3304 4.
266 3270 506 3299 Criminationibus
520 3270 588 3297 falsis
608 3271 676 3297 Vell.
686 3280 754 3304 2‚77‚
762 3281 781 3304 3.
889 3271 1010 3298 Crimine
1024 3271 1131 3298 1111111111-
1147 3274 1176 3303 8ς
1228 3279 1238 3299 1
1250 3279 1273 3299 Ν
1286 3279 1300 3300 s
1311 3281 1321 3299 1
1331 3280 1346 3299 Ρ
1355 3280 1365 3300 1
1374 3279 1422 3300 ΕΝ
1432 3279 1454 3299 Τ
1464 3279 1481 3300 Ε
1493 3281 1522 3300 R.
1560 3273 1627 3300 Adu.
1663 3274 1793 3308 [ὲβέλωε]
1831 3277 2008 3311 Imprudenter.
2063 3277 2119 3304 Cic.
2138 3278 2170 3304 de
2184 3279 2242 3306 Sen.

84 3308 135 3336 lari
157 3307 217 3333 Liu.
234 3314 276 3339 24,
300 3325 308 3332 .
327 3325 335 3332 .
353 3325 362 3337 .
394 3308 424 3334 it.
444 3310 470 3340 6,
486 3308 520 3333 16.
614 3306 780 3334 Criminibus
794 3307 862 3335 falsis
874 3307 1029 3333 insimulasse
1042 3307 1132 3333 virum
1192 3310 1224 3339 68
1235 3318 1256 3335 c.
1274 3318 1299 3342 ¹9
1327 3310 1360 3335 At
1375 3310 1459 3343 sperat
1472 3309 1620 3335 adolescens
1633 3308 1678 3334 diu
1694 3310 1718 3334 se
1733 3310 1882 3350 vifiurum,
1917 3312 1990 3346 quod
2004 3313 2105 3347 sperare
2121 3313 2192 3340 idem
2206 3315 2242 3341 se.
2288 3307 2291 3311 ¹

80 3343 167 3371 Ouid.
182 3340 260 3376 Epist.
275 3342 302 3374 6,
315 3350 350 3368 22.
452 3341 564 3370 Facinus
575 3342 726 3369 insimulare
740 3343 856 3378 aliquem
876 3343 956 3369 Plaut.
964 3341 1058 3377 Amph.
1072 3351 1094 3375 2,
1107 3351 1134 3378 2,
1192 3352 1242 3370 nex
1254 3353 1308 3370 non
1321 3344 1420 3378 potest,
1440 3344 1592 3379 insipienter
1606 3344 1705 3377 sperat,
1724 3354 1770 3379 qui
1782 3355 1870 3380 euim,
1887 3355 1931 3374 etc.
1952 3348 2070 3374 Laftant.
2087 3359 2104 3381 1,
2118 3359 2154 3375 22.

84 3385 136 3410 1853.
227 3376 317 3403 Nimis
331 3377 428 3404 ecastor
439 3378 540 3405 facinus
553 3378 649 3404 mirum
664 3378 715 3408 est,
739 3379 786 3413 qui
798 3379 839 3405 illi
852 3377 1000 3405 collibitum
1013 3377 1058 3405 fiet
1070 3387 1132 3405 meo
1230 3386 1240 3406 1
1251 3387 1273 3407 Ν
1282 3387 1296 3406 s
1306 3387 1315 3405 1
1325 3387 1368 3406 ST
1379 3385 1398 3406 0
1409 3400 1418 3412 ‚
1439 3379 1469 3405 ’1ἰί
1478 3400 1486 3412 ,
1505 3380 1588 3412 itum,
1609 3381 1662 3405 ere.
1698 3380 1828 3414 μωμένα),
1846 3383 1977 3417 ioli-aum]
2015 3386 2103 3417 Stare,
2123 3385 2241 3418 incipere,

83 3415 162 3446 viro,
183 3421 226 3439 ine
238 3410 388 3438 insimulare
399 3412 491 3440 falsum
504 3413 606 3440 facinus
619 3420 671 3440 tam
684 3414 781 3441 malum
806 3415 879 3441 Idem
892 3421 951 3446 229.
1035 3415 1132 3448 Aperte
1190 3423 1243 3440 cum
1264 3416 1387 3441 notatione
1406 3415 1462 3441 loci.
1535 3415 1616 3442 Plaut.
1636 3415 1752 3455 Amphit.
1775 3426 1804 3450 5,
1825 3426 1850 3448 1,
1870 3426 1898 3443 11.
1937 3419 1990 3444 Vbi
2002 3419 2122 3458 'quisque
2140 3419 2242 3447 instite-

83 3449 237 3478 insimulare
255 3447 311 3474 Cic.
324 3456 375 3481 pro
388 3447 491 3475 Cluent.
503 3454 547 3478 180
563 3458 585 3475 c.
598 3451 633 3482 64
661 3451 692 3475 de
703 3448 856 3485 accusatione
868 3458 913 3475 non
920 3447 995 3483 falsa
1007 3455 1052 3474 aut
1065 3449 1131 3482 fibla,
1143 3458 1176 3483 90
1190 3457 1230 3476 rat
1245 3459 1252 3480 3
1289 3450 1414 3477 concidit.
1519 3450 1594 3476 Tum
1613 3459 1726 3477 omnino
1748 3460 1781 3477 ne
1801 3458 1943 3479 mouentur
1963 3454 2085 3487 quidem,
2122 3455 2241 3494 §stellam

29 3505 34 3512 .
78 3486 126 3522 sed
133 3482 284 3520 suspiciosa,
321 3489 344 3508 et
355 3489 385 3507 vt
397 3492 436 3508 res
447 3484 526 3509 docuit
535 3493 605 3511 vera.
676 3486 764 3519 ltaque
776 3486 843 3510 alias
864 3485 967 3524 additur
984 3479 1077 3516 Falso',
1102 3492 1132 3511 vt
1189 3485 1232 3511 sed
1245 3485 1284 3525 ad·
1292 3485 1423 3525 quoddam
1440 3490 1541 3519 tempus
1554 3485 1671 3511 insistunt
1703 3485 1758 3526 Cic.
1773 3486 1804 3512 de
1818 3487 1852 3514 N.
1867 3488 1899 3514 D.
1914 3498 1926 3514 2
1939 3498 1960 3515 c.
1975 3497 2018 3515 20.
2060 3524 2066 3529 ι
2091 3489 2157 3531 Plin.
2174 3496 2242 3531 34,ss

34 3540 37 3541 .
84 3521 141 3548 cic.
155 3521 233 3546 Verr.
254 3527 278 3549 5,
291 3525 337 3551 107
351 3526 372 3543 c.
385 3527 409 3548 4¹
446 3519 510 3545 Non
522 3520 594 3546 enim
608 3520 707 3555 possum
721 3529 878 3555 quemquam
891 3519 1042 3546 insimulare
1055 3520 1131 3547 falso.
1191 3521 1332 3556 Proprium
1347 3520 1463 3546 eiusdem
1472 3540 1481 3553 ‚
1507 3527 1536 3547 vt
1549 3529 1603 3547 vno
1617 3529 1693 3547 crure
1707 3521 1849 3548 insisterent
1864 3523 1931 3557 signa
1941 3543 1948 3555 ‚
1975 3527 2144 3559 excogitasse,
2164 3532 2192 3553 vt
2204 3531 2241 3552 ait

27 3552 39 3579 s
81 3556 85 3560 ⁴
126 3565 137 3582 2
175 3555 228 3581 Pro
240 3552 350 3588 fimplici
361 3552 482 3585 simulare
499 3554 557 3588 pom·
572 3556 666 3581 dicitur
678 3557 746 3591 apud
762 3556 817 3583 Cic.
830 3555 861 3582 de
873 3553 948 3581 Offic.
967 3563 988 3587 3,
1008 3560 1039 3586 98
1059 3564 1080 3581 c.
1102 3558 1132 3582 26
1191 3557 1278 3582 Varro
1295 3555 1437 3591 Destatuis.
1546 3555 1634 3582 Ramis
1650 3556 1769 3582 tremulis
1785 3557 1899 3584 insistens
1927 3558 1972 3585 Sil.
1987 3567 2014 3595 7,
2028 3563 2078 3587 671.
2184 3561 2240 3587 Cic.

42 3584 45 3588 ¹
82 3555 185 3621 aurete
197 3587 376 3619 insimulauit‚
412 3597 446 3614 ne
458 3588 544 3615 coiret
556 3599 586 3615 ex
598 3592 691 3627 Pob'ta,
725 3592 756 3617 tle
776 3591 864 3626 Vlyffi.
919 3591 967 3616 Sed
978 3589 1133 3617 assimulauit
1192 3592 1270 3618 Acad.
1285 3602 1309 3623 4,
1322 3600 1357 3625 94
1378 3591 1422 3617 Sin
1436 3597 1521 3617 autem
1537 3600 1617 3625 vsque
1630 3591 1661 3618 ad
1674 3601 1770 3618 nouem
1780 3614 1788 3626 ‚
1814 3594 1888 3619 verbi
1903 3595 2000 3628 gratia,
2030 3594 2083 3621 sine
2099 3595 2240 3622 dubitatio-

83 3628 177 3654 editur.
235 3625 317 3651 Multo
337 3623 416 3648 minus
436 3624 480 3649 huc
497 3626 624 3658 conuenit,
658 3628 724 3660 quod
736 3636 768 3652 ex
789 3627 867 3653 Verr.
881 3635 902 3658 2,
916 3634 945 3659 59
956 3625 1045 3661 statim
1059 3626 1133 3651 initio
1147 3633 1178 3658 95
1192 3636 1224 3653 ne
1238 3627 1377 3662 respondes
1390 3634 1469 3660 pauca
1484 3627 1547 3659 esse,
1568 3627 1596 3653 in
1609 3626 1712 3655 decimo
1725 3627 1832 3667 insistis,
1851 3636 1895 3668 etc:
2013 3631 2129 3657 111fistere
2149 3631 2238 3664 digitis

84 3662 194 3689 dedimus
212 3658 365 3686 Insimulant
385 3657 524 3685 hominem
534 3658 672 3688 fraudandi
687 3663 760 3689 causa
773 3662 911 3689 diseeffitse.
967 3660 1007 3695 Lss
1019 3662 1084 3687 enim
1096 3661 1133 3686 ibi
1191 3662 1258 3688 Plin.
1275 3673 1311 3696 10,
1324 3670 1369 3696 47.
1474 3662 1582 3694 Hastae,
1619 3663 1637 3688 i.
1658 3663 1736 3687 lnniu
1775 3665 1840 3690 Aur.
1850 3663 1928 3703 ,Vicfh
1943 3663 1974 3690 dc
1987 3665 2061 3692 Viris
2080 3666 2154 3693 1111111,
2171 3675 2191 3690 c.
2206 3673 2237 3704 ².⁷

85 3696 215 3732 manifeste
227 3697 307 3726 idem,
327 3695 394 3728 quod
404 3694 523 3728 accusent.
1191 3704 1257 3724 extr.
1328 3698 1403 3732 Virg.
1418 3697 1483 3724 Aen.
1499 3707 1528 3729 11,
1543 3707 1582 3729 573
1607 3697 1695 3731 thue
1708 3697 1802 3730 pedum
1816 3699 1909 3733 primis
1923 3700 2009 3726 infans
2024 3701 2129 3734 vestigia
2144 3700 2237 3738 plantis

120 3740 130 3759 1
140 3727 188 3759 sss
201 3738 245 3758 1M
255 3737 275 3756 v
286 3736 303 3755 L
313 3736 335 3756 A
345 3735 367 3755 Τ
381 3734 400 3754 v
411 3734 425 3755 s
436 3749 445 3762 ,
464 3737 493 3763 a,
509 3737 564 3755 um.
599 3731 667 3759 Part.
704 3733 761 3760 Cic.
769 3733 846 3760 verr.
861 3743 882 3767 3.
894 3741 915 3759 c.
930 3741 943 3763 7
962 3731 1074 3758 Villicus
1082 3731 1132 3757 im·
1191 3733 1337 3765 Inststerat,
1356 3733 1444 3759 iaculo
1458 3734 1555 3767 palmas
1572 3732 1693 3758 onerauit
1706 3740 1798 3765 acuto,
1818 3742 1864 3760 etr.
1937 3736 1968 3761 Et
1981 3736 2043 3762 Aen.
2058 3741 2082 3767 ό,
2098 3737 2137 3763 «63
2160 3734 2237 3774 Nulli

84 3768 158 3803 pulsu
172 3772 219 3793 tuo
232 3765 404 3792 insimulatus.
441 3764 512 3798 Conf-
526 3763 732 3803 Sallust.Frag1n.
743 3778 765 3797 c.
774 3777 806 3802 ¹3·
819 3777 843 3795 et
855 3768 926 3795 Caes.
934 3767 962 3794 B.
976 3766 1008 3794 G.
1022 3776 1046 3800 7,
1053 3776 1093 3794 20.
1107 3773 1132 3792 et
1193 3768 1231 3793 fas
1243 3768 1311 3794 casto
1324 3769 1476 3795 sceleratum
1490 3767 1604 3794 insistere
1623 3767 1713 3794 limen.
1909 3767 1930 3807 ff
1950 3778 1966 3796 2
2008 3771 2073 3805 Vsus,
2084 3771 2235 3803 Arietaphm—i.

85 3803 154 3830 Suet.
167 3802 258 3829 Vitell.
274 3810 294 3827 c.
307 3802 333 3833 6,
342 3809 363 3826 2.
548 3802 551 3804 '
1139 3812 1185 3831 100
1194 3813 1232 3828 cus
1245 3805 1296 3829 late
1307 3810 1384 3838 patet.
1442 3805 1469 3829 V.
1480 3813 1508 3837 g.
1544 3804 1678 3836 Olzfirmars
1694 3806 1801 3829 animum
1814 3803 1944 3841 fignificat
1980 3806 2046 3830 Ter.
2061 3804 2125 3830 Hec.
2140 3813 2159 3834 ς,
2172 3813 2194 3842 5,
2209 3812 2235 3835 3⁴

121 3846 131 3865 1
141 3846 162 3865 N
173 3844 187 3864 s
201 3845 211 3864 1
223 3845 247 3863 Μ
257 3843 277 3862 v
290 3843 307 3862 L
319 3843 340 3863 A
350 3841 371 3861 Τ
381 3842 391 3862 1
401 3841 436 3868 o,
461 3834 531 3862 onis.
556 3834 577 3862 f.
613 3835 772 3875 [iai-sanwic]
809 3840 865 3867 Cic.
883 3840 960 3865 Verr.
975 3846 987 3869 23
1002 3847 1024 3865 c.
1041 3846 1056 3870 9
1077 3838 1133 3864 Pri·
1193 3839 1292 3864 Verum
1311 3839 1371 3865 vide
1385 3847 1417 3865 ne
1432 3837 1555 3872 impulsus
1569 3838 1607 3864 ira
1617 3859 1625 3872 ‚
1644 3846 1725 3872 praue
1739 3838 1843 3866 insistas.
1951 3840 2096 3865 Cohaerere:
2125 3838 2234 3871 anft.

85 3882 158 3899 mum
172 3872 334 3899 insimulatio
352 3870 387 3897 est
404 3870 556 3905 repentinas
593 3871 708 3904 ΕᾶΡὶῐδῙὶἱ
717 3886 731 3905 ,’
761 3882 839 3910 atque
859 3873 984 3901 inuidiosi
1005 3873 1132 3900 criminis.
1193 3879 1216 3905 8,
1233 3882 1245 3903 5
1266 3873 1342 3899 Vnde
1356 3873 1436 3900 soluta
1449 3873 1505 3899 fere
1518 3873 1606 3899 oratio
1618 3882 1633 3899 e
1648 3873 1755 3908 singulis
1769 3884 1823 3901 non
1835 3875 1973 3907 membris,
2000 3873 2041 3912 sed
2055 3872 2142 3912 frustis
2157 3872 2236 3912 colla-

85 3907 158 3935 Idem
171 3917 220 3943 pro
233 3909 310 3935 Font.
324 3916 351 3933 22
366 3916 387 3933 c.
403 3915 424 3938 ¹3
454 3906 484 3932 In
498 3905 590 3932 falsam
602 3914 680 3941 atque
694 3907 813 3942 iniquam
827 3911 990 3945 probrorum
1004 3908 1132 3936 insimula-
1192 3914 1233 3941 ta,
1262 3908 1390 3935 strutitura
1405 3915 1488 3935 caret:
1525 3917 1606 3942 quum
1621 3909 1665 3935 illa
1680 3910 1809 3943 rotunda,
1847 3916 1872 3936 et
1886 3909 2001 3941 vndique
2015 3908 2164 3948 circumcisa
2176 3906 2236 3934 insi-

85 3943 187 3970 tionem
200 3944 353 3970 vocabatur.
1191 3944 1257 3970 stere
1275 3944 1389 3970 inuicem
1404 3950 1542 3978 nequeant.
1649 3945 1786 3972 Cic.Verr.
1802 3955 1823 3977 3,
1839 3953 1877 3977 17:
1897 3943 2061 3982 Qiotyultis
2076 3944 2124 3968 elle
2139 3951 2236 3982 inuno

124 3984 185 4005 1Ns
195 3985 239 4006 im
251 3985 273 4003 v
286 3985 303 4004 L
315 3985 336 4006 A
345 3984 367 4004 T
377 3982 397 4003 ο
407 3984 444 4011 R,
463 3976 526 4004 oris.
553 3985 589 4004 m.
625 3976 701 4011 Apul.
715 3978 789 4013 Apol.
803 3988 827 4014 p.
839 3989 881 4016 293
900 3981 1012 4009 Piscium
1023 3979 1265 4015 insimu-iojsurto
1279 3986 1446 4041 pcccatogum
1464 3978 1576 4015 gradus}
1612 3986 1641 4010 vt
1653 3980 1673 4009 si
1685 3980 1792 4016 singulis
1806 3979 1918 4007 intinere
1932 3977 2029 4009 velim,
2054 3977 2176 4012 progredi
2182 3978 2237 4038 agg
