2479 4225
294 154 357 191 ,07
656 132 693 171 D
782 128 925 170 Es

298 229 360 255 Non
373 224 456 259 potuit
469 222 552 256 pictor
566 218 661 245 rectius
675 217 819 245 describere
830 216 885 241 eius
901 214 1022 239 formam.
1076 210 1146 249 idem
1161 207 1241 235 Milit.
1255 214 1278 238 3,
1293 213 1314 238 1,

301 266 341 289 16·
364 263 445 286 Bonus
464 256 550 282 hercle
567 261 595 280 vt
608 255 689 280 malos
708 251 837 285 descripsit
857 256 950 275 moreS.
1022 244 1168 271 Hominum
1182 244 1313 280 sermones

300 280 434 327 indi-esque
449 292 504 317 Cic.
518 292 589 316 Orat.
604 295 649 320 138.
671 292 687 315 ι’.
702 286 812 322 effingere
824 282 951 310 imitando.
1020 281 1160 306 Mulierem
1175 284 1219 304 aut
1231 277 1314 302 alium

298 330 444 363 quempiam
459 325 602 351 describere
617 324 687 349 Idem
700 331 746 356 pro
759 320 848 348 Caelio
862 325 900 355 5⁶0·-
969 316 1000 341 Et
1012 315 1044 341 de
1057 316 1128 341 Orat.
1145 321 1223 352 14214
1243 320 1264 337 c.
1278 319 1314 351 4⁴9

298 364 394 391 Crassus
408 370 472 387 vcro
485 360 552 386 mihi
565 359 649 385 noster
662 359 730 383 visus
745 356 779 382 est
791 356 909 381 Oratoris
928 350 1076 377 facultatem
1090 358 1142 375 non
1163 348 1234 373 llllus
1251 353 1314 386 artis
1338 359 1352 385 ς

298 397 429 427 terminis,
447 395 490 421 sed
503 395 602 429 Ingenii
621 393 660 418 sui
677 391 771 417 finibus
789 385 917 414 immensis
935 395 1015 420 paene
1033 384 1185 411 describere.
1256 383 1313 408 Cic.

296 434 324 459 in
337 432 422 457 Partit.
458 450 464 456 .
503 450 509 456 .
546 449 551 455 .
588 430 650 453 Vter
663 427 731 452 enim
745 421 899 451 Definiendo
913 420 1134 455 describendoque
1146 417 1243 448 verbo,
1260 425 1314 456 ma»

295 469 333 502 gis
352 466 383 492 acl
397 466 497 492 sensum
515 463 607 490 iudicis
625 461 829 495 opinionemque
848 457 1006 491 penetrarit,
1025 463 1069 481 etc.
1138 453 1213 480 Favfta
1234 460 1316 492 magi-

296 503 437 535 stratusque
452 499 563 526 versibus
578 498 666 530 Nepos
685 503 723 527 23,
738 499 771 525 18,
786 494 811 518 6.
880 491 996 518 Definire
1010 499 1065 517 rem
1077 489 1165 515 verbis
1184 494 1209 514 et
1226 487 1315 513 breui-

294 544 334 564 ter
354 535 497 562 describere
516 534 569 559 Cic.
584 531 615 557 de
628 532 728 557 Inuent.
748 537 767 560 1,
787 536 809 553 11
834 536 854 553 c.
870 532 892 557 8.

295 572 370 606 signis
383 570 480 597 11116101
496 568 526 594 ad
540 568 653 593 Herenn.
666 575 693 598 4,
728 583 734 589 .
770 580 777 588 ι
846 563 953 597 Signum
971 560 1088 588 Tertull.
1102 560 1132 585 de
1148 558 1243 585 Idolol.
1264 567 1285 583 c.
1301 563 1315 587 8

294 608 321 633 de
334 605 483 642 confessione
492 602 682 635 simulacrorum.
733 597 874 633 Aliquando
892 596 924 630 ‹st
939 598 1033 623 Notat-e
1048 602 1070 622 et
1084 596 1173 621 occulte
1190 593 1315 619 indicare:

293 643 348 669 Cic.
362 650 408 675 pro
417 640 510 665 Milon.
524 642 556 670 48
576 636 702 662 Videlicet
714 642 756 659 ine
770 634 899 659 latronem
910 642 938 659 ac
953 632 1072 658 ficarium
1084 630 1183 657 3111οἑ11
1196 629 1316 655 homines

291 684 316 704 et
329 675 423 710 perditi
436 672 620 699 describebant.

330 714 517 738 DESCMPT
530 714 588 738 vs,
615 714 642 733 a,
672 712 725 729 um.
766 703 860 729 Partic.

293 751 367 780 caput
379 743 532 776 descriptum
545 741 594 768 tibi
607 738 663 765 mifi
678 739 733 765 Cic.
745 739 797 764 Att.
810 745 837 772 7,
851 746 889 764 22.
962 739 1055 764 Horat.
1068 737 1118 762 Sat.
1134 745 1156 767 2,
1172 744 1189 765 1,
1202 743 1227 766 33
1253 734 1315 760 Vita

292 780 415 813 descripta
429 777 530 804 tabella.
696 774 699 777 “
723 771 743 810 q
765 782 781 799 2.
818 775 958 808 Plerumque
970 773 1004 798 ad
1015 770 1207 804 distributionem
1224 776 1246 795 et
1254 776 1316 804 par-

289 819 398 841 titionem
413 815 522 848 pertinet
534 821 541 835 :
572 809 669 835 Aetatis
689 815 774 843 partes
793 808 933 843 descriptae
958 809 1013 834 Cic.
1033 807 1065 833 de
1083 806 1181 833 Senect.
1200 813 1213 838 ς
1243 814 1265 830 c.
1289 812 1314 830 2.

290 851 423 882 Descripto
435 847 465 873 ad
478 845 614 872 tibicinem
627 850 703 870 cantu
718 845 777 870 Liu.
792 851 816 878 7,
831 852 855 870 2.
886 847 904 870 i.
922 842 1048 878 composito
1066 842 1099 868 ad
1117 842 1192 867 tibiae
1209 840 1316 866 modula-

289 889 384 911 tionem.

288 921 367 946 ctiam
378 918 510 944 solertiam
523 917 579 942 eius
589 936 597 948 ,
616 925 630 942 a
642 924 695 950 quo
712 916 789 941 efl'cnt
803 914 847 941 illa
861 914 975 940 dimensa
982 920 1007 939 01
1015 913 1157 947 descripta,
1174 915 1192 938 ι’.
1201 913 1316 938 concinne

287 953 388 989 digesta.
447 954 509 979 Mox
517 952 634 988 subiicit,
654 952 683 977 Et
699 951 723 977 ei
736 951 834 982 Cyrum
848 949 1018 984 respondiffe,
1038 949 1120 983 Atqui
1133 957 1182 982 ego
1199 947 1246 973 ista
1258 947 1315 972 sum

286 989 377 1015 onmia
395 988 540 1019 dimensus,
566 987 619 1014 11101
638 987 695 1012 sunt
719 985 838 1018 ordines,
861 994 920 1011 mea
939 984 1095 1018 descriptio,
1119 983 1216 1009 multae
1235 982 1315 1008 etiam

286 1025 393 1051 istarum
406 1024 530 1050 arborum
545 1031 603 1048 mea
615 1031 693 1047 manu
707 1030 759 1047 non
772 1022 846 1047 satae.
916 1021 971 1047 Cic.
985 1021 1012 1046 in
1024 1020 1102 1046 Catil.
1116 1028 1137 1051 3,
1153 1024 1165 1048 8
1187 1019 1220 1044 Vt
1234 1026 1315 1052 quum

287 1060 380 1087 vrbem
395 1067 426 1085 ex
440 1059 562 1084 omnibus
577 1057 709 1092 partibus,
728 1055 947 1097 quemadmodum
963 1055 1119 1089 descriptum
1135 1053 1315 1080 distributum·
1330 1060 1361 1086 25
1377 1052 1440 1077 Fato
1454 1061 1481 1078 12
1507 1062 1528 1079 c.
1544 1054 1561 1078 6
1587 1051 1673 1086 Vigila
1698 1052 1855 1086 Chrylippe,
1874 1061 1907 1078 ne
1925 1058 1997 1078 tuam
2014 1054 2139 1084 Causzim,
2157 1052 2185 1077 in
2205 1058 2256 1086 qua
2275 1049 2327 1076 tibi

288 1104 338 1130 que
351 1100 405 1121 erat
414 1114 422 1126 ‚
441 1093 668 1125 incendill'ent,etc.
707 1094 750 1118 Ius
763 1093 862 1118 ciuium
875 1092 1017 1126 generatim
1030 1091 1059 1117 in
1071 1091 1192 1122 01011105,
1208 1095 1314 1115 aetates-

288 1140 339 1166 que
352 1130 508 1163 dcscriptuni
521 1129 593 1155 1110111
607 1128 638 1153 de
651 1128 724 1153 Orat.
740 1137 759 1159 1,
779 1133 814 1160 58.
884 1127 1023 1154 Materiam
1042 1126 1170 1152 orationis
1190 1124 1314 1151 omnibus

287 1166 350 1193 locis
364 1165 525 1198 descriptam,
537 1163 699 1194 instructam,
713 1169 885 1197 ornatamque
899 1161 1119 1196 comprehendere
1132 1161 1186 1186 Cic.
1201 1160 1232 1186 de
1241 1161 1316 1186 Orat.

250 1205 254 1210 “
286 1210 312 1234 2,
326 1208 378 1234 145.
449 1200 564 1226 Caetcris
585 1199 664 1224 seruis
681 1207 734 1224 non
747 1199 774 1224 in
788 1199 936 1224 nostrorum
954 1206 1056 1223 morem
1075 1195 1206 1230 descriptis
1220 1204 1266 1229 per
1279 1195 1316 1220 fa-

286 1236 387 1262 miliam
400 1235 551 1262 ministeriis
565 1240 673 1260 Vtuntur
686 1234 776 1260 Tacit.
791 1235 879 1260 Germ.
894 1241 930 1266 25,
942 1242 960 1260 1.
985 1236 1002 1259 i.
1017 1231 1165 1265 dfflributis.

287 1271 314 1297 in
327 1272 394 1297 Deos
413 1271 552 1304 descriptae
571 1269 634 1295 Plin.
651 1274 690 1299 18,
710 1274 737 1298 28
754 1269 853 1303 fidem,
873 1276 901 1295 vt
915 1267 1000 1301 Castor
1020 1275 1043 1294 et
1062 1268 1162 1296 Pollux,
1183 1267 1314 1295 Hercules,

285 1314 331 1333 rtc.
402 1307 458 1332 Cic.
472 1306 499 1331 iu
513 1304 588 1332 Catil.
603 1313 627 1336 2,
643 1313 666 1336 13
692 1304 922 1338 Quemadmodum
941 1305 999 1330 ess'et
1018 1304 1044 1330 ei
1058 1303 1136 1329 Ratio
1154 1303 1235 1328 totius
1250 1301 1315 1328 belli

285 1341 427 1375 descripta,
442 1341 529 1367 docui.
598 1340 743 1374 Descriptas
757 1341 860 1367 seruare
872 1340 941 1366 vices
953 1340 1020 1365 Hor.
1037 1340 1067 1365 A.
1077 1340 1101 1364 P.
1117 1340 1156 1367 86.
1177 1340 1194 1363 i.
1209 1338 1315 1363 attribu-

283 1384 333 1409 tas,
348 1376 376 1402 de
389 1379 496 1402 comicis.
548 1376 579 1402 Et
594 1375 677 1401 diuisa
691 1375 826 1402 colebatur
839 1375 1017 1409 descriptaque
1030 1375 1105 1400 tellus
1119 1374 1196 1399 Lucr.
1206 1381 1228 1405 ς,
1238 1381 1314 1405 ¹440·

283 1412 421 1445 Comparat.
458 1411 558 1438 Natura
580 1410 648 1436 nihil
669 1410 705 1436 est
724 1411 807 1445 aptius
820 1431 829 1443 ,
859 1410 929 1436 nihil
950 1410 1103 1445 descriptius
1124 1410 1179 1436 Cic.
1204 1408 1236 1434 de
1256 1409 1314 1434 Fin.
1329 1416 1358 1442 33
1373 1415 1387 1440 ς
1407 1408 1439 1433 Α1
1454 1407 1568 1433 nostram
1581 1407 1668 1433 01111611
1681 1407 1816 1433 deseruere
1830 1408 1935 1441 Fugam.
1958 1404 2061 1438 homst,
2078 1415 2113 1432 me
2125 1406 2268 1431 exulantem.

350 1462 352 1465 ν
392 1455 413 1472 c.
433 1454 475 1472 22.

280 1455 292 1479 Β
301 1454 380 1508 ’1171213
391 1487 406 1507 C
415 1488 449 1507 Ri
461 1487 476 1506 Ρ
486 1486 506 1505 Τ
516 1487 536 1506 V
548 1485 573 1505 M
584 1499 592 1511 ‚
618 1479 636 1505 i.
671 1488 697 1504 n.
739 1479 829 1506 Tacit.
843 1480 910 1506 Ann.
933 1482 966 1512 6,
985 1489 1017 1513 24
1042 1479 1164 1506 Recitare
1181 1477 1314 1504 semiorum

282 1516 466 1550 (libiorumque
480 1515 605 1548 descripta
620 1523 666 1548 per
678 1514 742 1540 dics.

318 1558 432 1578 DESCR
443 1558 474 1577 11³
485 1557 506 1577 'r
516 1557 532 1576 F.
542 1570 548 1576 .
584 1550 650 1575 Adu.
686 1550 742 1575 Cic.
757 1548 788 1574 de
802 1549 903 1574 Inuent.
918 1556 945 1580 1,
964 1556 999 1582 49
1025 1556 1046 1573 c.
1061 1556 1092 1578 30
1120 1548 1150 1572 111
1168 1547 1314 1580 praesentia

282 1587 389 1613 confuse
403 1592 428 1612 et
443 1586 570 1620 permixte
587 1585 641 1618 post
655 1583 782 1618 descripte
794 1590 818 1610 et
831 1584 920 1610 electe.
957 1583 1003 1610 Sed
1013 1584 1058 1608 alii
1070 1581 1159 1608 habent
1172 1582 1297 1607 Discrete.
1329 1589 1367 1613 40
1379 1590 1403 1614 ις
1422 1582 1461 1607 Ad
1474 1583 1586 1615 primam
1601 1583 1651 1608 tibi
1667 1583 1716 1609 hoc
1730 1584 1832 1615 scribo,
1850 1593 1892 1610 me
1904 1585 1940 1610 ita
1954 1584 2059 1616 dolere,
2080 1589 2108 1609 vt
2122 1591 2176 1608 non
2190 1581 2272 1607 modo
2293 1589 2307 1605 a
2320 1580 2411 1606 Mente
2438 1612 2446 1615 μ
2475 1585 2479 1590 “

319 1629 337 1648 D
347 1629 362 1648 E
371 1629 383 1647 S
392 1628 407 1648 C
415 1628 434 1647 R
442 1629 451 1647 1
461 1629 475 1647 Ρ
483 1628 522 1647 TI
534 1627 552 1646 O
563 1640 571 1652 ,
590 1621 656 1645 bnis.
692 1621 711 1646 f.
747 1618 931 1654 [1ιατοιγραφὴ,
945 1616 1065 1653 διαγραφὴ
1074 1637 1081 1649 ,
1094 1616 1232 1652 ἐπιγραφή]
1272 1616 1315 1646 Vt,

282 1657 428 1691 Descriptio
441 1662 465 1682 et
480 1657 566 1690 imago
580 1655 727 1682 tabularum
748 1655 804 1680 Cic.
817 1656 891 1680 Verr.
905 1663 931 1687 2,
946 1662 991 1686 190
1011 1663 1032 1679 c.
1051 1661 1095 1688 77.
1130 1656 1148 1678 i.
1169 1652 1263 1678 tabulae
1276 1661 1315 1676 ac-

282 1699 366 1719 curate
379 1692 529 1728 descriptae,
549 1692 679 1725 exemplum
692 1688 806 1725 perse-{ie
817 1689 907 1723 simile.
1101 1684 1121 1723 q
1141 1696 1157 1713 2
1194 1688 1314 1717 Partitis),

281 1734 305 1754 et
319 1726 419 1763 digestzo
429 1730 457 1753 in
471 1727 585 1758 ordines,
602 1733 645 1752 aut
650 1726 784 1761 familias,
803 1731 845 1750 aut
856 1728 986 1756 ciuitates,
1006 1729 1050 1749 aut
1068 1724 1164 1754 trihus,
1176 1728 1219 1747 aut
1232 1727 1314 1746 centu-

279 1765 348 1792 rias,
366 1769 410 1787 aut
423 1765 506 1793 vicos,
525 1765 649 1798 regiones,
668 1768 712 1787 etc.

280 1797 346 1822 lium
361 1796 500 1829 descriptio
513 1796 621 1830 Populi,
641 1796 762 1830 stiffi-agia
775 1796 915 1829 largitione
930 1794 1052 1820 deuinfita
1065 1794 1227 1819 seueritatem
1239 1791 1315 1817 Sena-

279 1838 319 1858 tus
334 1831 522 1857 excitauerunt.
592 1831 716 1856 Ciuitatis
733 1831 787 1857 Cic.
802 1840 849 1864 pro
864 1831 951 1857 Sextio
967 1838 1008 1864 137
1023 1839 1044 1855 0.
1058 1831 1097 1860 65.
1114 1827 1153 1861 Est
1166 1828 1229 1863 ipsa,
1243 1836 1314 1862 quam

274 1868 386 1902 formam
397 1867 466 1901 Reip.
479 1874 609 1896 vocamus,
625 1872 741 1899 quotenus
755 1866 876 1891 Senatum
887 1866 973 1897 haber,
993 1864 1156 1898 magistratus
1165 1883 1172 1894 ,
1193 1870 1238 1888 etc.
1273 1862 1314 1887 Sa-

279 1902 447 1933 lubi-itatem,
462 1900 676 1933 descriptionem,
695 1899 920 1933 pulchritudinem
937 1900 1010 1925 vrbis
1036 1899 1110 1925 Idem
1123 1898 1154 1923 de
1169 1899 1239 1931 Lege
1252 1897 1314 1929 Agr.

279 1946 306 1969 2,
319 1944 349 1969 93
364 1945 384 1962 c.
401 1944 435 1969 35.
471 1937 520 1961 Hic
533 1935 672 1969 descriptio
685 1935 719 1960 ad
730 1937 839 1960 vicorum
848 1954 857 1966 ,
877 1934 1032 1968 domuumque
1045 1933 1103 1958 adeo
1122 1931 1354 1968 dfflributionem50

281 1972 420 1999 ordinatam
430 1974 548 2006 pertinet.
618 1970 736 1996 Siderum
758 1970 828 1995 Idem
843 1970 874 1994 de
887 1970 922 1995 N.
936 1968 968 1994 D.
983 1976 1008 1999 2,
1023 1975 1059 2000 ¹13
1073 1977 1094 1993 c.
1111 1976 1157 2000 44.
1226 1965 1313 1991 Solers

280 2007 436 2041 subtilisque
450 2005 589 2039 descriptio
602 2005 715 2038 partium
735 2004 808 2030 Idem
825 2004 889 2029 ibid.
904 2012 942 2030 121
958 2012 979 2029 c.
993 2010 1037 2037 47.
1108 2000 1235 2037 Legionis
1252 2001 1314 2026 Sue-

281 2049 337 2069 ton.
349 2042 447 2068 Tiber.
461 2051 481 2067 c.
496 2049 534 2072 30.
583 2040 655 2075 Conf.
671 2039 768 2066 Sallust.
783 2038 814 2065 de
829 2039 890 2072 Rep.
905 2038 999 2065 Ordin.
1016 2047 1037 2069 2,
1051 2046 1093 2063 20.
1188 2036 1314 2070 Equitum

281 2078 453 2112 peditumque
476 2077 531 2103 Cic.
545 2076 628 2102 Tusc.
641 2084 669 2108 4,
707 2094 713 2101 .
751 2094 758 2101 .
827 2074 969 2100 Seruorum
988 2073 1098 2098 vicatim
1119 2077 1173 2097 tota
1193 2071 1259 2097 vrbe
1273 2079 1312 2096 ce-

281 2113 382 2140 lebrare
395 2112 593 2146 descriptionem
614 2111 669 2137 Cic.
683 2119 731 2145 pro
744 2110 831 2136 Domo
844 2110 888 2135 sua
902 2117 954 2141 129.

281 2158 376 2184 porum
395 2148 451 2174 Cic.
466 2147 543 2173 Acad.
558 2155 577 2178 1,
590 2155 615 2179 9.
649 2156 655 2158 -
807 2142 828 2181 ff
850 2153 862 2177 3
898 2142 1081 2170 Grauiffimum
1099 2142 1188 2168 lumen
1207 2140 1312 2167 dicendi

281 2183 422 2218 descriptio
443 2183 497 2209 Cic.
510 2182 541 2208 de
554 2183 628 2208 Orat.
643 2190 655 2213 3
668 2190 688 2208 c.
700 2188 737 2214 53.
825 2179 926 2206 Auctor
938 2179 969 2205 ad
983 2179 1081 2204 Heron.
1095 2186 1122 2211 4,
1136 2186 1162 2210 52
1175 2186 1195 2202 c.
1210 2185 1240 2208 39
1261 2177 1312 2202 De-

280 2220 387 2253 scriptio
399 2218 559 2250 nominatur,
568 2226 634 2251 quac
649 2225 737 2243 rerum
749 2216 962 2250 consequentium
975 2214 1091 2240 continet
1104 2213 1264 2247 perspicuam
1287 2217 1313 2238 et

281 2254 423 2281 dilucidam
438 2263 495 2280 cum
510 2253 637 2288 grauitate
653 2251 849 2292 espositionem.
922 2250 977 2276 Cic.
992 2249 1023 2275 de
1037 2250 1111 2275 Orat.
1126 2257 1135 2274 1
1154 2257 1174 2273 c.
1190 2256 1237 2280 49.
1251 2247 1310 2273 Phi-

282 2289 384 2324 losophi
399 2290 512 2323 denique
526 2288 616 2322 ipfius,
637 2296 685 2322 qui
700 2295 764 2313 vnus
783 2286 872 2313 onmia
893 2294 973 2320 paene
997 2284 1150 2319 profitetur,
1167 2282 1203 2308 cst
1222 2288 1311 2308 tamen
1328 2285 1397 2316 601,
1419 2293 1464 2316 40.
1500 2284 1536 2310 Ex
1556 2284 1650 2310 Ennio.

281 2325 408 2360 quaedam
415 2324 555 2358 descriptio
564 2343 571 2355 ‚
593 2329 622 2349 vt
635 2323 665 2355 is,
674 2323 721 2357 qui
734 2320 832 2348 studeat
841 2323 959 2348 omnium
972 2319 1220 2346 reruuidiuinarum
1232 2324 1311 2352 atque

281 2361 454 2388 humanarum
467 2360 538 2390 vim,
557 2365 675 2385 naturam
698 2358 835 2391 causasque
854 2358 939 2389 nosse,
959 2361 984 2381 et
1003 2363 1109 2381 omnem
1122 2354 1187 2380 benc
1200 2353 1311 2379 viuendi

281 2395 411 2423 rationem
425 2401 514 2421 tenere
529 2401 553 2421 et
567 2394 702 2428 persequi,
717 2393 824 2419 nomine
839 2392 888 2418 hoc
901 2389 1053 2426 appellatur.
1088 2389 1161 2415 Idem
1170 2389 1268 2422 Topic.
1284 2394 1310 2420 83

280 2441 304 2457 c.
317 2439 349 2457 22
367 2430 530 2464 Descriptio,
550 2429 634 2463 qualis
648 2429 677 2455 fit
691 2437 801 2460 auarus,
821 2428 905 2462 qualis
920 2428 1064 2455 all'entator,
1084 2430 1237 2458 caeteraque
1246 2424 1312 2449 eius-

281 2467 340 2493 dem
365 2465 483 2500 gencris,
503 2465 530 2491 in
551 2464 647 2498 quibus
665 2470 757 2489 natura
775 2470 800 2489 et
818 2463 872 2489 vita
883 2461 1048 2489 describitur.
1120 2461 1150 2485 Et
1160 2459 1242 2493 paullo
1255 2465 1312 2484 ante
1321 2460 1354 2491 65

281 2501 384 2528 additur
415 2503 486 2526 etiam
517 2499 670 2533 descriptio,
691 2507 769 2533 quam
798 2498 892 2524 Graeci
922 2498 1068 2533 χαρακτῆρα
1095 2501 1198 2522 vocant.
1252 2493 1309 2520 lud.

282 2537 405 2562 Camerar.
419 2535 451 2560 od
462 2535 486 2562 h.
500 2536 517 2560 I.
588 2533 814 2568 Descriptionibus
828 2533 956 2566 explicare
974 2532 1029 2558 Cic.
1043 2531 1125 2556 Tusc.
1141 2538 1160 2562 1,
1174 2534 1210 2561 38.

320 2577 338 2596 D
348 2577 363 2596 E
372 2577 384 2596 s
392 2577 408 2596 c
416 2577 434 2596 r.
445 2576 476 2595 11²
485 2576 506 2595 'r
517 2575 553 2595 iv
562 2576 583 2594 N
592 2575 608 2594 c
617 2567 636 2594 ῢ
647 2576 662 2594 L
672 2576 693 2594 A
701 2588 709 2600 ,
729 2577 766 2595 ae.
787 2568 808 2594 f.
826 2568 927 2594 Dimin.
965 2567 1022 2593 Seu.
1035 2566 1138 2592 Suasor.
1153 2573 1169 2591 2
1189 2563 1313 2591 Celebres

281 2604 511 2639 descriptiunculas
524 2603 666 2629 subtexere.

964 527 1093 553 Naturam
1111 524 1220 550 alicuius
1238 523 1315 549 certis
1334 533 1363 550 10
1375 527 1437 547 runt
1449 521 1549 547 hortos.

901 701 1169 737 [καταγεγραμμένας]
1215 699 1264 730 Vt,
1285 697 1314 723 Id
1332 705 1358 730 15
1374 697 1450 724 Tum
1464 704 1551 724 autem
1565 698 1614 724 hoc
1628 699 1718 731 timet,
1738 708 1771 726 nc
1784 700 1882 726 deseras
1896 701 1929 726 se.

457 882 512 908 Cic.
532 881 563 907 de
577 880 676 907 SeneEt.
693 888 722 913 59
745 879 840 906 Mirari
859 879 884 905 se
902 887 956 904 non
973 878 1054 904 modo
1075 877 1254 911 diligentiam,
1272 874 1314 901 sed
1324 885 1358 903 20
1376 874 1471 909 Neque
1484 884 1526 901 me
1542 875 1678 901 deseruisse
1698 882 1819 909 teneque
1833 876 1925 908 saetis,
1944 884 2028 910 neque
2043 875 2103 902 fide.

1221 1230 1315 1257 Stellae
1330 1242 1362 1266 30
1376 1230 1441 1255 min.

782 1761 837 1786 Cic.
852 1769 900 1794 pro
914 1759 997 1785 Planc.
1010 1766 1043 1791 45
1063 1757 1217 1783 Decuriatio
1230 1755 1315 1782 tribu·
1328 1764 1361 1790 45

1043 2107 1237 2141 Descriptiones
1250 2112 1313 2131 tcm—
1329 2115 1356 2142 ςς
1374 2116 1456 2141 quum
1469 2108 1522 2140 spes
1538 2107 1703 2139 determinet,
1721 2106 1865 2140 opitulatus
1879 2107 1917 2133 fit.

1743 119 2006 161 DES

1409 212 1428 232 D
1437 212 1452 232 f.
1462 213 1473 233 s
1483 213 1499 233 E
1507 213 1552 234 NE
1562 214 1575 234 3
1583 212 1600 234 c
1608 213 1626 234 o
1635 227 1642 240 ,
1655 207 1706 233 ὅτε.
1743 206 1811 232 Cun'i
1823 207 1863 234 ira
1877 208 1941 235 belli
1953 207 2104 235 desenuiffet
2120 207 2218 235 Sallust.
2226 207 2328 241 Fragm.
2343 214 2366 231 c.
2376 212 2404 231 io

1373 243 1431 276 (ap.
1442 242 1560 268 Priscian.
1575 251 1603 268 10
1621 252 1646 277 p.
1660 247 1738 276 887).
1885 266 1892 270 ,

1410 283 1428 302 D
1438 284 1454 302 E
1463 285 1475 304 s
1487 277 1503 303 ἐ
1512 285 1529 303 R
1539 284 1557 304 ο
1567 297 1575 309 ,
1593 282 1645 304 are.
1681 279 1794 312 Apem'rc.
1831 276 1906 310 Apul.
1918 279 1981 305 Met.
1995 288 2004 305 1

1374 309 1503 352 deseratae
1516 312 1593 339 110610
1605 313 1719 339 fuerunt.
1757 314 1797 338 Ita
1809 312 1914 338 Elmenh.
1929 315 1996 340 Prie.
2010 321 2033 339 ct
2046 315 2092 339 alii
2104 312 2249 339 Reseratae.

1412 352 1430 371 D
1437 353 1454 384 ,E
1463 352 1475 373 S
1485 354 1501 373 E
1511 355 1529 374 R
1539 355 1557 374 o
1567 367 1575 380 ‚
1594 349 1638 374 §ui
1646 368 1654 380 ,
1679 350 1746 374 ‘itum
1756 368 1763 380 ,
1784 350 1836 373 ’01-0.
1873 347 2028 383 [καταφύω]
2064 348 2164 375 Screndi
2182 348 2255 374 verbo
2273 345 2344 374 addit
2358 354 2404 371 em-

1370 380 1461 415 phasm
1479 383 1615 416 quandam,
1637 390 1666 409 vt
1680 383 1789 417 Defigo,
1809 382 1940 414 Defodio,
1958 385 2090 418 Depango.
2140 384 2208 408 Hinc

1412 422 1551 455 Diisi‘rv
1561 425 1590 450 s,
1610 427 1633 450 a,
1653 427 1706 444 um.
1744 419 1836 444 Partic.
1871 418 1957 443 Varro
1969 418 1998 444 de
2011 421 2041 445 R.
2057 420 2087 445 R.
2104 427 2123 451 1,
2137 426 2165 450 23
2188 417 2258 443 Nam
2278 421 2303 442 et
2322 413 2350 440 in
2364 422 2405 440 re·

1375 450 1496 490 centibus
1510 453 1635 485 pomariis
1650 453 1736 479 dentis
1751 452 1908 484 seminibus,
1929 453 1956 478 in
1970 454 2141 488 ordinemque
2160 451 2303 479 arbusculis
2316 448 2406 484 positis

1375 494 1468 519 prinus
1482 487 1556 513 annis
1571 494 1630 514 ante
1643 498 1721 524 quam
1739 489 1837 515 radices
1851 488 1954 522 longius
1973 490 2111 520 procedere
2129 488 2236 523 possint,
2255 486 2304 513 alii
2317 485 2405 511 conse-

1493 554 1502 560 *
1588 523 1882 556 Vidnizsrn'rvs,
1906 532 1967 549 n.2.

1412 563 1431 582 D
1439 564 1455 582 E
1464 564 1476 583 s
1487 563 1529 582 ER
1538 563 1557 582 O
1569 577 1577 589 ,
1606 559 1651 590 ui,
1677 565 1761 585 ertum
1770 579 1778 591 ,
1805 561 1857 586 ere.
1900 557 2096 592 [immundum
2113 558 2249 589 οἷπολάπω,
2267 554 2404 590 προλείπω]

1376 593 1560 631 Derelinqurre.
1600 594 1703 619 Videtur
1715 596 1820 620 militum
1831 597 1934 629 proprie
1943 592 2028 630 fuisti·⁵
2045 603 2097 619 cum
2109 595 2140 621 de
2154 595 2219 621 serie
2233 599 2255 618 et
2268 591 2352 618 ordine
2359 589 2407 624 suo

1374 626 1464 660 iniuſju
1478 627 1611 667 discedunt.
1645 629 1815 656 Ter.l-leaut.
1829 638 1854 661 2,
1865 639 1887 662 3,
1899 632 1935 662 64
1957 629 2058 655 Mulier
2070 628 2147 655 telam
2162 629 2256 655 deserit
2270 625 2406 653 continno-

1374 662 1499 688 Patronus
1514 671 1619 697 proprie
1634 662 1730 690 dicitur
1743 665 1876 697 deserere,
1899 662 1957 697 ttste
1970 665 2083 691 Donato.
2128 664 2199 690 Idem
2211 662 2293 690 Andr.
2309 670 2327 691 1,
2340 669 2362 692 5,
2374 660 2405 691 36

1998 701 2031 726 Et
2048 700 2112 724 Eun.
2126 707 2150 730 2,
2164 708 2187 729 2,
2199 707 2215 733 7
2236 700 2332 725 Omnes
2345 694 2405 720 noti

1375 742 1417 759 1110
1436 739 1514 772 atque
1533 734 1613 760 amici
1633 733 1761 760 deserunt.
1868 736 1922 761 Cic.
1944 744 1992 770 pro
2006 735 2089 761 Plane.
2107 742 2131 766 13
2157 734 2256 760 Deinde
2277 733 2406 759 sitientem

1375 777 1417 808 ine
1430 769 1536 795 Virtutis
1554 775 1613 795 tuae
1631 768 1764 795 deseruisti
1784 779 1812 796 ac
1833 769 2005 804 dereliquisti.
2079 770 2203 795 Deserere
2222 776 2339 795 amorem
2360 765 2408 791 ali-

1375 813 1448 844 cuius
1460 805 1544 844 Valer.
1559 805 1657 839 Argon.
1671 813 1692 836 3,
1708 809 1755 834 181.
1825 805 1893 832 Ter.
1908 807 2003 833 Heaut.
2018 814 2043 837 2,
2057 814 2079 837 3,
2094 813 2122 839 17
2150 805 2181 830 Et
2200 812 2242 830 me
2262 805 2290 830 in
2308 802 2350 829 his
2363 800 2406 827 de-

1375 839 1478 865 seruisti
1490 840 1574 866 malis.
1643 840 1723 866 Plaut.
1735 840 1808 873 Capt.
1821 848 1846 872 2,
1859 849 1882 872 3,
1896 848 1927 873 43
1963 856 2007 860 —-
2043 842 2070 866 in
2083 840 2160 866 tantis
2173 839 2304 866 aerumnis
2317 844 2406 864 tamen

2175 875 2266 901 Deseri
2282 882 2297 899 3
2313 879 2408 906 magna

2221 911 2294 935 Aura
2313 906 2408 934 deserit

2334 123 2402 162 108

2028 287 2052 313 p.
2067 282 2110 306 108
2136 265 2230 304 Ianuae
2250 272 2293 304 sisa
2312 277 2403 310 sponte

1375 917 1447 944 parte
1461 911 1576 936 militum
1591 910 1662 937 Caes.
1677 911 1704 937 B.
1718 911 1748 937 C.
1764 919 1773 936 1
1785 930 1793 943 ,
1808 918 1841 943 15.
1882 910 1949 937 Add.
1962 911 2030 937 lbid.
2046 920 2056 938 1
2082 921 2103 937 c.
2120 919 2153 943 13.

1377 945 1550 972 moribundos
1568 946 1672 972 Lucret.
1687 955 1709 980 3,
1723 954 1775 977 233.
1846 946 1933 980 Papin.
1947 947 1974 972 111
1988 946 2004 972 l.
2019 946 2116 973 liberto
2136 945 2159 982 §.
2172 945 2246 971 litem
2271 945 2303 970 D.
2319 943 2350 968 de
2362 951 2408 968 ne-

1377 986 1430 1015 got.
1444 982 1506 1016 gest.
1528 982 1613 1007 Litem
1630 982 1659 1008 111
1671 981 1800 1007 iudicium
1816 980 1962 1013 deduftam,
1980 988 2005 1008 et
2019 991 2033 1008 a
2047 991 2094 1008 reo
2106 982 2232 1008 desertam
2247 977 2410 1006 frustratoris

1377 1016 1474 1042 amicus
1486 1017 1556 1043 vltro
1570 1017 1631 1051 egit.
1703 1016 1789 1043 Amici
1804 1018 1914 1042 Causam
1926 1016 2006 1043 Ouid.
2020 1017 2105 1043 Trist.
2121 1026 2146 1049 1,
2159 1020 2230 1049 9‚67·.
2300 1014 2356 1040 Cic.
2376 1011 2409 1038 de

1376 1087 1497 1114 Diodoro
1526 1088 1628 1114 valente
1649 1087 1788 1113 (1131061100
1811 1096 1903 1122 magna
1923 1087 2033 1114 lutilatio
2052 1088 2087 1114 est
2101 1108 2109 1121 ,
2134 1086 2242 1113 deseras.
2350 1083 2407 1110 Cic.

1377 1131 1426 1156 pro
1455 1123 1557 1149 Cluent.
1587 1129 1634 1155 183
1672 1124 1725 1149 Aut
1744 1123 1795 1154 illi,
1816 1132 1930 1157 quorum
1956 1124 2053 1150 eminet
2072 1122 2210 1155 audacia,
2242 1127 2320 1156 atque
2348 1126 2408 1153 pro-

1376 1157 1443 1184 10613
1463 1159 1518 1191 est,
1543 1167 1557 1185 a
1573 1158 1696 1185 Consiliis
1722 1158 1837 1184 malitiae
1857 1158 2017 1184 deseruntur.
2121 1157 2344 1184 Consuetudinem
2368 1162 2410 1180 re-

1375 1194 1496 1227 vertendi
1521 1194 1599 1220 Caius
1630 1195 1657 1219 in
1684 1194 1701 1220 l.
1726 1194 1870 1220 naturalem
1901 1193 2037 1231 §.ceruos
2060 1193 2093 1219 D.
2120 1193 2152 1218 de
2172 1193 2270 1227 acquir.
2292 1199 2343 1217 rer.
2363 1188 2409 1215 do-

1535 1229 1683 1256 Exercitum
1709 1230 1764 1255 Cic.
1785 1231 1860 1256 Verr.
1878 1238 1907 1262 3,
1934 1238 1988 1255 110.
2065 1227 2138 1254 Idem
2159 1228 2304 1254 Tusculan.
2324 1235 2345 1259 1,
2367 1233 2409 1250 110

1375 1265 1461 1292 Multo
1478 1270 1564 1291 autem
1590 1265 1688 1291 tardius
1713 1266 1791 1291 Fama
1815 1265 1914 1291 deseret
1935 1264 2061 1296 Curium,
2085 1263 2248 1295 Fabritium,
2268 1270 2313 1288 etc.
2359 1261 2410 1286 Ca-

1375 1300 1424 1326 tul.
1446 1302 1490 1334 67,
1503 1307 1520 1335 7
1552 1300 1600 1326 Dic
1620 1300 1730 1334 agedum
1751 1300 1844 1333 uobis,
1870 1309 1950 1335 quare
1970 1306 2068 1326 mutata
2093 1299 2187 1325 feraris
2222 1299 2252 1324 In
2270 1296 2411 1323 dominum

1374 1343 1491 1362 veterem
1514 1335 1648 1362 deseruisse
1661 1336 1761 1362 Fidem.
1833 1336 1914 1362 Plaut.
1935 1335 2038 1362 Mostel.
2052 1344 2072 1366 1,
2088 1343 2109 1366 ε’,
2122 1337 2153 1367 65
2178 1334 2256 1360 Nunc
2272 1331 2346 1358 simul
2359 1338 2412 1362 res,

1379 1371 1470 1401 Fides,
1491 1371 1577 1404 fania,
1596 1372 1726 1406 decusque
1741 1378 1765 1397 ct
1778 1372 1862 1398 virtus
1875 1371 2043 1397 deseruerunt
2056 1379 2108 1396 nie.
2161 1369 2242 1396 Ouid.
2257 1377 2288 1395 ex
2296 1369 2380 1428 Poknlto
2390 1373 2412 1398 1,

2359 1407 2412 1427 3111.

1376 1443 1457 1469 Μο10.
1472 1451 1491 1474 1,
1507 1451 1525 1472 1,
1541 1451 1564 1474 13
1584 1444 1675 1468 Genua
1689 1443 1757 1468 hunc
1770 1444 1902 1469 cursorem
1916 1442 2044 1468 deserunt.
2112 1442 2166 1467 Iter
2178 1439 2295 1466 inedium
2316 1437 2411 1463 Claud.

1799 1478 1879 1504 Suum
1892 1479 1935 1504 Ius
1956 1478 2012 1504 Cic.
2026 1485 2074 1511 pro
2088 1476 2243 1507 Caecin.io3
2252 1482 2315 1506 0.3;.
2349 1475 2413 1499 Item

1767 1513 1855 1540 Litem
1873 1514 1961 1548 Papin.
1976 1514 2004 1539 in
2019 1513 2035 1539 l.
2050 1511 2148 1538 liberto
2162 1512 2194 1537 D.
2207 1510 2239 1536 de
2254 1514 2340 1543 negot.
2350 1506 2412 1541 gest.

2256 1546 2312 1572 Cic.
2330 1544 2380 1569 Art.
2388 1551 2412 1575 3,

1375 1478 1406 1504 de
1419 1478 1486 1503 Sext.
1502 1479 1578 1504 Cons.
1594 1479 1664 1504 Hon.
1676 1487 1728 1510 4¹1·

1374 1514 1500 1539 Deserere
1515 1515 1556 1539 Ius
1571 1514 1712 1539 amicitiae.

1374 1548 1505 1573 Laborem
1518 1548 1702 1581 imperfectum
1721 1548 1813 1575 Claud.
1828 1549 1860 1575 de
1874 1550 1947 1583 Rapt.
1963 1549 2079 1582 Proserp.
2095 1556 2112 1578 1,
2126 1549 2186 1579 269.

1375 1625 1429 1656 non
1444 1616 1560 1647 deserar,
1581 1617 1624 1642 sed
1638 1617 1666 1642 id
1679 1618 1764 1651 ipsum
1778 1619 1894 1649 doleam,
1911 1628 1954 1645 me
1967 1625 2019 1645 tam
2037 1619 2111 1645 firma
2125 1623 2212 1644 mente
2226 1616 2273 1642 vbi
2291 1622 2365 1643 vtar,
2383 1619 2410 1639 et

1376 1651 1544 1686 quibuscum,
1564 1661 1617 1678 non
1630 1652 1735 1678 habere.
1806 1653 1847 1678 Ab
1860 1653 2082 1680 oblectationibus
2096 1659 2122 1679 et
2135 1651 2313 1685 voluptatibus
2326 1647 2412 1674 deseri

1375 1687 1430 1726 Cic.
1446 1688 1498 1713 Att.
1513 1697 1541 1720 4,
1553 1696 1579 1720 9.
1670 1686 1759 1714 Officii
1771 1693 1855 1722 partes
1876 1688 1930 1714 Cic.
1946 1689 2003 1714 Fin.
2019 1697 2028 1714 1
2042 1697 2063 1713 c.
2074 1695 2102 1722 7.
2193 1687 2342 1719 Susceptum
2355 1679 2412 1708 offi-

1374 1731 1444 1747 cium
1465 1722 1519 1748 Cic.
1533 1722 1564 1747 de
1578 1722 1635 1748 Fin.
1650 1731 1669 1753 1,
1706 1742 1712 1748 .
1751 1741 1757 1748 .
1799 1723 1857 1749 Vid.
1878 1729 2047 1750 OFFICIVM.
2153 1720 2279 1748 Officium
2297 1718 2414 1753 promis-r

1375 1757 1430 1796 suin
1463 1756 1582 1782 deserere
1609 1757 1688 1782 Caius
1713 1757 1741 1782 in
1764 1757 1781 1782 l.
1803 1757 1821 1783 fi
1850 1759 1909 1791 quis
1929 1758 2009 1783 alicui
2030 1757 2053 1793 §.
2067 1757 2115 1791 qui
2129 1757 2238 1789 suscepit
2250 1756 2282 1781 D.
2296 1753 2411 1780 mandat.

1374 1791 1455 1818 Ouid.
1467 1792 1532 1818 Fast.
1547 1800 1567 1824 1,
1581 1796 1625 1821 288
1647 1792 1723 1817 Neue
1739 1792 1813 1817 suum
1835 1792 1933 1826 praesta
1956 1792 2055 1818 deserat
2070 1791 2164 1818 auctor
2176 1791 2258 1824 Opus.
2328 1787 2411 1814 Plaut.

1375 1828 1448 1861 Capt.
1461 1835 1488 1859 2,
1505 1835 1528 1859 3,
1541 1829 1576 1861 76
1601 1827 1703 1860 Tuque
1715 1833 1740 1852 tc
1755 1835 1803 1861 pro
1817 1827 1903 1853 libero
1919 1828 1966 1853 ess'e
1979 1827 2072 1858 ducas,
2091 1827 2186 1860 Pignus
2199 1825 2308 1851 deseras.
2350 1822 2410 1848 Pos-

1375 1862 1480 1889 fidendo
1507 1861 1626 1888 deserere
1650 1861 1753 1888 Colum.
1774 1871 1796 1895 1,
1815 1871 1836 1894 3,
1857 1871 1888 1889 11.
1906 1866 1923 1889 i.
1934 1864 1994 1897 plus
2003 1861 2136 1897 pallido-e,
2154 1870 2226 1895 quam
2240 1861 2315 1885 colere
2324 1856 2411 1891 poffis,

1374 1906 1422 1931 qua
1437 1899 1535 1922 ratione
1546 1898 1592 1921 alii
1604 1896 1775 1923 excluduntur.
1881 1898 1937 1923 Cic.
1954 1899 2006 1923 Att.
2020 1906 2043 1929 3,
2058 1905 2086 1929 19
2105 1897 2170 1922 Non
2183 1896 2312 1924 deseram,
2325 1899 2411 1926 neque

1374 1930 1471 1964 optimi
1484 1936 1562 1965 atque
1573 1932 1647 1957 vnici
1660 1931 1750 1957 fratris
1764 1931 1870 1956 miseras
1885 1940 1914 1957 ae
1925 1932 2054 1958 luftuosas
2068 1933 2156 1957 Preces
2165 1949 2172 1961 ,
2190 1938 2236 1955 nec
2252 1928 2316 1954 Sesti
2329 1933 2413 1953 caete-

1373 1974 1518 2000 rorumque
1536 1966 1673 2000 promissa,
1698 1972 1744 1991 etc.
1815 1966 1923 1992 Orantis
1941 1967 2039 1992 medias
2059 1966 2194 1992 deseruere
2212 1965 2301 1991 Preces
2326 1960 2410 1989 Ouid.

1374 2001 1452 2035 Epist.
1466 2003 1504 2033 16,
1519 2004 1575 2027 260.
1646 2000 1737 2027 sedem
1758 2000 1833 2035 Virg.
1847 2002 1910 2027 Aen.
1926 2010 1949 2034 3,
1969 2010 2024 2034 190.
2096 2001 2220 2027 Deserere
2239 1999 2340 2033 optime
2357 2005 2412 2023 mc-

1373 2038 1440 2063 ritos
1454 2037 1537 2063 socios
1553 2037 1625 2063 Caes.
1638 2037 1666 2063 B.
1681 2037 1711 2062 G.
1724 2045 1742 2067 1,
1755 2043 1796 2068 45.
1867 2036 1943 2070 Spem
1957 2037 2087 2067 nostram,
2105 2042 2186 2062 terras
2199 2034 2365 2068 deseruitque
2378 2032 2410 2058 fi-

1372 2072 1428 2097 mul
1449 2072 1529 2098 Ouid.
1544 2080 1575 2097 ex
1590 2073 1673 2098 Ponto
1686 2080 1713 2104 4,
1731 2073 1805 2102 6,16.
1878 2072 1933 2098 Cic.
1963 2071 1995 2097 de
2025 2072 2127 2097 Inuent.
2155 2079 2181 2103 2,
2217 2090 2223 2096 .
2260 2089 2267 2096 .
2303 2069 2329 2096 Si
2351 2074 2411 2094 tum

1989 2107 2121 2140 Turpiter
2133 2105 2182 2132 des
2185 2114 2253 2132 :rere
2270 2103 2379 2138 Qun&
2389 2112 2411 2135 2,

1375 2151 1394 2168 1.
1450 2143 1640 2170 Vadimonium
1655 2142 1747 2168 Cic.in
1756 2142 1832 2168 Catil.
1842 2150 1867 2174 2,
1876 2150 1898 2175 ς.
1951 2142 2024 2168 Idem
2038 2151 2087 2176 pro
2100 2142 2215 2175 Qiintio
2223 2146 2257 2173 48
2283 2140 2411 2167 Vadimo-

1371 2178 1447 2204 nium
1460 2177 1508 2204 fibi
1522 2178 1559 2204 ait
1573 2179 1620 2204 else
1633 2178 1771 2204 desertum.
1815 2178 1880 2204 Olim
1894 2183 1918 2204 et
1929 2184 1999 2212 turpe
2014 2185 2067 2204 crat
2080 2184 2103 2203 et
2117 2177 2271 2212 damnosum,
2291 2175 2411 2202 vadimo-

1373 2213 1448 2239 nium
1461 2212 1599 2240 deserere:
1619 2222 1662 2239 nec
1680 2212 1837 2248 excusabatur
1856 2213 2006 2239 vadimonii
2025 2213 2179 2248 promissor,
2204 2210 2251 2245 nist
2273 2211 2302 2237 ob
2324 2210 2411 2245 causas

1370 2258 1469 2284 graues.
1538 2249 1631 2280 Vires,
1651 2249 1706 2274 vita
1719 2257 1807 2274 meum
1821 2257 1913 2282 corpus
1926 2257 1994 2274 nunc
2014 2248 2109 2274 deserit
2131 2256 2210 2274 omne
2231 2246 2286 2273 Cic.
2302 2246 2333 2272 de
2347 2246 2411 2272 Diu.

1721 2284 1835 2310 Virtutis
1849 2284 1926 2310 Viam
1945 2285 2039 2310 Horat.
2053 2284 2104 2310 Od.
2126 2291 2153 2315 3,
2173 2291 2223 2315 24,
2242 2291 2289 2316 44.
2351 2281 2410 2307 Cic.

1371 2319 1528 2381 grgssSextizo
1546 2328 1578 2352 50
1604 2319 1701 2346 Nonne
1724 2319 1742 2345 fi
1763 2328 1848 2346 meam
1867 2319 1957 2346 Vitam
1975 2319 2151 2351 deseruissem,
2164 2317 2332 2352 Rempublic.
2349 2325 2411 2351 pro-

1391 2364 1399 2380 1
1421 2363 1428 2380 1
1450 2364 1491 2380 em
1509 2375 1514 2380 .

1411 2396 1625 2422 nescivi-vs,
1643 2399 1669 2422 a,
1688 2398 1740 2416 um.
1777 2390 1870 2416 Partic.
1905 2389 2095 2423 [inoxsioselg
2115 2388 2262 2425 ἐρημωθεὶς]
2303 2388 2347 2420 Vt,
2359 2387 2410 2413 De-

1793 2426 1859 2460 Agri
1873 2423 1968 2452 deserti
1986 2425 2002 2451 l.
2016 2434 2028 2457 3
2052 2425 2179 2460 Quisquis
2194 2426 2223 2451 C.
2242 2425 2274 2450 de
2286 2423 2411 2458 agricolis

2138 2461 2195 2487 Sen.
2209 2461 2254 2494 Ep.
2268 2468 2294 2492 9.
2346 2459 2413 2485 Nox

1821 2496 1878 2521 Suis
1891 2497 2014 2527 desertis,
2029 2502 2094 2529 pro,
2115 2505 2130 2520 α
2143 2496 2216 2530 suis:
2241 2495 2332 2520 Tacit.
2341 2495 2410 2521 Ann.

1374 2425 1441 2451 serta
1454 2425 1522 2458 signa
1536 2425 1597 2452 Liu.
1611 2434 1636 2458 2,
1673 2446 1679 2451 .
1716 2445 1723 2451 .

1374 2466 1399 2485 et
1412 2461 1525 2485 consitis.
1590 2461 1664 2486 Litus
1680 2460 1810 2487 desertum
1837 2462 1910 2493 Virg.
1924 2461 1990 2487 Aen.
2003 2469 2028 2491 2,
2041 2469 2085 2493 24.

1374 2495 1454 2521 Ouid.
1471 2495 1503 2520 de
1519 2495 1581 2521 Arte
1596 2496 1654 2521 Am.
1672 2503 1692 2525 3,
1707 2503 1750 2528 70.

1374 2539 1402 2562 3,
1424 2538 1458 2556 20
1494 2530 1589 2564 Neque
1608 2530 1738 2564 praelium
1756 2530 1859 2562 omisit,
1878 2530 1960 2556 donec
1981 2530 2095 2556 desertus
2115 2530 2167 2555 suis
2187 2529 2298 2555 caderet.

1373 2565 1479 2592 auxiliis
1494 2565 1607 2591 desertus
1622 2565 1710 2591 lustin.
1726 2574 1752 2597 2,
1766 2575 1794 2599 4,
1808 2573 1849 2598 29.
1917 2566 1947 2591 In
1962 2565 2092 2591 castellum
2106 2565 2263 2600 perueniunt
2280 2563 2413 2589 desertum

1374 2601 1408 2627 ab
1421 2610 1450 2626 ea
1465 2607 1537 2635 parte
1549 2600 1648 2626 Sallust.
1663 2599 1782 2634 Iugurth.
1796 2609 1840 2634 94.
1911 2600 2034 2626 Desertus
2049 2600 2153 2626 viribus
2173 2599 2266 2625 Phaed.
2286 2606 2311 2629 1,
2325 2605 2373 2629 22,
2391 2605 2414 2628 3.

319 2649 338 2668 D
347 2648 362 2667 E
371 2648 383 2667 s
393 2647 453 2667 0111
467 2646 481 2665 Ρ
493 2646 513 2665 T
523 2645 566 2665 01<
578 2658 586 2670 ,
606 2638 669 2665 Oris.
706 2646 740 2662 m.
776 2637 892 2663 Laflant.
917 2644 940 2669 ς,
967 2645 983 2669 9
1009 2637 1102 2663 Seneca
1115 2643 1221 2661 morum
1233 2633 1315 2660 vitio·
1327 2639 1363 2667 70
1372 2636 1526 2670 Sepulcrum
1540 2635 1735 2662 desertiffimuni
1755 2636 1782 2661 in
1796 2636 1877 2662 litore
1889 2635 2075 2666 Dyrrhachino
2093 2634 2215 2661 relietum
2234 2633 2269 2659 est
2287 2632 2342 2659 Cic.
2362 2640 2412 2666 pro
2426 2643 2431 2646 ·

283 2685 395 2711 rumque
427 2674 595 2709 publicorum
630 2678 655 2699 et
684 2672 828 2706 descriptor
857 2671 1001 2697 verissimus
1033 2678 1059 2696 01
1090 2671 1222 2697 accusator
1246 2678 1315 2696 acer-

347 2720 353 2736 1
402 2720 407 2736 1
434 2730 440 2736 .

282 2712 536 2777 Πηῐῖῐῑςεῇοιὲοιςο,
553 2748 605 2771 are.
643 2743 764 2769 Gemmas
782 2740 956 2775 operoflffimo
977 2738 1129 2765 descrobare
1151 2746 1215 2764 auro
1245 2738 1314 2763 Ter-

284 2782 342 2809 tull.
357 2782 388 2808 dc
404 2782 507 2808 Resurr.
522 2790 543 2806 c.
557 2788 583 2814 7.
602 2783 620 2805 i.
633 2777 756 2804 includere
769 2783 883 2812 tanquam
890 2775 1017 2811 scrobibus
1031 2775 1142 2808 plantas.

1375 2672 1443 2697 Sext.
1463 2680 1483 2696 c.
1497 2673 1532 2705 67
1543 2678 1588 2706 pr.
1657 2671 1769 2705 Tesqua
1782 2671 1877 2696 Horat.
1891 2670 1969 2703 Epist.
1983 2679 2003 2702 1,
2015 2678 2054 2702 14,
2071 2677 2107 2702 19.
2177 2669 2242 2696 Vela
2255 2675 2335 2695 vento
2354 2667 2412 2693 Sen.

1376 2708 1530 2744 Agamemn.
1566 2725 1573 2732 .
1610 2726 1617 2733 .
1655 2725 1662 2732 .
1714 2705 1799 2740 Virgo
1812 2707 1871 2731 neci
1885 2705 1985 2732 deserta
2002 2705 2089 2731 Valer.
2104 2705 2201 2739 Argon.
2216 2713 2240 2735 2,
2252 2711 2308 2737 455.
2359 2703 2411 2727 De-

1376 2743 1442 2767 serta
1456 2741 1597 2775 promislio,
1616 2750 1666 2767 non
1676 2741 1815 2776 obfirmata:
1836 2740 1940 2773 leian.
1956 2740 1973 2766 l.
1983 2749 2000 2773 4
2021 2739 2046 2779 6.
2058 2741 2126 2779 4-1).
2140 2741 2158 2767 fi
2171 2740 2229 2774 quis
2243 2745 2310 2764 caut.
2324 2738 2412 2769 Quac-

1377 2775 1453 2801 situm
1466 2775 1516 2806 est,
1536 2784 1568 2800 an
1581 2775 1654 2808 possit
1668 2775 1806 2800 conueniri
1815 2794 1822 2806 ,
1839 2783 1872 2799 110
1883 2774 1936 2800 vlla
1949 2782 2067 2808 exceptio
2081 2784 2109 2801 111
2122 2773 2286 2809 promissione
2302 2773 2412 2804 delei-ta,

323 2824 386 2844 DES
396 2822 411 2842 C
421 2823 465 2842 VL
477 2823 535 2847 ΡΟ,
554 2817 606 2841 ere.
642 2813 812 2840 Simulacrum
826 2812 899 2846 liguo
914 2812 958 2837 seu
973 2810 1059 2844 lapide
1074 2806 1233 2840 desculpitur
1245 2805 1316 2831 Ter·
1331 2809 1363 2837 75
1378 2809 1480 2835 iudicio
1494 2809 1596 2835 fistendi
1612 2811 1684 2835 causa
1703 2809 1771 2835 safra
1784 2809 1942 2836 objiciatur:
1965 2816 1991 2836 et
2005 2810 2042 2836 ait
2054 2811 2194 2836 Atilicinus
2208 2808 2412 2834 conucntjonem

425 2853 431 2869 1

284 2853 342 2915 mlii
351 2852 389 2914 Lag
397 2852 466 2914 1ἓοΒὲ
475 2859 551 2919 ,butii'
566 2884 650 2915 6111111,
670 2887 721 2910 Ere.
759 2881 892 2917 [διαπρῖω]
928 2879 1034 2909 δἐι-1111110
1045 2877 1146 2914 auferre
1155 2897 1163 2910 ,
1178 2877 1217 2903 vel
1229 2875 1316 2910 secan-

759 2919 830 2944 Caes.
843 2918 870 2943 B.
884 2917 915 2943 G.
931 2924 962 2951 7,
979 2925 996 2949 4
1023 2914 1139 2941 Auribus
1155 2911 1277 2942 desectis,
1291 2916 1316 2936 et

287 2924 317 2950 do
326 2926 428 2958 priuore
440 2924 523 2957 aliquo
535 2930 562 2947 re
574 2927 597 2945 ct
611 2919 710 2945 nudare.

918 2953 1004 2978 Varro
1022 2951 1053 2977 de
1068 2950 1099 2976 R.
1113 2950 1144 2975 R.
1161 2957 1180 2980 1,
1195 2956 1225 2980 50
1246 2947 1316 2972 Haec

286 2959 391 2992 singulis
405 2957 494 2983 effoffis
508 2956 593 2983 oculis
606 2954 714 2980 domum
730 2954 849 2980 remittit.

285 3003 366 3029 quum
383 2991 593 3028 comprehendit,
611 2990 738 3024 spicarum
752 2990 846 3015 fascem
859 2987 966 3013 desecat.
1265 3017 1268 3021 Ι

288 3030 444 3060 11111101.11,1.
514 3027 771 3056 010.Λ11.16,6ῐ,11ν.
791 3024 839 3050 Tu
849 3023 914 3049 illud
922 3021 1051 3048 desecabis
1061 3041 1068 3053 ‚
1085 3018 1316 3052 ethocagglutina-

287 3064 337 3091 bis.
372 3064 416 3090 hoc
427 3060 476 3094 est,
496 3063 526 3089 In
539 3059 628 3096 111]ἓὲἶὶ
639 3062 689 3086 Ioco
703 3059 848 3096 glutinobis.
950 3056 1080 3084 Columcl.
1095 3064 1117 3087 ς,
1131 3057 1146 3081 6
1165 3054 1211 3080 Sed
1225 3053 1242 3079 ss
1258 3051 1316 3078 fieri

285 3099 452 3134 poterit,vno
465 3096 519 3123 18111
532 3099 654 3124 arborem
669 3095 783 3130 praecidi
798 3105 803 3120 z
826 3094 862 3120 liu
878 3093 980 3125 minus,
1000 3094 1068 3119 serra
1082 3090 1205 3121 desecari,
1222 3093 1246 3114 et
1267 3088 1319 3121 pla-

287 3144 344 3169 gam
365 3134 430 3160 falce
449 3133 558 3159 alleuati
577 3131 719 3166 oportebit.
790 3130 893 3156 Viciam
916 3129 1022 3155 Colum.
1042 3135 1072 3159 2,
1088 3131 1120 3156 18.
1192 3124 1317 3150 Desccare

287 3170 368 3196 vitem
389 3170 475 3195 Varro
490 3168 521 3194 de
533 3169 563 3194 R.
578 3169 607 3194 R.
621 3176 641 3199 1,
654 3175 694 3200 41.

287 3210 429 3231 vertentem
443 3204 542 3230 lumina
556 3203 642 3230 Collo.
713 3201 794 3228 Ouid.
808 3199 893 3226 Trist.
907 3209 929 3231 2,
942 3207 990 3231 394
1016 3198 1054 3224 Ni
1076 3197 1190 3230 patrium
1209 3195 1317 3220 Crinem

289 3239 431 3299 dAesecluiss‘ct
451 3247 533 3266 amor.
605 3239 721 3272 Segetem
739 3237 756 3263 l.
772 3236 790 3262 fi
804 3237 892 3262 seruus
906 3236 1009 3261 seruum
1033 3231 1056 3269 §.
1070 3232 1171 3258 oliuam
1194 3231 1226 3256 D.
1245 3229 1277 3255 ad
1299 3228 1317 3254 l.

329 3283 355 3299 111
369 3283 426 3300 13111.

312 3283 345 3333 qD
355 3315 370 3333 Ε
378 3316 389 3334 s
400 3308 416 3334 ἦ
424 3316 439 3335 c.
449 3317 468 3336 Α
478 3315 500 3334 N
510 3316 522 3335 S
531 3328 539 3341 ,
558 3307 633 3335 antis.
669 3307 759 3333 Partic.
794 3303 939 3340 [diomflwv]
974 3304 1029 3330 Cic.
1045 3302 1077 3328 de
1085 3301 1206 3330 Vniuers.
1215 3309 1248 3326 20
1269 3308 1290 3326 c.
1301 3306 1318 3333 7

290 3343 374 3368 Partes
388 3345 471 3370 rursus
490 3353 521 3370 ex
534 3350 591 3370 toto
605 3343 730 3370 desecans.

327 3384 345 3403 D
357 3384 372 3403 E
382 3384 394 3403 s
404 3384 471 3404 ECT
481 3385 500 3403 v
511 3387 523 3406 s
532 3400 540 3411 ‚
558 3389 588 3412 a,
608 3388 662 3405 uin.
697 3376 789 3403 Partic.
825 3374 1015 3411 [πεπρωμένος]
1051 3372 1157 3400 Dese-&a
1176 3380 1235 3396 cum
1255 3369 1316 3395 stra-

292 3418 381 3438 mento
394 3412 460 3445 seges
474 3413 529 3439 Liu.
541 3423 565 3443 2,
581 3422 602 3447 5.
696 3413 803 3439 Collum
823 3411 896 3445 Virg.
912 3411 975 3436 Aen.
989 3414 1013 3441 8,
1029 3414 1085 3441 438.
1156 3406 1254 3433 Ceruix
1275 3404 1317 3430 dc—

294 3446 359 3472 stffia
377 3447 490 3480 ProP‘ff‘·
502 3458 528 3480 4,
544 3457 580 3481 10,
590 3457 629 3483 37.
700 3449 814 3474 Gramen
835 3446 915 3473 Ouid.
929 3446 991 3471 Met.
1006 3453 1043 3477 14,
1057 3447 1115 3476 648.
1211 3440 1314 3467 Herbae

293 3481 364 3506 Caes·
377 3481 404 3506 Β·
419 3482 448 3507 C·
460 3489 482 3512 37
495 3489 529 3512 53·
562 3485 632 3520 Coris.
648 3484 712 3510 Plin.
728 3492 765 3516 21,
780 3490 817 3517 17.
890 3480 1004 3506 Dcseffis
1024 3478 1169 3505 stramentis
1185 3475 1315 3503 Columcl.

294 3523 319 3547 2,
334 3524 369 3540 10.
425 3516 545 3541 1)οΓοἑ’130
558 3519 621 3544 offae
635 3520 662 3544 111
674 3519 787 3545 mulsum
803 3522 847 3544 aut
860 3516 935 3543 dulce
947 3516 1040 3542 vinum
1053 3514 1118 3540 Plin.
1127 3522 1167 3547 14,
1176 3514 1212 3538 16.

293 3549 392 3576 deseaa
403 3550 512 3575 metallis
532 3551 591 3576 Stat.
602 3554 665 3579 Silu.
678 3563 704 3586 2,
719 3563 743 3585 2,
757 3559 794 3586 ες.

330 3591 349 3610 Ι)
360 3592 375 3610 Ε
385 3591 396 3609 s
406 3591 473 3623 1».ch
483 3592 491 3609 1
501 3591 519 3609 0
529 3604 536 3616 ,
555 3586 620 3611 onis.
653 3588 672 3613 f.
708 3587 858 3624 [διάκρισις]
895 3586 1000 3613 Colum.
1016 3587 1042 3617 6,
1055 3593 1066 3616 3
1084 3585 1189 3610 Horum
1203 3581 1316 3609 dcseffio

294 3628 351 3645 cum
366 3627 469 3659 pecpm,
487 3624 543 3644 mm
563 3628 625 3653 agro
641 3622 674 3646 est
687 3624 767 3650 Vtilis.
801 3625 839 3649 De
846 3620 994 3655 stramentis
1006 3622 1122 3655 loquitur.

297 3662 348 3715 3⁷⁴1}
357 3661 372 3680 F
382 3662 394 3680 S
404 3661 419 3679 Γ·
431 3659 446 3678 (Ἴ
458 3661 475 3679 ¹³
485 3660 503 3679 0
514 3673 520 3683 2
541 3658 591 3680 3¹¹⁸&
611 3655 759 3691 [β’βηλᾶω]
784 3660 887 3693 Proprie
901 3656 934 3690 ⁶st
947 3658 984 3683 Ex
991 3657 1065 3691 sacro
1078 3654 1212 3690 profanum
1219 3651 1315 3688 jacere.

320 3700 354 3714 ιι.
378 3694 566 3714 nrssxcuo.

306 3760 309 3763 ,
329 3731 346 3749 Ὁ
357 3730 391 3749 ¹²⁸
401 3730 466 3748 [CR
478 3723 527 3761 ᾸῘΓ
538 3730 555 3749 V
565 3730 576 3749 S
586 3743 593 3754 ,
612 3732 634 3753 ὃ,
654 3732 706 3749 ι1111-
735 3726 826 3751 Partic.
860 3727 925 3754 Plin.
939 3732 975 3757 28,
989 3731 1002 3756 8
1020 3726 1159 3759 Iungemus
1174 3723 1225 3749 illis
1237 3721 1315 3748 simil-

293 3758 354 3784 luua
367 3764 391 3796 ct
406 3765 539 3797 peregrina
552 3766 632 3790 aeque
646 3759 784 3792 animalia,
803 3761 925 3795 priusque
939 3761 1175 3791 chamaeleontem,
1191 3757 1316 3792 peculiari

293 3793 426 3819 volumine
440 3792 546 3832 dignum
560 3793 731 3819 existimatum
745 3795 912 3828 Democrito,
927 3806 954 3822 ac
969 3806 1015 3831 per
1029 3795 1127 3830 singula
1140 3793 1258 3820 membra
1272 3793 1314 3818 de-

290 3829 432 3887 {?“s³‘¹'¹¹¹’
452 3836 504 3889 notu
518 3829 569 3865 line
583 3836 674 3861 magna
687 3828 834 3862 voluptate,
854 3832 981 3865 cognitis,
997 3832 1160 3867 proditisque
1174 3828 1314 3856 mendaciis

305 3872 402 3890 ,racc-ae
420 3871 479 3889 vani
493 3869 549 3888 atis.

1037 2986 1161 3011 Desecare
1180 2989 1250 3017 prata
1268 2982 1317 3007 CO·
1331 2987 1363 3013 80
1378 2987 1460 3018 serta,
1481 2994 1574 3019 egens,
1599 2985 1696 3019 ignota.

765 3165 861 3198 Virgil.
876 3165 939 3191 Aen.
957 3169 980 3195 8,
1000 3168 1047 3197 438
1075 3162 1199 3194 Gorgona
1214 3158 1316 3185 desecto
1332 3163 1360 3191 85
1378 3163 1470 3202 Horat.
1487 3162 1563 3202 Epist,
1580 3170 1598 3193 1,
1612 3171 1643 3194 11,
1657 3170 1683 3197 7,

1254 3512 1318 3537 Saxa
1331 3520 1362 3546 95
1377 3514 1443 3551 quast
1455 3515 1484 3541 ab
1499 3514 1635 3541 hominibus
1647 3513 1798 3547 derelic'lum,
1817 3524 1883 3551 quem
1899 3515 1986 3540 Gracci
2001 3516 2108 3541 Eremum
2122 3515 2214 3541 dicunt.

1323 3689 1618 3719 1001nteruenientibus
1641 3690 1762 3721 desertis,
1806 3690 1859 3716 vid.
1891 3698 1900 3716 1
1916 3698 1936 3716 N
1951 3698 1972 3716 Τ
1987 3698 2003 3718 E
2018 3698 2037 3717 R
2050 3698 2071 3718 v
2083 3697 2100 3716 E
2114 3696 2135 3715 N
2152 3696 2161 3714 1
2176 3696 2210 3715 o.

1367 3796 1431 3830 ster.
1453 3803 1480 3831 p.
1499 3805 1554 3830 399.

1323 3872 1367 3899 105
1376 3870 1415 3896 cui
1436 3867 1611 3894 conseruator
1629 3868 1767 3900 opponitur.

1379 2844 1453 2871 istam
1466 2853 1520 2870 non
1533 2844 1628 2870 valere.
1685 2843 1806 2870 Desertae
1820 2844 1973 2871 solitudines
1993 2845 2047 2872 Cic.
2062 2845 2093 2870 de
2105 2845 2165 2870 Diu.
2182 2853 2193 2870 2
2217 2853 2238 2869 c.
2254 2852 2290 2876 19.
2341 2842 2410 2869 Plin.

1381 2885 1439 2912 18‚5
1460 2878 1537 2906 Nihil
1551 2878 1698 2905 damnosius
1713 2878 1813 2905 deserto
1831 2889 1903 2914 agro.
1974 2880 2073 2906 Domus
2092 2880 2173 2906 Ouid.
2187 2878 2272 2906 Trist.
2292 2889 2320 2911 3,
2339 2884 2368 2910 8,
2385 2886 2412 2911 9.

1379 2915 1446 2941 Ter.
1461 2914 1571 2949 Adelph.
1585 2923 1607 2948 ς,
1620 2923 1647 2947 4,
1662 2923 1690 2946 19
1709 2915 1786 2940 Illum
1802 2915 1929 2949 diligunt,
1947 2914 2015 2949 apud
2029 2915 2105 2941 illum
2119 2916 2178 2941 sunt
2191 2914 2286 2947 ambo,
2306 2922 2354 2948 ego
2368 2913 2412 2939 de-

1378 2951 1458 2976 sertus
1473 2950 1537 2976 sum.
1608 2949 1679 2976 Ideni
1693 2949 1796 2976 Phorm.
1811 2958 1833 2983 5,
1848 2959 1868 2983 1,
1882 2959 1918 2983 24
1941 2951 1995 2985 Ego
2012 2957 2099 2977 autem
2115 2959 2182 2985 quae
2201 2951 2276 2976 essem
2293 2958 2356 2976 anus
2368 2948 2411 2975 de-

1774 2986 1860 3012 Locus
1880 2986 2008 3012 desertior
2031 2987 2087 3012 Cic.
2101 2987 2154 3013 Att.
2174 2994 2212 3018 13,
2232 2994 2273 3013 22.
2343 2984 2411 3011 Loci

1377 3021 1491 3047 celebres
1510 3028 1532 3047 et
1547 3021 1663 3053 Deserti,
1683 3024 1809 3048 contraria
1831 3021 1902 3047 Idem
1919 3021 1946 3047 in
1960 3022 2048 3048 Partit.
2085 3041 2092 3048 .
2173 3040 2180 3047 .
2251 3021 2321 3047 Loca
2341 3020 2410 3054 Nep.

1378 3062 1413 3088 18,
1429 3061 1450 3086 8,
1463 3065 1484 3088 ς.
1557 3056 1654 3094 Lullia
1662 3056 1779 3083 ferarum
1793 3057 1867 3091 Virg.
1882 3058 1945 3083 Aen.
1959 3065 1982 3089 3,
1996 3059 2058 3090 646.
2130 3056 2214 3091 Regio
2236 3055 2335 3082 deserta
2354 3055 2412 3087 siti,

1376 3091 1580 3131 i.j21hab1‘tabilis
1594 3092 1621 3117 ob
1629 3093 1756 3125 siccitates
1769 3099 1792 3117 et
1804 3102 1921 3128 aquarum
1930 3096 2060 3128 penuriam
2069 3092 2142 3126 Virg.
2150 3093 2214 3118 Aen.
2223 3099 2250 3124 4,
2258 3099 2300 3124 42.
2336 3089 2411 3126 Conf.

1379 3128 1433 3153 Cic.
1449 3128 1518 3153 Fam.
1534 3129 1558 3157 6,
1576 3131 1601 3156 18
1620 3134 1684 3153 extr.
1739 3127 1829 3161 Nepos
1847 3137 1887 3160 20,
1904 3138 1925 3160 3,
1942 3137 1961 3154 1.
2034 3127 2153 3154 Lebedus
2173 3127 2299 3153 desertior
2317 3125 2411 3152 Gabiis

1737 3164 1791 3189 Cic.
1812 3163 1839 3188 in
1853 3164 1937 3190 Pison.
1951 3170 1978 3196 55
1998 3163 2040 3189 Sic
2051 3163 2096 3189 iste
2111 3168 2182 3189 tanto
2196 3161 2322 3192 exercitu,
2341 3167 2412 3188 tanta

1377 3207 1514 3232 prouincia
1534 3198 1650 3223 triennio
1670 3197 1726 3232 post
1740 3198 1923 3225 Macedonicus
1941 3199 2085 3233 imperator
2103 3198 2131 3224 in
2144 3197 2238 3223 vrbem
2257 3197 2282 3222 se
2299 3196 2411 3223 intulitx

1377 3240 1408 3273 vt'
1424 3233 1522 3259 nullius
1540 3233 1713 3272 negotiatoris
1731 3233 1901 3260 obscurillinii
1913 3234 2021 3260 Reditus
2040 3241 2155 3268 vnquam
2172 3231 2254 3258 fuerit
2273 3231 2409 3259 desertior.

1377 3270 1426 3294 Via
1441 3268 1540 3295 deserta
1554 3274 1579 3294 ct
1597 3268 1693 3294 inculta
1703 3288 1710 3300 ,
1728 3275 1805 3303 atquc
1819 3269 1955 3296 interclusa
1969 3270 2022 3295 iam
2035 3267 2176 3294 frondibus
2193 3273 2218 3294 et
2236 3267 2359 3301 virgultis
2371 3275 2411 3294 re·

1378 3303 1513 3337 linquatur
1534 3304 1589 3330 Cic.
1602 3312 1651 3337 pro
1667 3303 1758 3329 Caelio
1771 3313 1806 3337 42
1831 3314 1852 3330 c.
1868 3310 1901 3334 18.
1930 3320 1933 3322 >
1971 3304 2054 3330 Vrbes
2074 3303 2165 3337 Nepos
2183 3312 2224 3337 20,
2237 3312 2260 3335 3,
2282 3311 2300 3328 1.
2352 3302 2407 3329 Cic.

1328 3341 1364 3365 90
1378 3341 1413 3372 Q
1429 3340 1510 3365 Fratr.
1524 3348 1551 3371 3,
1571 3347 1600 3370 ¹4
1619 3342 1659 3371 (4)
1683 3340 1711 3365 C.
1726 3340 1869 3366 Memmius
1882 3339 1999 3366 Tribun.
2012 3337 2095 3373 plebis
2116 3348 2173 3365 eum
2189 3339 2218 3364 L.
2233 3339 2360 3372 Capitone
2377 3336 2409 3363 ad

1377 3375 1469 3400 vrbem
1491 3373 1586 3400 accelllt
1607 3375 1638 3400 ad
1656 3375 1703 3400 ΧΠ
1724 3375 1831 3401 Calend.
1848 3375 1991 3402 octobris:
2017 3373 2086 3400 nihil
2105 3374 2206 3408 turpius
2226 3382 2254 3400 ac
2273 3373 2407 3399 desertius.

1418 3418 1432 3435 2
1470 3409 1514 3435 Sed
1533 3409 1614 3443 Stipes
1632 3409 1746 3436 desertus
1765 3410 1793 3436 in
1811 3411 1895 3445 agris,
1913 3409 2015 3444 Dtfixus
2029 3409 2210 3444 opud'l'ibull.
2226 3418 2246 3441 1,
2268 3416 2287 3440 1,
2307 3414 2331 3439 ις
2347 3414 2408 3442 pro-

1376 3445 1447 3471 hante
1457 3444 1617 3477 B›·011cl‹h1fi0
1625 3455 1631 3469 s
1653 3454 1680 3470 ex
1690 3444 1793 3480 casigni
1812 3448 1922 3476 catione,
1938 3454 2007 3479 quam
2021 3448 2047 3470 1'11
2057 3445 2244 3476 DITSERQCwii,
2257 3441 2373 3470 dedimus.

1414 3486 1476 3506 DES
1487 3486 1501 3505 Ε
1512 3486 1587 3505 RTv
1598 3486 1637 3509 M,
1665 3480 1684 3505 i.
1718 3489 1743 3505 n.
1804 3480 1904 3516 ἕρημος]
1954 3480 2042 3505 Locum
2063 3480 2211 3514 appellamus
2227 3477 2406 3509 inhabitatum,

2254 3513 2351 3539 iri-ceres
2363 3516 2408 3539 vix

1833 3549 1926 3584 Virgil.
1940 3550 2003 3575 Aen.
2020 3559 2037 3579 1,
2052 3555 2098 3583 384
2121 3550 2175 3585 Ipse
2185 3549 2306 3582 ignotus,
2320 3557 2408 3583 egens,

1377 3586 1476 3617 Lybiae
1497 3584 1595 3610 deserta
1614 3593 1739 3618 peragro,
1775 3586 1879 3619 Europa
1896 3590 1974 3619 atque
1987 3586 2044 3611 Alia
2064 3585 2157 3620 pulsus.
2228 3582 2317 3609 Ardua
2335 3585 2408 3609 Idem

1378 3622 1474 3654 Georg.
1486 3629 1508 3652 3,
1522 3628 1576 3652 291.
1647 3620 1737 3654 Longa
1757 3620 1838 3646 Solin.
1854 3629 1875 3646 c.
1888 3629 1926 3650 50-
1997 3621 2072 3647 Vasta
2092 3620 2154 3646 Plin.
2170 3625 2199 3651 ς,
2212 3628 2238 3651 4.
2310 3619 2408 3645 Colere

1378 3656 1490 3688 deserta,
1512 3655 1607 3689 versio-i
1625 3658 1651 3680 in
1668 3657 1730 3680 locis
1750 3656 1851 3690 defit-tis
1870 3655 2006 3681 Claudian.
2026 3657 2057 3683 de
2072 3656 2144 3689 Rapt.
2156 3654 2272 3688 Proserp.
2293 3662 2322 3685 3,
2359 3673 2366 3680 .

2281 3690 2410 3724 Singulari

1376 3734 1455 3753 mitem
1478 3735 1575 3751 numero
1590 3725 1712 3760 frequens
1737 3728 1869 3761 tritumque
1883 3726 2049 3760 scriptoribus
2069 3722 2248 3757 ecclesiasticis,
2279 3731 2309 3749 vt
2332 3733 2409 3749 exem-

1370 3764 1425 3797 plis
1443 3758 1621 3791 Tertulliani,
1641 3760 1817 3792 Hieronymi,
1843 3761 1993 3792 Prudentu,
2015 3758 2119 3793 ostendit
2140 3759 2259 3785 Cellarius
2282 3759 2339 3785 Cur.
2363 3760 2409 3785 Po-

1377 3552 1451 3576 uliter
1462 3559 1531 3585 quam
1542 3551 1649 3583 plurium
1669 3559 1776 3577 numero.

1413 3838 1455 3859 DE
1465 3839 1477 3858 s
1487 3838 1501 3857 E
1513 3837 1529 3856 R
1539 3836 1559 3856 T
1569 3836 1587 3855 Ο
1596 3836 1614 3856 R
1624 3850 1631 3861 ,
1652 3830 1714 3856 aris.
1734 3839 1769 3855 111.
1805 3832 1856 3865 (Λή
1887 3831 1976 3867 descrit
1990 3841 1997 3855 :
2032 3818 2085 3860 vt,
2096 3828 2221 3854 Desertor
2253 3828 2409 3859 amicorum,

1805 3867 1860 3893 Cic.
1880 3869 1932 3894 Att.
1948 3871 1972 3899 8,
1986 3872 2002 3897 9
2027 3864 2074 3890 Sed
2094 3863 2204 3890 obsecro
2222 3869 2261 3895 te,
2281 3863 2345 3898 quid
2359 3863 2408 3889 hoc

2287 3899 2406 3925 miserius

2347 1056 2408 1074 cum
2436 1064 2447 1079 ,ι
