2479 4225
73 235 121 281 89
221 268 304 278 ..
442 227 479 267 D
568 228 603 269 E
693 229 729 268 O

108 322 127 344 D
137 323 152 343 Ε
162 322 180 343 0
190 323 204 344 s
213 321 231 343 C
242 321 263 341 V
274 323 290 343 L
299 321 379 343 ATV
388 323 400 343 s
409 335 417 348 ,
437 325 451 342 a
461 336 469 348 ,
487 325 541 343 uni.
578 318 644 343 Part.
681 315 749 342 Gell.
765 323 785 346 1,
799 321 828 346 23
857 313 963 340 Senatus
979 313 1057 341 fidem
1072 321 1108 341 at=

60 352 125 387 ⁷que
139 352 276 387 ingenium
293 352 368 386 pueri
388 351 550 378 deosculatus
568 351 713 379 consultum
731 350 802 376 facit.
839 349 886 377 Sed
898 351 989 385 lrgititr
1004 351 1110 377 exoscu-

73 388 151 415 latur.
188 388 265 421 Apul.
278 388 343 413 Met.
357 396 369 419 3
383 396 406 421 p.
423 396 471 419 390
490 389 576 421 Qiain
590 396 638 421 ego
652 385 786 419 amplexus
800 390 825 410 et
845 385 1008 412 deosculatus
1028 387 1109 420 prius,

73 431 118 450 etc.
163 422 236 449 Idem
251 432 266 449 2.
284 432 308 456 p.
329 430 371 456 127
401 422 554 450 Huius'diu
573 429 662 448 manus
683 420 855 446 deosculatus.
927 421 1108 454 Deosculzitiis,

72 457 135 492 Paſj.
172 459 239 484 Idem
261 458 336 492 Apul.
350 467 365 483 2
385 467 408 492 p.
422 467 462 491 119
486 459 533 486 llla
550 457 653 485 tursum
673 463 715 482 me
734 455 892 482 deosculato.
915 464 937 482 et
958 466 982 491 p.
1005 466 1045 484 121
1072 459 1109 484 Ac

72 503 115 521 me
130 493 230 527 pressim
244 493 400 520 deosculato.

108 535 199 556 Deos
211 535 228 555 c
240 535 412 560 VLAT10‚
431 529 499 555 sinis.
516 525 537 554 f.
571 524 648 560 Apud
662 525 800 560 Angustia.
815 532 838 552 et
854 526 968 553 Hieron.
997 546 1004 554 .
1033 544 1040 554 .

422 591 452 622 D
575 587 601 617 E
728 584 750 618 P

93 641 362 663 ·DEPACISCOR
377 655 386 668 ‚
405 635 429 671 s
459 637 697 659 DEPECISCOR
711 652 718 665 ,
745 631 819 659 acius
833 632 858 668 s.
880 633 951 660 ec‘tus
965 634 1020 660 siim
1034 653 1041 664 ,
1065 633 1109 660 sci.

72 671 253 705 [συντιθεμοιι]
292 670 367 697 PaHo
381 672 446 697 litem
451 667 538 703 finire,
547 676 618 702 eoque
630 669 670 693 vel
682 672 761 703 ται-ΡΙ,
773 670 812 694 vc!
823 676 886 695 certe
894 669 955 695 duro
968 676 992 694 et
1005 668 1109 701 nioltflo.

72 708 141 733 Cum
154 706 328 733 creditoribus
343 703 510 740 depeciscitur
523 703 600 736 Apul.
616 703 692 737 Apol.
708 712 764 735 322,
781 706 823 730 26.
895 705 950 730 cic.
964 704 996 730 de
1005 706 1107 731 Inuent.

73 750 97 774 2,
111 749 142 776 72
162 751 183 767 c.
205 750 240 774 24
276 742 390 776 Qiidain
406 740 553 772 Imperator
573 747 654 772 quum
683 738 715 764 ab
736 739 854 765 hostibus
873 739 1110 772 circuiiiliderctur,

70 785 157 811 neque
175 777 289 812 effugere
310 777 363 803 vllo
383 774 463 800 modo
484 774 580 807 posset,
606 773 728 808 depa&us
748 774 784 800 est
803 784 862 800 cuni
877 783 929 807 e0,
948 781 977 801 vt
996 784 1068 802 arma
1083 783 1108 802 et

72 812 260 846 impedimenta
281 808 567 845 relinqueret,milites
585 808 716 836 educeret.
788 809 887 836 Grandi
908 811 1027 844 praemio
1048 821 1107 837 cuni

70 847 155 876 altore
174 848 281 882 depae’m
297 846 331 873 est
343 844 428 871 ιιοὲὶίε
441 844 518 870 vuius
537 845 710 871 concubitum
738 845 815 879 Apul.
831 846 894 871 Met.
911 853 938 871 ιο
959 855 982 880 p.
996 851 1055 879 248,
1071 850 1106 873 ιώ.

72 883 129 909 Cic.
150 892 197 918 pro
213 884 285 910 Rosc.
299 882 384 908 Amer.
406 886 443 912 115⁶
462 888 482 906 c.
497 887 528 912 39
566 880 629 906 Non
651 881 768 914 paullum
795 880 883 906 nescio
911 882 975 915 quid
1000 882 1026 907 in
1053 891 1108 908 rem

71 919 142 944 suam
164 915 309 948 conuertit,
334 915 376 942 sed
398 914 466 941 liunt
485 914 605 941 funditus
625 918 721 942 euertit
740 916 831 942 bonis:
858 916 911 950 ipse
931 917 983 944 tria
1002 918 1108 951 praedia

72 953 121 980 sibi
146 954 266 988 dcpadhis
291 951 340 983 est,
362 951 527 977 voluntatem
548 951 730 978 Decurionum
749 957 778 977 ac
798 952 965 986 Municipuin
985 954 1105 980 omnium

69 989 205 1019 tantidem,
216 988 305 1023 quanti
318 985 396 1012 fidem
410 987 481 1012 suain
494 986 567 1012 fecit.
605 988 635 1012 Et
650 995 691 1012 110
704 996 725 1012 c.
735 991 762 1018 38
779 987 847 1012 Cum
862 987 910 1013 illo
923 994 1023 1022 partem
1038 990 1109 1015 suam
1123 996 1157 1015 20
1171 990 1199 1014 A
1210 987 1314 1022 peculio
1329 987 1458 1014 deduHum
1471 990 1583 1022 verbum,
1597 989 1728 1025 significat
1740 993 1892 1025 propr-t‘eEa,

71 1024 206 1059 depacisci.
275 1023 329 1048 Iam
349 1019 477 1055 depecisci
496 1028 583 1047 morte
602 1023 681 1056 cupio
699 1022 769 1048 Ter.
783 1022 888 1048 Phorin.
905 1032 925 1055 1,
938 1032 959 1055 3,
979 1033 1017 1056 ι4.
1059 1025 1108 1050 Vbi

71 1061 203 1091 Donatus,
225 1057 358 1092 Depacisci
371 1056 493 1091 pa&ione
507 1057 656 1091 tranligere.
726 1057 782 1084 Cic.
798 1058 850 1084 Att.
865 1067 890 1090 9,
903 1066 932 1092 7,
954 1059 1040 1086 Video
1055 1059 1106 1086 tibi

70 1095 136 1121 illud
148 1095 262 1129 placere,
283 1101 325 1119 me
343 1093 483 1125 πολίτευμα
505 1092 537 1118 de
551 1102 611 1127 pace
625 1093 770 1126 suscipere:
787 1093 815 1118 in
829 1102 882 1127 quo
897 1102 950 1119 non
965 1096 1107 1122 extimesco

68 1130 222 1166 periculum.
241 1137 322 1163 quum
342 1129 414 1154 enim
432 1134 471 1154 tot
492 1128 675 1162 impendeant,
695 1137 743 1154 cur
764 1137 817 1154 non
838 1129 1014 1156 lioneltissiiiio
1029 1131 1106 1165 depa-

69 1165 130 1193 cisci
142 1164 240 1192 velim?
312 1164 368 1190 Cic.
382 1163 461 1189 Verr.
477 1172 500 1196 3,
512 1166 546 1190 60
559 1173 581 1190 c.
596 1172 631 1196 24
658 1164 781 1198 Equitem
796 1165 945 1190 Romanum
960 1166 1051 1192 scitote
1068 1167 1107 1192 bi-

69 1201 148 1229 duum
161 1199 222 1226 cibo
235 1199 359 1234 tcfimquc
372 1198 556 1233 prohibitum:
580 1198 693 1225 biduum
708 1200 846 1226 Leontinis
865 1200 892 1226 iii
907 1201 968 1227 soro
982 1201 1107 1228 custodiis

66 1235 179 1271 Apronii
196 1240 328 1261 retentum
349 1241 428 1269 atque
447 1235 593 1261 seruatum:
624 1244 712 1270 neque
730 1241 790 1261 ante
811 1235 958 1269 dimissum,
973 1246 1053 1272 quain
1073 1237 1107 1264 ad

66 1271 230 1299 conditiones
247 1271 304 1296 eius
319 1270 442 1304 depactus
456 1270 500 1296 est.

100 1313 167 1333 DEP
178 1312 224 1332 AC
234 1312 255 1332 'r
266 1312 286 1331 v
298 1313 329 1339 s,
344 1315 374 1338 a,
398 1314 452 1332 iim.
489 1305 582 1332 Partic.
618 1315 634 1333 a
653 1305 812 1340 Depaciscor
828 1305 897 1333 modo
914 1306 1056 1334 habuimus.-
1082 1313 1106 1335 et

64 1351 81 1369 a
93 1343 233 1377 Depango,
256 1341 310 1367 vid.
331 1348 375 1368 niz
384 1348 458 1368 PAN
467 1347 486 1368 G
496 1347 525 1367 o.

102 1383 217 1404 nrrssc
228 1382 249 1402 T
262 1384 280 1403 ν
291 1383 304 1403 s
318 1397 326 1409 ,
352 1385 383 1409 a,
413 1385 466 1402 um.
501 1376 594 1403 Partic.

64 1412 124 1447 le.
139 1413 167 1438 in
180 1412 196 1438 Ι.
217 1413 249 1439 Et
262 1412 423 1446 generaliter
437 1411 460 1448 ᾗ.
475 1421 485 1438 ι
506 1412 538 1438 D.
553 1412 584 1437 de
598 1412 857 1445 Calumniatoribus,
878 1414 937 1439 Hoc
956 1414 1038 1447 igitur
1052 1414 1107 1440 edi—

62 1447 106 1473 «Sto
120 1454 225 1474 tenetur
243 1449 323 1474 etiam
338 1448 375 1480 is,
386 1448 433 1482 qui
446 1447 571 1482 depectus
585 1447 629 1473 cst·
667 1447 797 1482 Depe&us
818 1456 905 1475 autem
921 1448 1020 1476 dicitur
1031 1450 1107 1476 Tui·—

80 1483 131 1509 iter
143 1483 248 1517 paetus,
268 1483 340 1519 quod
359 1484 388 1509 in
406 1482 559 1510 vniuersum
577 1491 672 1509 verum
692 1482 761 1510 haud
778 1483 827 1510 est:
852 1493 913 1511 nain
932 1491 958 1511 et
979 1485 1106 1520 depecisci

82 1520 170 1545 oneste
183 1519 254 1546 licet.
290 1519 415 1555 ,Qzaedam
433 1520 583 1554 exemplaria
595 1520 681 1580 legunt
693 1518 832 1553 Depakhis.

97 1560 313 1588 DEPECTIO,
331 1554 400 1581 onis.
427 1555 447 1581 f.
484 1555 514 1581 C.
527 1553 609 1580 Theo
630 1574 636 1580 .
652 1553 669 1581 l.
684 1564 700 1581 2
714 1561 733 1581 t.
747 1563 783 1580 io.

97 1596 245 1617 DEPECT
255 1597 273 1617 ο
283 1598 319 1623 R,
339 1591 404 1617 oris.
422 1599 458 1617 m.
494 1589 573 1624 Apul.
586 1589 664 1624 Apol.
677 1599 703 1625 p.
716 1596 768 1622 321,
781 1597 809 1622 32
835 1589 876 1616 Est
894 1590 966 1616 enim
983 1590 1105 1617 oninium

58 1624 148 1652 litium
169 1625 304 1660 depector.

636 1375 860 1412 [συντεθειμένος]
895 1378 923 1404 A
940 1378 1105 1418 ereciscor.

96 1667 289 1693 DEFALLO,
308 1665 360 1688 fite.
397 1661 548 1688 Graecatim
569 1659 696 1694 depallari
715 1660 798 1694 magis
817 1668 897 1693 quam
922 1659 1028 1685 amiciri
1054 1662 1107 1694 quia

58 1695 114 1722 dam
121 1697 205 1732 legunt
217 1696 337 1723 Tei-tull.
351 1696 384 1723 de
396 1696 487 1723 Pall.c.
496 1705 523 1730 4.
559 1696 607 1723 Sed
621 1693 713 1722 restam
723 1694 756 1728 est
769 1693 893 1729 depilari,
902 1702 931 1721 vt
946 1698 996 1721 iam
1009 1695 1106 1720 dicetur
1119 1709 1156 1733 40
1204 1701 1223 1720 1)
1234 1702 1249 1721 E
1259 1702 1272 1719 1>
1281 1702 1297 1720 E
1306 1702 1322 1720 L
1332 1702 1365 1721 Li
1377 1700 1394 1720 c
1405 1700 1424 1718 v
1434 1701 1449 1719 ι,
1459 1702 1478 1720 ο
1487 1713 1496 1726 ,
1528 1698 1580 1719 are.

59 1733 88 1756 in
109 1736 271 1757 DEPALO.

97 1766 197 1792 DEPK
204 1772 249 1792 LO
265 1785 273 1798 ,
299 1770 350 1793 are.
393 1765 461 1793 Idem
484 1765 551 1801 quod
572 1765 675 1793 palare,
700 1769 744 1788 aut
765 1762 885 1796 Deorfiaem
904 1763 974 1795 palis
995 1759 1040 1794 affi
1058 1770 1104 1786 ere.

59 1799 179 1825 Tei-tull.
193 1799 293 1826 aduers.
307 1803 435 1832 Herinog.
455 1808 477 1824 c.
491 1807 518 1831 ¹9
529 1801 614 1832 princ.
640 1797 749 1822 Incultis
764 1797 854 1829 priino
869 1795 1006 1821 elementis
1047 1805 1106 1829 epa-

58 1833 114 1859 lans
126 1833 324 1867 quodammodo
337 1834 473 1860 mundum.
518 1832 593 1858 Idem
607 1831 684 1864 Apol.
699 1839 720 1855 c.
737 1836 765 1856 10
796 1830 916 1862 Ciuitas,
930 1839 1009 1864 quam
1028 1830 1104 1865 dcpa.

57 1867 158 1894 lauerat
167 1887 176 1900 ,
195 1871 214 1893 i.
251 1868 375 1899 undarat,
388 1865 550 1899 corstituerat
565 1866 702 1892 Barbarum
716 1868 852 1896 notionem,
868 1875 882 1891 a
895 1865 979 1892 Palam
993 1864 1104 1898 ductam,
1118 1882 1151 1907 45
1167 1867 1264 1894 statuae
1278 1874 1396 1895 veterum
1411 1869 1549 1896 hominum
1563 1869 1689 1896 deiectae.

51 1910 101 1939 pro
115 1903 218 1938 Manife
241 1912 299 1935 are,
312 1903 411 1938 refutat
428 1901 522 1942 Voffius
541 1901 569 1928 de
588 1902 667 1928 Vitiis
680 1901 754 1927 Serm.
768 1911 793 1936 4,
810 1911 834 1935 5.
867 1901 941 1936 Conf.
957 1903 1026 1927 Iunii
1041 1903 1103 1943 Not.

57 1938 92 1966 “d
103 1936 606 2000 Te‘mu‘''21¹{Znt¹1⁷1¹1‡¹¹1i⁰0‘1¹1¹.'13'153}¹24
621 1936 818 1998 Fi'i'ifii‘ussr‘·
832 1937 1103 1998 stifftwstt'f

50 1973 319 2050 ‚ggsnilljcatgepluzuqdi
330 2009 395 2050 apud
414 2008 541 2051 'renuis
553 2008 585 2050 de
598 1993 663 2048 l'all.⁸
673 2016 691 2040 4
710 2003 796 2049 legunt
816 2007 965 2034 Graecatim
985 2005 1102 2042 depalari

56 2045 470 2113 mzffgpqgaltnssa'ilt12cgqi.6n{tglttg
481 2042 783 2113 'viilsiiii‘lesizlgag-gi?
797 2044 1010 2118 &oibiogiorum
1023 2076 1101 2111 depa-

55 2116 176 2145 tationes.
210 2115 331 2152 Diuersas
349 2117 512 2150 interpretum
525 2115 667 2150 firztentias
686 2113 743 2139 vide
762 2117 788 2139 in
808 2114 883 2148 Voffii
902 2115 982 2151 Etym.
999 2119 1026 2147 p.
1045 2117 1100 2145 365.

58 2158 83 2178 et
107 2151 168 2177 adde
199 2151 318 2186 Inscript.
348 2150 463 2177 Fabrett.
495 2159 520 2184 p.
546 2156 593 2182 245·
636 2150 682 2175 HI
718 2149 748 2175 T
757 2150 775 2175 E
785 2150 806 2175 R
815 2150 841 2175 M
853 2150 863 2174 1
872 2148 898 2175 N
907 2149 918 2174 Ι
954 2149 1002 2174 ΡΟ
1010 2148 1024 2174 S
1033 2149 1044 2173 1
1052 2148 1101 2174 TI

59 2186 180 2213 SVNT
208 2187 258 2212 AB
285 2185 590 2212 SCRIBONIANO
620 2185 677 2211 ET
702 2185 856 2211 PISONE
889 2184 1022 2210 FRVGI
1049 2183 1100 2210 EX

56 2221 368 2249 DEPALATIONE
420 2221 460 2248 T.

54 2257 357 2323 ΒΙυΊζῖξξξιᾹΤοκ,
381 2291 443 2318 oris.
471 2301 508 2318 m.
543 2292 585 2319 Sic
610 2290 787 2318 Tertulliano
812 2290 914 2317 aduers.
937 2290 1019 2316 Marc.
1041 2297 1062 2322 ς,
1084 2291 1102 2315 6

54 2327 157 2355 Paullus
171 2329 308 2362 appellatur
320 2327 487 2354 Architeems
502 2327 615 2362 prudens
628 2333 654 2354 et
666 2326 800 2361 depalator
814 2326 968 2360 disciplinae
981 2325 1100 2358 diuinae,

55 2363 103 2398 qui
116 2363 186 2398 quasi
201 2363 266 2398 palis
286 2363 376 2398 positis
390 2364 467 2390 sacris
480 2363 605 2390 definiuit
618 2369 644 2390 et
661 2362 861 2396 circumscripsit
873 2362 901 2388 in
914 2361 1032 2396 publico.

91 2405 110 2425 D
120 2406 137 2426 E
148 2405 163 2424 P
173 2405 195 2425 Α
204 2406 220 2425 L
229 2406 254 2425 M
263 2405 282 2425 Ο
293 2419 302 2432 ,
328 2403 379 2425 are.
429 2398 579 2434 [θενοιρίζω]
626 2400 713 2426 Palma
738 2405 876 2434 percutere.

56 2435 247 2469 Qiemcunque
261 2434 454 2469 depalmauerat
463 2454 471 2467 ,
491 2434 626 2462 numerari
638 2434 724 2461 statim
737 2433 877 2461 secundum
890 2433 948 2461 XII.
962 2432 1044 2459 tabul.
1059 2432 1098 2459 vi-

52 2470 122 2505 ginti
134 2476 159 2496 et
172 2470 290 2504 quinque
303 2470 363 2496 asses
377 2469 495 2496 iubebat.

90 2512 109 2531 D
117 2512 134 2532 E
143 2512 158 2531 P
168 2512 190 2532 A
198 2513 220 2532 N
231 2512 250 2532 G
261 2512 280 2532 0
291 2525 299 2538 ,
318 2506 380 2532 anxi
399 2512 423 2531 et
441 2505 483 2540 egi
491 2526 500 2538 ,
520 2507 573 2532 ere.
611 2506 624 2540 [
631 2505 825 2539 καταπῆγνυμι]
862 2505 990 2535 Namare,
1009 2501 1098 2539 defige-

54 2549 97 2573 re,
113 2543 140 2567 in
154 2547 247 2567 terram
255 2547 356 2576 ponere.
392 2541 459 2567 Plin.
474 2543 512 2573 16,
527 2543 562 2567 26
587 2540 635 2567 Sed
653 2541 681 2567 in
701 2540 751 2567 hoc
770 2549 879 2575 quoque
895 2539 1038 2574 prouidens
1053 2547 1097 2564 na-

53 2581 113 2602 tura
131 2576 210 2602 facile
222 2577 336 2603 nascenti
357 2581 383 2603 et
402 2576 512 2611 depae'to
533 2576 638 2603 surculo
652 2575 808 2603 incuriofiiis
821 2577 909 2602 semen
926 2574 1007 2601 dedit.
1045 2575 1096 2601 Co·
1110 2584 1142 2615 63
1160 2577 1207 2602 sub
1228 2576 1351 2609 exemplo
1370 2576 1444 2602 falsas
1456 2576 1605 2602 auditiones
1619 2575 1785 2609 depellerem.

30 2631 33 2633 -
53 2611 142 2637 lumel.
160 2614 225 2651 35¹⁶
262 2613 407 2647 Qunnque
426 2613 462 2639 sat
481 2612 533 2639 erit
546 2612 636 2639 medio
649 2612 733 2647 spatio
742 2633 750 2645 ,
764 2611 836 2646 quod
850 2616 924 2638 vacat
938 2611 1007 2637 inter
1018 2610 1096 2642 vites,

54 2654 101 2680 per
114 2646 194 2672 imam
207 2647 303 2673 lineam
318 2647 472 2681 depangere.
658 2668 666 2673 .

90 2687 270 2708 DEPACTV
280 2689 307 2711 s,
326 2690 355 2713 a,
373 2691 428 2707 iim.
464 2683 531 2708 Part.
568 2684 596 2708 A
607 2683 749 2716 Depang03
770 2681 837 2708 Idem
850 2681 915 2716 quod
926 2679 1037 2713 Defixus.
1061 2680 1096 2704 Vt

56 2715 172 2749 Depa&a
186 2716 214 2742 in
233 2721 331 2742 terram
346 2724 401 2742 non
417 2715 592 2742 extrahuntur
605 2717 669 2742 Plin.
685 2725 707 2748 2,
720 2718 761 2747 96.
811 2715 942 2748 Βερῡιᾶιις
956 2715 1027 2740 vitae
1044 2719 1095 2739 ter-

54 2751 141 2776 minus
158 2752 263 2777 Lucret.
278 2759 303 2783 2,
317 2756 383 2783 1085.
400 2753 420 2776 ι’.
442 2752 505 2777 Fixa
519 2754 585 2776 vitae
597 2757 668 2777 meta.
713 2750 797 2784 Stipes
811 2750 919 2776 Tibull.
935 2758 953 2782 ι,
969 2758 989 2781 ι,
1004 2757 1041 2783 17.

90 2792 291 2812 DEPANNIS
306 2806 315 2818 ,
347 2795 370 2813 e.
407 2785 468 2811 Adi.
496 2786 622 2820 Eripuisti
640 2786 764 2819 primitus
784 2785 946 2819 depannibus
966 2786 1094 2817 Pompon.

51 2820 118 2856 apud
129 2821 200 2847 Non.
218 2825 241 2852 8,
256 2830 298 2854 42.
318 2824 335 2847 ι’.
347 2820 402 2855 fine
409 2823 506 2858 pannis
520 2821 642 2857 quisunt.
678 2821 724 2847 Sed
735 2821 841 2847 Nonius
855 2819 953 2853 dlulfim
967 2819 1048 2854 sumit
1061 2818 1094 2844 de

51 2856 198 2892 pannibus,
217 2859 236 2882 i.
256 2860 361 2891 pannis.

88 2899 106 2918 D
116 2898 131 2918 E
142 2899 156 2918 Ρ
166 2899 187 2919 Α
198 2897 216 2918 R
229 2897 246 2918 C
258 2898 278 2917 v
287 2897 310 2923 S,
323 2900 347 2924 a,
361 2901 416 2918 uin.
437 2891 498 2917 Adi.
517 2888 661 2925 [φειὸολός]
677 2891 726 2917 Pro
737 2889 868 2917 Immodfce
879 2896 965 2924 parco.
984 2888 1093 2914 Siieton.

53 2928 82 2954 in
98 2928 200 2954 Neron.
215 2936 235 2953 c.
250 2935 281 2959 30
302 2926 428 2954 Sordidos
447 2926 556 2961 putabat
575 2927 624 2953 else
643 2935 671 2952 ac
686 2926 826 2960 deparcos,
847 2924 945 2960 quibus
965 2924 1094 2959 impensa·
1110 2941 1142 2969 75
1155 2936 1278 2963 mamque
1291 2928 1359 2954 focis
1373 2927 1505 2962 depellere
1525 2929 1580 2955 Cic.
1597 2938 1645 2963 pro
1658 2929 1747 2956 Sextio
1760 2939 1802 2962 90.

53 2972 113 2995 rum
125 2963 194 2989 ratio
207 2962 343 2989 constaret.
380 2962 454 2998 Conf.
473 2962 549 2997 Apul.
562 2962 640 2996 Apol.
655 2971 678 2996 p.
694 2970 754 2994 290.

89 3004 107 3024 D
117 3005 134 3025 E
143 3005 186 3025 ΡΑ
196 3005 214 3025 R
223 3005 267 3025 CO
276 3018 284 3030 ,
300 3000 353 3024 ere.
389 2997 545 3033 Decet-pendo
558 2997 657 3024 aliunde
670 2995 766 3033 aliquid
777 2998 900 3032 colligere.
936 2995 1019 3021 Solin.
1035 3004 1055 3021 c.
1065 3003 1093 3020 io

53 3033 176 3066 (Salmas.
189 3038 225 3066 4)
249 3034 307 3060 Hoc
322 3033 511 3060 collectaneum
527 3033 694 3068 depereunt,
710 3038 738 3059 vt
752 3030 879 3059 sufficiant
898 3031 971 3063 vsui,
985 3030 1033 3057 vbi
1048 3030 1091 3056 de-

52 3070 164 3096 fecerint
178 3069 354 3103 scaturigines.
373 3073 412 3096 ita
424 3069 533 3095 emendat
545 3069 646 3104 Salmas.
660 3072 687 3094 in
701 3068 782 3095 Solin.
797 3078 821 3102 p.
837 3076 879 3102 72.

87 3111 106 3130 D
117 3112 155 3131 ΕΡ
164 3112 185 3132 Α
195 3111 207 3131 S
216 3112 233 3132 C
244 3110 276 3137 Ο,
295 3105 480 3139 ρξιιῐ,”ᾶῆιιιη,
500 3109 554 3131 ere.
591 3105 701 3138 [νέμω]

53 3139 142 3166 lumel.
158 3148 185 3175 7,
201 3148 222 3173 ς,
236 3149 260 3166 21
288 3141 316 3166 Si
333 3140 412 3167 haedi
423 3140 538 3168 roscidas
557 3139 650 3166 herbas
664 3139 827 3174 depaiierint.
861 3139 919 3165 Vni.
933 3138 999 3164 Plin.
1015 3142 1038 3169 8,
1052 3145 1091 3169 κς.

53 3175 108 3202 Cic.
122 3175 154 3202 de
166 3176 240 3202 Orat.
254 3184 280 3208 2,
293 3181 343 3209 284
363 3185 385 3202 c.
400 3184 435 3211 70
471 3178 561 3210 Quini
581 3182 704 3210 ageretur
722 3175 754 3201 de
773 3175 841 3209 agris
860 3174 988 3208 publicis,
1012 3179 1038 3199 et
1057 3172 1089 3198 de

57 3209 112 3244 lege
123 3211 246 3243 Thoria,
266 3218 291 3237 et
304 3217 469 3245 premeretur
482 3211 607 3238 Lucullus
620 3210 652 3237 ab
665 3211 709 3243 iis,
722 3211 769 3245 qui
782 3220 797 3237 a
810 3219 903 3245 pecore
917 3209 973 3235 eius
987 3208 1091 3242 depasci

57 3245 137 3278 Agros
156 3246 274 3280 publicos
294 3247 421 3274 dicerent.
491 3249 592 3274 Aliter:
614 3247 744 3273 Columel.
766 3255 792 3279 2,
808 3254 829 3272 ii
864 3246 895 3272 Et
914 3245 931 3271 fi
952 3245 1089 3279 depascere

58 3279 154 3313 saepius
170 3282 258 3314 voles,
277 3283 357 3317 vsque
370 3283 399 3309 in
416 3284 532 3310 inensem
545 3283 647 3309 Maium
660 3280 762 3309 sufficit.

56 3314 113 3340 Cic.
127 3314 157 3340 de
168 3317 259 3351 Legib.
274 3326 294 3350 1,
307 3326 334 3351 55
347 3328 369 3345 c.
384 3327 412 3345 21
442 3319 549 3353 Depasci
562 3324 680 3345 veterem
698 3317 873 3353 poss'cffioneni
888 3315 1044 3343 Academiae
1055 3314 1088 3341 ab

56 3349 106 3375 hoc
120 3355 194 3377 acuto
206 3352 313 3380 homine
333 3363 387 3381 non
401 3354 520 3381 sinemus.
558 3355 677 3389 Loquitur
695 3353 761 3389 quasi
779 3353 807 3379 de
822 3360 915 3388 prato,
942 3358 985 3378 aut
997 3351 1088 3387 segete,

56 3394 127 3447 {mm
150 3386 250 3415 alienum
267 3394 340 3422 pecus
363 3390 511 3425 depascitur.
568 3391 623 3416 Cic.
643 3389 675 3416 de
690 3390 763 3416 Orat.
778 3397 803 3420 2,
816 3391 850 3421 96
869 3397 890 3414 c.
906 3396 932 3419 ²3
968 3387 1048 3420 Qiod
1069 3386 1086 3412 fi

76 3430 99 3446 ic
115 3419 201 3446 noster
214 3421 338 3457 Sulpicius
352 3426 464 3457 faceret,
484 3426 570 3452 multo
585 3426 641 3452 eius
661 3425 749 3452 oratio
762 3425 822 3450 esset
837 3422 958 3458 preffior:
988 3424 1016 3449 iii
1035 3431 1087 3457 qua

1127 822 1152 847 ¹5
1171 818 1327 846 erpere-utere
1350 811 1418 838 Ter.
1434 813 1529 838 Heaut.
1544 822 1565 844 ς,
1581 822 1600 846 1,
1615 823 1657 849 77.

1117 2057 1148 2082 50
1166 2045 1280 2079 Respub.

507 2221 528 2248 F
541 2221 562 2247 L
575 2221 598 2247 A
613 2222 636 2247 V
649 2221 662 2247 I
674 2220 688 2247 Ι
731 2219 988 2247 VESPASIANI
1036 2219 1100 2245 AR·
1118 2234 1146 2261 55
1166 2220 1246 2247 Aliud
1260 2221 1293 2247 ab
1307 2222 1360 2247 alio
1373 2221 1469 2255 depelli
1489 2222 1545 2248 Cic.
1559 2221 1591 2248 dc
1605 2222 1669 2248 Fato
1682 2231 1724 2248 20.

1123 2769 1140 2786 0
1157 2752 1242 2777 Cursu
1257 2750 1331 2777 ιεὸὶο
1344 2750 1460 2784 aliquem
1478 2751 1546 2777 Hor.
1554 2751 1604 2777 Sat.
1618 2759 1641 2781 2,
1655 2758 1678 2784 ς,
1695 2757 1735 2785 78.

737 3103 858 3140 past-endo
872 3102 1001 3138 absumere·
1039 3102 1091 3128 CO·
1105 3115 1138 3141 80
1153 3107 1223 3132 ratio
1243 3106 1351 3140 depellit
1378 3106 1450 3132 Idem
1472 3108 1541 3133 Fani.
1567 3116 1589 3139 2,
1608 3115 1642 3139 ις.

830 3283 876 3308 Per
892 3282 1088 3306 translationem.
1105 3292 1134 3321 83
1151 3285 1209 3311 Cic,
1222 3283 1253 3310 de
1267 3285 1335 3318 Lege
1351 3284 1411 3318 Agr,
1449 3304 1455 3310 .
1493 3304 1498 3309 .

1566 231 1850 275 DEP
2156 256 2209 292 90

1355 352 1365 355 -
1515 319 1580 346 Idem
1593 320 1767 357 quodfimplex
1781 323 1871 349 Paulo:
1891 324 1954 352 vnde

1210 357 1227 377 D
1239 359 1254 377 E
1266 358 1280 377 ι’
1291 359 1312 378 Α
1323 358 1343 391 y
1354 360 1362 378 1
1374 359 1422 378 Ti*
1433 362 1462 393 s,
1480 363 1502 385 a,
1523 364 1576 382 uin.
1599 357 1690 383 Partic.
1733 359 1797 393 lym
1810 358 1843 391 <sl
1858 361 1961 387 sollu-,s
1975 371 1995 388 c.
2011 371 2023 389 ε
2049 365 2152 391 Parcius
2167 365 2210 392 de-

1175 387 1262 420 pauita
1278 386 1511 428 leuibusuvestigiis
1526 391 1639 418 inuiate.

1211 429 1229 447 D
1240 430 1254 448 E
1266 430 1279 449 P
1289 430 1310 449 Α
1319 429 1340 448 V
1349 430 1363 448 P
1374 430 1389 448 Ε
1398 430 1415 449 R
1426 432 1444 448 ()
1452 442 1459 454 ,
1478 430 1527 450 sire.
1548 427 1721 461 [πενητσπωέω]
1743 429 1971 464 Pnuperemsiicerr,
1984 434 2124 467 consumere.
2147 437 2209 462 Lau—

1214 312 1409 347 DEPA'V10‚
1428 321 1474 344 irc.

1133 454 1147 481 ⁵
1175 456 1248 483 datur
1261 468 1275 483 a
1290 460 1388 484 Perotto
1408 460 1502 491 Varro,
1517 462 1589 487 Prius
1603 471 1680 496 quani
1700 465 1807 489 domum
1821 464 2010 499 depauperass'ct
2020 469 2103 495 sunitu
2118 472 2173 497 suo.

1212 499 1710 534 DIEPECISCOR311L11ECTVS,
1730 499 1782 525 vid.
1804 506 1995 527 DEPAcisC
2009 508 2066 529 ort.

1211 534 1229 553 D
1240 536 1254 554 F.
1265 536 1277 554 P
1289 536 1303 554 r:
1313 535 1329 556 c
1339 535 1360 555 T
1369 536 1388 555 0
1398 549 1406 561 ,
1432 538 1486 569 xiii,
1505 539 1575 562 xum,
1592 535 1643 558 erc.
1681 534 1813 569 [κτινίζω]
1852 536 1918 562 Idem
1931 537 1995 571 quod
2010 538 2115 565 Ptf‘lcre.
2152 541 2210 568 Cri-

1174 572 1219 589 nes
1234 564 1370 604 deptheie
1402 564 1483 590 Ouid.
1499 566 1563 606 halt.
1578 569 1603 598 6,
1619 577 1673 599 229.
1730 570 1775 597 Sed
1785 568 1903 605 [toflemlo
1915 572 2031 608 ,ιιι-μνη),
2053 575 2208 610 Vellei-aque

1173 605 1201 624 vt
1214 599 1289 625 foliis
1302 599 1439 633 depec'tant
1453 607 1542 627 tenuia
1558 603 1629 628 Seres
1651 604 1860 640 Virg.Georg.2,
1875 612 1922 633 izt.
1979 608 2123 641 Depeocrt·
2136 612 2208 637 fron-

1128 643 1156 660 ιο
1174 634 1247 660 diuni
1263 636 1385 661 canitiem
1415 636 1481 662 Pliii.
1496 642 1521 669 (i,
1536 644 1572 671 17.
1587 645 1609 664 et
1623 646 1657 671 12,
1671 648 1700 673 ¹4
1719 642 1797 674 Qiod
1812 643 1840 668 in
1855 642 1950 668 arbore
1965 642 2058 676 haelit,
2078 646 2151 672 sei-ro
2166 648 2209 673 dc·-

1172 677 1295 704 pectitur.

1210 711 1276 730 DEP
1288 711 1399 737 iszS,
1419 714 1443 738 a,
1461 715 1514 732 um.
1533 707 1623 734 Partic.
1645 709 1796 746 [memhris]
1831 713 1881 744 Vt,
1899 712 1979 738 Iubae
1996 713 2107 747 depr-rac
2127 716 2208 743 Ouid.

1172 739 1203 766 de
1218 741 1280 766 Arte
1293 741 1352 779 Am:
1367 749 1387 772 ι,
1400 742 1456 772 630.
1476 741 1504 767 cle
1518 747 1591 777 cquis.
1633 745 1733 779 Depcxi
1746 746 1864 773 crinibus
1877 748 1934 774 Indi
1955 748 2027 774 Idem
2042 750 2105 776 Fati.
2120 755 2206 785 3⁷46}

1172 776 1306 809 Depexuin
1318 775 1436 809 aliquem
1450 777 1568 809 reddere,
1583 785 1629 813 per
1644 783 1845 813 translationem,
1858 790 1907 818 pro
1922 785 2035 810 Inuolare
2048 788 2073 810 ιἰι
2086 788 2209 821 capillum,

1732 816 1836 844 Nonius
1858 825 1879 850 ι,
1899 827 1926 850 23
1959 820 2110 853 Depcxuiii,
2131 822 2209 849 Lace·

1531 849 1633 875 Colum.
1650 859 1685 881 io,
1699 855 1738 880 188
1759 852 1786 877 de
1801 852 1909 880 liiclucae
1922 863 2023 887 genere,
2044 856 2153 883 Punicca
2166 858 2209 884 de-

1171 890 1237 916 pexa
1248 890 1323 907 coma
1342 879 1393 914 est,
1424 883 1466 909 sed
1481 883 1562 910 lactea
1582 893 1666 911 crure.
1704 886 1825 919 nepem,
1843 895 1871 913 vt
1890 885 1971 916 Pe‘xus
1984 890 2017 916 ad
2028 892 2099 926 folia
2106 895 2211 927 prolixa

1164 921 1293 952 pertinere
1313 917 1419 943 υἱώ-νυν.

1213 958 1232 978 D
1243 959 1260 978 E
1271 960 1285 978 P
1294 958 1310 978 E
1319 959 1336 978 C
1345 953 1388 978 571.
1398 960 1417 979 O
1427 960 1445 979 R
1453 971 1460 984 ,
1486 960 1542 980 atus
1566 955 1622 981 suin
1631 972 1640 987 ,
1664 955 1712 981 Ziri-
1750 955 1866 988 [κλέπτω
1879 956 1912 982 τοὶ
1924 956 2027 989 δημόσια
2035 975 2043 990 ‚
2065 961 2209 997 α’ποσυλέω]

1189 1023 1192 1026 .
1271 1026 1274 1030 ι
1313 1026 1315 1029 ¹
1423 1024 1428 1028 .
1482 1024 1486 1029 η
1924 1002 1969 1018 icae
1982 995 2015 1019 ad
2023 998 2209 1032 Rempuhlicam,

1166 1025 1220 1057 flue
1228 1030 1384 1058 prmcipcm,
1402 1026 1538 1059 sz‘Jacra
1555 1028 1683 1059 pertinent
1690 1025 1791 1060 furvi.
1828 1028 1884 1052 Cic.
1897 1001 1929 1053 dqe
1942 1029 1998 1053 fin.
2013 1038 2032 1060 3,
2046 1039 2075 1062 32,
2096 1033 2165 1059 Nam
2181 1040 2209 1060 vt

1171 1065 1303 1093 peccatum
1316 1058 1352 1084 est
1367 1060 1476 1092 patriani
1492 1060 1616 1094 prodere,
1638 1066 1755 1094 parentes
1770 1061 1887 1092 violare,
1912 1063 1971 1088 fana
1984 1064 2148 1100 depeculari,
2164 1077 2209 1096 etc.

1173 1093 1245 1120 Idem
1259 1095 1333 1120 Verr.
1347 1104 1375 1128 4,
1390 1100 1420 1129 37
1447 1095 1618 1129 Apollonium
1632 1096 1744 1122 Niconis
1759 1096 1843 1122 filium
1857 1098 2067 1132 Drepanitatuiii,
2082 1103 2127 1135 qui
2141 1113 2209 1130 nunc

1170 1130 1201 1156 A.
1216 1129 1327 1156 Clodius
1341 1137 1465 1161 vocatur,
1484 1131 1560 1156 omni
1579 1138 1687 1165 argento
1701 1133 1801 1165 optimc
1822 1132 1892 1158 facto
1907 1134 2022 1167 spoliasti
2036 1144 2064 1161 ac
2077 1137 2210 1170 depecula-

1172 852 1256 873 ratuui
1269 849 1459 880 interpretatur.

1124 1172 1155 1198 25
1169 1170 1210 1190 tus
1225 1173 1260 1191 es.
1297 1166 1347 1190 Hic
1359 1166 1471 1201 defurto
1481 1173 1597 1200 priuatae
1610 1170 1647 1192 rei
1661 1167 1736 1192 dfxit.
1772 1169 1801 1193 Et
1815 1169 1891 1194 Verr.
1905 1179 1932 1202 4,
1950 1177 1984 1203 79
1996 1180 2016 1195 c.
2032 1174 2062 1202 36
2090 1174 2144 1199 Cur
2163 1183 2210 1207 pro

1170 1200 1286 1234 isto,qui
1300 1200 1402 1242 laudeni
1416 1201 1600 1236 honoremque
1612 1202 1729 1228 familiae
1743 1203 1841 1229 vestrae
1856 1204 2021 1238 depeculatus
2036 1206 2080 1238 est,
2096 1211 2211 1242 pugnas?

1169 1233 1189 1273 q
1207 1244 1220 1261 2
1241 1234 1332 1261 Afflue
1347 1238 1404 1261 oltm
1422 1237 1559 1263 adhibitum
1571 1237 1661 1272 ficatio!
1675 1238 1869 1272 Dcpeculassere
1882 1239 2007 1274 irfiniturn
2021 1242 2111 1276 j‘utim'
2121 1243 2211 1277 afflui,

1163 1279 1212 1306 pro
1226 1271 1448 1305 Depeculaturum
1467 1273 1516 1298 ess’e
1529 1272 1595 1307 apud
1612 1273 1683 1299 Non.
1698 1281 1724 1304 2,
1743 1279 1786 1303 218
1812 1283 1842 1299 ex
1868 1275 1980 1301 Lucilio.
2038 1278 2084 1303 Sed
2103 1280 2210 1307 mercer.

1171 1307 1379 1341 Depoculaffere.
1434 1310 1551 1343 Iungitur
1569 1317 1622 1333 cum
1643 1309 1850 1342 Deargciitasscre
1869 1318 1892 1336 et
1912 1311 2112 1340 Decalanticare.
2155 1317 2210 1341 Cer-

1124 1355 1156 1379 30
1169 1345 1221 1368 tius
1233 1340 1282 1375 est,
1302 1342 1403 1376 positum
1423 1343 1528 1376 mylae,
1549 1352 1563 1368 a
1576 1343 1670 1370 Caelio
1687 1345 1752 1378 opud
1770 1345 1888 1371 Priscian.
1911 1355 1934 1380 p.
1951 1354 1999 1380 793
2029 1348 2083 1374 Vbi
2103 1350 2211 1377 Senatus

1169 1378 1302 1404 intellexit
1314 1378 1440 1412 populum
1453 1378 1620 1412 depeculari,
1634 1381 1652 1404 i.
1674 1379 1841 1406 οἰποσνλέιὲιαι.
1880 1382 1947 1406 Hinc

1205 1420 1223 1439 D
1232 1420 1248 1439 E
1259 1420 1273 1439 P
1282 1420 1298 1440 ε
1309 1419 1326 1439 e
1336 1420 1357 1438 v
1366 1421 1382 1439 L
1391 1421 1411 1440 A
1421 1421 1441 1440 'r
1449 1421 1470 1439 ν
1478 1422 1491 1440 s
1501 1434 1509 1446 ‚
1533 1422 1556 1444 a,
1575 1423 1628 1440 um.
1665 1415 1758 1441 Partic.
1795 1414 1905 1450 Paffiue:
1931 1417 2011 1443 Plaut.
2027 1418 2101 1453 Epid.
2116 1429 2138 1452 ς,
2146 1430 2173 1453 4,
2181 1426 2210 1451 82

1169 1448 1278 1510 Pesdam
1292 1449 1395 1489 potius,
1415 1458 1495 1484 quam
1517 1449 1597 1476 finam
1615 1458 1657 1476 me
1671 1451 1779 1484 impune
1793 1451 1900 1478 irrisum
1914 1453 1961 1478 effe
1974 1452 2110 1486 habitum,
2128 1457 2211 1491 Depe-

1169 1493 1200 1510 cu
1213 1491 1285 1510 atum
1299 1493 1346 1510 cis.

1205 1526 1222 1545 D
1232 1527 1247 1546 E
1257 1527 1271 1545 p
1281 1527 1296 1546 E
1306 1527 1322 1547 c
1332 1527 1351 1546 v
1363 1527 1378 1546 L
1387 1521 1408 1546 Ᾱ
1416 1525 1437 1545 Τ
1446 1526 1464 1546 o
1474 1527 1491 1546 R
1501 1539 1507 1550 ,
1534 1518 1597 1545 oris.
1622 1528 1658 1545 ni.
1694 1521 1838 1554 [κλέπτης]
1882 1522 2032 1548 Huiusmodi
2052 1525 2109 1551 Fur.

1169 1557 1246 1581 Verr.
1263 1555 1320 1581 Ao.
1337 1563 1357 1586 1,
1373 1564 1393 1580 ε.
1477 1555 1653 1588 Depeculator
1664 1556 1760 1581 aerarii
1781 1556 1854 1582 Idem
1868 1557 1897 1582 in
1912 1557 1996 1583 Pison.
2011 1559 2054 1590 96.

1168 1591 1270 1617 culator
1282 1590 1442 1616 Veientanae
1453 1591 1562 1623 praedae
1582 1590 1638 1615 Val.
1652 1590 1721 1615 Max.
1737 1598 1760 1622 ς,
1774 1599 1794 1622 3.
1813 1590 1842 1616 de
1858 1592 1966 1617 Camillo.

1206 1632 1223 1651 D
1232 1631 1248 1650 E
1258 1632 1296 1651 PE
1305 1631 1322 1651 C
1331 1631 1351 1651 V
1360 1631 1375 1650 L
1387 1631 1465 1650 ATV
1474 1632 1487 1651 s
1496 1644 1502 1655 ,
1522 1624 1560 1650 sis,
1580 1634 1617 1650 ni.
1653 1625 1675 1650 A
1690 1626 1784 1650 Pccore
1799 1625 1910 1651 dicitur:
1935 1627 1984 1660 qui
1997 1627 2068 1653 enim
2081 1630 2210 1663 populum

1169 1660 1289 1692 fraudat,
1308 1659 1440 1694 peculatus
1456 1668 1540 1693 poena
1555 1665 1666 1685 tenetur.
1704 1659 1800 1686 Festus.

1626 1693 1691 1719 Celsi
1712 1693 1755 1727 este
1774 1695 1868 1720 dicitur
1875 1711 1883 1726 ,
1906 1695 2046 1730 pelliculam
2068 1697 2210 1727 detrahere:

1160 1728 1228 1762 ficut
1241 1730 1394 1756 Pelliculare
1407 1728 1588 1765 vai-significat
1595 1729 1712 1763 pellicula
1725 1728 1826 1755 inducta
1839 1733 1956 1766 obllgare.

1205 1769 1223 1788 D
1232 1771 1248 1789 Ε
1261 1770 1276 1789 P
1287 1771 1303 1790 Ε
1312 1772 1328 1790 L
1339 1771 1354 1789 L
1365 1774 1382 1791 o
1391 1783 1398 1795 ,
1419 1765 1466 1795 tili,
1482 1764 1566 1790 ulsuni
1577 1782 1584 1796 ,
1606 1766 1659 1790 ere.
1696 1764 1858 1797 [κ’πελαιὲνω,
1879 1766 1990 1801 ἔξωθὲω]
2025 1768 2211 1805 Absgcre.pr0„

1168 1797 1258 1824 hibere.
1319 1800 1476 1830 Dimoueri,
1497 1798 1609 1833 depelli,
1628 1802 1656 1826 et
1666 1799 1759 1826 deduci
1776 1800 1808 1826 de
1822 1801 1881 1826 loco
1905 1802 1960 1828 Cic.
1975 1811 2024 1836 pro
2039 1805 2151 1831 Caecina
2164 1815 2209 1838 49.

1169 1832 1241 1858 Idem
1257 1833 1284 1858 in
1299 1832 1378 1860 Catil.
1393 1843 1415 1866 3,
1431 1843 1458 1867 19
1481 1835 1624 1861 Simulacra
1639 1835 1749 1861 deorum
1764 1836 1955 1863 immortalium
1970 1839 2072 1871 depulsa
2087 1840 2160 1872 suut,
2183 1847 2210 1868 et

1208 1904 1212 1908 η
1761 1873 1792 1897 Et
1805 1871 1855 1897 Off.
1870 1881 1892 1903 3,
1907 1881 1941 1904 42.
1967 1873 2021 1905 Qii
2036 1873 2156 1908 stadium,
2170 1876 2209 1902 in-

1166 1911 1242 1937 quit,
1261 1904 1359 1934 currit,
1380 1906 1446 1931 eniti
1466 1912 1491 1931 et
1506 1905 1662 1931 contendere
1682 1905 1758 1931 debet
1772 1915 1850 1940 quam
1870 1908 1984 1933 maxime
2005 1909 2092 1942 pollii,
2110 1918 2138 1936 vt
2151 1913 2210 1937 vin-

1166 1945 1220 1965 cat:
1237 1940 1401 1974 supplantare
1414 1950 1485 1973 eum,
1498 1942 1605 1974 quicum
1619 1946 1710 1972 certet,
1723 1947 1767 1966 aut
1781 1950 1858 1967 manu
1871 1941 2003 1976 depellere
2012 1963 2019 1975 ,
2039 1945 2113 1971 nullo
2127 1947 2209 1973 inodo

1165 1974 1252 2000 debet.
1325 1975 1380 2002 Cic.
1394 1976 1426 2001 de
1440 1976 1532 2009 Legib.
1553 1986 1574 2007 3,
1611 1995 1618 2001 .
1654 1994 1660 2001 .
1682 1976 1776 2008 *Qud
1796 1977 1848 2002 iarn
1870 1976 1902 2002 de
1922 1978 2057 2004 Saturnini
2081 1981 2210 2014 supplicio

1165 2009 1331 2044 reliquisque
1350 2010 1452 2036 dicam?
1487 2020 1551 2044 quos
1565 2019 1597 2036 ne
1613 2010 1744 2044 depellere
1759 2011 1866 2044 quidem
1888 2012 1910 2037 A
1925 2013 1950 2038 se
1970 2013 2023 2038 fine
2034 2015 2107 2041 ferro
2121 2018 2209 2050 potuit

1354 2046 1455 2072 Bellum
1469 2055 1500 2071 ex
1519 2045 1593 2072 ltalia
1607 2045 1744 2078 depulsum
1776 2045 1849 2072 Idem
1863 2047 1934 2073 Fani.
1955 2050 1981 2080 6,
1998 2051 2023 2074 6.
2092 2051 2130 2077 ld.
2145 2053 2208 2086 Agr.

1165 2089 1180 2106 2
1198 2090 1218 2105 c.
1236 2089 1264 2106 10
1282 2081 1317 2106 Vt
1329 2089 1360 2106 ex
1374 2082 1447 2106 omni
1463 2081 1580 2106 custodia
1593 2080 1691 2106 vestrae
1704 2080 1850 2113 libertatis,
1871 2090 1902 2107 ex
1917 2084 1989 2109 omni
2006 2085 2146 2118 potestate,
2164 2096 2208 2114 cu-

1167 2116 1287 2147 ratione,
1311 2116 1462 2149 patrocinio
1474 2116 1621 2141 vestroruin
1636 2116 1838 2143 commodorum
1852 2117 1899 2143 Cn.
1912 2118 2051 2154 Pompeius
2065 2121 2208 2156 depellere-

1163 2156 1216 2176 tur.
1274 2151 1330 2176 Cic.
1343 2159 1391 2184 pro
1405 2151 1510 2176 Caecin.
1531 2159 1592 2182 c.31
1621 2151 1667 2177 Te
1683 2150 1735 2178 iam
1755 2161 1786 2178 ex
1805 2152 1850 2178 illa
1869 2153 1973 2181 ratione
1993 2156 2041 2181 effe
2060 2156 2206 2191 depulsum.

1164 2184 1255 2218 Etstne
1265 2185 1444 2220 praepositione
1457 2196 1464 2210 :
1502 2186 1658 2218 Dionysium
1677 2192 1732 2213 tota
1745 2187 1835 2214 Sicilia
1853 2188 1954 2222 depulit
1985 2190 2053 2225 Nep.
2075 2201 2115 2225 20,
2134 2203 2159 2225 2,
2180 2194 2206 2221 ἀ.

1795 2224 1920 2258 Aliquem
1935 2226 1980 2258 vi,
2000 2228 2088 2260 t'erro,
2106 2230 2206 2263 pericu-

1164 2256 1213 2288 lis,
1233 2256 1316 2289 vrbe,
1343 2257 1521 2291 omnibusque
1541 2258 1639 2291 patriae
1658 2256 1792 2291 praesidiis
1811 2259 1942 2293 depellere
1972 2261 2045 2288 Idem
2063 2264 2094 2289 de
2112 2266 2206 2299 Arusp.

1163 2293 1238 2326 Resp.
1253 2297 1290 2324 58.
1362 2293 1393 2318 Et
1404 2302 1458 2319 cum
1471 2295 1565 2319 Datiuo
1585 2293 1644 2320 Cic.
1654 2293 1710 2327 post
1722 2293 1776 2319 red.
1789 2295 1816 2320 in
1830 2296 1888 2322 Seii.
1902 2306 1923 2322 c.
1937 2302 1950 2327 8
1970 2298 2023 2330 Qii
2038 2300 2137 2333 primus
2150 2301 2206 2334 post

1162 2336 1251 2353 meum
1265 2328 1399 2354 discell'uin
1412 2334 1512 2354 nictum
1526 2328 1618 2362 bonis,
1636 2329 1706 2363 spem
1718 2328 1875 2363 audacibus,
1894 2332 2018 2359 timorem
2032 2334 2093 2360 huic
2104 2336 2207 2369 ordini,

1163 2363 1316 2390 seruitutem
1332 2363 1433 2397 depulit
1447 2364 1561 2389 ciuitati.
1631 2364 1704 2390 Ideni
1718 2374 1766 2399 pro
1779 2367 1892 2393 Caecina
1902 2376 1934 2394 22
1953 2369 2012 2395 Hoc
2023 2371 2120 2404 opinor
2132 2379 2205 2405 opta-

2151 1527 2209 1553 Cic.

2126 1562 2211 1595 Depe-

930 2397 998 2423 Gell.
1016 2405 1063 2429 20,
1087 2404 1097 2422 1
1112 2409 1147 2433 60
1161 2404 1218 2431 ret,
1241 2404 1270 2424 vt
1294 2407 1307 2424 a
1331 2407 1385 2432 quo
1408 2399 1469 2425 loco
1494 2399 1614 2433 depulsus
1636 2401 1712 2433 esset,
1734 2401 1760 2426 iii
1785 2410 1846 2428 eum
1868 2404 1893 2429 se
1915 2404 2022 2430 fortuna
2045 2406 2203 2433 restitueret.
2249 2437 2251 2441 .

1159 2433 1327 2460 Pseudo-Cic.
1340 2440 1427 2468 anteq.
1439 2434 1490 2461 iret
1504 2435 1532 2461 in
1547 2435 1608 2461 exil.
1623 2443 1653 2468 14
1672 2437 1716 2462 Me
1731 2445 1808 2471 quein
1822 2438 1912 2471 paullo
1925 2446 1984 2464 ante
1996 2441 2100 2466 fortuna
2115 2450 2204 2467 erexe-

1157 2476 1199 2496 rat
1212 2469 1244 2495 ad
1256 2469 1369 2504 gloriam
1379 2490 1387 2502 ,
1405 2470 1491 2496 virtus
1512 2470 1607 2497 extulit
1620 2471 1652 2496 ad
1666 2471 1769 2497 laudeni
1780 2493 1787 2504 ‚
1811 2474 1923 2506 populiis
1945 2473 2040 2500 tribuit
2059 2475 2204 2504 honor-emt

1159 2505 1272 2531 eundem
1291 2505 1414 2532 Tribuni
1433 2506 1512 2532 furor
1529 2506 1673 2540 exagitatus
1693 2507 1793 2540 depulit
1811 2508 1842 2532 ad
1856 2508 2038 2536 calamitatem.
2111 2512 2204 2539 Tacit.

1161 2542 1227 2567 Arm.
1241 2549 1268 2573 4,
1284 2549 1305 2567 11
1330 2540 1401 2567 Mihi
1417 2541 1554 2573 tradendi,
1575 2541 1756 2574 arguendique
1771 2543 1886 2567 rumoris
1906 2544 1979 2569 causa
1993 2544 2062 2577 fuit,
2082 2552 2111 2572 vt
2130 2547 2203 2574 claro

1844 2577 1898 2603 Cic.
1911 2577 1945 2608 de
1957 2579 2049 2605 Diuin.
2063 2589 2088 2613 2,
2103 2589 2134 2616 57
2152 2583 2203 2609 De.

1158 2612 1234 2646 pulso
1255 2610 1326 2637 enim
1345 2610 1378 2636 de
1397 2610 1505 2643 pretore
1523 2616 1549 2635 et
1568 2610 1596 2636 in
1610 2619 1688 2636 omne
1708 2619 1801 2645 corpus
1816 2611 1903 2638 diuiso
1923 2619 1949 2639 et
1961 2615 2099 2643 mitificato
2120 2617 2202 2652 Cibo,

1160 2653 1248 2672 cantus
1266 2645 1345 2672 edere
1358 2647 1447 2680 quiete
1466 2645 1579 2671 satiatos.
1616 2646 1654 2671 De
1666 2646 1741 2681 gallis
1772 2647 1898 2673 allinaceis
1912 2650 2029 2684 loquitur.
2088 2653 2153 2679 add.
2168 2654 2201 2680 de

1159 2682 1194 2707 N.
1209 2682 1240 2707 D.
1255 2689 1268 2706 2
1281 2690 1303 2706 c.
1317 2688 1357 2712 34.
1429 2681 1484 2706 Cic.
1500 2689 1547 2714 pro
1564 2681 1651 2706 Domo
1666 2689 1690 2713 ις
1716 2681 1746 2707 Se
1780 2682 1831 2708 iam
1845 2681 1957 2717 depulsis
1973 2695 2000 2712 ac
2013 2686 2133 2721 diffipatis
2147 2690 2201 2716 tuis

1158 2716 1266 2750 Copiis,
1300 2724 1315 2741 a
1334 2717 1395 2749 Pop.
1411 2716 1488 2741 Rom.
1503 2715 1641 2746 immerso,
1660 2723 1705 2742 ete.
1778 2718 1859 2746 Curas
1880 2720 1946 2746 vino
1982 2722 2079 2748 Tibul.
2101 2733 2120 2756 1,
2140 2728 2165 2756 6,
2181 2734 2200 2756 ι,

1295 2786 1300 2790 .
1508 2786 1513 2790 .
1807 2754 1923 2781 Dedecus
1938 2757 2037 2790 patriae
2056 2758 2099 2784 Sil.
2117 2768 2135 2791 i,
2158 2780 2164 2786 .
2191 2781 2199 2787 .

1157 2787 1213 2812 Cic.
1227 2786 1260 2811 de
1272 2786 1329 2812 Fin.
1343 2794 1362 2817 i,
1375 2794 1400 2817 33
1432 2786 1527 2812 Omnis
1539 2786 1659 2820 voluptas
1673 2788 1819 2814 assumenda
1832 2789 1884 2822 est,
1909 2792 1996 2818 onmis
2013 2793 2099 2820 Dolor
2113 2795 2199 2829 depel-

1156 2821 1255 2847 lendus.
1311 2821 1402 2848 Tacit.
1417 2821 1484 2847 Ann.
1498 2830 1522 2854 2,
1537 2830 1546 2848 1
1572 2822 1642 2848 Nam
1657 2822 1795 2850 Phrahates
1809 2834 1958 2861 quanquam
1973 2828 2107 2862 depulisset
2120 2831 2198 2857 Exer-

1156 2856 1221 2883 citus
1231 2876 1237 2886 ‚
1258 2856 1382 2891 ciuesque
1397 2857 1529 2883 Romanos
1543 2858 1652 2890 cuneta,
1668 2866 1712 2884 etc.
1786 2861 1891 2887 Famem
1901 2862 1962 2889 cibo
1977 2870 2002 2890 et
2016 2865 2125 2898 potione
2140 2867 2197 2893 Cic.

1156 2892 1188 2918 de
1202 2893 1260 2918 Fin.
1276 2901 1296 2924 1,
1310 2900 1349 2927 37.
1422 2893 1514 2927 Frigus
1528 2893 1680 2928 famemque
1700 2895 1767 2920 Hor.
1783 2896 1832 2922 Sat.
1849 2905 1869 2929 ι,
1882 2905 1907 2929 2,
1921 2900 1945 2924 6.
2001 2900 2109 2926 Feri-iim
2125 2902 2197 2928 flain-

1519 2964 1524 2969 .
1854 2933 1876 2958 A
1891 2933 1972 2966 gradu
1987 2934 2105 2969 depulsus
2127 2938 2196 2972 Nep.

1305 2963 1421 2990 Iaculuin
1435 2970 1538 2998 quaerit
1551 2964 1582 2991 ad
1596 2964 1763 2998 depellendos
1777 2966 1861 2993 hostes
1896 2969 1988 2995 Claud.
2004 2970 2035 2997 de
2049 2972 2075 2997 B.
2090 2971 2196 2999 Giffant.

1157 3008 1211 3026 102.
1268 2999 1353 3025 letum
1365 2999 1444 3025 alicui
1458 2999 1595 3034 depellere,
1607 2999 1640 3032 est
1653 3003 1772 3027 Auertere
1786 3001 1862 3028 icium
1876 3003 1905 3029 ab
1917 3006 1998 3039 aliquo
2011 3006 2107 3032 illatum
2119 2993 2197 3034 abacia·

1155 3036 1243 3061 Valer.
1259 3035 1357 3069 Argon.
1372 3037 1398 3067 6,
1410 3037 1467 3067 632.
1540 3036 1599 3062 Leti
1612 3037 1714 3062 causam
1732 3037 1812 3063 Ouid.
1823 3038 1901 3072 Epist.
1916 3048 1955 3072 21,
1971 3047 2021 3074 175.
2092 3044 2193 3069 Molem

1154 3070 1218 3096 mali
1230 3080 1245 3097 a
1259 3070 1406 3097 ceruicibus
1418 3071 1571 3105 aliquorum
1606 3073 1662 3098 Cic.
1678 3073 1705 3098 in
1720 3073 1797 3098 Catil.
1811 3082 1834 3105 3,
1850 3082 1885 3109 17.
1956 3076 2090 3103 Molestias
2103 3087 2194 3104 omnes

1730 3109 1855 3134 Morbum
1887 3109 1924 3135 Id.
1940 3111 2011 3137 Fam.
2032 3120 2058 3146 7,
2075 3120 2105 3146 27
2126 3120 2191 3139 ‹nx-tr.

1152 3141 1264 3168 Morbos
1277 3142 1431 3176 depulsurus
1454 3142 1541 3176 (hodie
1556 3144 1648 3178 legitur
1661 3143 1837 3175 Defensurus)
1860 3145 2016 3178 Epidaurius
2042 3148 2132 3174 Claud.
2148 3149 2191 3174 Pa-

1152 3186 1211 3212 neg.
1232 3186 1254 3210 3,
1268 3186 1319 3212 ι7ι.
1391 3178 1507 3205 Mortem
1521 3178 1649 3212 opinione
1661 3179 1755 3205 mortis
1785 3180 1840 3206 Cic.
1855 3189 1904 3214 pro
1918 3181 2005 3208 Sextio
2020 3190 2061 3216 79.
2133 3184 2190 3210 Nu-

1151 3212 1207 3239 bila
1225 3213 1299 3239 caelo
1331 3212 1430 3239 Tibul.
1451 3222 1470 3245 1,
1487 3222 1511 3245 2,
1525 3222 1569 3246 49.
1661 3215 1717 3240 Cic.
1732 3223 1781 3248 pro
1801 3216 1904 3242 Cluent.
1927 3224 1954 3251 17
1968 3226 1988 3243 c.
2004 3220 2021 3243 6
2056 3219 2143 3250 Quini
2157 3218 2190 3245 ad

1152 3249 1232 3275 amici
1245 3248 1363 3275 Pericula
1376 3248 1529 3283 depellenda
1541 3248 1691 3276 adhiberer.
1795 3250 1891 3277 Pestem
1913 3253 1985 3286 Virg.
2000 3254 2063 3278 Aen.
2084 3261 2115 3285 9,
2135 3260 2189 3286 328.

1537 3304 1542 3310 .
1580 3286 1614 3311 Vt
1628 3293 1659 3311 ex
1675 3285 1749 3311 omni
1761 3286 1879 3312 custodia
1892 3287 1989 3313 vestrae
2005 3287 2143 3321 libertatis,
2157 3298 2191 3316 ex

1149 3321 1224 3347 omni
1244 3320 1385 3354 potestate,
1406 3320 1557 3353 curatione,
1578 3321 1726 3354 patrocinio
1747 3321 1893 3348 vestrorum
1914 3322 2114 3350 commodorum
2139 3325 2189 3352 Cn.

1149 3357 1288 3390 Pompeius
1309 3356 1484 3389 depelleretur
1498 3357 1507 3382 3
1577 3357 1598 3381 A
1618 3365 1646 3382 re
1673 3356 1741 3390 Nep.
1757 3365 1796 3390 14,
1809 3365 1835 3392 7,
1854 3366 1874 3388 3.
1944 3358 1997 3383 Cic.
2013 3358 2094 3385 Tusc.
2110 3368 2122 3385 2
2135 3370 2155 3386 c.
2171 3362 2188 3387 6

1148 3391 1328 3426 Oppolitoque
1342 3391 1471 3418 dedecore
1486 3391 1615 3417 Sententia
1630 3391 1769 3425 depellere.
1841 3393 1880 3418 De
1894 3392 2024 3419 Sententia
2037 3401 2126 3421 vetere
2148 3396 2187 3422 di-

1147 3434 1312 3461 uturnaque,
1330 3426 1580 3453 maleuolentissimis
1600 3426 1837 3453 obtrectationibus
1851 3427 1946 3460 depelli
1967 3429 2022 3455 Cic.
2037 3430 2107 3456 Fam.
2120 3440 2144 3463 i,
2160 3439 2188 3465 7.

1157 2972 1182 2996 2,
1196 2972 1219 2996 5,
1231 2972 1254 2996 3·

55 3465 123 3482 nunc
137 3455 282 3490 interdum,
300 3469 313 3485 v
338 3461 367 3487 in
379 3460 469 3487 herbis
481 3461 573 3488 rustici
586 3461 669 3487 solent
681 3461 785 3492 dicere,
807 3460 835 3485 in
847 3460 947 3485 summa
966 3458 1087 3485 vbertate
1098 3474 1133 3499 90
1147 3463 1186 3488 De
1201 3464 1315 3497 suscepta
1328 3463 1402 3488 causa
1416 3462 1599 3496 propositaque
1622 3462 1767 3492 Sententia,
1787 3462 1884 3488 nullam
1905 3465 2108 3498 contumeliam,
2129 3468 2187 3492 nul-

55 3491 121 3518 inest
135 3491 254 3533 luxuries
262 3466 399 3529 quaetaam,
412 3506 480 3531 quae
494 3497 554 3523 stilo
572 3496 729 3532 depascenda
742 3496 787 3522 est.
908 3493 929 3532 ff
946 3502 974 3534 ⁴2*
992 3496 1086 3529 Depon-

55 3527 162 3554 Bellitae
175 3525 342 3561 depalcuntui·
354 3532 404 3558 sata
417 3532 482 3559 Plin.
496 3541 520 3565 9,
534 3541 555 3565 3.
609 3534 640 3559 Et
655 3541 687 3564 ιι,
702 3540 729 3565 19
765 3532 836 3558 Nam
849 3536 876 3557 ct
894 3530 995 3565 papilio
1016 3537 1086 3555 cei-as

56 3562 209 3596 depascitur.
280 3563 368 3603 Febris
387 3567 532 3604 depascitur
546 3573 617 3594 artus
638 3568 712 3602 Virg.
732 3567 829 3602 Georg.
845 3575 867 3598 3,
880 3571 936 3599 458.
1007 3565 1086 3591 Mise-

19 3605 25 3610 ·
55 3606 99 3625 ros
120 3598 209 3623 morsu
231 3596 374 3637 depascitur
391 3607 460 3630 artus
482 3604 555 3638 Virg.
578 3605 642 3630 Aen.
663 3612 689 3636 2,
708 3610 758 3635 215.
835 3602 919 3629 Siluas
939 3600 1087 3635 depascitur

55 3633 310 3674 q1¹³dr¹¹i³es‚Tst3¹¹¹·
324 3642 351 3666 4,
368 3643 386 3665 ι,
398 3643 448 3667 128·
518 3640 620 3665 Lucret.
636 3647 658 3671 3,
672 3647 699 3665 12
727 3638 867 3665 Floriferis
881 3644 909 3664 vt
922 3646 981 3671 apes
997 3637 1025 3662 in
1040 3635 1087 3662 sal-

53 3669 124 3696 tibus
138 3677 227 3695 omnia
241 3668 350 3694 Libant:
369 3670 463 3699 Omnia
479 3683 526 3700 nos
540 3675 633 3701 itidem
647 3674 810 3708 depascimur
823 3682 902 3700 aurea
914 3672 994 3698 dieta.

90 3710 268 3731 DEPASTV
281 3711 310 3736 3,
329 3713 360 3736 ὓ,
372 3714 434 3744 ΙῑΙῐῐι.
473 3709 565 3737 Partic.
601 3710 786 3744 [νενεμημένος]
823 3710 888 3735 Plin.
911 3716 948 3742 17,
968 3716 1003 3739 24
1033 3707 1084 3732 De·

53 3740 148 3775 pastam
167 3739 291 3766 arborem
309 3746 379 3774 turpi
396 3741 462 3767 facie
479 3744 639 3779 relinquunt.
676 3746 729 3781 ‚Quo
744 3748 771 3770 in
784 3746 834 3771 loco
844 3743 936 3779 paffiue
950 3745 1084 3777 accipitur.

20 3807 22 3810 y
53 3775 121 3802 Add.
136 3775 174 3801 Id.
189 3780 225 3807 18,
239 3782 276 3810 17.
314 3776 359 3803 Sed
376 3776 457 3802 afflue
481 3778 593 3806 Frondes
612 3781 728 3815 depastus
749 3789 848 3807 amaras
870 3775 971 3813 sonipes
990 3777 1082 3805 Claud.

53 3811 144 3845 Paneg.
159 3820 186 3844 4,
201 3819 256 3842 239.
270 3810 387 3846 fiamitur.

53 3845 150 3880 pallage
169 3846 222 3878 est,
243 3849 325 3882 inquit
337 3847 458 3879 Seruius,
479 3857 527 3881 pro
541 3849 642 3877 Florem
660 3852 792 3887 depastum
812 3850 917 3877 habens.
971 3849 1081 3884 Depasta

51 3883 131 3915 igitur
142 3882 185 3907 hoc
200 3883 250 3908 Ioco
264 3881 384 3916 pastinum
397 3881 437 3915 ist.
492 3884 532 3910 Sic
545 3883 616 3911 Idem
629 3887 692 3913 Aen.
707 3896 729 3920 3,
741 3896 774 3919 92
811 3886 973 3920 Libauitque
994 3885 1081 3919 dapes,

52 3916 190 3950 rursusque
206 3917 329 3943 innoxius
343 3918 399 3944 imo
426 3918 541 3945 Succeffit
555 3921 657 3947 tumulo
667 3941 673 3952 ‚
692 3928 718 3948 et
730 3922 830 3957 depasta
845 3922 938 3948 altaria
952 3921 1042 3955 liquit.

86 3957 105 3976 D
114 3957 130 3977 E
139 3958 153 3977 i>
163 3958 182 3992 A
193 3959 234 3979 s'r
244 3960 252 3992 ι
261 3959 280 3979 0
289 3972 297 3984 ,
311 3955 384 3993 finis.
411 3954 430 3980 f.
466 3954 581 3989 [βόσκη]
616 3956 680 3984 Plin.
694 3965 733 3993 ιγ,
745 3967 778 3992 24
805 3958 926 3985 Similem
946 3957 1078 3985 rationem

46 3991 72 4013 et
86 3986 200 4022 depastio
212 3988 364 4014 animalium
381 3989 467 4017 habet.
730 4005 734 4008 >

198 4029 219 4050 v
230 4030 281 4052 οι.
317 4024 357 4052 11.

1099 3650 1131 3676 95
1147 3640 1242 3682 pellere
1255 3646 1281 3666 et
1295 3640 1450 3667 vulneribus
1461 3639 1562 3665 mederi
1576 3638 1692 3664 debeam.

1140 3926 1218 3951 Verr.
1233 3934 1254 3954 ς,
1268 3925 1317 3949 ι6ι.

1141 3969 1196 3987 reni
1209 3959 1356 3989 malorum,
1373 3957 1419 3982 suo
1435 3965 1545 3991 corpore
1558 3957 1677 3991 opposito
1701 3967 1715 3984 a
1734 3957 1867 3987 bonorum
1886 3958 2006 3985 omnium
2027 3959 2176 3985 ceruicibus

1089 4004 1132 4031 ¹05
1139 3994 1268 4030 depellere
1289 3994 1344 4019 Cic.
1359 4000 1408 4027 pro
1424 3992 1512 4020 Domo
1527 3993 1570 4020 sua
1583 3995 1623 4025 63.
1642 3992 1671 4019 de
1683 3993 1714 4030 fi
1727 3994 1787 4029 ipso.

1147 3498 1200 3524 lam
1215 3499 1287 3531 vim,
1312 3498 1417 3524 nullum
1430 3498 1576 3532 periculum
1591 3499 1658 3532 pofl'e
1669 3498 1783 3528 aliquem
1793 3497 1936 3531 depellere,
1954 3500 2187 3533 magnicuiusdain

1146 3535 1230 3560 animi
1243 3534 1279 3560 est
1305 3534 1362 3560 Cic.
1376 3542 1424 3568 pro
1437 3534 1523 3568 Ligar.
1538 3535 1572 3559 26
1588 3542 1609 3558 c.
1623 3541 1648 3565 9.
1719 3533 1781 3567 Spe,
1801 3539 1824 3558 et
1842 3532 1874 3559 de
1886 3535 1928 3567 spe
1946 3535 2006 3561 Liu.
2020 3544 2054 3567 51,
2065 3545 2102 3569 25.
2129 3538 2186 3564 Cic.

1147 3569 1175 3595 in
1190 3570 1267 3596 Catil.
1285 3578 1311 3601 2,
1327 3577 1356 3602 14
1369 3578 1390 3594 c.
1406 3577 1432 3603 7.
1502 3568 1539 3594 Id.
1555 3568 1668 3603 Philipp.
1681 3577 1717 3599 12,
1754 3587 1759 3592 .
1797 3587 1803 3593 .
1845 3569 1915 3602 Qid
1930 3572 1998 3604 egit,
2014 3571 2061 3597 nili
2082 3572 2121 3598 vti
2136 3573 2185 3599 fal-

1147 3606 1199 3631 sam
1213 3615 1228 3631 a
1240 3607 1265 3631 se
1279 3605 1459 3638 Suspicionem
1473 3603 1614 3638 depelleret
1628 3605 1636 3629 3
1704 3603 1759 3629 Cic.
1774 3611 1822 3636 pro
1841 3605 1934 3637 Qiint.
1949 3611 1962 3635 8
1983 3607 2037 3639 Qii
2057 3607 2127 3634 Tela
2140 3608 2183 3635 de-

1769 3639 1824 3664 Cic.
1839 3648 1887 3673 pro
1903 3641 2014 3667 Fonteio
2052 3662 2058 3668 .
2097 3663 2102 3668 .
2140 3663 2146 3669 .

1145 3677 1185 3701 bie
1203 3675 1236 3702 ab
1257 3675 1337 3702 huius
1355 3684 1424 3703 nunc
1451 3675 1535 3709 capite
1555 3674 1690 3700 Gallorum
1715 3672 1845 3708 impetus,
1875 3682 2044 3711 terroresque
2064 3677 2182 3712 depellit.

1145 3711 1201 3737 Cic.
1216 3711 1248 3738 de
1262 3712 1335 3738 Orat.
1349 3719 1370 3743 3,
1385 3720 1406 3737 ιι
1421 3720 1442 3736 c.
1460 3719 1471 3741 3
1492 3711 1527 3735 Ex
1541 3708 1636 3743 quibus
1649 3709 1679 3734 C.
1693 3708 1786 3741 Cotta,
1807 3720 1885 3744 quem
1905 3712 1950 3737 ille
1968 3713 2106 3738 florentem
2120 3714 2182 3740 reli-

1145 3755 1237 3781 querat
1248 3768 1256 3779 ,
1277 3747 1364 3781 paucis
1378 3746 1469 3772 diebus
1483 3744 1537 3778 post
1552 3750 1663 3769 mortem
1675 3743 1753 3770 Craffi
1766 3745 1885 3779 depulsus
1897 3756 1943 3781 per
1962 3747 2091 3774 inuidiam
2113 3749 2180 3775 Tri·-

1145 3783 1262 3815 bimatu,
1283 3791 1339 3808 non
1363 3782 1454 3807 multis
1477 3780 1509 3805 ab
1530 3788 1561 3804 eo
1587 3785 1704 3814 tempore
1722 3781 1851 3807 mensibus
1870 3782 1968 3809 eiec‘tus
1988 3783 2023 3809 est
2037 3792 2050 3808 e
2063 3784 2179 3810 ciuitate.

458 3811 533 3846 sepes
545 3814 645 3849 depasta
659 3817 751 3842 flOVCffl
767 3816 840 3850 Virg·
855 3815 906 3841 Ecl·
922 3823 943 3847 Ι,
957 3822 993 3848 55·
1028 3814 1082 3845 Hy·
1089 3826 1136 3844 100
1143 3819 1268 3845 Caeterum
1288 3817 1407 3851 depulsus
1425 3816 1460 3841 est
1478 3814 1613 3841 tribunatu
1626 3835 1634 3847 ‚
1654 3825 1721 3850 quem
1740 3816 1858 3849 petebat,
1879 3819 1947 3853 conf.
1960 3819 2013 3844 Cic.
2030 3818 2060 3844 de
2073 3820 2145 3844 Orat.
2160 3828 2179 3849 ι,

1306 3850 1515 3885 Turpitudinem
1529 3851 1657 3876 nefariam
1672 3850 1821 3878 voluntaria
1835 3860 1920 3879 morte
1943 3854 1997 3880 Cic.
2014 3854 2045 3879 de
2058 3855 2176 3880 Prouinc.

1333 3886 1448 3913 Verbera
1468 3885 1614 3919 depellere,
1634 3892 1659 3912 et
1681 3885 1796 3913 deiicere
1810 3889 1954 3915 cruciatum
1967 3898 1981 3914 a
1995 3889 2102 3914 ciuitate
2120 3889 2175 3914 Cic.

1388 3921 1439 3947 Via
1450 3920 1521 3947 recia
1535 3921 1631 3956 depelli
1653 3922 1761 3955 Qinci.
1777 3931 1801 3953 2,
1817 3931 1853 3957 17.
1900 3925 1977 3954 Vim,
1999 3924 2089 3955 scelus,
2103 3924 2175 3949 fui-o-

1144 3862 1173 3886 23
1189 3863 1210 3879 c.
1225 3861 1251 3888 7.

1142 3889 1220 3916 cons.
1236 3891 1261 3915 6.

1981 3991 2002 4029 ff
2022 4001 2038 4020 2
2076 3995 2175 4020 Forniu-

1291 4028 1322 4056 Μ
2083 4030 2121 4055 Iae
2130 4036 2172 4065 pr*
