2479 4225
122 163 174 200 49
528 149 565 188 D
645 148 676 187 E
742 149 772 187 F

102 247 107 252 ·
152 238 451 271 'DEFEchdsvs,
467 247 497 270 a,
517 246 571 264 um.
598 237 657 264 Adi.
695 236 782 264 lustin.
801 243 822 260 c.
838 242 856 268 7
887 231 949 270 §.4
979 234 1010 260 C.
1033 234 1065 260 de
1089 235 1157 260 sum-

123 281 165 300 ma
178 273 258 299 Trin.
428 297 450 301 .-
700 283 704 286 >

157 314 176 334 D
185 315 201 335 E
211 315 226 335 F
236 310 249 335 f
257 314 277 335 G
287 316 306 335 o
317 327 324 340 ‚
339 309 384 341 xi,
405 318 485 340 xum,
505 310 557 334 ere.
594 304 799 342 [κωταπῆγνυμι]
836 304 940 338 Proprie
954 301 986 336 cst
1005 303 1113 340 deorsum
1123 303 1158 339 fi-

121 344 207 379 ger-esi
215 344 320 380 firmare
333 355 340 369 .·
366 343 406 378 stc
416 343 612 379 plantationibus
624 343 742 369 conuenit.
780 339 911 365 Columel.
928 339 991 365 Arb.
1005 348 1030 371 2,
1043 348 1061 373 4
1081 341 1157 366 'I'um

121 381 150 406 in
165 379 260 405 terram
275 379 340 405 bene
354 379 503 414 pastinatain
519 386 543 405 ct
558 380 721 405 stercoratam
741 374 842 414 rectum
861 375 1019 400 sarmentum
1039 375 1156 410 defigito.

121 414 217 441 Deinde
230 415 263 441 at!
275 416 351 440 multa
363 417 414 440 alia
431 415 602 449 transflrtur,
619 411 724 441 oculos,
743 419 861 435 animum
879 417 923 435 etc.
945 410 979 435 ml
995 409 1157 443 coustantium

122 449 225 475 videndi
240 457 263 476 et
277 449 445 483 consiliu-andi
458 447 625 481 designandam
639 456 646 471 :
682 447 798 484 Exempla
809 446 938 471 literarum
953 446 1037 472 orcum·
1056 456 1103 472 vno
1115 453 1159 480 po·

114 484 167 519 fita
174 485 256 520 jhc-ile
269 483 302 518 est
315 484 451 521 disi-cruere
465 480 490 511 :ii
504 481 571 521 {afiim
578 483 710 517 proprium
719 481 862 520 phjsscum,
878 488 903 519 pt
918 484 1066 507 translatum
1074 482 1098 516 ji
1113 491 1160 507 mo-

121 521 205 546 ralem.
285 520 340 546 Cic.
357 522 434 547 er,
448 530 458 552 3
496 540 502 547 ,
540 536 546 544 .
582 517 673 542 Acicni
688 516 801 542 defixere
816 525 844 541 in
856 516 897 542 his
912 517 1044 552 vestigiis,
1063 524 1108 542 cte.
1122 520 1159 542 in.

121 561 229 582 tuentur.
333 556 418 582 Arbos
431 564 513 582 teri-ae
524 552 647 586 defigitur
668 552 740 586 Virg.
755 552 852 585 Georg.
866 560 890 581 2,
903 560 959 583 290.

122 590 220 617 Tacita
241 590 371 617 moestitia
391 593 427 618 ita
448 589 537 617 defixit
556 588 678 613 omnium
694 588 813 619 animos,
832 596 875 619 vt,
896 595 940 612 etc.
961 588 1158 622 immotosfccn,

121 632 151 651 vt
164 628 229 652 nihil
241 626 335 653 comilis
348 629 449 654 alterius
461 630 582 659 caperem.
638 623 699 648 Liu.
713 631 739 657 7,
754 631 783 648 10
807 624 891 649 Pauor
905 621 1030 648 defixerat
1043 631 1101 648 cum
1115 623 1158 649 ad-

122 661 264 687 miratione
279 656 377 688 Gallos.
469 661 500 686 Et
511 667 534 690 3,
551 666 587 693 47
608 658 705 692 Stupor
724 666 815 684 omnes
835 657 1011 684 admiratione
1040 666 1080 683 rei
1104 665 1156 684 tam

121 698 218 722 atrocis
232 696 330 723 defixit.
425 696 455 721 Et
467 702 489 727 ς,
526 713 532 720 .
570 713 576 719 .
615 694 662 727 lpti
677 695 777 719 Pauore
790 693 870 719 defixi
885 693 1002 727 primum
1022 692 1156 720 steterunt.

121 732 189 757 Huic
205 740 308 768 cognata
329 729 451 758 admodum
473 732 540 755 ratio
560 727 606 761 cst,
627 738 680 754 cum
699 729 836 763 Defigere,
856 727 888 761 est
902 735 924 754 et
944 729 1118 763 Veneficiorum
1137 737 1160 755 ct
1179 740 1203 766 ¹5

119 768 281 793 Deuotionum
294 768 404 795 verbum,
425 771 453 791 ut
466 764 561 798 Virgil.
574 765 632 790 Ciri
645 772 695 798 377
716 765 793 798 Regis
806 764 944 791 lolchiacis
963 765 1082 790 animum
1098 764 1159 790 deti-

120 810 182 836 gere
196 803 277 829 Votis.
364 799 448 826 *Vota
456 798 585 826 Iolchiaca
595 800 657 835 fient
665 801 813 826 Deuotioncs
826 802 935 835 magicae
945 819 952 831 ,
969 798 1022 832 siue
1030 800 1158 834 benificae,

110 839 231 872 >qualibus
249 834 367 871 Thgffizfi,
383 845 443 871 gens
456 838 490 861 iis
501 836 572 862 rebus
579 834 699 871 infamis,
717 838 757 861 vti
770 834 891 870 solebant.
945 833 1116 861 Auctarium-1·
1130 836 1157 861 de

120 873 233 905 Herbis,
253 876 295 909 qui
307 873 377 907 vulgo
391 870 504 905 Apuleio
516 871 681 906 misti-ibitur,
703 880 724 896 c.
739 877 756 905 7
777 871 803 897 Si
816 870 876 905 quis
890 870 1023 902 Deuotus,
1041 871 1158 897 Dcfixus-

120 917 171 942 que
185 909 266 935 fuci-it
279 908 307 933 in
324 907 376 932 suis
389 907 503 940 nuptiis,
522 906 555 932 fic
570 915 630 932 eum
643 907 768 932 resoluas.

119 944 179 969 Hoc
198 943 284 978 inquit
306 942 376 976 magi
397 942 489 968 dixere
512 950 629 968 amorem
643 942 712 976 polle
729 940 808 975 defigi
820 939 900 967 malo.
938 942 1014 967 Plura
1028 942 1079 967 uid.
1093 942 1159 976 upuil

117 979 237 1013 Ryckiusn
255 981 282 1004 in
302 977 392 1004 Tacit.
413 978 481 1003 Ann.
495 986 524 1009 2,
536 986 577 1010 30,
590 987 608 1011 4
621 985 645 1010 p.
660 985 700 1011 37.
771 1006 774 1008 ,
804 977 877 1012 Conf.
891 986 946 1002 mox
961 976 1080 1003 Nomina
1095 977 1157 1003 defi.

120 1024 189 1049 gere.
225 1016 253 1039 r't.
267 1018 409 1043 DEFixtO.
486 1013 542 1039 Cic.
557 1012 634 1038 Acad.
654 1022 681 1045 4,
719 1030 725 1038 .
763 1030 769 1038 .
806 1012 901 1038 Parum
914 1011 1031 1046 defigunt
1047 1013 1158 1046 animos,

117 1057 142 1076 et
156 1049 291 1076 intendunt
309 1048 336 1073 in
357 1057 396 1080 ea,
410 1056 477 1082 quae
496 1049 630 1083 perspicua
644 1049 718 1080 sunt,
736 1053 783 1079 vt,
801 1054 846 1074 etc.
917 1047 972 1073 Cic.
988 1047 1020 1073 de
1033 1049 1156 1075 Prouinc.

118 1085 221 1111 Consul.
237 1089 249 1113 8
269 1083 347 1109 Nihil
361 1083 393 1109 de
407 1083 454 1110 hac
466 1093 522 1110 eius
537 1084 645 1115 vrbana,
664 1091 743 1117 quam
757 1083 802 1109 ille
816 1082 933 1117 praesens
947 1083 976 1109 in
991 1084 1082 1110 vestris
1096 1093 1157 1110 ocu-
1175 1094 1206 1121 23

115 1120 148 1146 lis
160 1119 343 1153 mentibusque
357 1119 466 1152 defixit,
484 1120 600 1146 Audacia
613 1120 720 1153 loquor.
790 1118 916 1152 Colaphis
929 1118 1043 1153 aliquem
1056 1121 1093 1146 *in
1107 1126 1157 1146 ter-

113 1163 170 1181 ram
189 1154 269 1181 Plaut.
283 1155 349 1181 Pei-s.
365 1164 390 1188 z,
403 1164 431 1189 4,
440 1164 482 1181 22.
554 1154 734 1182 Columnellas
748 1154 776 1180 in
790 1154 909 1180 trabibus
929 1155 1000 1180 Caes.
1010 1155 1036 1181 B.
1045 1156 1074 1182 C.
1083 1165 1108 1188 2,
1118 1164 1155 1182 10.

92 1212 95 1214 .
115 1190 234 1217 Cultrum
249 1191 275 1216 in
289 1189 367 1216 corde
383 1192 443 1217 Liu.
459 1199 478 1222 i,
490 1196 527 1224 58.
632 1192 742 1217 Crucem
755 1189 869 1224 defigere
889 1189 945 1216 Cic.
960 1191 1034 1217 Verr.
1043 1200 1072 1224 4,
1108 1211 1115 1217 .
1147 1208 1154 1217 .

111 1228 142 1258 ιζε.
157 1235 205 1259 pro
220 1225 249 1250 C.
267 1225 358 1252 Rabir.
372 1235 395 1252 11
409 1236 431 1252 c.
444 1234 471 1259 4.
488 1234 491 1239 ¹
576 1225 701 1252 Gladium
716 1226 808 1260 iugulo
835 1226 896 1251 Liu.
913 1234 937 1256 1,
947 1233 984 1258 25.
1073 1226 1155 1252 Curas

113 1260 141 1287 in
168 1260 291 1295 Reipiibl.
310 1261 391 1288 salute
418 1262 475 1288 Cic.
496 1260 609 1296 Philipp.
631 1270 671 1294 14,
691 1270 725 1293 ¹3·

112 1296 178 1323 Plin.
191 1301 231 1328 28,
246 1305 262 1322 2
274 1297 292 1322 s.
304 1306 331 1330 4.
356 1315 360 1317 -
439 1297 531 1323 Ensem
553 1297 598 1323 Sil.
613 1305 652 1329 10,
690 1315 696 1322 .
812 1296 893 1324 Furta
905 1296 1017 1322 alicuius
1031 1297 1059 1323 in
1073 1298 1157 1324 oculis

110 1332 204 1365 populi
223 1332 279 1358 Cic.
293 1332 350 1358 Aa.
367 1332 394 1358 in
408 1333 484 1359 Verr.
501 1341 520 1365 i,
534 1341 560 1367 7.
599 1334 653 1358 Hoc
665 1330 698 1365 qli
707 1350 714 1363 ,
735 1334 776 1358 Ita
789 1335 905 1364 recitare,
917 1340 947 1358 vt
964 1341 1013 1358 non
1025 1333 1094 1359 modo
1114 1342 1156 1360 au-

112 1366 178 1397 dari,
191 1367 239 1403 fi'd
249 1367 391 1403 etiariific›·i
402 1367 543 1395 videantur.
615 1368 671 1394 Cic.
692 1367 723 1393 de
741 1369 815 1394 Orat.
830 1377 842 1400 3
856 1377 877 1394 c.
892 1373 906 1398 8
930 1368 1033 1395 Omissis
1047 1369 1156 1395 caeteris

109 1402 272 1436 argumentis
285 1403 313 1429 in
326 1412 359 1429 eo
372 1409 486 1430 mentem
495 1423 504 1436 ,
522 1404 726 1438 orationemque
740 1403 839 1438 defigit.
876 1403 957 1431 Ouid.
970 1405 1029 1429 Am.
1039 1412 1061 1436 3,
1070 1411 1096 1439 7,
1104 1412 1158 1438 294

109 1437 226 1472 Sagaque
238 1439 363 1472 poenicea
376 1439 469 1466 defixit
484 1440 604 1466 Nomina
617 1444 683 1466 cera.

110 1473 144 1498 ad
157 1473 273 1509 veneficia
285 1481 309 1500 et
322 1474 459 1501 deuotionis
472 1475 584 1512 refertur
598 1478 611 1502 ,ἓ
651 1474 709 1501 Vid.
726 1475 812 1511 Heinsl
827 1475 861 1501 ad
871 1476 888 1501 I.
961 1475 1042 1501 Ouid.
1063 1476 1155 1502 Amor.

109 1516 135 1538 2,
150 1513 173 1540 8,
186 1518 211 1542 ις
232 1510 263 1536 Et
275 1515 362 1536 tamen
375 1511 457 1537 iratos
469 1511 498 1536 in
513 1517 538 1537 te
553 1510 645 1537 defixit
657 1510 773 1537 Ocellos.
880 1509 937 1536 Cic.
952 1510 1064 1545 Philipp.
1080 1519 1113 1543 11,
1129 1520 1157 1537 10

110 1544 194 1570 Cuius
208 1544 361 1579 sanguinem
376 1555 429 1572 non
442 1546 536 1573 bibere
551 1547 659 1572 censetis
675 1547 683 1572 3
720 1546 748 1572 in
761 1545 834 1572 cuius
847 1545 1006 1579 poss'essioncs
1015 1553 1093 1579 atque
1102 1547 1156 1572 for-

108 1583 183 1605 tunas
197 1589 249 1606 non
265 1581 500 1616 impudentill'imos
514 1582 606 1608 oculos
620 1582 663 1616 spe
676 1587 701 1606 ct
715 1586 802 1607 mente
819 1580 932 1614 defigere
947 1581 955 1605 3
1010 1581 1157 1606 Oculorum

107 1615 192 1641 aciem
205 1615 233 1642 in
248 1622 345 1643 terram
365 1617 431 1644 Plin.
447 1623 470 1649 8,
485 1619 512 1643 16
526 1618 543 1642 s.
558 1625 594 1649 19.

109 1650 202 1676 Amor.
228 1659 279 1683 193.
324 1653 409 1679 Burni.
433 1653 573 1686 Deponere
596 1652 625 1677 in
646 1651 740 1677 hortis.
847 1650 903 1676 Cic.
924 1655 972 1683 pro
985 1651 1073 1676 Domo
1085 1659 1103 1682 9
1122 1651 1155 1676 At

109 1692 189 1717 quam
203 1686 358 1712 sententiam
372 1687 429 1713 dixi
443 1689 451 1713 3
487 1687 603 1721 primuni
618 1695 691 1717 eam,
708 1693 788 1719 quam
800 1685 893 1718 populi
906 1685 991 1709 sermo
1011 1683 1040 1709 in
1059 1685 1154 1710 animis

107 1719 200 1745 vestris
214 1721 265 1746 iam
279 1728 337 1747 ante
350 1721 484 1749 defixerat.
588 1721 673 1746 Sicani
688 1720 717 1744 in
730 1728 842 1752 corpore
865 1719 921 1743 Cic.
933 1718 962 1742 in
980 1718 1091 1744 catilin.
1107 1727 1117 1744 1
1131 1727 1153 1744 c.

106 1754 124 1777 6
137 1759 201 1778 extr.
273 1756 420 1781 Crabrones
434 1755 532 1788 spicula
546 1754 664 1787 defigunt
684 1753 765 1779 Ouid.
779 1752 844 1778 Fast.
859 1761 882 1783 3,
894 1759 948 1785 753.
1006 1752 1104 1778 Nostra
1112 1752 1155 1779 de-

1031 552 1090 578 Liu.
1101 561 1159 584 ¹‚29
1180 565 1208 585 10

872 906 929 931 Sen.
951 906 1028 932 Herc.
1043 907 1101 932 Oet.
1117 915 1157 938 ¹23
1170 920 1203 938 20

831 1260 1069 1295 Deprecationibus
1089 1262 1155 1288 diris
1173 1276 1206 1302 30

1577 150 1614 189 D
1701 152 1768 190 Ε
1818 154 1848 192 F
2208 177 2255 211 50

1222 233 1433 276 P¹³fe,.‘³²⁶¹!i¹!¹¹‘
1454 238 1509 277 Cic.
1524 235 1550 264 in
1564 237 1646 265 l'ison.
1660 247 1703 272 42.
1798 239 1936 277 Tempore
1950 251 1973 272 et
1988 246 2031 272 die
2044 249 2199 275 memoriam
2213 250 2256 277 bc-

1222 272 1311 310 nchcii
1324 270 1433 297 definire
1454 274 1508 299 Cic.
1524 274 1576 307 post
1591 275 1818 309 Red.adQ1i1·itcs
1857 297 1861 302 .
1900 296 1905 303 .
1942 298 1947 305 .
1983 282 2095 310 Delinita
2110 285 2191 311 animi
2202 294 2256 312 nio-

1223 305 1325 346 duratio
1344 307 1445 332 Λυὲὶυι·
1459 308 1489 333 ad
1505 310 1607 336 lit-ren:
1617 318 1636 342 1,
1653 319 1672 336 1.
1743 312 1798 338 Cic.
1812 322 1859 346 pro
1868 314 1982 340 Marcell.
1992 325 2020 348 23
2042 319 2092 344 llic
2107 326 2134 346 tu
2148 321 2256 348 modum

1224 346 1283 367 tuac
1298 347 1383 374 vitae,
1399 351 1452 368 non
1474 344 1552 370 salute
1576 346 1698 380 Reipubl.
1721 346 1762 372 scd
1777 349 1907 382 aequitate
1919 351 2000 376 animi
2015 353 2129 381 definies.
2199 357 2255 384 Cic.

1225 375 1301 403 Verr.
1315 386 1343 410 4,
1369 394 1387 417 ,⁵
1424 397 1431 417 ¹.
1467 378 1528 404 Non
1543 381 1624 406 solum
1639 390 1777 408 numerum
1791 384 1933 417 lignorum,
1948 386 1988 412 scd
2002 388 2079 415 eriam
2094 391 2257 419 vniuscuius-

1225 421 1274 445 que
1287 413 1509 453 magnitudinem,
1529 415 1638 448 liguram
1648 437 1656 449 ,
1675 417 1766 444 statum
1781 418 1865 445 literis
1879 420 1985 447 definiri
2005 424 2084 450 vides.
2158 428 2214 453 Cic.
2228 429 2257 454 in

1225 447 1314 474 Partit.
1353 465 1359 473 .
1388 465 1403 485 y.
1439 450 1511 482 Qud
1525 452 1640 483 quaestio
1654 454 1662 478 ’ζ
1698 462 1820 487 quasnam
1847 454 1924 482 lia-bct
1942 462 2025 490 partes
2041 461 2048 484 ἲ
2083 467 2107 486 c.
2124 468 2148 487 P.
2169 463 2257 490 intini-

1225 488 1293 523 ‘9¹¹¹’
1315 492 1391 523 quain
1406 485 1619 511 continuationem
1638 489 1739 522 appello
1755 499 1760 515 :
1796 496 1820 515 ct
1835 489 1984 522 delinitam,
2007 503 2084 527 quani
2103 505 2256 526 controuer-

1225 520 1285 558 siam
1297 527 1436 561 nomino2¹
1491 520 1541 546 Res
1555 530 1616 561 quas
1630 523 1741 551 Romani
1754 526 1895 559 gcss'erunt,
1915 527 1988 553 orbis
2008 535 2090 556 terrac
2106 533 2256 565 regionibus

1224 553 1385 580 deliniuntur
1406 556 1461 597 eie.
1477 562 1525 588 pro
1538 557 1632 597 Arcum
1642 567 1678 588 23.
1783 561 1929 588 Constitnta
1944 569 1969 589 et
1982 562 2088 591 definita
2102 562 2144 592 res¹
2162 569 2216 595 Cic.
2226 571 2258 597 de

1223 590 1297 629 Orat.
1310 598 1351 622 42.
1404 624 1419 631 ..
1466 591 1577 625 sculptis
1593 594 1665 619 caes.
1682 594 1708 620 B.
1724 595 1755 621 G.
1771 601 1841 630 7,83.
1914 599 1960 623 Vis
1977 601 2097 627 vocabuli
2111 602 2256 631 definienda

1221 624 1309 663 verbis
1325 624 1360 650 est
1388 625 1443 651 cic.
1459 625 1490 651 de
1503 628 1605 653 lnucnt.
1625 636 1632 653 1
1647 638 1667 654 c.
1684 638 1701 656 1.
1772 634 1858 665 Quam
1878 631 1965 659 Vitam
1982 635 2130 669 ingrediar,
2150 639 2258 667 definias

1222 660 1278 685 Cic.
1294 659 1416 699 [stad-,42
1430 669 1480 693 ¹¹4·
1554 663 1633 689 Plaut.
1649 664 1735 691 cinci.
1749 674 1774 698 2,
1790 674 1808 698 ι,
1822 676 1852 700 43
1878 667 1957 702 Perge
1972 670 2047 705 loqui
2062 682 2067 697 :
2102 682 2155 699 non
2171 677 2258 702 remit-

1221 700 1291 734 tam,
1310 693 1447 734 definitum
1461 696 1638 732 cst‚s1rmum‚
1657 708 1752 731 rutum,
1773 702 1893 728 decretum
1908 704 1950 736 est.
2057 708 2111 733 Cic.
2126 710 2196 736 Fam.
2211 719 2223 742 3
2246 717 2259 742 8

1223 728 1301 755 Nihil
1316 738 1386 770 enim
1401 730 1505 762 habent,
1516 734 1586 766 quod
1603 734 1739 761 definitum
1755 737 1783 763 iit
1797 745 1840 764 aut
1854 745 1962 765 certum.
2069 744 2163 771 Cic.de
2172 731 2234 771 Fati)
2244 756 2258 779 9

1223 765 1287 791 Non
1308 767 1424 800 sequitur
1438 774 1534 800 tamen,
1556 776 1582 795 vt
1596 771 1674 795 etiam
1689 770 1775 796 sedere
1789 781 1847 805 eos,
1867 780 1892 800 et
1904 775 2055 808 ambulare,
2075 785 2099 805 et
2114 789 2169 807 reni
2183 790 2258 815 agere

1222 800 1355 835 aliquam,
1373 803 1562 837 principalibus
1575 806 1652 831 caulis
1665 806 1800 832 definitum
1815 814 1839 833 ct
1853 810 2021 837 constitutum
2035 812 2073 839 fit.
2243 827 2257 844 2

1221 837 1347 862 peculiare
1359 836 1392 869 est
1405 839 1560 874 Apul.'Mct.
1576 845 1588 869 8
1601 850 1624 874 p.
1641 850 1697 872 263,
1713 850 1739 866 21
1761 841 1800 867 Ad
1815 843 1881 868 hunc
1896 846 2003 872 modum
2024 847 2134 876 definito
2152 851 2251 879 iuuene

1221 874 1239 897 i.
1254 870 1399 906 interfecto.
1439 875 1477 899 Ns
1491 874 1616 901 defuneto
1631 878 1753 912 legamus,
1775 885 1798 902 et
1813 880 1885 904 MSS.
1900 883 2068 914 intercedunt,
2086 893 2109 910 et
2130 888 2187 921 osus
2200 874 2260 915 alio:

1222 917 1292 937 rum,
1312 907 1340 932 cle
1352 917 1396 942 quo
1402 905 1502 941 statim.
1546 912 1660 937 Pricaeus
1675 920 1698 944 p.
1713 920 1766 943 409
1786 913 1933 946 Defunao,
1954 918 2068 945 Beroiildl
2085 922 2250 950 coniecturam

1221 943 1352 977 improbat.
1425 944 1515 970 Sidon.
1537 946 1615 979 Epist.
1635 954 1647 978 ς
1666 948 1713 972 vlt.
1741 947 1907 974 lustillimum
1919 950 1963 982 est,
1979 958 2005 977 vt
2020 954 2129 982 delinito
2142 957 2174 983 fic
2188 944 2260 994 quis?

1221 986 1273 1011 que
1287 978 1405 1004 nostrum
1418 979 1545 1006 succedat.
1618 981 1659 1008 sic
1676 983 1781 1007 Elmcnh.
1803 986 1830 1008 in
1845 984 1900 1010 Iud.
1913 987 1987 1019 Apul.
1998 988 2045 1021 fiel
2057 990 2147 1017 eduum
2159 1003 2173 1019 a
2187 995 2255 1021 Saua-

1220 1021 1278 1039 rone
1292 1013 1336 1039 die
1350 1014 1458 1045 functo,
1479 1026 1493 1041 a
1513 1017 1661 1042 H'owerano
1675 1017 1810 1043 defuncio.
1854 1019 1910 1045 Vici.
1933 1027 2021 1047 Fixit)
2039 1032 2064 1049 n.
2078 1034 2102 1051 2.

1258 1055 1277 1075 D
1286 1055 1302 1075 E
1312 1056 1327 1075 F
1340 1056 1348 1074 1
1362 1056 1383 1075 N
1394 1056 1432 1089 {T
1443 1058 1450 1076 1
1461 1057 1496 1082 O,
1516 1052 1584 1077 bnis.
1603 1051 1622 1077 s.
1660 1050 1745 1086 [ἕρσῃ
1767 1052 1881 1087 demum]
1918 1054 1959 1087 [Ψ
1971 1061 2038 1083 ratio
2058 1062 2184 1094 explicans
2202 1065 2262 1098 quid

1221 1086 1313 1117 ressit.
1351 1085 1481 1118 Qiine‘til.
1497 1093 1522 1120 7,
1537 1095 1555 1119 4
1577 1087 1741 1113 Finitionem
1755 1096 1834 1114 vocat.
1878 1090 1931 1116 Cic.
1947 1092 1998 1117 Oti]
2016 1101 2034 1124 1,
2049 1099 2065 1128 7
2083 1096 2176 1123 Omnis
2190 1100 2260 1126 enim

1222 1128 1288 1154 quae
1301 1128 1315 1145 a
1328 1128 1431 1147 ratione
1453 1121 1591 1155 suscipitur
1611 1122 1642 1148 de
1657 1123 1746 1156 aliqua
1760 1131 1788 1149 re
1801 1124 1932 1152 institutio
1947 1146 1954 1158 ,
1976 1127 2053 1154 debet
2072 1139 2086 1156 a
2105 1132 2260 1161 definitione

1220 1155 1367 1189 proficisci:
1385 1163 1411 1182 vt
1427 1157 1600 1191 intelligatur,
1612 1158 1676 1192 quid
1691 1157 1721 1184 tit
1735 1158 1771 1191 id,
1785 1159 1816 1185 dc
1831 1169 1884 1194 quo
1898 1162 2052 1195 disputatur.
2095 1167 2152 1193 isid.
2167 1171 2193 1193 in
2202 1170 2259 1195 To.

1218 1191 1268 1225 pic.
1283 1200 1304 1217 c.
1320 1200 1343 1217 2.
1420 1194 1480 1218 Item
1493 1192 1524 1218 dc
1538 1192 1611 1219 Orat.
1626 1202 1645 1225 1,
1661 1198 1702 1225 189
1717 1203 1738 1219 c.
1753 1203 1793 1226 4²·
1830 1198 1861 1221 Et
1873 1197 1905 1222 de
1918 1198 1976 1223 Fin.
1989 1206 2021 1230 2,
2035 1207 2056 1231 ς.
2163 1204 2261 1231 Defini-

1221 1227 1260 1253 tio
1279 1235 1376 1260 genere
1402 1227 1563 1261 declaratur,
1585 1234 1610 1254 et
1624 1230 1785 1262 proprietate
1805 1231 1933 1265 quadam,
1953 1240 1997 1260 aut
2017 1237 2096 1262 etiam
2116 1242 2260 1269 communi-

1221 1270 1266 1288 um
1280 1262 1445 1296 frequentia,
1465 1272 1496 1289 ex
1511 1263 1607 1298 quibus
1622 1264 1758 1298 proprium
1774 1266 1838 1300 quid
1852 1267 1881 1293 iit
1895 1268 1994 1295 eluceat
2015 1271 2069 1297 Cic.
2085 1272 2209 1301 inl'artit.
2223 1286 2250 1309 4¹

1221 1299 1251 1323 In
1264 1296 1465 1324 definitionibus
1479 1307 1566 1333 neque
1580 1299 1662 1326 abesse
1677 1300 1820 1335 quidquam
1834 1301 1924 1335 decet,
1941 1312 2026 1339 neque
2041 1307 2190 1336 redundare
2204 1298 2260 1338 Cic:

1222 1333 1254 1359 de
1267 1334 1341 1360 Orat.
1356 1339 1391 1366 83.
1498 1335 1624 1361 Hominis
1639 1336 1761 1361 definitio
1775 1346 1824 1362 vna
1839 1338 1865 1363 in
1878 1347 1969 1366 omncs
1978 1341 2047 1368 valet
2065 1344 2118 1370 Cic.
2127 1346 2159 1371 de
2168 1347 2260 1381 Legib.

1224 1377 1245 1403 1,
1258 1377 1297 1401 29.
1396 1369 1533 1403 Propriam
1547 1371 1673 1405 cuiusque
1687 1373 1742 1396 vini
1755 1372 1911 1400 definitione
1926 1376 2058 1403 declarare
2078 1380 2131 1406 Cic.
2148 1381 2179 1407 de
2187 1384 2261 1409 Ora-t.

1223 1413 1279 1444 i90.
1387 1404 1457 1431 Vera
1471 1405 1593 1432 definitio
1612 1407 1648 1432 ld.
1664 1406 1696 1432 de
1712 1408 1811 1434 Inueni.
1827 1417 1851 1441 2,
1866 1418 1902 1442 53.
1935 1437 1941 1442 ,
1980 1413 2039 1438 Hoc
2055 1414 2072 1439 si
2087 1416 2162 1442 estin
2177 1417 2262 1449 libris,

738 1441 781 1465 An
799 1440 858 1466 hinc
872 1438 1092 1475 illafignificatio,
1109 1450 1157 1475 qua
1174 1450 1203 1477 33
1222 1449 1251 1465 in
1264 1448 1344 1474 quem
1358 1439 1511 1473 hominem,
1531 1448 1556 1468 et
1573 1442 1601 1468 in
1615 1443 1685 1476 quod
1699 1452 1802 1477 tenipus
1821 1445 1856 1469 est
1872 1446 1880 1470 ἒ
1916 1446 2018 1473 Calliae
2038 1452 2124 1483 enim,
2146 1454 2194 1486 qui
2216 1454 2262 1480 illa

1222 1476 1370 1510 composuit
1389 1477 1518 1510 perfecit,
1542 1483 1583 1510 vt,
1611 1479 1787 1512 quodcunque
1807 1480 1950 1513 accidisset,
1973 1484 2138 1515 praedictum
2158 1488 2262 1516 videre.

1221 1516 1280 1543 tur,
1305 1511 1446 1537 hominum
1460 1518 1486 1537 et
1501 1518 1649 1545 temporum
1665 1512 1820 1539 delinitione
1834 1515 1932 1541 sublata
1954 1518 2008 1543 Cic.
2022 1519 2053 1544 de
2070 1521 2161 1548 Diuin,
2176 1532 2188 1548 2
2215 1533 2254 1550 110

1220 1547 1275 1572 Hoc
1287 1545 1319 1577 gs}
1329 1564 1338 1577 ,
1360 1548 1417 1571 Non
1432 1547 1576 1580 explicando
1584 1547 1628 1581 fin
1639 1548 1795 1581 exprimendo
1815 1558 1960 1576 nommattm
1979 1557 2087 1579 nomines
2103 1563 2126 1581 et
2144 1543 2262 1592 tempora:

1220 1580 1401 1611 Definitione,
1419 1580 1448 1605 id
1462 1580 1495 1612 cst
1513 1581 1564 1614 (vt
1577 1582 1679 1607 barbari
1690 1584 1843 1617 loquuntur)
1864 1585 2057 1619 Spccfficatsone.
2165 1592 2263 1619 Defini-

664 1616 780 1642 Plantani
794 1616 823 1642 in
838 1615 923 1641 hortis
943 1615 1023 1641 Ouid.
1033 1615 1064 1641 de
1077 1616 1154 1641 Rem.
1172 1623 1210 1649 40
1218 1616 1257 1641 tio
1271 1634 1279 1647 ,
1299 1616 1409 1651 Regula,
1427 1616 1494 1641 locus
1513 1619 1667 1641 communis:
1695 1627 1772 1656 *quam
1790 1619 1934 1645 Maximam
1953 1624 2043 1657 vulgus
2063 1632 2143 1651 vocat.
2179 1629 2262 1655 Iauol.

1217 1651 1234 1675 l.
1248 1658 1299 1676 202
1319 1650 1413 1676 Omnis
1429 1650 1551 1676 definitio
1564 1651 1593 1677 in
1607 1651 1666 1677 iure
1679 1652 1755 1678 ciuili
1769 1655 1914 1686 periculosa
1935 1655 1979 1683 est.

1253 1691 1271 1709 D
1280 1692 1296 1710 E
1307 1692 1323 1711 F
1333 1693 1342 1711 1
1351 1693 1372 1712 N
1382 1693 1391 1711 1
1401 1693 1422 1712 Τ
1431 1687 1442 1711 i
1451 1693 1471 1712 v
1481 1692 1501 1711 v
1510 1693 1522 1712 s
1531 1704 1540 1718 ,
1558 1693 1588 1718 a,
1606 1694 1659 1712 um.
1678 1687 1738 1712 Adi.
1772 1687 1912 1723 [ἐμ-[κάς]
1949 1692 2004 1717 Cic.
2018 1692 2050 1719 de
2063 1695 2165 1723 Inueni.
2182 1707 2194 1723 2
2206 1708 2226 1724 c.
2236 1707 2264 1734 17

1213 1725 1257 1753 pr.
1276 1721 1368 1752 Qium
1381 1721 1445 1747 faeti
1460 1721 1640 1747 controuersia
1661 1722 1713 1754 cst,
1734 1724 1837 1757 quando
1859 1726 2020 1753 coniceturis
2038 1731 2111 1757 causa
2130 1732 2263 1761 firmatur.

1218 1754 1372 1780 constitutio
1385 1756 1571 1783 coniecturalis
1586 1757 1739 1791 appellatur.
1776 1760 1866 1793 Qium
1888 1768 1974 1788 autem
1995 1766 2124 1798 nominis,
2143 1769 2204 1803 quia
2221 1772 2260 1796 vis

103 1786 184 1820 figere
192 1787 383 1822 deportareque
396 1795 454 1814 tuto
466 1789 594 1822 possemus
614 1788 670 1814 Cic.
678 1788 750 1813 Fam.
760 1794 786 1821 7,
800 1795 834 1819 29
842 1793 892 1822 pro
905 1786 1018 1823 refigere,
1038 1788 1152 1824 modosa-
1168 1798 1202 1824 45
1217 1789 1342 1815 vocabuli
1356 1790 1506 1817 definienda
1520 1792 1566 1824 cst,
1580 1792 1733 1819 constitutio
1746 1794 1885 1822 delinitiua
1905 1799 2065 1826 nominatur.

104 1831 137 1848 na
145 1821 225 1848 leflio.
262 1824 331 1849 Certe·
346 1825 422 1849 Gron.
435 1825 485 1859 legi
499 1824 554 1849 vult
573 1823 693 1857 refigere.

67 1857 71 1861 ‘
142 1863 326 1890 nerixvs,
345 1867 375 1891 a,
395 1867 450 1885 um.
473 1859 566 1885 Partic.
602 1857 859 1892 [καταπεπηγμένος]
894 1857 950 1883 Cic.
959 1857 1154 1892 Philipp.4c.6

105 1893 197 1920 Virtus
216 1894 252 1920 est
273 1903 324 1920 vna
342 1894 467 1920 altissimis
481 1894 566 1920 defixa
578 1893 712 1920 radicibus
721 1913 727 1925 ‚
746 1902 814 1928 quae
827 1901 962 1927 nunquam
975 1893 1028 1919 vlla
1042 1894 1069 1920 vi
1083 1894 1153 1920 labe-

85 1944 88 1947 ·
103 1928 199 1955 fa&ari
213 1930 312 1990 puppii,
331 1939 465 1965 nunquam
480 1929 614 1957 dimoueri
629 1930 697 1955 loco.
815 1929 869 1954 Stat
881 1937 966 1954 cuneo
978 1928 1063 1955 defixa
1081 1930 1151 1955 acies

105 1965 167 1990 Stat.
182 1965 247 1991 The
268 1985 274 1991 .
307 1985 315 1998 ,
328 1968 343 1992 6
384 1985 390 1991 .

103 2009 149 2036 que
161 1974 330 2027 calamitatilm
343 1973 467 2027 (ilgondus
480 2008 504 2027 ιτ
517 2004 606 2027 mentis
619 2004 692 2035 inops
703 2006 776 2034 atque
790 1998 886 2033 consilii
913 1999 1006 2026 Claud.
1019 2000 1110 2034 Paneg.
1124 2009 1152 2033 4,

103 2037 165 2068 486.
234 2036 346 2062 Animus
377 2037 477 2063 defixus
507 2037 536 2062 in
555 2036 645 2071 aliqua
663 2035 888 2069 contemplatione
911 2035 979 2061 Plin.
1000 2035 1079 2069 Epist.
1094 2044 1116 2066 2,
1132 2044 1152 2061 1.

104 2071 181 2105 Virg.
198 2071 294 2106 Georg.
308 2080 332 2104 3,
347 2080 390 2104 519
415 2073 501 2106 Atque
521 2080 603 2105 opera
622 2073 650 2097 in
676 2070 766 2097 medio
790 2070 875 2097 defixa
894 2070 1025 2104 relinquit
1057 2076 1152 2096 aratra.

103 2106 160 2132 Cic.
172 2107 201 2132 in
214 2107 302 2133 Somn.
316 2108 383 2142 Scip.
397 2116 413 2140 9
434 2109 582 2142 Qiousque
598 2107 673 2133 humi
694 2106 779 2133 defixa
792 2112 836 2132 tua
850 2112 922 2132 inens
937 2107 987 2132 erit
1002 2107 1010 2132 3
1082 2107 1151 2132 Hor.

103 2141 217 2182 Epist2¹³
232 2145 257 2173 6,
273 2151 302 2176 14
323 2143 365 2176 Si,
385 2142 515 2178 quidquid
532 2143 603 2169 vidit
615 2143 710 2170 melius
723 2142 852 2177 peiusque
867 2142 912 2167 sua
925 2139 1082 2182 spe-Defixis
1090 2149 1152 2167 ocu·
1169 2151 1198 2178 55

103 2176 136 2202 lis
147 2185 290 2212 animoque
302 2184 328 2205 et
341 2187 452 2213 corpore
465 2184 562 2213 torpet.
633 2178 737 2205 Obtutu
750 2177 840 2204 haeret
853 2176 953 2203 defixus
968 2186 995 2203 in
1008 2186 1063 2203 vno
1076 2178 1151 2211 Virg.

103 2212 169 2238 Aen.
185 2221 205 2245 1,
217 2222 280 2246 499.
353 2214 392 2240 Id.
404 2214 470 2241 ibid.
485 2220 508 2247 8,
522 2223 571 2247 520
590 2214 644 2241 Vix
657 2223 688 2241 ea
701 2214 770 2240 fatus
782 2219 837 2240 erat
852 2224 857 2239 ι
892 2213 1027 2247 defixique
1047 2221 1094 2239 ora
1114 2219 1151 2239 te-

101 2247 201 2274 nebant
235 2251 335 2276 Aeneas
349 2250 533 2283 Anchisiades,
549 2257 595 2276 etc.
667 2251 699 2276 Et
746 2264 792 2268 -
838 2246 931 2274 Defixa
951 2249 1061 2274 Latinus
1098 2249 1153 2275 Ob-

102 2289 162 2309 tutu
177 2290 247 2310 tenet
259 2294 306 2311 ora
325 2285 399 2320 Virg.
413 2287 479 2312 Aen.
494 2293 520 2320 7,
534 2293 592 2318 250.
664 2285 721 2312 Cic.
736 2294 784 2319 pro
797 2284 880 2311 Flacc.
894 2293 906 2316 3
938 2286 972 2310 Vt
986 2285 1076 2310 omnia
1091 2284 1152 2310 Rei-

102 2318 176 2353 publ.
189 2320 314 2351 subsidia,
332 2327 418 2347 totum
433 2322 526 2348 statum
542 2321 675 2354 ciuitatis,
694 2329 801 2346 omnem
821 2319 980 2346 memoriam
998 2325 1150 2354 temporum
1169 2322 1204 2347 60
1215 2320 1252 2346 ita
1264 2321 1367 2346 animus
1381 2330 1429 2355 per
1441 2321 1531 2347 oculos
1546 2330 1619 2348 meos
1632 2322 1704 2349 defit.

100 2356 306 2388 praeteritorum
315 2377 323 2388 ,
339 2357 447 2384 salutem
460 2357 654 2392 praesentium,
675 2358 746 2391 spem
760 2356 945 2391 reliquorum,
966 2356 994 2381 in
1009 2356 1092 2381 vestra
1105 2364 1151 2390 po-

99 2390 207 2423 testate,
227 2393 255 2418 in
272 2392 365 2418 vestris
389 2394 539 2424 sententiis,
560 2394 588 2419 in
606 2393 656 2419 hoc
676 2401 730 2419 vno
751 2392 853 2418 iudicio
873 2391 983 2425 politam
997 2397 1023 2417 et
1037 2391 1150 2417 defixam

100 2426 206 2460 putetis.
313 2428 400 2454 Multa
414 2429 443 2455 in
457 2438 489 2455 eo
502 2429 570 2461 vitia
583 2429 686 2463 penitus
699 2427 785 2454 defixa
799 2433 878 2461 atque
893 2427 1028 2452 haerentia
1048 2427 1102 2452 Cic.
1117 2426 1150 2452 de

98 2462 193 2495 Arusp.
214 2462 289 2496 Resp.
309 2469 331 2488 c.
351 2465 394 2490 26.
502 2464 559 2490 Cic.
578 2473 627 2498 pro
645 2464 734 2489 Domo
755 2472 797 2495 103
823 2464 897 2489 Hauc
918 2471 983 2488 vero
998 2462 1027 2487 in
1039 2462 1148 2496 palatio,

100 2503 179 2530 atque
191 2497 219 2528 in
232 2497 412 2531 pulcherrimo
426 2499 499 2526 vrbis
514 2499 574 2526 loco
589 2499 785 2539 porticumess‘e
798 2498 953 2533 patiemini,
972 2505 1017 2524 etc.
1048 2497 1150 2524 doloris
1161 2498 1194 2530 65

99 2533 153 2559 mei
168 2533 282 2559 defixum
296 2534 426 2565 indicium
439 2535 472 2561 ad
485 2536 642 2561 memoriam
656 2543 778 2561 omnium
795 2534 914 2568 gentium
935 2535 988 2559 sem
1008 2534 1131 2559 iternarn.

138 2574 156 2593 D
166 2575 182 2594 13
192 2575 225 2594 Fa
235 2577 253 2596 Χ
263 2576 272 2594 ἶ
285 2575 304 2595 O
315 2589 324 2602 ,
344 2571 412 2596 bnis.
431 2571 451 2597 f.
489 2571 570 2597 Closs.
583 2572 640 2597 Lat.v
653 2571 699 2597 Gr.
712 2571 891 2605 νεκρομαντίαι,
915 2568 982 2594 nurci
999 2579 1076 2601 εσμοι.

139 2608 331 2636 DEFiNDo,
352 2607 405 2631 ere.
441 2606 527 2632 Malos
542 2606 694 2638 defindunt,
710 2605 777 2631 fiunt
796 2604 912 2631 tabulata
928 2604 1050 2638 falaeque
1081 2605 1147 2629 Enn.

98 2643 140 2671 ap.
153 2637 225 2662 Non.
241 2647 263 2669 2,
276 2646 324 2669 351.

136 2678 154 2697 D
166 2679 225 2698 Epi
238 2680 258 2698 Ν
271 2679 337 2703 Gn,
355 2675 409 2699 ere.
444 2674 539 2699 Panem
564 2674 695 2706 defingere
724 2675 791 2700 Cato
810 2673 841 2698 R.
862 2674 893 2699 R.
913 2681 934 2698 c.
955 2680 997 2706 75.

98 2715 236 2740 nunquam
249 2708 331 2742 figulo
343 2709 389 2734 suo
403 2708 486 2741 dixit,
506 2718 561 2735 non
573 2709 718 2742 prudenter
730 2707 864 2734 definxisti
884 2716 927 2734 ine
953 2707 1072 2734 Tertull.
1087 2716 1148 2733 con-

96 2747 136 2768 tra
149 2743 230 2768 Marc.
251 2752 266 2768 2
282 2751 346 2770 extr.

133 2784 151 2803 D
161 2784 178 2804 E
187 2784 203 2804 F
214 2785 221 2803 1
233 2785 253 2803 N
263 2784 285 2804 G
294 2785 309 2804 Ε
320 2778 339 2805 R
348 2787 380 2811 E,
399 2776 520 2811 pistorum
545 2775 579 2811 cst
598 2779 640 2804 vel
655 2786 786 2812 coquorum
795 2797 802 2809 ,
815 2787 826 2803 e
845 2776 921 2810 maffiz
933 2779 1025 2802 maiore
1041 2779 1149 2802 minores

89 2812 277 2848 formantium,
297 2814 354 2840 Cat.
374 2822 411 2848 74
431 2814 484 2840 Vbi
505 2813 571 2840 bene
590 2813 724 2847 subegeris
746 2812 891 2847 defingito,
915 2811 1079 2846 coquitoque
1099 2812 1146 2838 sub

97 2848 169 2874 testa.
254 2849 293 2875 Id.
330 2858 371 2876 121

95 2892 155 2910 cum
176 2892 282 2919 coques.

133 2926 151 2945 D
161 2927 176 2946 E
187 2926 251 2946 FiN
262 2919 275 2947 ἶ
285 2927 304 2947 O
314 2940 322 2952 ,
347 2919 404 2953 fui,
428 2923 512 2953 itum,
537 2923 585 2946 Ire.
621 2918 723 2954 [ὅρι’ζω,
742 2917 902 2954 περιγράφων]
941 2919 1104 2951 Tei-minare,
1124 2924 1148 2944 ct

98 2954 248 2990 qussifinem
263 2956 330 2982 dare.
366 2956 421 2982 Cic.
443 2956 475 2982 de
489 2956 596 2983 Amicit.
610 2961 637 2988 58
660 2964 681 2980 c.
702 2957 730 2981 16
758 2955 847 2981 Altera
863 2954 990 2981 sententia
1005 2954 1056 2986 est,
1079 2962 1145 2988 quae

96 2990 189 3017 definit
205 2992 351 3018 amicitiam
364 2990 583 3026 paribusofficiis
595 3000 624 3016 ac
640 2990 832 3017 voluntatibus.
906 2990 962 3016 Cic.
976 2999 1025 3024 pro
1033 2989 1146 3016 Caecina

309 3064 378 3089 Bene
394 3063 501 3095 dicere,
519 3064 583 3090 Non
598 3062 676 3089 habet
694 3061 830 3088 definitam
850 3061 968 3096 aliquam
995 3061 1144 3095 regionem,

97 3097 172 3123 cuius
187 3098 308 3124 terminis
323 3100 392 3133 septa
407 3105 528 3125 teneatur
557 3099 614 3125 Cic.
628 3098 661 3124 de
674 3099 749 3124 Orat.
764 3106 789 3130 2,
804 3105 825 3129 ς.
923 3098 1144 3132 Vnamquamque

98 3141 153 3159 rem
167 3140 240 3160 certo
253 3141 363 3161 naturae
377 3135 493 3161 termino
509 3134 622 3161 definire
641 3133 718 3160 Anci.
732 3132 764 3159 ad
777 3134 877 3160 Heren.
891 3141 915 3166 3,
952 3153 958 3159 .
997 3153 1004 3159 .
1041 3133 1096 3159 Cic.
1111 3132 1143 3159 de

99 3167 170 3194 Orat.
186 3177 206 3201 i,
220 3177 255 3204 70
267 3179 288 3196 c.
305 3172 334 3196 16
354 3170 444 3197 Nullis
458 3170 579 3197 terminis
592 3176 620 3196 vt
641 3168 849 3201 circumscribat,
863 3175 908 3195 aut
921 3168 1030 3195 definiat
1045 3168 1087 3194 ius
1103 3169 1142 3194 su-

97 3046 202 3089 iiniunt.

101 3205 330 3240 unuquo-minus
343 3206 369 3231 ei
383 3206 461 3233 liceat
475 3206 567 3233 eadem
582 3205 628 3232 illa
642 3205 766 3232 facultate
781 3211 806 3231 et
821 3205 897 3239 copia
911 3205 1019 3238 vagari,
1039 3212 1143 3238 quave·
1160 3208 1189 3236 85·

101 3235 140 3262 lit:
244 3240 299 3266 Cic.
321 3241 353 3267 de
371 3242 446 3268 Orat.
460 3250 478 3273 ι,
492 3244 529 3274 64
551 3250 575 3268 c.
590 3249 615 3274 ις
644 3239 834 3274 Qmmobrem
847 3241 864 3266 si
880 3240 939 3274 quis
954 3240 1103 3265 vniuersam
1118 3245 1144 3266 et

101 3273 232 3311 propriam
245 3277 367 3303 Oratoris
381 3278 437 3304 vim
449 3277 561 3303 definire
574 3276 769 3311 complectique
785 3276 866 3308 velit,
886 3276 908 3302 is
917 3276 1016 3302 Orator
1029 3276 1090 3308 erit,
1097 3282 1143 3302 etc.

101 3307 158 3332 Cic.
171 3309 246 3336 Verr.
259 3320 282 3344 ε,
318 3333 324 3339 .
363 3332 369 3338 .
406 3314 441 3339 Vt
453 3313 596 3348 aliquando
609 3318 692 3339 totam
705 3312 782 3338 huius
796 3311 900 3346 generis
918 3311 1068 3338 orationem
1082 3320 1144 3337 con-

102 3342 209 3382 cludam
219 3352 246 3378 ac
258 3346 390 3374 definiam.
499 3348 610 3383 Aliquid
624 3348 743 3375 breuiter
756 3347 903 3379 illustrare,
922 3347 1066 3381 verbisque
1081 3347 1143 3373 defi-

97 3386 157 3403 nire
179 3378 235 3404 Cic.
248 3380 278 3407 de
290 3384 388 3410 Orata.
404 3393 472 3416 (339.

100 3421 156 3453 na,
172 3412 271 3440 Albana
294 3417 420 3446 definiunt
439 3419 494 3446 Cic.
520 3418 635 3454 Philipp.
662 3425 685 3452 8,
703 3428 728 3452 9.
747 3422 766 3445 i.
781 3417 913 3452 distinavit.
1021 3419 1077 3445 Cic.
1091 3427 1140 3453 pro

102 3449 196 3482 Qum·
212 3454 244 3482 84
259 3459 280 3476 c.
291 3459 323 3486 27
345 3454 433 3487 Tibi,
453 3455 519 3490 quid
538 3455 634 3487 facias,
654 3454 748 3481 definit
763 3464 768 3480 e
803 3460 829 3481 te
847 3453 978 3486 instituit,
996 3454 1048 3481 tibi
1069 3463 1140 3489 prae-

99 3490 173 3524 cepta
186 3483 237 3510 dat.
341 3489 430 3517 Artem
449 3491 559 3517 definire
578 3500 609 3517 ex
627 3490 706 3517 rebus
724 3490 864 3525 perspectis
885 3490 1013 3524 planeque
1026 3490 1140 3524 cognitis

101 3519 158 3546 Cic.
173 3519 205 3545 de
218 3521 291 3546 Orat.
306 3529 326 3552 ι,
339 3529 388 3553 108.
494 3526 613 3553 Definire
630 3527 709 3552 Diem
726 3527 799 3552 Caes.
813 3526 840 3552 B.
857 3526 939 3552 Ciuil.
949 3534 969 3558 1,
987 3534 1017 3551 11.
1045 3527 1141 3562 Vulgus

98 3557 271 3582 Determinare
286 3556 359 3583 elicit.

100 3596 157 3617 tum
172 3591 322 3617 Discordias
335 3600 349 3617 a
363 3591 412 3619 diis
424 3596 620 3624 immortalibus
634 3597 741 3624 definiri
753 3604 844 3632 putem
859 3597 868 3623 3
955 3598 1079 3623 Horizon
1092 3606 1140 3623 no-

97 3626 180 3666 strum
193 3626 341 3667 adspechim
357 3627 447 3668 definit
467 3632 523 3658 Cic.
536 3633 568 3659 de
581 3633 673 3660 Diuin.
687 3642 713 3666 2,
726 3642 767 3666 92.
838 3632 876 3661 Id.
897 3641 946 3666 pro
964 3633 1054 3659 Sextio
1073 3642 1095 3659 c.
1113 3641 1139 3664 3ι

101 3662 156 3695 Qu
173 3663 318 3696 Imperlum
332 3663 424 3702 Populi
436 3665 546 3694 Romani
557 3669 631 3696 orbis
645 3677 776 3696 terrarum
790 3668 912 3694 terminis
931 3668 1065 3694 definisset.
1100 3670 1138 3694 De

97 3698 219 3732 Pompeio.
336 3699 391 3725 Cic·
406 3699 438 3725 <le
452 3700 520 3736 Lege
533 3705 594 3738 Agr.
608 3713 634 3737 2,
648 3713 677 3737 32
693 3714 714 3730 c.
729 3713 753 3736 ¹3
773 3704 823 3730 Dat
836 3710 969 3738 praeterea
986 3703 1140 3737 potestatem

61 3784 64 3786 ψ
97 3768 292 3809 sempiternam.
371 3805 376 3810 Ι
400 3770 455 3796 cic.
469 3772 544 3798 Vcrr.
560 3782 579 3806 i,
593 3784 629 3802 211
653 3777 709 3802 Cur
721 3775 783 3801 huic
799 3784 937 3809 praecipua
960 3775 1000 3801 lex
1022 3775 1138 3801 iniuriae

97 3802 222 3831 definitur
238 3805 246 3830 Ξ
273 3839 278 3844 ι
317 3804 355 3830 Id.
369 3814 397 3831 in
416 3806 503 3832 Somn.
517 3807 583 3842 Scip.
595 3819 640 3842 c.3
661 3811 702 3838 Si’c
715 3811 811 3838 habeto
825 3810 950 3837 omnibus
965 3810 1012 3845 qui
1025 3811 1136 3845 patriam

98 3840 326 3878 conseruauerint,
349 3840 516 3874 adiuuerint,
533 3846 670 3878 auxerint,
690 3854 790 3873 certum
805 3847 854 3872 effe
869 3847 897 3872 in
917 3847 1004 3878 caelo,
1024 3855 1052 3872 ac
1073 3846 1136 3872 defi.

96 3875 300 3914 nitimilocum,
319 3882 364 3902 etc.
473 3878 572 3904 Locum
585 3879 694 3908 definire
719 3882 791 3909 Hirt.
807 3884 832 3914 6,
847 3890 886 3914 30.
991 3881 1090 3908 Lucide
1105 3891 1134 3908 ac

95 3907 216 3938 breuiter
227 3910 337 3938 definire
358 3912 415 3939 Cic.
424 3912 456 3943 de
464 3914 537 3941 Orat.
551 3922 577 3947 2,
592 3917 644 3941 162.

248 3953 270 3974 V
280 3953 299 3974 O
308 3953 334 3974 L.
369 3949 409 3975 11.

422 2850 453 2875 Et
484 2849 532 2876 vbi
564 2849 720 2882 definxeris,
738 2849 808 2875 lauri
840 2849 909 2875 folia
936 2847 1025 2874 subtus
1055 2847 1147 2874 addito
1165 2850 1197 2877 75
1212 2850 1293 2875 Deor.
1308 2858 1321 2874 2
1335 2857 1399 2884 c.27
1419 2849 1519 2877 Dianae
1532 2850 1656 2884 Ephesiae
1669 2852 1797 2886 templum
1811 2854 1997 2889 defiagrauifl'e.

1203 3466 1216 3489 3
1230 3466 1251 3483 c.
1266 3465 1294 3489 19
1313 3457 1382 3483 Faria
1413 3457 1518 3484 flamma
1545 3457 1694 3492 deflagrata.

1200 3493 1238 3519 Id.
1251 3493 1330 3519 Catil.
1347 3503 1366 3527 4
1386 3501 1407 3518 c.
1423 3495 1448 3520 6.

1240 1830 1270 1853 ,D
1280 1831 1297 1864 is
1307 1831 1322 1851 F
1332 1833 1339 1851 1
1350 1832 1370 1851 N
1381 1827 1392 1851 ῑ
1402 1833 1423 1852 T
1433 1834 1458 1853 E.
1480 1826 1547 1853 Adu.
1585 1827 1745 1863 [bpiosus‘mc]
1781 1830 1835 1857 Cic.
1850 1840 1899 1866 pro
1912 1834 1992 1859 Corn.
2002 1835 2075 1861 Balb.
2085 1845 2106 1862 c.
2117 1845 2146 1870 14
2167 1839 2221 1866 Lex
2234 1840 2262 1867 id

1217 1860 1304 1900 Gellia
1318 1866 1344 1887 et
1357 1860 1494 1894 Cornelia,
1506 1871 1573 1897 quae
1586 1864 1696 1890 definite
1710 1866 1864 1898 potestatem
1879 1868 2006 1902 Pompeio
2013 1871 2149 1898 ciuitatem
2162 1874 2261 1902 donan-

1216 1895 1245 1921 di
1258 1895 1382 1929 dederat,
1404 1897 1548 1924 sustulisset.
1622 1899 1738 1925 Desinite
1752 1899 1926 1937 distinc‘teque
1940 1904 2055 1938 designat
2081 1907 2146 1933 Plin.
2167 1911 2260 1945 Paneg.

1217 1940 1238 1956 c.
1252 1936 1289 1961 88.
1407 1933 1462 1959 Cic.
1483 1934 1511 1958 in
1531 1934 1605 1960 Orat.
1626 1939 1665 1964 118
1706 1935 1761 1967 Qi
1792 1937 1863 1962 enim
1898 1938 1966 1964 nihil
1995 1941 2079 1973 potest
2108 1945 2263 1979 tranquille,

461 1965 573 1992 Animus
586 1965 686 1991 defixus
699 1963 793 1996 malis,
812 1964 841 1990 id
853 1962 901 1997 ist,
925 1965 959 1989 lli
976 1966 1095 1990 malorum
1113 1971 1152 1991 ut·
1161 1980 1193 2005 50
1213 1966 1288 2028 isth'ss
1302 1966 1414 2000 leniter,
1435 1968 1503 1994 nihil
1523 1969 1637 2002 partite,
1657 1969 1782 2002 definite,
1803 1971 1941 2005 distinete,
1961 1974 2046 2001 facete
2067 1976 2168 2010 dicere,
2188 1989 2262 2014 prae-

1225 2008 1320 2034 eram,
1340 2008 1386 2029 etc.

1253 2043 1369 2063 DEFIN
1381 2044 1391 2063 1
1401 2043 1422 2064 Τ
1432 2045 1441 2063 i
1452 2045 1507 2064 vr.
1528 2037 1594 2064 Adu.
1632 2037 1751 2066 Tei-tull.
1765 2039 1797 2065 de
1811 2041 1887 2067 Carn.
1902 2041 1999 2070 Christ.
2015 2054 2035 2071 c.
2052 2051 2085 2076 18.
2123 2049 2194 2077 Cael.
2209 2052 2261 2078 Au.

1214 2070 1262 2098 rel.
1278 2073 1352 2098 Acut.
1366 2073 1450 2106 praef.
1466 2082 1486 2104 1,
1499 2082 1536 2105 14.

1250 2113 1295 2133 DE
1305 2113 1369 2134 FiN
1380 2114 1390 2132 1
1402 2114 1424 2134 'r
1436 2114 1499 2139 oR,
1518 2108 1582 2134 oris.
1600 2117 1635 2134 ni.
1671 2109 1790 2136 Tei-tull.
1805 2110 1906 2138 aduers.
1922 2114 2003 2141 Marc.
2019 2123 2040 2148 ς,
2057 2125 2093 2143 10.

1254 2148 1272 2167 D
1281 2149 1322 2168 EF
1330 2150 1340 2182 J
1353 2149 1374 2169 T
1386 2162 1394 2174 ,
1429 2142 1576 2178 [λείπεται]
1613 2145 1714 2181 lmperfi
1722 2153 1772 2181 pro
1785 2148 1856 2179 Deest
1874 2158 1881 2172 :
1918 2159 1966 2175 non
1990 2151 2037 2184 nist
2059 2156 2086 2178 in
2107 2155 2202 2190 aliquot
2214 2163 2262 2184 ter·

1214 2180 1261 2203 tiis
1268 2181 1399 2213 personis,
1418 2185 1441 2204 et
1453 2181 1480 2205 in
1495 2179 1626 2214 Infimtiuo
1639 2184 1770 2215 reperitur.
1808 2182 1877 2209 Ter.
1892 2185 1958 2211 Hec.
1972 2194 1994 2218 ς,
2008 2194 2077 2222 zpr.
2099 2189 2177 2216 Nihil
2193 2194 2261 2226 apud

1216 2222 1259 2239 me
1279 2213 1330 2239 tibi
1351 2214 1445 2240 defieri
1465 2215 1558 2248 patiar.
1631 2215 1704 2242 Idem
1718 2218 1784 2244 Eun.
1798 2225 1824 2250 2,
1837 2227 1862 2250 2,
1878 2228 1906 2245 ιι
1932 2220 2009 2248 Nihil
2026 2233 2106 2257 quum
2124 2226 2160 2252 est
2192 2228 2261 2255 nihil

1215 2249 1279 2275 defit
1293 2255 1390 2276 tamen.
1463 2250 1542 2283 Qiod
1563 2251 1701 2284 viderent,
1729 2254 1811 2279 multa
1832 2254 1863 2280 ad
1884 2256 2050 2288 splendorem
2069 2247 2260 2298 domus'atq'ite

1215 2284 1302 2311 vinus
1316 2284 1410 2312 defieri
1427 2286 1496 2312 Gell.
1513 2294 1533 2318 i,
1548 2294 1586 2319 14.
1646 2287 1741 2320 flant.
1755 2289 1837 2316 Milit.
1852 2294 1958 2325 4‚6‚46
1980 2294 2051 2327 Qua
2065 2295 2130 2322 stare
2145 2307 2261 2333 nequeo,

1800 2325 1871 2351 Defit
1884 2326 1940 2353 dies
1968 2329 2050 2356 Plaut.
2066 2331 2133 2358 Rud.
2171 2353 2177 2359 .
2217 2354 2223 2360 .

1215 2356 1272 2382 Cic.
1288 2356 1370 2382 Tusc.
1383 2365 1431 2395 3-c.
1447 2364 1475 2388 19
1494 2357 1539 2382 Pol
1553 2357 1591 2383 mi
1606 2358 1714 2385 fortuna
1727 2360 1810 2394 magis
1825 2359 1887 2387 defit
1900 2372 1977 2396 quam
1993 2374 2074 2398 genus
2089 2378 2094 2392 :
2117 2377 2145 2393 ex
2159 2372 2261 2404 antiquo

1215 2393 1300 2417 Poeta.
1372 2393 1446 2425 Virg.
1461 2392 1512 2418 Ecl.
1528 2401 1549 2424 2,
1563 2401 1596 2419 22
1617 2393 1668 2420 Lac
1682 2395 1750 2421 mihi
1765 2405 1819 2422 non
1832 2398 1926 2424 aestate
1946 2408 2062 2432 nouum,
2082 2411 2136 2427 non
2156 2403 2259 2437 frigore

1215 2426 1287 2453 defit.
1396 2427 1505 2454 Ostreae
1518 2427 1658 2455 deficiente
1673 2430 1735 2456 luna
1750 2431 1850 2458 defiunt
1877 2433 1944 2459 Gell.
1959 2443 2001 2465 20,
2016 2442 2041 2467 7.
2129 2439 2260 2467 Laudatur

1214 2463 1288 2489 Vitai
1301 2462 1377 2496 copia
1391 2462 1454 2489 defit
1473 2464 1577 2491 Lucret.
1591 2467 1617 2496 6,
1630 2470 1684 2497 814.

1412 2497 1421 2503 υ
1539 2499 1543 2504 .
1723 2467 1771 2492 Sed
1782 2466 1845 2492 defit
1857 2469 1949 2501 legitur
1967 2468 2042 2495 rech.

1249 2504 1514 2530 DEFIOCVLVS,
1536 2508 1554 2524 1.
1578 2509 1612 2525 ni.

1650 2499 1877 2535 [λειπέφθαλμσς]
1912 2504 2017 2530 Dicitur
2039 2514 2054 2530 a
2076 2506 2193 2534 Martial.
2209 2516 2259 2544 pro

1211 2534 1287 2568 Lusco
1302 2541 1340 2573 12,
1355 2541 1385 2565 59
1403 2533 1432 2559 de
1445 2536 1594 2574 importunis
1608 2534 1776 2566 Basiatoribus
1784 2555 1793 2568 ,
1808 2536 1878 2562 Hinc
1892 2536 2037 2566 detioculus
2049 2546 2076 2567 et
2089 2541 2151 2569 inde
2165 2543 2260 2579 lippus,

1210 2569 1258 2596 Sed
1273 2568 1346 2593 dubia
1361 2566 1394 2600 est
1408 2567 1489 2594 12310.

1248 2609 1434 2634 DEFIXVS,
1456 2602 1509 2628 vid.
1530 2608 1684 2630 DEPiGo.

1250 2644 1320 2664 DEF
1332 2643 1527 2664 LACCARE.
1571 2638 1664 2664 Nonio
1686 2647 1712 2670 i,
1732 2647 1766 2665 22
1790 2639 1827 2665 est
1839 2646 1970 2676 atterere,
1990 2645 2102 2672 tractum
2115 2656 2129 2673 a
2143 2649 2259 2677 vestibus

1065 2672 1149 2698 Adam
1162 2677 1199 2705 70
1213 2673 1265 2699 fine
1279 2673 1367 2699 flacco.
1404 2674 1446 2699 Ita
1459 2672 1546 2698 habere
1559 2682 1641 2699 onmes
1655 2674 1732 2700 libros
1745 2678 1783 2700 ait
1794 2677 1941 2705 Merctrms.
1978 2681 2075 2708 Laudat
2097 2683 2182 2710 demde
2202 2686 2258 2712 No.

1212 2709 1272 2734 nius
1286 2708 1405 2733 Elautum
1420 2708 1449 2732 in
1461 2707 1570 2740 Casina,
1590 2708 1675 2741 Perii,
1693 2710 1772 2735 flacco
1787 2710 1896 2738 habebit
1921 2715 2005 2749 (qm‘d
2015 2720 2041 2750 Ji
2059 2718 2229 2747 deriaccabit?
2247 2725 2257 2753 )

1209 2743 1263 2769 iam
1276 2742 1332 2768 illic
1346 2742 1427 2768 homo
1442 2742 1547 2769 lumbos
1560 2753 1642 2770 meos.
1677 2745 1828 2773 Defloccare
1841 2752 1923 2774 notius
1940 2759 1964 2776 υ.
1981 2761 2006 2778 υ.

1246 2784 1288 2804 DE
1298 2784 1338 2819 F-I.
1347 2784 1426 2818 AG'R
1438 2785 1456 2804 O
1471 2798 1479 2810 ³
1518 2783 1571 2805 ΞΙἙ.
1605 2780 1621 2813 [
1634 2782 1842 2821 καταφλέγομαι,
1876 2785 2034 2820 ε’μπ-ρὴθρμα,
2047 2791 2058 2822 J
2101 2776 2257 2818 lsfhpnllgntpy·

1211 2813 1329 2840 comburi.
1371 2814 1425 2840 Cic.
1440 2814 1491 2840 Off.
1506 2823 1517 2846 3
1531 2824 1553 2840 c.
1566 2822 1594 2847 25
1614 2815 1672 2841 Ictu
1685 2816 1805 2843 fulminis
1820 2818 1984 2854 detlagrauit.
2053 2824 2127 2851 Idem
2148 2826 2179 2852 de
2193 2827 2254 2854 Nat,

1512 2886 1515 2890 ⁴
1773 2889 1778 2893 ,
1833 2891 1837 2894 ²
2069 2860 2125 2887 Cic.
2146 2863 2222 2888 Acad.
2236 2872 2254 2896 4

1211 2894 1233 2911 c,
1247 2893 1278 2919 37
1298 2885 1366 2911 Fore
1379 2891 1468 2911 tamen
1481 2886 1643 2920 anquando,
1665 2893 1692 2912 vt
1706 2896 1791 2915 omnis
1811 2890 1853 2916 hic
1873 2893 1986 2918 mundus
2007 2894 2103 2922 ardore
2122 2896 2255 2932 deflagret.

1212 2921 1268 2948 Cic.
1284 2930 1333 2955 pro
1347 2921 1436 2946 Sextio
1450 2929 1484 2953 99
1504 2923 1555 2947 Aut
1569 2923 1615 2956 qui
1630 2929 1738 2957 propter
1750 2924 1855 2952 iniituin
1869 2928 1999 2961 quendam
2021 2931 2105 2957 animi
2123 2933 2255 2965 furorem,

1212 2956 1352 2982 discordiis
1367 2957 1468 2982 ciuium
1486 2966 1514 2984 ac
1529 2957 1660 2985 scdi'tione
1675 2960 1811 2992 pascantur
1828 2971 1833 2987 :
1871 2969 1916 2989 aut
1931 2965 1977 2998 qui
1992 2972 2100 2999 propter
2114 2968 2254 3003 implicati-

885 3025 889 3029 ·
1042 3025 1046 3030 ·
1209 3001 1289 3018 onem
1301 2992 1343 3018 rei
1357 2992 1514 3032 samiliariS,
1528 2995 1666 3033 communi
1681 2995 1806 3021 incendio
1825 2998 1921 3025 maluit
1940 3009 2018 3033 quani
2036 3002 2082 3028 suo
2101 3003 2251 3038 deflagrare.

186 3046 191 3052 .
228 3028 290 3054 Eius
304 3034 392 3054 autem
407 3027 485 3054 fundi
499 3034 644 3054 extremam
662 3033 760 3061 partem
775 3026 850 3052 oleae
864 3025 968 3052 directo
987 3026 1083 3051 ordine
1102 3025 1145 3051 dc·
1161 3031 1192 3056 80
1208 3027 1343 3054 Phaethon
1358 3027 1413 3053 ictu
1428 3028 1547 3055 fulminis
1563 3029 1719 3064 deflagrauit
1741 3031 1797 3057 Cic.
1813 3033 1864 3058 Off.
1879 3042 1891 3065 3
1911 3044 1932 3060 c.
1949 3043 1983 3067 ες,

2091 3039 2251 3078 Denagrare,

1206 3063 1565 3104 Deferuqscere,languescere.
1601 3066 1698 3091 Lucan.
1712 3076 1739 3100 4,
1753 3072 1799 3096 280
1835 3082 1880 3088 —
1916 3070 1957 3096 Sic
1971 3071 2113 3106 deflagrare
2128 3083 2250 3101 minaces.

1206 3100 1332 3125 Incassum
1341 3119 1350 3131 ,
1370 3106 1395 3125 et
1408 3106 1494 3126 vetito
1510 3101 1590 3134 pafl'us
1603 3101 1770 3135 languescere
1783 3103 1862 3129 bello.

1207 3135 1270 3197 dunssi
1283 3135 1338 3169 spes
1352 3135 1469 3161 animum
1482 3135 1601 3167 subibat,
1622 3137 1766 3171 deflagrare
1779 3138 1829 3164 iras
1843 3139 1953 3172 vestras,
1973 3145 2079 3177 purgari
2092 3145 2250 3178 suspiciones

1209 3180 1244 3205 po
1265 3180 1288 3196 e.

1935 3106 1994 3132 Liu.
2008 3117 2054 3140 40,
2068 3113 2081 3138 8
2109 3109 2156 3134 Sed
2170 3110 2250 3136 inter-

1360 3170 1496 3197 Seditione
1510 3171 1647 3206 paullatim
1661 3172 1819 3206 deflagrante
1836 3175 1926 3202 Tacit.
1941 3178 2006 3203 l-iist.
2022 3187 2043 3210 2,
2057 3187 2096 3210 29,
2109 3187 2130 3210 3.

1244 3213 1262 3232 D
1271 3214 1288 3233 E
1298 3213 1314 3233 F
1322 3214 1338 3232 L
1349 3213 1370 3233 A
1380 3212 1399 3232 G
1409 3213 1426 3232 R
1436 3213 1458 3233 A
1467 3214 1488 3235 T
1498 3215 1505 3232 1
1517 3214 1536 3234 O
1545 3228 1552 3239 ,
1570 3208 1638 3233 bnis.
1662 3209 1681 3234 f.
1719 3210 1841 3236 Verbale.
1877 3211 2051 3246 [Zsunpnrfluoss
2075 3214 2248 3252 καταῖφλεξις]

1207 3243 1298 3276 Qmm
1313 3251 1371 3268 mea
1383 3241 1476 3268 domus
1490 3242 1586 3269 ardore
1600 3244 1645 3270 suo
1659 3244 1875 3279 deflagrationem
1891 3246 1950 3273 vrbi
1966 3255 2112 3275 minaretur
2129 3251 2184 3277 Cic.
2199 3261 2249 3286 pro

1207 3279 1292 3304 Plane.
1307 3287 1326 3303 c.
1341 3287 1385 3310 40.

1208 3320 1233 3340 et
1246 3314 1371 3340 scelerata
1383 3313 1490 3340 ducitur
1498 3323 1602 3347 eorum,
1611 3315 1657 3349 qui
1666 3322 1761 3349 negant
1771 3318 1796 3342 se
1810 3318 1938 3349 recusare,
1946 3327 1999 3351 quo
2008 3319 2095 3346 minus
2109 3322 2168 3355 ipfis
2178 3332 2248 3349 mor-

1207 3350 1258 3376 tuis
1280 3356 1411 3376 terrarum
1430 3350 1551 3376 omnium
1570 3350 1725 3384 deflagratio
1739 3353 1931 3387 consequatur:
1968 3353 2041 3388 quod
2061 3356 2167 3391 vulgari
2180 3367 2245 3393 quo-

580 3383 664 3410 Aedes
678 3383 728 3410 fibi
741 3383 864 3417 optimas,
879 3382 971 3409 hortos
979 3403 988 3416 ,
1008 3383 1138 3409 Tuscula·
1154 3388 1191 3413 90
1205 3385 1265 3412 dam
1278 3386 1355 3411 versu
1368 3385 1470 3411 Gracco
1484 3387 1652 3420 pronuntiari
1665 3387 1739 3413 solet.

1457 3277 1496 3304 Id.
1512 3278 1544 3305 de
1557 3279 1614 3305 Fin.
1630 3288 1641 3311 3
1655 3288 1675 3306 c.
1692 3288 1717 3311 19
1758 3282 1946 3316 Qioniamque
1964 3283 2010 3309 illa
2028 3292 2081 3310 vox
2102 3285 2246 3314 inhumana

1242 3427 1261 3447 D
1269 3428 1286 3447 E
1296 3428 1312 3447 F
1321 3428 1336 3447 L
1345 3428 1366 3448 Α
1375 3427 1397 3447 G
1406 3427 1425 3447 R
1434 3428 1455 3447 A
1469 3427 1490 3447 T
1504 3429 1523 3448 v
1532 3429 1545 3449 s
1555 3442 1563 3454 ,
1583 3431 1596 3448 a
1604 3442 1612 3454 ,
1631 3431 1684 3449 um.
1704 3422 1796 3449 Partic.
1832 3423 2060 3460 [καταφλεχθεὶς]
2096 3427 2151 3454 Cic.
2160 3429 2246 3456 Tusc.

1808 3458 1839 3483 In
1870 3457 1959 3485 cinere
1978 3459 2114 3495 deflagrati
2135 3464 2243 3499 imperii

1239 3534 1258 3554 D
1267 3536 1283 3555 E
1294 3535 1310 3555 F
1320 3535 1336 3554 L
1348 3535 1401 3554 AM
1411 3535 1435 3554 M
1445 3535 1464 3555 ο
1473 3547 1480 3558 ,
1499 3531 1553 3554 arc.
1590 3528 1637 3554 Illa
1650 3527 1718 3554 mihi
1733 3527 1837 3560 prorsus
1857 3527 2007 3557 adhibenda
2025 3531 2077 3564 est,
2096 3542 2163 3568 quae
2182 3534 2243 3569 pha.

425 3561 480 3589 Cic.
494 3562 525 3588 de
539 3563 632 3596 Arusp.
647 3563 723 3596 Resp.
737 3569 763 3594 53
789 3563 860 3595 Qas
881 3570 932 3596 ego
944 3562 1008 3588 alias
1028 3562 1140 3596 optima·
1156 3569 1188 3595 95
1204 3570 1303 3590 retram
1318 3564 1428 3598 expilet,
1445 3569 1471 3589 et
1483 3564 1586 3597 sagittas
1602 3564 1733 3593 dearmet,
1752 3571 1841 3589 arcum
1864 3562 1996 3599 denudet,
2015 3568 2118 3594 taedam
2137 3569 2241 3597 deflam-

733 3598 738 3602 ”
1019 3597 1024 3601 ”
1204 3605 1259 3625 met
1279 3599 1356 3633 Apul.
1371 3600 1436 3626 Met.
1453 3599 1576 3638 §fieb-fin:
1596 3600 1614 3625 s.
1629 3609 1652 3632 p.
1669 3606 1722 3632 ¹72·
1746 3598 1877 3634 i.flammd
1885 3603 1982 3643 pr'iuet.

1238 3641 1257 3660 D
1268 3641 1284 3661 E
1294 3642 1310 3661 F
1319 3641 1335 3660 L
1344 3641 1361 3660 E
1372 3640 1389 3661 C
1400 3641 1421 3660 T
1431 3641 1450 3661 O
1459 3654 1466 3665 ,
1484 3643 1506 3660 ls
1514 3654 1521 3665 ,
1547 3643 1573 3660 x}
1581 3653 1589 3665 ,
1614 3643 1675 3659 xum
1685 3653 1694 3665 ‚
1720 3635 1773 3659 ere.
1809 3634 2001 3669 [κατακαμπτω
2009 3655 2018 3667 ,
2035 3638 2174 3674 imnum]
2211 3641 2243 3667 In

1202 3671 1277 3696 aliam
1290 3668 1506 3706 partemflet‘hrc.
1544 3669 1676 3695 Columel.
1686 3670 1711 3701 6,
1721 3677 1744 3694 11
1764 3670 1821 3696 Post
1835 3671 1992 3705 triennium,
2007 3683 2087 3707 quum
2108 3675 2160 3701 iarn
2181 3676 2240 3702 satis

313 3733 316 3737 ,
1202 3706 1316 3740 amplum
1331 3706 1523 3732 incrementum
1537 3705 1652 3738 ceperit,
1675 3713 1778 3730 ramum
1796 3705 1884 3732 oliuae
1899 3709 1946 3742 qui
1958 3708 2063 3735 videtur
2077 3710 2242 3737 nitidissimue

96 3733 182 3759 verbo
202 3734 379 3766 Praetoriam,
397 3742 490 3761 reuera
507 3739 618 3771 regiam:
655 3740 748 3766 definit
768 3740 795 3765 in
812 3741 1052 3773 Qunquennium,
1072 3739 1136 3765 facit
1147 3751 1193 3771 100
1202 3741 1328 3773 deflecte,
1349 3747 1374 3767 et
1394 3741 1425 3767 ad
1448 3749 1505 3766 crus
1524 3739 1627 3766 arboris
1648 3740 1775 3767 ficulneae
1793 3743 1885 3776 religa.

878 3775 881 3779 '
1203 3777 1256 3803 via.
1295 3778 1402 3803 Sueten.
1429 3776 1457 3802 in
1484 3774 1589 3808 August.
1616 3785 1637 3802 c.
1658 3784 1686 3808 93
1709 3776 1743 3802 At
1760 3784 1850 3803 contra
1871 3787 1925 3804 non
1944 3780 2025 3806 modo
2040 3780 2067 3806 in
2080 3777 2238 3815 peragranda

1201 3813 1321 3847 Aegypto
1334 3811 1423 3846 paullo
1439 3809 1578 3837 deflectere
1592 3811 1623 3837 ad
1638 3811 1772 3838 visendum
1788 3814 1858 3847 Apin
1871 3815 2024 3848 supersedit,
2038 3816 2080 3841 scd
2097 3824 2121 3842 et
2134 3817 2238 3848 Caium,

1199 3854 1245 3874 etc.
1317 3847 1440 3873 Catinam
1452 3845 1592 3873 deflectere
1606 3847 1695 3881 aliquo
1720 3848 1817 3874 Lu.an.
1833 3856 1855 3881 ς,
1892 3869 1898 3875 .
1937 3869 1944 3876 .

1197 3892 1219 3908 c.
1237 3892 1264 3909 iz
1283 3883 1386 3909 Etenim
1412 3890 1444 3907 co
1466 3881 1526 3907 loco
1548 3883 1631 3908 Fauni
1655 3890 1681 3909 et
1704 3883 1828 3910 Scaeuola
1842 3885 1922 3911 locati
1935 3886 2035 3916 sumuS,
2055 3893 2082 3911 vt
2097 3895 2142 3911 nos
2158 3886 2237 3921 longe

748 3917 820 3945 Mala
837 3917 930 3944 dolore
937 3936 947 3950 ,
968 3916 1039 3944 bona
1057 3917 1185 3953 volu-10,-
1194 3919 1345 3953 prospicere
1365 3922 1487 3951 oporteat
1506 3917 1613 3945 futuros
1633 3920 1702 3946 casus
1724 3919 1800 3954 Reip.
1814 3919 1923 3947 deflexit
1935 3920 2006 3946 enim
2023 3921 2075 3947 iam
2090 3921 2238 3957 aliquantu-

1956 3744 2102 3771 Deflectere
2116 3746 2191 3771 muli.
2208 3745 2239 3771 de

2015 3852 2070 3876 Cic.
2085 3851 2117 3877 de
2132 3852 2237 3877 Amicit.

1504 3952 1528 3980 G
2177 3957 2234 3985 lum
