<?xml version="1.0" encoding="UTF-8"?>
<!DOCTYPE html PUBLIC "-//W3C//DTD XHTML 1.0 Transitional//EN"
    "http://www.w3.org/TR/xhtml1/DTD/xhtml1-transitional.dtd">
<html xmlns="http://www.w3.org/1999/xhtml" xml:lang="en" lang="en">
 <head>
  <title>
</title>
<meta http-equiv="Content-Type" content="text/html;charset=utf-8" />
  <meta name='ocr-system' content='tesseract 3.04.00' />
  <meta name='ocr-capabilities' content='ocr_page ocr_carea ocr_par ocr_line ocrx_word'/>
</head>
<body>
  <div class='ocr_page' id='page_1' title='image "./novuslinguaeeter02gesn/novuslinguaeeter02gesn_0458.png"; bbox 0 0 2479 4225; ppageno 0'>
   <div class='ocr_carea' id='block_1_1' title="bbox 261 135 2459 209">
    <p class='ocr_par' dir='ltr' id='par_1_1' title="bbox 261 135 2459 209">
     <span class='ocr_line' id='line_1_1' title="bbox 261 135 2459 209; baseline 0 -17"><span class='ocrx_word' id='word_1_1' title='bbox 261 169 337 209; x_wconf 71' lang='lat'>887</span> <span class='ocrx_word' id='word_1_2' title='bbox 658 135 715 191; x_wconf 78' lang='grc' dir='ltr'>Η</span> <span class='ocrx_word' id='word_1_3' title='bbox 779 152 814 192; x_wconf 86' lang='lat' dir='ltr'>E</span> <span class='ocrx_word' id='word_1_4' title='bbox 896 149 924 189; x_wconf 85' lang='lat' dir='ltr'>P</span> <span class='ocrx_word' id='word_1_5' title='bbox 1742 146 1785 186; x_wconf 82' lang='lat' dir='ltr'>H</span> <span class='ocrx_word' id='word_1_6' title='bbox 1866 147 1901 186; x_wconf 87' lang='lat' dir='ltr'><strong>E</strong></span> <span class='ocrx_word' id='word_1_7' title='bbox 1980 149 2013 187; x_wconf 89' lang='lat' dir='ltr'>R</span> <span class='ocrx_word' id='word_1_8' title='bbox 2340 141 2459 196; x_wconf 59' lang='lat'>888⁸</span> 
     </span>
    </p>
   </div>
   <div class='ocr_carea' id='block_1_2' title="bbox 299 233 2410 273">
    <p class='ocr_par' dir='ltr' id='par_1_2' title="bbox 299 233 2410 273">
     <span class='ocr_line' id='line_1_2' title="bbox 299 233 2410 273; baseline -0.004 -3"><span class='ocrx_word' id='word_1_9' title='bbox 299 250 320 270; x_wconf 87' lang='lat' dir='ltr'>H</span> <span class='ocrx_word' id='word_1_10' title='bbox 329 249 344 269; x_wconf 81' lang='grc' dir='ltr'>Ε</span> <span class='ocrx_word' id='word_1_11' title='bbox 354 249 368 269; x_wconf 78' lang='lat' dir='ltr'>r</span> <span class='ocrx_word' id='word_1_12' title='bbox 380 247 403 268; x_wconf 70' lang='lat' dir='ltr'>‘r</span> <span class='ocrx_word' id='word_1_13' title='bbox 414 247 435 267; x_wconf 89' lang='lat' dir='ltr'>A</span> <span class='ocrx_word' id='word_1_14' title='bbox 448 246 464 266; x_wconf 76' lang='lat' dir='ltr'>r</span> <span class='ocrx_word' id='word_1_15' title='bbox 474 248 489 267; x_wconf 92' lang='lat' dir='ltr'>L</span> <span class='ocrx_word' id='word_1_16' title='bbox 500 246 517 267; x_wconf 81' lang='grc' dir='ltr'>Ε</span> <span class='ocrx_word' id='word_1_17' title='bbox 529 247 576 267; x_wconf 85' lang='lat' dir='ltr'>VR</span> <span class='ocrx_word' id='word_1_18' title='bbox 585 245 641 273; x_wconf 87' lang='lat' dir='ltr'>os,</span> <span class='ocrx_word' id='word_1_19' title='bbox 655 240 674 267; x_wconf 84' lang='lat' dir='ltr'>i.</span> <span class='ocrx_word' id='word_1_20' title='bbox 692 249 728 267; x_wconf 84' lang='lat' dir='ltr'>m.</span> <span class='ocrx_word' id='word_1_21' title='bbox 746 235 944 272; x_wconf 56' lang='grc' dir='ltr'>[ἐπίκληρος]</span> <span class='ocrx_word' id='word_1_22' title='bbox 967 235 1050 262; x_wconf 76' lang='lat' dir='ltr'>Herba</span> <span class='ocrx_word' id='word_1_23' title='bbox 1063 236 1196 271; x_wconf 70' lang='lat' dir='ltr'>plantago,</span> <span class='ocrx_word' id='word_1_24' title='bbox 1209 233 1304 271; x_wconf 56' lang='lat' dir='ltr'>³septem</span> <span class='ocrx_word' id='word_1_25' title='bbox 1365 236 1486 263; x_wconf 80' lang='lat' dir='ltr'>Inualida</span> <span class='ocrx_word' id='word_1_26' title='bbox 1499 236 1603 263; x_wconf 79' lang='lat' dir='ltr'>Medica</span> <span class='ocrx_word' id='word_1_27' title='bbox 1613 256 1621 268; x_wconf 90' lang='lat'><strong>‚</strong></span> <span class='ocrx_word' id='word_1_28' title='bbox 1646 235 1700 262; x_wconf 83' lang='lat' dir='ltr'>vid.</span> <span class='ocrx_word' id='word_1_29' title='bbox 1721 241 1907 262; x_wconf 70' lang='lat' dir='ltr'>1NVAL1nvs.</span> <span class='ocrx_word' id='word_1_30' title='bbox 1979 236 2075 263; x_wconf 82' lang='lat' dir='ltr'>Laetae</span> <span class='ocrx_word' id='word_1_31' title='bbox 2110 236 2185 271; x_wconf 82' lang='lat' dir='ltr'>Virg.</span> <span class='ocrx_word' id='word_1_32' title='bbox 2200 236 2297 269; x_wconf 82' lang='lat' dir='ltr'>Georg.</span> <span class='ocrx_word' id='word_1_33' title='bbox 2311 242 2337 267; x_wconf 82' lang='lat'>1,</span> <span class='ocrx_word' id='word_1_34' title='bbox 2356 243 2410 268; x_wconf 81' lang='lat'>339-</span> 
     </span>
    </p>
   </div>
   <div class='ocr_carea' id='block_1_3' title="bbox 2415 244 2479 3789">
    <p class='ocr_par' dir='ltr' id='par_1_3' title="bbox 2415 244 2479 3789">
     <span class='ocr_line' id='line_1_3' title="bbox 2463 244 2479 433; baseline 0 -77"><span class='ocrx_word' id='word_1_35' title='bbox 2463 244 2479 433; x_wconf 95' lang='lat' dir='ltr'>  </span> 
     </span>
     <span class='ocr_line' id='line_1_4' title="bbox 2428 433 2479 651; baseline 0 -58"><span class='ocrx_word' id='word_1_36' title='bbox 2428 433 2479 651; x_wconf 95' lang='lat' dir='ltr'>       </span> 
     </span>
     <span class='ocr_line' id='line_1_5' title="bbox 2434 651 2479 827; baseline 0 -8"><span class='ocrx_word' id='word_1_37' title='bbox 2434 651 2479 827; x_wconf 95' lang='lat' dir='ltr'>       </span> 
     </span>
     <span class='ocr_line' id='line_1_6' title="bbox 2434 827 2479 911; baseline 0 -15"><span class='ocrx_word' id='word_1_38' title='bbox 2434 827 2452 857; x_wconf 95' lang='lat' dir='ltr'> </span> <span class='ocrx_word' id='word_1_39' title='bbox 2463 827 2479 911; x_wconf 95' lang='lat' dir='ltr'>    </span> 
     </span>
     <span class='ocr_line' id='line_1_7' title="bbox 2464 911 2479 1011; baseline 0 0"><span class='ocrx_word' id='word_1_40' title='bbox 2464 911 2479 1011; x_wconf 95' lang='lat' dir='ltr'>  </span> 
     </span>
     <span class='ocr_line' id='line_1_8' title="bbox 2464 1011 2479 1234; baseline 0 -132"><span class='ocrx_word' id='word_1_41' title='bbox 2464 1011 2479 1234; x_wconf 95' lang='lat' dir='ltr'>     </span> 
     </span>
     <span class='ocr_line' id='line_1_9' title="bbox 2463 1234 2479 1388; baseline 0 -92"><span class='ocrx_word' id='word_1_42' title='bbox 2463 1234 2479 1388; x_wconf 95' lang='lat' dir='ltr'>   </span> 
     </span>
     <span class='ocr_line' id='line_1_10' title="bbox 2463 1388 2479 1496; baseline 0 0"><span class='ocrx_word' id='word_1_43' title='bbox 2463 1388 2479 1496; x_wconf 95' lang='lat' dir='ltr'>  </span> 
     </span>
     <span class='ocr_line' id='line_1_11' title="bbox 2463 1496 2479 1710; baseline 0 -155"><span class='ocrx_word' id='word_1_44' title='bbox 2463 1496 2479 1710; x_wconf 95' lang='lat' dir='ltr'>     </span> 
     </span>
     <span class='ocr_line' id='line_1_12' title="bbox 2415 1710 2479 1952; baseline -0.094 -64"><span class='ocrx_word' id='word_1_45' title='bbox 2415 1710 2479 1952; x_wconf 95' lang='lat' dir='ltr'>      </span> 
     </span>
     <span class='ocr_line' id='line_1_13' title="bbox 2434 1952 2479 3789; baseline 0 -1783"><span class='ocrx_word' id='word_1_46' title='bbox 2434 1952 2479 3789; x_wconf 95' lang='lat' dir='ltr'>   </span> 
     </span>
    </p>
   </div>
   <div class='ocr_carea' id='block_1_4' title="bbox 257 270 2460 594">
    <p class='ocr_par' dir='ltr' id='par_1_4' title="bbox 257 270 2460 594">
     <span class='ocr_line' id='line_1_14' title="bbox 257 270 2451 317; baseline -0.005 -11"><span class='ocrx_word' id='word_1_47' title='bbox 257 280 336 317; x_wconf 65' lang='lat' dir='ltr'>foliis</span> <span class='ocrx_word' id='word_1_48' title='bbox 351 279 453 303; x_wconf 73' lang='lat' dir='ltr'>laterum</span> <span class='ocrx_word' id='word_1_49' title='bbox 467 276 535 303; x_wconf 84' lang='lat' dir='ltr'>modo</span> <span class='ocrx_word' id='word_1_50' title='bbox 549 276 652 312; x_wconf 75' lang='lat' dir='ltr'>inclufh.</span> <span class='ocrx_word' id='word_1_51' title='bbox 687 275 753 302; x_wconf 87' lang='lat' dir='ltr'>Plin.</span> <span class='ocrx_word' id='word_1_52' title='bbox 768 281 808 305; x_wconf 69' lang='grc' dir='ltr'>ες,</span> <span class='ocrx_word' id='word_1_53' title='bbox 822 278 844 302; x_wconf 87' lang='lat'>8.</span> <span class='ocrx_word' id='word_1_54' title='bbox 879 271 956 304; x_wconf 83' lang='lat' dir='ltr'>Apul.</span> <span class='ocrx_word' id='word_1_55' title='bbox 970 271 1002 297; x_wconf 83' lang='lat' dir='ltr'>de</span> <span class='ocrx_word' id='word_1_56' title='bbox 1014 272 1098 298; x_wconf 85' lang='lat' dir='ltr'>Herb.</span> <span class='ocrx_word' id='word_1_57' title='bbox 1111 281 1132 297; x_wconf 90' lang='lat' dir='ltr'>c.</span> <span class='ocrx_word' id='word_1_58' title='bbox 1149 275 1187 297; x_wconf 88' lang='grc'>61.</span> <span class='ocrx_word' id='word_1_59' title='bbox 1367 273 1465 306; x_wconf 77' lang='lat' dir='ltr'>Largae</span> <span class='ocrx_word' id='word_1_60' title='bbox 1501 273 1569 299; x_wconf 90' lang='lat' dir='ltr'>Hor.</span> <span class='ocrx_word' id='word_1_61' title='bbox 1584 273 1673 298; x_wconf 81' lang='lat' dir='ltr'>Carni.</span> <span class='ocrx_word' id='word_1_62' title='bbox 1688 281 1716 304; x_wconf 85' lang='lat'>4,</span> <span class='ocrx_word' id='word_1_63' title='bbox 1730 279 1756 303; x_wconf 90' lang='lat'>2,</span> <span class='ocrx_word' id='word_1_64' title='bbox 1769 278 1804 304; x_wconf 75' lang='lat'>55.</span> <span class='ocrx_word' id='word_1_65' title='bbox 1876 270 1995 298; x_wconf 85' lang='lat' dir='ltr'>Medicae</span> <span class='ocrx_word' id='word_1_66' title='bbox 2027 271 2119 298; x_wconf 83' lang='lat' dir='ltr'>Claud.</span> <span class='ocrx_word' id='word_1_67' title='bbox 2138 273 2216 299; x_wconf 89' lang='lat' dir='ltr'>Cons.</span> <span class='ocrx_word' id='word_1_68' title='bbox 2230 272 2303 298; x_wconf 86' lang='lat' dir='ltr'>Hon.</span> <span class='ocrx_word' id='word_1_69' title='bbox 2316 278 2346 302; x_wconf 75' lang='lat'>3,</span> <span class='ocrx_word' id='word_1_70' title='bbox 2368 273 2412 297; x_wconf 84' lang='lat'>62..</span> <span class='ocrx_word' id='word_1_71' title='bbox 2431 277 2451 307; x_wconf 59' lang='lat' dir='ltr'>*j</span> 
     </span>
     <span class='ocr_line' id='line_1_15' title="bbox 298 304 2460 344; baseline -0.004 -5"><span class='ocrx_word' id='word_1_72' title='bbox 298 318 556 344; x_wconf 58' lang='lat' dir='ltr'>ucr‘rmuouos,</span> <span class='ocrx_word' id='word_1_73' title='bbox 575 313 594 338; x_wconf 91' lang='lat' dir='ltr'>i.</span> <span class='ocrx_word' id='word_1_74' title='bbox 614 321 648 338; x_wconf 90' lang='lat' dir='ltr'>m.</span> <span class='ocrx_word' id='word_1_75' title='bbox 671 313 865 342; x_wconf 75' lang='lat' dir='ltr'>Nomenportus·</span> <span class='ocrx_word' id='word_1_76' title='bbox 900 306 1047 339; x_wconf 78' lang='lat' dir='ltr'>Plin.36,15</span> <span class='ocrx_word' id='word_1_77' title='bbox 1065 306 1304 341; x_wconf 77' lang='lat' dir='ltr'>Olympiaeautem</span> <span class='ocrx_word' id='word_1_78' title='bbox 1368 308 1504 341; x_wconf 74' lang='lat' dir='ltr'>Miliaria,</span> <span class='ocrx_word' id='word_1_79' title='bbox 1534 307 1588 334; x_wconf 76' lang='lat' dir='ltr'>vid.</span> <span class='ocrx_word' id='word_1_80' title='bbox 1607 313 1723 333; x_wconf 77' lang='lat' dir='ltr'>MILIV</span> <span class='ocrx_word' id='word_1_81' title='bbox 1736 313 1770 332; x_wconf 88' lang='lat' dir='ltr'>M.</span> <span class='ocrx_word' id='word_1_82' title='bbox 1840 306 1936 333; x_wconf 81' lang='lat' dir='ltr'>Molles</span> <span class='ocrx_word' id='word_1_83' title='bbox 1967 307 2044 341; x_wconf 78' lang='lat' dir='ltr'>Virg.</span> <span class='ocrx_word' id='word_1_84' title='bbox 2057 307 2109 333; x_wconf 84' lang='lat' dir='ltr'>Ecl.</span> <span class='ocrx_word' id='word_1_85' title='bbox 2122 317 2193 341; x_wconf 74' lang='lat'>3253·</span> <span class='ocrx_word' id='word_1_86' title='bbox 2265 305 2413 333; x_wconf 74' lang='lat' dir='ltr'>Morientes</span> <span class='ocrx_word' id='word_1_87' title='bbox 2432 304 2460 344; x_wconf 43' lang='grc' dir='ltr'>ἡ,</span> 
     </span>
     <span class='ocr_line' id='line_1_16' title="bbox 263 340 2412 381; baseline -0.002 -7"><span class='ocrx_word' id='word_1_88' title='bbox 263 356 318 376; x_wconf 84' lang='lat' dir='ltr'>arte</span> <span class='ocrx_word' id='word_1_89' title='bbox 333 347 450 373; x_wconf 69' lang='lat' dir='ltr'>inii-abili</span> <span class='ocrx_word' id='word_1_90' title='bbox 459 347 538 373; x_wconf 85' lang='lat' dir='ltr'>modo</span> <span class='ocrx_word' id='word_1_91' title='bbox 546 349 574 373; x_wconf 90' lang='lat' dir='ltr'>in</span> <span class='ocrx_word' id='word_1_92' title='bbox 586 346 699 381; x_wconf 86' lang='lat' dir='ltr'>porticu,</span> <span class='ocrx_word' id='word_1_93' title='bbox 713 352 792 377; x_wconf 83' lang='lat' dir='ltr'>quam</span> <span class='ocrx_word' id='word_1_94' title='bbox 804 341 931 377; x_wconf 79' lang='lat' dir='ltr'>oppidani</span> <span class='ocrx_word' id='word_1_95' title='bbox 944 343 1140 378; x_wconf 84' lang='lat' dir='ltr'>Heptaphonon</span> <span class='ocrx_word' id='word_1_96' title='bbox 1158 340 1303 376; x_wconf 84' lang='lat' dir='ltr'>appellant:</span> <span class='ocrx_word' id='word_1_97' title='bbox 1368 342 1441 369; x_wconf 85' lang='lat' dir='ltr'>Idem</span> <span class='ocrx_word' id='word_1_98' title='bbox 1455 344 1552 378; x_wconf 81' lang='lat' dir='ltr'>Georg.</span> <span class='ocrx_word' id='word_1_99' title='bbox 1568 352 1588 376; x_wconf 90' lang='lat'>1,</span> <span class='ocrx_word' id='word_1_100' title='bbox 1600 352 1651 374; x_wconf 85' lang='lat'>107.</span> <span class='ocrx_word' id='word_1_101' title='bbox 1723 341 1856 374; x_wconf 83' lang='lat' dir='ltr'>Murales‚</span> <span class='ocrx_word' id='word_1_102' title='bbox 1889 342 1942 368; x_wconf 81' lang='lat' dir='ltr'>vid.</span> <span class='ocrx_word' id='word_1_103' title='bbox 1964 350 1989 369; x_wconf 87' lang='lat' dir='ltr'>M</span> <span class='ocrx_word' id='word_1_104' title='bbox 1998 350 2019 369; x_wconf 93' lang='lat' dir='ltr'>v</span> <span class='ocrx_word' id='word_1_105' title='bbox 2028 349 2077 369; x_wconf 55' lang='lat' dir='ltr'>R&#39;v</span> <span class='ocrx_word' id='word_1_106' title='bbox 2086 349 2109 369; x_wconf 88' lang='lat' dir='ltr'>S.</span> <span class='ocrx_word' id='word_1_107' title='bbox 2180 343 2312 369; x_wconf 81' lang='lat' dir='ltr'>Nocentes</span> <span class='ocrx_word' id='word_1_108' title='bbox 2344 342 2412 369; x_wconf 71' lang='lat' dir='ltr'>Hot-</span> 
     </span>
     <span class='ocr_line' id='line_1_17' title="bbox 265 375 2447 418; baseline -0.003 -9"><span class='ocrx_word' id='word_1_109' title='bbox 265 383 392 418; x_wconf 88' lang='lat' dir='ltr'>quoniam</span> <span class='ocrx_word' id='word_1_110' title='bbox 407 383 498 417; x_wconf 85' lang='lat' dir='ltr'>septies</span> <span class='ocrx_word' id='word_1_111' title='bbox 511 382 601 409; x_wconf 87' lang='lat' dir='ltr'>eadem</span> <span class='ocrx_word' id='word_1_112' title='bbox 617 389 668 407; x_wconf 84' lang='lat' dir='ltr'>vox</span> <span class='ocrx_word' id='word_1_113' title='bbox 680 378 808 405; x_wconf 82' lang='lat' dir='ltr'>redditur.</span> <span class='ocrx_word' id='word_1_114' title='bbox 1327 376 1342 403; x_wconf 84' lang='lat'>5</span> <span class='ocrx_word' id='word_1_115' title='bbox 1368 378 1449 404; x_wconf 88' lang='lat' dir='ltr'>Serm.</span> <span class='ocrx_word' id='word_1_116' title='bbox 1462 388 1481 410; x_wconf 91' lang='lat'>1,</span> <span class='ocrx_word' id='word_1_117' title='bbox 1500 384 1521 409; x_wconf 82' lang='lat'>8,</span> <span class='ocrx_word' id='word_1_118' title='bbox 1535 387 1571 404; x_wconf 85' lang='lat'>22.</span> <span class='ocrx_word' id='word_1_119' title='bbox 1642 378 1792 412; x_wconf 86' lang='lat' dir='ltr'>Operosae,</span> <span class='ocrx_word' id='word_1_120' title='bbox 1817 380 1835 403; x_wconf 92' lang='lat' dir='ltr'>i.</span> <span class='ocrx_word' id='word_1_121' title='bbox 1849 376 1981 411; x_wconf 77' lang='lat' dir='ltr'>Efficaces,</span> <span class='ocrx_word' id='word_1_122' title='bbox 2001 385 2024 404; x_wconf 84' lang='lat' dir='ltr'>et</span> <span class='ocrx_word' id='word_1_123' title='bbox 2042 387 2185 414; x_wconf 81' lang='lat' dir='ltr'>magnarum</span> <span class='ocrx_word' id='word_1_124' title='bbox 2205 381 2299 405; x_wconf 81' lang='lat' dir='ltr'>virium</span> <span class='ocrx_word' id='word_1_125' title='bbox 2331 375 2414 403; x_wconf 86' lang='lat' dir='ltr'>Ouid.</span> <span class='ocrx_word' id='word_1_126' title='bbox 2432 378 2447 395; x_wconf 60' lang='lat'>²&gt;</span> 
     </span>
     <span class='ocr_line' id='line_1_18' title="bbox 303 411 2413 449; baseline -0.002 -6"><span class='ocrx_word' id='word_1_127' title='bbox 303 424 323 443; x_wconf 87' lang='lat' dir='ltr'>H</span> <span class='ocrx_word' id='word_1_128' title='bbox 335 425 350 444; x_wconf 85' lang='grc' dir='ltr'>Ε</span> <span class='ocrx_word' id='word_1_129' title='bbox 362 424 376 443; x_wconf 79' lang='lat' dir='ltr'>P</span> <span class='ocrx_word' id='word_1_130' title='bbox 391 425 413 444; x_wconf 85' lang='lat' dir='ltr'>T</span> <span class='ocrx_word' id='word_1_131' title='bbox 425 428 447 444; x_wconf 80' lang='lat' dir='ltr'>A</span> <span class='ocrx_word' id='word_1_132' title='bbox 458 425 473 443; x_wconf 77' lang='lat' dir='ltr'>r</span> <span class='ocrx_word' id='word_1_133' title='bbox 483 425 504 445; x_wconf 89' lang='lat' dir='ltr'>H</span> <span class='ocrx_word' id='word_1_134' title='bbox 514 425 532 444; x_wconf 75' lang='lat' dir='ltr'>Y</span> <span class='ocrx_word' id='word_1_135' title='bbox 543 425 558 443; x_wconf 98' lang='lat' dir='ltr'>L</span> <span class='ocrx_word' id='word_1_136' title='bbox 568 425 583 444; x_wconf 95' lang='lat' dir='ltr'>L</span> <span class='ocrx_word' id='word_1_137' title='bbox 593 424 611 443; x_wconf 93' lang='grc' dir='ltr'>ο</span> <span class='ocrx_word' id='word_1_138' title='bbox 621 424 658 446; x_wconf 83' lang='grc' dir='ltr'>Ν,</span> <span class='ocrx_word' id='word_1_139' title='bbox 678 415 697 439; x_wconf 83' lang='lat' dir='ltr'>i·</span> <span class='ocrx_word' id='word_1_140' title='bbox 717 422 743 438; x_wconf 87' lang='lat' dir='ltr'>n.</span> <span class='ocrx_word' id='word_1_141' title='bbox 779 412 945 449; x_wconf 76' lang='lat' dir='ltr'>Septzfolium.</span> <span class='ocrx_word' id='word_1_142' title='bbox 981 412 1058 448; x_wconf 86' lang='lat' dir='ltr'>Apul.</span> <span class='ocrx_word' id='word_1_143' title='bbox 1073 413 1105 439; x_wconf 86' lang='lat' dir='ltr'>de</span> <span class='ocrx_word' id='word_1_144' title='bbox 1118 411 1203 438; x_wconf 86' lang='lat' dir='ltr'>Herb.</span> <span class='ocrx_word' id='word_1_145' title='bbox 1218 413 1269 437; x_wconf 87' lang='lat'>116.</span> <span class='ocrx_word' id='word_1_146' title='bbox 1368 414 1434 440; x_wconf 85' lang='lat' dir='ltr'>Met.</span> <span class='ocrx_word' id='word_1_147' title='bbox 1450 423 1488 447; x_wconf 80' lang='lat'>14,</span> <span class='ocrx_word' id='word_1_148' title='bbox 1501 423 1543 441; x_wconf 88' lang='lat'>22.</span> <span class='ocrx_word' id='word_1_149' title='bbox 1612 414 1738 440; x_wconf 81' lang='lat' dir='ltr'>Pallentes</span> <span class='ocrx_word' id='word_1_150' title='bbox 1760 413 1836 445; x_wconf 83' lang='lat' dir='ltr'>Virg.</span> <span class='ocrx_word' id='word_1_151' title='bbox 1853 414 1905 440; x_wconf 85' lang='lat' dir='ltr'>Ecl.</span> <span class='ocrx_word' id='word_1_152' title='bbox 1918 416 1944 446; x_wconf 87' lang='lat'>6,</span> <span class='ocrx_word' id='word_1_153' title='bbox 1958 422 1995 447; x_wconf 81' lang='lat'>55.</span> <span class='ocrx_word' id='word_1_154' title='bbox 2103 413 2231 440; x_wconf 84' lang='lat' dir='ltr'>Pollentes</span> <span class='ocrx_word' id='word_1_155' title='bbox 2257 411 2338 439; x_wconf 89' lang='lat' dir='ltr'>Ouid.</span> <span class='ocrx_word' id='word_1_156' title='bbox 2347 413 2413 438; x_wconf 88' lang='lat' dir='ltr'>Met.</span> 
     </span>
     <span class='ocr_line' id='line_1_19' title="bbox 303 447 2458 484; baseline -0.004 -4"><span class='ocrx_word' id='word_1_157' title='bbox 303 460 323 480; x_wconf 87' lang='lat' dir='ltr'>H</span> <span class='ocrx_word' id='word_1_158' title='bbox 334 460 350 480; x_wconf 89' lang='grc' dir='ltr'>Ε</span> <span class='ocrx_word' id='word_1_159' title='bbox 361 460 376 480; x_wconf 78' lang='lat' dir='ltr'>P</span> <span class='ocrx_word' id='word_1_160' title='bbox 388 458 410 479; x_wconf 85' lang='grc' dir='ltr'><em>Τ</em></span> <span class='ocrx_word' id='word_1_161' title='bbox 422 460 493 480; x_wconf 79' lang='grc' dir='ltr'>ΑΡΥ</span> <span class='ocrx_word' id='word_1_162' title='bbox 504 460 584 483; x_wconf 89' lang='lat' dir='ltr'>Los‚</span> <span class='ocrx_word' id='word_1_163' title='bbox 603 452 642 477; x_wconf 67' lang='lat' dir='ltr'>vel</span> <span class='ocrx_word' id='word_1_164' title='bbox 666 455 711 474; x_wconf 86' lang='grc' dir='ltr'>ΗΕ</span> <span class='ocrx_word' id='word_1_165' title='bbox 722 454 736 473; x_wconf 80' lang='grc' dir='ltr'>Ρ</span> <span class='ocrx_word' id='word_1_166' title='bbox 746 454 796 474; x_wconf 85' lang='lat' dir='ltr'>TA</span> <span class='ocrx_word' id='word_1_167' title='bbox 806 455 846 474; x_wconf 80' lang='grc' dir='ltr'>ΡΥ</span> <span class='ocrx_word' id='word_1_168' title='bbox 857 455 872 474; x_wconf 92' lang='lat' dir='ltr'>L</span> <span class='ocrx_word' id='word_1_169' title='bbox 885 455 904 475; x_wconf 94' lang='grc' dir='ltr'>ο</span> <span class='ocrx_word' id='word_1_170' title='bbox 919 455 958 479; x_wconf 82' lang='grc' dir='ltr'>Ν,</span> <span class='ocrx_word' id='word_1_171' title='bbox 988 450 1081 484; x_wconf 59' lang='lat' dir='ltr'>sepum</span> <span class='ocrx_word' id='word_1_172' title='bbox 1096 455 1187 483; x_wconf 80' lang='lat' dir='ltr'>portas</span> <span class='ocrx_word' id='word_1_173' title='bbox 1206 447 1306 474; x_wconf 82' lang='lat' dir='ltr'>habens.</span> <span class='ocrx_word' id='word_1_174' title='bbox 1370 456 1398 482; x_wconf 89' lang='lat'>7,</span> <span class='ocrx_word' id='word_1_175' title='bbox 1414 452 1468 481; x_wconf 87' lang='lat'>196.</span> <span class='ocrx_word' id='word_1_176' title='bbox 1536 450 1657 476; x_wconf 85' lang='lat' dir='ltr'>Potentes</span> <span class='ocrx_word' id='word_1_177' title='bbox 1688 449 1761 483; x_wconf 84' lang='lat' dir='ltr'>Virg.</span> <span class='ocrx_word' id='word_1_178' title='bbox 1777 450 1842 474; x_wconf 88' lang='lat' dir='ltr'>Aen.</span> <span class='ocrx_word' id='word_1_179' title='bbox 1857 456 1873 482; x_wconf 85' lang='lat'><em>7</em></span> <span class='ocrx_word' id='word_1_180' title='bbox 1883 469 1892 481; x_wconf 84' lang='lat'>,</span> <span class='ocrx_word' id='word_1_181' title='bbox 1908 457 1945 481; x_wconf 88' lang='lat'>19.</span> <span class='ocrx_word' id='word_1_182' title='bbox 2016 448 2145 475; x_wconf 86' lang='lat' dir='ltr'>Pubentes</span> <span class='ocrx_word' id='word_1_183' title='bbox 2174 449 2212 476; x_wconf 91' lang='lat' dir='ltr'>Id.</span> <span class='ocrx_word' id='word_1_184' title='bbox 2226 448 2292 476; x_wconf 83' lang='lat' dir='ltr'>ibid.</span> <span class='ocrx_word' id='word_1_185' title='bbox 2306 457 2341 480; x_wconf 88' lang='lat'>4,</span> <span class='ocrx_word' id='word_1_186' title='bbox 2361 455 2414 480; x_wconf 84' lang='lat'>⁵14-</span> <span class='ocrx_word' id='word_1_187' title='bbox 2436 452 2458 483; x_wconf 45' lang='grc' dir='ltr'>ᾗ),</span> 
     </span>
     <span class='ocr_line' id='line_1_20' title="bbox 268 483 2457 523; baseline -0.001 -13"><span class='ocrx_word' id='word_1_188' title='bbox 268 487 344 523; x_wconf 67' lang='lat' dir='ltr'>Apul,</span> <span class='ocrx_word' id='word_1_189' title='bbox 359 489 423 514; x_wconf 68' lang='lat' dir='ltr'>Met,</span> <span class='ocrx_word' id='word_1_190' title='bbox 436 498 454 522; x_wconf 81' lang='lat'>4</span> <span class='ocrx_word' id='word_1_191' title='bbox 468 490 557 523; x_wconf 47' lang='lat'>9146,</span> <span class='ocrx_word' id='word_1_192' title='bbox 571 494 598 517; x_wconf 75' lang='lat'>25</span> <span class='ocrx_word' id='word_1_193' title='bbox 622 484 675 510; x_wconf 81' lang='lat' dir='ltr'>Vix</span> <span class='ocrx_word' id='word_1_194' title='bbox 688 483 801 510; x_wconf 77' lang='lat' dir='ltr'>Thebas</span> <span class='ocrx_word' id='word_1_195' title='bbox 812 483 967 519; x_wconf 77' lang='lat' dir='ltr'>heptapylos</span> <span class='ocrx_word' id='word_1_196' title='bbox 979 484 1132 510; x_wconf 79' lang='lat' dir='ltr'>accessimus.</span> <span class='ocrx_word' id='word_1_197' title='bbox 1363 487 1435 520; x_wconf 81' lang='lat' dir='ltr'>Jucci</span> <span class='ocrx_word' id='word_1_198' title='bbox 1446 489 1560 512; x_wconf 76' lang='lat' dir='ltr'><em>venenati</em></span> <span class='ocrx_word' id='word_1_199' title='bbox 1570 487 1642 521; x_wconf 66' lang='lat' dir='ltr'>ple-ni</span> <span class='ocrx_word' id='word_1_200' title='bbox 1649 504 1656 515; x_wconf 84' lang='lat'><strong><em>‚</em></strong></span> <span class='ocrx_word' id='word_1_201' title='bbox 1682 492 1710 510; x_wconf 82' lang='grc' dir='ltr'>υι</span> <span class='ocrx_word' id='word_1_202' title='bbox 1720 487 1791 520; x_wconf 74' lang='lat' dir='ltr'>succi</span> <span class='ocrx_word' id='word_1_203' title='bbox 1803 486 1894 510; x_wconf 75' lang='lat' dir='ltr'>uitalis</span> <span class='ocrx_word' id='word_1_204' title='bbox 1904 487 1976 520; x_wconf 77' lang='lat' dir='ltr'>pleni</span> <span class='ocrx_word' id='word_1_205' title='bbox 1980 484 2045 517; x_wconf 83' lang='lat' dir='ltr'>sunt</span> <span class='ocrx_word' id='word_1_206' title='bbox 2058 488 2126 511; x_wconf 85' lang='lat' dir='ltr'>circa</span> <span class='ocrx_word' id='word_1_207' title='bbox 2133 484 2287 519; x_wconf 77' lang='lat' dir='ltr'>pubertatem</span> <span class='ocrx_word' id='word_1_208' title='bbox 2300 485 2418 510; x_wconf 72' lang='lat' dir='ltr'>homines.</span> <span class='ocrx_word' id='word_1_209' title='bbox 2452 493 2457 514; x_wconf 65' lang='lat'>¹,</span> 
     </span>
     <span class='ocr_line' id='line_1_21' title="bbox 304 517 2417 557; baseline -0.004 -6"><span class='ocrx_word' id='word_1_210' title='bbox 304 531 324 551; x_wconf 98' lang='lat' dir='ltr'>H</span> <span class='ocrx_word' id='word_1_211' title='bbox 334 530 373 550; x_wconf 82' lang='grc' dir='ltr'>ΕΡ</span> <span class='ocrx_word' id='word_1_212' title='bbox 383 531 404 551; x_wconf 88' lang='grc' dir='ltr'>Τ</span> <span class='ocrx_word' id='word_1_213' title='bbox 414 532 455 550; x_wconf 81' lang='lat' dir='ltr'>As</span> <span class='ocrx_word' id='word_1_214' title='bbox 465 544 473 555; x_wconf 88' lang='lat'>‚</span> <span class='ocrx_word' id='word_1_215' title='bbox 492 523 554 548; x_wconf 82' lang='lat' dir='ltr'>adis.</span> <span class='ocrx_word' id='word_1_216' title='bbox 578 521 598 546; x_wconf 89' lang='lat' dir='ltr'>f.</span> <span class='ocrx_word' id='word_1_217' title='bbox 633 519 770 546; x_wconf 80' lang='lat' dir='ltr'>Numerus</span> <span class='ocrx_word' id='word_1_218' title='bbox 791 520 952 553; x_wconf 82' lang='lat' dir='ltr'>septenarius</span> <span class='ocrx_word' id='word_1_219' title='bbox 974 520 1062 554; x_wconf 84' lang='lat' dir='ltr'>heptas</span> <span class='ocrx_word' id='word_1_220' title='bbox 1083 527 1151 545; x_wconf 87' lang='lat' dir='ltr'>nunc</span> <span class='ocrx_word' id='word_1_221' title='bbox 1178 523 1307 549; x_wconf 76' lang='lat' dir='ltr'>vocatur,</span> <span class='ocrx_word' id='word_1_222' title='bbox 1370 520 1470 546; x_wconf 78' lang='lat' dir='ltr'>Salaces</span> <span class='ocrx_word' id='word_1_223' title='bbox 1491 521 1571 548; x_wconf 85' lang='lat' dir='ltr'>Ouid.</span> <span class='ocrx_word' id='word_1_224' title='bbox 1584 520 1615 546; x_wconf 86' lang='lat' dir='ltr'>de</span> <span class='ocrx_word' id='word_1_225' title='bbox 1628 523 1692 546; x_wconf 90' lang='lat' dir='ltr'>Arte</span> <span class='ocrx_word' id='word_1_226' title='bbox 1700 521 1758 546; x_wconf 84' lang='lat' dir='ltr'>Am.</span> <span class='ocrx_word' id='word_1_227' title='bbox 1774 528 1798 552; x_wconf 84' lang='lat'>2,</span> <span class='ocrx_word' id='word_1_228' title='bbox 1817 528 1871 550; x_wconf 69' lang='lat'>422.</span> <span class='ocrx_word' id='word_1_229' title='bbox 1905 521 2068 557; x_wconf 58' lang='lat' dir='ltr'>quaesitae-es</span> <span class='ocrx_word' id='word_1_230' title='bbox 2075 520 2191 556; x_wconf 80' lang='lat' dir='ltr'>faciunt.</span> <span class='ocrx_word' id='word_1_231' title='bbox 2261 517 2417 546; x_wconf 74' lang='lat' dir='ltr'>salutiferae</span> 
     </span>
     <span class='ocr_line' id='line_1_22' title="bbox 266 553 2418 594; baseline -0.003 -8"><span class='ocrx_word' id='word_1_232' title='bbox 266 560 335 594; x_wconf 81' lang='lat' dir='ltr'>apud</span> <span class='ocrx_word' id='word_1_233' title='bbox 349 566 449 586; x_wconf 86' lang='lat' dir='ltr'>veteres</span> <span class='ocrx_word' id='word_1_234' title='bbox 458 560 535 591; x_wconf 81' lang='lat' dir='ltr'>septas</span> <span class='ocrx_word' id='word_1_235' title='bbox 554 553 769 581; x_wconf 84' lang='lat' dir='ltr'>Macrob.Somn.</span> <span class='ocrx_word' id='word_1_236' title='bbox 779 555 816 581; x_wconf 78' lang='lat' dir='ltr'>Sc.</span> <span class='ocrx_word' id='word_1_237' title='bbox 825 564 844 588; x_wconf 92' lang='lat'>1,</span> <span class='ocrx_word' id='word_1_238' title='bbox 852 557 877 581; x_wconf 89' lang='lat'>6.</span> <span class='ocrx_word' id='word_1_239' title='bbox 912 555 980 582; x_wconf 80' lang='lat' dir='ltr'>Add.</span> <span class='ocrx_word' id='word_1_240' title='bbox 994 557 1072 582; x_wconf 88' lang='lat' dir='ltr'>Mart.</span> <span class='ocrx_word' id='word_1_241' title='bbox 1080 554 1210 589; x_wconf 86' lang='lat' dir='ltr'>Capella7</span> <span class='ocrx_word' id='word_1_242' title='bbox 1218 562 1307 588; x_wconf 86' lang='lat' dir='ltr'>p.241.</span> <span class='ocrx_word' id='word_1_243' title='bbox 1326 557 1355 576; x_wconf 82' lang='lat'>10</span> <span class='ocrx_word' id='word_1_244' title='bbox 1370 554 1444 581; x_wconf 83' lang='lat' dir='ltr'><strong>Idem</strong></span> <span class='ocrx_word' id='word_1_245' title='bbox 1457 554 1489 581; x_wconf 90' lang='lat' dir='ltr'>de</span> <span class='ocrx_word' id='word_1_246' title='bbox 1502 556 1577 582; x_wconf 83' lang='lat' dir='ltr'>Rem.</span> <span class='ocrx_word' id='word_1_247' title='bbox 1591 557 1683 582; x_wconf 87' lang='lat' dir='ltr'>Amor.</span> <span class='ocrx_word' id='word_1_248' title='bbox 1699 564 1740 588; x_wconf 78' lang='lat'>45.</span> <span class='ocrx_word' id='word_1_249' title='bbox 1817 555 1940 589; x_wconf 87' lang='lat' dir='ltr'>Spinosae</span> <span class='ocrx_word' id='word_1_250' title='bbox 1977 556 2017 583; x_wconf 89' lang='lat' dir='ltr'>Id.</span> <span class='ocrx_word' id='word_1_251' title='bbox 2033 557 2097 582; x_wconf 86' lang='lat' dir='ltr'>Met.</span> <span class='ocrx_word' id='word_1_252' title='bbox 2113 563 2143 587; x_wconf 87' lang='lat'>2,</span> <span class='ocrx_word' id='word_1_253' title='bbox 2163 560 2216 585; x_wconf 82' lang='lat'>810·</span> <span class='ocrx_word' id='word_1_254' title='bbox 2320 554 2418 580; x_wconf 79' lang='lat' dir='ltr'>Suaues</span> 
     </span>
    </p>
   </div>
   <div class='ocr_carea' id='block_1_5' title="bbox 258 588 2463 983">
    <p class='ocr_par' dir='ltr' id='par_1_5' title="bbox 266 588 2438 697">
     <span class='ocr_line' id='line_1_23' title="bbox 303 588 2419 652; baseline -0.002 -31"><span class='ocrx_word' id='word_1_255' title='bbox 303 601 324 621; x_wconf 88' lang='lat' dir='ltr'>H</span> <span class='ocrx_word' id='word_1_256' title='bbox 332 601 349 621; x_wconf 88' lang='grc' dir='ltr'>Ε</span> <span class='ocrx_word' id='word_1_257' title='bbox 358 602 373 621; x_wconf 84' lang='grc' dir='ltr'>Ρ</span> <span class='ocrx_word' id='word_1_258' title='bbox 382 601 402 621; x_wconf 86' lang='grc' dir='ltr'><strong>Τ</strong></span> <span class='ocrx_word' id='word_1_259' title='bbox 410 604 431 620; x_wconf 75' lang='grc' dir='ltr'>Λ</span> <span class='ocrx_word' id='word_1_260' title='bbox 439 601 451 620; x_wconf 87' lang='lat' dir='ltr'>s</span> <span class='ocrx_word' id='word_1_261' title='bbox 461 599 482 618; x_wconf 87' lang='lat' dir='ltr'>T</span> <span class='ocrx_word' id='word_1_262' title='bbox 490 599 511 618; x_wconf 86' lang='grc' dir='ltr'>Α</span> <span class='ocrx_word' id='word_1_263' title='bbox 520 597 538 616; x_wconf 89' lang='lat' dir='ltr'><em>D</em></span> <span class='ocrx_word' id='word_1_264' title='bbox 546 598 555 616; x_wconf 94' lang='lat'>1</span> <span class='ocrx_word' id='word_1_265' title='bbox 567 596 587 615; x_wconf 92' lang='lat' dir='ltr'>v</span> <span class='ocrx_word' id='word_1_266' title='bbox 599 596 623 615; x_wconf 83' lang='lat' dir='ltr'><strong>M</strong></span> <span class='ocrx_word' id='word_1_267' title='bbox 633 609 642 622; x_wconf 92' lang='lat'>,</span> <span class='ocrx_word' id='word_1_268' title='bbox 661 590 678 615; x_wconf 90' lang='lat' dir='ltr'>i.</span> <span class='ocrx_word' id='word_1_269' title='bbox 698 599 724 616; x_wconf 91' lang='lat' dir='ltr'>n.</span> <span class='ocrx_word' id='word_1_270' title='bbox 761 591 1120 652; x_wconf 51' lang='lat' dir='ltr'>Aggemperspatiumfl&#39;eptcm</span> <span class='ocrx_word' id='word_1_271' title='bbox 1127 588 1268 622; x_wconf 75' lang='lat' dir='ltr'>stadiorum</span> <span class='ocrx_word' id='word_1_272' title='bbox 1281 592 1309 614; x_wconf 84' lang='lat' dir='ltr'>in</span> <span class='ocrx_word' id='word_1_273' title='bbox 1371 590 1446 624; x_wconf 83' lang='lat' dir='ltr'>Virg.</span> <span class='ocrx_word' id='word_1_274' title='bbox 1460 591 1512 617; x_wconf 84' lang='lat' dir='ltr'>Ecl.</span> <span class='ocrx_word' id='word_1_275' title='bbox 1529 600 1550 624; x_wconf 86' lang='lat'>2,</span> <span class='ocrx_word' id='word_1_276' title='bbox 1565 600 1608 624; x_wconf 77' lang='lat'>49.</span> <span class='ocrx_word' id='word_1_277' title='bbox 1678 591 1777 618; x_wconf 82' lang='lat' dir='ltr'>Surdae</span> <span class='ocrx_word' id='word_1_278' title='bbox 1791 596 1815 617; x_wconf 91' lang='lat' dir='ltr'>et</span> <span class='ocrx_word' id='word_1_279' title='bbox 1830 590 1962 624; x_wconf 78' lang='lat' dir='ltr'>ignobiles</span> <span class='ocrx_word' id='word_1_280' title='bbox 1970 610 1978 622; x_wconf 94' lang='lat'>,</span> <span class='ocrx_word' id='word_1_281' title='bbox 1998 592 2048 619; x_wconf 81' lang='lat' dir='ltr'>vid.</span> <span class='ocrx_word' id='word_1_282' title='bbox 2072 599 2081 618; x_wconf 89' lang='lat'>1</span> <span class='ocrx_word' id='word_1_283' title='bbox 2091 597 2111 618; x_wconf 90' lang='lat' dir='ltr'><strong>G</strong></span> <span class='ocrx_word' id='word_1_284' title='bbox 2122 598 2144 617; x_wconf 85' lang='lat' dir='ltr'>N</span> <span class='ocrx_word' id='word_1_285' title='bbox 2155 596 2175 617; x_wconf 91' lang='grc' dir='ltr'><strong>Ο</strong></span> <span class='ocrx_word' id='word_1_286' title='bbox 2183 596 2200 617; x_wconf 80' lang='grc' dir='ltr'>Β</span> <span class='ocrx_word' id='word_1_287' title='bbox 2209 597 2218 617; x_wconf 91' lang='lat'>1</span> <span class='ocrx_word' id='word_1_288' title='bbox 2227 597 2243 616; x_wconf 88' lang='lat' dir='ltr'>L</span> <span class='ocrx_word' id='word_1_289' title='bbox 2253 597 2262 617; x_wconf 92' lang='lat'>1</span> <span class='ocrx_word' id='word_1_290' title='bbox 2271 597 2294 617; x_wconf 87' lang='lat' dir='ltr'>S.</span> <span class='ocrx_word' id='word_1_291' title='bbox 2358 591 2419 616; x_wconf 69' lang='lat' dir='ltr'>Sur-</span> 
     </span>
     <span class='ocr_line' id='line_1_24' title="bbox 266 624 2438 661; baseline -0.003 -5"><span class='ocrx_word' id='word_1_292' title='bbox 266 639 332 657; x_wconf 80' lang='lat' dir='ltr'>mare</span> <span class='ocrx_word' id='word_1_293' title='bbox 345 629 442 660; x_wconf 61' lang='lat' dir='ltr'>iaetus,</span> <span class='ocrx_word' id='word_1_294' title='bbox 464 635 509 661; x_wconf 87' lang='lat' dir='ltr'>quo</span> <span class='ocrx_word' id='word_1_295' title='bbox 530 627 625 652; x_wconf 78' lang='lat' dir='ltr'>Pharos</span> <span class='ocrx_word' id='word_1_296' title='bbox 644 625 725 660; x_wconf 80' lang='lat' dir='ltr'>infida</span> <span class='ocrx_word' id='word_1_297' title='bbox 736 630 874 652; x_wconf 78' lang='lat' dir='ltr'><em>commenti</em></span> <span class='ocrx_word' id='word_1_298' title='bbox 888 625 987 652; x_wconf 74' lang='lat' dir='ltr'>adieHa</span> <span class='ocrx_word' id='word_1_299' title='bbox 1001 628 1022 660; x_wconf 74' lang='grc' dir='ltr'>ς]</span> <span class='ocrx_word' id='word_1_300' title='bbox 1036 646 1043 652; x_wconf 96' lang='grc'>.</span> <span class='ocrx_word' id='word_1_301' title='bbox 1105 625 1163 653; x_wconf 81' lang='lat' dir='ltr'>Vid.</span> <span class='ocrx_word' id='word_1_302' title='bbox 1175 625 1309 652; x_wconf 84' lang='lat' dir='ltr'>Ammian.</span> <span class='ocrx_word' id='word_1_303' title='bbox 1371 633 1460 660; x_wconf 84' lang='lat' dir='ltr'>gentes</span> <span class='ocrx_word' id='word_1_304' title='bbox 1485 626 1559 661; x_wconf 73' lang='lat' dir='ltr'>Virg.</span> <span class='ocrx_word' id='word_1_305' title='bbox 1573 628 1670 660; x_wconf 82' lang='lat' dir='ltr'>Georg.</span> <span class='ocrx_word' id='word_1_306' title='bbox 1684 636 1712 659; x_wconf 86' lang='lat'>4,</span> <span class='ocrx_word' id='word_1_307' title='bbox 1727 635 1764 653; x_wconf 89' lang='lat'>12.</span> <span class='ocrx_word' id='word_1_308' title='bbox 1835 627 1864 652; x_wconf 90' lang='lat' dir='ltr'>T</span> <span class='ocrx_word' id='word_1_309' title='bbox 1867 635 1961 652; x_wconf 86' lang='lat' dir='ltr'>enerae</span> <span class='ocrx_word' id='word_1_310' title='bbox 1994 627 2074 653; x_wconf 87' lang='lat' dir='ltr'>Ouid.</span> <span class='ocrx_word' id='word_1_311' title='bbox 2090 628 2155 653; x_wconf 87' lang='lat' dir='ltr'>Met.</span> <span class='ocrx_word' id='word_1_312' title='bbox 2169 634 2185 653; x_wconf 91' lang='lat'>2</span> <span class='ocrx_word' id='word_1_313' title='bbox 2195 646 2203 658; x_wconf 92' lang='lat'>,</span> <span class='ocrx_word' id='word_1_314' title='bbox 2225 631 2275 659; x_wconf 84' lang='lat'>851.</span> <span class='ocrx_word' id='word_1_315' title='bbox 2346 624 2419 651; x_wconf 85' lang='lat' dir='ltr'>Viri·</span> <span class='ocrx_word' id='word_1_316' title='bbox 2436 648 2438 653; x_wconf 81' lang='grc'>,</span> 
     </span>
     <span class='ocr_line' id='line_1_25' title="bbox 267 660 2438 697; baseline -0.004 -4"><span class='ocrx_word' id='word_1_317' title='bbox 267 665 386 693; x_wconf 58' lang='lat' dir='ltr'>Marcell.</span> <span class='ocrx_word' id='word_1_318' title='bbox 400 672 435 693; x_wconf 80' lang='lat'>22,</span> <span class='ocrx_word' id='word_1_319' title='bbox 451 664 478 688; x_wconf 89' lang='lat'>16</span> <span class='ocrx_word' id='word_1_320' title='bbox 494 670 518 694; x_wconf 88' lang='lat' dir='ltr'>p.</span> <span class='ocrx_word' id='word_1_321' title='bbox 528 669 576 696; x_wconf 81' lang='lat'>372</span> <span class='ocrx_word' id='word_1_322' title='bbox 590 662 626 695; x_wconf 89' lang='lat' dir='ltr'>sq.</span> <span class='ocrx_word' id='word_1_323' title='bbox 649 662 724 687; x_wconf 86' lang='lat' dir='ltr'>Gron.</span> <span class='ocrx_word' id='word_1_324' title='bbox 743 668 767 687; x_wconf 84' lang='lat' dir='ltr'>et</span> <span class='ocrx_word' id='word_1_325' title='bbox 782 671 843 697; x_wconf 81' lang='lat' dir='ltr'>quae</span> <span class='ocrx_word' id='word_1_326' title='bbox 855 661 891 687; x_wconf 86' lang='lat' dir='ltr'>ibi</span> <span class='ocrx_word' id='word_1_327' title='bbox 902 662 995 697; x_wconf 68' lang='lat' dir='ltr'>copiose</span> <span class='ocrx_word' id='word_1_328' title='bbox 1013 660 1130 695; x_wconf 79' lang='lat' dir='ltr'>Valefius.</span> <span class='ocrx_word' id='word_1_329' title='bbox 1372 661 1418 688; x_wconf 87' lang='lat' dir='ltr'>des</span> <span class='ocrx_word' id='word_1_330' title='bbox 1443 661 1481 688; x_wconf 90' lang='lat' dir='ltr'>Id.</span> <span class='ocrx_word' id='word_1_331' title='bbox 1495 661 1562 689; x_wconf 90' lang='lat' dir='ltr'>ibid.</span> <span class='ocrx_word' id='word_1_332' title='bbox 1576 671 1602 694; x_wconf 88' lang='lat'>2,</span> <span class='ocrx_word' id='word_1_333' title='bbox 1615 664 1675 693; x_wconf 78' lang='grc'><strong>364.</strong></span> <span class='ocrx_word' id='word_1_334' title='bbox 1746 661 1881 696; x_wconf 76' lang='lat' dir='ltr'>Adoptare</span> <span class='ocrx_word' id='word_1_335' title='bbox 1896 661 2022 694; x_wconf 81' lang='lat' dir='ltr'>herbam,</span> <span class='ocrx_word' id='word_1_336' title='bbox 2040 662 2092 688; x_wconf 80' lang='lat' dir='ltr'>md.</span> <span class='ocrx_word' id='word_1_337' title='bbox 2111 669 2160 689; x_wconf 86' lang='lat' dir='ltr'>AD</span> <span class='ocrx_word' id='word_1_338' title='bbox 2170 668 2242 688; x_wconf 79' lang='lat' dir='ltr'>OPT</span> <span class='ocrx_word' id='word_1_339' title='bbox 2252 668 2280 688; x_wconf 91' lang='grc' dir='ltr'>ο.</span> <span class='ocrx_word' id='word_1_340' title='bbox 2336 660 2421 686; x_wconf 81' lang='lat' dir='ltr'>Arent</span> <span class='ocrx_word' id='word_1_341' title='bbox 2434 686 2438 693; x_wconf 43' lang='lat'><strong>¹</strong></span> 
     </span>
    </p>

    <p class='ocr_par' dir='ltr' id='par_1_6' title="bbox 304 696 2440 732">
     <span class='ocr_line' id='line_1_26' title="bbox 304 696 2440 732; baseline -0.002 -6"><span class='ocrx_word' id='word_1_342' title='bbox 304 707 324 728; x_wconf 98' lang='lat' dir='ltr'>H</span> <span class='ocrx_word' id='word_1_343' title='bbox 334 708 349 726; x_wconf 76' lang='lat' dir='ltr'>L·</span> <span class='ocrx_word' id='word_1_344' title='bbox 360 706 373 724; x_wconf 76' lang='lat' dir='ltr'>e</span> <span class='ocrx_word' id='word_1_345' title='bbox 383 704 432 724; x_wconf 90' lang='lat' dir='ltr'>TA</span> <span class='ocrx_word' id='word_1_346' title='bbox 441 704 453 723; x_wconf 88' lang='lat' dir='ltr'>s</span> <span class='ocrx_word' id='word_1_347' title='bbox 463 703 479 722; x_wconf 89' lang='grc' dir='ltr'>Ε</span> <span class='ocrx_word' id='word_1_348' title='bbox 488 703 513 722; x_wconf 83' lang='grc' dir='ltr'>Μ</span> <span class='ocrx_word' id='word_1_349' title='bbox 524 703 544 722; x_wconf 86' lang='grc' dir='ltr'><strong><em>ν</em></strong></span> <span class='ocrx_word' id='word_1_350' title='bbox 556 702 568 722; x_wconf 88' lang='lat' dir='ltr'>s</span> <span class='ocrx_word' id='word_1_351' title='bbox 577 716 585 729; x_wconf 84' lang='lat'>‚</span> <span class='ocrx_word' id='word_1_352' title='bbox 603 696 620 722; x_wconf 84' lang='lat' dir='ltr'>i.</span> <span class='ocrx_word' id='word_1_353' title='bbox 639 706 674 722; x_wconf 88' lang='lat' dir='ltr'>m.</span> <span class='ocrx_word' id='word_1_354' title='bbox 700 697 864 731; x_wconf 69' lang='lat' dir='ltr'>Septmmrius.</span> <span class='ocrx_word' id='word_1_355' title='bbox 900 697 978 723; x_wconf 85' lang='lat' dir='ltr'>Mart.</span> <span class='ocrx_word' id='word_1_356' title='bbox 994 698 1092 732; x_wconf 83' lang='lat' dir='ltr'>Capell.</span> <span class='ocrx_word' id='word_1_357' title='bbox 1105 706 1131 730; x_wconf 90' lang='lat'>9.</span> <span class='ocrx_word' id='word_1_358' title='bbox 1373 697 1470 724; x_wconf 79' lang='lat' dir='ltr'>herbae</span> <span class='ocrx_word' id='word_1_359' title='bbox 1497 698 1572 732; x_wconf 87' lang='lat' dir='ltr'>Virg.</span> <span class='ocrx_word' id='word_1_360' title='bbox 1587 699 1685 730; x_wconf 78' lang='lat' dir='ltr'>Georg.</span> <span class='ocrx_word' id='word_1_361' title='bbox 1698 704 1727 729; x_wconf 78' lang='lat'>4,</span> <span class='ocrx_word' id='word_1_362' title='bbox 1739 705 1802 731; x_wconf 86' lang='lat'>427.</span> <span class='ocrx_word' id='word_1_363' title='bbox 1895 698 2009 732; x_wconf 77' lang='lat' dir='ltr'>Carpere</span> <span class='ocrx_word' id='word_1_364' title='bbox 2025 697 2133 724; x_wconf 80' lang='lat' dir='ltr'>herbam</span> <span class='ocrx_word' id='word_1_365' title='bbox 2144 717 2153 730; x_wconf 86' lang='lat'>,</span> <span class='ocrx_word' id='word_1_366' title='bbox 2189 696 2243 723; x_wconf 78' lang='lat' dir='ltr'>vid.</span> <span class='ocrx_word' id='word_1_367' title='bbox 2267 702 2284 723; x_wconf 90' lang='lat' dir='ltr'>c</span> <span class='ocrx_word' id='word_1_368' title='bbox 2296 703 2317 723; x_wconf 98' lang='lat' dir='ltr'>A</span> <span class='ocrx_word' id='word_1_369' title='bbox 2327 702 2346 722; x_wconf 91' lang='lat' dir='ltr'>R</span> <span class='ocrx_word' id='word_1_370' title='bbox 2358 701 2375 721; x_wconf 77' lang='grc' dir='ltr'>Ρ</span> <span class='ocrx_word' id='word_1_371' title='bbox 2387 701 2420 722; x_wconf 93' lang='lat'>0.</span> <span class='ocrx_word' id='word_1_372' title='bbox 2438 710 2440 713; x_wconf 91' lang='lat'><em>-</em></span> 
     </span>
    </p>

    <p class='ocr_par' dir='ltr' id='par_1_7' title="bbox 258 729 2463 983">
     <span class='ocr_line' id='line_1_27' title="bbox 303 729 2444 767; baseline -0.002 -6"><span class='ocrx_word' id='word_1_373' title='bbox 303 743 323 762; x_wconf 85' lang='lat' dir='ltr'>H</span> <span class='ocrx_word' id='word_1_374' title='bbox 333 742 348 761; x_wconf 98' lang='grc' dir='ltr'>Ε</span> <span class='ocrx_word' id='word_1_375' title='bbox 357 740 370 759; x_wconf 83' lang='lat' dir='ltr'>P</span> <span class='ocrx_word' id='word_1_376' title='bbox 380 740 399 759; x_wconf 84' lang='lat' dir='ltr'>H</span> <span class='ocrx_word' id='word_1_377' title='bbox 410 739 431 758; x_wconf 88' lang='lat' dir='ltr'>T</span> <span class='ocrx_word' id='word_1_378' title='bbox 441 739 461 758; x_wconf 91' lang='lat' dir='ltr'>H</span> <span class='ocrx_word' id='word_1_379' title='bbox 471 739 487 759; x_wconf 82' lang='grc' dir='ltr'>Ε</span> <span class='ocrx_word' id='word_1_380' title='bbox 496 739 520 758; x_wconf 86' lang='grc' dir='ltr'><strong>Μ</strong></span> <span class='ocrx_word' id='word_1_381' title='bbox 533 738 542 758; x_wconf 93' lang='lat'>1</span> <span class='ocrx_word' id='word_1_382' title='bbox 553 739 578 758; x_wconf 90' lang='lat' dir='ltr'>M</span> <span class='ocrx_word' id='word_1_383' title='bbox 587 739 602 758; x_wconf 89' lang='grc' dir='ltr'>Ε</span> <span class='ocrx_word' id='word_1_384' title='bbox 611 739 655 759; x_wconf 82' lang='lat' dir='ltr'>RE</span> <span class='ocrx_word' id='word_1_385' title='bbox 664 739 692 764; x_wconf 85' lang='lat' dir='ltr'>S,</span> <span class='ocrx_word' id='word_1_386' title='bbox 713 732 744 758; x_wconf 85' lang='lat' dir='ltr'>is.</span> <span class='ocrx_word' id='word_1_387' title='bbox 763 732 782 758; x_wconf 79' lang='lat' dir='ltr'>f.</span> <span class='ocrx_word' id='word_1_388' title='bbox 819 733 837 758; x_wconf 92' lang='lat' dir='ltr'>s.</span> <span class='ocrx_word' id='word_1_389' title='bbox 857 731 1041 766; x_wconf 63' lang='grc' dir='ltr'>ἔφθημιμερῆς,</span> <span class='ocrx_word' id='word_1_390' title='bbox 1061 737 1079 759; x_wconf 79' lang='lat' dir='ltr'>i.</span> <span class='ocrx_word' id='word_1_391' title='bbox 1095 729 1311 766; x_wconf 84' lang='lat' dir='ltr'>Semiseptenaria</span> <span class='ocrx_word' id='word_1_392' title='bbox 1329 736 1354 763; x_wconf 80' lang='lat'>¹5</span> <span class='ocrx_word' id='word_1_393' title='bbox 1374 732 1472 763; x_wconf 83' lang='lat' dir='ltr'>Sitiunt</span> <span class='ocrx_word' id='word_1_394' title='bbox 1483 732 1581 760; x_wconf 84' lang='lat' dir='ltr'>herbae</span> <span class='ocrx_word' id='word_1_395' title='bbox 1606 733 1680 766; x_wconf 81' lang='lat' dir='ltr'>Virg.</span> <span class='ocrx_word' id='word_1_396' title='bbox 1695 732 1791 767; x_wconf 79' lang='lat' dir='ltr'>Georg.</span> <span class='ocrx_word' id='word_1_397' title='bbox 1804 741 1832 766; x_wconf 89' lang='lat'>4,</span> <span class='ocrx_word' id='word_1_398' title='bbox 1844 741 1906 766; x_wconf 89' lang='lat'>402.</span> <span class='ocrx_word' id='word_1_399' title='bbox 2012 734 2043 759; x_wconf 92' lang='lat' dir='ltr'>In</span> <span class='ocrx_word' id='word_1_400' title='bbox 2057 732 2138 759; x_wconf 85' lang='lat' dir='ltr'>herba</span> <span class='ocrx_word' id='word_1_401' title='bbox 2159 734 2206 758; x_wconf 79' lang='lat' dir='ltr'>effe</span> <span class='ocrx_word' id='word_1_402' title='bbox 2227 732 2346 758; x_wconf 72' lang='lat' dir='ltr'>dicuntur</span> <span class='ocrx_word' id='word_1_403' title='bbox 2364 731 2421 757; x_wconf 78' lang='lat' dir='ltr'>sru-</span> <span class='ocrx_word' id='word_1_404' title='bbox 2438 739 2444 758; x_wconf 72' lang='lat'>¹.</span> 
     </span>
     <span class='ocr_line' id='line_1_28' title="bbox 266 765 2421 805; baseline -0.002 -9"><span class='ocrx_word' id='word_1_405' title='bbox 266 770 376 798; x_wconf 88' lang='lat' dir='ltr'>Caesura</span> <span class='ocrx_word' id='word_1_406' title='bbox 389 767 455 803; x_wconf 71' lang='lat' dir='ltr'>apud</span> <span class='ocrx_word' id='word_1_407' title='bbox 469 767 626 794; x_wconf 86' lang='lat' dir='ltr'>Diomedem</span> <span class='ocrx_word' id='word_1_408' title='bbox 640 776 653 799; x_wconf 79' lang='lat'>3</span> <span class='ocrx_word' id='word_1_409' title='bbox 669 777 691 801; x_wconf 87' lang='lat' dir='ltr'>p.</span> <span class='ocrx_word' id='word_1_410' title='bbox 699 770 752 800; x_wconf 81' lang='lat'>496</span> <span class='ocrx_word' id='word_1_411' title='bbox 767 773 886 797; x_wconf 80' lang='lat' dir='ltr'>vocatur,</span> <span class='ocrx_word' id='word_1_412' title='bbox 905 775 971 802; x_wconf 81' lang='lat' dir='ltr'>quae</span> <span class='ocrx_word' id='word_1_413' title='bbox 983 769 1080 802; x_wconf 82' lang='lat' dir='ltr'>septem</span> <span class='ocrx_word' id='word_1_414' title='bbox 1101 768 1192 804; x_wconf 77' lang='lat' dir='ltr'>(pedes</span> <span class='ocrx_word' id='word_1_415' title='bbox 1204 765 1312 801; x_wconf 72' lang='lat' dir='ltr'>inversu</span> <span class='ocrx_word' id='word_1_416' title='bbox 1373 773 1477 803; x_wconf 81' lang='lat' dir='ltr'>menta,</span> <span class='ocrx_word' id='word_1_417' title='bbox 1506 769 1565 795; x_wconf 87' lang='lat' dir='ltr'>Cum</span> <span class='ocrx_word' id='word_1_418' title='bbox 1581 778 1678 805; x_wconf 72' lang='lat' dir='ltr'>germen</span> <span class='ocrx_word' id='word_1_419' title='bbox 1691 774 1820 803; x_wconf 78' lang='lat' dir='ltr'>coeperunt</span> <span class='ocrx_word' id='word_1_420' title='bbox 1833 775 1939 795; x_wconf 78' lang='lat' dir='ltr'>mittere.</span> <span class='ocrx_word' id='word_1_421' title='bbox 2030 768 2104 795; x_wconf 88' lang='lat' dir='ltr'>Caes.</span> <span class='ocrx_word' id='word_1_422' title='bbox 2122 769 2149 795; x_wconf 85' lang='lat' dir='ltr'>B.</span> <span class='ocrx_word' id='word_1_423' title='bbox 2163 769 2193 795; x_wconf 88' lang='lat' dir='ltr'>C.</span> <span class='ocrx_word' id='word_1_424' title='bbox 2207 776 2215 794; x_wconf 88' lang='lat'>1</span> <span class='ocrx_word' id='word_1_425' title='bbox 2229 787 2236 798; x_wconf 89' lang='lat'><strong><em>‚</em></strong></span> <span class='ocrx_word' id='word_1_426' title='bbox 2253 773 2286 802; x_wconf 81' lang='lat'>48</span> <span class='ocrx_word' id='word_1_427' title='bbox 2322 767 2421 801; x_wconf 84' lang='lat' dir='ltr'>Neque</span> 
     </span>
     <span class='ocr_line' id='line_1_29' title="bbox 265 802 2422 838; baseline -0 -7"><span class='ocrx_word' id='word_1_428' title='bbox 265 806 402 832; x_wconf 64' lang='lat' dir='ltr'>hexametro</span> <span class='ocrx_word' id='word_1_429' title='bbox 414 804 571 838; x_wconf 77' lang='lat' dir='ltr'>aequaliter)</span> <span class='ocrx_word' id='word_1_430' title='bbox 592 803 704 829; x_wconf 80' lang='lat' dir='ltr'>diuidit:</span> <span class='ocrx_word' id='word_1_431' title='bbox 741 812 790 828; x_wconf 85' lang='lat' dir='ltr'>non</span> <span class='ocrx_word' id='word_1_432' title='bbox 808 811 854 838; x_wconf 78' lang='lat' dir='ltr'>quo</span> <span class='ocrx_word' id='word_1_433' title='bbox 867 803 962 838; x_wconf 73' lang='lat' dir='ltr'>septem</span> <span class='ocrx_word' id='word_1_434' title='bbox 970 804 1046 838; x_wconf 77' lang='lat' dir='ltr'>pedes</span> <span class='ocrx_word' id='word_1_435' title='bbox 1059 804 1146 831; x_wconf 75' lang='lat' dir='ltr'>habeat</span> <span class='ocrx_word' id='word_1_436' title='bbox 1159 804 1313 832; x_wconf 62' lang='lat' dir='ltr'>hexameter,</span> <span class='ocrx_word' id='word_1_437' title='bbox 1374 804 1506 831; x_wconf 86' lang='lat' dir='ltr'>frumenta</span> <span class='ocrx_word' id='word_1_438' title='bbox 1519 805 1548 830; x_wconf 89' lang='lat' dir='ltr'>in</span> <span class='ocrx_word' id='word_1_439' title='bbox 1561 803 1650 830; x_wconf 80' lang='lat' dir='ltr'>herbis</span> <span class='ocrx_word' id='word_1_440' title='bbox 1665 810 1738 829; x_wconf 88' lang='lat' dir='ltr'>erant</span> <span class='ocrx_word' id='word_1_441' title='bbox 1767 813 1855 838; x_wconf 88' lang='lat' dir='ltr'>neque</span> <span class='ocrx_word' id='word_1_442' title='bbox 1868 804 2002 830; x_wconf 86' lang='lat' dir='ltr'>multuma</span> <span class='ocrx_word' id='word_1_443' title='bbox 2015 805 2168 831; x_wconf 87' lang='lat' dir='ltr'>maturitate</span> <span class='ocrx_word' id='word_1_444' title='bbox 2181 803 2298 830; x_wconf 85' lang='lat' dir='ltr'>aberant.</span> <span class='ocrx_word' id='word_1_445' title='bbox 2353 802 2422 830; x_wconf 68' lang='lat' dir='ltr'>Ptin.</span> 
     </span>
     <span class='ocr_line' id='line_1_30' title="bbox 258 825 2463 876; baseline -0 -11"><span class='ocrx_word' id='word_1_446' title='bbox 258 840 305 876; x_wconf 78' lang='lat' dir='ltr'>sed</span> <span class='ocrx_word' id='word_1_447' title='bbox 312 841 408 874; x_wconf 78' lang='lat' dir='ltr'>placuit</span> <span class='ocrx_word' id='word_1_448' title='bbox 425 839 526 865; x_wconf 74' lang='lat' dir='ltr'>Graecis</span> <span class='ocrx_word' id='word_1_449' title='bbox 540 842 576 864; x_wconf 81' lang='lat' dir='ltr'>ita</span> <span class='ocrx_word' id='word_1_450' title='bbox 590 843 724 873; x_wconf 68' lang='lat' dir='ltr'>exprimere</span> <span class='ocrx_word' id='word_1_451' title='bbox 736 847 860 864; x_wconf 80' lang='lat' dir='ltr'>numerum</span> <span class='ocrx_word' id='word_1_452' title='bbox 867 838 957 873; x_wconf 76' lang='lat' dir='ltr'>pedum</span> <span class='ocrx_word' id='word_1_453' title='bbox 970 843 1046 865; x_wconf 82' lang='lat' dir='ltr'>trium</span> <span class='ocrx_word' id='word_1_454' title='bbox 1059 849 1112 865; x_wconf 89' lang='lat' dir='ltr'>cum</span> <span class='ocrx_word' id='word_1_455' title='bbox 1120 839 1233 870; x_wconf 67' lang='lat' dir='ltr'>dimidto,</span> <span class='ocrx_word' id='word_1_456' title='bbox 1253 845 1313 873; x_wconf 75' lang='lat' dir='ltr'>quae</span> <span class='ocrx_word' id='word_1_457' title='bbox 1375 849 1418 872; x_wconf 82' lang='lat'>22,</span> <span class='ocrx_word' id='word_1_458' title='bbox 1432 848 1461 872; x_wconf 78' lang='lat'>23</span> <span class='ocrx_word' id='word_1_459' title='bbox 1485 840 1582 866; x_wconf 84' lang='lat' dir='ltr'>Eadem</span> <span class='ocrx_word' id='word_1_460' title='bbox 1594 838 1675 865; x_wconf 81' lang='lat' dir='ltr'>efficit</span> <span class='ocrx_word' id='word_1_461' title='bbox 1688 845 1714 865; x_wconf 85' lang='lat' dir='ltr'>et</span> <span class='ocrx_word' id='word_1_462' title='bbox 1728 825 1794 866; x_wconf 61' lang='lat' dir='ltr'>(sum</span> <span class='ocrx_word' id='word_1_463' title='bbox 1805 840 1834 865; x_wconf 84' lang='lat' dir='ltr'>in</span> <span class='ocrx_word' id='word_1_464' title='bbox 1847 839 1928 866; x_wconf 84' lang='lat' dir='ltr'>herba</span> <span class='ocrx_word' id='word_1_465' title='bbox 1943 839 1988 865; x_wconf 81' lang='lat' dir='ltr'>est.</span> <span class='ocrx_word' id='word_1_466' title='bbox 2044 840 2119 876; x_wconf 82' lang='lat' dir='ltr'>Conf.</span> <span class='ocrx_word' id='word_1_467' title='bbox 2133 839 2214 866; x_wconf 81' lang='lat' dir='ltr'>Ouid.</span> <span class='ocrx_word' id='word_1_468' title='bbox 2226 838 2304 874; x_wconf 88' lang='lat' dir='ltr'>Epist.</span> <span class='ocrx_word' id='word_1_469' title='bbox 2319 845 2358 873; x_wconf 87' lang='lat'>17,</span> <span class='ocrx_word' id='word_1_470' title='bbox 2371 841 2421 871; x_wconf 83' lang='lat'>263</span> <span class='ocrx_word' id='word_1_471' title='bbox 2452 848 2463 875; x_wconf 44' lang='lat' dir='ltr'><strong><em>j</em></strong></span> 
     </span>
     <span class='ocr_line' id='line_1_31' title="bbox 263 867 2459 911; baseline 0 -12"><span class='ocrx_word' id='word_1_472' title='bbox 263 874 298 907; x_wconf 66' lang='lat' dir='ltr'>qs}</span> <span class='ocrx_word' id='word_1_473' title='bbox 311 873 414 900; x_wconf 82' lang='lat' dir='ltr'>dimidia</span> <span class='ocrx_word' id='word_1_474' title='bbox 426 881 490 908; x_wconf 70' lang='lat' dir='ltr'>part</span> <span class='ocrx_word' id='word_1_475' title='bbox 504 884 533 900; x_wconf 70' lang='lat' dir='ltr'>es</span> <span class='ocrx_word' id='word_1_476' title='bbox 546 874 648 908; x_wconf 81' lang='lat' dir='ltr'>septem.</span> <span class='ocrx_word' id='word_1_477' title='bbox 707 872 747 907; x_wconf 73' lang='lat' dir='ltr'>Lss</span> <span class='ocrx_word' id='word_1_478' title='bbox 761 877 842 910; x_wconf 66' lang='lat' dir='ltr'>(gitur</span> <span class='ocrx_word' id='word_1_479' title='bbox 862 872 1112 907; x_wconf 79' lang='lat' dir='ltr'>Hephtheminieres</span> <span class='ocrx_word' id='word_1_480' title='bbox 1126 885 1150 901; x_wconf 81' lang='grc' dir='ltr'>υ.</span> <span class='ocrx_word' id='word_1_481' title='bbox 1165 885 1189 911; x_wconf 83' lang='lat' dir='ltr'>g.</span> <span class='ocrx_word' id='word_1_482' title='bbox 1208 874 1313 901; x_wconf 81' lang='lat' dir='ltr'>Italiam</span> <span class='ocrx_word' id='word_1_483' title='bbox 1375 875 1422 902; x_wconf 87' lang='lat' dir='ltr'>Sed</span> <span class='ocrx_word' id='word_1_484' title='bbox 1436 875 1549 902; x_wconf 87' lang='lat' dir='ltr'>nimium</span> <span class='ocrx_word' id='word_1_485' title='bbox 1562 884 1700 911; x_wconf 53' lang='lat' dir='ltr'>propera,</span> <span class='ocrx_word' id='word_1_486' title='bbox 1725 881 1750 900; x_wconf 87' lang='lat' dir='ltr'>et</span> <span class='ocrx_word' id='word_1_487' title='bbox 1762 874 1847 901; x_wconf 87' lang='lat' dir='ltr'>adhuc</span> <span class='ocrx_word' id='word_1_488' title='bbox 1861 882 1906 902; x_wconf 89' lang='lat' dir='ltr'>tua</span> <span class='ocrx_word' id='word_1_489' title='bbox 1920 875 2000 902; x_wconf 80' lang='lat' dir='ltr'>meffis</span> <span class='ocrx_word' id='word_1_490' title='bbox 2012 875 2040 902; x_wconf 88' lang='lat' dir='ltr'>in</span> <span class='ocrx_word' id='word_1_491' title='bbox 2053 875 2135 903; x_wconf 87' lang='lat' dir='ltr'>herba</span> <span class='ocrx_word' id='word_1_492' title='bbox 2148 875 2193 901; x_wconf 88' lang='lat' dir='ltr'>est.</span> <span class='ocrx_word' id='word_1_493' title='bbox 2440 867 2459 900; x_wconf 59' lang='grc' dir='ltr'>ἦ]</span> 
     </span>
     <span class='ocr_line' id='line_1_32' title="bbox 263 900 2458 955; baseline -0.001 -20"><span class='ocrx_word' id='word_1_494' title='bbox 263 910 319 936; x_wconf 83' lang='lat' dir='ltr'>fato</span> <span class='ocrx_word' id='word_1_495' title='bbox 333 909 468 944; x_wconf 76' lang='lat' dir='ltr'>profugus.</span> <span class='ocrx_word' id='word_1_496' title='bbox 521 910 597 935; x_wconf 89' lang='lat' dir='ltr'>Tum</span> <span class='ocrx_word' id='word_1_497' title='bbox 612 910 717 936; x_wconf 86' lang='lat' dir='ltr'>demum</span> <span class='ocrx_word' id='word_1_498' title='bbox 731 915 821 935; x_wconf 87' lang='lat' dir='ltr'>mouet</span> <span class='ocrx_word' id='word_1_499' title='bbox 833 917 905 936; x_wconf 86' lang='lat' dir='ltr'>arma</span> <span class='ocrx_word' id='word_1_500' title='bbox 919 909 971 935; x_wconf 87' lang='lat' dir='ltr'>leo.</span> <span class='ocrx_word' id='word_1_501' title='bbox 1042 911 1185 938; x_wconf 76' lang='lat' dir='ltr'>Excutiens</span> <span class='ocrx_word' id='word_1_502' title='bbox 1207 908 1313 936; x_wconf 79' lang='lat' dir='ltr'>ceruice</span> <span class='ocrx_word' id='word_1_503' title='bbox 1326 914 1361 933; x_wconf 84' lang='lat'>20</span> <span class='ocrx_word' id='word_1_504' title='bbox 1413 917 1434 937; x_wconf 72' lang='lat' dir='ltr'>fl</span> <span class='ocrx_word' id='word_1_505' title='bbox 1446 917 1489 937; x_wconf 69' lang='lat' dir='ltr'>ER</span> <span class='ocrx_word' id='word_1_506' title='bbox 1499 910 1569 938; x_wconf 69' lang='lat' dir='ltr'>13le</span> <span class='ocrx_word' id='word_1_507' title='bbox 1581 919 1603 937; x_wconf 89' lang='lat' dir='ltr'>A</span> <span class='ocrx_word' id='word_1_508' title='bbox 1613 931 1620 942; x_wconf 84' lang='lat'><strong>‚</strong></span> <span class='ocrx_word' id='word_1_509' title='bbox 1639 919 1677 937; x_wconf 69' lang='lat' dir='ltr'>ae,</span> <span class='ocrx_word' id='word_1_510' title='bbox 1701 910 1720 936; x_wconf 80' lang='lat' dir='ltr'>f,</span> <span class='ocrx_word' id='word_1_511' title='bbox 1740 910 1842 937; x_wconf 79' lang='lat' dir='ltr'>Dimm.</span> <span class='ocrx_word' id='word_1_512' title='bbox 1879 911 2024 944; x_wconf 59' lang='grc' dir='ltr'>[βατάνιον]</span> <span class='ocrx_word' id='word_1_513' title='bbox 2060 911 2116 937; x_wconf 69' lang='grc' dir='ltr'>Οἱς,</span> <span class='ocrx_word' id='word_1_514' title='bbox 2131 911 2163 937; x_wconf 79' lang='lat' dir='ltr'>de</span> <span class='ocrx_word' id='word_1_515' title='bbox 2178 911 2213 937; x_wconf 85' lang='lat' dir='ltr'>N.</span> <span class='ocrx_word' id='word_1_516' title='bbox 2229 910 2262 935; x_wconf 89' lang='lat' dir='ltr'>D.</span> <span class='ocrx_word' id='word_1_517' title='bbox 2272 918 2293 940; x_wconf 87' lang='lat'>2,</span> <span class='ocrx_word' id='word_1_518' title='bbox 2305 916 2348 943; x_wconf 73' lang='lat'>1217</span> <span class='ocrx_word' id='word_1_519' title='bbox 2361 915 2424 941; x_wconf 54' lang='lat'>250</span> <span class='ocrx_word' id='word_1_520' title='bbox 2440 900 2458 955; x_wconf 60' lang='grc' dir='ltr'><strong><em>ξ</em></strong></span> 
     </span>
     <span class='ocr_line' id='line_1_33' title="bbox 266 944 2458 983; baseline -0 -11"><span class='ocrx_word' id='word_1_521' title='bbox 266 951 339 972; x_wconf 87' lang='lat' dir='ltr'>toros</span> <span class='ocrx_word' id='word_1_522' title='bbox 348 967 356 980; x_wconf 83' lang='lat'>,</span> <span class='ocrx_word' id='word_1_523' title='bbox 374 952 432 983; x_wconf 53' lang='lat' dir='ltr'>mc.—</span> <span class='ocrx_word' id='word_1_524' title='bbox 477 944 550 980; x_wconf 85' lang='lat' dir='ltr'>Conf.</span> <span class='ocrx_word' id='word_1_525' title='bbox 574 951 589 970; x_wconf 85' lang='lat' dir='ltr'>P</span> <span class='ocrx_word' id='word_1_526' title='bbox 603 951 618 971; x_wconf 90' lang='lat' dir='ltr'>E</span> <span class='ocrx_word' id='word_1_527' title='bbox 630 952 651 971; x_wconf 82' lang='lat' dir='ltr'>N</span> <span class='ocrx_word' id='word_1_528' title='bbox 662 952 683 972; x_wconf 84' lang='lat' dir='ltr'>T</span> <span class='ocrx_word' id='word_1_529' title='bbox 691 952 712 972; x_wconf 83' lang='lat' dir='ltr'>H</span> <span class='ocrx_word' id='word_1_530' title='bbox 723 952 738 971; x_wconf 86' lang='grc' dir='ltr'>Ε</span> <span class='ocrx_word' id='word_1_531' title='bbox 747 952 772 971; x_wconf 87' lang='grc' dir='ltr'><strong>Μ</strong></span> <span class='ocrx_word' id='word_1_532' title='bbox 781 953 790 972; x_wconf 91' lang='grc'>1</span> <span class='ocrx_word' id='word_1_533' title='bbox 798 952 823 971; x_wconf 89' lang='grc' dir='ltr'><strong>Μ</strong></span> <span class='ocrx_word' id='word_1_534' title='bbox 832 952 848 972; x_wconf 90' lang='grc' dir='ltr'>Ε</span> <span class='ocrx_word' id='word_1_535' title='bbox 857 952 875 971; x_wconf 98' lang='lat' dir='ltr'>R</span> <span class='ocrx_word' id='word_1_536' title='bbox 885 952 902 971; x_wconf 88' lang='grc' dir='ltr'><strong><em>Ε</em></strong></span> <span class='ocrx_word' id='word_1_537' title='bbox 911 952 935 971; x_wconf 81' lang='lat' dir='ltr'>s.</span> <span class='ocrx_word' id='word_1_538' title='bbox 1375 947 1530 981; x_wconf 76' lang='lat' dir='ltr'>Ceruaeque</span> <span class='ocrx_word' id='word_1_539' title='bbox 1542 947 1633 982; x_wconf 89' lang='lat' dir='ltr'>paullo</span> <span class='ocrx_word' id='word_1_540' title='bbox 1647 952 1706 972; x_wconf 86' lang='lat' dir='ltr'>ante</span> <span class='ocrx_word' id='word_1_541' title='bbox 1720 952 1823 980; x_wconf 85' lang='lat' dir='ltr'>partum</span> <span class='ocrx_word' id='word_1_542' title='bbox 1836 954 1994 981; x_wconf 84' lang='lat' dir='ltr'>perpurgant</span> <span class='ocrx_word' id='word_1_543' title='bbox 2006 948 2031 973; x_wconf 91' lang='lat' dir='ltr'>se</span> <span class='ocrx_word' id='word_1_544' title='bbox 2038 950 2152 982; x_wconf 83' lang='lat' dir='ltr'>quadam</span> <span class='ocrx_word' id='word_1_545' title='bbox 2168 945 2288 976; x_wconf 87' lang='lat' dir='ltr'>herbula,</span> <span class='ocrx_word' id='word_1_546' title='bbox 2307 952 2374 979; x_wconf 78' lang='lat' dir='ltr'>quae</span> <span class='ocrx_word' id='word_1_547' title='bbox 2385 945 2424 972; x_wconf 81' lang='lat' dir='ltr'>se-</span> <span class='ocrx_word' id='word_1_548' title='bbox 2440 948 2458 980; x_wconf 50' lang='lat'>3³</span> 
     </span>
    </p>
   </div>
   <div class='ocr_carea' id='block_1_6' title="bbox 265 979 2462 1228">
    <p class='ocr_par' dir='ltr' id='par_1_8' title="bbox 265 979 2462 1228">
     <span class='ocr_line' id='line_1_34' title="bbox 302 979 2457 1017; baseline 0.001 -10"><span class='ocrx_word' id='word_1_549' title='bbox 302 988 321 1007; x_wconf 92' lang='lat' dir='ltr'>H</span> <span class='ocrx_word' id='word_1_550' title='bbox 333 987 372 1007; x_wconf 74' lang='grc' dir='ltr'>ΕΡ</span> <span class='ocrx_word' id='word_1_551' title='bbox 384 987 405 1007; x_wconf 83' lang='grc' dir='ltr'>Τ</span> <span class='ocrx_word' id='word_1_552' title='bbox 418 987 433 1006; x_wconf 87' lang='grc' dir='ltr'>Ε</span> <span class='ocrx_word' id='word_1_553' title='bbox 443 987 461 1006; x_wconf 92' lang='lat' dir='ltr'>R</span> <span class='ocrx_word' id='word_1_554' title='bbox 471 987 487 1006; x_wconf 97' lang='grc' dir='ltr'>Ε</span> <span class='ocrx_word' id='word_1_555' title='bbox 496 987 508 1006; x_wconf 81' lang='lat' dir='ltr'>s</span> <span class='ocrx_word' id='word_1_556' title='bbox 517 1000 525 1013; x_wconf 88' lang='lat'>‚</span> <span class='ocrx_word' id='word_1_557' title='bbox 545 990 599 1007; x_wconf 87' lang='lat' dir='ltr'>um.</span> <span class='ocrx_word' id='word_1_558' title='bbox 621 981 640 1007; x_wconf 90' lang='lat' dir='ltr'>f.</span> <span class='ocrx_word' id='word_1_559' title='bbox 678 982 780 1013; x_wconf 85' lang='lat' dir='ltr'>Naues,</span> <span class='ocrx_word' id='word_1_560' title='bbox 799 990 859 1016; x_wconf 80' lang='lat' dir='ltr'>quoe</span> <span class='ocrx_word' id='word_1_561' title='bbox 866 980 960 1016; x_wconf 78' lang='lat' dir='ltr'>septem</span> <span class='ocrx_word' id='word_1_562' title='bbox 968 979 1098 1007; x_wconf 82' lang='lat' dir='ltr'>ordinibus</span> <span class='ocrx_word' id='word_1_563' title='bbox 1110 990 1229 1008; x_wconf 82' lang='lat' dir='ltr'>remorum</span> <span class='ocrx_word' id='word_1_564' title='bbox 1237 988 1314 1016; x_wconf 79' lang='lat' dir='ltr'>agun—</span> <span class='ocrx_word' id='word_1_565' title='bbox 1379 982 1438 1008; x_wconf 82' lang='lat' dir='ltr'>selis</span> <span class='ocrx_word' id='word_1_566' title='bbox 1450 982 1556 1009; x_wconf 87' lang='lat' dir='ltr'>dicitur.</span> <span class='ocrx_word' id='word_1_567' title='bbox 1593 982 1763 1017; x_wconf 88' lang='lat' dir='ltr'>Apul.Miles.</span> <span class='ocrx_word' id='word_1_568' title='bbox 1775 990 1788 1014; x_wconf 84' lang='lat'>3</span> <span class='ocrx_word' id='word_1_569' title='bbox 1808 991 1832 1016; x_wconf 89' lang='lat' dir='ltr'>p.</span> <span class='ocrx_word' id='word_1_570' title='bbox 1842 990 1894 1014; x_wconf 83' lang='lat'>139.</span> <span class='ocrx_word' id='word_1_571' title='bbox 2442 986 2457 1010; x_wconf 71' lang='grc' dir='ltr'>ζ’-’</span> 
     </span>
     <span class='ocr_line' id='line_1_35' title="bbox 266 1015 2458 1078; baseline -0 -35"><span class='ocrx_word' id='word_1_572' title='bbox 266 1023 318 1044; x_wconf 77' lang='lat' dir='ltr'>tur.</span> <span class='ocrx_word' id='word_1_573' title='bbox 368 1016 492 1051; x_wconf 88' lang='lat' dir='ltr'>Hepteris</span> <span class='ocrx_word' id='word_1_574' title='bbox 504 1017 577 1051; x_wconf 81' lang='lat' dir='ltr'>regia</span> <span class='ocrx_word' id='word_1_575' title='bbox 597 1017 657 1043; x_wconf 91' lang='lat' dir='ltr'>Liu.</span> <span class='ocrx_word' id='word_1_576' title='bbox 671 1024 713 1052; x_wconf 84' lang='lat'>27,</span> <span class='ocrx_word' id='word_1_577' title='bbox 725 1025 770 1050; x_wconf 82' lang='lat'>24.</span> <span class='ocrx_word' id='word_1_578' title='bbox 807 1016 876 1044; x_wconf 77' lang='lat' dir='ltr'>Add.</span> <span class='ocrx_word' id='word_1_579' title='bbox 887 1016 956 1043; x_wconf 88' lang='lat' dir='ltr'>Ibid.</span> <span class='ocrx_word' id='word_1_580' title='bbox 970 1025 992 1042; x_wconf 92' lang='lat' dir='ltr'>c.</span> <span class='ocrx_word' id='word_1_581' title='bbox 1001 1024 1028 1049; x_wconf 81' lang='lat'>23</span> <span class='ocrx_word' id='word_1_582' title='bbox 1042 1024 1065 1043; x_wconf 83' lang='lat' dir='ltr'>et</span> <span class='ocrx_word' id='word_1_583' title='bbox 1077 1025 1118 1049; x_wconf 79' lang='lat'>30·</span> <span class='ocrx_word' id='word_1_584' title='bbox 1414 1024 1541 1078; x_wconf 63' lang='lat' dir='ltr'>HlERBv</span> <span class='ocrx_word' id='word_1_585' title='bbox 1550 1025 1563 1045; x_wconf 89' lang='lat' dir='ltr'>s</span> <span class='ocrx_word' id='word_1_586' title='bbox 1572 1023 1618 1044; x_wconf 87' lang='lat' dir='ltr'>cv</span> <span class='ocrx_word' id='word_1_587' title='bbox 1628 1025 1644 1044; x_wconf 89' lang='lat' dir='ltr'>L</span> <span class='ocrx_word' id='word_1_588' title='bbox 1653 1024 1691 1051; x_wconf 87' lang='lat' dir='ltr'>A,</span> <span class='ocrx_word' id='word_1_589' title='bbox 1710 1026 1750 1046; x_wconf 86' lang='lat' dir='ltr'>ae.</span> <span class='ocrx_word' id='word_1_590' title='bbox 1788 1018 1809 1044; x_wconf 81' lang='lat' dir='ltr'>s.</span> <span class='ocrx_word' id='word_1_591' title='bbox 1862 1017 1938 1044; x_wconf 79' lang='lat' dir='ltr'>Idem.</span> <span class='ocrx_word' id='word_1_592' title='bbox 1992 1019 2071 1045; x_wconf 86' lang='lat' dir='ltr'>Mart.</span> <span class='ocrx_word' id='word_1_593' title='bbox 2085 1017 2184 1052; x_wconf 81' lang='lat' dir='ltr'>Capell.</span> <span class='ocrx_word' id='word_1_594' title='bbox 2198 1026 2215 1044; x_wconf 83' lang='lat'>2</span> <span class='ocrx_word' id='word_1_595' title='bbox 2245 1015 2458 1052; x_wconf 52' lang='lat' dir='ltr'>Herburculwssj</span> 
     </span>
     <span class='ocr_line' id='line_1_36' title="bbox 779 1061 1534 1088; baseline -0.001 -6"><span class='ocrx_word' id='word_1_596' title='bbox 779 1080 782 1082; x_wconf 75' lang='grc'>,</span> <span class='ocrx_word' id='word_1_597' title='bbox 796 1080 803 1088; x_wconf 64' lang='grc'>,</span> <span class='ocrx_word' id='word_1_598' title='bbox 1393 1061 1437 1080; x_wconf 84' lang='lat' dir='ltr'>rae</span> <span class='ocrx_word' id='word_1_599' title='bbox 1450 1062 1463 1078; x_wconf 85' lang='lat' dir='ltr'>e</span> <span class='ocrx_word' id='word_1_600' title='bbox 1481 1062 1534 1080; x_wconf 90' lang='lat' dir='ltr'>ere.</span> 
     </span>
     <span class='ocr_line' id='line_1_37' title="bbox 645 1061 2462 1124; baseline 0.002 -15"><span class='ocrx_word' id='word_1_601' title='bbox 645 1079 679 1109; x_wconf 89' lang='lat' dir='ltr'>H</span> <span class='ocrx_word' id='word_1_602' title='bbox 779 1080 805 1110; x_wconf 72' lang='lat' dir='ltr'>L</span> <span class='ocrx_word' id='word_1_603' title='bbox 911 1079 939 1110; x_wconf 88' lang='lat' dir='ltr'>R</span> <span class='ocrx_word' id='word_1_604' title='bbox 1330 1092 1362 1121; x_wconf 81' lang='lat'>25</span> <span class='ocrx_word' id='word_1_605' title='bbox 1375 1061 1391 1088; x_wconf 74' lang='lat' dir='ltr'>p</span> <span class='ocrx_word' id='word_1_606' title='bbox 1413 1061 1486 1115; x_wconf 53' lang='lat' dir='ltr'>urit</span> <span class='ocrx_word' id='word_1_607' title='bbox 1496 1095 1656 1120; x_wconf 70' lang='lat' dir='ltr'>BAcxzvs,</span> <span class='ocrx_word' id='word_1_608' title='bbox 1678 1097 1709 1121; x_wconf 79' lang='lat' dir='ltr'>a,</span> <span class='ocrx_word' id='word_1_609' title='bbox 1730 1097 1784 1114; x_wconf 90' lang='lat' dir='ltr'>um.</span> <span class='ocrx_word' id='word_1_610' title='bbox 1822 1088 1882 1115; x_wconf 88' lang='lat' dir='ltr'>Adi.</span> <span class='ocrx_word' id='word_1_611' title='bbox 1920 1086 2091 1122; x_wconf 70' lang='grc' dir='ltr'>[βοτανώὸης]</span> <span class='ocrx_word' id='word_1_612' title='bbox 2138 1087 2211 1123; x_wconf 73' lang='lat' dir='ltr'>Qod</span> <span class='ocrx_word' id='word_1_613' title='bbox 2221 1090 2249 1114; x_wconf 83' lang='lat' dir='ltr'>in</span> <span class='ocrx_word' id='word_1_614' title='bbox 2262 1086 2442 1124; x_wconf 43' lang='lat' dir='ltr'>herbamcreg</span> <span class='ocrx_word' id='word_1_615' title='bbox 2458 1116 2462 1120; x_wconf 59' lang='grc'>,</span> 
     </span>
     <span class='ocr_line' id='line_1_38' title="bbox 302 1123 2424 1161; baseline -0.001 -10"><span class='ocrx_word' id='word_1_616' title='bbox 302 1131 376 1151; x_wconf 78' lang='lat' dir='ltr'>HER</span> <span class='ocrx_word' id='word_1_617' title='bbox 386 1131 423 1155; x_wconf 87' lang='lat' dir='ltr'>A,</span> <span class='ocrx_word' id='word_1_618' title='bbox 457 1123 511 1150; x_wconf 82' lang='lat' dir='ltr'>vid.</span> <span class='ocrx_word' id='word_1_619' title='bbox 538 1130 584 1150; x_wconf 84' lang='grc' dir='ltr'>ΗΕ</span> <span class='ocrx_word' id='word_1_620' title='bbox 594 1129 611 1149; x_wconf 89' lang='lat' dir='ltr'>R</span> <span class='ocrx_word' id='word_1_621' title='bbox 621 1130 673 1150; x_wconf 86' lang='lat' dir='ltr'>VS.</span> <span class='ocrx_word' id='word_1_622' title='bbox 1370 1124 1424 1161; x_wconf 83' lang='lat' dir='ltr'>scit</span> <span class='ocrx_word' id='word_1_623' title='bbox 1438 1131 1461 1151; x_wconf 81' lang='lat' dir='ltr'>et</span> <span class='ocrx_word' id='word_1_624' title='bbox 1471 1123 1591 1161; x_wconf 67' lang='lat' dir='ltr'>afficrgit,</span> <span class='ocrx_word' id='word_1_625' title='bbox 1623 1132 1647 1150; x_wconf 81' lang='lat' dir='ltr'>et</span> <span class='ocrx_word' id='word_1_626' title='bbox 1668 1124 1696 1150; x_wconf 84' lang='lat' dir='ltr'>de</span> <span class='ocrx_word' id='word_1_627' title='bbox 1717 1127 1752 1150; x_wconf 82' lang='lat' dir='ltr'>iis</span> <span class='ocrx_word' id='word_1_628' title='bbox 1772 1123 1845 1150; x_wconf 79' lang='lat' dir='ltr'>rebus</span> <span class='ocrx_word' id='word_1_629' title='bbox 1859 1126 1966 1155; x_wconf 78' lang='lat' dir='ltr'>dicitur,</span> <span class='ocrx_word' id='word_1_630' title='bbox 1995 1133 2055 1159; x_wconf 85' lang='lat' dir='ltr'>quae</span> <span class='ocrx_word' id='word_1_631' title='bbox 2077 1124 2163 1150; x_wconf 67' lang='lat' dir='ltr'>deinde</span> <span class='ocrx_word' id='word_1_632' title='bbox 2185 1125 2276 1150; x_wconf 80' lang='lat' dir='ltr'>caulem</span> <span class='ocrx_word' id='word_1_633' title='bbox 2299 1127 2424 1153; x_wconf 75' lang='lat' dir='ltr'>emittunt.</span> 
     </span>
     <span class='ocr_line' id='line_1_39' title="bbox 302 1158 2454 1194; baseline -0.001 -7"><span class='ocrx_word' id='word_1_634' title='bbox 302 1167 322 1187; x_wconf 85' lang='lat' dir='ltr'>H</span> <span class='ocrx_word' id='word_1_635' title='bbox 334 1167 350 1187; x_wconf 86' lang='lat' dir='ltr'>E</span> <span class='ocrx_word' id='word_1_636' title='bbox 360 1167 406 1187; x_wconf 89' lang='lat' dir='ltr'>RA</span> <span class='ocrx_word' id='word_1_637' title='bbox 416 1166 481 1186; x_wconf 82' lang='lat' dir='ltr'>CLE</span> <span class='ocrx_word' id='word_1_638' title='bbox 491 1167 510 1185; x_wconf 99' lang='grc' dir='ltr'><strong><em>ν</em></strong></span> <span class='ocrx_word' id='word_1_639' title='bbox 520 1166 549 1189; x_wconf 81' lang='lat' dir='ltr'>s,</span> <span class='ocrx_word' id='word_1_640' title='bbox 569 1166 597 1189; x_wconf 82' lang='lat' dir='ltr'>a,</span> <span class='ocrx_word' id='word_1_641' title='bbox 618 1168 672 1185; x_wconf 88' lang='lat' dir='ltr'>um.</span> <span class='ocrx_word' id='word_1_642' title='bbox 708 1158 888 1192; x_wconf 58' lang='grc' dir='ltr'>[Ἡράκλειος]</span> <span class='ocrx_word' id='word_1_643' title='bbox 924 1159 1071 1186; x_wconf 74' lang='lat' dir='ltr'>Herculeus.</span> <span class='ocrx_word' id='word_1_644' title='bbox 1104 1158 1249 1190; x_wconf 78' lang='lat' dir='ltr'>Heraclea,</span> <span class='ocrx_word' id='word_1_645' title='bbox 1268 1158 1315 1184; x_wconf 86' lang='lat' dir='ltr'>Po·</span> <span class='ocrx_word' id='word_1_646' title='bbox 1377 1160 1444 1187; x_wconf 80' lang='lat' dir='ltr'>Plin.</span> <span class='ocrx_word' id='word_1_647' title='bbox 1459 1168 1494 1191; x_wconf 83' lang='lat'>12,</span> <span class='ocrx_word' id='word_1_648' title='bbox 1509 1169 1533 1192; x_wconf 82' lang='lat'>13</span> <span class='ocrx_word' id='word_1_649' title='bbox 1559 1160 1726 1187; x_wconf 83' lang='lat' dir='ltr'>Herbaceum</span> <span class='ocrx_word' id='word_1_650' title='bbox 1739 1169 1875 1186; x_wconf 82' lang='lat' dir='ltr'>amomum</span> <span class='ocrx_word' id='word_1_651' title='bbox 1889 1161 1973 1194; x_wconf 83' lang='lat' dir='ltr'>peius.</span> <span class='ocrx_word' id='word_1_652' title='bbox 2011 1159 2143 1193; x_wconf 19' lang='lat' dir='ltr'>ldemrz7,</span> <span class='ocrx_word' id='word_1_653' title='bbox 2160 1167 2194 1185; x_wconf 81' lang='lat'>12.</span> <span class='ocrx_word' id='word_1_654' title='bbox 2220 1167 2261 1194; x_wconf 81' lang='lat'>23,</span> <span class='ocrx_word' id='word_1_655' title='bbox 2274 1167 2293 1192; x_wconf 90' lang='lat'>4</span> <span class='ocrx_word' id='word_1_656' title='bbox 2305 1165 2328 1184; x_wconf 83' lang='lat' dir='ltr'>et</span> <span class='ocrx_word' id='word_1_657' title='bbox 2341 1167 2384 1190; x_wconf 78' lang='lat'>33,</span> <span class='ocrx_word' id='word_1_658' title='bbox 2403 1165 2427 1192; x_wconf 83' lang='grc' dir='ltr'>ς.</span> <span class='ocrx_word' id='word_1_659' title='bbox 2451 1191 2454 1194; x_wconf 14' lang='grc' dir='ltr'><strong><em>ἢ</em></strong></span> 
     </span>
     <span class='ocr_line' id='line_1_40' title="bbox 265 1194 2427 1228; baseline -0.003 -7"><span class='ocrx_word' id='word_1_660' title='bbox 265 1196 320 1221; x_wconf 81' lang='lat' dir='ltr'>cula</span> <span class='ocrx_word' id='word_1_661' title='bbox 333 1196 452 1222; x_wconf 81' lang='lat' dir='ltr'>habentur</span> <span class='ocrx_word' id='word_1_662' title='bbox 466 1195 522 1221; x_wconf 86' lang='lat' dir='ltr'>Cic.</span> <span class='ocrx_word' id='word_1_663' title='bbox 539 1195 616 1221; x_wconf 90' lang='lat' dir='ltr'>Verr.</span> <span class='ocrx_word' id='word_1_664' title='bbox 630 1205 658 1228; x_wconf 88' lang='lat'>4,</span> <span class='ocrx_word' id='word_1_665' title='bbox 671 1200 696 1226; x_wconf 85' lang='lat'>38</span> <span class='ocrx_word' id='word_1_666' title='bbox 714 1204 736 1220; x_wconf 91' lang='lat' dir='ltr'>c.</span> <span class='ocrx_word' id='word_1_667' title='bbox 747 1200 771 1224; x_wconf 85' lang='lat'>18</span> <span class='ocrx_word' id='word_1_668' title='bbox 798 1195 924 1221; x_wconf 87' lang='lat' dir='ltr'>Heraclea</span> <span class='ocrx_word' id='word_1_669' title='bbox 937 1202 1017 1221; x_wconf 77' lang='lat' dir='ltr'>autem</span> <span class='ocrx_word' id='word_1_670' title='bbox 1031 1196 1090 1222; x_wconf 85' lang='lat' dir='ltr'>vasa</span> <span class='ocrx_word' id='word_1_671' title='bbox 1102 1195 1132 1222; x_wconf 85' lang='lat' dir='ltr'>ab</span> <span class='ocrx_word' id='word_1_672' title='bbox 1146 1194 1261 1221; x_wconf 84' lang='lat' dir='ltr'>Hercule</span> <span class='ocrx_word' id='word_1_673' title='bbox 1275 1202 1315 1219; x_wconf 82' lang='lat' dir='ltr'>no·</span> <span class='ocrx_word' id='word_1_674' title='bbox 1414 1201 1434 1222; x_wconf 84' lang='grc' dir='ltr'>Η</span> <span class='ocrx_word' id='word_1_675' title='bbox 1444 1203 1461 1222; x_wconf 83' lang='lat' dir='ltr'>E</span> <span class='ocrx_word' id='word_1_676' title='bbox 1471 1202 1488 1222; x_wconf 88' lang='lat' dir='ltr'>R</span> <span class='ocrx_word' id='word_1_677' title='bbox 1498 1202 1544 1222; x_wconf 84' lang='lat' dir='ltr'>BA</span> <span class='ocrx_word' id='word_1_678' title='bbox 1555 1202 1576 1222; x_wconf 82' lang='grc' dir='ltr'>Τ</span> <span class='ocrx_word' id='word_1_679' title='bbox 1588 1203 1598 1221; x_wconf 85' lang='grc'>1</span> <span class='ocrx_word' id='word_1_680' title='bbox 1607 1202 1623 1222; x_wconf 86' lang='lat' dir='ltr'>c</span> <span class='ocrx_word' id='word_1_681' title='bbox 1635 1202 1652 1221; x_wconf 92' lang='lat' dir='ltr'>v</span> <span class='ocrx_word' id='word_1_682' title='bbox 1665 1202 1678 1222; x_wconf 85' lang='lat' dir='ltr'><strong>s</strong></span> <span class='ocrx_word' id='word_1_683' title='bbox 1688 1215 1697 1228; x_wconf 81' lang='lat'>‚</span> <span class='ocrx_word' id='word_1_684' title='bbox 1715 1204 1743 1227; x_wconf 76' lang='lat' dir='ltr'>a,</span> <span class='ocrx_word' id='word_1_685' title='bbox 1762 1205 1815 1222; x_wconf 78' lang='lat' dir='ltr'>um,</span> <span class='ocrx_word' id='word_1_686' title='bbox 1855 1196 1915 1222; x_wconf 75' lang='lat' dir='ltr'>Adi,</span> <span class='ocrx_word' id='word_1_687' title='bbox 1958 1195 2102 1222; x_wconf 68' lang='lat' dir='ltr'>Herbatica</span> <span class='ocrx_word' id='word_1_688' title='bbox 2116 1194 2257 1227; x_wconf 66' lang='lat' dir='ltr'>animalia,</span> <span class='ocrx_word' id='word_1_689' title='bbox 2285 1195 2354 1228; x_wconf 69' lang='lat' dir='ltr'>Qae</span> <span class='ocrx_word' id='word_1_690' title='bbox 2370 1194 2427 1221; x_wconf 62' lang='lat' dir='ltr'>lma.</span> 
     </span>
    </p>
   </div>
   <div class='ocr_carea' id='block_1_7' title="bbox 264 1227 2461 1302">
    <p class='ocr_par' dir='ltr' id='par_1_9' title="bbox 264 1227 2461 1302">
     <span class='ocr_line' id='line_1_41' title="bbox 265 1227 2461 1269; baseline -0.001 -13"><span class='ocrx_word' id='word_1_691' title='bbox 265 1240 318 1256; x_wconf 81' lang='lat' dir='ltr'>men</span> <span class='ocrx_word' id='word_1_692' title='bbox 332 1231 481 1262; x_wconf 71' lang='lat' dir='ltr'>habuerunt,</span> <span class='ocrx_word' id='word_1_693' title='bbox 496 1229 619 1265; x_wconf 76' lang='lat' dir='ltr'>fuereque</span> <span class='ocrx_word' id='word_1_694' title='bbox 630 1239 720 1266; x_wconf 76' lang='lat' dir='ltr'>magna</span> <span class='ocrx_word' id='word_1_695' title='bbox 733 1236 756 1255; x_wconf 84' lang='lat' dir='ltr'>et</span> <span class='ocrx_word' id='word_1_696' title='bbox 771 1233 890 1265; x_wconf 77' lang='lat' dir='ltr'>capacia,</span> <span class='ocrx_word' id='word_1_697' title='bbox 911 1234 955 1266; x_wconf 85' lang='lat' dir='ltr'>qui</span> <span class='ocrx_word' id='word_1_698' title='bbox 969 1234 1037 1257; x_wconf 76' lang='lat' dir='ltr'>tanti</span> <span class='ocrx_word' id='word_1_699' title='bbox 1050 1231 1132 1258; x_wconf 81' lang='lat' dir='ltr'>herois</span> <span class='ocrx_word' id='word_1_700' title='bbox 1142 1230 1210 1263; x_wconf 77' lang='lat' dir='ltr'>filim</span> <span class='ocrx_word' id='word_1_701' title='bbox 1223 1227 1315 1261; x_wconf 77' lang='lat' dir='ltr'>exstln-</span> <span class='ocrx_word' id='word_1_702' title='bbox 1376 1231 1414 1257; x_wconf 79' lang='lat' dir='ltr'>bis</span> <span class='ocrx_word' id='word_1_703' title='bbox 1425 1232 1561 1267; x_wconf 71' lang='lat' dir='ltr'>pascuntur</span> <span class='ocrx_word' id='word_1_704' title='bbox 1574 1231 1657 1258; x_wconf 75' lang='lat' dir='ltr'>Solin,</span> <span class='ocrx_word' id='word_1_705' title='bbox 1669 1241 1690 1258; x_wconf 68' lang='lat' dir='ltr'>e,</span> <span class='ocrx_word' id='word_1_706' title='bbox 1699 1240 1744 1265; x_wconf 78' lang='lat'>40,</span> <span class='ocrx_word' id='word_1_707' title='bbox 1781 1231 1886 1266; x_wconf 72' lang='lat' dir='ltr'>Vopisc,</span> <span class='ocrx_word' id='word_1_708' title='bbox 1900 1232 1930 1258; x_wconf 79' lang='lat' dir='ltr'>in</span> <span class='ocrx_word' id='word_1_709' title='bbox 1943 1231 2021 1258; x_wconf 77' lang='lat' dir='ltr'>Proh,</span> <span class='ocrx_word' id='word_1_710' title='bbox 2030 1239 2066 1264; x_wconf 87' lang='lat'>19.</span> <span class='ocrx_word' id='word_1_711' title='bbox 2104 1231 2183 1257; x_wconf 73' lang='lat' dir='ltr'>Gloss‘.</span> <span class='ocrx_word' id='word_1_712' title='bbox 2196 1231 2256 1257; x_wconf 83' lang='lat' dir='ltr'>Vet.</span> <span class='ocrx_word' id='word_1_713' title='bbox 2265 1229 2435 1269; x_wconf 39' lang='lat' dir='ltr'>Herbaticus‘</span> <span class='ocrx_word' id='word_1_714' title='bbox 2452 1242 2461 1255; x_wconf 72' lang='grc'>-,</span> 
     </span>
     <span class='ocr_line' id='line_1_42' title="bbox 264 1264 1509 1302; baseline 0.002 -11"><span class='ocrx_word' id='word_1_715' title='bbox 264 1275 337 1302; x_wconf 79' lang='lat' dir='ltr'>guere</span> <span class='ocrx_word' id='word_1_716' title='bbox 351 1273 374 1292; x_wconf 85' lang='lat' dir='ltr'>et</span> <span class='ocrx_word' id='word_1_717' title='bbox 380 1266 478 1300; x_wconf 68' lang='lat' dir='ltr'>Jiztiare</span> <span class='ocrx_word' id='word_1_718' title='bbox 487 1264 591 1300; x_wconf 74' lang='lat' dir='ltr'>pofflnt.</span> <span class='ocrx_word' id='word_1_719' title='bbox 650 1268 716 1292; x_wconf 77' lang='lat' dir='ltr'>Nam</span> <span class='ocrx_word' id='word_1_720' title='bbox 733 1266 850 1292; x_wconf 79' lang='lat' dir='ltr'>Hercules</span> <span class='ocrx_word' id='word_1_721' title='bbox 861 1269 888 1292; x_wconf 83' lang='lat' dir='ltr'>in</span> <span class='ocrx_word' id='word_1_722' title='bbox 902 1266 1034 1302; x_wconf 81' lang='lat' dir='ltr'>potoribus</span> <span class='ocrx_word' id='word_1_723' title='bbox 1048 1267 1223 1293; x_wconf 77' lang='lat' dir='ltr'>numerabatur</span> <span class='ocrx_word' id='word_1_724' title='bbox 1236 1266 1315 1290; x_wconf 71' lang='lat' dir='ltr'>moxi-</span> <span class='ocrx_word' id='word_1_725' title='bbox 1331 1272 1363 1297; x_wconf 91' lang='lat'>30</span> <span class='ocrx_word' id='word_1_726' title='bbox 1379 1265 1509 1293; x_wconf 61' lang='lat' dir='ltr'>commis.</span> 
     </span>
    </p>
   </div>
   <div class='ocr_carea' id='block_1_8' title="bbox 258 1299 2479 1761">
    <p class='ocr_par' dir='ltr' id='par_1_10' title="bbox 263 1299 2426 1336">
     <span class='ocr_line' id='line_1_43' title="bbox 263 1299 2426 1336; baseline -0.002 -9"><span class='ocrx_word' id='word_1_727' title='bbox 263 1304 320 1327; x_wconf 80' lang='lat' dir='ltr'>mis.</span> <span class='ocrx_word' id='word_1_728' title='bbox 364 1303 452 1327; x_wconf 68' lang='lat' dir='ltr'>horum</span> <span class='ocrx_word' id='word_1_729' title='bbox 461 1303 604 1336; x_wconf 82' lang='lat' dir='ltr'>poculorum</span> <span class='ocrx_word' id='word_1_730' title='bbox 617 1304 691 1327; x_wconf 79' lang='lat' dir='ltr'>etiam</span> <span class='ocrx_word' id='word_1_731' title='bbox 704 1301 771 1335; x_wconf 79' lang='lat' dir='ltr'>opud</span> <span class='ocrx_word' id='word_1_732' title='bbox 781 1301 933 1328; x_wconf 73' lang='lat' dir='ltr'>Athenaeum</span> <span class='ocrx_word' id='word_1_733' title='bbox 947 1306 1036 1328; x_wconf 79' lang='lat' dir='ltr'>mentio</span> <span class='ocrx_word' id='word_1_734' title='bbox 1050 1301 1092 1335; x_wconf 77' lang='lat' dir='ltr'>cst.</span> <span class='ocrx_word' id='word_1_735' title='bbox 1166 1300 1315 1327; x_wconf 82' lang='lat' dir='ltr'>Thericlea</span> <span class='ocrx_word' id='word_1_736' title='bbox 1413 1309 1433 1328; x_wconf 84' lang='lat' dir='ltr'>H</span> <span class='ocrx_word' id='word_1_737' title='bbox 1443 1310 1459 1329; x_wconf 88' lang='grc' dir='ltr'>Ε</span> <span class='ocrx_word' id='word_1_738' title='bbox 1469 1310 1488 1329; x_wconf 83' lang='lat' dir='ltr'>R</span> <span class='ocrx_word' id='word_1_739' title='bbox 1497 1309 1537 1330; x_wconf 81' lang='grc' dir='ltr'>ΒΕ</span> <span class='ocrx_word' id='word_1_740' title='bbox 1547 1310 1567 1328; x_wconf 82' lang='grc' dir='ltr'><strong><em>ν</em></strong></span> <span class='ocrx_word' id='word_1_741' title='bbox 1576 1308 1606 1335; x_wconf 87' lang='lat' dir='ltr'>s,</span> <span class='ocrx_word' id='word_1_742' title='bbox 1626 1311 1657 1335; x_wconf 88' lang='lat' dir='ltr'>a,</span> <span class='ocrx_word' id='word_1_743' title='bbox 1675 1311 1730 1329; x_wconf 86' lang='lat' dir='ltr'>um.</span> <span class='ocrx_word' id='word_1_744' title='bbox 1764 1302 1847 1329; x_wconf 78' lang='lat' dir='ltr'>Aliud</span> <span class='ocrx_word' id='word_1_745' title='bbox 1860 1301 1920 1328; x_wconf 80' lang='lat' dir='ltr'>Adi.</span> <span class='ocrx_word' id='word_1_746' title='bbox 1958 1299 2144 1335; x_wconf 70' lang='grc' dir='ltr'>[βατανοειὸἡς]</span> <span class='ocrx_word' id='word_1_747' title='bbox 2179 1300 2253 1336; x_wconf 71' lang='lat' dir='ltr'>Quod</span> <span class='ocrx_word' id='word_1_748' title='bbox 2264 1300 2350 1328; x_wconf 70' lang='lat' dir='ltr'>herbae</span> <span class='ocrx_word' id='word_1_749' title='bbox 2362 1301 2426 1327; x_wconf 59' lang='grc' dir='ltr'><em>ροισ-</em></span> 
     </span>
    </p>

    <p class='ocr_par' dir='ltr' id='par_1_11' title="bbox 258 1335 2443 1409">
     <span class='ocr_line' id='line_1_44' title="bbox 258 1335 2443 1373; baseline 0 -10"><span class='ocrx_word' id='word_1_750' title='bbox 258 1336 378 1372; x_wconf 72' lang='lat' dir='ltr'>prolmuit</span> <span class='ocrx_word' id='word_1_751' title='bbox 391 1342 472 1362; x_wconf 67' lang='lat' dir='ltr'>tomen</span> <span class='ocrx_word' id='word_1_752' title='bbox 480 1335 536 1371; x_wconf 77' lang='lat' dir='ltr'>post</span> <span class='ocrx_word' id='word_1_753' title='bbox 549 1337 613 1362; x_wconf 80' lang='lat' dir='ltr'>alios</span> <span class='ocrx_word' id='word_1_754' title='bbox 628 1338 757 1363; x_wconf 83' lang='lat' dir='ltr'>Graeuius.</span> <span class='ocrx_word' id='word_1_755' title='bbox 799 1337 857 1363; x_wconf 83' lang='lat' dir='ltr'>Vid.</span> <span class='ocrx_word' id='word_1_756' title='bbox 865 1337 914 1373; x_wconf 86' lang='lat' dir='ltr'>sub</span> <span class='ocrx_word' id='word_1_757' title='bbox 930 1343 951 1363; x_wconf 87' lang='grc' dir='ltr'>Τ</span> <span class='ocrx_word' id='word_1_758' title='bbox 963 1345 984 1364; x_wconf 91' lang='grc' dir='ltr'>Η</span> <span class='ocrx_word' id='word_1_759' title='bbox 994 1344 1011 1364; x_wconf 86' lang='grc' dir='ltr'>Ε</span> <span class='ocrx_word' id='word_1_760' title='bbox 1020 1344 1038 1364; x_wconf 93' lang='lat' dir='ltr'>R</span> <span class='ocrx_word' id='word_1_761' title='bbox 1048 1346 1057 1364; x_wconf 94' lang='lat'>1</span> <span class='ocrx_word' id='word_1_762' title='bbox 1068 1343 1085 1364; x_wconf 82' lang='lat' dir='ltr'>c</span> <span class='ocrx_word' id='word_1_763' title='bbox 1099 1344 1114 1363; x_wconf 88' lang='lat' dir='ltr'>L</span> <span class='ocrx_word' id='word_1_764' title='bbox 1124 1344 1141 1364; x_wconf 88' lang='grc' dir='ltr'><strong><em>Ε</em></strong></span> <span class='ocrx_word' id='word_1_765' title='bbox 1150 1343 1173 1364; x_wconf 86' lang='lat' dir='ltr'>S.</span> <span class='ocrx_word' id='word_1_766' title='bbox 1375 1347 1426 1364; x_wconf 82' lang='lat' dir='ltr'>rem</span> <span class='ocrx_word' id='word_1_767' title='bbox 1438 1338 1518 1365; x_wconf 80' lang='lat' dir='ltr'>habet.</span> <span class='ocrx_word' id='word_1_768' title='bbox 1554 1338 1636 1364; x_wconf 87' lang='lat' dir='ltr'>Plaut.</span> <span class='ocrx_word' id='word_1_769' title='bbox 1651 1339 1729 1364; x_wconf 90' lang='lat' dir='ltr'>Curc.</span> <span class='ocrx_word' id='word_1_770' title='bbox 1744 1346 1766 1369; x_wconf 87' lang='lat'>2,</span> <span class='ocrx_word' id='word_1_771' title='bbox 1782 1347 1800 1370; x_wconf 84' lang='lat'>1,</span> <span class='ocrx_word' id='word_1_772' title='bbox 1817 1347 1841 1370; x_wconf 80' lang='lat'>17</span> <span class='ocrx_word' id='word_1_773' title='bbox 1870 1336 1943 1371; x_wconf 85' lang='lat' dir='ltr'>Qid</span> <span class='ocrx_word' id='word_1_774' title='bbox 1957 1337 2000 1364; x_wconf 89' lang='lat' dir='ltr'>hic</span> <span class='ocrx_word' id='word_1_775' title='bbox 2012 1337 2048 1364; x_wconf 88' lang='lat' dir='ltr'>est</span> <span class='ocrx_word' id='word_1_776' title='bbox 2061 1337 2145 1364; x_wconf 89' lang='lat' dir='ltr'>homo</span> <span class='ocrx_word' id='word_1_777' title='bbox 2157 1337 2353 1364; x_wconf 86' lang='lat' dir='ltr'>cumcollatiuo</span> <span class='ocrx_word' id='word_1_778' title='bbox 2363 1345 2443 1363; x_wconf 60' lang='grc' dir='ltr'><strong><em>νειμ,</em></strong></span> 
     </span>
     <span class='ocr_line' id='line_1_45' title="bbox 301 1368 1782 1409; baseline 0 -12"><span class='ocrx_word' id='word_1_779' title='bbox 301 1378 321 1397; x_wconf 87' lang='grc' dir='ltr'>Η</span> <span class='ocrx_word' id='word_1_780' title='bbox 331 1379 347 1398; x_wconf 89' lang='grc' dir='ltr'>Ε</span> <span class='ocrx_word' id='word_1_781' title='bbox 358 1378 374 1397; x_wconf 88' lang='lat' dir='ltr'>R</span> <span class='ocrx_word' id='word_1_782' title='bbox 386 1379 407 1398; x_wconf 79' lang='lat' dir='ltr'>A</span> <span class='ocrx_word' id='word_1_783' title='bbox 418 1379 434 1398; x_wconf 82' lang='lat' dir='ltr'>c</span> <span class='ocrx_word' id='word_1_784' title='bbox 445 1378 459 1396; x_wconf 90' lang='lat' dir='ltr'>L</span> <span class='ocrx_word' id='word_1_785' title='bbox 471 1374 486 1397; x_wconf 79' lang='grc' dir='ltr'>Ε</span> <span class='ocrx_word' id='word_1_786' title='bbox 497 1379 518 1398; x_wconf 84' lang='lat' dir='ltr'>A</span> <span class='ocrx_word' id='word_1_787' title='bbox 527 1391 536 1403; x_wconf 87' lang='lat'>,</span> <span class='ocrx_word' id='word_1_788' title='bbox 557 1380 597 1398; x_wconf 85' lang='lat' dir='ltr'>ae.</span> <span class='ocrx_word' id='word_1_789' title='bbox 614 1372 635 1398; x_wconf 89' lang='lat' dir='ltr'>f.</span> <span class='ocrx_word' id='word_1_790' title='bbox 677 1372 779 1398; x_wconf 85' lang='lat' dir='ltr'>Vrbium</span> <span class='ocrx_word' id='word_1_791' title='bbox 790 1374 885 1408; x_wconf 75' lang='lat' dir='ltr'>aliquot</span> <span class='ocrx_word' id='word_1_792' title='bbox 897 1382 997 1408; x_wconf 74' lang='lat' dir='ltr'>nomen,</span> <span class='ocrx_word' id='word_1_793' title='bbox 1017 1383 1077 1408; x_wconf 76' lang='lat' dir='ltr'>quac</span> <span class='ocrx_word' id='word_1_794' title='bbox 1090 1372 1124 1398; x_wconf 77' lang='lat' dir='ltr'>od</span> <span class='ocrx_word' id='word_1_795' title='bbox 1137 1371 1266 1398; x_wconf 83' lang='lat' dir='ltr'>Herculem</span> <span class='ocrx_word' id='word_1_796' title='bbox 1271 1368 1312 1403; x_wconf 80' lang='lat' dir='ltr'>fic</span> <span class='ocrx_word' id='word_1_797' title='bbox 1375 1378 1431 1400; x_wconf 67' lang='lat' dir='ltr'>tre:</span> <span class='ocrx_word' id='word_1_798' title='bbox 1466 1380 1544 1409; x_wconf 74' lang='lat' dir='ltr'>atque</span> <span class='ocrx_word' id='word_1_799' title='bbox 1558 1374 1642 1400; x_wconf 73' lang='lat' dir='ltr'>oculis</span> <span class='ocrx_word' id='word_1_800' title='bbox 1659 1373 1782 1400; x_wconf 77' lang='lat' dir='ltr'>herbeis3</span> 
     </span>
    </p>

    <p class='ocr_par' dir='ltr' id='par_1_12' title="bbox 263 1404 2426 1443">
     <span class='ocr_line' id='line_1_46' title="bbox 263 1404 2426 1443; baseline -0 -9"><span class='ocrx_word' id='word_1_801' title='bbox 263 1407 390 1443; x_wconf 63' lang='lat' dir='ltr'>referrent</span> <span class='ocrx_word' id='word_1_802' title='bbox 402 1410 511 1443; x_wconf 66' lang='lat' dir='ltr'>origines</span> <span class='ocrx_word' id='word_1_803' title='bbox 518 1407 589 1443; x_wconf 58' lang='lat' dir='ltr'>ficas.</span> <span class='ocrx_word' id='word_1_804' title='bbox 649 1408 749 1434; x_wconf 76' lang='lat' dir='ltr'>Nobilis</span> <span class='ocrx_word' id='word_1_805' title='bbox 763 1414 866 1443; x_wconf 73' lang='lat' dir='ltr'>praeter</span> <span class='ocrx_word' id='word_1_806' title='bbox 884 1415 994 1435; x_wconf 76' lang='lat' dir='ltr'>caeteras</span> <span class='ocrx_word' id='word_1_807' title='bbox 1012 1410 1147 1443; x_wconf 48' lang='lat' dir='ltr'>Bithyniae</span> <span class='ocrx_word' id='word_1_808' title='bbox 1166 1407 1242 1439; x_wconf 78' lang='lat' dir='ltr'>urbs,</span> <span class='ocrx_word' id='word_1_809' title='bbox 1264 1407 1314 1432; x_wconf 87' lang='lat' dir='ltr'>cla·</span> <span class='ocrx_word' id='word_1_810' title='bbox 1413 1415 1433 1435; x_wconf 90' lang='lat' dir='ltr'>H</span> <span class='ocrx_word' id='word_1_811' title='bbox 1443 1416 1489 1436; x_wconf 84' lang='lat' dir='ltr'>ER</span> <span class='ocrx_word' id='word_1_812' title='bbox 1499 1416 1514 1437; x_wconf 91' lang='grc' dir='ltr'>Β</span> <span class='ocrx_word' id='word_1_813' title='bbox 1525 1407 1536 1435; x_wconf 76' lang='grc' dir='ltr'><em>ἴ</em></span> <span class='ocrx_word' id='word_1_814' title='bbox 1544 1415 1562 1435; x_wconf 90' lang='lat' dir='ltr'>D</span> <span class='ocrx_word' id='word_1_815' title='bbox 1573 1417 1615 1436; x_wconf 88' lang='lat' dir='ltr'>VS</span> <span class='ocrx_word' id='word_1_816' title='bbox 1627 1429 1635 1441; x_wconf 86' lang='lat'>,</span> <span class='ocrx_word' id='word_1_817' title='bbox 1654 1418 1685 1440; x_wconf 87' lang='lat' dir='ltr'>a,</span> <span class='ocrx_word' id='word_1_818' title='bbox 1705 1418 1758 1434; x_wconf 90' lang='lat' dir='ltr'>um.</span> <span class='ocrx_word' id='word_1_819' title='bbox 1795 1407 1877 1434; x_wconf 82' lang='lat' dir='ltr'>Aliud</span> <span class='ocrx_word' id='word_1_820' title='bbox 1894 1407 1954 1434; x_wconf 81' lang='lat' dir='ltr'>Adi.</span> <span class='ocrx_word' id='word_1_821' title='bbox 1991 1405 2162 1442; x_wconf 68' lang='grc' dir='ltr'><strong><em>[βοτανῶδης]</em></strong></span> <span class='ocrx_word' id='word_1_822' title='bbox 2202 1407 2381 1443; x_wconf 65' lang='lat' dir='ltr'>Quodplenum</span> <span class='ocrx_word' id='word_1_823' title='bbox 2391 1404 2426 1440; x_wconf 75' lang='lat' dir='ltr'>est</span> 
     </span>
    </p>

    <p class='ocr_par' dir='ltr' id='par_1_13' title="bbox 264 1441 2479 1478">
     <span class='ocr_line' id='line_1_47' title="bbox 264 1441 2479 1478; baseline 0.001 -10"><span class='ocrx_word' id='word_1_824' title='bbox 264 1442 358 1477; x_wconf 74' lang='lat' dir='ltr'>riffima</span> <span class='ocrx_word' id='word_1_825' title='bbox 371 1443 397 1468; x_wconf 74' lang='lat' dir='ltr'>ob</span> <span class='ocrx_word' id='word_1_826' title='bbox 411 1446 578 1469; x_wconf 75' lang='lat' dir='ltr'>celeberrimas</span> <span class='ocrx_word' id='word_1_827' title='bbox 592 1451 653 1478; x_wconf 75' lang='lat' dir='ltr'>quar</span> <span class='ocrx_word' id='word_1_828' title='bbox 667 1442 744 1476; x_wconf 72' lang='lat' dir='ltr'>confit</span> <span class='ocrx_word' id='word_1_829' title='bbox 755 1445 873 1470; x_wconf 77' lang='lat' dir='ltr'>colonias.</span> <span class='ocrx_word' id='word_1_830' title='bbox 931 1444 1047 1470; x_wconf 86' lang='lat' dir='ltr'>Iustinus</span> <span class='ocrx_word' id='word_1_831' title='bbox 1064 1447 1102 1475; x_wconf 88' lang='lat'>16,</span> <span class='ocrx_word' id='word_1_832' title='bbox 1116 1453 1129 1476; x_wconf 80' lang='lat'>3</span> <span class='ocrx_word' id='word_1_833' title='bbox 1156 1442 1313 1470; x_wconf 81' lang='lat' dir='ltr'>Heracleam</span> <span class='ocrx_word' id='word_1_834' title='bbox 1329 1448 1358 1475; x_wconf 85' lang='lat'>35</span> <span class='ocrx_word' id='word_1_835' title='bbox 1375 1444 1466 1472; x_wconf 79' lang='lat' dir='ltr'>herbis.</span> <span class='ocrx_word' id='word_1_836' title='bbox 1518 1444 1586 1470; x_wconf 89' lang='lat' dir='ltr'>Plin.</span> <span class='ocrx_word' id='word_1_837' title='bbox 1601 1444 1678 1478; x_wconf 85' lang='lat' dir='ltr'>Epist.</span> <span class='ocrx_word' id='word_1_838' title='bbox 1695 1451 1736 1478; x_wconf 80' lang='lat'>173</span> <span class='ocrx_word' id='word_1_839' title='bbox 1761 1443 1844 1469; x_wconf 84' lang='lat' dir='ltr'>Nulla</span> <span class='ocrx_word' id='word_1_840' title='bbox 1857 1443 1886 1468; x_wconf 92' lang='lat' dir='ltr'>in</span> <span class='ocrx_word' id='word_1_841' title='bbox 1900 1442 1950 1469; x_wconf 93' lang='lat' dir='ltr'>hoc</span> <span class='ocrx_word' id='word_1_842' title='bbox 1963 1444 2040 1469; x_wconf 82' lang='lat' dir='ltr'>nauis</span> <span class='ocrx_word' id='word_1_843' title='bbox 2065 1444 2155 1475; x_wconf 87' lang='lat' dir='ltr'>(sacer</span> <span class='ocrx_word' id='word_1_844' title='bbox 2167 1445 2239 1470; x_wconf 83' lang='lat' dir='ltr'>enim</span> <span class='ocrx_word' id='word_1_845' title='bbox 2256 1444 2309 1476; x_wconf 86' lang='lat' dir='ltr'>est)</span> <span class='ocrx_word' id='word_1_846' title='bbox 2329 1444 2372 1470; x_wconf 76' lang='lat' dir='ltr'>sed</span> <span class='ocrx_word' id='word_1_847' title='bbox 2386 1443 2432 1471; x_wconf 60' lang='lat' dir='ltr'>in·&gt;</span> <span class='ocrx_word' id='word_1_848' title='bbox 2478 1441 2479 1448; x_wconf 55' lang='lat'>¹</span> 
     </span>
    </p>

    <p class='ocr_par' dir='ltr' id='par_1_14' title="bbox 263 1477 2426 1511">
     <span class='ocr_line' id='line_1_48' title="bbox 263 1477 2426 1511; baseline 0 -6"><span class='ocrx_word' id='word_1_849' title='bbox 263 1487 277 1505; x_wconf 82' lang='lat' dir='ltr'>a</span> <span class='ocrx_word' id='word_1_850' title='bbox 293 1478 411 1505; x_wconf 83' lang='lat' dir='ltr'>Boeotiis</span> <span class='ocrx_word' id='word_1_851' title='bbox 425 1479 522 1505; x_wconf 86' lang='lat' dir='ltr'>iterum</span> <span class='ocrx_word' id='word_1_852' title='bbox 537 1479 646 1505; x_wconf 79' lang='lat' dir='ltr'>oraculo</span> <span class='ocrx_word' id='word_1_853' title='bbox 668 1479 793 1509; x_wconf 85' lang='lat' dir='ltr'>monitis,</span> <span class='ocrx_word' id='word_1_854' title='bbox 821 1479 850 1505; x_wconf 92' lang='lat' dir='ltr'>in</span> <span class='ocrx_word' id='word_1_855' title='bbox 873 1479 997 1505; x_wconf 81' lang='lat' dir='ltr'>Herculis</span> <span class='ocrx_word' id='word_1_856' title='bbox 1022 1479 1155 1506; x_wconf 89' lang='lat' dir='ltr'>honorem</span> <span class='ocrx_word' id='word_1_857' title='bbox 1176 1477 1313 1505; x_wconf 87' lang='lat' dir='ltr'>conditam</span> <span class='ocrx_word' id='word_1_858' title='bbox 1372 1486 1462 1507; x_wconf 81' lang='lat' dir='ltr'>natant</span> <span class='ocrx_word' id='word_1_859' title='bbox 1475 1480 1576 1506; x_wconf 88' lang='lat' dir='ltr'>insulae</span> <span class='ocrx_word' id='word_1_860' title='bbox 1588 1479 1731 1511; x_wconf 87' lang='lat' dir='ltr'>herbidae,</span> <span class='ocrx_word' id='word_1_861' title='bbox 1759 1486 1851 1504; x_wconf 83' lang='lat' dir='ltr'>onmes</span> <span class='ocrx_word' id='word_1_862' title='bbox 1873 1478 2004 1504; x_wconf 81' lang='lat' dir='ltr'>arundine</span> <span class='ocrx_word' id='word_1_863' title='bbox 2022 1485 2048 1505; x_wconf 89' lang='lat' dir='ltr'>et</span> <span class='ocrx_word' id='word_1_864' title='bbox 2065 1479 2158 1504; x_wconf 68' lang='lat' dir='ltr'>iuncto</span> <span class='ocrx_word' id='word_1_865' title='bbox 2171 1479 2265 1506; x_wconf 64' lang='lat' dir='ltr'>tectae.</span> <span class='ocrx_word' id='word_1_866' title='bbox 2343 1479 2426 1506; x_wconf 88' lang='lat' dir='ltr'>Color</span> 
     </span>
    </p>

    <p class='ocr_par' dir='ltr' id='par_1_15' title="bbox 264 1512 2426 1586">
     <span class='ocr_line' id='line_1_49' title="bbox 264 1512 2426 1551; baseline 0 -11"><span class='ocrx_word' id='word_1_867' title='bbox 264 1514 328 1544; x_wconf 75' lang='lat' dir='ltr'>ess‘e,</span> <span class='ocrx_word' id='word_1_868' title='bbox 347 1517 394 1540; x_wconf 81' lang='lat' dir='ltr'>ait.</span> <span class='ocrx_word' id='word_1_869' title='bbox 467 1514 508 1540; x_wconf 83' lang='lat' dir='ltr'>Est</span> <span class='ocrx_word' id='word_1_870' title='bbox 523 1521 546 1540; x_wconf 84' lang='lat' dir='ltr'>et</span> <span class='ocrx_word' id='word_1_871' title='bbox 559 1514 686 1541; x_wconf 85' lang='lat' dir='ltr'>Heraclea</span> <span class='ocrx_word' id='word_1_872' title='bbox 699 1515 727 1540; x_wconf 90' lang='lat' dir='ltr'>in</span> <span class='ocrx_word' id='word_1_873' title='bbox 739 1515 816 1541; x_wconf 84' lang='lat' dir='ltr'>ltalia</span> <span class='ocrx_word' id='word_1_874' title='bbox 829 1515 861 1541; x_wconf 87' lang='lat' dir='ltr'>ad</span> <span class='ocrx_word' id='word_1_875' title='bbox 875 1516 1038 1547; x_wconf 82' lang='lat' dir='ltr'>Crotonem,</span> <span class='ocrx_word' id='word_1_876' title='bbox 1062 1516 1091 1541; x_wconf 70' lang='lat' dir='ltr'>de</span> <span class='ocrx_word' id='word_1_877' title='bbox 1103 1525 1153 1551; x_wconf 79' lang='lat' dir='ltr'>qua</span> <span class='ocrx_word' id='word_1_878' title='bbox 1168 1514 1236 1541; x_wconf 88' lang='lat' dir='ltr'>Mela</span> <span class='ocrx_word' id='word_1_879' title='bbox 1249 1522 1274 1545; x_wconf 83' lang='lat'>2,</span> <span class='ocrx_word' id='word_1_880' title='bbox 1286 1522 1314 1546; x_wconf 82' lang='lat'>4.</span> <span class='ocrx_word' id='word_1_881' title='bbox 1376 1516 1442 1543; x_wconf 87' lang='lat' dir='ltr'>Plin.</span> <span class='ocrx_word' id='word_1_882' title='bbox 1458 1524 1483 1542; x_wconf 84' lang='lat'>12</span> <span class='ocrx_word' id='word_1_883' title='bbox 1493 1535 1501 1548; x_wconf 91' lang='lat'>,</span> <span class='ocrx_word' id='word_1_884' title='bbox 1521 1524 1560 1548; x_wconf 88' lang='lat'>14.</span> <span class='ocrx_word' id='word_1_885' title='bbox 1654 1514 1749 1548; x_wconf 87' lang='lat' dir='ltr'>Epirus</span> <span class='ocrx_word' id='word_1_886' title='bbox 1762 1512 1875 1539; x_wconf 86' lang='lat' dir='ltr'>herbida</span> <span class='ocrx_word' id='word_1_887' title='bbox 1913 1513 1995 1539; x_wconf 86' lang='lat' dir='ltr'>Ouid.</span> <span class='ocrx_word' id='word_1_888' title='bbox 2016 1514 2080 1539; x_wconf 83' lang='lat' dir='ltr'>Met.</span> <span class='ocrx_word' id='word_1_889' title='bbox 2104 1519 2133 1545; x_wconf 84' lang='lat'>8,</span> <span class='ocrx_word' id='word_1_890' title='bbox 2154 1520 2209 1544; x_wconf 70' lang='lat'>282.</span> <span class='ocrx_word' id='word_1_891' title='bbox 2276 1515 2360 1542; x_wconf 83' lang='lat' dir='ltr'>Locus</span> <span class='ocrx_word' id='word_1_892' title='bbox 2385 1515 2426 1541; x_wconf 78' lang='lat' dir='ltr'>ve!</span> 
     </span>
     <span class='ocr_line' id='line_1_50' title="bbox 302 1549 2423 1586; baseline 0 -10"><span class='ocrx_word' id='word_1_893' title='bbox 302 1556 322 1575; x_wconf 90' lang='lat' dir='ltr'>H</span> <span class='ocrx_word' id='word_1_894' title='bbox 332 1556 347 1576; x_wconf 91' lang='grc' dir='ltr'>Ε</span> <span class='ocrx_word' id='word_1_895' title='bbox 360 1556 378 1575; x_wconf 89' lang='lat' dir='ltr'>R</span> <span class='ocrx_word' id='word_1_896' title='bbox 388 1556 410 1576; x_wconf 89' lang='lat' dir='ltr'>A</span> <span class='ocrx_word' id='word_1_897' title='bbox 421 1555 437 1575; x_wconf 89' lang='lat' dir='ltr'>C</span> <span class='ocrx_word' id='word_1_898' title='bbox 450 1557 466 1576; x_wconf 90' lang='lat' dir='ltr'>L</span> <span class='ocrx_word' id='word_1_899' title='bbox 475 1557 485 1576; x_wconf 83' lang='lat'>1</span> <span class='ocrx_word' id='word_1_900' title='bbox 495 1557 511 1576; x_wconf 84' lang='lat' dir='ltr'><em>E</em></span> <span class='ocrx_word' id='word_1_901' title='bbox 520 1557 541 1576; x_wconf 83' lang='lat' dir='ltr'>N</span> <span class='ocrx_word' id='word_1_902' title='bbox 551 1557 564 1576; x_wconf 90' lang='lat' dir='ltr'>s</span> <span class='ocrx_word' id='word_1_903' title='bbox 574 1558 582 1576; x_wconf 90' lang='lat'><em>1</em></span> <span class='ocrx_word' id='word_1_904' title='bbox 592 1557 605 1577; x_wconf 87' lang='lat' dir='ltr'>s</span> <span class='ocrx_word' id='word_1_905' title='bbox 616 1570 625 1582; x_wconf 92' lang='lat'>,</span> <span class='ocrx_word' id='word_1_906' title='bbox 645 1560 668 1577; x_wconf 87' lang='lat' dir='ltr'>e.</span> <span class='ocrx_word' id='word_1_907' title='bbox 705 1549 765 1576; x_wconf 83' lang='lat' dir='ltr'>Adi.</span> <span class='ocrx_word' id='word_1_908' title='bbox 839 1551 895 1577; x_wconf 87' lang='lat' dir='ltr'>Cic.</span> <span class='ocrx_word' id='word_1_909' title='bbox 909 1560 959 1586; x_wconf 89' lang='lat' dir='ltr'>pro</span> <span class='ocrx_word' id='word_1_910' title='bbox 974 1551 1054 1578; x_wconf 84' lang='lat' dir='ltr'>Arch.</span> <span class='ocrx_word' id='word_1_911' title='bbox 1071 1556 1084 1581; x_wconf 87' lang='lat'>8</span> <span class='ocrx_word' id='word_1_912' title='bbox 1117 1550 1218 1577; x_wconf 84' lang='lat' dir='ltr'>Adsunt</span> <span class='ocrx_word' id='word_1_913' title='bbox 1230 1550 1314 1576; x_wconf 86' lang='lat' dir='ltr'>Hera·</span> <span class='ocrx_word' id='word_1_914' title='bbox 1376 1553 1490 1586; x_wconf 83' lang='lat' dir='ltr'>Campus</span> <span class='ocrx_word' id='word_1_915' title='bbox 1504 1549 1648 1581; x_wconf 84' lang='lat' dir='ltr'>herbidus,</span> <span class='ocrx_word' id='word_1_916' title='bbox 1674 1550 1765 1576; x_wconf 81' lang='lat' dir='ltr'>Herbis</span> <span class='ocrx_word' id='word_1_917' title='bbox 1778 1549 1889 1585; x_wconf 74' lang='lat' dir='ltr'>refi’rtus</span> <span class='ocrx_word' id='word_1_918' title='bbox 1902 1550 2023 1585; x_wconf 68' lang='lat' dir='ltr'>etplevzus</span> <span class='ocrx_word' id='word_1_919' title='bbox 2048 1549 2109 1575; x_wconf 88' lang='lat' dir='ltr'>Liu.</span> <span class='ocrx_word' id='word_1_920' title='bbox 2125 1557 2145 1581; x_wconf 86' lang='lat'>1,</span> <span class='ocrx_word' id='word_1_921' title='bbox 2159 1559 2171 1581; x_wconf 82' lang='lat'>7</span> <span class='ocrx_word' id='word_1_922' title='bbox 2184 1557 2207 1576; x_wconf 77' lang='lat' dir='ltr'>et</span> <span class='ocrx_word' id='word_1_923' title='bbox 2221 1558 2247 1582; x_wconf 91' lang='lat'>9,</span> <span class='ocrx_word' id='word_1_924' title='bbox 2260 1558 2282 1577; x_wconf 83' lang='lat'>2.</span> <span class='ocrx_word' id='word_1_925' title='bbox 2345 1550 2423 1577; x_wconf 72' lang='lat' dir='ltr'>Mon·</span> 
     </span>
    </p>

    <p class='ocr_par' dir='ltr' id='par_1_16' title="bbox 265 1584 2423 1656">
     <span class='ocr_line' id='line_1_51' title="bbox 265 1584 2423 1621; baseline 0 -10"><span class='ocrx_word' id='word_1_926' title='bbox 265 1585 373 1611; x_wconf 77' lang='lat' dir='ltr'>elienses</span> <span class='ocrx_word' id='word_1_927' title='bbox 388 1585 477 1618; x_wconf 79' lang='lat' dir='ltr'>legati.</span> <span class='ocrx_word' id='word_1_928' title='bbox 530 1585 602 1612; x_wconf 87' lang='lat' dir='ltr'>Idem</span> <span class='ocrx_word' id='word_1_929' title='bbox 616 1594 664 1620; x_wconf 89' lang='lat' dir='ltr'>pro</span> <span class='ocrx_word' id='word_1_930' title='bbox 678 1585 760 1612; x_wconf 88' lang='lat' dir='ltr'>Balbo</span> <span class='ocrx_word' id='word_1_931' title='bbox 771 1594 838 1612; x_wconf 88' lang='lat' dir='ltr'>c.21.</span> <span class='ocrx_word' id='word_1_932' title='bbox 1376 1587 1451 1614; x_wconf 87' lang='lat' dir='ltr'>Idem</span> <span class='ocrx_word' id='word_1_933' title='bbox 1464 1595 1507 1620; x_wconf 83' lang='lat'>29,</span> <span class='ocrx_word' id='word_1_934' title='bbox 1521 1594 1556 1618; x_wconf 78' lang='lat'>31.</span> <span class='ocrx_word' id='word_1_935' title='bbox 1625 1586 1705 1612; x_wconf 83' lang='lat' dir='ltr'>Potus</span> <span class='ocrx_word' id='word_1_936' title='bbox 1730 1584 1796 1611; x_wconf 89' lang='lat' dir='ltr'>Plin.</span> <span class='ocrx_word' id='word_1_937' title='bbox 1811 1593 1854 1618; x_wconf 88' lang='lat'>24,</span> <span class='ocrx_word' id='word_1_938' title='bbox 1868 1587 1892 1610; x_wconf 88' lang='lat'>6.</span> <span class='ocrx_word' id='word_1_939' title='bbox 1962 1584 2032 1619; x_wconf 84' lang='lat' dir='ltr'>Ripa</span> <span class='ocrx_word' id='word_1_940' title='bbox 2056 1586 2189 1612; x_wconf 78' lang='lat' dir='ltr'>Ammian.</span> <span class='ocrx_word' id='word_1_941' title='bbox 2204 1594 2243 1619; x_wconf 86' lang='lat'>14,</span> <span class='ocrx_word' id='word_1_942' title='bbox 2254 1593 2280 1619; x_wconf 89' lang='lat'>9.</span> <span class='ocrx_word' id='word_1_943' title='bbox 2348 1586 2423 1621; x_wconf 84' lang='lat' dir='ltr'>Sege-</span> 
     </span>
     <span class='ocr_line' id='line_1_52' title="bbox 303 1619 1649 1656; baseline 0 -11"><span class='ocrx_word' id='word_1_944' title='bbox 303 1626 324 1646; x_wconf 87' lang='grc' dir='ltr'>Η</span> <span class='ocrx_word' id='word_1_945' title='bbox 334 1627 350 1646; x_wconf 88' lang='grc' dir='ltr'><strong><em>Ε</em></strong></span> <span class='ocrx_word' id='word_1_946' title='bbox 359 1627 375 1645; x_wconf 83' lang='lat' dir='ltr'>R</span> <span class='ocrx_word' id='word_1_947' title='bbox 387 1626 433 1646; x_wconf 79' lang='lat' dir='ltr'>AC</span> <span class='ocrx_word' id='word_1_948' title='bbox 443 1627 458 1646; x_wconf 92' lang='lat' dir='ltr'>L</span> <span class='ocrx_word' id='word_1_949' title='bbox 473 1626 488 1645; x_wconf 84' lang='lat' dir='ltr'>E</span> <span class='ocrx_word' id='word_1_950' title='bbox 499 1619 518 1646; x_wconf 82' lang='grc' dir='ltr'>ὁ</span> <span class='ocrx_word' id='word_1_951' title='bbox 530 1626 551 1646; x_wconf 78' lang='lat' dir='ltr'>&#39;r</span> <span class='ocrx_word' id='word_1_952' title='bbox 562 1627 578 1646; x_wconf 85' lang='grc' dir='ltr'>Ε</span> <span class='ocrx_word' id='word_1_953' title='bbox 588 1627 600 1646; x_wconf 88' lang='lat' dir='ltr'>s</span> <span class='ocrx_word' id='word_1_954' title='bbox 610 1641 618 1652; x_wconf 90' lang='lat'>,</span> <span class='ocrx_word' id='word_1_955' title='bbox 638 1630 677 1647; x_wconf 85' lang='lat' dir='ltr'>ae.</span> <span class='ocrx_word' id='word_1_956' title='bbox 716 1631 753 1647; x_wconf 90' lang='lat' dir='ltr'>m.</span> <span class='ocrx_word' id='word_1_957' title='bbox 789 1621 997 1656; x_wconf 64' lang='grc' dir='ltr'>[Ἡρακλεώτης]</span> <span class='ocrx_word' id='word_1_958' title='bbox 1044 1623 1164 1648; x_wconf 75' lang='lat' dir='ltr'>Heraclea</span> <span class='ocrx_word' id='word_1_959' title='bbox 1177 1619 1313 1652; x_wconf 80' lang='lat' dir='ltr'>oriundus,</span> <span class='ocrx_word' id='word_1_960' title='bbox 1327 1627 1364 1653; x_wconf 84' lang='lat'>40</span> <span class='ocrx_word' id='word_1_961' title='bbox 1377 1629 1414 1650; x_wconf 77' lang='lat' dir='ltr'>tes</span> <span class='ocrx_word' id='word_1_962' title='bbox 1441 1621 1574 1649; x_wconf 81' lang='lat' dir='ltr'>Columel.</span> <span class='ocrx_word' id='word_1_963' title='bbox 1591 1629 1611 1653; x_wconf 88' lang='lat'>1,</span> <span class='ocrx_word' id='word_1_964' title='bbox 1624 1623 1649 1648; x_wconf 86' lang='lat'>6.</span> 
     </span>
    </p>

    <p class='ocr_par' dir='ltr' id='par_1_17' title="bbox 263 1653 2426 1692">
     <span class='ocr_line' id='line_1_53' title="bbox 263 1653 2426 1692; baseline -0.001 -10"><span class='ocrx_word' id='word_1_965' title='bbox 263 1656 330 1682; x_wconf 68' lang='lat' dir='ltr'>vnde</span> <span class='ocrx_word' id='word_1_966' title='bbox 345 1655 484 1687; x_wconf 76' lang='lat' dir='ltr'>Dionysius</span> <span class='ocrx_word' id='word_1_967' title='bbox 498 1655 657 1691; x_wconf 73' lang='lat' dir='ltr'>philosophus</span> <span class='ocrx_word' id='word_1_968' title='bbox 669 1657 773 1682; x_wconf 76' lang='lat' dir='ltr'>Zenonis</span> <span class='ocrx_word' id='word_1_969' title='bbox 788 1655 939 1692; x_wconf 66' lang='lat' dir='ltr'>discipulus,</span> <span class='ocrx_word' id='word_1_970' title='bbox 954 1658 1124 1684; x_wconf 80' lang='lat' dir='ltr'>Heracleotes</span> <span class='ocrx_word' id='word_1_971' title='bbox 1136 1667 1151 1684; x_wconf 85' lang='lat' dir='ltr'>a</span> <span class='ocrx_word' id='word_1_972' title='bbox 1165 1658 1221 1684; x_wconf 87' lang='lat' dir='ltr'>Cic.</span> <span class='ocrx_word' id='word_1_973' title='bbox 1230 1656 1313 1683; x_wconf 80' lang='lat' dir='ltr'>Ture.</span> <span class='ocrx_word' id='word_1_974' title='bbox 1411 1665 1431 1684; x_wconf 85' lang='lat' dir='ltr'>H</span> <span class='ocrx_word' id='word_1_975' title='bbox 1442 1664 1458 1684; x_wconf 97' lang='grc' dir='ltr'>Ε</span> <span class='ocrx_word' id='word_1_976' title='bbox 1469 1665 1488 1684; x_wconf 88' lang='lat' dir='ltr'>R</span> <span class='ocrx_word' id='word_1_977' title='bbox 1498 1664 1513 1684; x_wconf 78' lang='grc' dir='ltr'>Β</span> <span class='ocrx_word' id='word_1_978' title='bbox 1522 1658 1555 1683; x_wconf 81' lang='grc' dir='ltr'>ϊΕ</span> <span class='ocrx_word' id='word_1_979' title='bbox 1566 1663 1583 1683; x_wconf 80' lang='grc' dir='ltr'>Ε</span> <span class='ocrx_word' id='word_1_980' title='bbox 1592 1664 1610 1683; x_wconf 91' lang='lat' dir='ltr'>R</span> <span class='ocrx_word' id='word_1_981' title='bbox 1620 1677 1628 1689; x_wconf 94' lang='lat'>‚</span> <span class='ocrx_word' id='word_1_982' title='bbox 1648 1658 1709 1688; x_wconf 67' lang='lat' dir='ltr'>era,</span> <span class='ocrx_word' id='word_1_983' title='bbox 1731 1657 1817 1683; x_wconf 72' lang='lat' dir='ltr'>erum.</span> <span class='ocrx_word' id='word_1_984' title='bbox 1837 1655 1898 1682; x_wconf 84' lang='lat' dir='ltr'>Adi.</span> <span class='ocrx_word' id='word_1_985' title='bbox 1919 1654 2105 1690; x_wconf 72' lang='grc' dir='ltr'>[βοτανοφᾶρος]</span> <span class='ocrx_word' id='word_1_986' title='bbox 2125 1655 2199 1691; x_wconf 73' lang='lat' dir='ltr'>Qod</span> <span class='ocrx_word' id='word_1_987' title='bbox 2209 1653 2426 1690; x_wconf 75' lang='lat' dir='ltr'>herbosproducit.</span> 
     </span>
    </p>

    <p class='ocr_par' dir='ltr' id='par_1_18' title="bbox 266 1689 2179 1727">
     <span class='ocr_line' id='line_1_54' title="bbox 266 1689 2179 1727; baseline 0.001 -11"><span class='ocrx_word' id='word_1_988' title='bbox 266 1699 293 1723; x_wconf 86' lang='lat'>2,</span> <span class='ocrx_word' id='word_1_989' title='bbox 307 1693 341 1716; x_wconf 89' lang='lat'>60</span> <span class='ocrx_word' id='word_1_990' title='bbox 366 1692 502 1725; x_wconf 73' lang='lat' dir='ltr'>appellatus</span> <span class='ocrx_word' id='word_1_991' title='bbox 518 1689 566 1724; x_wconf 73' lang='lat' dir='ltr'>est:</span> <span class='ocrx_word' id='word_1_992' title='bbox 609 1691 668 1717; x_wconf 77' lang='lat' dir='ltr'>Vici.</span> <span class='ocrx_word' id='word_1_993' title='bbox 689 1698 711 1717; x_wconf 82' lang='lat' dir='ltr'>et</span> <span class='ocrx_word' id='word_1_994' title='bbox 725 1692 808 1717; x_wconf 88' lang='lat' dir='ltr'>Tusc.</span> <span class='ocrx_word' id='word_1_995' title='bbox 823 1701 849 1724; x_wconf 82' lang='lat'>3,</span> <span class='ocrx_word' id='word_1_996' title='bbox 865 1701 890 1724; x_wconf 93' lang='lat'>9.</span> <span class='ocrx_word' id='word_1_997' title='bbox 926 1699 950 1720; x_wconf 82' lang='lat' dir='ltr'>et</span> <span class='ocrx_word' id='word_1_998' title='bbox 968 1693 1001 1719; x_wconf 91' lang='lat' dir='ltr'>de</span> <span class='ocrx_word' id='word_1_999' title='bbox 1015 1694 1071 1720; x_wconf 84' lang='lat' dir='ltr'>Fin.</span> <span class='ocrx_word' id='word_1_1000' title='bbox 1087 1701 1115 1726; x_wconf 76' lang='grc' dir='ltr'>ς,</span> <span class='ocrx_word' id='word_1_1001' title='bbox 1134 1702 1178 1727; x_wconf 83' lang='lat'>94.</span> <span class='ocrx_word' id='word_1_1002' title='bbox 1251 1693 1316 1718; x_wconf 89' lang='lat' dir='ltr'>Zeu·</span> <span class='ocrx_word' id='word_1_1003' title='bbox 1382 1694 1433 1726; x_wconf 85' lang='lat' dir='ltr'>Vt,</span> <span class='ocrx_word' id='word_1_1004' title='bbox 1452 1692 1582 1720; x_wconf 85' lang='lat' dir='ltr'>Herbifer</span> <span class='ocrx_word' id='word_1_1005' title='bbox 1596 1701 1672 1719; x_wconf 87' lang='lat' dir='ltr'>mons</span> <span class='ocrx_word' id='word_1_1006' title='bbox 1699 1691 1766 1718; x_wconf 88' lang='lat' dir='ltr'>Plin.</span> <span class='ocrx_word' id='word_1_1007' title='bbox 1779 1699 1818 1724; x_wconf 77' lang='lat'>25,</span> <span class='ocrx_word' id='word_1_1008' title='bbox 1831 1696 1853 1720; x_wconf 93' lang='lat'>8.</span> <span class='ocrx_word' id='word_1_1009' title='bbox 1890 1691 1972 1718; x_wconf 80' lang='lat' dir='ltr'>Ouid.</span> <span class='ocrx_word' id='word_1_1010' title='bbox 1988 1692 2054 1718; x_wconf 88' lang='lat' dir='ltr'>Fast.</span> <span class='ocrx_word' id='word_1_1011' title='bbox 2068 1700 2086 1724; x_wconf 91' lang='lat'>4</span> <span class='ocrx_word' id='word_1_1012' title='bbox 2096 1711 2106 1724; x_wconf 94' lang='lat'>,</span> <span class='ocrx_word' id='word_1_1013' title='bbox 2119 1696 2179 1726; x_wconf 75' lang='lat'>468.</span> 
     </span>
    </p>

    <p class='ocr_par' dir='ltr' id='par_1_19' title="bbox 265 1722 2431 1761">
     <span class='ocr_line' id='line_1_55' title="bbox 265 1722 2431 1761; baseline -0.001 -8"><span class='ocrx_word' id='word_1_1014' title='bbox 265 1727 306 1753; x_wconf 84' lang='lat' dir='ltr'>xis</span> <span class='ocrx_word' id='word_1_1015' title='bbox 319 1729 377 1751; x_wconf 84' lang='lat' dir='ltr'>item</span> <span class='ocrx_word' id='word_1_1016' title='bbox 391 1725 424 1758; x_wconf 70' lang='lat' dir='ltr'>sic</span> <span class='ocrx_word' id='word_1_1017' title='bbox 437 1725 530 1752; x_wconf 63' lang='lat' dir='ltr'>dicius.</span> <span class='ocrx_word' id='word_1_1018' title='bbox 586 1726 645 1753; x_wconf 85' lang='lat' dir='ltr'>Vid.</span> <span class='ocrx_word' id='word_1_1019' title='bbox 661 1727 760 1753; x_wconf 68' lang='lat' dir='ltr'>Aeliam.</span> <span class='ocrx_word' id='word_1_1020' title='bbox 781 1728 842 1753; x_wconf 75' lang='grc' dir='ltr'><strong>ναν.</strong></span> <span class='ocrx_word' id='word_1_1021' title='bbox 856 1725 924 1760; x_wconf 81' lang='lat' dir='ltr'>Hift.</span> <span class='ocrx_word' id='word_1_1022' title='bbox 940 1738 965 1761; x_wconf 88' lang='lat'>4,</span> <span class='ocrx_word' id='word_1_1023' title='bbox 979 1738 1014 1754; x_wconf 81' lang='lat'>12.</span> <span class='ocrx_word' id='word_1_1024' title='bbox 1053 1735 1076 1754; x_wconf 81' lang='lat' dir='ltr'>et</span> <span class='ocrx_word' id='word_1_1025' title='bbox 1091 1729 1182 1754; x_wconf 84' lang='lat' dir='ltr'>lustin.</span> <span class='ocrx_word' id='word_1_1026' title='bbox 1197 1730 1235 1759; x_wconf 87' lang='lat'>16,</span> <span class='ocrx_word' id='word_1_1027' title='bbox 1245 1736 1268 1759; x_wconf 78' lang='lat'>3,</span> <span class='ocrx_word' id='word_1_1028' title='bbox 1283 1736 1315 1753; x_wconf 89' lang='lat'>11.</span> <span class='ocrx_word' id='word_1_1029' title='bbox 1415 1735 1435 1755; x_wconf 90' lang='grc' dir='ltr'>Η</span> <span class='ocrx_word' id='word_1_1030' title='bbox 1445 1735 1461 1755; x_wconf 97' lang='grc' dir='ltr'>Ε</span> <span class='ocrx_word' id='word_1_1031' title='bbox 1472 1735 1490 1754; x_wconf 90' lang='lat' dir='ltr'>R</span> <span class='ocrx_word' id='word_1_1032' title='bbox 1500 1735 1534 1755; x_wconf 82' lang='lat'>131</span> <span class='ocrx_word' id='word_1_1033' title='bbox 1545 1736 1617 1760; x_wconf 78' lang='lat' dir='ltr'>Lis,</span> <span class='ocrx_word' id='word_1_1034' title='bbox 1633 1737 1656 1754; x_wconf 85' lang='lat' dir='ltr'>e.</span> <span class='ocrx_word' id='word_1_1035' title='bbox 1692 1727 1754 1754; x_wconf 86' lang='lat' dir='ltr'>Adi.</span> <span class='ocrx_word' id='word_1_1036' title='bbox 1816 1727 1866 1758; x_wconf 86' lang='lat' dir='ltr'>Vt,</span> <span class='ocrx_word' id='word_1_1037' title='bbox 1892 1726 2012 1754; x_wconf 83' lang='lat' dir='ltr'>Herbilis</span> <span class='ocrx_word' id='word_1_1038' title='bbox 2032 1728 2122 1759; x_wconf 86' lang='lat' dir='ltr'>anser,</span> <span class='ocrx_word' id='word_1_1039' title='bbox 2148 1727 2239 1754; x_wconf 80' lang='lat' dir='ltr'>Herba</span> <span class='ocrx_word' id='word_1_1040' title='bbox 2260 1724 2361 1761; x_wconf 74' lang='lat' dir='ltr'>pastus,</span> <span class='ocrx_word' id='word_1_1041' title='bbox 2381 1722 2431 1759; x_wconf 73' lang='lat' dir='ltr'>qui</span> 
     </span>
    </p>
   </div>
   <div class='ocr_carea' id='block_1_9' title="bbox 263 1762 2457 2043">
    <p class='ocr_par' dir='ltr' id='par_1_20' title="bbox 263 1762 2457 2043">
     <span class='ocr_line' id='line_1_56' title="bbox 303 1762 2457 1798; baseline -0.001 -12"><span class='ocrx_word' id='word_1_1042' title='bbox 303 1767 500 1792; x_wconf 79' lang='lat' dir='ltr'>HERACL1vs‚</span> <span class='ocrx_word' id='word_1_1043' title='bbox 520 1762 538 1787; x_wconf 90' lang='lat' dir='ltr'>i.</span> <span class='ocrx_word' id='word_1_1044' title='bbox 558 1770 593 1787; x_wconf 91' lang='lat' dir='ltr'>m.</span> <span class='ocrx_word' id='word_1_1045' title='bbox 625 1762 689 1788; x_wconf 80' lang='lat' dir='ltr'>vnde</span> <span class='ocrx_word' id='word_1_1046' title='bbox 704 1762 844 1788; x_wconf 83' lang='lat' dir='ltr'>Heraclius</span> <span class='ocrx_word' id='word_1_1047' title='bbox 857 1762 931 1796; x_wconf 84' lang='lat' dir='ltr'>lapis,</span> <span class='ocrx_word' id='word_1_1048' title='bbox 944 1767 986 1798; x_wconf 79' lang='lat' dir='ltr'>qui</span> <span class='ocrx_word' id='word_1_1049' title='bbox 1000 1770 1021 1788; x_wconf 87' lang='lat' dir='ltr'>et</span> <span class='ocrx_word' id='word_1_1050' title='bbox 1036 1763 1146 1795; x_wconf 74' lang='lat' dir='ltr'>Lydius.</span> <span class='ocrx_word' id='word_1_1051' title='bbox 1183 1763 1315 1793; x_wconf 79' lang='lat' dir='ltr'>Plin.33,8</span> <span class='ocrx_word' id='word_1_1052' title='bbox 1377 1763 1507 1797; x_wconf 84' lang='lat' dir='ltr'>gracilior</span> <span class='ocrx_word' id='word_1_1053' title='bbox 1520 1764 1557 1789; x_wconf 87' lang='lat' dir='ltr'>est</span> <span class='ocrx_word' id='word_1_1054' title='bbox 1571 1772 1649 1797; x_wconf 84' lang='lat' dir='ltr'>quam</span> <span class='ocrx_word' id='word_1_1055' title='bbox 1664 1763 1801 1789; x_wconf 87' lang='lat' dir='ltr'>frumento</span> <span class='ocrx_word' id='word_1_1056' title='bbox 1815 1762 1891 1787; x_wconf 84' lang='lat' dir='ltr'>altus.</span> <span class='ocrx_word' id='word_1_1057' title='bbox 1954 1763 2023 1789; x_wconf 77' lang='lat' dir='ltr'>Haec</span> <span class='ocrx_word' id='word_1_1058' title='bbox 2043 1763 2140 1790; x_wconf 82' lang='lat' dir='ltr'>Festus.</span> <span class='ocrx_word' id='word_1_1059' title='bbox 2443 1780 2457 1794; x_wconf 56' lang='lat' dir='ltr'>n</span> 
     </span>
     <span class='ocr_line' id='line_1_57' title="bbox 265 1794 2435 1832; baseline -0.001 -10"><span class='ocrx_word' id='word_1_1060' title='bbox 265 1796 333 1822; x_wconf 87' lang='lat' dir='ltr'>Auri</span> <span class='ocrx_word' id='word_1_1061' title='bbox 344 1795 500 1829; x_wconf 80' lang='lat' dir='ltr'>argentique</span> <span class='ocrx_word' id='word_1_1062' title='bbox 518 1796 681 1823; x_wconf 84' lang='lat' dir='ltr'>mentionem</span> <span class='ocrx_word' id='word_1_1063' title='bbox 701 1798 844 1824; x_wconf 85' lang='lat' dir='ltr'>comitatur</span> <span class='ocrx_word' id='word_1_1064' title='bbox 863 1798 943 1832; x_wconf 88' lang='lat' dir='ltr'>lapis,</span> <span class='ocrx_word' id='word_1_1065' title='bbox 968 1807 1046 1832; x_wconf 88' lang='lat' dir='ltr'>quem</span> <span class='ocrx_word' id='word_1_1066' title='bbox 1068 1797 1209 1824; x_wconf 86' lang='lat' dir='ltr'>coticulam</span> <span class='ocrx_word' id='word_1_1067' title='bbox 1227 1796 1315 1831; x_wconf 82' lang='lat' dir='ltr'>appel-</span> <span class='ocrx_word' id='word_1_1068' title='bbox 1328 1801 1362 1827; x_wconf 82' lang='lat'>45</span> <span class='ocrx_word' id='word_1_1069' title='bbox 1415 1803 1436 1823; x_wconf 90' lang='lat' dir='ltr'>H</span> <span class='ocrx_word' id='word_1_1070' title='bbox 1447 1805 1490 1824; x_wconf 82' lang='lat' dir='ltr'>ER</span> <span class='ocrx_word' id='word_1_1071' title='bbox 1501 1799 1544 1824; x_wconf 82' lang='lat'>136</span> <span class='ocrx_word' id='word_1_1072' title='bbox 1554 1804 1566 1822; x_wconf 89' lang='lat' dir='ltr'>S</span> <span class='ocrx_word' id='word_1_1073' title='bbox 1577 1805 1597 1823; x_wconf 82' lang='lat' dir='ltr'><strong>v</strong></span> <span class='ocrx_word' id='word_1_1074' title='bbox 1608 1804 1637 1829; x_wconf 92' lang='lat' dir='ltr'>s,</span> <span class='ocrx_word' id='word_1_1075' title='bbox 1657 1806 1688 1829; x_wconf 82' lang='lat' dir='ltr'>a,</span> <span class='ocrx_word' id='word_1_1076' title='bbox 1709 1806 1764 1823; x_wconf 88' lang='lat' dir='ltr'>um.</span> <span class='ocrx_word' id='word_1_1077' title='bbox 1800 1797 1861 1822; x_wconf 83' lang='lat' dir='ltr'>Adi.</span> <span class='ocrx_word' id='word_1_1078' title='bbox 1904 1795 2030 1831; x_wconf 68' lang='grc' dir='ltr'>[ποιώδης]</span> <span class='ocrx_word' id='word_1_1079' title='bbox 2067 1799 2160 1824; x_wconf 81' lang='lat' dir='ltr'>Herbis</span> <span class='ocrx_word' id='word_1_1080' title='bbox 2170 1795 2307 1823; x_wconf 77' lang='lat' dir='ltr'>abundans.</span> <span class='ocrx_word' id='word_1_1081' title='bbox 2362 1794 2435 1828; x_wconf 56' lang='lat' dir='ltr'>Ptin.</span> 
     </span>
     <span class='ocr_line' id='line_1_58' title="bbox 267 1830 2419 1866; baseline -0.001 -8"><span class='ocrx_word' id='word_1_1082' title='bbox 267 1832 335 1863; x_wconf 87' lang='lat' dir='ltr'>lant,</span> <span class='ocrx_word' id='word_1_1083' title='bbox 356 1830 490 1864; x_wconf 87' lang='lat' dir='ltr'>quondam</span> <span class='ocrx_word' id='word_1_1084' title='bbox 503 1839 557 1856; x_wconf 90' lang='lat' dir='ltr'>non</span> <span class='ocrx_word' id='word_1_1085' title='bbox 572 1831 664 1857; x_wconf 86' lang='lat' dir='ltr'>solitus</span> <span class='ocrx_word' id='word_1_1086' title='bbox 678 1832 813 1864; x_wconf 87' lang='lat' dir='ltr'>inueniri,</span> <span class='ocrx_word' id='word_1_1087' title='bbox 838 1833 887 1859; x_wconf 81' lang='lat' dir='ltr'>nisi</span> <span class='ocrx_word' id='word_1_1088' title='bbox 906 1834 934 1859; x_wconf 89' lang='lat' dir='ltr'>in</span> <span class='ocrx_word' id='word_1_1089' title='bbox 954 1833 1066 1859; x_wconf 83' lang='lat' dir='ltr'>flumine</span> <span class='ocrx_word' id='word_1_1090' title='bbox 1082 1833 1203 1864; x_wconf 87' lang='lat' dir='ltr'>Tmolo,</span> <span class='ocrx_word' id='word_1_1091' title='bbox 1228 1838 1256 1858; x_wconf 91' lang='lat' dir='ltr'>vt</span> <span class='ocrx_word' id='word_1_1092' title='bbox 1270 1840 1314 1857; x_wconf 87' lang='lat' dir='ltr'>au-</span> <span class='ocrx_word' id='word_1_1093' title='bbox 1376 1841 1412 1865; x_wconf 79' lang='lat'>33,</span> <span class='ocrx_word' id='word_1_1094' title='bbox 1427 1842 1446 1866; x_wconf 81' lang='lat'>4</span> <span class='ocrx_word' id='word_1_1095' title='bbox 1471 1832 1540 1858; x_wconf 88' lang='lat' dir='ltr'>Vlex</span> <span class='ocrx_word' id='word_1_1096' title='bbox 1553 1832 1659 1858; x_wconf 77' lang='lat' dir='ltr'>necatus</span> <span class='ocrx_word' id='word_1_1097' title='bbox 1672 1832 1776 1864; x_wconf 83' lang='lat' dir='ltr'>vritur,</span> <span class='ocrx_word' id='word_1_1098' title='bbox 1800 1838 1826 1858; x_wconf 87' lang='lat' dir='ltr'>et</span> <span class='ocrx_word' id='word_1_1099' title='bbox 1841 1830 1906 1857; x_wconf 73' lang='lat' dir='ltr'>cinis</span> <span class='ocrx_word' id='word_1_1100' title='bbox 1920 1832 1976 1858; x_wconf 76' lang='lat' dir='ltr'>eius</span> <span class='ocrx_word' id='word_1_1101' title='bbox 1989 1832 2091 1858; x_wconf 77' lang='lat' dir='ltr'>lanatus</span> <span class='ocrx_word' id='word_1_1102' title='bbox 2104 1832 2235 1860; x_wconf 75' lang='lat' dir='ltr'>substrato</span> <span class='ocrx_word' id='word_1_1103' title='bbox 2248 1831 2360 1866; x_wconf 79' lang='lat' dir='ltr'>caespite</span> <span class='ocrx_word' id='word_1_1104' title='bbox 2370 1830 2419 1857; x_wconf 74' lang='lat' dir='ltr'>her</span> 
     </span>
     <span class='ocr_line' id='line_1_59' title="bbox 265 1864 2412 1901; baseline -0 -8"><span class='ocrx_word' id='word_1_1105' title='bbox 265 1867 324 1893; x_wconf 70' lang='lat' dir='ltr'>&amp;or</span> <span class='ocrx_word' id='word_1_1106' title='bbox 338 1866 373 1892; x_wconf 86' lang='lat' dir='ltr'>est</span> <span class='ocrx_word' id='word_1_1107' title='bbox 386 1864 597 1899; x_wconf 81' lang='lat' dir='ltr'>Theophrastus.</span> <span class='ocrx_word' id='word_1_1108' title='bbox 632 1874 701 1891; x_wconf 91' lang='lat' dir='ltr'>nunc</span> <span class='ocrx_word' id='word_1_1109' title='bbox 717 1875 783 1892; x_wconf 91' lang='lat' dir='ltr'>vero</span> <span class='ocrx_word' id='word_1_1110' title='bbox 796 1867 896 1900; x_wconf 84' lang='lat' dir='ltr'>passim,</span> <span class='ocrx_word' id='word_1_1111' title='bbox 915 1876 995 1901; x_wconf 87' lang='lat' dir='ltr'>quem</span> <span class='ocrx_word' id='word_1_1112' title='bbox 1010 1868 1058 1894; x_wconf 88' lang='lat' dir='ltr'>alii</span> <span class='ocrx_word' id='word_1_1113' title='bbox 1073 1868 1243 1898; x_wconf 87' lang='lat' dir='ltr'>Heraclium,</span> <span class='ocrx_word' id='word_1_1114' title='bbox 1267 1866 1315 1892; x_wconf 81' lang='lat' dir='ltr'>alii</span> <span class='ocrx_word' id='word_1_1115' title='bbox 1377 1868 1461 1900; x_wconf 91' lang='lat' dir='ltr'>boso,</span> <span class='ocrx_word' id='word_1_1116' title='bbox 1485 1874 1514 1895; x_wconf 89' lang='lat' dir='ltr'>vt</span> <span class='ocrx_word' id='word_1_1117' title='bbox 1527 1867 1591 1894; x_wconf 83' lang='lat' dir='ltr'>fidat</span> <span class='ocrx_word' id='word_1_1118' title='bbox 1605 1876 1708 1894; x_wconf 88' lang='lat' dir='ltr'>aurum.</span> <span class='ocrx_word' id='word_1_1119' title='bbox 1784 1867 1826 1894; x_wconf 85' lang='lat' dir='ltr'>Sic</span> <span class='ocrx_word' id='word_1_1120' title='bbox 1844 1867 1911 1893; x_wconf 84' lang='lat' dir='ltr'>Cato</span> <span class='ocrx_word' id='word_1_1121' title='bbox 1924 1876 1946 1893; x_wconf 88' lang='lat' dir='ltr'>c.</span> <span class='ocrx_word' id='word_1_1122' title='bbox 1961 1875 1993 1900; x_wconf 76' lang='lat'>54</span> <span class='ocrx_word' id='word_1_1123' title='bbox 2024 1867 2210 1894; x_wconf 81' lang='lat' dir='ltr'>Herbolissima</span> <span class='ocrx_word' id='word_1_1124' title='bbox 2223 1867 2363 1893; x_wconf 83' lang='lat' dir='ltr'>stramenta</span> <span class='ocrx_word' id='word_1_1125' title='bbox 2377 1865 2412 1892; x_wconf 91' lang='lat' dir='ltr'>sal</span> 
     </span>
     <span class='ocr_line' id='line_1_60' title="bbox 264 1901 2420 1937; baseline 0 -9"><span class='ocrx_word' id='word_1_1126' title='bbox 264 1902 380 1934; x_wconf 87' lang='lat' dir='ltr'>Lydium</span> <span class='ocrx_word' id='word_1_1127' title='bbox 393 1907 497 1928; x_wconf 81' lang='lat' dir='ltr'>vocant.</span> <span class='ocrx_word' id='word_1_1128' title='bbox 549 1901 615 1927; x_wconf 87' lang='lat' dir='ltr'>Sunt</span> <span class='ocrx_word' id='word_1_1129' title='bbox 628 1907 717 1927; x_wconf 87' lang='lat' dir='ltr'>autem</span> <span class='ocrx_word' id='word_1_1130' title='bbox 729 1901 847 1931; x_wconf 83' lang='lat' dir='ltr'>modici,</span> <span class='ocrx_word' id='word_1_1131' title='bbox 866 1908 1006 1935; x_wconf 85' lang='lat' dir='ltr'>quaternas</span> <span class='ocrx_word' id='word_1_1132' title='bbox 1019 1903 1108 1928; x_wconf 84' lang='lat' dir='ltr'>vncias</span> <span class='ocrx_word' id='word_1_1133' title='bbox 1122 1902 1316 1935; x_wconf 81' lang='lat' dir='ltr'>longitudinis,</span> <span class='ocrx_word' id='word_1_1134' title='bbox 1376 1903 1510 1937; x_wconf 79' lang='lat' dir='ltr'>spargite,</span> <span class='ocrx_word' id='word_1_1135' title='bbox 1529 1903 1625 1929; x_wconf 87' lang='lat' dir='ltr'>deinde</span> <span class='ocrx_word' id='word_1_1136' title='bbox 1638 1911 1667 1928; x_wconf 86' lang='lat' dir='ltr'>ea</span> <span class='ocrx_word' id='word_1_1137' title='bbox 1681 1910 1730 1935; x_wconf 87' lang='lat' dir='ltr'>pro</span> <span class='ocrx_word' id='word_1_1138' title='bbox 1744 1902 1826 1928; x_wconf 83' lang='lat' dir='ltr'>foeno</span> <span class='ocrx_word' id='word_1_1139' title='bbox 1841 1903 1913 1927; x_wconf 76' lang='lat' dir='ltr'>date.</span> <span class='ocrx_word' id='word_1_1140' title='bbox 2002 1903 2090 1936; x_wconf 79' lang='lat' dir='ltr'>Agger</span> <span class='ocrx_word' id='word_1_1141' title='bbox 2122 1904 2205 1929; x_wconf 77' lang='lat' dir='ltr'>Ouid.</span> <span class='ocrx_word' id='word_1_1142' title='bbox 2222 1904 2284 1928; x_wconf 66' lang='lat' dir='ltr'>Met.</span> <span class='ocrx_word' id='word_1_1143' title='bbox 2301 1911 2348 1935; x_wconf 87' lang='lat'>14,</span> <span class='ocrx_word' id='word_1_1144' title='bbox 2366 1909 2420 1936; x_wconf 75' lang='lat'>443</span> 
     </span>
     <span class='ocr_line' id='line_1_61' title="bbox 264 1935 2417 1972; baseline 0 -8"><span class='ocrx_word' id='word_1_1145' title='bbox 264 1938 394 1972; x_wconf 85' lang='lat' dir='ltr'>binasque</span> <span class='ocrx_word' id='word_1_1146' title='bbox 408 1935 555 1963; x_wconf 84' lang='lat' dir='ltr'>latitudinis</span> <span class='ocrx_word' id='word_1_1147' title='bbox 575 1945 628 1963; x_wconf 90' lang='lat' dir='ltr'>non</span> <span class='ocrx_word' id='word_1_1148' title='bbox 647 1936 810 1963; x_wconf 83' lang='lat' dir='ltr'>excedentes.</span> <span class='ocrx_word' id='word_1_1149' title='bbox 865 1937 915 1963; x_wconf 83' lang='lat' dir='ltr'>His</span> <span class='ocrx_word' id='word_1_1150' title='bbox 935 1937 1056 1963; x_wconf 82' lang='lat' dir='ltr'>coticulis</span> <span class='ocrx_word' id='word_1_1151' title='bbox 1075 1937 1170 1971; x_wconf 89' lang='lat' dir='ltr'>periti,</span> <span class='ocrx_word' id='word_1_1152' title='bbox 1195 1944 1279 1970; x_wconf 91' lang='lat' dir='ltr'>quum</span> <span class='ocrx_word' id='word_1_1153' title='bbox 1299 1943 1314 1960; x_wconf 88' lang='lat' dir='ltr'>e</span> <span class='ocrx_word' id='word_1_1154' title='bbox 1375 1937 1420 1963; x_wconf 85' lang='lat' dir='ltr'>Ad</span> <span class='ocrx_word' id='word_1_1155' title='bbox 1431 1937 1513 1971; x_wconf 80' lang='lat' dir='ltr'>fhlum</span> <span class='ocrx_word' id='word_1_1156' title='bbox 1534 1938 1636 1963; x_wconf 84' lang='lat' dir='ltr'>colorem</span> <span class='ocrx_word' id='word_1_1157' title='bbox 1654 1937 1735 1971; x_wconf 77' lang='lat' dir='ltr'>refert</span> <span class='ocrx_word' id='word_1_1158' title='bbox 1753 1937 1831 1961; x_wconf 91' lang='lat' dir='ltr'>Mart.</span> <span class='ocrx_word' id='word_1_1159' title='bbox 1853 1937 1951 1968; x_wconf 84' lang='lat' dir='ltr'>Capell.</span> <span class='ocrx_word' id='word_1_1160' title='bbox 1973 1944 1983 1961; x_wconf 88' lang='grc'>1</span> <span class='ocrx_word' id='word_1_1161' title='bbox 2004 1945 2029 1969; x_wconf 88' lang='lat' dir='ltr'>p.</span> <span class='ocrx_word' id='word_1_1162' title='bbox 2045 1944 2075 1970; x_wconf 85' lang='lat'>17</span> <span class='ocrx_word' id='word_1_1163' title='bbox 2114 1937 2158 1963; x_wconf 72' lang='lat' dir='ltr'>vbi</span> <span class='ocrx_word' id='word_1_1164' title='bbox 2173 1944 2201 1963; x_wconf 78' lang='lat' dir='ltr'>ue</span> <span class='ocrx_word' id='word_1_1165' title='bbox 2220 1940 2290 1968; x_wconf 69' lang='lat' dir='ltr'>ioue,</span> <span class='ocrx_word' id='word_1_1166' title='bbox 2321 1938 2417 1964; x_wconf 86' lang='lat' dir='ltr'>Calceo</span> 
     </span>
     <span class='ocr_line' id='line_1_62' title="bbox 265 1970 2430 2007; baseline 0 -7"><span class='ocrx_word' id='word_1_1167' title='bbox 265 1982 334 2000; x_wconf 85' lang='lat' dir='ltr'>vena</span> <span class='ocrx_word' id='word_1_1168' title='bbox 347 1979 374 1999; x_wconf 93' lang='lat' dir='ltr'>vt</span> <span class='ocrx_word' id='word_1_1169' title='bbox 387 1973 451 1999; x_wconf 89' lang='lat' dir='ltr'>lima</span> <span class='ocrx_word' id='word_1_1170' title='bbox 464 1972 600 2007; x_wconf 84' lang='lat' dir='ltr'>rapuerint</span> <span class='ocrx_word' id='word_1_1171' title='bbox 614 1973 843 2007; x_wconf 79' lang='lat' dir='ltr'>experimentum,</span> <span class='ocrx_word' id='word_1_1172' title='bbox 869 1973 991 2006; x_wconf 89' lang='lat' dir='ltr'>protinus</span> <span class='ocrx_word' id='word_1_1173' title='bbox 1005 1972 1097 1999; x_wconf 84' lang='lat' dir='ltr'>dicunt</span> <span class='ocrx_word' id='word_1_1174' title='bbox 1112 1977 1241 2006; x_wconf 86' lang='lat' dir='ltr'>quantum</span> <span class='ocrx_word' id='word_1_1175' title='bbox 1255 1970 1315 1996; x_wconf 87' lang='lat' dir='ltr'>auri</span> <span class='ocrx_word' id='word_1_1176' title='bbox 1330 1974 1362 2000; x_wconf 82' lang='lat'>50</span> <span class='ocrx_word' id='word_1_1177' title='bbox 1376 1977 1465 1998; x_wconf 85' lang='lat' dir='ltr'>autem</span> <span class='ocrx_word' id='word_1_1178' title='bbox 1487 1971 1689 2007; x_wconf 77' lang='lat' dir='ltr'>Smaragdineae</span> <span class='ocrx_word' id='word_1_1179' title='bbox 1717 1970 1800 1997; x_wconf 72' lang='lat' dir='ltr'>fluetu</span> <span class='ocrx_word' id='word_1_1180' title='bbox 1818 1970 1964 1996; x_wconf 65' lang='lat' dir='ltr'>viriditatis</span> <span class='ocrx_word' id='word_1_1181' title='bbox 1983 1970 2111 1997; x_wconf 85' lang='lat' dir='ltr'>herbosos</span> <span class='ocrx_word' id='word_1_1182' title='bbox 2131 1972 2250 2007; x_wconf 73' lang='lat' dir='ltr'>vestigiis</span> <span class='ocrx_word' id='word_1_1183' title='bbox 2271 1973 2328 1999; x_wconf 82' lang='lat' dir='ltr'>eius</span> <span class='ocrx_word' id='word_1_1184' title='bbox 2350 1970 2430 2001; x_wconf 58' lang='lat' dir='ltr'>tellus</span> 
     </span>
     <span class='ocr_line' id='line_1_63' title="bbox 263 2005 2434 2043; baseline -0.002 -7"><span class='ocrx_word' id='word_1_1185' title='bbox 263 2009 296 2038; x_wconf 72' lang='lat' dir='ltr'>fit</span> <span class='ocrx_word' id='word_1_1186' title='bbox 310 2009 339 2035; x_wconf 89' lang='lat' dir='ltr'>in</span> <span class='ocrx_word' id='word_1_1187' title='bbox 351 2017 396 2040; x_wconf 87' lang='lat' dir='ltr'>ea,</span> <span class='ocrx_word' id='word_1_1188' title='bbox 416 2014 543 2043; x_wconf 71' lang='lat' dir='ltr'>quantum</span> <span class='ocrx_word' id='word_1_1189' title='bbox 557 2009 659 2042; x_wconf 87' lang='lat' dir='ltr'>argenti</span> <span class='ocrx_word' id='word_1_1190' title='bbox 675 2009 716 2034; x_wconf 89' lang='lat' dir='ltr'>vel</span> <span class='ocrx_word' id='word_1_1191' title='bbox 729 2007 814 2040; x_wconf 86' lang='lat' dir='ltr'>aeris,</span> <span class='ocrx_word' id='word_1_1192' title='bbox 839 2008 986 2042; x_wconf 84' lang='lat' dir='ltr'>scrupulari</span> <span class='ocrx_word' id='word_1_1193' title='bbox 1001 2007 1168 2040; x_wconf 77' lang='lat' dir='ltr'>differentia,</span> <span class='ocrx_word' id='word_1_1194' title='bbox 1193 2005 1315 2033; x_wconf 80' lang='lat' dir='ltr'>mii-abili</span> <span class='ocrx_word' id='word_1_1195' title='bbox 1378 2007 1515 2034; x_wconf 84' lang='lat' dir='ltr'>annexuit.</span> <span class='ocrx_word' id='word_1_1196' title='bbox 2432 2014 2434 2018; x_wconf 72' lang='grc'>’</span> 
     </span>
    </p>
   </div>
   <div class='ocr_carea' id='block_1_10' title="bbox 263 2030 2479 2400">
    <p class='ocr_par' dir='ltr' id='par_1_21' title="bbox 265 2030 2450 2113">
     <span class='ocr_line' id='line_1_64' title="bbox 266 2030 2450 2079; baseline -0 -8"><span class='ocrx_word' id='word_1_1197' title='bbox 266 2046 369 2072; x_wconf 82' lang='lat' dir='ltr'>ratione</span> <span class='ocrx_word' id='word_1_1198' title='bbox 383 2053 436 2070; x_wconf 87' lang='lat' dir='ltr'>non</span> <span class='ocrx_word' id='word_1_1199' title='bbox 450 2044 566 2070; x_wconf 81' lang='lat' dir='ltr'>fallente.</span> <span class='ocrx_word' id='word_1_1200' title='bbox 783 2051 798 2069; x_wconf 85' lang='lat'>2</span> <span class='ocrx_word' id='word_1_1201' title='bbox 835 2044 974 2070; x_wconf 76' lang='lat' dir='ltr'>Heraclius</span> <span class='ocrx_word' id='word_1_1202' title='bbox 987 2044 1053 2077; x_wconf 83' lang='lat' dir='ltr'>lapis</span> <span class='ocrx_word' id='word_1_1203' title='bbox 1067 2047 1141 2070; x_wconf 76' lang='lat' dir='ltr'>etiam</span> <span class='ocrx_word' id='word_1_1204' title='bbox 1155 2043 1265 2077; x_wconf 84' lang='lat' dir='ltr'>Magnes</span> <span class='ocrx_word' id='word_1_1205' title='bbox 1279 2041 1317 2068; x_wconf 79' lang='grc' dir='ltr'>α’ῐ-</span> <span class='ocrx_word' id='word_1_1206' title='bbox 1415 2050 1434 2069; x_wconf 87' lang='grc' dir='ltr'>Η</span> <span class='ocrx_word' id='word_1_1207' title='bbox 1445 2049 1462 2069; x_wconf 85' lang='grc' dir='ltr'>Ε</span> <span class='ocrx_word' id='word_1_1208' title='bbox 1471 2049 1513 2069; x_wconf 84' lang='lat' dir='ltr'>RB</span> <span class='ocrx_word' id='word_1_1209' title='bbox 1522 2049 1543 2068; x_wconf 90' lang='lat' dir='ltr'>A</span> <span class='ocrx_word' id='word_1_1210' title='bbox 1552 2048 1564 2069; x_wconf 90' lang='lat' dir='ltr'>s</span> <span class='ocrx_word' id='word_1_1211' title='bbox 1574 2047 1590 2067; x_wconf 86' lang='lat' dir='ltr'>e</span> <span class='ocrx_word' id='word_1_1212' title='bbox 1600 2048 1619 2068; x_wconf 95' lang='lat'><em>0</em></span> <span class='ocrx_word' id='word_1_1213' title='bbox 1627 2061 1635 2074; x_wconf 88' lang='lat'>‚</span> <span class='ocrx_word' id='word_1_1214' title='bbox 1657 2040 1711 2076; x_wconf 80' lang='lat' dir='ltr'>fine</span> <span class='ocrx_word' id='word_1_1215' title='bbox 1733 2048 1754 2067; x_wconf 86' lang='lat' dir='ltr'>H</span> <span class='ocrx_word' id='word_1_1216' title='bbox 1762 2047 1778 2067; x_wconf 88' lang='grc' dir='ltr'>Ε</span> <span class='ocrx_word' id='word_1_1217' title='bbox 1788 2048 1806 2067; x_wconf 87' lang='lat' dir='ltr'>R</span> <span class='ocrx_word' id='word_1_1218' title='bbox 1816 2048 1856 2068; x_wconf 85' lang='lat' dir='ltr'>BE</span> <span class='ocrx_word' id='word_1_1219' title='bbox 1864 2047 1877 2067; x_wconf 88' lang='lat' dir='ltr'>s</span> <span class='ocrx_word' id='word_1_1220' title='bbox 1887 2046 1904 2067; x_wconf 92' lang='lat' dir='ltr'>c</span> <span class='ocrx_word' id='word_1_1221' title='bbox 1916 2047 1935 2067; x_wconf 96' lang='lat' dir='ltr'>o</span> <span class='ocrx_word' id='word_1_1222' title='bbox 1945 2061 1953 2073; x_wconf 95' lang='lat'>‚</span> <span class='ocrx_word' id='word_1_1223' title='bbox 1975 2040 2140 2070; x_wconf 85' lang='lat' dir='ltr'>herbascere.</span> <span class='ocrx_word' id='word_1_1224' title='bbox 2175 2042 2349 2076; x_wconf 55' lang='lat' dir='ltr'>mmmmm,</span> <span class='ocrx_word' id='word_1_1225' title='bbox 2367 2030 2450 2079; x_wconf 46' lang='lat' dir='ltr'>Veh}</span> 
     </span>
     <span class='ocr_line' id='line_1_65' title="bbox 265 2076 2448 2113; baseline -0.001 -5"><span class='ocrx_word' id='word_1_1226' title='bbox 265 2084 341 2108; x_wconf 84' lang='lat' dir='ltr'>citur.</span> <span class='ocrx_word' id='word_1_1227' title='bbox 385 2079 442 2107; x_wconf 80' lang='lat' dir='ltr'>Vid.</span> <span class='ocrx_word' id='word_1_1228' title='bbox 456 2080 522 2106; x_wconf 87' lang='lat' dir='ltr'>Plin.</span> <span class='ocrx_word' id='word_1_1229' title='bbox 537 2080 626 2111; x_wconf 75' lang='lat'>36,16.</span> <span class='ocrx_word' id='word_1_1230' title='bbox 661 2084 685 2104; x_wconf 83' lang='lat' dir='ltr'>et</span> <span class='ocrx_word' id='word_1_1231' title='bbox 704 2079 740 2104; x_wconf 77' lang='lat' dir='ltr'>Vo</span> <span class='ocrx_word' id='word_1_1232' title='bbox 762 2078 769 2103; x_wconf 72' lang='lat' dir='ltr'>J</span> <span class='ocrx_word' id='word_1_1233' title='bbox 782 2076 844 2111; x_wconf 85' lang='lat' dir='ltr'>lnst.</span> <span class='ocrx_word' id='word_1_1234' title='bbox 858 2080 931 2105; x_wconf 79' lang='lat' dir='ltr'>Orat.</span> <span class='ocrx_word' id='word_1_1235' title='bbox 948 2089 958 2104; x_wconf 90' lang='lat'><em>1</em></span> <span class='ocrx_word' id='word_1_1236' title='bbox 976 2086 1004 2113; x_wconf 82' lang='lat' dir='ltr'>p.</span> <span class='ocrx_word' id='word_1_1237' title='bbox 1012 2086 1065 2108; x_wconf 69' lang='lat'><strong><em>16¹8·</em></strong></span> <span class='ocrx_word' id='word_1_1238' title='bbox 1378 2077 1477 2112; x_wconf 75' lang='lat' dir='ltr'>Gloffi]</span> <span class='ocrx_word' id='word_1_1239' title='bbox 1520 2079 1551 2103; x_wconf 86' lang='lat' dir='ltr'>In</span> <span class='ocrx_word' id='word_1_1240' title='bbox 1572 2077 1670 2103; x_wconf 70' lang='lat' dir='ltr'>herbam</span> <span class='ocrx_word' id='word_1_1241' title='bbox 1680 2078 1805 2113; x_wconf 79' lang='lat' dir='ltr'>formari.</span> <span class='ocrx_word' id='word_1_1242' title='bbox 1840 2077 1898 2104; x_wconf 88' lang='lat' dir='ltr'>Cic.</span> <span class='ocrx_word' id='word_1_1243' title='bbox 1916 2076 1949 2103; x_wconf 88' lang='lat' dir='ltr'>de</span> <span class='ocrx_word' id='word_1_1244' title='bbox 1967 2077 2067 2104; x_wconf 67' lang='lat' dir='ltr'>Seneet.</span> <span class='ocrx_word' id='word_1_1245' title='bbox 2084 2085 2111 2110; x_wconf 88' lang='grc'>51</span> <span class='ocrx_word' id='word_1_1246' title='bbox 2138 2086 2161 2104; x_wconf 88' lang='lat' dir='ltr'>c.</span> <span class='ocrx_word' id='word_1_1247' title='bbox 2183 2086 2208 2111; x_wconf 73' lang='grc' dir='ltr'>ις</span> <span class='ocrx_word' id='word_1_1248' title='bbox 2231 2078 2320 2106; x_wconf 86' lang='lat' dir='ltr'>Terra</span> <span class='ocrx_word' id='word_1_1249' title='bbox 2338 2080 2448 2107; x_wconf 57' lang='lat' dir='ltr'>semen?v</span> 
     </span>
    </p>

    <p class='ocr_par' dir='ltr' id='par_1_22' title="bbox 267 2111 2450 2221">
     <span class='ocr_line' id='line_1_66' title="bbox 305 2111 2444 2146; baseline 0 -5"><span class='ocrx_word' id='word_1_1250' title='bbox 305 2122 327 2141; x_wconf 83' lang='lat' dir='ltr'>H</span> <span class='ocrx_word' id='word_1_1251' title='bbox 338 2122 381 2142; x_wconf 82' lang='lat' dir='ltr'>ER</span> <span class='ocrx_word' id='word_1_1252' title='bbox 390 2122 412 2141; x_wconf 85' lang='lat' dir='ltr'>A</span> <span class='ocrx_word' id='word_1_1253' title='bbox 423 2120 439 2140; x_wconf 87' lang='lat' dir='ltr'>c</span> <span class='ocrx_word' id='word_1_1254' title='bbox 450 2122 465 2141; x_wconf 92' lang='lat' dir='ltr'>L</span> <span class='ocrx_word' id='word_1_1255' title='bbox 475 2122 490 2141; x_wconf 97' lang='grc' dir='ltr'>Ε</span> <span class='ocrx_word' id='word_1_1256' title='bbox 500 2122 519 2142; x_wconf 89' lang='lat'><em>0</em></span> <span class='ocrx_word' id='word_1_1257' title='bbox 529 2122 541 2141; x_wconf 93' lang='lat' dir='ltr'>s</span> <span class='ocrx_word' id='word_1_1258' title='bbox 550 2134 557 2145; x_wconf 93' lang='lat'><strong>‚</strong></span> <span class='ocrx_word' id='word_1_1259' title='bbox 586 2121 607 2140; x_wconf 87' lang='lat' dir='ltr'>H</span> <span class='ocrx_word' id='word_1_1260' title='bbox 617 2120 633 2139; x_wconf 84' lang='lat' dir='ltr'>E</span> <span class='ocrx_word' id='word_1_1261' title='bbox 643 2120 742 2141; x_wconf 54' lang='lat' dir='ltr'>RAc‘L</span> <span class='ocrx_word' id='word_1_1262' title='bbox 751 2120 811 2145; x_wconf 83' lang='lat' dir='ltr'>EA,</span> <span class='ocrx_word' id='word_1_1263' title='bbox 839 2119 859 2140; x_wconf 91' lang='lat' dir='ltr'>H</span> <span class='ocrx_word' id='word_1_1264' title='bbox 868 2120 885 2140; x_wconf 97' lang='grc' dir='ltr'>Ε</span> <span class='ocrx_word' id='word_1_1265' title='bbox 895 2120 913 2140; x_wconf 97' lang='lat' dir='ltr'>R</span> <span class='ocrx_word' id='word_1_1266' title='bbox 925 2120 947 2139; x_wconf 85' lang='lat' dir='ltr'>A</span> <span class='ocrx_word' id='word_1_1267' title='bbox 956 2119 972 2140; x_wconf 87' lang='lat' dir='ltr'>c</span> <span class='ocrx_word' id='word_1_1268' title='bbox 982 2120 998 2139; x_wconf 89' lang='lat' dir='ltr'>L</span> <span class='ocrx_word' id='word_1_1269' title='bbox 1009 2120 1018 2139; x_wconf 90' lang='lat'>1</span> <span class='ocrx_word' id='word_1_1270' title='bbox 1028 2120 1049 2140; x_wconf 87' lang='lat' dir='ltr'>A</span> <span class='ocrx_word' id='word_1_1271' title='bbox 1058 2132 1065 2143; x_wconf 92' lang='lat'><em>‚</em></span> <span class='ocrx_word' id='word_1_1272' title='bbox 1097 2113 1213 2138; x_wconf 81' lang='lat' dir='ltr'>Herculis</span> <span class='ocrx_word' id='word_1_1273' title='bbox 1232 2111 1316 2138; x_wconf 83' lang='lat' dir='ltr'>herba.</span> <span class='ocrx_word' id='word_1_1274' title='bbox 1378 2113 1540 2146; x_wconf 48' lang='lat' dir='ltr'>tepefactum</span> <span class='ocrx_word' id='word_1_1275' title='bbox 1558 2112 1698 2146; x_wconf 78' lang='lat' dir='ltr'>complexu</span> <span class='ocrx_word' id='word_1_1276' title='bbox 1717 2113 1764 2139; x_wconf 90' lang='lat' dir='ltr'>suo</span> <span class='ocrx_word' id='word_1_1277' title='bbox 1786 2112 1927 2144; x_wconf 79' lang='lat' dir='ltr'>diffundit,</span> <span class='ocrx_word' id='word_1_1278' title='bbox 1947 2117 1972 2138; x_wconf 87' lang='lat' dir='ltr'>et</span> <span class='ocrx_word' id='word_1_1279' title='bbox 1992 2113 2066 2139; x_wconf 86' lang='lat' dir='ltr'>elicit</span> <span class='ocrx_word' id='word_1_1280' title='bbox 2083 2113 2280 2140; x_wconf 83' lang='lat' dir='ltr'>herbescentem</span> <span class='ocrx_word' id='word_1_1281' title='bbox 2297 2123 2330 2141; x_wconf 85' lang='lat' dir='ltr'>ex</span> <span class='ocrx_word' id='word_1_1282' title='bbox 2343 2124 2376 2142; x_wconf 85' lang='lat' dir='ltr'>eo</span> <span class='ocrx_word' id='word_1_1283' title='bbox 2389 2115 2444 2146; x_wconf 56' lang='lat' dir='ltr'>vi-.¹</span> 
     </span>
     <span class='ocr_line' id='line_1_67' title="bbox 267 2147 2450 2184; baseline 0 -7"><span class='ocrx_word' id='word_1_1284' title='bbox 267 2151 422 2184; x_wconf 84' lang='lat' dir='ltr'>Plin.20‚17</span> <span class='ocrx_word' id='word_1_1285' title='bbox 435 2158 457 2176; x_wconf 78' lang='grc' dir='ltr'>ει</span> <span class='ocrx_word' id='word_1_1286' title='bbox 475 2159 512 2183; x_wconf 83' lang='lat'>19,</span> <span class='ocrx_word' id='word_1_1287' title='bbox 528 2158 567 2182; x_wconf 78' lang='lat'>25,</span> <span class='ocrx_word' id='word_1_1288' title='bbox 581 2156 644 2184; x_wconf 81' lang='lat' dir='ltr'>4-et</span> <span class='ocrx_word' id='word_1_1289' title='bbox 658 2157 685 2184; x_wconf 89' lang='lat'>7.</span> <span class='ocrx_word' id='word_1_1290' title='bbox 721 2152 764 2183; x_wconf 81' lang='lat'>26,</span> <span class='ocrx_word' id='word_1_1291' title='bbox 779 2159 807 2184; x_wconf 89' lang='lat'>4,</span> <span class='ocrx_word' id='word_1_1292' title='bbox 824 2154 859 2178; x_wconf 86' lang='grc'>18.</span> <span class='ocrx_word' id='word_1_1293' title='bbox 910 2148 988 2183; x_wconf 85' lang='lat' dir='ltr'>Apul.</span> <span class='ocrx_word' id='word_1_1294' title='bbox 1002 2148 1034 2174; x_wconf 90' lang='lat' dir='ltr'>de</span> <span class='ocrx_word' id='word_1_1295' title='bbox 1054 2147 1139 2174; x_wconf 87' lang='lat' dir='ltr'>Herb.</span> <span class='ocrx_word' id='word_1_1296' title='bbox 1156 2153 1189 2176; x_wconf 81' lang='lat'>18.</span> <span class='ocrx_word' id='word_1_1297' title='bbox 1215 2154 1252 2180; x_wconf 84' lang='lat'>47</span> <span class='ocrx_word' id='word_1_1298' title='bbox 1271 2153 1315 2172; x_wconf 80' lang='lat' dir='ltr'>etc.</span> <span class='ocrx_word' id='word_1_1299' title='bbox 1333 2151 1362 2178; x_wconf 77' lang='lat'>55</span> <span class='ocrx_word' id='word_1_1300' title='bbox 1378 2148 1523 2173; x_wconf 78' lang='lat' dir='ltr'>riditatem.</span> <span class='ocrx_word' id='word_1_1301' title='bbox 1608 2148 1785 2180; x_wconf 82' lang='lat' dir='ltr'>Herbascere,</span> <span class='ocrx_word' id='word_1_1302' title='bbox 1805 2156 1854 2183; x_wconf 78' lang='lat' dir='ltr'>pro</span> <span class='ocrx_word' id='word_1_1303' title='bbox 1873 2148 1972 2174; x_wconf 75' lang='lat' dir='ltr'>Herbas</span> <span class='ocrx_word' id='word_1_1304' title='bbox 1988 2158 2113 2184; x_wconf 78' lang='lat' dir='ltr'>generare.</span> <span class='ocrx_word' id='word_1_1305' title='bbox 2158 2149 2224 2177; x_wconf 88' lang='lat' dir='ltr'>Plin.</span> <span class='ocrx_word' id='word_1_1306' title='bbox 2244 2158 2286 2182; x_wconf 85' lang='lat'>19,</span> <span class='ocrx_word' id='word_1_1307' title='bbox 2306 2155 2320 2181; x_wconf 89' lang='lat'>8</span> <span class='ocrx_word' id='word_1_1308' title='bbox 2355 2151 2431 2184; x_wconf 77' lang='lat' dir='ltr'>Qiin</span> <span class='ocrx_word' id='word_1_1309' title='bbox 2443 2180 2450 2183; x_wconf 55' lang='grc'>,</span> 
     </span>
     <span class='ocr_line' id='line_1_68' title="bbox 269 2181 2450 2221; baseline 0.003 -13"><span class='ocrx_word' id='word_1_1310' title='bbox 269 2195 315 2220; x_wconf 84' lang='lat'>49,</span> <span class='ocrx_word' id='word_1_1311' title='bbox 334 2194 375 2221; x_wconf 83' lang='lat'>72,</span> <span class='ocrx_word' id='word_1_1312' title='bbox 403 2191 437 2215; x_wconf 79' lang='lat'>81.</span> <span class='ocrx_word' id='word_1_1313' title='bbox 1158 2216 1160 2219; x_wconf 91' lang='lat'>.</span> <span class='ocrx_word' id='word_1_1314' title='bbox 1379 2188 1405 2208; x_wconf 89' lang='lat' dir='ltr'>et</span> <span class='ocrx_word' id='word_1_1315' title='bbox 1424 2181 1511 2208; x_wconf 87' lang='lat' dir='ltr'>ouillo</span> <span class='ocrx_word' id='word_1_1316' title='bbox 1531 2181 1596 2207; x_wconf 86' lang='lat' dir='ltr'>fimo</span> <span class='ocrx_word' id='word_1_1317' title='bbox 1616 2183 1777 2209; x_wconf 86' lang='lat' dir='ltr'>nominatim</span> <span class='ocrx_word' id='word_1_1318' title='bbox 1799 2184 1861 2216; x_wconf 86' lang='lat' dir='ltr'>vti,</span> <span class='ocrx_word' id='word_1_1319' title='bbox 1893 2184 2023 2217; x_wconf 87' lang='lat' dir='ltr'>quoniam</span> <span class='ocrx_word' id='word_1_1320' title='bbox 2048 2184 2123 2211; x_wconf 86' lang='lat' dir='ltr'>aliud</span> <span class='ocrx_word' id='word_1_1321' title='bbox 2146 2184 2321 2213; x_wconf 82' lang='lat' dir='ltr'>herbasceret.</span> <span class='ocrx_word' id='word_1_1322' title='bbox 2367 2186 2450 2214; x_wconf 56' lang='lat' dir='ltr'>Vide&lt;</span> 
     </span>
    </p>

    <p class='ocr_par' dir='ltr' id='par_1_23' title="bbox 306 2217 1549 2256">
     <span class='ocr_line' id='line_1_69' title="bbox 306 2217 1549 2256; baseline -0.005 -8"><span class='ocrx_word' id='word_1_1323' title='bbox 306 2228 327 2247; x_wconf 85' lang='lat' dir='ltr'>H</span> <span class='ocrx_word' id='word_1_1324' title='bbox 337 2228 353 2248; x_wconf 87' lang='lat' dir='ltr'>E</span> <span class='ocrx_word' id='word_1_1325' title='bbox 363 2228 382 2248; x_wconf 91' lang='lat' dir='ltr'>R</span> <span class='ocrx_word' id='word_1_1326' title='bbox 391 2228 412 2247; x_wconf 80' lang='lat' dir='ltr'>A</span> <span class='ocrx_word' id='word_1_1327' title='bbox 423 2225 440 2246; x_wconf 89' lang='lat' dir='ltr'>C</span> <span class='ocrx_word' id='word_1_1328' title='bbox 451 2227 467 2246; x_wconf 91' lang='lat' dir='ltr'>L</span> <span class='ocrx_word' id='word_1_1329' title='bbox 480 2227 490 2246; x_wconf 93' lang='lat'>1</span> <span class='ocrx_word' id='word_1_1330' title='bbox 498 2226 516 2246; x_wconf 92' lang='lat' dir='ltr'>D</span> <span class='ocrx_word' id='word_1_1331' title='bbox 524 2226 541 2246; x_wconf 87' lang='grc' dir='ltr'>Ε</span> <span class='ocrx_word' id='word_1_1332' title='bbox 550 2225 563 2244; x_wconf 83' lang='lat' dir='ltr'>S</span> <span class='ocrx_word' id='word_1_1333' title='bbox 573 2239 581 2251; x_wconf 94' lang='lat'>,</span> <span class='ocrx_word' id='word_1_1334' title='bbox 618 2220 735 2246; x_wconf 76' lang='lat' dir='ltr'>Herculis</span> <span class='ocrx_word' id='word_1_1335' title='bbox 753 2222 899 2256; x_wconf 81' lang='lat' dir='ltr'>progeniem</span> <span class='ocrx_word' id='word_1_1336' title='bbox 915 2218 1055 2255; x_wconf 78' lang='lat' dir='ltr'>fignificat.</span> <span class='ocrx_word' id='word_1_1337' title='bbox 1121 2218 1162 2245; x_wconf 86' lang='lat' dir='ltr'>Sic</span> <span class='ocrx_word' id='word_1_1338' title='bbox 1378 2217 1549 2244; x_wconf 71' lang='lat' dir='ltr'>Harduinum.</span> 
     </span>
    </p>

    <p class='ocr_par' dir='ltr' id='par_1_24' title="bbox 263 2251 2479 2400">
     <span class='ocr_line' id='line_1_70' title="bbox 304 2251 2479 2292; baseline 0 -9"><span class='ocrx_word' id='word_1_1339' title='bbox 304 2263 327 2286; x_wconf 90' lang='lat' dir='ltr'>H</span> <span class='ocrx_word' id='word_1_1340' title='bbox 337 2263 352 2283; x_wconf 90' lang='grc' dir='ltr'><strong><em>Ε</em></strong></span> <span class='ocrx_word' id='word_1_1341' title='bbox 363 2264 381 2283; x_wconf 88' lang='lat' dir='ltr'>R</span> <span class='ocrx_word' id='word_1_1342' title='bbox 390 2263 411 2283; x_wconf 88' lang='lat' dir='ltr'>A</span> <span class='ocrx_word' id='word_1_1343' title='bbox 420 2263 437 2283; x_wconf 88' lang='lat' dir='ltr'>c</span> <span class='ocrx_word' id='word_1_1344' title='bbox 448 2262 464 2281; x_wconf 88' lang='lat' dir='ltr'>L</span> <span class='ocrx_word' id='word_1_1345' title='bbox 476 2262 484 2281; x_wconf 86' lang='lat'><strong>1</strong></span> <span class='ocrx_word' id='word_1_1346' title='bbox 495 2262 514 2281; x_wconf 88' lang='lat' dir='ltr'>D</span> <span class='ocrx_word' id='word_1_1347' title='bbox 523 2262 544 2281; x_wconf 88' lang='lat' dir='ltr'>A</span> <span class='ocrx_word' id='word_1_1348' title='bbox 554 2261 569 2280; x_wconf 90' lang='grc' dir='ltr'>Ε</span> <span class='ocrx_word' id='word_1_1349' title='bbox 577 2274 586 2286; x_wconf 88' lang='grc'>,</span> <span class='ocrx_word' id='word_1_1350' title='bbox 606 2263 689 2280; x_wconf 84' lang='lat' dir='ltr'>arum.</span> <span class='ocrx_word' id='word_1_1351' title='bbox 707 2265 742 2283; x_wconf 72' lang='lat' dir='ltr'>m,</span> <span class='ocrx_word' id='word_1_1352' title='bbox 774 2255 869 2288; x_wconf 76' lang='lat' dir='ltr'>Posteri</span> <span class='ocrx_word' id='word_1_1353' title='bbox 884 2256 1010 2288; x_wconf 67' lang='lat' dir='ltr'>Hercula,</span> <span class='ocrx_word' id='word_1_1354' title='bbox 1021 2257 1064 2291; x_wconf 79' lang='lat' dir='ltr'>qui</span> <span class='ocrx_word' id='word_1_1355' title='bbox 1077 2251 1231 2289; x_wconf 79' lang='lat' dir='ltr'>Peloponnest</span> <span class='ocrx_word' id='word_1_1356' title='bbox 1244 2255 1318 2287; x_wconf 78' lang='lat' dir='ltr'>impe-</span> <span class='ocrx_word' id='word_1_1357' title='bbox 1413 2259 1434 2279; x_wconf 89' lang='lat' dir='ltr'>H</span> <span class='ocrx_word' id='word_1_1358' title='bbox 1443 2260 1460 2279; x_wconf 87' lang='grc' dir='ltr'>Ε</span> <span class='ocrx_word' id='word_1_1359' title='bbox 1469 2260 1488 2279; x_wconf 87' lang='lat' dir='ltr'>R</span> <span class='ocrx_word' id='word_1_1360' title='bbox 1497 2259 1513 2279; x_wconf 80' lang='lat' dir='ltr'><strong>B</strong></span> <span class='ocrx_word' id='word_1_1361' title='bbox 1522 2260 1543 2278; x_wconf 87' lang='lat' dir='ltr'>A</span> <span class='ocrx_word' id='word_1_1362' title='bbox 1552 2259 1616 2278; x_wconf 88' lang='lat' dir='ltr'>R1V</span> <span class='ocrx_word' id='word_1_1363' title='bbox 1627 2259 1640 2279; x_wconf 87' lang='lat' dir='ltr'>s</span> <span class='ocrx_word' id='word_1_1364' title='bbox 1652 2272 1661 2285; x_wconf 93' lang='lat'>,</span> <span class='ocrx_word' id='word_1_1365' title='bbox 1687 2261 1717 2285; x_wconf 87' lang='lat' dir='ltr'>a,</span> <span class='ocrx_word' id='word_1_1366' title='bbox 1742 2261 1797 2279; x_wconf 88' lang='lat' dir='ltr'>um.</span> <span class='ocrx_word' id='word_1_1367' title='bbox 1833 2252 1894 2279; x_wconf 86' lang='lat' dir='ltr'>Adi.</span> <span class='ocrx_word' id='word_1_1368' title='bbox 1931 2252 2096 2287; x_wconf 58' lang='grc' dir='ltr'>[βοτανικὰ]</span> <span class='ocrx_word' id='word_1_1369' title='bbox 2140 2255 2188 2281; x_wconf 78' lang='lat' dir='ltr'>Ars</span> <span class='ocrx_word' id='word_1_1370' title='bbox 2208 2255 2346 2288; x_wconf 86' lang='lat' dir='ltr'>herbaria,</span> <span class='ocrx_word' id='word_1_1371' title='bbox 2371 2257 2429 2292; x_wconf 70' lang='lat' dir='ltr'>Qu</span> <span class='ocrx_word' id='word_1_1372' title='bbox 2438 2252 2445 2258; x_wconf 75' lang='grc'><strong>”</strong></span> <span class='ocrx_word' id='word_1_1373' title='bbox 2472 2261 2479 2274; x_wconf 90' lang='grc'>·’</span> 
     </span>
     <span class='ocr_line' id='line_1_71' title="bbox 267 2288 2479 2327; baseline -0 -7"><span class='ocrx_word' id='word_1_1374' title='bbox 267 2295 333 2320; x_wconf 75' lang='lat' dir='ltr'>rium</span> <span class='ocrx_word' id='word_1_1375' title='bbox 347 2292 491 2319; x_wconf 72' lang='lat' dir='ltr'>hahuerunt.</span> <span class='ocrx_word' id='word_1_1376' title='bbox 534 2290 707 2326; x_wconf 58' lang='lat' dir='ltr'>Vidfflanfim.</span> <span class='ocrx_word' id='word_1_1377' title='bbox 721 2298 744 2316; x_wconf 81' lang='lat' dir='ltr'>et</span> <span class='ocrx_word' id='word_1_1378' title='bbox 756 2291 854 2317; x_wconf 75' lang='lat' dir='ltr'>Patere.</span> <span class='ocrx_word' id='word_1_1379' title='bbox 869 2299 890 2323; x_wconf 91' lang='lat'>1,</span> <span class='ocrx_word' id='word_1_1380' title='bbox 905 2300 926 2323; x_wconf 78' lang='lat'>2,</span> <span class='ocrx_word' id='word_1_1381' title='bbox 943 2299 962 2316; x_wconf 93' lang='grc'>1.</span> <span class='ocrx_word' id='word_1_1382' title='bbox 1138 2288 1159 2327; x_wconf 56' lang='lat' dir='ltr'>q</span> <span class='ocrx_word' id='word_1_1383' title='bbox 1181 2298 1197 2316; x_wconf 84' lang='grc'><strong>2</strong></span> <span class='ocrx_word' id='word_1_1384' title='bbox 1235 2289 1318 2314; x_wconf 84' lang='lat' dir='ltr'>Hera·</span> <span class='ocrx_word' id='word_1_1385' title='bbox 1377 2289 1536 2324; x_wconf 78' lang='lat' dir='ltr'>cognoscitur</span> <span class='ocrx_word' id='word_1_1386' title='bbox 1552 2291 1594 2314; x_wconf 82' lang='lat' dir='ltr'>vis</span> <span class='ocrx_word' id='word_1_1387' title='bbox 1609 2295 1632 2313; x_wconf 82' lang='lat' dir='ltr'>et</span> <span class='ocrx_word' id='word_1_1388' title='bbox 1647 2295 1738 2314; x_wconf 83' lang='lat' dir='ltr'>natura</span> <span class='ocrx_word' id='word_1_1389' title='bbox 1751 2288 1890 2315; x_wconf 84' lang='lat' dir='ltr'>herbarum.</span> <span class='ocrx_word' id='word_1_1390' title='bbox 1927 2288 1994 2314; x_wconf 88' lang='lat' dir='ltr'>Plin.</span> <span class='ocrx_word' id='word_1_1391' title='bbox 2009 2296 2036 2322; x_wconf 87' lang='lat'>7,</span> <span class='ocrx_word' id='word_1_1392' title='bbox 2051 2292 2081 2319; x_wconf 77' lang='lat'>56</span> <span class='ocrx_word' id='word_1_1393' title='bbox 2104 2289 2263 2318; x_wconf 83' lang='lat' dir='ltr'>Herbariam</span> <span class='ocrx_word' id='word_1_1394' title='bbox 2276 2299 2302 2318; x_wconf 88' lang='lat' dir='ltr'>et</span> <span class='ocrx_word' id='word_1_1395' title='bbox 2314 2293 2429 2319; x_wconf 84' lang='lat' dir='ltr'>medica·</span> <span class='ocrx_word' id='word_1_1396' title='bbox 2473 2310 2479 2318; x_wconf 81' lang='lat'>.</span> 
     </span>
     <span class='ocr_line' id='line_1_72' title="bbox 268 2322 2426 2362; baseline -0 -8"><span class='ocrx_word' id='word_1_1397' title='bbox 268 2328 350 2355; x_wconf 83' lang='lat' dir='ltr'>elides</span> <span class='ocrx_word' id='word_1_1398' title='bbox 363 2330 436 2353; x_wconf 85' lang='lat' dir='ltr'>etiam</span> <span class='ocrx_word' id='word_1_1399' title='bbox 454 2327 584 2352; x_wconf 85' lang='lat' dir='ltr'>multorum</span> <span class='ocrx_word' id='word_1_1400' title='bbox 596 2335 697 2357; x_wconf 81' lang='lat' dir='ltr'>nomen,</span> <span class='ocrx_word' id='word_1_1401' title='bbox 728 2328 756 2351; x_wconf 81' lang='lat' dir='ltr'>in</span> <span class='ocrx_word' id='word_1_1402' title='bbox 776 2327 862 2362; x_wconf 80' lang='lat' dir='ltr'>quibus</span> <span class='ocrx_word' id='word_1_1403' title='bbox 882 2329 909 2351; x_wconf 85' lang='lat' dir='ltr'>in</span> <span class='ocrx_word' id='word_1_1404' title='bbox 925 2328 1020 2360; x_wconf 81' lang='lat' dir='ltr'>primis</span> <span class='ocrx_word' id='word_1_1405' title='bbox 1039 2324 1174 2351; x_wconf 74' lang='lat' dir='ltr'>celebratur</span> <span class='ocrx_word' id='word_1_1406' title='bbox 1194 2324 1317 2351; x_wconf 88' lang='lat' dir='ltr'>Ponticus</span> <span class='ocrx_word' id='word_1_1407' title='bbox 1331 2326 1365 2350; x_wconf 89' lang='lat'>60</span> <span class='ocrx_word' id='word_1_1408' title='bbox 1379 2323 1535 2350; x_wconf 80' lang='lat' dir='ltr'>mentariam</span> <span class='ocrx_word' id='word_1_1409' title='bbox 1554 2332 1568 2348; x_wconf 78' lang='lat' dir='ltr'>a</span> <span class='ocrx_word' id='word_1_1410' title='bbox 1590 2322 1709 2350; x_wconf 86' lang='lat' dir='ltr'>Chirone</span> <span class='ocrx_word' id='word_1_1411' title='bbox 1731 2324 1837 2350; x_wconf 87' lang='lat' dir='ltr'>Saturni</span> <span class='ocrx_word' id='word_1_1412' title='bbox 1855 2330 1881 2350; x_wconf 87' lang='lat' dir='ltr'>et</span> <span class='ocrx_word' id='word_1_1413' title='bbox 1895 2322 2026 2355; x_wconf 87' lang='lat' dir='ltr'>Phyllirae</span> <span class='ocrx_word' id='word_1_1414' title='bbox 2047 2322 2111 2348; x_wconf 85' lang='lat' dir='ltr'>filio.</span> <span class='ocrx_word' id='word_1_1415' title='bbox 2138 2324 2262 2358; x_wconf 73' lang='lat' dir='ltr'>subaudi,</span> <span class='ocrx_word' id='word_1_1416' title='bbox 2285 2328 2426 2361; x_wconf 73' lang='lat' dir='ltr'>Repertam</span> 
     </span>
     <span class='ocr_line' id='line_1_73' title="bbox 263 2356 2426 2400; baseline -0.002 -11"><span class='ocrx_word' id='word_1_1417' title='bbox 263 2363 441 2400; x_wconf 77' lang='lat' dir='ltr'>philosophus,</span> <span class='ocrx_word' id='word_1_1418' title='bbox 458 2364 501 2397; x_wconf 88' lang='lat' dir='ltr'>qui</span> <span class='ocrx_word' id='word_1_1419' title='bbox 514 2361 627 2388; x_wconf 77' lang='lat' dir='ltr'>Athenas</span> <span class='ocrx_word' id='word_1_1420' title='bbox 640 2361 767 2396; x_wconf 78' lang='lat' dir='ltr'>conceffit,</span> <span class='ocrx_word' id='word_1_1421' title='bbox 792 2361 873 2397; x_wconf 82' lang='lat' dir='ltr'>ibique</span> <span class='ocrx_word' id='word_1_1422' title='bbox 894 2363 1034 2393; x_wconf 80' lang='lat' dir='ltr'>Platonem,</span> <span class='ocrx_word' id='word_1_1423' title='bbox 1060 2360 1146 2386; x_wconf 71' lang='lat' dir='ltr'>deinde</span> <span class='ocrx_word' id='word_1_1424' title='bbox 1160 2358 1319 2392; x_wconf 73' lang='lat' dir='ltr'>Aristotelem</span> <span class='ocrx_word' id='word_1_1425' title='bbox 1379 2360 1454 2386; x_wconf 86' lang='lat' dir='ltr'>fuisse</span> <span class='ocrx_word' id='word_1_1426' title='bbox 1469 2360 1583 2387; x_wconf 85' lang='lat' dir='ltr'>tradunt.</span> <span class='ocrx_word' id='word_1_1427' title='bbox 1781 2356 1801 2395; x_wconf 55' lang='lat' dir='ltr'><strong>ff</strong></span> <span class='ocrx_word' id='word_1_1428' title='bbox 1823 2367 1839 2385; x_wconf 83' lang='lat'>2</span> <span class='ocrx_word' id='word_1_1429' title='bbox 1875 2358 2038 2389; x_wconf 84' lang='lat' dir='ltr'>Herbarius,</span> <span class='ocrx_word' id='word_1_1430' title='bbox 2066 2359 2259 2392; x_wconf 70' lang='grc' dir='ltr'>[βοτανολόγος]</span> <span class='ocrx_word' id='word_1_1431' title='bbox 2294 2362 2344 2396; x_wconf 68' lang='lat' dir='ltr'>Q:</span> <span class='ocrx_word' id='word_1_1432' title='bbox 2352 2365 2426 2395; x_wconf 67' lang='lat' dir='ltr'>peri.</span> 
     </span>
    </p>
   </div>
   <div class='ocr_carea' id='block_1_11' title="bbox 267 2393 2472 2575">
    <p class='ocr_par' dir='ltr' id='par_1_25' title="bbox 267 2393 2472 2501">
     <span class='ocr_line' id='line_1_74' title="bbox 267 2393 2472 2432; baseline -0.001 -7"><span class='ocrx_word' id='word_1_1433' title='bbox 267 2399 375 2426; x_wconf 74' lang='lat' dir='ltr'>audiuit.</span> <span class='ocrx_word' id='word_1_1434' title='bbox 437 2399 484 2423; x_wconf 82' lang='lat' dir='ltr'>Vir</span> <span class='ocrx_word' id='word_1_1435' title='bbox 490 2396 549 2432; x_wconf 85' lang='lat' dir='ltr'>fuit</span> <span class='ocrx_word' id='word_1_1436' title='bbox 562 2397 681 2422; x_wconf 82' lang='lat' dir='ltr'>mollioris</span> <span class='ocrx_word' id='word_1_1437' title='bbox 693 2397 807 2429; x_wconf 72' lang='lat' dir='ltr'>habitus,</span> <span class='ocrx_word' id='word_1_1438' title='bbox 832 2403 862 2423; x_wconf 86' lang='lat' dir='ltr'>vt</span> <span class='ocrx_word' id='word_1_1439' title='bbox 869 2404 918 2432; x_wconf 78' lang='lat' dir='ltr'>pro</span> <span class='ocrx_word' id='word_1_1440' title='bbox 933 2398 1043 2423; x_wconf 80' lang='lat' dir='ltr'>Pontico</span> <span class='ocrx_word' id='word_1_1441' title='bbox 1060 2396 1198 2430; x_wconf 79' lang='lat' dir='ltr'>Pompieus</span> <span class='ocrx_word' id='word_1_1442' title='bbox 1212 2403 1319 2421; x_wconf 82' lang='lat' dir='ltr'>vocare·</span> <span class='ocrx_word' id='word_1_1443' title='bbox 1379 2402 1422 2421; x_wconf 82' lang='lat' dir='ltr'>tus</span> <span class='ocrx_word' id='word_1_1444' title='bbox 1434 2395 1563 2422; x_wconf 82' lang='lat' dir='ltr'>herbarum</span> <span class='ocrx_word' id='word_1_1445' title='bbox 1578 2403 1619 2421; x_wconf 82' lang='lat' dir='ltr'>eas</span> <span class='ocrx_word' id='word_1_1446' title='bbox 1633 2394 1690 2421; x_wconf 86' lang='lat' dir='ltr'>colli</span> <span class='ocrx_word' id='word_1_1447' title='bbox 1709 2397 1740 2426; x_wconf 88' lang='lat' dir='ltr'>it,</span> <span class='ocrx_word' id='word_1_1448' title='bbox 1756 2394 1896 2429; x_wconf 74' lang='lat' dir='ltr'>vendiique,</span> <span class='ocrx_word' id='word_1_1449' title='bbox 1916 2401 1939 2419; x_wconf 83' lang='lat' dir='ltr'>et</span> <span class='ocrx_word' id='word_1_1450' title='bbox 1951 2403 1979 2419; x_wconf 82' lang='lat' dir='ltr'>ex</span> <span class='ocrx_word' id='word_1_1451' title='bbox 1992 2396 2026 2419; x_wconf 82' lang='lat' dir='ltr'>eis</span> <span class='ocrx_word' id='word_1_1452' title='bbox 2037 2393 2210 2420; x_wconf 77' lang='lat' dir='ltr'>medicamenta</span> <span class='ocrx_word' id='word_1_1453' title='bbox 2222 2394 2330 2430; x_wconf 83' lang='lat' dir='ltr'>conficit.</span> <span class='ocrx_word' id='word_1_1454' title='bbox 2357 2395 2423 2422; x_wconf 74' lang='lat' dir='ltr'>Ptin.</span> <span class='ocrx_word' id='word_1_1455' title='bbox 2469 2425 2472 2428; x_wconf 21' lang='lat'><strong>⁴</strong></span> 
     </span>
     <span class='ocr_line' id='line_1_75' title="bbox 268 2427 2423 2467; baseline -0.001 -7"><span class='ocrx_word' id='word_1_1456' title='bbox 268 2439 322 2460; x_wconf 87' lang='lat' dir='ltr'>tur.</span> <span class='ocrx_word' id='word_1_1457' title='bbox 374 2431 475 2459; x_wconf 62' lang='lat' dir='ltr'>Aublor</span> <span class='ocrx_word' id='word_1_1458' title='bbox 493 2433 616 2467; x_wconf 74' lang='lat' dir='ltr'>Diogenes</span> <span class='ocrx_word' id='word_1_1459' title='bbox 640 2433 758 2458; x_wconf 60' lang='lat' dir='ltr'>Laertius</span> <span class='ocrx_word' id='word_1_1460' title='bbox 777 2442 810 2466; x_wconf 80' lang='lat'>5,</span> <span class='ocrx_word' id='word_1_1461' title='bbox 834 2436 876 2462; x_wconf 73' lang='lat'>86.</span> <span class='ocrx_word' id='word_1_1462' title='bbox 930 2433 1013 2458; x_wconf 79' lang='lat' dir='ltr'>Huius</span> <span class='ocrx_word' id='word_1_1463' title='bbox 1036 2434 1109 2457; x_wconf 76' lang='lat' dir='ltr'>etiam</span> <span class='ocrx_word' id='word_1_1464' title='bbox 1127 2434 1238 2458; x_wconf 79' lang='lat' dir='ltr'>meminit</span> <span class='ocrx_word' id='word_1_1465' title='bbox 1261 2430 1317 2457; x_wconf 88' lang='lat' dir='ltr'>Cic.</span> <span class='ocrx_word' id='word_1_1466' title='bbox 1379 2433 1424 2462; x_wconf 84' lang='lat'>26,</span> <span class='ocrx_word' id='word_1_1467' title='bbox 1439 2439 1460 2463; x_wconf 76' lang='grc' dir='ltr'>ς.</span> <span class='ocrx_word' id='word_1_1468' title='bbox 1495 2430 1569 2456; x_wconf 85' lang='lat' dir='ltr'>Idem</span> <span class='ocrx_word' id='word_1_1469' title='bbox 1584 2438 1668 2464; x_wconf 87' lang='lat'>20,17</span> <span class='ocrx_word' id='word_1_1470' title='bbox 1718 2429 1791 2456; x_wconf 89' lang='lat' dir='ltr'>alion</span> <span class='ocrx_word' id='word_1_1471' title='bbox 1805 2429 1945 2456; x_wconf 81' lang='lat' dir='ltr'>herbarius</span> <span class='ocrx_word' id='word_1_1472' title='bbox 1959 2427 2168 2464; x_wconf 78' lang='lat' dir='ltr'>parturientibus</span> <span class='ocrx_word' id='word_1_1473' title='bbox 2180 2437 2212 2455; x_wconf 85' lang='lat' dir='ltr'>ex</span> <span class='ocrx_word' id='word_1_1474' title='bbox 2224 2438 2256 2456; x_wconf 84' lang='lat' dir='ltr'>eo</span> <span class='ocrx_word' id='word_1_1475' title='bbox 2270 2431 2423 2466; x_wconf 74' lang='lat' dir='ltr'>cataplasma</span> 
     </span>
     <span class='ocr_line' id='line_1_76' title="bbox 269 2466 2062 2501; baseline -0.002 -8"><span class='ocrx_word' id='word_1_1476' title='bbox 269 2469 352 2497; x_wconf 84' lang='lat' dir='ltr'>Tusc.</span> <span class='ocrx_word' id='word_1_1477' title='bbox 368 2477 389 2499; x_wconf 80' lang='grc' dir='ltr'>ς.</span> <span class='ocrx_word' id='word_1_1478' title='bbox 451 2468 513 2494; x_wconf 86' lang='lat' dir='ltr'>Sunt</span> <span class='ocrx_word' id='word_1_1479' title='bbox 529 2474 552 2492; x_wconf 82' lang='lat' dir='ltr'>et</span> <span class='ocrx_word' id='word_1_1480' title='bbox 568 2468 614 2493; x_wconf 85' lang='lat' dir='ltr'>alii</span> <span class='ocrx_word' id='word_1_1481' title='bbox 627 2469 699 2493; x_wconf 87' lang='lat' dir='ltr'>multi</span> <span class='ocrx_word' id='word_1_1482' title='bbox 712 2467 784 2493; x_wconf 83' lang='lat' dir='ltr'>huius</span> <span class='ocrx_word' id='word_1_1483' title='bbox 798 2470 906 2493; x_wconf 78' lang='lat' dir='ltr'>nominir</span> <span class='ocrx_word' id='word_1_1484' title='bbox 918 2467 985 2501; x_wconf 75' lang='lat' dir='ltr'>apud</span> <span class='ocrx_word' id='word_1_1485' title='bbox 998 2468 1133 2493; x_wconf 68' lang='lat' dir='ltr'>Laertium.</span> <span class='ocrx_word' id='word_1_1486' title='bbox 1378 2466 1507 2500; x_wconf 85' lang='lat' dir='ltr'>imposuit</span> <span class='ocrx_word' id='word_1_1487' title='bbox 1527 2475 1588 2492; x_wconf 84' lang='lat' dir='ltr'>cuni</span> <span class='ocrx_word' id='word_1_1488' title='bbox 1605 2466 1679 2499; x_wconf 90' lang='lat' dir='ltr'>opio.</span> <span class='ocrx_word' id='word_1_1489' title='bbox 2059 2489 2062 2493; x_wconf 76' lang='grc'>,</span> 
     </span>
    </p>

    <p class='ocr_par' dir='ltr' id='par_1_26' title="bbox 270 2498 2424 2575">
     <span class='ocr_line' id='line_1_77' title="bbox 307 2498 2424 2536; baseline -0.003 -5"><span class='ocrx_word' id='word_1_1490' title='bbox 307 2511 328 2530; x_wconf 88' lang='lat' dir='ltr'>H</span> <span class='ocrx_word' id='word_1_1491' title='bbox 339 2511 355 2531; x_wconf 84' lang='grc' dir='ltr'>Ε</span> <span class='ocrx_word' id='word_1_1492' title='bbox 364 2511 383 2530; x_wconf 92' lang='lat' dir='ltr'>R</span> <span class='ocrx_word' id='word_1_1493' title='bbox 393 2511 414 2530; x_wconf 82' lang='grc' dir='ltr'>Α</span> <span class='ocrx_word' id='word_1_1494' title='bbox 425 2509 442 2530; x_wconf 93' lang='lat' dir='ltr'>C</span> <span class='ocrx_word' id='word_1_1495' title='bbox 454 2510 470 2529; x_wconf 91' lang='lat' dir='ltr'>L</span> <span class='ocrx_word' id='word_1_1496' title='bbox 480 2509 489 2528; x_wconf 89' lang='lat'>1</span> <span class='ocrx_word' id='word_1_1497' title='bbox 499 2508 517 2528; x_wconf 91' lang='lat' dir='ltr'>D</span> <span class='ocrx_word' id='word_1_1498' title='bbox 527 2510 536 2528; x_wconf 85' lang='lat'>1</span> <span class='ocrx_word' id='word_1_1499' title='bbox 548 2508 568 2527; x_wconf 91' lang='lat' dir='ltr'>V</span> <span class='ocrx_word' id='word_1_1500' title='bbox 580 2509 593 2528; x_wconf 87' lang='lat' dir='ltr'>s</span> <span class='ocrx_word' id='word_1_1501' title='bbox 602 2522 608 2532; x_wconf 89' lang='lat'>,</span> <span class='ocrx_word' id='word_1_1502' title='bbox 633 2510 646 2528; x_wconf 89' lang='lat' dir='ltr'>a</span> <span class='ocrx_word' id='word_1_1503' title='bbox 655 2523 663 2535; x_wconf 97' lang='lat'>,</span> <span class='ocrx_word' id='word_1_1504' title='bbox 691 2511 745 2528; x_wconf 92' lang='lat' dir='ltr'>um.</span> <span class='ocrx_word' id='word_1_1505' title='bbox 795 2503 855 2529; x_wconf 83' lang='lat' dir='ltr'>Adi.</span> <span class='ocrx_word' id='word_1_1506' title='bbox 917 2504 965 2535; x_wconf 79' lang='lat' dir='ltr'>Vt,</span> <span class='ocrx_word' id='word_1_1507' title='bbox 986 2503 1170 2528; x_wconf 77' lang='lat' dir='ltr'>Heraclidium</span> <span class='ocrx_word' id='word_1_1508' title='bbox 1185 2501 1318 2528; x_wconf 84' lang='lat' dir='ltr'>scribendi</span> <span class='ocrx_word' id='word_1_1509' title='bbox 1332 2502 1363 2533; x_wconf 83' lang='lat'>65</span> <span class='ocrx_word' id='word_1_1510' title='bbox 1415 2509 1435 2528; x_wconf 84' lang='lat' dir='ltr'>H</span> <span class='ocrx_word' id='word_1_1511' title='bbox 1444 2509 1460 2528; x_wconf 89' lang='grc' dir='ltr'>Ε</span> <span class='ocrx_word' id='word_1_1512' title='bbox 1470 2509 1487 2527; x_wconf 92' lang='lat' dir='ltr'>R</span> <span class='ocrx_word' id='word_1_1513' title='bbox 1497 2508 1513 2528; x_wconf 89' lang='grc' dir='ltr'><strong>Β</strong></span> <span class='ocrx_word' id='word_1_1514' title='bbox 1522 2509 1537 2527; x_wconf 85' lang='grc' dir='ltr'>Ε</span> <span class='ocrx_word' id='word_1_1515' title='bbox 1548 2507 1569 2527; x_wconf 94' lang='lat' dir='ltr'>O</span> <span class='ocrx_word' id='word_1_1516' title='bbox 1577 2520 1586 2533; x_wconf 90' lang='lat'>,</span> <span class='ocrx_word' id='word_1_1517' title='bbox 1605 2504 1658 2527; x_wconf 70' lang='lat' dir='ltr'>ere.</span> <span class='ocrx_word' id='word_1_1518' title='bbox 1690 2499 1808 2530; x_wconf 80' lang='lat' dir='ltr'>Verbum,</span> <span class='ocrx_word' id='word_1_1519' title='bbox 1823 2510 1852 2526; x_wconf 72' lang='lat' dir='ltr'>ex</span> <span class='ocrx_word' id='word_1_1520' title='bbox 1865 2509 1910 2536; x_wconf 90' lang='lat' dir='ltr'>quo</span> <span class='ocrx_word' id='word_1_1521' title='bbox 1921 2499 2135 2536; x_wconf 66' lang='lat' dir='ltr'>Partic.fieperesl</span> <span class='ocrx_word' id='word_1_1522' title='bbox 2148 2498 2216 2535; x_wconf 75' lang='lat' dir='ltr'>apud</span> <span class='ocrx_word' id='word_1_1523' title='bbox 2224 2498 2302 2534; x_wconf 82' lang='lat' dir='ltr'>Apul.</span> <span class='ocrx_word' id='word_1_1524' title='bbox 2315 2509 2328 2533; x_wconf 90' lang='lat'><strong>7</strong></span> <span class='ocrx_word' id='word_1_1525' title='bbox 2347 2510 2372 2536; x_wconf 77' lang='lat' dir='ltr'>p.</span> <span class='ocrx_word' id='word_1_1526' title='bbox 2380 2509 2424 2535; x_wconf 72' lang='lat'>¹9⁴</span> 
     </span>
     <span class='ocr_line' id='line_1_78' title="bbox 270 2535 2252 2575; baseline -0.003 -9"><span class='ocrx_word' id='word_1_1527' title='bbox 270 2549 350 2575; x_wconf 79' lang='lat' dir='ltr'>genus</span> <span class='ocrx_word' id='word_1_1528' title='bbox 360 2559 368 2572; x_wconf 91' lang='lat'>,</span> <span class='ocrx_word' id='word_1_1529' title='bbox 389 2542 457 2565; x_wconf 66' lang='lat' dir='ltr'>cuius·</span> <span class='ocrx_word' id='word_1_1530' title='bbox 471 2544 561 2564; x_wconf 78' lang='lat' dir='ltr'>mentm</span> <span class='ocrx_word' id='word_1_1531' title='bbox 575 2536 608 2570; x_wconf 82' lang='lat' dir='ltr'>est</span> <span class='ocrx_word' id='word_1_1532' title='bbox 626 2541 653 2563; x_wconf 85' lang='lat' dir='ltr'>in</span> <span class='ocrx_word' id='word_1_1533' title='bbox 665 2537 782 2572; x_wconf 75' lang='lat' dir='ltr'>epistolis</span> <span class='ocrx_word' id='word_1_1534' title='bbox 810 2538 867 2564; x_wconf 88' lang='lat' dir='ltr'>Cic.</span> <span class='ocrx_word' id='word_1_1535' title='bbox 880 2538 934 2563; x_wconf 81' lang='lat' dir='ltr'>Att.</span> <span class='ocrx_word' id='word_1_1536' title='bbox 948 2545 988 2570; x_wconf 74' lang='grc' dir='ltr'>ις,</span> <span class='ocrx_word' id='word_1_1537' title='bbox 1002 2546 1026 2569; x_wconf 82' lang='lat'>13</span> <span class='ocrx_word' id='word_1_1538' title='bbox 1040 2545 1062 2563; x_wconf 86' lang='lat' dir='ltr'>et</span> <span class='ocrx_word' id='word_1_1539' title='bbox 1074 2546 1117 2572; x_wconf 86' lang='lat'>27.</span> <span class='ocrx_word' id='word_1_1540' title='bbox 1138 2545 1162 2564; x_wconf 88' lang='lat' dir='ltr'>et</span> <span class='ocrx_word' id='word_1_1541' title='bbox 1177 2540 1220 2569; x_wconf 86' lang='grc'>16,</span> <span class='ocrx_word' id='word_1_1542' title='bbox 1234 2546 1250 2563; x_wconf 84' lang='grc'><strong>2</strong></span> <span class='ocrx_word' id='word_1_1543' title='bbox 1279 2536 1319 2563; x_wconf 84' lang='lat' dir='ltr'>ob·</span> <span class='ocrx_word' id='word_1_1544' title='bbox 1379 2537 1499 2564; x_wconf 80' lang='lat' dir='ltr'>Elmenh.</span> <span class='ocrx_word' id='word_1_1545' title='bbox 1519 2538 1593 2563; x_wconf 89' lang='lat' dir='ltr'>Prata</span> <span class='ocrx_word' id='word_1_1546' title='bbox 1608 2535 1755 2562; x_wconf 82' lang='lat' dir='ltr'>herbentia.</span> <span class='ocrx_word' id='word_1_1547' title='bbox 1791 2538 1829 2561; x_wconf 82' lang='lat' dir='ltr'>ita</span> <span class='ocrx_word' id='word_1_1548' title='bbox 1843 2545 1887 2571; x_wconf 80' lang='lat' dir='ltr'>quo</span> <span class='ocrx_word' id='word_1_1549' title='bbox 1906 2544 1933 2561; x_wconf 76' lang='lat' dir='ltr'>ue</span> <span class='ocrx_word' id='word_1_1550' title='bbox 1950 2537 1972 2561; x_wconf 79' lang='lat' dir='ltr'>le</span> <span class='ocrx_word' id='word_1_1551' title='bbox 1990 2539 2011 2561; x_wconf 82' lang='lat' dir='ltr'>it</span> <span class='ocrx_word' id='word_1_1552' title='bbox 2026 2538 2142 2563; x_wconf 73' lang='lat' dir='ltr'>Pricaeut</span> <span class='ocrx_word' id='word_1_1553' title='bbox 2155 2542 2185 2570; x_wconf 83' lang='lat' dir='ltr'>p.</span> <span class='ocrx_word' id='word_1_1554' title='bbox 2199 2544 2252 2569; x_wconf 84' lang='lat'>142.</span> 
     </span>
    </p>
   </div>
   <div class='ocr_carea' id='block_1_12' title="bbox 263 2571 2428 2680">
    <p class='ocr_par' dir='ltr' id='par_1_27' title="bbox 263 2571 2428 2680">
     <span class='ocr_line' id='line_1_79' title="bbox 263 2571 2351 2612; baseline -0.003 -10"><span class='ocrx_word' id='word_1_1555' title='bbox 263 2576 337 2612; x_wconf 78' lang='lat' dir='ltr'>scure</span> <span class='ocrx_word' id='word_1_1556' title='bbox 350 2583 372 2601; x_wconf 77' lang='lat' dir='ltr'>et</span> <span class='ocrx_word' id='word_1_1557' title='bbox 385 2581 545 2610; x_wconf 69' lang='lat' dir='ltr'>aenigmatice</span> <span class='ocrx_word' id='word_1_1558' title='bbox 551 2572 682 2609; x_wconf 59' lang='lat' dir='ltr'>fignificat</span> <span class='ocrx_word' id='word_1_1559' title='bbox 696 2575 799 2599; x_wconf 68' lang='lat' dir='ltr'>Librum</span> <span class='ocrx_word' id='word_1_1560' title='bbox 815 2573 960 2599; x_wconf 80' lang='lat' dir='ltr'>Heraclidis</span> <span class='ocrx_word' id='word_1_1561' title='bbox 973 2574 1074 2599; x_wconf 79' lang='lat' dir='ltr'>Pontici</span> <span class='ocrx_word' id='word_1_1562' title='bbox 1085 2575 1245 2599; x_wconf 78' lang='lat' dir='ltr'>aemulatione</span> <span class='ocrx_word' id='word_1_1563' title='bbox 1253 2571 1320 2607; x_wconf 88' lang='lat' dir='ltr'>scri-</span> <span class='ocrx_word' id='word_1_1564' title='bbox 1415 2580 1436 2599; x_wconf 82' lang='lat' dir='ltr'>H</span> <span class='ocrx_word' id='word_1_1565' title='bbox 1446 2579 1462 2599; x_wconf 87' lang='grc' dir='ltr'>Ε</span> <span class='ocrx_word' id='word_1_1566' title='bbox 1473 2579 1489 2597; x_wconf 88' lang='lat' dir='ltr'>R</span> <span class='ocrx_word' id='word_1_1567' title='bbox 1500 2579 1516 2598; x_wconf 82' lang='lat' dir='ltr'>B</span> <span class='ocrx_word' id='word_1_1568' title='bbox 1525 2580 1534 2598; x_wconf 87' lang='lat'>1</span> <span class='ocrx_word' id='word_1_1569' title='bbox 1544 2578 1561 2597; x_wconf 89' lang='lat' dir='ltr'>D</span> <span class='ocrx_word' id='word_1_1570' title='bbox 1571 2578 1590 2598; x_wconf 90' lang='grc' dir='ltr'>Ο</span> <span class='ocrx_word' id='word_1_1571' title='bbox 1599 2591 1606 2603; x_wconf 85' lang='grc'>,</span> <span class='ocrx_word' id='word_1_1572' title='bbox 1626 2575 1679 2598; x_wconf 66' lang='lat' dir='ltr'>are.</span> <span class='ocrx_word' id='word_1_1573' title='bbox 1716 2572 1793 2597; x_wconf 89' lang='lat' dir='ltr'>Mart.</span> <span class='ocrx_word' id='word_1_1574' title='bbox 1807 2571 1886 2605; x_wconf 88' lang='lat' dir='ltr'>Capel</span> <span class='ocrx_word' id='word_1_1575' title='bbox 1901 2591 1906 2597; x_wconf 95' lang='lat'>.</span> <span class='ocrx_word' id='word_1_1576' title='bbox 1922 2579 1931 2596; x_wconf 92' lang='grc'>1</span> <span class='ocrx_word' id='word_1_1577' title='bbox 1985 2571 2107 2598; x_wconf 84' lang='lat' dir='ltr'>erbidare</span> <span class='ocrx_word' id='word_1_1578' title='bbox 2124 2578 2215 2597; x_wconf 85' lang='lat' dir='ltr'>terras.</span> <span class='ocrx_word' id='word_1_1579' title='bbox 2344 2605 2351 2610; x_wconf 49' lang='grc'><em>·</em></span> 
     </span>
     <span class='ocr_line' id='line_1_80' title="bbox 269 2604 2428 2645; baseline -0.002 -8"><span class='ocrx_word' id='word_1_1580' title='bbox 269 2612 386 2640; x_wconf 66' lang='lat' dir='ltr'>bendum,</span> <span class='ocrx_word' id='word_1_1581' title='bbox 411 2614 480 2636; x_wconf 68' lang='lat' dir='ltr'>culus</span> <span class='ocrx_word' id='word_1_1582' title='bbox 495 2609 564 2635; x_wconf 79' lang='lat' dir='ltr'>hodie</span> <span class='ocrx_word' id='word_1_1583' title='bbox 582 2609 698 2644; x_wconf 74' lang='lat' dir='ltr'>quaedam</span> <span class='ocrx_word' id='word_1_1584' title='bbox 713 2611 808 2645; x_wconf 78' lang='lat' dir='ltr'>eclogae</span> <span class='ocrx_word' id='word_1_1585' title='bbox 822 2608 851 2635; x_wconf 83' lang='lat' dir='ltr'>de</span> <span class='ocrx_word' id='word_1_1586' title='bbox 864 2608 1042 2644; x_wconf 73' lang='lat' dir='ltr'>rebuspublicis</span> <span class='ocrx_word' id='word_1_1587' title='bbox 1057 2611 1232 2644; x_wconf 75' lang='lat' dir='ltr'>reperiuntur,</span> <span class='ocrx_word' id='word_1_1588' title='bbox 1256 2614 1279 2633; x_wconf 82' lang='lat' dir='ltr'>ec</span> <span class='ocrx_word' id='word_1_1589' title='bbox 1292 2609 1319 2632; x_wconf 79' lang='lat' dir='ltr'>in</span> <span class='ocrx_word' id='word_1_1590' title='bbox 1417 2615 1437 2634; x_wconf 88' lang='lat' dir='ltr'>H</span> <span class='ocrx_word' id='word_1_1591' title='bbox 1447 2613 1699 2633; x_wconf 73' lang='lat' dir='ltr'>ERBIGRADVS</span> <span class='ocrx_word' id='word_1_1592' title='bbox 1712 2625 1720 2638; x_wconf 94' lang='lat'>,</span> <span class='ocrx_word' id='word_1_1593' title='bbox 1747 2615 1777 2639; x_wconf 84' lang='lat' dir='ltr'>a,</span> <span class='ocrx_word' id='word_1_1594' title='bbox 1807 2615 1861 2632; x_wconf 87' lang='lat' dir='ltr'>um.</span> <span class='ocrx_word' id='word_1_1595' title='bbox 1896 2605 1959 2633; x_wconf 89' lang='lat' dir='ltr'>Adi.</span> <span class='ocrx_word' id='word_1_1596' title='bbox 2002 2606 2172 2641; x_wconf 84' lang='lat' dir='ltr'>Herbigrada</span> <span class='ocrx_word' id='word_1_1597' title='bbox 2192 2605 2301 2632; x_wconf 84' lang='lat' dir='ltr'>cochlea</span> <span class='ocrx_word' id='word_1_1598' title='bbox 2320 2605 2376 2633; x_wconf 70' lang='lat' dir='ltr'>Cic.</span> <span class='ocrx_word' id='word_1_1599' title='bbox 2395 2604 2428 2633; x_wconf 87' lang='lat' dir='ltr'>de</span> 
     </span>
     <span class='ocr_line' id='line_1_81' title="bbox 271 2642 1610 2680; baseline -0.004 -7"><span class='ocrx_word' id='word_1_1600' title='bbox 271 2648 403 2674; x_wconf 81' lang='lat' dir='ltr'>Homerum</span> <span class='ocrx_word' id='word_1_1601' title='bbox 427 2646 564 2680; x_wconf 71' lang='lat' dir='ltr'>allegoriae.</span> <span class='ocrx_word' id='word_1_1602' title='bbox 1380 2642 1474 2668; x_wconf 91' lang='lat' dir='ltr'>Diuin.</span> <span class='ocrx_word' id='word_1_1603' title='bbox 1488 2650 1503 2668; x_wconf 91' lang='lat'>2</span> <span class='ocrx_word' id='word_1_1604' title='bbox 1528 2650 1550 2667; x_wconf 86' lang='lat' dir='ltr'>c.</span> <span class='ocrx_word' id='word_1_1605' title='bbox 1565 2643 1610 2674; x_wconf 89' lang='lat'>64.</span> 
     </span>
    </p>
   </div>
   <div class='ocr_carea' id='block_1_13' title="bbox 270 2676 2448 2857">
    <p class='ocr_par' dir='ltr' id='par_1_28' title="bbox 270 2676 2448 2857">
     <span class='ocr_line' id='line_1_82' title="bbox 309 2676 2429 2714; baseline -0.001 -7"><span class='ocrx_word' id='word_1_1606' title='bbox 309 2689 329 2707; x_wconf 81' lang='lat' dir='ltr'>H</span> <span class='ocrx_word' id='word_1_1607' title='bbox 340 2689 355 2708; x_wconf 80' lang='grc' dir='ltr'>Ε</span> <span class='ocrx_word' id='word_1_1608' title='bbox 365 2688 383 2707; x_wconf 88' lang='lat' dir='ltr'>R</span> <span class='ocrx_word' id='word_1_1609' title='bbox 393 2688 414 2707; x_wconf 80' lang='lat' dir='ltr'>A</span> <span class='ocrx_word' id='word_1_1610' title='bbox 422 2686 439 2705; x_wconf 80' lang='lat' dir='ltr'>c</span> <span class='ocrx_word' id='word_1_1611' title='bbox 449 2687 464 2706; x_wconf 91' lang='lat' dir='ltr'>L</span> <span class='ocrx_word' id='word_1_1612' title='bbox 475 2682 487 2705; x_wconf 75' lang='lat'>1·</span> <span class='ocrx_word' id='word_1_1613' title='bbox 498 2685 520 2705; x_wconf 86' lang='lat' dir='ltr'>T</span> <span class='ocrx_word' id='word_1_1614' title='bbox 531 2686 551 2705; x_wconf 94' lang='lat' dir='ltr'>v</span> <span class='ocrx_word' id='word_1_1615' title='bbox 561 2686 574 2705; x_wconf 88' lang='lat' dir='ltr'>s</span> <span class='ocrx_word' id='word_1_1616' title='bbox 583 2698 591 2711; x_wconf 90' lang='lat'>‚</span> <span class='ocrx_word' id='word_1_1617' title='bbox 612 2678 631 2704; x_wconf 89' lang='lat' dir='ltr'>i.</span> <span class='ocrx_word' id='word_1_1618' title='bbox 651 2688 686 2705; x_wconf 89' lang='lat' dir='ltr'>m.</span> <span class='ocrx_word' id='word_1_1619' title='bbox 706 2678 890 2713; x_wconf 65' lang='grc' dir='ltr'>[Ἡράκλειτος]</span> <span class='ocrx_word' id='word_1_1620' title='bbox 912 2677 1188 2714; x_wconf 72' lang='lat' dir='ltr'>Ephefiusphilofhphus</span> <span class='ocrx_word' id='word_1_1621' title='bbox 1195 2677 1321 2714; x_wconf 62' lang='lat' dir='ltr'>plvficm,</span> <span class='ocrx_word' id='word_1_1622' title='bbox 1330 2686 1366 2714; x_wconf 88' lang='lat'>70</span> <span class='ocrx_word' id='word_1_1623' title='bbox 1417 2685 1438 2704; x_wconf 93' lang='grc' dir='ltr'>Η</span> <span class='ocrx_word' id='word_1_1624' title='bbox 1448 2684 1463 2704; x_wconf 91' lang='grc' dir='ltr'>Ε</span> <span class='ocrx_word' id='word_1_1625' title='bbox 1472 2684 1489 2704; x_wconf 92' lang='lat' dir='ltr'>R</span> <span class='ocrx_word' id='word_1_1626' title='bbox 1499 2683 1515 2704; x_wconf 83' lang='grc' dir='ltr'><em>Β</em></span> <span class='ocrx_word' id='word_1_1627' title='bbox 1524 2683 1541 2703; x_wconf 88' lang='grc' dir='ltr'>Ε</span> <span class='ocrx_word' id='word_1_1628' title='bbox 1552 2683 1566 2703; x_wconf 82' lang='lat' dir='ltr'>s</span> <span class='ocrx_word' id='word_1_1629' title='bbox 1576 2684 1596 2703; x_wconf 96' lang='lat' dir='ltr'>v</span> <span class='ocrx_word' id='word_1_1630' title='bbox 1606 2683 1618 2702; x_wconf 85' lang='lat' dir='ltr'>s</span> <span class='ocrx_word' id='word_1_1631' title='bbox 1626 2695 1633 2708; x_wconf 87' lang='lat'>‚</span> <span class='ocrx_word' id='word_1_1632' title='bbox 1662 2677 1704 2703; x_wconf 84' lang='lat' dir='ltr'>vel</span> <span class='ocrx_word' id='word_1_1633' title='bbox 1726 2683 1747 2703; x_wconf 89' lang='grc' dir='ltr'>Η</span> <span class='ocrx_word' id='word_1_1634' title='bbox 1757 2682 1773 2702; x_wconf 88' lang='grc' dir='ltr'>Ε</span> <span class='ocrx_word' id='word_1_1635' title='bbox 1782 2683 1802 2703; x_wconf 89' lang='lat' dir='ltr'>R</span> <span class='ocrx_word' id='word_1_1636' title='bbox 1812 2683 1828 2704; x_wconf 82' lang='lat' dir='ltr'>B</span> <span class='ocrx_word' id='word_1_1637' title='bbox 1837 2683 1854 2703; x_wconf 89' lang='grc' dir='ltr'>Ε</span> <span class='ocrx_word' id='word_1_1638' title='bbox 1863 2683 1876 2703; x_wconf 88' lang='lat' dir='ltr'>s</span> <span class='ocrx_word' id='word_1_1639' title='bbox 1884 2683 1897 2703; x_wconf 93' lang='lat' dir='ltr'>s</span> <span class='ocrx_word' id='word_1_1640' title='bbox 1906 2681 1926 2702; x_wconf 85' lang='lat' dir='ltr'>v</span> <span class='ocrx_word' id='word_1_1641' title='bbox 1936 2684 1950 2704; x_wconf 90' lang='lat' dir='ltr'>s</span> <span class='ocrx_word' id='word_1_1642' title='bbox 1959 2695 1966 2708; x_wconf 93' lang='lat'><strong>‚</strong></span> <span class='ocrx_word' id='word_1_1643' title='bbox 1989 2676 2008 2704; x_wconf 83' lang='lat' dir='ltr'>i.</span> <span class='ocrx_word' id='word_1_1644' title='bbox 2036 2677 2057 2703; x_wconf 86' lang='lat' dir='ltr'>f.</span> <span class='ocrx_word' id='word_1_1645' title='bbox 2093 2678 2206 2705; x_wconf 80' lang='lat' dir='ltr'>Duorum</span> <span class='ocrx_word' id='word_1_1646' title='bbox 2218 2679 2245 2704; x_wconf 89' lang='lat' dir='ltr'>in</span> <span class='ocrx_word' id='word_1_1647' title='bbox 2260 2676 2348 2706; x_wconf 82' lang='lat' dir='ltr'>Sicilia</span> <span class='ocrx_word' id='word_1_1648' title='bbox 2359 2679 2429 2714; x_wconf 77' lang='lat' dir='ltr'>oppi-</span> 
     </span>
     <span class='ocr_line' id='line_1_83' title="bbox 271 2712 2441 2754; baseline -0.002 -11"><span class='ocrx_word' id='word_1_1649' title='bbox 271 2720 315 2754; x_wconf 80' lang='lat' dir='ltr'>qui</span> <span class='ocrx_word' id='word_1_1650' title='bbox 326 2718 355 2743; x_wconf 84' lang='lat' dir='ltr'>ab</span> <span class='ocrx_word' id='word_1_1651' title='bbox 368 2714 500 2748; x_wconf 73' lang='lat' dir='ltr'>Aristotele</span> <span class='ocrx_word' id='word_1_1652' title='bbox 508 2715 580 2750; x_wconf 67' lang='lat' dir='ltr'>Juepe</span> <span class='ocrx_word' id='word_1_1653' title='bbox 595 2712 665 2747; x_wconf 68' lang='lat' dir='ltr'>testis</span> <span class='ocrx_word' id='word_1_1654' title='bbox 679 2718 781 2741; x_wconf 78' lang='lat' dir='ltr'>citatur.</span> <span class='ocrx_word' id='word_1_1655' title='bbox 836 2716 873 2740; x_wconf 74' lang='lat' dir='ltr'>De</span> <span class='ocrx_word' id='word_1_1656' title='bbox 888 2723 934 2748; x_wconf 87' lang='lat' dir='ltr'>quo</span> <span class='ocrx_word' id='word_1_1657' title='bbox 955 2715 1051 2741; x_wconf 86' lang='lat' dir='ltr'>Cicero</span> <span class='ocrx_word' id='word_1_1658' title='bbox 1064 2721 1114 2740; x_wconf 86' lang='lat' dir='ltr'>tum</span> <span class='ocrx_word' id='word_1_1659' title='bbox 1129 2714 1212 2740; x_wconf 86' lang='lat' dir='ltr'>Tusc.</span> <span class='ocrx_word' id='word_1_1660' title='bbox 1228 2722 1239 2746; x_wconf 78' lang='lat'>5</span> <span class='ocrx_word' id='word_1_1661' title='bbox 1248 2733 1256 2746; x_wconf 92' lang='lat'>,</span> <span class='ocrx_word' id='word_1_1662' title='bbox 1277 2721 1320 2747; x_wconf 79' lang='lat'>103</span> <span class='ocrx_word' id='word_1_1663' title='bbox 1385 2713 1471 2740; x_wconf 85' lang='lat' dir='ltr'>dorum</span> <span class='ocrx_word' id='word_1_1664' title='bbox 1485 2721 1579 2739; x_wconf 81' lang='lat' dir='ltr'>nomen.</span> <span class='ocrx_word' id='word_1_1665' title='bbox 1629 2712 1686 2739; x_wconf 76' lang='lat' dir='ltr'>Vid.</span> <span class='ocrx_word' id='word_1_1666' title='bbox 1700 2712 1827 2739; x_wconf 76' lang='lat' dir='ltr'>Drakenb.</span> <span class='ocrx_word' id='word_1_1667' title='bbox 1842 2712 1876 2738; x_wconf 79' lang='lat' dir='ltr'>ad</span> <span class='ocrx_word' id='word_1_1668' title='bbox 1889 2712 1934 2738; x_wconf 89' lang='lat' dir='ltr'>Sil.</span> <span class='ocrx_word' id='word_1_1669' title='bbox 1949 2721 1987 2746; x_wconf 84' lang='lat'>14,</span> <span class='ocrx_word' id='word_1_1670' title='bbox 2001 2715 2061 2746; x_wconf 83' lang='lat'>264.</span> <span class='ocrx_word' id='word_1_1671' title='bbox 2438 2728 2441 2733; x_wconf 50' lang='grc' dir='ltr'><strong><em>ι</em></strong></span> 
     </span>
     <span class='ocr_line' id='line_1_84' title="bbox 271 2746 2443 2786; baseline -0.003 -7"><span class='ocrx_word' id='word_1_1672' title='bbox 271 2759 322 2779; x_wconf 77' lang='lat' dir='ltr'>tum</span> <span class='ocrx_word' id='word_1_1673' title='bbox 337 2754 401 2778; x_wconf 82' lang='lat' dir='ltr'>aliar</span> <span class='ocrx_word' id='word_1_1674' title='bbox 408 2751 518 2786; x_wconf 71' lang='lat' dir='ltr'>JLzepius.</span> <span class='ocrx_word' id='word_1_1675' title='bbox 574 2750 754 2785; x_wconf 70' lang='lat' dir='ltr'>Obscuritatem</span> <span class='ocrx_word' id='word_1_1676' title='bbox 776 2752 827 2775; x_wconf 81' lang='lat' dir='ltr'>eius</span> <span class='ocrx_word' id='word_1_1677' title='bbox 836 2750 925 2785; x_wconf 79' lang='lat' dir='ltr'>paſjim</span> <span class='ocrx_word' id='word_1_1678' title='bbox 937 2750 1043 2785; x_wconf 71' lang='lat' dir='ltr'>accufizt.</span> <span class='ocrx_word' id='word_1_1679' title='bbox 1092 2750 1151 2776; x_wconf 81' lang='lat' dir='ltr'>th.</span> <span class='ocrx_word' id='word_1_1680' title='bbox 1166 2748 1198 2775; x_wconf 90' lang='lat' dir='ltr'>de</span> <span class='ocrx_word' id='word_1_1681' title='bbox 1212 2749 1249 2775; x_wconf 87' lang='lat' dir='ltr'>N.</span> <span class='ocrx_word' id='word_1_1682' title='bbox 1265 2749 1296 2775; x_wconf 91' lang='lat' dir='ltr'>D.</span> <span class='ocrx_word' id='word_1_1683' title='bbox 1311 2758 1320 2775; x_wconf 89' lang='grc'>1</span> <span class='ocrx_word' id='word_1_1684' title='bbox 1415 2756 1460 2775; x_wconf 84' lang='grc' dir='ltr'>ΗΕ</span> <span class='ocrx_word' id='word_1_1685' title='bbox 1470 2756 1487 2775; x_wconf 93' lang='lat' dir='ltr'>R</span> <span class='ocrx_word' id='word_1_1686' title='bbox 1499 2755 1592 2779; x_wconf 86' lang='lat' dir='ltr'>BVM,</span> <span class='ocrx_word' id='word_1_1687' title='bbox 1616 2748 1635 2774; x_wconf 90' lang='lat' dir='ltr'>i.</span> <span class='ocrx_word' id='word_1_1688' title='bbox 1665 2757 1690 2774; x_wconf 87' lang='grc'>11.</span> <span class='ocrx_word' id='word_1_1689' title='bbox 1733 2748 1839 2774; x_wconf 78' lang='lat' dir='ltr'>Videtur</span> <span class='ocrx_word' id='word_1_1690' title='bbox 1852 2747 1895 2781; x_wconf 80' lang='lat' dir='ltr'>effi’</span> <span class='ocrx_word' id='word_1_1691' title='bbox 1908 2749 2006 2774; x_wconf 83' lang='lat' dir='ltr'>Eruum.</span> <span class='ocrx_word' id='word_1_1692' title='bbox 2025 2746 2140 2784; x_wconf 50' lang='lat' dir='ltr'>[leucon]</span> <span class='ocrx_word' id='word_1_1693' title='bbox 2165 2748 2259 2775; x_wconf 82' lang='lat' dir='ltr'>Pallad.</span> <span class='ocrx_word' id='word_1_1694' title='bbox 2276 2755 2296 2779; x_wconf 83' lang='lat'>1,</span> <span class='ocrx_word' id='word_1_1695' title='bbox 2309 2755 2354 2782; x_wconf 86' lang='lat'>24,</span> <span class='ocrx_word' id='word_1_1696' title='bbox 2365 2755 2378 2780; x_wconf 81' lang='lat'><em>3</em></span> <span class='ocrx_word' id='word_1_1697' title='bbox 2399 2746 2443 2784; x_wconf 57' lang='lat' dir='ltr'>&amp;a</span> 
     </span>
     <span class='ocr_line' id='line_1_85' title="bbox 272 2782 2448 2820; baseline -0.002 -6"><span class='ocrx_word' id='word_1_1698' title='bbox 272 2797 295 2814; x_wconf 88' lang='lat' dir='ltr'>c.</span> <span class='ocrx_word' id='word_1_1699' title='bbox 305 2789 345 2813; x_wconf 81' lang='lat'>26.</span> <span class='ocrx_word' id='word_1_1700' title='bbox 365 2793 388 2812; x_wconf 81' lang='lat' dir='ltr'>et</span> <span class='ocrx_word' id='word_1_1701' title='bbox 402 2795 413 2817; x_wconf 78' lang='lat'>3</span> <span class='ocrx_word' id='word_1_1702' title='bbox 428 2796 448 2812; x_wconf 91' lang='lat' dir='ltr'>c.</span> <span class='ocrx_word' id='word_1_1703' title='bbox 459 2794 496 2818; x_wconf 84' lang='lat'>¹4-</span> <span class='ocrx_word' id='word_1_1704' title='bbox 533 2787 563 2811; x_wconf 87' lang='lat' dir='ltr'>it.</span> <span class='ocrx_word' id='word_1_1705' title='bbox 577 2784 609 2810; x_wconf 88' lang='lat' dir='ltr'>de</span> <span class='ocrx_word' id='word_1_1706' title='bbox 623 2785 741 2811; x_wconf 84' lang='lat' dir='ltr'>Diuin.2</span> <span class='ocrx_word' id='word_1_1707' title='bbox 753 2786 828 2817; x_wconf 88' lang='lat' dir='ltr'>c.64.</span> <span class='ocrx_word' id='word_1_1708' title='bbox 885 2786 953 2810; x_wconf 85' lang='lat' dir='ltr'>Hinc</span> <span class='ocrx_word' id='word_1_1709' title='bbox 967 2784 1094 2817; x_wconf 62' lang='grc' dir='ltr'>σκοτεινὴ,</span> <span class='ocrx_word' id='word_1_1710' title='bbox 1113 2787 1132 2811; x_wconf 86' lang='grc' dir='ltr'>ι’.</span> <span class='ocrx_word' id='word_1_1711' title='bbox 1146 2784 1320 2820; x_wconf 77' lang='lat' dir='ltr'>tenebricosum</span> <span class='ocrx_word' id='word_1_1712' title='bbox 1380 2785 1514 2816; x_wconf 80' lang='lat' dir='ltr'>columbis,</span> <span class='ocrx_word' id='word_1_1713' title='bbox 1533 2785 1559 2811; x_wconf 85' lang='lat' dir='ltr'>Si</span> <span class='ocrx_word' id='word_1_1714' title='bbox 1573 2783 1683 2810; x_wconf 86' lang='lat' dir='ltr'>ordeum</span> <span class='ocrx_word' id='word_1_1715' title='bbox 1699 2783 1888 2815; x_wconf 66' lang='lat' dir='ltr'>torrefactum,</span> <span class='ocrx_word' id='word_1_1716' title='bbox 1908 2784 1950 2810; x_wconf 86' lang='lat' dir='ltr'>vel</span> <span class='ocrx_word' id='word_1_1717' title='bbox 1964 2782 2070 2817; x_wconf 85' lang='lat' dir='ltr'>fabam,</span> <span class='ocrx_word' id='word_1_1718' title='bbox 2091 2790 2134 2810; x_wconf 81' lang='lat' dir='ltr'>vel</span> <span class='ocrx_word' id='word_1_1719' title='bbox 2148 2783 2259 2811; x_wconf 85' lang='lat' dir='ltr'>herbum</span> <span class='ocrx_word' id='word_1_1720' title='bbox 2275 2784 2350 2818; x_wconf 81' lang='lat' dir='ltr'>saepe</span> <span class='ocrx_word' id='word_1_1721' title='bbox 2366 2782 2448 2818; x_wconf 60' lang='lat' dir='ltr'>con-&gt;f</span> 
     </span>
     <span class='ocr_line' id='line_1_86' title="bbox 270 2818 2442 2857; baseline -0 -9"><span class='ocrx_word' id='word_1_1722' title='bbox 270 2829 344 2849; x_wconf 76' lang='lat' dir='ltr'>vocat</span> <span class='ocrx_word' id='word_1_1723' title='bbox 359 2821 391 2848; x_wconf 85' lang='lat' dir='ltr'>de</span> <span class='ocrx_word' id='word_1_1724' title='bbox 407 2822 487 2848; x_wconf 83' lang='lat' dir='ltr'>Fin.2</span> <span class='ocrx_word' id='word_1_1725' title='bbox 500 2829 521 2846; x_wconf 85' lang='lat' dir='ltr'>c.</span> <span class='ocrx_word' id='word_1_1726' title='bbox 531 2827 552 2852; x_wconf 76' lang='grc' dir='ltr'>ς.</span> <span class='ocrx_word' id='word_1_1727' title='bbox 606 2818 781 2855; x_wconf 71' lang='lat' dir='ltr'>Antisophisla</span> <span class='ocrx_word' id='word_1_1728' title='bbox 793 2821 931 2846; x_wconf 83' lang='lat' dir='ltr'>Democriti</span> <span class='ocrx_word' id='word_1_1729' title='bbox 943 2829 991 2846; x_wconf 82' lang='lat' dir='ltr'>non</span> <span class='ocrx_word' id='word_1_1730' title='bbox 1004 2823 1030 2845; x_wconf 86' lang='lat' dir='ltr'>in</span> <span class='ocrx_word' id='word_1_1731' title='bbox 1050 2830 1075 2846; x_wconf 81' lang='lat' dir='ltr'>eo</span> <span class='ocrx_word' id='word_1_1732' title='bbox 1089 2820 1321 2857; x_wconf 75' lang='lat' dir='ltr'>modo‚quodj1eret</span> <span class='ocrx_word' id='word_1_1733' title='bbox 1382 2821 1492 2846; x_wconf 76' lang='lat' dir='ltr'>firmant.</span> <span class='ocrx_word' id='word_1_1734' title='bbox 1528 2826 1552 2846; x_wconf 83' lang='lat' dir='ltr'>et</span> <span class='ocrx_word' id='word_1_1735' title='bbox 1564 2818 1666 2855; x_wconf 74' lang='lat' dir='ltr'>postea,</span> <span class='ocrx_word' id='word_1_1736' title='bbox 1691 2819 1812 2846; x_wconf 84' lang='lat' dir='ltr'>Herbum</span> <span class='ocrx_word' id='word_1_1737' title='bbox 1827 2820 1896 2846; x_wconf 84' lang='lat' dir='ltr'>fetus</span> <span class='ocrx_word' id='word_1_1738' title='bbox 1914 2820 1999 2853; x_wconf 81' lang='lat' dir='ltr'>gratia</span> <span class='ocrx_word' id='word_1_1739' title='bbox 2013 2819 2143 2846; x_wconf 77' lang='lat' dir='ltr'>mensibus</span> <span class='ocrx_word' id='word_1_1740' title='bbox 2157 2819 2325 2854; x_wconf 87' lang='lat' dir='ltr'>praebeamus</span> <span class='ocrx_word' id='word_1_1741' title='bbox 2338 2818 2442 2847; x_wconf 47' lang='lat' dir='ltr'>hiber-v</span> 
     </span>
    </p>
   </div>
   <div class='ocr_carea' id='block_1_14' title="bbox 271 2854 2452 3319">
    <p class='ocr_par' dir='ltr' id='par_1_29' title="bbox 271 2854 2452 3319">
     <span class='ocr_line' id='line_1_87' title="bbox 271 2854 2119 2894; baseline -0.001 -10"><span class='ocrx_word' id='word_1_1742' title='bbox 271 2859 315 2884; x_wconf 79' lang='lat' dir='ltr'>illo</span> <span class='ocrx_word' id='word_1_1743' title='bbox 327 2858 435 2888; x_wconf 76' lang='lat' dir='ltr'>ridente,</span> <span class='ocrx_word' id='word_1_1744' title='bbox 449 2855 496 2892; x_wconf 79' lang='lat' dir='ltr'>sed</span> <span class='ocrx_word' id='word_1_1745' title='bbox 509 2858 583 2882; x_wconf 81' lang='lat' dir='ltr'>etiam</span> <span class='ocrx_word' id='word_1_1746' title='bbox 595 2858 622 2880; x_wconf 82' lang='lat' dir='ltr'>in</span> <span class='ocrx_word' id='word_1_1747' title='bbox 633 2855 752 2890; x_wconf 51' lang='lat' dir='ltr'>physica</span> <span class='ocrx_word' id='word_1_1748' title='bbox 813 2855 882 2882; x_wconf 71' lang='lat' dir='ltr'>Vnde</span> <span class='ocrx_word' id='word_1_1749' title='bbox 890 2856 993 2883; x_wconf 77' lang='lat' dir='ltr'>Lucret.</span> <span class='ocrx_word' id='word_1_1750' title='bbox 1005 2864 1026 2888; x_wconf 88' lang='lat'>1,</span> <span class='ocrx_word' id='word_1_1751' title='bbox 1040 2858 1093 2889; x_wconf 88' lang='lat'>640</span> <span class='ocrx_word' id='word_1_1752' title='bbox 1110 2859 1138 2882; x_wconf 85' lang='lat' dir='ltr'>in</span> <span class='ocrx_word' id='word_1_1753' title='bbox 1150 2858 1229 2891; x_wconf 74' lang='lat' dir='ltr'>illum,</span> <span class='ocrx_word' id='word_1_1754' title='bbox 1241 2856 1321 2894; x_wconf 64' lang='lat' dir='ltr'>”ffl&#39;i‘l</span> <span class='ocrx_word' id='word_1_1755' title='bbox 1337 2862 1370 2891; x_wconf 75' lang='grc'>7,·</span> <span class='ocrx_word' id='word_1_1756' title='bbox 1382 2856 1432 2882; x_wconf 88' lang='lat' dir='ltr'>nis.</span> <span class='ocrx_word' id='word_1_1757' title='bbox 1468 2854 1536 2881; x_wconf 80' lang='lat' dir='ltr'>Add.</span> <span class='ocrx_word' id='word_1_1758' title='bbox 1552 2864 1571 2887; x_wconf 87' lang='grc'>1,</span> <span class='ocrx_word' id='word_1_1759' title='bbox 1585 2865 1622 2889; x_wconf 81' lang='lat'>34,</span> <span class='ocrx_word' id='word_1_1760' title='bbox 1636 2862 1658 2888; x_wconf 81' lang='grc' dir='ltr'>ς.</span> <span class='ocrx_word' id='word_1_1761' title='bbox 1690 2855 1795 2881; x_wconf 78' lang='lat' dir='ltr'>Videtur</span> <span class='ocrx_word' id='word_1_1762' title='bbox 1810 2856 1925 2882; x_wconf 74' lang='lat' dir='ltr'>librariis</span> <span class='ocrx_word' id='word_1_1763' title='bbox 1937 2855 2019 2881; x_wconf 81' lang='lat' dir='ltr'>deberi</span> <span class='ocrx_word' id='word_1_1764' title='bbox 2031 2862 2119 2882; x_wconf 85' lang='lat' dir='ltr'>totum.</span> 
     </span>
     <span class='ocr_line' id='line_1_88' title="bbox 272 2860 2452 2953; baseline -0.002 -33"><span class='ocrx_word' id='word_1_1765' title='bbox 272 2903 304 2922; x_wconf 73' lang='lat' dir='ltr'>an</span> <span class='ocrx_word' id='word_1_1766' title='bbox 318 2893 420 2932; x_wconf 82' lang='lat' dir='ltr'>dignum</span> <span class='ocrx_word' id='word_1_1767' title='bbox 435 2892 518 2926; x_wconf 57' lang='lat' dir='ltr'>ver-lus</span> <span class='ocrx_word' id='word_1_1768' title='bbox 531 2890 606 2926; x_wconf 80' lang='lat' dir='ltr'>fudit</span> <span class='ocrx_word' id='word_1_1769' title='bbox 616 2891 811 2926; x_wconf 62' lang='lat' dir='ltr'>pulcherrimos:</span> <span class='ocrx_word' id='word_1_1770' title='bbox 1417 2896 1604 2922; x_wconf 70' lang='lat' dir='ltr'>HERCAr-zvs,</span> <span class='ocrx_word' id='word_1_1771' title='bbox 1626 2891 1645 2916; x_wconf 85' lang='lat' dir='ltr'>i.</span> <span class='ocrx_word' id='word_1_1772' title='bbox 1666 2899 1700 2916; x_wconf 88' lang='lat' dir='ltr'>m.</span> <span class='ocrx_word' id='word_1_1773' title='bbox 1720 2889 1864 2925; x_wconf 65' lang='grc' dir='ltr'><strong><em>[Ἓρκαῖος]</em></strong></span> <span class='ocrx_word' id='word_1_1774' title='bbox 1899 2889 1983 2917; x_wconf 65' lang='grc'><strong>11161141-</strong></span> <span class='ocrx_word' id='word_1_1775' title='bbox 1997 2889 2028 2924; x_wconf 66' lang='lat' dir='ltr'>est</span> <span class='ocrx_word' id='word_1_1776' title='bbox 2036 2892 2301 2926; x_wconf 76' lang='lat' dir='ltr'>Iupiter‚quemetiam</span> <span class='ocrx_word' id='word_1_1777' title='bbox 2311 2860 2452 2953; x_wconf 50' lang='lat' dir='ltr'>Peneon-i</span> 
     </span>
     <span class='ocr_line' id='line_1_89' title="bbox 429 2925 2447 2962; baseline -0 -9"><span class='ocrx_word' id='word_1_1778' title='bbox 429 2927 579 2954; x_wconf 80' lang='lat' dir='ltr'>Heraclitus</span> <span class='ocrx_word' id='word_1_1779' title='bbox 598 2926 648 2952; x_wconf 86' lang='lat' dir='ltr'>init</span> <span class='ocrx_word' id='word_1_1780' title='bbox 669 2935 783 2960; x_wconf 83' lang='lat' dir='ltr'>quorum</span> <span class='ocrx_word' id='word_1_1781' title='bbox 801 2925 854 2952; x_wconf 89' lang='lat' dir='ltr'>dux</span> <span class='ocrx_word' id='word_1_1782' title='bbox 874 2926 973 2960; x_wconf 81' lang='lat' dir='ltr'>praelia</span> <span class='ocrx_word' id='word_1_1783' title='bbox 993 2927 1095 2960; x_wconf 81' lang='lat' dir='ltr'>primus</span> <span class='ocrx_word' id='word_1_1784' title='bbox 1105 2945 1113 2959; x_wconf 91' lang='lat'><strong>‚</strong></span> <span class='ocrx_word' id='word_1_1785' title='bbox 1379 2927 1425 2953; x_wconf 77' lang='lat' dir='ltr'>lem</span> <span class='ocrx_word' id='word_1_1786' title='bbox 1439 2926 1570 2958; x_wconf 83' lang='lat' dir='ltr'>vocabant,</span> <span class='ocrx_word' id='word_1_1787' title='bbox 1582 2929 1625 2961; x_wconf 81' lang='lat' dir='ltr'>qui</span> <span class='ocrx_word' id='word_1_1788' title='bbox 1636 2929 1708 2953; x_wconf 79' lang='lat' dir='ltr'>intra</span> <span class='ocrx_word' id='word_1_1789' title='bbox 1720 2927 1857 2962; x_wconf 59' lang='lat' dir='ltr'>conseptum</span> <span class='ocrx_word' id='word_1_1790' title='bbox 1870 2926 1954 2953; x_wconf 80' lang='lat' dir='ltr'>domus</span> <span class='ocrx_word' id='word_1_1791' title='bbox 1966 2930 2080 2961; x_wconf 81' lang='lat' dir='ltr'>cuiusque</span> <span class='ocrx_word' id='word_1_1792' title='bbox 2091 2926 2223 2952; x_wconf 79' lang='lat' dir='ltr'>colebatur.</span> <span class='ocrx_word' id='word_1_1793' title='bbox 2259 2928 2351 2954; x_wconf 81' lang='lat' dir='ltr'>Graece</span> <span class='ocrx_word' id='word_1_1794' title='bbox 2363 2928 2430 2952; x_wconf 85' lang='lat' dir='ltr'>cnim</span> <span class='ocrx_word' id='word_1_1795' title='bbox 2442 2946 2447 2958; x_wconf 46' lang='lat'><em>2</em></span> 
     </span>
     <span class='ocr_line' id='line_1_90' title="bbox 430 2959 2450 2998; baseline -0.001 -9"><span class='ocrx_word' id='word_1_1796' title='bbox 430 2963 523 2989; x_wconf 86' lang='lat' dir='ltr'>Clarus</span> <span class='ocrx_word' id='word_1_1797' title='bbox 544 2961 580 2988; x_wconf 94' lang='lat' dir='ltr'>ob</span> <span class='ocrx_word' id='word_1_1798' title='bbox 597 2962 734 2988; x_wconf 76' lang='lat' dir='ltr'>obscuram</span> <span class='ocrx_word' id='word_1_1799' title='bbox 752 2962 868 2996; x_wconf 76' lang='lat' dir='ltr'>linguam</span> <span class='ocrx_word' id='word_1_1800' title='bbox 889 2963 971 2996; x_wconf 78' lang='lat' dir='ltr'>magis</span> <span class='ocrx_word' id='word_1_1801' title='bbox 993 2964 1063 2989; x_wconf 86' lang='lat' dir='ltr'>inter</span> <span class='ocrx_word' id='word_1_1802' title='bbox 1083 2962 1190 2995; x_wconf 87' lang='lat' dir='ltr'>inanes,</span> <span class='ocrx_word' id='word_1_1803' title='bbox 1380 2963 1442 2998; x_wconf 53' lang='lat' dir='ltr'>{Jonas</span> <span class='ocrx_word' id='word_1_1804' title='bbox 1454 2962 1552 2998; x_wconf 56' lang='lat' dir='ltr'>septum</span> <span class='ocrx_word' id='word_1_1805' title='bbox 1573 2960 1752 2997; x_wconf 81' lang='lat' dir='ltr'>claustrumque</span> <span class='ocrx_word' id='word_1_1806' title='bbox 1770 2965 1924 2989; x_wconf 81' lang='lat' dir='ltr'>nominatur.</span> <span class='ocrx_word' id='word_1_1807' title='bbox 1976 2962 2057 2988; x_wconf 82' lang='lat' dir='ltr'>Ouid.</span> <span class='ocrx_word' id='word_1_1808' title='bbox 2078 2961 2107 2986; x_wconf 88' lang='lat' dir='ltr'>in</span> <span class='ocrx_word' id='word_1_1809' title='bbox 2124 2959 2183 2986; x_wconf 86' lang='lat' dir='ltr'>Ibin</span> <span class='ocrx_word' id='word_1_1810' title='bbox 2198 2968 2249 2995; x_wconf 77' lang='lat'>284</span> <span class='ocrx_word' id='word_1_1811' title='bbox 2285 2963 2337 2989; x_wconf 92' lang='lat' dir='ltr'>Cui</span> <span class='ocrx_word' id='word_1_1812' title='bbox 2356 2961 2426 2988; x_wconf 85' lang='lat' dir='ltr'>nihil</span> <span class='ocrx_word' id='word_1_1813' title='bbox 2447 2978 2450 2984; x_wconf 75' lang='lat'>.</span> 
     </span>
     <span class='ocr_line' id='line_1_91' title="bbox 430 2996 2427 3032; baseline -0.001 -8"><span class='ocrx_word' id='word_1_1814' title='bbox 430 2997 552 3031; x_wconf 82' lang='lat' dir='ltr'>Qiamde</span> <span class='ocrx_word' id='word_1_1815' title='bbox 573 3006 665 3031; x_wconf 85' lang='lat' dir='ltr'>graues</span> <span class='ocrx_word' id='word_1_1816' title='bbox 685 2998 755 3024; x_wconf 86' lang='lat' dir='ltr'>inter</span> <span class='ocrx_word' id='word_1_1817' title='bbox 774 2997 884 3028; x_wconf 81' lang='lat' dir='ltr'>Graios,</span> <span class='ocrx_word' id='word_1_1818' title='bbox 903 2998 949 3031; x_wconf 89' lang='lat' dir='ltr'>qui</span> <span class='ocrx_word' id='word_1_1819' title='bbox 966 3007 1028 3024; x_wconf 85' lang='lat' dir='ltr'>vera</span> <span class='ocrx_word' id='word_1_1820' title='bbox 1052 2998 1203 3032; x_wconf 86' lang='lat' dir='ltr'>requirunt.</span> <span class='ocrx_word' id='word_1_1821' title='bbox 1379 2998 1493 3025; x_wconf 87' lang='lat' dir='ltr'>Hercaei</span> <span class='ocrx_word' id='word_1_1822' title='bbox 1513 2997 1616 3031; x_wconf 89' lang='lat' dir='ltr'>profuit</span> <span class='ocrx_word' id='word_1_1823' title='bbox 1635 3005 1678 3023; x_wconf 88' lang='lat' dir='ltr'>ara</span> <span class='ocrx_word' id='word_1_1824' title='bbox 1697 2997 1786 3030; x_wconf 90' lang='lat' dir='ltr'>Iouis,</span> <span class='ocrx_word' id='word_1_1825' title='bbox 1815 3000 1832 3024; x_wconf 80' lang='lat' dir='ltr'>i.</span> <span class='ocrx_word' id='word_1_1826' title='bbox 1850 2999 1965 3024; x_wconf 81' lang='lat' dir='ltr'>Priamus</span> <span class='ocrx_word' id='word_1_1827' title='bbox 1980 2996 2015 3022; x_wconf 82' lang='lat' dir='ltr'>ad</span> <span class='ocrx_word' id='word_1_1828' title='bbox 2030 3005 2099 3022; x_wconf 81' lang='lat' dir='ltr'>aram</span> <span class='ocrx_word' id='word_1_1829' title='bbox 2117 2997 2186 3022; x_wconf 85' lang='lat' dir='ltr'>Iouis</span> <span class='ocrx_word' id='word_1_1830' title='bbox 2199 2998 2306 3025; x_wconf 67' lang='lat' dir='ltr'>Heu-caea·</span> <span class='ocrx_word' id='word_1_1831' title='bbox 2324 2997 2427 3032; x_wconf 57' lang='lat' dir='ltr'>occisus.</span> 
     </span>
     <span class='ocr_line' id='line_1_92' title="bbox 428 3030 2175 3069; baseline 0 -10"><span class='ocrx_word' id='word_1_1832' title='bbox 428 3033 528 3060; x_wconf 83' lang='lat' dir='ltr'>Omnia</span> <span class='ocrx_word' id='word_1_1833' title='bbox 546 3034 618 3060; x_wconf 83' lang='lat' dir='ltr'>enim</span> <span class='ocrx_word' id='word_1_1834' title='bbox 637 3033 725 3059; x_wconf 86' lang='lat' dir='ltr'>stolidi</span> <span class='ocrx_word' id='word_1_1835' title='bbox 747 3033 829 3067; x_wconf 80' lang='lat' dir='ltr'>magis</span> <span class='ocrx_word' id='word_1_1836' title='bbox 849 3032 1014 3059; x_wconf 79' lang='lat' dir='ltr'>admirantur</span> <span class='ocrx_word' id='word_1_1837' title='bbox 1034 3041 1175 3069; x_wconf 77' lang='lat' dir='ltr'>amantque</span> <span class='ocrx_word' id='word_1_1838' title='bbox 1333 3036 1366 3063; x_wconf 87' lang='lat'>80</span> <span class='ocrx_word' id='word_1_1839' title='bbox 1387 3033 1445 3062; x_wconf 83' lang='lat' dir='ltr'>Vid.</span> <span class='ocrx_word' id='word_1_1840' title='bbox 1458 3033 1531 3059; x_wconf 91' lang='lat' dir='ltr'>Seru.</span> <span class='ocrx_word' id='word_1_1841' title='bbox 1545 3036 1573 3058; x_wconf 87' lang='lat' dir='ltr'>in</span> <span class='ocrx_word' id='word_1_1842' title='bbox 1587 3033 1650 3058; x_wconf 87' lang='lat' dir='ltr'>Aen.</span> <span class='ocrx_word' id='word_1_1843' title='bbox 1664 3041 1689 3064; x_wconf 89' lang='lat'>2,</span> <span class='ocrx_word' id='word_1_1844' title='bbox 1704 3036 1753 3065; x_wconf 78' lang='lat'>506</span> <span class='ocrx_word' id='word_1_1845' title='bbox 1772 3039 1794 3059; x_wconf 86' lang='lat' dir='ltr'>et</span> <span class='ocrx_word' id='word_1_1846' title='bbox 1806 3035 1867 3066; x_wconf 77' lang='lat'>468.</span> <span class='ocrx_word' id='word_1_1847' title='bbox 1900 3035 1930 3059; x_wconf 84' lang='lat' dir='ltr'>it.</span> <span class='ocrx_word' id='word_1_1848' title='bbox 1943 3032 2042 3066; x_wconf 84' lang='lat' dir='ltr'>Hygin.</span> <span class='ocrx_word' id='word_1_1849' title='bbox 2061 3030 2123 3058; x_wconf 85' lang='lat' dir='ltr'>Fab.</span> <span class='ocrx_word' id='word_1_1850' title='bbox 2136 3040 2175 3065; x_wconf 79' lang='lat'>91.</span> 
     </span>
     <span class='ocr_line' id='line_1_93' title="bbox 428 3068 1976 3103; baseline -0.002 -8"><span class='ocrx_word' id='word_1_1851' title='bbox 428 3068 541 3096; x_wconf 84' lang='lat' dir='ltr'>Inuerfis</span> <span class='ocrx_word' id='word_1_1852' title='bbox 565 3077 631 3103; x_wconf 88' lang='lat' dir='ltr'>quae</span> <span class='ocrx_word' id='word_1_1853' title='bbox 650 3069 697 3095; x_wconf 92' lang='lat' dir='ltr'>sub</span> <span class='ocrx_word' id='word_1_1854' title='bbox 717 3069 806 3095; x_wconf 88' lang='lat' dir='ltr'>verbis</span> <span class='ocrx_word' id='word_1_1855' title='bbox 825 3068 955 3094; x_wconf 82' lang='lat' dir='ltr'>latitantia</span> <span class='ocrx_word' id='word_1_1856' title='bbox 976 3076 1086 3096; x_wconf 81' lang='lat' dir='ltr'>cernunt</span> <span class='ocrx_word' id='word_1_1857' title='bbox 1099 3079 1105 3094; x_wconf 90' lang='lat'>:</span> <span class='ocrx_word' id='word_1_1858' title='bbox 1418 3075 1439 3095; x_wconf 86' lang='lat' dir='ltr'>H</span> <span class='ocrx_word' id='word_1_1859' title='bbox 1451 3075 1467 3095; x_wconf 87' lang='grc' dir='ltr'>Ε</span> <span class='ocrx_word' id='word_1_1860' title='bbox 1478 3074 1495 3094; x_wconf 91' lang='lat' dir='ltr'>R</span> <span class='ocrx_word' id='word_1_1861' title='bbox 1504 3074 1520 3094; x_wconf 93' lang='lat' dir='ltr'>C</span> <span class='ocrx_word' id='word_1_1862' title='bbox 1530 3076 1538 3094; x_wconf 94' lang='lat'>1</span> <span class='ocrx_word' id='word_1_1863' title='bbox 1547 3075 1569 3094; x_wconf 85' lang='lat' dir='ltr'>N</span> <span class='ocrx_word' id='word_1_1864' title='bbox 1579 3075 1587 3093; x_wconf 89' lang='lat'>1</span> <span class='ocrx_word' id='word_1_1865' title='bbox 1597 3075 1617 3094; x_wconf 83' lang='lat' dir='ltr'>A</span> <span class='ocrx_word' id='word_1_1866' title='bbox 1626 3089 1634 3100; x_wconf 90' lang='lat'>‚</span> <span class='ocrx_word' id='word_1_1867' title='bbox 1668 3068 1721 3094; x_wconf 81' lang='lat' dir='ltr'>vid.</span> <span class='ocrx_word' id='word_1_1868' title='bbox 1748 3074 1769 3094; x_wconf 86' lang='lat' dir='ltr'>H</span> <span class='ocrx_word' id='word_1_1869' title='bbox 1778 3075 1794 3094; x_wconf 86' lang='grc' dir='ltr'>Ε</span> <span class='ocrx_word' id='word_1_1870' title='bbox 1804 3075 1823 3094; x_wconf 84' lang='lat' dir='ltr'>R</span> <span class='ocrx_word' id='word_1_1871' title='bbox 1833 3074 1850 3094; x_wconf 84' lang='lat' dir='ltr'>C</span> <span class='ocrx_word' id='word_1_1872' title='bbox 1860 3075 1909 3095; x_wconf 80' lang='lat' dir='ltr'>YN</span> <span class='ocrx_word' id='word_1_1873' title='bbox 1920 3074 1959 3094; x_wconf 84' lang='lat' dir='ltr'>1A</span> <span class='ocrx_word' id='word_1_1874' title='bbox 1969 3087 1976 3092; x_wconf 93' lang='lat'>.</span> 
     </span>
     <span class='ocr_line' id='line_1_94' title="bbox 428 3103 2085 3139; baseline -0.001 -9"><span class='ocrx_word' id='word_1_1875' title='bbox 428 3106 551 3139; x_wconf 89' lang='lat' dir='ltr'>Veraque</span> <span class='ocrx_word' id='word_1_1876' title='bbox 571 3105 750 3136; x_wconf 83' lang='lat' dir='ltr'>constituunt,</span> <span class='ocrx_word' id='word_1_1877' title='bbox 768 3112 835 3139; x_wconf 86' lang='lat' dir='ltr'>quae</span> <span class='ocrx_word' id='word_1_1878' title='bbox 855 3103 923 3130; x_wconf 84' lang='lat' dir='ltr'>belle</span> <span class='ocrx_word' id='word_1_1879' title='bbox 944 3110 1050 3137; x_wconf 75' lang='lat' dir='ltr'>tangere</span> <span class='ocrx_word' id='word_1_1880' title='bbox 1071 3104 1171 3138; x_wconf 70' lang='lat' dir='ltr'>possunt</span> <span class='ocrx_word' id='word_1_1881' title='bbox 1415 3111 1437 3131; x_wconf 88' lang='lat' dir='ltr'>H</span> <span class='ocrx_word' id='word_1_1882' title='bbox 1446 3111 1462 3131; x_wconf 84' lang='lat' dir='ltr'>E</span> <span class='ocrx_word' id='word_1_1883' title='bbox 1471 3110 1514 3130; x_wconf 83' lang='lat' dir='ltr'>RC</span> <span class='ocrx_word' id='word_1_1884' title='bbox 1522 3111 1531 3129; x_wconf 86' lang='lat'>1</span> <span class='ocrx_word' id='word_1_1885' title='bbox 1541 3110 1553 3129; x_wconf 90' lang='lat' dir='ltr'>S</span> <span class='ocrx_word' id='word_1_1886' title='bbox 1562 3109 1578 3130; x_wconf 89' lang='lat' dir='ltr'>C</span> <span class='ocrx_word' id='word_1_1887' title='bbox 1588 3109 1603 3129; x_wconf 87' lang='grc' dir='ltr'>Ε</span> <span class='ocrx_word' id='word_1_1888' title='bbox 1613 3110 1632 3128; x_wconf 84' lang='grc' dir='ltr'>υ</span> <span class='ocrx_word' id='word_1_1889' title='bbox 1641 3110 1659 3128; x_wconf 90' lang='lat' dir='ltr'>R</span> <span class='ocrx_word' id='word_1_1890' title='bbox 1670 3122 1678 3134; x_wconf 92' lang='lat'>‚</span> <span class='ocrx_word' id='word_1_1891' title='bbox 1698 3103 1755 3135; x_wconf 90' lang='lat' dir='ltr'>eri,</span> <span class='ocrx_word' id='word_1_1892' title='bbox 1792 3103 1844 3130; x_wconf 79' lang='lat' dir='ltr'>vid.</span> <span class='ocrx_word' id='word_1_1893' title='bbox 1870 3109 1887 3129; x_wconf 76' lang='grc' dir='ltr'>Ε</span> <span class='ocrx_word' id='word_1_1894' title='bbox 1898 3110 1916 3130; x_wconf 87' lang='lat' dir='ltr'>R</span> <span class='ocrx_word' id='word_1_1895' title='bbox 1926 3110 1942 3130; x_wconf 92' lang='lat' dir='ltr'>C</span> <span class='ocrx_word' id='word_1_1896' title='bbox 1951 3110 1961 3129; x_wconf 93' lang='lat'>1</span> <span class='ocrx_word' id='word_1_1897' title='bbox 1970 3109 1983 3130; x_wconf 90' lang='lat' dir='ltr'>s</span> <span class='ocrx_word' id='word_1_1898' title='bbox 1994 3108 2011 3129; x_wconf 93' lang='lat' dir='ltr'>C</span> <span class='ocrx_word' id='word_1_1899' title='bbox 2022 3109 2041 3129; x_wconf 92' lang='grc' dir='ltr'>Ο</span> <span class='ocrx_word' id='word_1_1900' title='bbox 2049 3109 2068 3129; x_wconf 86' lang='lat' dir='ltr'>R</span> <span class='ocrx_word' id='word_1_1901' title='bbox 2078 3123 2085 3129; x_wconf 95' lang='lat'>.</span> 
     </span>
     <span class='ocr_line' id='line_1_95' title="bbox 429 3136 2426 3175; baseline 0.001 -8"><span class='ocrx_word' id='word_1_1902' title='bbox 429 3140 512 3167; x_wconf 85' lang='lat' dir='ltr'>Aures</span> <span class='ocrx_word' id='word_1_1903' title='bbox 521 3161 529 3173; x_wconf 92' lang='lat'>,</span> <span class='ocrx_word' id='word_1_1904' title='bbox 551 3146 577 3166; x_wconf 86' lang='lat' dir='ltr'>et</span> <span class='ocrx_word' id='word_1_1905' title='bbox 595 3140 685 3175; x_wconf 88' lang='lat' dir='ltr'>lepido</span> <span class='ocrx_word' id='word_1_1906' title='bbox 712 3148 778 3175; x_wconf 90' lang='lat' dir='ltr'>quae</span> <span class='ocrx_word' id='word_1_1907' title='bbox 797 3140 855 3166; x_wconf 89' lang='lat' dir='ltr'>sunt</span> <span class='ocrx_word' id='word_1_1908' title='bbox 875 3139 963 3165; x_wconf 87' lang='lat' dir='ltr'>fucata</span> <span class='ocrx_word' id='word_1_1909' title='bbox 982 3141 1101 3166; x_wconf 86' lang='lat' dir='ltr'>sonorae.</span> <span class='ocrx_word' id='word_1_1910' title='bbox 1416 3147 1438 3167; x_wconf 89' lang='grc' dir='ltr'>Η</span> <span class='ocrx_word' id='word_1_1911' title='bbox 1447 3146 1463 3166; x_wconf 87' lang='grc' dir='ltr'>Ε</span> <span class='ocrx_word' id='word_1_1912' title='bbox 1472 3146 1491 3166; x_wconf 90' lang='lat' dir='ltr'>R</span> <span class='ocrx_word' id='word_1_1913' title='bbox 1503 3136 1549 3166; x_wconf 48' lang='lat' dir='ltr'>ex*</span> <span class='ocrx_word' id='word_1_1914' title='bbox 1558 3146 1574 3165; x_wconf 89' lang='lat' dir='ltr'>L</span> <span class='ocrx_word' id='word_1_1915' title='bbox 1584 3145 1600 3165; x_wconf 84' lang='lat' dir='ltr'>E</span> <span class='ocrx_word' id='word_1_1916' title='bbox 1610 3145 1622 3164; x_wconf 89' lang='lat' dir='ltr'>S</span> <span class='ocrx_word' id='word_1_1917' title='bbox 1631 3157 1639 3170; x_wconf 86' lang='lat'>,</span> <span class='ocrx_word' id='word_1_1918' title='bbox 1660 3139 1690 3164; x_wconf 79' lang='lat' dir='ltr'>is.</span> <span class='ocrx_word' id='word_1_1919' title='bbox 1710 3148 1712 3154; x_wconf 64' lang='grc'>’</span> <span class='ocrx_word' id='word_1_1920' title='bbox 1727 3147 1763 3165; x_wconf 91' lang='lat' dir='ltr'>m.</span> <span class='ocrx_word' id='word_1_1921' title='bbox 1800 3138 1962 3174; x_wconf 68' lang='grc' dir='ltr'><strong>[Ἡρακλῆς]</strong></span> <span class='ocrx_word' id='word_1_1922' title='bbox 2001 3140 2095 3164; x_wconf 81' lang='lat' dir='ltr'>Nomen</span> <span class='ocrx_word' id='word_1_1923' title='bbox 2109 3149 2156 3165; x_wconf 83' lang='lat' dir='ltr'>non</span> <span class='ocrx_word' id='word_1_1924' title='bbox 2169 3144 2220 3166; x_wconf 78' lang='lat' dir='ltr'>tam</span> <span class='ocrx_word' id='word_1_1925' title='bbox 2233 3142 2309 3167; x_wconf 84' lang='lat' dir='ltr'>vnius</span> <span class='ocrx_word' id='word_1_1926' title='bbox 2322 3140 2426 3173; x_wconf 71' lang='lat' dir='ltr'>Herois,</span> 
     </span>
     <span class='ocr_line' id='line_1_96' title="bbox 313 3173 2429 3211; baseline 0 -9"><span class='ocrx_word' id='word_1_1927' title='bbox 313 3181 440 3202; x_wconf 81' lang='lat' dir='ltr'>HERAS</span> <span class='ocrx_word' id='word_1_1928' title='bbox 461 3182 562 3202; x_wconf 83' lang='lat' dir='ltr'>DACR</span> <span class='ocrx_word' id='word_1_1929' title='bbox 574 3182 592 3201; x_wconf 84' lang='lat' dir='ltr'>Y</span> <span class='ocrx_word' id='word_1_1930' title='bbox 607 3182 627 3202; x_wconf 89' lang='lat' dir='ltr'><em>O</em></span> <span class='ocrx_word' id='word_1_1931' title='bbox 639 3182 661 3202; x_wconf 85' lang='lat' dir='ltr'>N</span> <span class='ocrx_word' id='word_1_1932' title='bbox 672 3195 680 3208; x_wconf 84' lang='lat'>,</span> <span class='ocrx_word' id='word_1_1933' title='bbox 704 3176 738 3202; x_wconf 82' lang='lat' dir='ltr'>ad</span> <span class='ocrx_word' id='word_1_1934' title='bbox 759 3175 856 3202; x_wconf 78' lang='lat' dir='ltr'>uerbum</span> <span class='ocrx_word' id='word_1_1935' title='bbox 874 3175 984 3202; x_wconf 89' lang='lat' dir='ltr'>Iunonis</span> <span class='ocrx_word' id='word_1_1936' title='bbox 1003 3175 1128 3206; x_wconf 71' lang='lat' dir='ltr'>lacrima,</span> <span class='ocrx_word' id='word_1_1937' title='bbox 1145 3174 1234 3206; x_wconf 77' lang='lat' dir='ltr'>herba,</span> <span class='ocrx_word' id='word_1_1938' title='bbox 1254 3175 1320 3201; x_wconf 75' lang='lat' dir='ltr'>alias</span> <span class='ocrx_word' id='word_1_1939' title='bbox 1381 3176 1450 3203; x_wconf 81' lang='lat' dir='ltr'>Iouis</span> <span class='ocrx_word' id='word_1_1940' title='bbox 1466 3181 1490 3201; x_wconf 87' lang='lat' dir='ltr'>et</span> <span class='ocrx_word' id='word_1_1941' title='bbox 1504 3176 1634 3201; x_wconf 80' lang='lat' dir='ltr'>Alcmenae</span> <span class='ocrx_word' id='word_1_1942' title='bbox 1643 3173 1716 3209; x_wconf 80' lang='lat' dir='ltr'>filii,</span> <span class='ocrx_word' id='word_1_1943' title='bbox 1734 3184 1806 3210; x_wconf 81' lang='lat' dir='ltr'>quam</span> <span class='ocrx_word' id='word_1_1944' title='bbox 1825 3176 1954 3201; x_wconf 81' lang='lat' dir='ltr'>multorum</span> <span class='ocrx_word' id='word_1_1945' title='bbox 1970 3177 2083 3200; x_wconf 83' lang='lat' dir='ltr'>virorum</span> <span class='ocrx_word' id='word_1_1946' title='bbox 2096 3175 2224 3210; x_wconf 79' lang='lat' dir='ltr'>fortium,</span> <span class='ocrx_word' id='word_1_1947' title='bbox 2243 3178 2287 3211; x_wconf 80' lang='lat' dir='ltr'>qui</span> <span class='ocrx_word' id='word_1_1948' title='bbox 2305 3179 2333 3202; x_wconf 85' lang='lat' dir='ltr'>in</span> <span class='ocrx_word' id='word_1_1949' title='bbox 2351 3186 2429 3203; x_wconf 79' lang='lat' dir='ltr'>unum</span> 
     </span>
     <span class='ocr_line' id='line_1_97' title="bbox 274 3209 2445 3247; baseline 0 -9"><span class='ocrx_word' id='word_1_1950' title='bbox 274 3209 429 3238; x_wconf 64' lang='lat' dir='ltr'>peristereos.</span> <span class='ocrx_word' id='word_1_1951' title='bbox 471 3210 529 3238; x_wconf 75' lang='lat' dir='ltr'>Vid.</span> <span class='ocrx_word' id='word_1_1952' title='bbox 544 3211 622 3245; x_wconf 82' lang='lat' dir='ltr'>Apul.</span> <span class='ocrx_word' id='word_1_1953' title='bbox 636 3211 668 3236; x_wconf 87' lang='lat' dir='ltr'>de</span> <span class='ocrx_word' id='word_1_1954' title='bbox 682 3211 765 3238; x_wconf 84' lang='lat' dir='ltr'>Herb.</span> <span class='ocrx_word' id='word_1_1955' title='bbox 780 3220 802 3237; x_wconf 85' lang='lat' dir='ltr'>c.</span> <span class='ocrx_word' id='word_1_1956' title='bbox 810 3213 850 3243; x_wconf 76' lang='lat'>65.</span> <span class='ocrx_word' id='word_1_1957' title='bbox 1161 3209 1171 3219; x_wconf 86' lang='lat'>&#39;</span> <span class='ocrx_word' id='word_1_1958' title='bbox 1335 3213 1365 3244; x_wconf 82' lang='grc'>85</span> <span class='ocrx_word' id='word_1_1959' title='bbox 1381 3211 1444 3238; x_wconf 74' lang='lat' dir='ltr'>illud</span> <span class='ocrx_word' id='word_1_1960' title='bbox 1456 3220 1539 3237; x_wconf 77' lang='lat' dir='ltr'>nomen</span> <span class='ocrx_word' id='word_1_1961' title='bbox 1557 3211 1623 3236; x_wconf 71' lang='lat' dir='ltr'>velut</span> <span class='ocrx_word' id='word_1_1962' title='bbox 1639 3209 1835 3244; x_wconf 74' lang='lat' dir='ltr'>confimduntur.</span> <span class='ocrx_word' id='word_1_1963' title='bbox 1875 3209 2014 3236; x_wconf 82' lang='lat' dir='ltr'>Audiamus</span> <span class='ocrx_word' id='word_1_1964' title='bbox 2026 3210 2171 3245; x_wconf 77' lang='lat' dir='ltr'>speciminis</span> <span class='ocrx_word' id='word_1_1965' title='bbox 2185 3213 2274 3247; x_wconf 82' lang='lat' dir='ltr'>causa,</span> <span class='ocrx_word' id='word_1_1966' title='bbox 2291 3212 2371 3246; x_wconf 84' lang='lat' dir='ltr'>(nam</span> <span class='ocrx_word' id='word_1_1967' title='bbox 2388 3219 2426 3239; x_wconf 81' lang='lat' dir='ltr'>to·</span> <span class='ocrx_word' id='word_1_1968' title='bbox 2442 3225 2445 3229; x_wconf 91' lang='lat'>·</span> 
     </span>
     <span class='ocr_line' id='line_1_98' title="bbox 310 3244 2425 3280; baseline 0.001 -9"><span class='ocrx_word' id='word_1_1969' title='bbox 310 3253 330 3271; x_wconf 89' lang='grc' dir='ltr'>Η</span> <span class='ocrx_word' id='word_1_1970' title='bbox 341 3254 355 3272; x_wconf 67' lang='lat'>12</span> <span class='ocrx_word' id='word_1_1971' title='bbox 365 3254 384 3273; x_wconf 85' lang='lat' dir='ltr'>R</span> <span class='ocrx_word' id='word_1_1972' title='bbox 396 3252 412 3273; x_wconf 85' lang='grc' dir='ltr'><em>Β</em></span> <span class='ocrx_word' id='word_1_1973' title='bbox 423 3254 444 3273; x_wconf 88' lang='grc' dir='ltr'>Α</span> <span class='ocrx_word' id='word_1_1974' title='bbox 454 3266 463 3279; x_wconf 86' lang='grc'>,</span> <span class='ocrx_word' id='word_1_1975' title='bbox 485 3255 524 3273; x_wconf 83' lang='lat' dir='ltr'>ae.</span> <span class='ocrx_word' id='word_1_1976' title='bbox 557 3246 577 3272; x_wconf 93' lang='lat' dir='ltr'>f.</span> <span class='ocrx_word' id='word_1_1977' title='bbox 614 3247 682 3280; x_wconf 72' lang='grc' dir='ltr'>[πόα</span> <span class='ocrx_word' id='word_1_1978' title='bbox 692 3267 700 3279; x_wconf 87' lang='grc'>,</span> <span class='ocrx_word' id='word_1_1979' title='bbox 722 3246 832 3280; x_wconf 66' lang='grc' dir='ltr'>βοτάνη]</span> <span class='ocrx_word' id='word_1_1980' title='bbox 886 3245 1013 3272; x_wconf 77' lang='lat' dir='ltr'>Commune</span> <span class='ocrx_word' id='word_1_1981' title='bbox 1027 3254 1111 3271; x_wconf 76' lang='lat' dir='ltr'>nomen</span> <span class='ocrx_word' id='word_1_1982' title='bbox 1124 3247 1228 3270; x_wconf 84' lang='lat' dir='ltr'>omnium</span> <span class='ocrx_word' id='word_1_1983' title='bbox 1242 3245 1320 3270; x_wconf 81' lang='lat' dir='ltr'>bumi-</span> <span class='ocrx_word' id='word_1_1984' title='bbox 1379 3253 1431 3273; x_wconf 80' lang='lat' dir='ltr'>tum</span> <span class='ocrx_word' id='word_1_1985' title='bbox 1445 3247 1574 3273; x_wconf 76' lang='lat' dir='ltr'>Herculem</span> <span class='ocrx_word' id='word_1_1986' title='bbox 1592 3254 1640 3271; x_wconf 86' lang='lat' dir='ltr'>non</span> <span class='ocrx_word' id='word_1_1987' title='bbox 1658 3248 1748 3279; x_wconf 59' lang='lat' dir='ltr'>rei-ipa</span> <span class='ocrx_word' id='word_1_1988' title='bbox 1767 3246 1809 3271; x_wconf 79' lang='lat' dir='ltr'>hic</span> <span class='ocrx_word' id='word_1_1989' title='bbox 1828 3244 1912 3278; x_wconf 81' lang='lat' dir='ltr'>liber)</span> <span class='ocrx_word' id='word_1_1990' title='bbox 1944 3244 1991 3270; x_wconf 88' lang='lat' dir='ltr'>Cic</span> <span class='ocrx_word' id='word_1_1991' title='bbox 2005 3244 2035 3271; x_wconf 82' lang='lat' dir='ltr'>de</span> <span class='ocrx_word' id='word_1_1992' title='bbox 2049 3246 2145 3273; x_wconf 84' lang='lat' dir='ltr'>Natur.</span> <span class='ocrx_word' id='word_1_1993' title='bbox 2160 3247 2241 3273; x_wconf 89' lang='lat' dir='ltr'>Deor.</span> <span class='ocrx_word' id='word_1_1994' title='bbox 2260 3255 2283 3279; x_wconf 82' lang='lat'>3,</span> <span class='ocrx_word' id='word_1_1995' title='bbox 2297 3256 2327 3280; x_wconf 88' lang='lat'>4¹</span> <span class='ocrx_word' id='word_1_1996' title='bbox 2354 3257 2375 3273; x_wconf 89' lang='lat' dir='ltr'>c.</span> <span class='ocrx_word' id='word_1_1997' title='bbox 2394 3249 2425 3274; x_wconf 84' lang='lat'>16</span> 
     </span>
     <span class='ocr_line' id='line_1_99' title="bbox 273 3279 2425 3319; baseline 0.002 -13"><span class='ocrx_word' id='word_1_1998' title='bbox 273 3282 332 3307; x_wconf 83' lang='lat' dir='ltr'>lium</span> <span class='ocrx_word' id='word_1_1999' title='bbox 346 3285 480 3309; x_wconf 81' lang='lat' dir='ltr'>virentium</span> <span class='ocrx_word' id='word_1_2000' title='bbox 494 3285 522 3308; x_wconf 82' lang='lat' dir='ltr'>in</span> <span class='ocrx_word' id='word_1_2001' title='bbox 535 3285 623 3318; x_wconf 82' lang='lat' dir='ltr'>agris,</span> <span class='ocrx_word' id='word_1_2002' title='bbox 639 3286 743 3317; x_wconf 82' lang='lat' dir='ltr'>pratis,</span> <span class='ocrx_word' id='word_1_2003' title='bbox 761 3289 806 3308; x_wconf 79' lang='lat' dir='ltr'>etc.</span> <span class='ocrx_word' id='word_1_2004' title='bbox 882 3282 960 3315; x_wconf 81' lang='lat' dir='ltr'>virg.</span> <span class='ocrx_word' id='word_1_2005' title='bbox 975 3282 1072 3315; x_wconf 87' lang='lat' dir='ltr'>Georg.</span> <span class='ocrx_word' id='word_1_2006' title='bbox 1088 3290 1108 3313; x_wconf 90' lang='grc'>1,</span> <span class='ocrx_word' id='word_1_2007' title='bbox 1123 3289 1176 3319; x_wconf 58' lang='lat'>¹34,</span> <span class='ocrx_word' id='word_1_2008' title='bbox 1198 3281 1228 3306; x_wconf 84' lang='lat' dir='ltr'>Et</span> <span class='ocrx_word' id='word_1_2009' title='bbox 1242 3280 1319 3306; x_wconf 77' lang='lat' dir='ltr'>sulcis</span> <span class='ocrx_word' id='word_1_2010' title='bbox 1381 3281 1528 3316; x_wconf 84' lang='lat' dir='ltr'>Qiomodo</span> <span class='ocrx_word' id='word_1_2011' title='bbox 1541 3289 1608 3307; x_wconf 83' lang='lat' dir='ltr'>nunc</span> <span class='ocrx_word' id='word_1_2012' title='bbox 1621 3279 1728 3314; x_wconf 84' lang='lat' dir='ltr'>quidem</span> <span class='ocrx_word' id='word_1_2013' title='bbox 1742 3280 1793 3312; x_wconf 77' lang='lat' dir='ltr'>est,</span> <span class='ocrx_word' id='word_1_2014' title='bbox 1812 3289 1861 3315; x_wconf 87' lang='lat' dir='ltr'>ego</span> <span class='ocrx_word' id='word_1_2015' title='bbox 1875 3289 1930 3307; x_wconf 89' lang='lat' dir='ltr'>non</span> <span class='ocrx_word' id='word_1_2016' title='bbox 1944 3280 2023 3307; x_wconf 89' lang='lat' dir='ltr'>video</span> <span class='ocrx_word' id='word_1_2017' title='bbox 2032 3301 2039 3313; x_wconf 87' lang='lat'>‚</span> <span class='ocrx_word' id='word_1_2018' title='bbox 2059 3282 2197 3316; x_wconf 89' lang='lat' dir='ltr'>quomodo</span> <span class='ocrx_word' id='word_1_2019' title='bbox 2212 3282 2258 3309; x_wconf 90' lang='lat' dir='ltr'>ille</span> <span class='ocrx_word' id='word_1_2020' title='bbox 2271 3281 2425 3318; x_wconf 80' lang='lat' dir='ltr'>(Hercules)</span> 
     </span>
    </p>
   </div>
   <div class='ocr_carea' id='block_1_15' title="bbox 274 3314 2458 3496">
    <p class='ocr_par' dir='ltr' id='par_1_30' title="bbox 274 3314 2458 3496">
     <span class='ocr_line' id='line_1_100' title="bbox 274 3314 2458 3353; baseline 0.001 -11"><span class='ocrx_word' id='word_1_2021' title='bbox 274 3317 403 3344; x_wconf 79' lang='lat' dir='ltr'>frumenti</span> <span class='ocrx_word' id='word_1_2022' title='bbox 417 3323 554 3353; x_wconf 86' lang='lat' dir='ltr'>quaereret</span> <span class='ocrx_word' id='word_1_2023' title='bbox 568 3317 685 3344; x_wconf 85' lang='lat' dir='ltr'>herbam.</span> <span class='ocrx_word' id='word_1_2024' title='bbox 757 3317 858 3343; x_wconf 84' lang='lat' dir='ltr'>Festus:</span> <span class='ocrx_word' id='word_1_2025' title='bbox 878 3317 996 3343; x_wconf 86' lang='lat' dir='ltr'>Herbam</span> <span class='ocrx_word' id='word_1_2026' title='bbox 1011 3317 1060 3347; x_wconf 88' lang='lat' dir='ltr'>do,</span> <span class='ocrx_word' id='word_1_2027' title='bbox 1080 3325 1139 3343; x_wconf 88' lang='lat' dir='ltr'>cum</span> <span class='ocrx_word' id='word_1_2028' title='bbox 1154 3321 1191 3341; x_wconf 81' lang='lat' dir='ltr'>ait</span> <span class='ocrx_word' id='word_1_2029' title='bbox 1204 3315 1319 3347; x_wconf 83' lang='lat' dir='ltr'>Plautus,</span> <span class='ocrx_word' id='word_1_2030' title='bbox 1380 3319 1423 3344; x_wconf 88' lang='lat' dir='ltr'>cui</span> <span class='ocrx_word' id='word_1_2031' title='bbox 1437 3319 1465 3344; x_wconf 90' lang='lat' dir='ltr'>in</span> <span class='ocrx_word' id='word_1_2032' title='bbox 1479 3323 1569 3344; x_wconf 88' lang='lat' dir='ltr'>monte</span> <span class='ocrx_word' id='word_1_2033' title='bbox 1581 3317 1665 3342; x_wconf 66' lang='lat' dir='ltr'>Oeneo</span> <span class='ocrx_word' id='word_1_2034' title='bbox 1680 3316 1766 3343; x_wconf 85' lang='lat' dir='ltr'>illatae</span> <span class='ocrx_word' id='word_1_2035' title='bbox 1779 3314 1908 3350; x_wconf 82' lang='lat' dir='ltr'>lampades</span> <span class='ocrx_word' id='word_1_2036' title='bbox 1923 3315 2034 3349; x_wconf 83' lang='lat' dir='ltr'>fuerint,</span> <span class='ocrx_word' id='word_1_2037' title='bbox 2049 3324 2078 3344; x_wconf 93' lang='lat' dir='ltr'>vt</span> <span class='ocrx_word' id='word_1_2038' title='bbox 2092 3318 2129 3344; x_wconf 87' lang='lat' dir='ltr'>ait</span> <span class='ocrx_word' id='word_1_2039' title='bbox 2142 3319 2252 3351; x_wconf 84' lang='lat' dir='ltr'>Accius,</span> <span class='ocrx_word' id='word_1_2040' title='bbox 2270 3319 2298 3345; x_wconf 88' lang='lat' dir='ltr'>in</span> <span class='ocrx_word' id='word_1_2041' title='bbox 2312 3319 2423 3346; x_wconf 88' lang='lat' dir='ltr'>domum</span> <span class='ocrx_word' id='word_1_2042' title='bbox 2456 3346 2458 3352; x_wconf 54' lang='lat'>‚</span> 
     </span>
     <span class='ocr_line' id='line_1_101' title="bbox 274 3350 2425 3387; baseline 0.002 -10"><span class='ocrx_word' id='word_1_2043' title='bbox 274 3351 414 3386; x_wconf 76' lang='lat' dir='ltr'>fignificat,</span> <span class='ocrx_word' id='word_1_2044' title='bbox 435 3353 537 3386; x_wconf 54' lang='lat' dir='ltr'>vidium</span> <span class='ocrx_word' id='word_1_2045' title='bbox 555 3362 598 3379; x_wconf 82' lang='lat' dir='ltr'>me</span> <span class='ocrx_word' id='word_1_2046' title='bbox 612 3353 714 3383; x_wconf 77' lang='lat' dir='ltr'>fate0r3</span> <span class='ocrx_word' id='word_1_2047' title='bbox 751 3353 822 3387; x_wconf 85' lang='lat' dir='ltr'>quod</span> <span class='ocrx_word' id='word_1_2048' title='bbox 846 3352 882 3378; x_wconf 68' lang='lat' dir='ltr'>est</span> <span class='ocrx_word' id='word_1_2049' title='bbox 903 3353 1027 3387; x_wconf 87' lang='lat' dir='ltr'>antiquae</span> <span class='ocrx_word' id='word_1_2050' title='bbox 1050 3358 1075 3378; x_wconf 90' lang='lat' dir='ltr'>et</span> <span class='ocrx_word' id='word_1_2051' title='bbox 1096 3351 1231 3386; x_wconf 65' lang='lat' dir='ltr'>pastoralis</span> <span class='ocrx_word' id='word_1_2052' title='bbox 1248 3350 1318 3376; x_wconf 90' lang='lat' dir='ltr'>vitae</span> <span class='ocrx_word' id='word_1_2053' title='bbox 1382 3360 1515 3380; x_wconf 84' lang='lat' dir='ltr'>aeternam</span> <span class='ocrx_word' id='word_1_2054' title='bbox 1529 3352 1609 3387; x_wconf 86' lang='lat' dir='ltr'>patris</span> <span class='ocrx_word' id='word_1_2055' title='bbox 1626 3359 1656 3377; x_wconf 83' lang='lat' dir='ltr'>ex</span> <span class='ocrx_word' id='word_1_2056' title='bbox 1669 3351 1718 3377; x_wconf 85' lang='lat' dir='ltr'>illo</span> <span class='ocrx_word' id='word_1_2057' title='bbox 1733 3351 1826 3378; x_wconf 83' lang='lat' dir='ltr'>ardore</span> <span class='ocrx_word' id='word_1_2058' title='bbox 1838 3352 2001 3385; x_wconf 74' lang='lat' dir='ltr'>peruenerit,</span> <span class='ocrx_word' id='word_1_2059' title='bbox 2020 3353 2090 3383; x_wconf 82' lang='lat' dir='ltr'>(vid.</span> <span class='ocrx_word' id='word_1_2060' title='bbox 2105 3353 2216 3380; x_wconf 88' lang='lat' dir='ltr'>Senecae</span> <span class='ocrx_word' id='word_1_2061' title='bbox 2228 3354 2357 3381; x_wconf 84' lang='lat' dir='ltr'>Hercules</span> <span class='ocrx_word' id='word_1_2062' title='bbox 2371 3355 2425 3387; x_wconf 86' lang='lat' dir='ltr'>Qe-</span> 
     </span>
     <span class='ocr_line' id='line_1_102' title="bbox 274 3387 2450 3423; baseline 0.002 -12"><span class='ocrx_word' id='word_1_2063' title='bbox 274 3387 414 3415; x_wconf 80' lang='lat' dir='ltr'>indicium.</span> <span class='ocrx_word' id='word_1_2064' title='bbox 467 3389 536 3415; x_wconf 84' lang='lat' dir='ltr'>Nam</span> <span class='ocrx_word' id='word_1_2065' title='bbox 551 3389 596 3423; x_wconf 90' lang='lat' dir='ltr'>qui</span> <span class='ocrx_word' id='word_1_2066' title='bbox 617 3389 645 3414; x_wconf 91' lang='lat' dir='ltr'>in</span> <span class='ocrx_word' id='word_1_2067' title='bbox 664 3394 740 3423; x_wconf 88' lang='lat' dir='ltr'>prato</span> <span class='ocrx_word' id='word_1_2068' title='bbox 760 3389 835 3414; x_wconf 89' lang='lat' dir='ltr'>cursu</span> <span class='ocrx_word' id='word_1_2069' title='bbox 852 3394 896 3414; x_wconf 88' lang='lat' dir='ltr'>aut</span> <span class='ocrx_word' id='word_1_2070' title='bbox 916 3388 1019 3415; x_wconf 88' lang='lat' dir='ltr'>viribus</span> <span class='ocrx_word' id='word_1_2071' title='bbox 1032 3387 1238 3418; x_wconf 84' lang='lat' dir='ltr'>contendebant,</span> <span class='ocrx_word' id='word_1_2072' title='bbox 1259 3395 1319 3412; x_wconf 86' lang='lat' dir='ltr'>cum</span> <span class='ocrx_word' id='word_1_2073' title='bbox 1331 3395 1367 3419; x_wconf 90' lang='lat'>90</span> <span class='ocrx_word' id='word_1_2074' title='bbox 1381 3393 1455 3420; x_wconf 79' lang='lat' dir='ltr'>teus)</span> <span class='ocrx_word' id='word_1_2075' title='bbox 1478 3397 1556 3423; x_wconf 91' lang='lat' dir='ltr'>quem</span> <span class='ocrx_word' id='word_1_2076' title='bbox 1575 3393 1662 3414; x_wconf 82' lang='lat' dir='ltr'>tamen</span> <span class='ocrx_word' id='word_1_2077' title='bbox 1682 3387 1814 3413; x_wconf 82' lang='lat' dir='ltr'>Homerus</span> <span class='ocrx_word' id='word_1_2078' title='bbox 1833 3387 1971 3413; x_wconf 83' lang='lat' dir='ltr'>conueniri</span> <span class='ocrx_word' id='word_1_2079' title='bbox 1990 3388 2058 3422; x_wconf 85' lang='lat' dir='ltr'>apud</span> <span class='ocrx_word' id='word_1_2080' title='bbox 2076 3389 2176 3416; x_wconf 74' lang='lat' dir='ltr'>inferos</span> <span class='ocrx_word' id='word_1_2081' title='bbox 2196 3390 2258 3416; x_wconf 85' lang='lat' dir='ltr'>facit</span> <span class='ocrx_word' id='word_1_2082' title='bbox 2277 3389 2310 3416; x_wconf 91' lang='lat' dir='ltr'>ab</span> <span class='ocrx_word' id='word_1_2083' title='bbox 2324 3389 2422 3422; x_wconf 80' lang='lat' dir='ltr'>Vlyffe,</span> <span class='ocrx_word' id='word_1_2084' title='bbox 2445 3414 2450 3416; x_wconf 92' lang='lat'>.</span> 
     </span>
     <span class='ocr_line' id='line_1_103' title="bbox 275 3421 2422 3459; baseline 0.002 -12"><span class='ocrx_word' id='word_1_2085' title='bbox 275 3423 386 3455; x_wconf 84' lang='lat' dir='ltr'>superati</span> <span class='ocrx_word' id='word_1_2086' title='bbox 402 3430 489 3453; x_wconf 88' lang='lat' dir='ltr'>erant,</span> <span class='ocrx_word' id='word_1_2087' title='bbox 510 3433 541 3450; x_wconf 85' lang='lat' dir='ltr'>cx</span> <span class='ocrx_word' id='word_1_2088' title='bbox 553 3433 585 3451; x_wconf 90' lang='lat' dir='ltr'>eo</span> <span class='ocrx_word' id='word_1_2089' title='bbox 599 3425 672 3456; x_wconf 87' lang='lat' dir='ltr'>solo,</span> <span class='ocrx_word' id='word_1_2090' title='bbox 692 3424 720 3450; x_wconf 91' lang='lat' dir='ltr'>in</span> <span class='ocrx_word' id='word_1_2091' title='bbox 734 3433 788 3458; x_wconf 91' lang='lat' dir='ltr'>quo</span> <span class='ocrx_word' id='word_1_2092' title='bbox 801 3429 934 3450; x_wconf 83' lang='lat' dir='ltr'>certamen</span> <span class='ocrx_word' id='word_1_2093' title='bbox 949 3430 1021 3456; x_wconf 86' lang='lat' dir='ltr'>erat,</span> <span class='ocrx_word' id='word_1_2094' title='bbox 1048 3423 1196 3457; x_wconf 85' lang='lat' dir='ltr'>decerptam</span> <span class='ocrx_word' id='word_1_2095' title='bbox 1211 3421 1319 3449; x_wconf 88' lang='lat' dir='ltr'>herbam</span> <span class='ocrx_word' id='word_1_2096' title='bbox 1381 3424 1444 3451; x_wconf 76' lang='lat' dir='ltr'>ficut</span> <span class='ocrx_word' id='word_1_2097' title='bbox 1467 3430 1596 3454; x_wconf 83' lang='lat' dir='ltr'>caeteros,</span> <span class='ocrx_word' id='word_1_2098' title='bbox 1618 3422 1661 3456; x_wconf 88' lang='lat' dir='ltr'>qui</span> <span class='ocrx_word' id='word_1_2099' title='bbox 1685 3424 1840 3449; x_wconf 85' lang='lat' dir='ltr'>excesserant</span> <span class='ocrx_word' id='word_1_2100' title='bbox 1856 3422 1919 3448; x_wconf 85' lang='lat' dir='ltr'>vita.</span> <span class='ocrx_word' id='word_1_2101' title='bbox 1966 3424 2152 3459; x_wconf 83' lang='lat' dir='ltr'>Qamquam,</span> <span class='ocrx_word' id='word_1_2102' title='bbox 2169 3434 2248 3459; x_wconf 88' lang='lat' dir='ltr'>quem</span> <span class='ocrx_word' id='word_1_2103' title='bbox 2262 3425 2422 3459; x_wconf 83' lang='lat' dir='ltr'>potissimum</span> 
     </span>
     <span class='ocr_line' id='line_1_104' title="bbox 275 3457 2422 3496; baseline 0.003 -15"><span class='ocrx_word' id='word_1_2104' title='bbox 275 3457 424 3484; x_wconf 80' lang='lat' dir='ltr'>aduersario</span> <span class='ocrx_word' id='word_1_2105' title='bbox 437 3459 583 3486; x_wconf 84' lang='lat' dir='ltr'>tradebant.</span> <span class='ocrx_word' id='word_1_2106' title='bbox 640 3460 714 3495; x_wconf 80' lang='lat' dir='ltr'>Conf-</span> <span class='ocrx_word' id='word_1_2107' title='bbox 734 3460 827 3496; x_wconf 80' lang='lat' dir='ltr'>Scalig.</span> <span class='ocrx_word' id='word_1_2108' title='bbox 850 3459 884 3485; x_wconf 81' lang='lat' dir='ltr'>ad</span> <span class='ocrx_word' id='word_1_2109' title='bbox 903 3459 968 3486; x_wconf 83' lang='lat' dir='ltr'>Fest.</span> <span class='ocrx_word' id='word_1_2110' title='bbox 990 3460 1063 3486; x_wconf 87' lang='lat' dir='ltr'>Seru.</span> <span class='ocrx_word' id='word_1_2111' title='bbox 1076 3459 1110 3485; x_wconf 80' lang='lat' dir='ltr'>od</span> <span class='ocrx_word' id='word_1_2112' title='bbox 1131 3460 1195 3485; x_wconf 88' lang='lat' dir='ltr'>Aen.</span> <span class='ocrx_word' id='word_1_2113' title='bbox 1209 3463 1221 3488; x_wconf 83' lang='lat'>8</span> <span class='ocrx_word' id='word_1_2114' title='bbox 1233 3478 1241 3489; x_wconf 94' lang='lat'>‚</span> <span class='ocrx_word' id='word_1_2115' title='bbox 1269 3462 1318 3487; x_wconf 81' lang='lat'>128-</span> <span class='ocrx_word' id='word_1_2116' title='bbox 1381 3460 1523 3487; x_wconf 85' lang='lat' dir='ltr'>Herculem</span> <span class='ocrx_word' id='word_1_2117' title='bbox 1543 3458 1673 3489; x_wconf 84' lang='lat' dir='ltr'>colamus,</span> <span class='ocrx_word' id='word_1_2118' title='bbox 1693 3458 1758 3484; x_wconf 91' lang='lat' dir='ltr'>scire</span> <span class='ocrx_word' id='word_1_2119' title='bbox 1778 3458 1836 3483; x_wconf 87' lang='lat' dir='ltr'>sane</span> <span class='ocrx_word' id='word_1_2120' title='bbox 1850 3457 1938 3484; x_wconf 81' lang='lat' dir='ltr'>velim.</span> <span class='ocrx_word' id='word_1_2121' title='bbox 1995 3459 2081 3485; x_wconf 88' lang='lat' dir='ltr'>Plures</span> <span class='ocrx_word' id='word_1_2122' title='bbox 2096 3460 2166 3486; x_wconf 89' lang='lat' dir='ltr'>enim</span> <span class='ocrx_word' id='word_1_2123' title='bbox 2181 3461 2286 3487; x_wconf 89' lang='lat' dir='ltr'>tradunt</span> <span class='ocrx_word' id='word_1_2124' title='bbox 2298 3460 2376 3487; x_wconf 84' lang='lat' dir='ltr'>nobis</span> <span class='ocrx_word' id='word_1_2125' title='bbox 2388 3460 2422 3493; x_wconf 79' lang='lat' dir='ltr'>ii,</span> 
     </span>
    </p>
   </div>
   <div class='ocr_carea' id='block_1_16' title="bbox 274 3493 2466 3779">
    <p class='ocr_par' dir='ltr' id='par_1_31' title="bbox 274 3493 2466 3779">
     <span class='ocr_line' id='line_1_105' title="bbox 275 3493 2444 3530; baseline 0.003 -13"><span class='ocrx_word' id='word_1_2126' title='bbox 275 3493 352 3517; x_wconf 73' lang='lat' dir='ltr'>luret.</span> <span class='ocrx_word' id='word_1_2127' title='bbox 366 3493 398 3517; x_wconf 80' lang='lat' dir='ltr'>od</span> <span class='ocrx_word' id='word_1_2128' title='bbox 412 3494 557 3525; x_wconf 86' lang='lat' dir='ltr'>Symmach.</span> <span class='ocrx_word' id='word_1_2129' title='bbox 571 3495 649 3530; x_wconf 81' lang='lat' dir='ltr'>Epist.</span> <span class='ocrx_word' id='word_1_2130' title='bbox 664 3504 684 3527; x_wconf 77' lang='lat'>3,</span> <span class='ocrx_word' id='word_1_2131' title='bbox 697 3504 744 3528; x_wconf 88' lang='lat'>44.</span> <span class='ocrx_word' id='word_1_2132' title='bbox 839 3495 906 3521; x_wconf 88' lang='lat' dir='ltr'>Plin.</span> <span class='ocrx_word' id='word_1_2133' title='bbox 921 3503 969 3528; x_wconf 87' lang='lat'>22,</span> <span class='ocrx_word' id='word_1_2134' title='bbox 982 3504 1000 3527; x_wconf 93' lang='lat'>4</span> <span class='ocrx_word' id='word_1_2135' title='bbox 1032 3494 1061 3521; x_wconf 84' lang='lat' dir='ltr'>de</span> <span class='ocrx_word' id='word_1_2136' title='bbox 1072 3504 1162 3521; x_wconf 81' lang='lat' dir='ltr'>corona</span> <span class='ocrx_word' id='word_1_2137' title='bbox 1175 3493 1320 3527; x_wconf 80' lang='lat' dir='ltr'>obsidionali</span> <span class='ocrx_word' id='word_1_2138' title='bbox 1380 3496 1428 3530; x_wconf 89' lang='lat' dir='ltr'>qui</span> <span class='ocrx_word' id='word_1_2139' title='bbox 1448 3495 1588 3522; x_wconf 85' lang='lat' dir='ltr'>interiores</span> <span class='ocrx_word' id='word_1_2140' title='bbox 1606 3494 1754 3519; x_wconf 84' lang='lat' dir='ltr'>scrutantur</span> <span class='ocrx_word' id='word_1_2141' title='bbox 1774 3498 1799 3518; x_wconf 83' lang='lat' dir='ltr'>et</span> <span class='ocrx_word' id='word_1_2142' title='bbox 1819 3493 1930 3520; x_wconf 87' lang='lat' dir='ltr'>occultas</span> <span class='ocrx_word' id='word_1_2143' title='bbox 1958 3494 2048 3521; x_wconf 88' lang='lat' dir='ltr'>literas</span> <span class='ocrx_word' id='word_1_2144' title='bbox 2063 3505 2068 3521; x_wconf 94' lang='lat'><strong>:</strong></span> <span class='ocrx_word' id='word_1_2145' title='bbox 2105 3495 2330 3530; x_wconf 84' lang='lat' dir='ltr'>antiquiffimum,</span> <span class='ocrx_word' id='word_1_2146' title='bbox 2355 3497 2421 3522; x_wconf 89' lang='lat' dir='ltr'>Ioue</span> <span class='ocrx_word' id='word_1_2147' title='bbox 2438 3504 2444 3508; x_wconf 85' lang='lat'>&#39;</span> 
     </span>
     <span class='ocr_line' id='line_1_106' title="bbox 274 3527 2421 3565; baseline 0.003 -14"><span class='ocrx_word' id='word_1_2148' title='bbox 274 3530 414 3562; x_wconf 81' lang='lat' dir='ltr'>graminea,</span> <span class='ocrx_word' id='word_1_2149' title='bbox 436 3529 552 3557; x_wconf 87' lang='lat' dir='ltr'>Dabatur</span> <span class='ocrx_word' id='word_1_2150' title='bbox 565 3531 649 3558; x_wconf 88' lang='lat' dir='ltr'>viridi</span> <span class='ocrx_word' id='word_1_2151' title='bbox 663 3540 677 3557; x_wconf 85' lang='lat' dir='ltr'>e</span> <span class='ocrx_word' id='word_1_2152' title='bbox 689 3530 823 3564; x_wconf 81' lang='lat' dir='ltr'>gramine,</span> <span class='ocrx_word' id='word_1_2153' title='bbox 849 3529 971 3564; x_wconf 85' lang='lat' dir='ltr'>decerpto</span> <span class='ocrx_word' id='word_1_2154' title='bbox 990 3530 1053 3556; x_wconf 88' lang='lat' dir='ltr'>inde</span> <span class='ocrx_word' id='word_1_2155' title='bbox 1073 3529 1120 3556; x_wconf 89' lang='lat' dir='ltr'>vbi</span> <span class='ocrx_word' id='word_1_2156' title='bbox 1139 3529 1252 3556; x_wconf 77' lang='lat' dir='ltr'>obsess‘os</span> <span class='ocrx_word' id='word_1_2157' title='bbox 1266 3529 1318 3555; x_wconf 85' lang='lat' dir='ltr'>ser·</span> <span class='ocrx_word' id='word_1_2158' title='bbox 1379 3537 1488 3563; x_wconf 90' lang='lat' dir='ltr'>natum,</span> <span class='ocrx_word' id='word_1_2159' title='bbox 1506 3530 1549 3557; x_wconf 89' lang='lat' dir='ltr'>sed</span> <span class='ocrx_word' id='word_1_2160' title='bbox 1562 3527 1738 3562; x_wconf 85' lang='lat' dir='ltr'>antiquissimo</span> <span class='ocrx_word' id='word_1_2161' title='bbox 1754 3528 1817 3554; x_wconf 85' lang='lat' dir='ltr'>item</span> <span class='ocrx_word' id='word_1_2162' title='bbox 1831 3529 1905 3556; x_wconf 86' lang='lat' dir='ltr'>Ioue.</span> <span class='ocrx_word' id='word_1_2163' title='bbox 1941 3544 1987 3549; x_wconf 92' lang='lat'>—</span> <span class='ocrx_word' id='word_1_2164' title='bbox 2022 3531 2058 3556; x_wconf 85' lang='lat' dir='ltr'>Ex</span> <span class='ocrx_word' id='word_1_2165' title='bbox 2077 3539 2109 3557; x_wconf 87' lang='lat' dir='ltr'>eo</span> <span class='ocrx_word' id='word_1_2166' title='bbox 2131 3532 2214 3565; x_wconf 82' lang='lat' dir='ltr'>igitur</span> <span class='ocrx_word' id='word_1_2167' title='bbox 2233 3538 2259 3558; x_wconf 87' lang='lat' dir='ltr'>et</span> <span class='ocrx_word' id='word_1_2168' title='bbox 2273 3532 2364 3564; x_wconf 87' lang='lat' dir='ltr'>Lisyto</span> <span class='ocrx_word' id='word_1_2169' title='bbox 2383 3531 2421 3558; x_wconf 85' lang='lat' dir='ltr'>est</span> 
     </span>
     <span class='ocr_line' id='line_1_107' title="bbox 275 3561 2421 3603; baseline 0.003 -16"><span class='ocrx_word' id='word_1_2170' title='bbox 275 3562 353 3587; x_wconf 82' lang='lat' dir='ltr'>vaffet</span> <span class='ocrx_word' id='word_1_2171' title='bbox 367 3561 478 3603; x_wconf 71' lang='lat' dir='ltr'>aliquis,</span> <span class='ocrx_word' id='word_1_2172' title='bbox 498 3565 620 3600; x_wconf 81' lang='lat' dir='ltr'>Namque</span> <span class='ocrx_word' id='word_1_2173' title='bbox 634 3567 765 3593; x_wconf 88' lang='lat' dir='ltr'>summum</span> <span class='ocrx_word' id='word_1_2174' title='bbox 778 3566 845 3600; x_wconf 89' lang='lat' dir='ltr'>apud</span> <span class='ocrx_word' id='word_1_2175' title='bbox 859 3566 982 3599; x_wconf 79' lang='lat' dir='ltr'>antiquos</span> <span class='ocrx_word' id='word_1_2176' title='bbox 995 3565 1095 3600; x_wconf 80' lang='lat' dir='ltr'>[ignum</span> <span class='ocrx_word' id='word_1_2177' title='bbox 1108 3565 1239 3591; x_wconf 56' lang='lat' dir='ltr'>victoriae</span> <span class='ocrx_word' id='word_1_2178' title='bbox 1252 3570 1319 3597; x_wconf 86' lang='lat' dir='ltr'>erat,</span> <span class='ocrx_word' id='word_1_2179' title='bbox 1333 3571 1365 3597; x_wconf 79' lang='lat'>95</span> <span class='ocrx_word' id='word_1_2180' title='bbox 1380 3567 1401 3592; x_wconf 85' lang='lat' dir='ltr'>is</span> <span class='ocrx_word' id='word_1_2181' title='bbox 1417 3566 1559 3597; x_wconf 77' lang='lat' dir='ltr'>Hercules,</span> <span class='ocrx_word' id='word_1_2182' title='bbox 1576 3573 1655 3599; x_wconf 86' lang='lat' dir='ltr'>quem</span> <span class='ocrx_word' id='word_1_2183' title='bbox 1672 3564 1856 3591; x_wconf 75' lang='lat' dir='ltr'>concertauisse</span> <span class='ocrx_word' id='word_1_2184' title='bbox 1876 3574 1934 3592; x_wconf 86' lang='lat' dir='ltr'>cum</span> <span class='ocrx_word' id='word_1_2185' title='bbox 1947 3565 2088 3600; x_wconf 87' lang='lat' dir='ltr'>Appolline</span> <span class='ocrx_word' id='word_1_2186' title='bbox 2102 3565 2135 3592; x_wconf 90' lang='lat' dir='ltr'>de</span> <span class='ocrx_word' id='word_1_2187' title='bbox 2147 3567 2252 3601; x_wconf 89' lang='lat' dir='ltr'>tripode</span> <span class='ocrx_word' id='word_1_2188' title='bbox 2264 3568 2421 3601; x_wconf 80' lang='lat' dir='ltr'>accepimus.</span> 
     </span>
     <span class='ocr_line' id='line_1_108' title="bbox 275 3596 2420 3636; baseline 0.001 -13"><span class='ocrx_word' id='word_1_2189' title='bbox 275 3596 394 3623; x_wconf 79' lang='lat' dir='ltr'>Hei-bani</span> <span class='ocrx_word' id='word_1_2190' title='bbox 407 3606 542 3636; x_wconf 80' lang='lat' dir='ltr'>porrigere</span> <span class='ocrx_word' id='word_1_2191' title='bbox 555 3602 656 3633; x_wconf 58' lang='lat' dir='ltr'>victos,</span> <span class='ocrx_word' id='word_1_2192' title='bbox 677 3602 728 3629; x_wconf 90' lang='lat' dir='ltr'>hoc</span> <span class='ocrx_word' id='word_1_2193' title='bbox 740 3601 776 3627; x_wconf 87' lang='lat' dir='ltr'>est</span> <span class='ocrx_word' id='word_1_2194' title='bbox 789 3607 873 3634; x_wconf 87' lang='lat' dir='ltr'>terra,</span> <span class='ocrx_word' id='word_1_2195' title='bbox 894 3607 919 3627; x_wconf 92' lang='lat' dir='ltr'>et</span> <span class='ocrx_word' id='word_1_2196' title='bbox 932 3600 1024 3628; x_wconf 80' lang='lat' dir='ltr'>altrice</span> <span class='ocrx_word' id='word_1_2197' title='bbox 1039 3602 1093 3635; x_wconf 88' lang='lat' dir='ltr'>ipsa</span> <span class='ocrx_word' id='word_1_2198' title='bbox 1107 3600 1203 3631; x_wconf 86' lang='lat' dir='ltr'>humo,</span> <span class='ocrx_word' id='word_1_2199' title='bbox 1229 3606 1254 3626; x_wconf 88' lang='lat' dir='ltr'>et</span> <span class='ocrx_word' id='word_1_2200' title='bbox 1270 3600 1317 3625; x_wconf 92' lang='lat' dir='ltr'>hu-</span> <span class='ocrx_word' id='word_1_2201' title='bbox 1379 3602 1455 3628; x_wconf 78' lang='lat' dir='ltr'>Alter</span> <span class='ocrx_word' id='word_1_2202' title='bbox 1467 3602 1579 3628; x_wconf 73' lang='lat' dir='ltr'>traditur</span> <span class='ocrx_word' id='word_1_2203' title='bbox 1591 3599 1658 3632; x_wconf 84' lang='lat' dir='ltr'>Nilo</span> <span class='ocrx_word' id='word_1_2204' title='bbox 1678 3605 1752 3625; x_wconf 86' lang='lat' dir='ltr'>natus</span> <span class='ocrx_word' id='word_1_2205' title='bbox 1765 3600 1917 3634; x_wconf 78' lang='lat' dir='ltr'>Aegyptius,</span> <span class='ocrx_word' id='word_1_2206' title='bbox 1937 3609 2016 3635; x_wconf 85' lang='lat' dir='ltr'>quern</span> <span class='ocrx_word' id='word_1_2207' title='bbox 2029 3602 2104 3628; x_wconf 88' lang='lat' dir='ltr'>aiunt</span> <span class='ocrx_word' id='word_1_2208' title='bbox 2118 3601 2242 3636; x_wconf 81' lang='lat' dir='ltr'>Phrygias</span> <span class='ocrx_word' id='word_1_2209' title='bbox 2257 3603 2345 3629; x_wconf 79' lang='lat' dir='ltr'>literas</span> <span class='ocrx_word' id='word_1_2210' title='bbox 2359 3612 2420 3629; x_wconf 85' lang='lat' dir='ltr'>con.</span> 
     </span>
     <span class='ocr_line' id='line_1_109' title="bbox 275 3633 2420 3673; baseline 0 -10"><span class='ocrx_word' id='word_1_2211' title='bbox 275 3633 392 3672; x_wconf 64' lang='lat' dir='ltr'>macione</span> <span class='ocrx_word' id='word_1_2212' title='bbox 406 3638 486 3659; x_wconf 64' lang='lat' dir='ltr'>etlam</span> <span class='ocrx_word' id='word_1_2213' title='bbox 499 3634 603 3662; x_wconf 66' lang='lat' dir='ltr'>cedere:</span> <span class='ocrx_word' id='word_1_2214' title='bbox 638 3646 716 3671; x_wconf 86' lang='lat' dir='ltr'>quem</span> <span class='ocrx_word' id='word_1_2215' title='bbox 729 3646 833 3664; x_wconf 88' lang='lat' dir='ltr'>morem</span> <span class='ocrx_word' id='word_1_2216' title='bbox 845 3637 927 3663; x_wconf 85' lang='lat' dir='ltr'>etiam</span> <span class='ocrx_word' id='word_1_2217' title='bbox 940 3645 1009 3662; x_wconf 88' lang='lat' dir='ltr'>nunc</span> <span class='ocrx_word' id='word_1_2218' title='bbox 1022 3635 1115 3663; x_wconf 88' lang='lat' dir='ltr'>durare</span> <span class='ocrx_word' id='word_1_2219' title='bbox 1128 3636 1195 3670; x_wconf 89' lang='lat' dir='ltr'>apud</span> <span class='ocrx_word' id='word_1_2220' title='bbox 1209 3636 1317 3662; x_wconf 87' lang='lat' dir='ltr'>Germa·</span> <span class='ocrx_word' id='word_1_2221' title='bbox 1378 3637 1509 3671; x_wconf 81' lang='lat' dir='ltr'>scripflffe.</span> <span class='ocrx_word' id='word_1_2222' title='bbox 1561 3634 1674 3662; x_wconf 81' lang='lat' dir='ltr'>Tertius</span> <span class='ocrx_word' id='word_1_2223' title='bbox 1694 3634 1730 3660; x_wconf 85' lang='lat' dir='ltr'>est</span> <span class='ocrx_word' id='word_1_2224' title='bbox 1744 3643 1775 3660; x_wconf 86' lang='lat' dir='ltr'>ex</span> <span class='ocrx_word' id='word_1_2225' title='bbox 1789 3636 1872 3662; x_wconf 84' lang='lat' dir='ltr'>Idaeis</span> <span class='ocrx_word' id='word_1_2226' title='bbox 1885 3636 1992 3671; x_wconf 83' lang='lat' dir='ltr'>Digitis,</span> <span class='ocrx_word' id='word_1_2227' title='bbox 2013 3637 2056 3663; x_wconf 90' lang='lat' dir='ltr'>cui</span> <span class='ocrx_word' id='word_1_2228' title='bbox 2070 3637 2178 3663; x_wconf 83' lang='lat' dir='ltr'>inferias</span> <span class='ocrx_word' id='word_1_2229' title='bbox 2193 3637 2306 3664; x_wconf 76' lang='lat' dir='ltr'>afferunt</span> <span class='ocrx_word' id='word_1_2230' title='bbox 2324 3638 2366 3673; x_wconf 89' lang='lat' dir='ltr'>(s.</span> <span class='ocrx_word' id='word_1_2231' title='bbox 2378 3638 2420 3664; x_wconf 86' lang='lat' dir='ltr'>of-</span> 
     </span>
     <span class='ocr_line' id='line_1_110' title="bbox 274 3667 2461 3708; baseline 0.002 -13"><span class='ocrx_word' id='word_1_2232' title='bbox 274 3677 323 3695; x_wconf 87' lang='lat' dir='ltr'>nos</span> <span class='ocrx_word' id='word_1_2233' title='bbox 336 3668 399 3694; x_wconf 81' lang='lat' dir='ltr'>scio.</span> <span class='ocrx_word' id='word_1_2234' title='bbox 432 3703 437 3708; x_wconf 88' lang='lat'>.</span> <span class='ocrx_word' id='word_1_2235' title='bbox 471 3667 543 3707; x_wconf 83' lang='lat' dir='ltr'>Idem</span> <span class='ocrx_word' id='word_1_2236' title='bbox 557 3675 580 3702; x_wconf 76' lang='lat'>8,</span> <span class='ocrx_word' id='word_1_2237' title='bbox 594 3678 607 3703; x_wconf 77' lang='grc' dir='ltr'><strong><em>ς</em></strong></span> <span class='ocrx_word' id='word_1_2238' title='bbox 629 3672 656 3697; x_wconf 80' lang='lat' dir='ltr'>de</span> <span class='ocrx_word' id='word_1_2239' title='bbox 668 3673 808 3707; x_wconf 72' lang='lat' dir='ltr'>elephante,</span> <span class='ocrx_word' id='word_1_2240' title='bbox 835 3673 920 3699; x_wconf 84' lang='lat' dir='ltr'>Mirus</span> <span class='ocrx_word' id='word_1_2241' title='bbox 933 3680 1047 3706; x_wconf 86' lang='lat' dir='ltr'>namque</span> <span class='ocrx_word' id='word_1_2242' title='bbox 1060 3671 1145 3706; x_wconf 86' lang='lat' dir='ltr'>pudor</span> <span class='ocrx_word' id='word_1_2243' title='bbox 1159 3672 1208 3703; x_wconf 84' lang='lat' dir='ltr'>est,</span> <span class='ocrx_word' id='word_1_2244' title='bbox 1229 3671 1316 3697; x_wconf 59' lang='lat' dir='ltr'>vietus</span> <span class='ocrx_word' id='word_1_2245' title='bbox 1378 3673 1494 3704; x_wconf 84' lang='lat' dir='ltr'>ferunt).</span> <span class='ocrx_word' id='word_1_2246' title='bbox 1542 3672 1655 3705; x_wconf 82' lang='lat' dir='ltr'>Qiartus</span> <span class='ocrx_word' id='word_1_2247' title='bbox 1669 3670 1740 3696; x_wconf 86' lang='lat' dir='ltr'>Iouis</span> <span class='ocrx_word' id='word_1_2248' title='bbox 1754 3676 1778 3696; x_wconf 89' lang='lat' dir='ltr'>et</span> <span class='ocrx_word' id='word_1_2249' title='bbox 1791 3671 1922 3703; x_wconf 80' lang='lat' dir='ltr'>Asteriae,</span> <span class='ocrx_word' id='word_1_2250' title='bbox 1943 3672 1989 3707; x_wconf 88' lang='lat' dir='ltr'>qui</span> <span class='ocrx_word' id='word_1_2251' title='bbox 2002 3672 2074 3704; x_wconf 87' lang='lat' dir='ltr'>Tyri</span> <span class='ocrx_word' id='word_1_2252' title='bbox 2088 3672 2202 3700; x_wconf 86' lang='lat' dir='ltr'>maxime</span> <span class='ocrx_word' id='word_1_2253' title='bbox 2217 3673 2330 3706; x_wconf 78' lang='lat' dir='ltr'>colitur,</span> <span class='ocrx_word' id='word_1_2254' title='bbox 2344 3673 2418 3699; x_wconf 87' lang='lat' dir='ltr'>cuius</span> <span class='ocrx_word' id='word_1_2255' title='bbox 2444 3670 2461 3686; x_wconf 53' lang='lat'>⁴*</span> 
     </span>
     <span class='ocr_line' id='line_1_111' title="bbox 274 3703 2466 3742; baseline 0.005 -13"><span class='ocrx_word' id='word_1_2256' title='bbox 274 3712 367 3729; x_wconf 85' lang='lat' dir='ltr'>vocem</span> <span class='ocrx_word' id='word_1_2257' title='bbox 383 3703 452 3737; x_wconf 79' lang='lat' dir='ltr'>fugit</span> <span class='ocrx_word' id='word_1_2258' title='bbox 465 3703 591 3734; x_wconf 53' lang='lat' dir='ltr'>victoris,</span> <span class='ocrx_word' id='word_1_2259' title='bbox 607 3712 702 3733; x_wconf 82' lang='lat' dir='ltr'>terram</span> <span class='ocrx_word' id='word_1_2260' title='bbox 716 3717 744 3733; x_wconf 84' lang='lat' dir='ltr'>ac</span> <span class='ocrx_word' id='word_1_2261' title='bbox 760 3708 886 3735; x_wconf 80' lang='lat' dir='ltr'>verbenas</span> <span class='ocrx_word' id='word_1_2262' title='bbox 899 3707 1022 3742; x_wconf 80' lang='lat' dir='ltr'>porrigit.</span> <span class='ocrx_word' id='word_1_2263' title='bbox 1095 3708 1202 3734; x_wconf 84' lang='lat' dir='ltr'>Nonius</span> <span class='ocrx_word' id='word_1_2264' title='bbox 1221 3716 1254 3739; x_wconf 87' lang='lat'>4,</span> <span class='ocrx_word' id='word_1_2265' title='bbox 1276 3715 1317 3740; x_wconf 78' lang='lat'>223</span> <span class='ocrx_word' id='word_1_2266' title='bbox 1378 3708 1567 3742; x_wconf 77' lang='lat' dir='ltr'>Karthaginem</span> <span class='ocrx_word' id='word_1_2267' title='bbox 1588 3705 1669 3731; x_wconf 79' lang='lat' dir='ltr'>filiam</span> <span class='ocrx_word' id='word_1_2268' title='bbox 1691 3706 1787 3732; x_wconf 86' lang='lat' dir='ltr'>ferunt.</span> <span class='ocrx_word' id='word_1_2269' title='bbox 1845 3708 1960 3741; x_wconf 71' lang='lat' dir='ltr'>Quintus</span> <span class='ocrx_word' id='word_1_2270' title='bbox 1979 3708 2008 3734; x_wconf 86' lang='lat' dir='ltr'>in</span> <span class='ocrx_word' id='word_1_2271' title='bbox 2027 3707 2118 3738; x_wconf 87' lang='lat' dir='ltr'>India,</span> <span class='ocrx_word' id='word_1_2272' title='bbox 2168 3709 2195 3734; x_wconf 91' lang='lat' dir='ltr'>ui</span> <span class='ocrx_word' id='word_1_2273' title='bbox 2214 3709 2291 3735; x_wconf 80' lang='lat' dir='ltr'>Belus</span> <span class='ocrx_word' id='word_1_2274' title='bbox 2311 3709 2419 3736; x_wconf 75' lang='lat' dir='ltr'>dicitur.</span> <span class='ocrx_word' id='word_1_2275' title='bbox 2464 3729 2466 3733; x_wconf 89' lang='lat'><em>-</em></span> 
     </span>
     <span class='ocr_line' id='line_1_112' title="bbox 274 3717 2465 3779; baseline 0.003 -14"><span class='ocrx_word' id='word_1_2276' title='bbox 274 3739 392 3765; x_wconf 76' lang='lat' dir='ltr'>Herbam</span> <span class='ocrx_word' id='word_1_2277' title='bbox 406 3744 507 3765; x_wconf 86' lang='lat' dir='ltr'>veteres</span> <span class='ocrx_word' id='word_1_2278' title='bbox 524 3739 635 3766; x_wconf 77' lang='lat' dir='ltr'>Palmam</span> <span class='ocrx_word' id='word_1_2279' title='bbox 647 3742 688 3767; x_wconf 85' lang='lat' dir='ltr'>vel</span> <span class='ocrx_word' id='word_1_2280' title='bbox 703 3742 850 3769; x_wconf 69' lang='lat' dir='ltr'>Vi&amp;oriam</span> <span class='ocrx_word' id='word_1_2281' title='bbox 859 3743 912 3770; x_wconf 89' lang='lat' dir='ltr'>dici</span> <span class='ocrx_word' id='word_1_2282' title='bbox 922 3743 1075 3771; x_wconf 85' lang='lat' dir='ltr'>voluerunt.</span> <span class='ocrx_word' id='word_1_2283' title='bbox 1132 3743 1469 3777; x_wconf 75' lang='lat' dir='ltr'>Virg.Geoi-g.1008extus</span> <span class='ocrx_word' id='word_1_2284' title='bbox 1488 3743 1531 3769; x_wconf 84' lang='lat' dir='ltr'>hic</span> <span class='ocrx_word' id='word_1_2285' title='bbox 1549 3749 1580 3768; x_wconf 86' lang='lat' dir='ltr'>ex</span> <span class='ocrx_word' id='word_1_2286' title='bbox 1599 3741 1757 3773; x_wconf 83' lang='lat' dir='ltr'>Alcumena,</span> <span class='ocrx_word' id='word_1_2287' title='bbox 1783 3751 1862 3777; x_wconf 88' lang='lat' dir='ltr'>quem</span> <span class='ocrx_word' id='word_1_2288' title='bbox 1878 3743 1978 3777; x_wconf 84' lang='lat' dir='ltr'>Iupiter</span> <span class='ocrx_word' id='word_1_2289' title='bbox 1997 3744 2104 3777; x_wconf 85' lang='lat' dir='ltr'>genuit,</span> <span class='ocrx_word' id='word_1_2290' title='bbox 2125 3717 2167 3769; x_wconf 64' lang='lat' dir='ltr'>seii</span> <span class='ocrx_word' id='word_1_2291' title='bbox 2188 3745 2281 3770; x_wconf 83' lang='lat' dir='ltr'>tertius</span> <span class='ocrx_word' id='word_1_2292' title='bbox 2302 3744 2420 3779; x_wconf 84' lang='lat' dir='ltr'>Iupiter,</span> <span class='ocrx_word' id='word_1_2293' title='bbox 2460 3764 2465 3774; x_wconf 87' lang='lat'>.</span> 
     </span>
    </p>
   </div>
   <div class='ocr_carea' id='block_1_17' title="bbox 274 3774 2478 3816">
    <p class='ocr_par' dir='ltr' id='par_1_32' title="bbox 274 3774 2478 3816">
     <span class='ocr_line' id='line_1_113' title="bbox 274 3774 2478 3816; baseline 0.003 -17"><span class='ocrx_word' id='word_1_2294' title='bbox 274 3782 296 3806; x_wconf 76' lang='lat'>3,</span> <span class='ocrx_word' id='word_1_2295' title='bbox 310 3780 360 3807; x_wconf 81' lang='lat'>498</span> <span class='ocrx_word' id='word_1_2296' title='bbox 387 3776 474 3808; x_wconf 87' lang='lat' dir='ltr'>Atque</span> <span class='ocrx_word' id='word_1_2297' title='bbox 487 3774 630 3801; x_wconf 81' lang='lat' dir='ltr'>immemor</span> <span class='ocrx_word' id='word_1_2298' title='bbox 642 3775 738 3802; x_wconf 86' lang='lat' dir='ltr'>herbae</span> <span class='ocrx_word' id='word_1_2299' title='bbox 770 3777 866 3806; x_wconf 65' lang='lat' dir='ltr'>Victor</span> <span class='ocrx_word' id='word_1_2300' title='bbox 880 3788 972 3813; x_wconf 82' lang='lat' dir='ltr'>equus.</span> <span class='ocrx_word' id='word_1_2301' title='bbox 1044 3779 1118 3805; x_wconf 89' lang='lat' dir='ltr'>Altae</span> <span class='ocrx_word' id='word_1_2302' title='bbox 1148 3779 1185 3806; x_wconf 90' lang='lat' dir='ltr'>ld.</span> <span class='ocrx_word' id='word_1_2303' title='bbox 1201 3778 1267 3805; x_wconf 90' lang='lat' dir='ltr'>ibid.</span> <span class='ocrx_word' id='word_1_2304' title='bbox 1281 3788 1315 3811; x_wconf 88' lang='lat'>4,</span> <span class='ocrx_word' id='word_1_2305' title='bbox 1377 3786 1423 3806; x_wconf 80' lang='lat' dir='ltr'>etc.</span> <span class='ocrx_word' id='word_1_2306' title='bbox 1465 3777 1512 3806; x_wconf 81' lang='lat' dir='ltr'>Sed</span> <span class='ocrx_word' id='word_1_2307' title='bbox 1523 3776 1650 3810; x_wconf 65' lang='lat' dir='ltr'>historiam</span> <span class='ocrx_word' id='word_1_2308' title='bbox 1664 3786 1744 3803; x_wconf 81' lang='lat' dir='ltr'>eorum</span> <span class='ocrx_word' id='word_1_2309' title='bbox 1757 3778 1872 3813; x_wconf 64' lang='lat' dir='ltr'>persequi</span> <span class='ocrx_word' id='word_1_2310' title='bbox 1883 3779 1952 3810; x_wconf 77' lang='lat' dir='ltr'>uelle,</span> <span class='ocrx_word' id='word_1_2311' title='bbox 1970 3783 2012 3814; x_wconf 78' lang='lat' dir='ltr'>qui</span> <span class='ocrx_word' id='word_1_2312' title='bbox 2026 3778 2154 3805; x_wconf 83' lang='lat' dir='ltr'>Hercules</span> <span class='ocrx_word' id='word_1_2313' title='bbox 2172 3778 2320 3816; x_wconf 60' lang='lat' dir='ltr'>diffisum,</span> <span class='ocrx_word' id='word_1_2314' title='bbox 2340 3778 2420 3812; x_wconf 79' lang='lat' dir='ltr'>nostri</span> <span class='ocrx_word' id='word_1_2315' title='bbox 2460 3786 2478 3803; x_wconf 58' lang='grc' dir='ltr'>ἣ</span> 
     </span>
    </p>
   </div>
   <div class='ocr_carea' id='block_1_18' title="bbox 272 3809 2473 3919">
    <p class='ocr_par' dir='ltr' id='par_1_33' title="bbox 272 3809 2473 3919">
     <span class='ocr_line' id='line_1_114' title="bbox 272 3809 2473 3851; baseline 0.004 -17"><span class='ocrx_word' id='word_1_2316' title='bbox 272 3817 341 3849; x_wconf 43' lang='grc' dir='ltr'><strong>4ς9..</strong></span> <span class='ocrx_word' id='word_1_2317' title='bbox 401 3811 559 3850; x_wconf 60' lang='lat' dir='ltr'>Conantes,</span> <span class='ocrx_word' id='word_1_2318' title='bbox 582 3809 634 3835; x_wconf 81' lang='lat' dir='ltr'>vid.</span> <span class='ocrx_word' id='word_1_2319' title='bbox 645 3812 691 3844; x_wconf 74' lang='lat' dir='ltr'>jub</span> <span class='ocrx_word' id='word_1_2320' title='bbox 707 3817 724 3836; x_wconf 86' lang='lat' dir='ltr'>c</span> <span class='ocrx_word' id='word_1_2321' title='bbox 736 3819 788 3838; x_wconf 79' lang='lat' dir='ltr'>OM</span> <span class='ocrx_word' id='word_1_2322' title='bbox 796 3820 826 3838; x_wconf 88' lang='lat' dir='ltr'>A.</span> <span class='ocrx_word' id='word_1_2323' title='bbox 897 3813 1076 3846; x_wconf 85' lang='lat' dir='ltr'>Coronariae,</span> <span class='ocrx_word' id='word_1_2324' title='bbox 1096 3813 1148 3840; x_wconf 79' lang='lat' dir='ltr'>uid.</span> <span class='ocrx_word' id='word_1_2325' title='bbox 1163 3819 1315 3841; x_wconf 78' lang='lat' dir='ltr'>CORONA.</span> <span class='ocrx_word' id='word_1_2326' title='bbox 1376 3813 1488 3848; x_wconf 77' lang='lat' dir='ltr'>instituti</span> <span class='ocrx_word' id='word_1_2327' title='bbox 1498 3821 1546 3838; x_wconf 85' lang='lat' dir='ltr'>non</span> <span class='ocrx_word' id='word_1_2328' title='bbox 1559 3809 1601 3844; x_wconf 71' lang='lat' dir='ltr'>cst.</span> <span class='ocrx_word' id='word_1_2329' title='bbox 1641 3813 1721 3838; x_wconf 72' lang='lat' dir='ltr'>Etiam</span> <span class='ocrx_word' id='word_1_2330' title='bbox 1735 3814 1910 3850; x_wconf 73' lang='lat' dir='ltr'>mythologiam</span> <span class='ocrx_word' id='word_1_2331' title='bbox 1918 3821 1995 3849; x_wconf 73' lang='lat' dir='ltr'>parce</span> <span class='ocrx_word' id='word_1_2332' title='bbox 2007 3817 2164 3850; x_wconf 83' lang='lat' dir='ltr'>attingimus.</span> <span class='ocrx_word' id='word_1_2333' title='bbox 2202 3816 2286 3851; x_wconf 75' lang='lat' dir='ltr'>Igitur</span> <span class='ocrx_word' id='word_1_2334' title='bbox 2298 3815 2418 3842; x_wconf 89' lang='lat' dir='ltr'>Macrob.</span> <span class='ocrx_word' id='word_1_2335' title='bbox 2452 3810 2473 3848; x_wconf 55' lang='lat'>5³-</span> 
     </span>
     <span class='ocr_line' id='line_1_115' title="bbox 273 3844 2418 3884; baseline 0.003 -13"><span class='ocrx_word' id='word_1_2336' title='bbox 273 3845 383 3871; x_wconf 82' lang='lat' dir='ltr'>Fertiles</span> <span class='ocrx_word' id='word_1_2337' title='bbox 409 3844 489 3871; x_wconf 86' lang='lat' dir='ltr'>Ouid.</span> <span class='ocrx_word' id='word_1_2338' title='bbox 506 3846 597 3871; x_wconf 85' lang='lat' dir='ltr'>Amor.</span> <span class='ocrx_word' id='word_1_2339' title='bbox 611 3853 635 3875; x_wconf 86' lang='lat'>2,</span> <span class='ocrx_word' id='word_1_2340' title='bbox 653 3848 689 3877; x_wconf 88' lang='grc'>16,</span> <span class='ocrx_word' id='word_1_2341' title='bbox 704 3848 728 3871; x_wconf 89' lang='grc'>6.</span> <span class='ocrx_word' id='word_1_2342' title='bbox 801 3848 936 3876; x_wconf 87' lang='lat' dir='ltr'>Florentes</span> <span class='ocrx_word' id='word_1_2343' title='bbox 969 3850 1043 3884; x_wconf 84' lang='lat' dir='ltr'>Virg.</span> <span class='ocrx_word' id='word_1_2344' title='bbox 1056 3849 1108 3876; x_wconf 75' lang='lat' dir='ltr'>Ecl.</span> <span class='ocrx_word' id='word_1_2345' title='bbox 1124 3858 1156 3882; x_wconf 83' lang='lat'>9,</span> <span class='ocrx_word' id='word_1_2346' title='bbox 1176 3858 1212 3883; x_wconf 90' lang='lat'>¹9-</span> <span class='ocrx_word' id='word_1_2347' title='bbox 1269 3850 1315 3875; x_wconf 85' lang='lat' dir='ltr'>Fe-</span> <span class='ocrx_word' id='word_1_2348' title='bbox 1376 3851 1478 3876; x_wconf 84' lang='lat' dir='ltr'>Saturn.</span> <span class='ocrx_word' id='word_1_2349' title='bbox 1496 3856 1515 3878; x_wconf 87' lang='lat'>1,</span> <span class='ocrx_word' id='word_1_2350' title='bbox 1532 3855 1565 3873; x_wconf 88' lang='lat'>20</span> <span class='ocrx_word' id='word_1_2351' title='bbox 1589 3853 1639 3872; x_wconf 83' lang='lat' dir='ltr'>tum</span> <span class='ocrx_word' id='word_1_2352' title='bbox 1657 3849 1707 3873; x_wconf 73' lang='lat' dir='ltr'>alio</span> <span class='ocrx_word' id='word_1_2353' title='bbox 1724 3849 1835 3884; x_wconf 71' lang='lat' dir='ltr'>plufiula</span> <span class='ocrx_word' id='word_1_2354' title='bbox 1853 3849 1881 3875; x_wconf 79' lang='lat' dir='ltr'>de</span> <span class='ocrx_word' id='word_1_2355' title='bbox 1895 3850 2000 3875; x_wconf 76' lang='lat' dir='ltr'>Hercule</span> <span class='ocrx_word' id='word_1_2356' title='bbox 2013 3849 2101 3882; x_wconf 74' lang='lat' dir='ltr'>habet,</span> <span class='ocrx_word' id='word_1_2357' title='bbox 2122 3857 2173 3876; x_wconf 79' lang='lat' dir='ltr'>tum</span> <span class='ocrx_word' id='word_1_2358' title='bbox 2185 3850 2230 3876; x_wconf 82' lang='lat' dir='ltr'>hoc</span> <span class='ocrx_word' id='word_1_2359' title='bbox 2244 3853 2298 3882; x_wconf 85' lang='lat' dir='ltr'>ait,</span> <span class='ocrx_word' id='word_1_2360' title='bbox 2317 3852 2418 3877; x_wconf 81' lang='lat' dir='ltr'>Hercu·</span> 
     </span>
     <span class='ocr_line' id='line_1_116' title="bbox 272 3876 2453 3919; baseline 0.004 -15"><span class='ocrx_word' id='word_1_2361' title='bbox 272 3880 369 3905; x_wconf 81' lang='lat' dir='ltr'>eundae</span> <span class='ocrx_word' id='word_1_2362' title='bbox 382 3881 473 3914; x_wconf 85' lang='lat' dir='ltr'>pecori</span> <span class='ocrx_word' id='word_1_2363' title='bbox 507 3880 588 3907; x_wconf 83' lang='lat' dir='ltr'>Ouid·</span> <span class='ocrx_word' id='word_1_2364' title='bbox 603 3881 666 3906; x_wconf 66' lang='lat' dir='ltr'>Met·</span> <span class='ocrx_word' id='word_1_2365' title='bbox 680 3889 689 3906; x_wconf 77' lang='grc' dir='ltr'>ί</span> <span class='ocrx_word' id='word_1_2366' title='bbox 701 3900 709 3911; x_wconf 71' lang='lat'>‚</span> <span class='ocrx_word' id='word_1_2367' title='bbox 724 3883 780 3910; x_wconf 81' lang='lat'>682.</span> <span class='ocrx_word' id='word_1_2368' title='bbox 866 3884 1000 3912; x_wconf 86' lang='lat' dir='ltr'>Graminis</span> <span class='ocrx_word' id='word_1_2369' title='bbox 1036 3885 1073 3912; x_wconf 87' lang='lat' dir='ltr'>Id.</span> <span class='ocrx_word' id='word_1_2370' title='bbox 1089 3885 1191 3912; x_wconf 87' lang='lat' dir='ltr'>ibidem</span> <span class='ocrx_word' id='word_1_2371' title='bbox 1204 3894 1232 3911; x_wconf 88' lang='lat'>10</span> <span class='ocrx_word' id='word_1_2372' title='bbox 1242 3905 1250 3917; x_wconf 94' lang='lat'><strong>‚</strong></span> <span class='ocrx_word' id='word_1_2373' title='bbox 1271 3890 1313 3919; x_wconf 85' lang='lat'>87.</span> <span class='ocrx_word' id='word_1_2374' title='bbox 1375 3885 1428 3911; x_wconf 89' lang='lat' dir='ltr'>lem</span> <span class='ocrx_word' id='word_1_2375' title='bbox 1442 3884 1489 3910; x_wconf 80' lang='lat' dir='ltr'>esse</span> <span class='ocrx_word' id='word_1_2376' title='bbox 1503 3882 1605 3913; x_wconf 76' lang='lat' dir='ltr'>Solem,</span> <span class='ocrx_word' id='word_1_2377' title='bbox 1627 3883 1696 3916; x_wconf 84' lang='lat' dir='ltr'>quafi</span> <span class='ocrx_word' id='word_1_2378' title='bbox 1711 3884 1840 3910; x_wconf 82' lang='lat' dir='ltr'>Heraclen</span> <span class='ocrx_word' id='word_1_2379' title='bbox 1855 3894 1861 3910; x_wconf 90' lang='lat'>:</span> <span class='ocrx_word' id='word_1_2380' title='bbox 1888 3884 1971 3919; x_wconf 88' lang='lat' dir='ltr'>idque</span> <span class='ocrx_word' id='word_1_2381' title='bbox 1989 3893 2021 3911; x_wconf 85' lang='lat' dir='ltr'>ex</span> <span class='ocrx_word' id='word_1_2382' title='bbox 2037 3886 2145 3911; x_wconf 85' lang='lat' dir='ltr'>nomine</span> <span class='ocrx_word' id='word_1_2383' title='bbox 2159 3884 2307 3912; x_wconf 87' lang='lat' dir='ltr'>clarescere.</span> <span class='ocrx_word' id='word_1_2384' title='bbox 2351 3886 2418 3912; x_wconf 81' lang='lat' dir='ltr'>Her·</span> <span class='ocrx_word' id='word_1_2385' title='bbox 2452 3876 2453 3907; x_wconf 71' lang='lat' dir='ltr'>l</span> 
     </span>
    </p>
   </div>
   <div class='ocr_carea' id='block_1_19' title="bbox 271 3915 2452 3987">
    <p class='ocr_par' dir='ltr' id='par_1_34' title="bbox 271 3915 2452 3987">
     <span class='ocr_line' id='line_1_117' title="bbox 271 3915 2452 3983; baseline 0.002 -41"><span class='ocrx_word' id='word_1_2386' title='bbox 271 3915 435 3943; x_wconf 82' lang='lat' dir='ltr'>Immortales</span> <span class='ocrx_word' id='word_1_2387' title='bbox 461 3916 553 3943; x_wconf 91' lang='lat' dir='ltr'>Claud.</span> <span class='ocrx_word' id='word_1_2388' title='bbox 568 3915 600 3943; x_wconf 85' lang='lat' dir='ltr'>de</span> <span class='ocrx_word' id='word_1_2389' title='bbox 612 3916 696 3951; x_wconf 89' lang='lat' dir='ltr'>Nupt.</span> <span class='ocrx_word' id='word_1_2390' title='bbox 709 3917 813 3945; x_wconf 85' lang='lat' dir='ltr'>Houor.</span> <span class='ocrx_word' id='word_1_2391' title='bbox 828 3924 877 3951; x_wconf 78' lang='lat'>158-</span> <span class='ocrx_word' id='word_1_2392' title='bbox 948 3921 1063 3955; x_wconf 58' lang='lat' dir='ltr'>Impia,</span> <span class='ocrx_word' id='word_1_2393' title='bbox 1082 3920 1135 3949; x_wconf 80' lang='lat' dir='ltr'>vid,</span> <span class='ocrx_word' id='word_1_2394' title='bbox 1157 3928 1201 3949; x_wconf 87' lang='lat' dir='ltr'>1M</span> <span class='ocrx_word' id='word_1_2395' title='bbox 1214 3927 1229 3947; x_wconf 84' lang='lat'>1&gt;</span> <span class='ocrx_word' id='word_1_2396' title='bbox 1239 3928 1249 3948; x_wconf 91' lang='lat'>1</span> <span class='ocrx_word' id='word_1_2397' title='bbox 1259 3927 1279 3947; x_wconf 90' lang='lat' dir='ltr'>v</span> <span class='ocrx_word' id='word_1_2398' title='bbox 1289 3926 1311 3946; x_wconf 88' lang='lat' dir='ltr'>s.</span> <span class='ocrx_word' id='word_1_2399' title='bbox 1324 3920 1443 3957; x_wconf 77' lang='lat' dir='ltr'>105cules</span> <span class='ocrx_word' id='word_1_2400' title='bbox 1457 3918 1528 3945; x_wconf 82' lang='lat' dir='ltr'>enim</span> <span class='ocrx_word' id='word_1_2401' title='bbox 1541 3917 1610 3945; x_wconf 85' lang='lat' dir='ltr'>nihil</span> <span class='ocrx_word' id='word_1_2402' title='bbox 1624 3918 1698 3945; x_wconf 86' lang='lat' dir='ltr'>aliud</span> <span class='ocrx_word' id='word_1_2403' title='bbox 1711 3919 1764 3952; x_wconf 87' lang='lat' dir='ltr'>est,</span> <span class='ocrx_word' id='word_1_2404' title='bbox 1784 3928 1863 3954; x_wconf 88' lang='lat' dir='ltr'>quam</span> <span class='ocrx_word' id='word_1_2405' title='bbox 1875 3920 1975 3953; x_wconf 78' lang='lat' dir='ltr'>Heras,</span> <span class='ocrx_word' id='word_1_2406' title='bbox 1995 3919 2024 3947; x_wconf 87' lang='lat' dir='ltr'>id</span> <span class='ocrx_word' id='word_1_2407' title='bbox 2036 3920 2072 3948; x_wconf 79' lang='lat' dir='ltr'>est</span> <span class='ocrx_word' id='word_1_2408' title='bbox 2083 3920 2204 3953; x_wconf 76' lang='lat' dir='ltr'>Iunonis,</span> <span class='ocrx_word' id='word_1_2409' title='bbox 2225 3920 2276 3949; x_wconf 88' lang='lat' dir='ltr'>hoc</span> <span class='ocrx_word' id='word_1_2410' title='bbox 2289 3921 2414 3983; x_wconf 50' lang='lat' dir='ltr'>estcafris,</span> <span class='ocrx_word' id='word_1_2411' title='bbox 2451 3946 2452 3952; x_wconf 65' lang='grc'>,</span> 
     </span>
     <span class='ocr_line' id='line_1_118' title="bbox 2357 3963 2410 3987; baseline -0.019 -5"><span class='ocrx_word' id='word_1_2412' title='bbox 2357 3963 2410 3987; x_wconf 85' lang='lat' dir='ltr'>eos,</span> 
     </span>
    </p>
   </div>
  </div>
 </body>
</html>
