2479 4225
290 174 360 213 775
676 146 946 194 FVR
1085 120 1087 124 Α
1784 139 2043 181 FVR
2174 206 2177 207 γ
2343 149 2455 196 776.

291 249 319 274 s0
333 245 442 273 furculis
453 243 485 270 ab
500 242 618 270 hostibus
635 251 727 272 muro,
746 240 931 273 peruenerunt.
966 234 1009 261 AI.
1029 234 1154 260 Fulturis.
1224 231 1321 259 Furcu-
1381 232 1423 258 vel
1437 232 1530 259 dolore
1543 235 1696 262 moueatur,
1710 237 1766 264 quo
1779 238 1874 270 genere
1885 228 2077 264 Athamantem,
2095 230 2290 264 Alcmaeonem,
2304 231 2416 267 Aiacem,

290 282 329 308 lae
341 279 473 307 Caudinae
508 278 562 305 vid.
575 279 635 305 Liu.
650 287 666 310 9
689 286 712 302 2.
1382 268 1500 294 Orestem
1514 269 1602 294 furere
1614 266 1733 292 dicimus.
1767 266 1824 298 Qu
1835 265 1872 291 ita
1885 264 1992 291 affecius
2004 265 2110 296 fit,eum
2124 266 2262 293 dominum
2270 268 2318 293 effe
2330 276 2416 296 rerum

330 322 345 342 F
355 323 376 341 v
385 322 403 341 R
412 321 429 342 c
440 321 450 341 1
463 299 503 341 L’L
512 321 533 341 A
566 323 605 340 ae,
626 313 645 339 f,
667 297 693 344 '[
702 304 852 342 δικρκνώιον]
886 304 987 331 Dimin.
1005 314 1021 331 a
1033 304 1154 330 Furcula.
1190 303 1276 328 Varro
1289 302 1320 328 R.
1385 304 1489 330 suarum
1502 309 1590 330 vetant
1604 301 1744 328 duodecim
1756 300 1870 327 tabulae.
1905 301 1996 335 Itaque
2008 309 2061 327 non
2072 302 2107 328 est
2128 303 2262 336 scriptum,
2277 302 2294 328 fi
2309 302 2417 337 insanus,

291 352 320 377 R.
336 359 353 381 1,
370 355 393 382 8,
410 352 427 376 6
446 349 499 376 Sub
518 335 574 376 ea'm
594 345 710 382 (vitem)
730 342 775 368 vbi
797 340 911 366 nascitur
931 349 997 372 vua,
1018 339 1195 366 subiiciuntur
1215 337 1323 364 circiter
1386 338 1430 364 sed
1444 339 1462 365 fi
1476 339 1590 366 furiosus
1605 339 1652 364 effe
1666 336 1768 370 incipit.
1822 336 1951 362 Insaniam
1971 335 2042 362 enim
2055 338 2209 364 censuerunt
2222 338 2265 368 (id
2282 337 2318 363 est
2331 338 2416 367 incon.

290 384 424 420 bipedales
437 394 451 411 e
466 385 571 411 surculis
584 380 716 409 furcillae,
730 386 763 402 ne
782 375 917 402 vindemia
931 381 1027 410 pereat.
1122 374 1229 400 Vitruu.
1245 382 1283 405 10,
1295 381 1322 399 12
1345 375 1361 402 ς
1386 373 1505 401 stantiam
1524 374 1633 401 sanitate
1652 373 1804 402 vacantem)
1825 372 1893 405 posse
1911 377 1998 398 tamen
2016 372 2086 398 tueri
2099 372 2307 400 mediocritatem
2320 371 2418 402 officio.

290 421 403 448 Fistulae
417 420 534 455 paullum
547 418 665 444 distantes
678 418 704 439 et
718 417 901 437 concurrentes
914 410 1033 438 furcillae
1047 411 1105 436 sunt
1119 409 1211 443 figura.
1246 409 1324 434 Varr.
1386 417 1461 440 rum,
1480 416 1505 436 et
1521 411 1592 436 vitae
1610 415 1775 435 communem
1794 407 1910 437 cultum,
1929 414 2008 441 atque
2025 405 2146 434 vsitatum
2161 418 2166 434 :
2200 410 2320 435 furorem
2332 414 2417 437 autem

291 456 323 483 de
342 457 372 483 R,
385 457 415 483 R„
433 465 441 482 1
464 464 499 489 49
524 463 533 480 ι
553 451 640 479 Herba
659 456 740 482 quum
759 448 872 473 crescere
887 446 976 478 desiit,
995 452 1019 472 et
1032 445 1101 472 aestu
1113 445 1221 475 arescit,
1240 443 1324 470 subse·
1386 444 1434 470 else
1447 446 1499 472 rati
1514 447 1586 474 sunt,
1604 444 1698 470 mentis
1712 442 1743 469 ad
1756 443 1847 470 omnia
1859 442 2020 469 caecitatem.
2109 442 2180 468 Idem
2195 444 2226 470 de
2239 445 2332 477 Arusp.
2346 444 2417 479 Resp.

292 492 346 519 cari
361 476 472 518 falcibus
485 475 562 516 d’ebet
575 496 580 511 :
615 490 640 510 et
654 482 741 518 quoad
755 483 912 517 peraretur,
930 482 1044 508 furcillis
1058 480 1165 507 versari.
1242 479 1324 505 Colu-
1386 487 1417 511 39
1431 488 1452 505 c.
1466 487 1491 510 18
1512 482 1533 507 A
1547 480 1598 507 diis
1610 480 1719 513 quidem
1732 477 1945 510 immortalibus,
1965 486 2032 513 quae
2052 477 2135 512 potest
2155 478 2258 505 homini
2275 480 2361 505 maior
2373 480 2418 507 effe

291 528 352 554 mel,
367 536 381 553 2
406 535 433 553 10
456 533 478 556 13
498 521 614 551 Baculis‚
631 518 779 544 furcillisue
792 518 960 544 contundant.
1034 518 1100 543 Hinc
1120 514 1233 542 furcillis
1246 515 1324 540 eiice-
1387 522 1486 548 poena,
1503 516 1594 542 furore
1609 520 1686 549 atque
1701 513 1833 540 dementia
1847 514 1856 539 3
1923 514 1961 540 De
1974 513 2138 540 immoderatis
2150 516 2228 540 animi
2240 512 2382 547 affec‘hbus,
2393 521 2421 543 vt

291 573 320 590 re
357 546 482 596 ex'pell'ere
494 565 517 583 et
529 557 628 581 Latinis
640 561 663 580 et
678 555 779 580 Graecis
789 554 978 589 prouerbialiter
991 551 1093 578 diHum.
1135 550 1230 577 Catull.
1246 552 1300 582 106,
1314 558 1324 575 1
1343 553 1374 573 10
1385 551 1426 575 ira
1440 550 1515 585 Virg.
1530 552 1593 577 Aen.
1609 559 1632 583 ς,
1645 555 1688 584 781
1702 556 1726 576 et
1738 549 1807 575 al1bi.
1919 550 2016 576 Caecus
2030 549 2123 576 furore
2153 549 2228 583 Virg.
2243 550 2307 575 Aen.
2322 558 2347 581 2,
2361 558 2419 585 ²44-

290 583 379 625 Musae
392 593 502 622 furcillis
516 589 685 624 praecipitem
697 589 818 615 eiiciunt.
887 589 944 615 Cic.
959 590 1012 615 Att.
1026 591 1064 620 16,
1078 596 1090 613 2
1132 586 1181 612 Sed
1194 586 1324 620 quoniam
1385 584 1498 612 Toruus
1510 587 1601 613 furore
1613 585 1700 611 vultus
1720 585 1778 611 Sen.
1795 582 1891 617 Oedip.
1905 583 1924 609 s.
1937 592 1973 610 12.
2080 583 2212 611 Bellorum
2227 585 2303 611 furor
2327 585 2423 617 Lucan,
2440 606 2441 609 ,

290 633 394 659 fui-cilla
408 625 582 655 extrudimur.
617 626 653 651 Ex
672 624 767 650 Emerui.
781 624 892 650 Lambin.
906 631 929 650 et
947 623 1054 650 Turneb.
1108 621 1252 653 Furcilles,
1269 620 1323 646 siue
1386 627 1409 653 5,
1420 622 1459 652 36.
1562 621 1636 649 Caeli
1650 620 1727 647 furor
1739 618 1941 654 aequinoctialis
1965 619 2049 646 Catul.
2061 628 2109 654 44,
2121 628 2145 646 2.
2235 619 2333 646 Mentis
2346 620 2422 649 furor

288 667 399 695 ful-filla,
416 661 513 697 quibus
526 660 646 687 homines
658 659 853 694 suspendebant.
874 659 970 686 Festus.
1385 655 1503 683 Scribon.
1518 665 1574 690 194.
1643 655 1764 682 Violenti
1779 655 1849 690 ligna
1863 654 1963 681 furoris
1981 655 2085 680 Lucret.
2101 664 2123 687 2,
2137 658 2191 681 621.
2263 657 2330 682 Hor.
2344 656 2420 689 Epist.

327 708 342 727 F
353 708 371 726 v
381 707 398 724 R
407 705 439 724 ei
450 704 490 723 LL
501 702 522 723 o
533 716 542 729 ,
559 700 612 722 are.
649 695 766 722 furcillis
778 704 879 721 mouere.
932 694 1012 721 Plaut.
1027 693 1115 720 Pseud.
1130 702 1152 725 2,
1166 701 1187 725 2,
1200 694 1231 724 36
1266 692 1322 718 Vae
1386 699 1406 723 1,
1419 700 1445 723 2,
1459 694 1492 718 62
1511 694 1553 719 Ira
1566 693 1642 718 furor
1654 691 1746 717 Breuis
1758 690 1804 717 est.
1899 690 1998 717 Caecus
2025 691 2091 716 Hor.
2105 690 2186 725 Epod.
2200 698 2226 726 7,
2240 699 2273 723 13.
2345 691 2422 718 Effre-

289 737 353 766 tibi,
372 740 400 760 tu
414 733 536 759 inuentus
549 740 614 758 vero
627 739 713 757 meam
726 730 772 765 qui
785 730 903 756 furcilles
917 730 972 763 (al.
987 730 1121 760 forcilles)
1135 729 1223 754 fidem.
1268 728 1324 754 Pal·
1342 732 1369 760 15
1385 732 1474 759 natus,
1489 734 1514 754 et
1526 736 1644 762 praeceps
1656 726 1766 752 alicuius
1793 725 1849 752 Cic.
1863 724 1896 751 de
1908 725 1999 760 Arusp.
2013 726 2086 759 Resp.
2101 734 2121 757 1,
2134 734 2156 752 2.
2226 726 2326 761 Impius
2347 726 2420 761 Virg.

288 774 376 800 meria,
395 767 539 794 Furcillare
551 766 646 801 fidem,
665 764 715 799 est,
732 767 764 792 In
776 765 876 792 dubium
889 774 986 791 vocare.
1021 765 1121 801 Salmas
1135 768 1162 790 in
1181 762 1225 790 Ed.
1247 763 1324 789 Gron.
1386 763 1450 789 Aen.
1465 772 1483 795 1,
1497 769 1554 796 298.
1625 763 1758 796 Impotens
1777 761 1834 788 Sen.
1851 761 1940 795 Agam.
1954 766 1976 791 8.
2046 761 2149 787 Incauti
2168 761 2214 787 Sil.
2229 771 2250 794 3,
2266 764 2322 795 146.
2382 763 2425 789 In‘«

287 805 390 834 dubitat,
404 810 488 830 utrum
501 802 626 843 legendum
639 801 775 836 Suggilles,
792 810 824 827 an
838 801 969 832 Forioles,
988 799 1018 826 id
1027 799 1060 834 cst
1074 801 1208 832 collaudes,
1215 798 1324 833 infamia
1387 797 1495 831 citatus,
1512 798 1565 825 vid.
1582 803 1710 825 INCITO.
1781 796 1928 823 Indomitus
1949 797 2047 822 Lucan.
2061 805 2083 829 3,
2097 805 2151 829 303.
2222 797 2352 823 Indomiti
2376 798 2428 837 (3³⁶.

285 840 426 875 adspergas.
461 838 579 872 Passerat.
595 840 775 872 interpretatur
789 836 933 862 Furcillare
941 835 1046 869 Fidem,
1066 836 1194 870 Ins-irruam
1206 834 1325 864 iudicare,
1385 833 1444 860 tull.
1457 836 1498 867 65,
1511 843 1553 868 54.
1646 833 1825 860 Inflammatus
1837 839 1915 866 atque
1927 832 2026 867 ignitus
2041 832 2097 858 Cic.
2109 840 2157 866 pro
2171 832 2259 859 Domo
2273 841 2322 865 ¹4¹-
2363 832 2424 860 Infl.

285 875 382 911 ideoque
398 874 464 910 quafi
475 874 572 900 admota
577 873 689 909 fun-illa
693 871 820 906 stabilire.
1386 869 1444 903 gnis
1462 870 1535 905 Virg.
1550 869 1646 902 Georg.
1659 877 1681 904 3,
1696 870 1755 894 266.
1827 868 1942 895 Moestus
1961 867 2035 894 Idem
2049 868 2114 894 Aen.
2129 876 2166 900 η,
2175 869 2231 894 601.
2302 868 2424 897 Periurua

321 916 337 936 1³
350 917 368 935 v
378 916 422 936 Rc
431 917 440 935 1
452 915 468 935 1.
478 916 524 936 LA
533 916 553 935 T
562 915 582 934 v
591 916 604 935 s
614 928 622 941 ‚
659 917 690 940 a,
728 916 782 934 um.
837 907 936 934 Bacilla
968 906 1102 934 furcillata
1133 905 1230 933 habent
1260 904 1323 939 figu-
1343 909 1379 928 20
1386 904 1477 931 Claud.
1491 905 1520 933 in
1533 906 1595 932 sext.
1610 905 1687 931 Cons.
1701 904 1772 929 Hon.
1786 904 1845 929 206.
1915 905 2014 930 Vecors
2038 903 2123 930 Catul.
2137 905 2175 935 16,
2189 911 2219 936 ¹4
2369 901 2389 942 q
2409 913 2426 933 2

284 954 339 973 ram
353 945 447 971 literae
460 946 492 971 V.
506 946 592 970 Varro
604 945 634 970 1..
643 944 674 970 L.
688 952 716 976 4,
728 951 769 975 30,
782 950 803 975 5.
1392 940 1472 966 Verba
1487 950 1495 966 :
1530 939 1658 967 Absistere
1671 939 1764 966 furore
1772 958 1780 971 ,
1800 938 1853 964 vid.
1873 944 2018 966 ABSls‘ro.
2125 939 2253 964 Accenfus
2265 938 2358 970 furor,
2375 939 2426 971 υἰᾶ.

321 987 338 1007 1·-
349 989 368 1007 ν
378 987 423 1007 Rc
433 986 452 1004 v
466 982 531 1007 ros
541 987 561 1006 v
574 987 586 1006 s
596 999 605 1012 ,
625 988 655 1011 a,
674 988 729 1006 um.
749 978 810 1004 Adi.
846 977 923 1012 Apul.
938 976 970 1003 de
981 976 1066 1004 Herb.
1104 996 1111 1003 .
1147 995 1155 1002 .
1191 995 1200 1002 .
1234 974 1326 1002 Herba
1387 981 1543 1003 ACCENno.
1616 975 1728 1002 Additus
1742 974 1838 1001 animis
1857 973 1933 1008 Virg.
1948 975 2011 1001 Aen.
2024 983 2047 1006 2,
2061 980 2112 1006 335.
2182 975 2271 1008 Agitat
2284 974 2359 1001 furor
2366 983 2428 1003 con.

283 1016 362 1044 ramis
376 1015 515 1042 surculosa.
525 1015 553 1052 f.
566 1014 707 1041 surculosa.
1387 1010 1470 1037 tactos
1482 1011 1620 1046 sacrilegio
1632 1011 1731 1037 milites
1749 1010 1809 1036 Liu.
1824 1017 1865 1042 29,
1881 1014 1917 1041 18,
1930 1017 1966 1035 12.
2071 1010 2174 1043 Augere
2186 1009 2290 1035 furores
2329 1010 2422 1038 Lucan.

321 1059 336 1078 Ρ
346 1059 366 1077 ν
376 1053 448 1078 Rcd
457 1058 469 1078 s
480 1057 500 1076 v
511 1058 523 1077 s
531 1072 540 1086 ‚
558 1059 586 1082 a,
606 1059 660 1077 um.
679 1049 741 1076 Adi.
784 1048 861 1076 Idem.
898 1045 976 1081 Apul.
991 1056 1013 1073 c.
1027 1054 1044 1082 7
1065 1046 1156 1074 Herba
1172 1045 1266 1081 thyrsis
1284 1045 1325 1073 bi-
1389 1055 1426 1078 ιο,
1440 1048 1482 1072 62.
1552 1048 1648 1081 Captus
1661 1047 1768 1077 furore,
1787 1044 1954 1071 vid.CA1>10.
2025 1044 2096 1071 Cede
2111 1044 2199 1071 furori
2213 1045 2330 1072 currenti
2344 1046 2424 1078 Ouid.

284 1088 394 1122 palmis,
411 1086 529 1113 furcofis.
1341 1085 1373 1111 2⁵
1388 1081 1420 1107 de
1434 1082 1508 1108 Rem.
1522 1082 1613 1108 Amor.
1628 1091 1676 1114 119.
1718 1081 1777 1107 Vid.
1796 1079 1861 1114 Voſj.
1874 1078 1937 1113 inst.
1952 1080 2025 1107 Orat.
2037 1090 2052 1106 2
2060 1087 2088 1115 p.
2102 1088 2153 1106 200.
2229 1081 2370 1108 Concitare
2386 1082 2429 1114 fus

321 1129 363 1149 FV
373 1129 416 1149 Rc
425 1120 437 1148 ἴ
447 1128 462 1147 F
471 1129 486 1148 E
495 1129 530 1153 R,
549 1120 597 1146 eri.
617 1129 653 1146 m.
690 1119 849 1153 [ὖποςοέτης]
885 1117 1029 1144 Dicebatur
1042 1117 1147 1153 (inquit
1159 1118 1277 1144 Donatus
1291 1116 1326 1143 ad
1388 1125 1477 1143 rorem
1491 1118 1585 1144 mentis
1604 1117 1725 1144 Scribon.
1742 1125 1797 1149 194·
1901 1114 2026 1142 Consedit
2038 1115 2094 1142 eius
2107 1116 2185 1142 furor
2202 1116 2259 1142 Cic.
2267 1116 2345 1143 Acad.
2353 1122 2401 1149 4‚8
2418 1130 2425 1146 ς

285 1158 351 1185 Ter.
365 1157 445 1184 Andr.
455 1165 500 1190 3,5
513 1158 595 1187 extr.)
609 1156 712 1185 Seruus,
727 1155 773 1189 qui
788 1154 823 1180 ob
839 1155 897 1180 leue
910 1153 1039 1179 delicium
1052 1153 1196 1187 cogebatur
1209 1161 1223 1178 a
1237 1152 1324 1178 domi-
1388 1152 1540 1180 Exstimulat
1553 1153 1631 1180 corda
1645 1152 1763 1179 bellandi
1775 1152 1867 1177 furore
1887 1151 1933 1177 Sil.
1950 1159 1969 1183 1,
1982 1159 2017 1182 33.
2094 1150 2233 1177 Exundans
2258 1152 2320 1178 Stat.
2334 1152 2399 1180 The
2418 1155 2425 1187 ’ς

284 1203 336 1226 no,
356 1193 518 1227 ignominiae
538 1191 636 1225 magis,
656 1199 736 1225 quam
755 1189 877 1224 supplicii
892 1189 981 1221 causa,
1002 1189 1072 1215 circa
1085 1189 1203 1220 vicinos,
1220 1188 1324 1214 furcam
1390 1197 1429 1220 10,
1441 1190 1498 1220 603.
1591 1188 1700 1215 Fratiius
1719 1187 1765 1214 Sil.
1779 1194 1807 1221 7,
1820 1194 1869 1219 253.
1983 1186 2084 1212 Gerens
2096 1185 2242 1216 indomitos
2255 1187 2283 1213 in
2297 1187 2376 1216 corde
2387 1188 2433 1216 fu..

284 1230 311 1255 in
324 1229 395 1255 collo
416 1228 504 1259 ferre,
523 1226 657 1260 subligatis
676 1226 707 1252 ad
729 1234 786 1252 eam
811 1224 949 1257 manibus,
964 1230 990 1251 et
1018 1224 1169 1258 praedicare
1189 1229 1324 1258 peccatum
1386 1232 1461 1250 rores
1490 1223 1575 1250 Catul.
1599 1225 1699 1258 Argon.
1719 1225 1753 1249 62
1773 1225 1840 1254 (65)
1863 1230 1903 1254 34.
2009 1221 2172 1249 Inflammari
2196 1222 2352 1256 furoribus,
2374 1223 2436 1251 vid..

283 1265 356 1290 suum
365 1283 372 1294 ,
389 1263 518 1298 simulque
532 1270 641 1288 monere
655 1267 779 1293 caeteros,
791 1260 898 1295 nequid
911 1260 993 1286 fimile
1006 1260 1183 1286 admitterent.
1254 1259 1322 1284 Hac·
1336 1266 1369 1290 3ο
1387 1265 1576 1286 INFLAMMO.
1647 1258 1774 1285 Inuadere
1786 1258 1904 1292 aliquem
1917 1257 2010 1283 furore
2031 1257 2086 1284 Cic.
2102 1258 2173 1284 Fam.
2183 1260 2266 1290 16‚12.
2335 1258 2429 1287 Gliscit

281 1306 353 1325 tenus
365 1300 461 1325 Donat.
487 1297 556 1324 Vnde
575 1297 702 1324 Plutarch.
716 1300 743 1322 in
757 1300 812 1323 uita
825 1297 965 1328 Coriolani,
981 1296 1101 1322 Furcifer
1114 1296 1171 1321 huic
1185 1303 1268 1321 nomen
1282 1292 1324 1327 est,
1386 1295 1464 1321 furor
1484 1296 1587 1321 Lucret.
1599 1303 1628 1328 4,
1643 1297 1716 1321 1662.
1822 1293 1945 1320 Minuere
1958 1293 2077 1318 furorem
2096 1294 2190 1320 Horat.
2204 1295 2293 1321 Carni.
2307 1302 2328 1327 1,
2339 1303 2381 1329 37,
2394 1303 2428 1322 12.

280 1333 345 1370 quod
359 1337 467 1361 maxima
480 1340 560 1369 poena
577 1333 775 1368 apudkantiquos
788 1332 862 1368 seruo
877 1334 992 1366 peccanti
1011 1338 1079 1362 erat,
1099 1337 1128 1357 vt
1139 1333 1162 1356 is
1171 1327 1279 1365 plaustri
1294 1331 1325 1356 li·
1385 1331 1486 1357 Ponere
1499 1330 1620 1357 furorem
1648 1331 1746 1356 Lucan.
1762 1337 1782 1361 1,
1797 1336 1854 1362 327.
1961 1328 2135 1362 Praecipitant
2153 1329 2232 1356 furor
2250 1329 2344 1365 iraque
2355 1333 2426 1357 men*-

281 1379 364 1406 gmm,
375 1378 419 1405 quo
432 1376 494 1395 temo
500 1368 624 1404 fulcitur,
643 1368 658 1400 ᾧ
673 1367 713 1393 τόν
724 1367 800 1402 ῥυμὸν
813 1365 940 1402 &nefarium
948 1386 955 1398 ,
967 1364 1097 1402 spel-'lanu
1107 1368 1218 1397 vicinia,
1233 1365 1325 1401 serens
1385 1371 1438 1392 tem
1455 1366 1634 1400 Virg.Aen.2,
1649 1369 1701 1398 316.
1794 1363 1937 1397 Quatiebat
1949 1363 2028 1389 corda
2042 1364 2134 1390 furore
2149 1365 2314 1398 praetumido
2334 1365 2425 1393 Claud.

280 1408 465 1440 circumagere-t.
499 1403 572 1439 Quod
584 1401 735 1439 vbifaflum
749 1409 818 1433 erat,
837 1403 929 1438 infidus
941 1411 956 1429 a
969 1401 1106 1434 domesticis
1122 1407 1144 1427 ct
1166 1403 1259 1427 vicinis
1275 1404 1325 1426 cxi·
1386 1401 1415 1428 in
1430 1401 1499 1427 Ruff.
1515 1410 1534 1432 1,
1549 1409 1605 1434 225.
1682 1399 1779 1426 Redire
1792 1399 1825 1425 ad
1840 1399 1959 1425 furorem
1983 1399 2068 1425 Plane.
2081 1400 2136 1426 Cic.
2151 1400 2220 1426 Fam.
2236 1410 2272 1433 10,
2289 1409 2320 1427 11.
2390 1401 2426 1428 Si*

273 1438 410 1474 stimatus,
438 1439 550 1466 furcifer
573 1438 741 1474 appellabatur
753 1449 760 1463 :
798 1447 855 1465 nam
883 1440 986 1469 Latini,
1003 1439 1098 1474 lignum
1125 1436 1205 1466 illud,
1224 1436 1323 1462 furcam
1341 1443 1368 1469 35
1386 1436 1453 1463 stere
1467 1437 1587 1463 furorem
1606 1436 1668 1463 Stat.
1681 1434 1774 1461 Theb.
1791 1442 1813 1466 ς,
1828 1437 1886 1465 663.
1975 1434 2078 1467 Sopitus
2092 1435 2191 1469 vbique
2203 1435 2279 1462 furor
2292 1445 2426 1464 armorum

279 1476 414 1511 appellant.
470 1475 516 1502 Sed
532 1484 579 1500 non
602 1474 736 1500 audiendox
747 1473 788 1500 hic
796 1480 871 1509 putat
884 1473 985 1509 Salmas.
999 1473 1027 1499 dc
1040 1482 1109 1498 cruce
1117 1479 1146 1507 p.
1160 1482 1203 1506 415
1223 1473 1324 1498 Pluear-
1385 1473 1482 1499 Patere.
1499 1481 1525 1504 2,
1538 1476 1578 1503 89.
1663 1470 1788 1496 Versatur
1802 1467 1871 1494 mihi
1884 1474 1944 1494 ante
1957 1469 2048 1495 oculos
2063 1470 2179 1504 aspeeius
2191 1477 2216 1497 et
2229 1471 2307 1498 furor
2319 1472 2428 1508 Cethegi

280 1513 349 1537 chum
364 1518 385 1536 et
398 1512 523 1536 Donatum
537 1521 544 1535 .·
582 1509 726 1535 furciferos
743 1508 824 1535 clic‘los
831 1512 918 1544 potius
930 1508 1019 1544 dignor
1033 1508 1133 1534 furcam
1145 1509 1214 1534 illam
1228 1510 1322 1542 capita·
1383 1509 1412 1534 in
1425 1507 1509 1533 vestra
1522 1506 1599 1533 caede
1613 1504 1764 1532 bacchantis
1783 1504 1838 1530 Cic.
1852 1503 1879 1529 in
1892 1503 1971 1530 Catil.
1984 1513 2013 1537 4,
2027 1512 2057 1530 11.
2252 1505 2272 1543 ff
2297 1515 2311 1539 3
2352 1509 2426 1534 voca„

280 1548 325 1573 lem
338 1546 409 1572 ferre
422 1553 445 1571 ct
457 1549 514 1581 pati
528 1549 636 1571 meritos.
713 1545 801 1570 Vtitur
813 1547 857 1570 illo
869 1546 980 1570 connino
993 1547 1067 1570 etiam
1080 1543 1137 1570 Cic.
1151 1543 1179 1569 in
1193 1544 1283 1569 vatin.
1297 1550 1323 1576 15
1383 1549 1427 1569 tur
1450 1545 1525 1568 etiam
1548 1542 1625 1567 furor
1634 1561 1642 1573 ,
1662 1542 1736 1567 Mens
1760 1542 1788 1565 vi
1809 1539 1912 1575 quadam
1933 1538 2021 1565 diuina
2043 1542 2183 1572 concitata,
2202 1543 2282 1577 qualis
2296 1540 2331 1576 2st
2341 1543 2425 1570 Furor

282 1590 305 1607 c.
320 1583 345 1606 6.
417 1580 489 1606 Idem
503 1589 550 1614 pro
564 1580 652 1606 Deiot.
669 1582 699 1606 26
726 1579 800 1613 Quid
814 1579 875 1606 inde
891 1579 1001 1606 furcifer
1015 1580 1024 1605 3
1060 1588 1115 1614 quo
1135 1578 1322 1613 progreditur}
1384 1579 1524 1604 Poctarum
1555 1576 1612 1602 Cic.
1638 1575 1670 1602 de
1692 1575 1786 1602 Diuin.
1799 1584 1819 1607 1,
1833 1580 1873 1604 80·
1981 1574 2073 1601 Ibidem
2081 1576 2163 1611 paullo
2177 1583 2248 1609 ante,
2264 1577 2330 1604 Inest
2342 1576 2423 1612 igitur

284 1616 352 1642 Ter.
366 1615 446 1641 Andr.
462 1624 484 1647 3,
498 1624 521 1647 ς,
536 1623 562 1641 12
586 1615 644 1645 Oh,
662 1614 714 1641 tibi
728 1623 777 1649 ego
791 1621 819 1641 vt
833 1615 937 1642 credam
950 1615 1063 1641 furcifer
1076 1616 1085 1641 3
1167 1613 1241 1650 Conf.
1257 1615 1366 1644 Eun.4o
1384 1613 1480 1641 animis
1495 1612 1650 1647 praesagitio
1664 1611 1824 1638 extrinsecus
1836 1609 1950 1641 iniecta,
1967 1616 2046 1645 atque
2058 1610 2155 1638 inclusa
2168 1611 2304 1639 diuinitus.
2359 1614 2394 1639 Ea
2405 1613 2423 1639 Γι

284 1660 308 1683 4,
323 1659 344 1682 3,
359 1655 389 1680 28
400 1656 446 1676 etc.
517 1651 597 1676 Plaut.
614 1649 707 1683 Amph.
723 1659 742 1681 1,
759 1659 777 1680 1,
794 1659 844 1683 129.
880 1657 903 1676 et
917 1650 984 1676 Asin.
1000 1659 1021 1682 3,
1035 1659 1059 1682 3,
1072 1655 1164 1685 87½etc.
1211 1650 1322 1685 Respicit
1386 1648 1478 1676 exarsit
1492 1648 1595 1680 acrius,
1614 1647 1693 1674 furor
1705 1645 1866 1681 appellatur,
1893 1654 1975 1680 quum
1993 1654 2009 1672 a
2027 1655 2138 1681 corpore
2157 1647 2257 1674 animus
2276 1648 2427 1678 abstractus,

282 1686 331 1712 huc
344 1685 423 1712 Plaut.
435 1684 518 1711 Calin.
535 1693 556 1715 2,
570 1687 595 1715 6,
609 1692 640 1718 37
658 1685 694 1709 Vt
709 1685 816 1718 quidem
829 1692 858 1710 tu
880 1685 960 1711 hodie
977 1695 1066 1712 canem
1083 1686 1201 1719 (vinculi
1221 1686 1320 1721 genus)
1385 1685 1480 1712 diuino
1494 1683 1619 1710 instinctu
1633 1682 1790 1709 concitanm
1859 1682 1954 1707 Etiam
1967 1688 2024 1708 ante
2038 1691 2059 1709 c.
2075 1691 2090 1708 2
2110 1682 2218 1709 Furoris
2234 1682 2428 1709 diuinationem

281 1727 307 1747 et
319 1721 421 1747 furcam
434 1720 511 1746 feras.
583 1721 614 1746 Et
629 1727 653 1751 2,
668 1724 691 1750 8,
705 1727 721 1745 2.
740 1720 793 1753 Ego
806 1719 838 1745 ad
850 1725 875 1745 te
888 1721 1021 1746 remittam
1034 1720 1123 1746 virum
1135 1729 1195 1746 cum
1207 1720 1282 1746 furca
1295 1720 1324 1746 in
1385 1720 1522 1752 Sibyllinis
1534 1718 1650 1745 maxime
1664 1717 1782 1745 verfibus
1801 1716 1943 1743 contineri.
2060 1717 2115 1744 Cic.
2130 1718 2192 1745 Diu.
2208 1728 2212 1742 1
2230 1727 2251 1744 c.
2265 1725 2295 1752 37
2305 1725 2350 1752 pr.
2376 1718 2428 1743 Ne.

281 1755 389 1786 vrbem,
407 1755 450 1782 vbi
463 1761 527 1781 certe
537 1754 584 1781 huc
595 1754 694 1781 alludit.
1386 1761 1429 1788 gat·
1450 1755 1503 1780 line
1523 1754 1616 1779 furore
1642 1752 1809 1779 Democritus
1831 1760 1993 1787 quemquam
2014 1753 2121 1780 Poetam
2144 1761 2268 1787 magnum
2284 1753 2333 1779 etse
2347 1752 2439 1787 posse'

319 1796 336 1815 F
349 1798 367 1816 v
377 1797 397 1815 R
405 1797 421 1815 E
431 1798 452 1816 N
462 1797 474 1815 s
483 1809 492 1820 ,
509 1796 525 1815 Ρ
537 1796 557 1814 v
566 1797 585 1815 R
594 1797 609 1815 E
620 1797 641 1815 N
650 1795 671 1814 T
681 1796 697 1814 E
707 1796 725 1814 R
734 1809 741 1820 ,
761 1788 814 1815 uid.
833 1795 849 1815 F
859 1795 878 1814 v
886 1795 904 1815 R
915 1794 934 1814 o
943 1795 961 1814 R
971 1808 979 1821 ,
997 1788 1062 1815 oris.
1332 1796 1367 1821 45
1387 1787 1459 1822 quod
1474 1788 1544 1813 idem
1557 1787 1623 1812 dicit
1635 1787 1709 1813 Plato
1722 1797 1727 1812 ι
1763 1795 1842 1820 quem
1851 1806 1859 1818 ‚
1877 1787 1896 1812 fi
1908 1787 2006 1820 placet,
2025 1788 2137 1822 appellet
2154 1789 2289 1819 furorem,
2308 1789 2399 1815 dumm

319 1830 336 1850 F
348 1830 368 1849 v
381 1830 399 1849 R
415 1830 431 1849 F
442 1831 489 1850 VR
498 1843 507 1854 ‚
522 1824 586 1849 uris.
618 1832 653 1849 m.
691 1823 822 1858 [πὶθυρα]
857 1825 1047 1858 Purgamentum
1067 1829 1091 1849 et
1111 1825 1202 1849 vitium
1240 1826 1326 1849 arinae
1386 1823 1421 1849 do
1435 1823 1457 1849 is
1471 1823 1548 1848 furor
1561 1822 1597 1848 ita
1611 1821 1749 1852 laudetur,
1769 1827 1797 1847 vt
1810 1821 1838 1846 in
1851 1820 1968 1847 Phaedro
1982 1821 2098 1848 Platonis
2111 1823 2228 1849 laudatus
2240 1823 2286 1849 est.
2374 1824 2402 1849 H

280 1862 399 1885 minutiae
405 1858 594 1894 folliculorum,
609 1859 653 1891 qui
666 1865 747 1891 grana
760 1863 855 1891 regunt.
892 1859 972 1884 Plaut.
985 1860 1058 1891 Capt.
1072 1867 1100 1890 4,
1111 1866 1134 1890 2,
1150 1867 1178 1889 27
1231 1867 1274 1884 um
1286 1857 1324 1891 pi·
1385 1857 1487 1893 respicit
1507 1858 1574 1884 Hor.
1590 1857 1620 1882 A.
1637 1858 1662 1882 P.
1677 1864 1722 1889 295
1740 1856 1878 1891 Ingenium
1891 1856 1985 1883 misera
2003 1857 2066 1891 quia
2084 1857 2244 1885 fortunatius
2262 1864 2318 1886 arte
2337 1859 2409 1886 credi

282 1895 363 1921 stores
377 1892 549 1928 scrophipasci
558 1912 566 1923 ,
587 1893 634 1926 qui
648 1892 720 1917 alunt
733 1890 839 1916 furfure
853 1892 918 1916 sues.
990 1892 1112 1925 siliginei
1126 1892 1243 1917 furfures
1258 1892 1325 1917 Scri·
1387 1899 1412 1917 et
1425 1892 1542 1917 excludit
1555 1893 1629 1916 sanos
1644 1892 1773 1917 Helicone
1786 1892 1876 1917 Poetas
1888 1892 2056 1918 Democritus
2070 1899 2116 1918 etc.
2204 1894 2260 1920 Cic.
2274 1893 2306 1920 de
2319 1895 2393 1921 Orat.
2448 1916 2450 1922 .

282 1930 348 1957 bon.
360 1931 403 1955 66.
474 1928 572 1954 Furfur
586 1927 648 1953 item
663 1934 739 1960 parca
752 1925 833 1951 fuerit
847 1934 928 1959 quum
950 1925 1070 1952 feruidus
1088 1925 1158 1951 vnda
1189 1925 1323 1950 Sammon.
1388 1934 1432 1956 194
1443 1934 1464 1950 c.
1477 1927 1513 1956 46
1531 1925 1611 1960 Saepe
1626 1925 1736 1956 audiui,
1761 1926 1867 1950 Po‘e‘tam
1879 1925 1980 1951 bonum
1993 1926 2128 1951 neminem
2149 1926 2195 1957 (id
2214 1929 2285 1962 quod
2304 1939 2319 1956 a
2332 1922 2441 1962 Demossss'

283 1968 343 1999 468.
416 1963 575 1990 Furfuribus
588 1962 739 1996 conspersus
754 1961 827 1995 panis
847 1960 955 1987 Phaedr.
970 1970 998 1994 4,
1014 1962 1051 1992 16,
1064 1968 1092 1993 4.
1160 1959 1234 1994 Conf.
1248 1960 1324 1985 Varr.
1333 1968 1365 1993 50
1388 1960 1457 1986 crito
1484 1964 1510 1985 et
1528 1958 1635 1985 Platone
1653 1959 1681 1984 in
1699 1959 1802 1993 scriptis
1821 1959 1945 1985 relietum
1965 1961 2013 1986 else
2024 1960 2131 1992 dicunt)
2150 1961 2202 1989 fine
2220 1958 2429 1992 inflammatione*

283 2001 314 2027 R.
329 2002 359 2027 R.
375 2008 398 2032 2,
412 2002 436 2026 6.
631 1995 652 2033 fl
679 2006 691 2022 2
728 1997 852 2022 Furfures
870 2000 897 2022 in
916 1999 996 2032 capite
1015 2002 1039 2022 et
1052 2002 1105 2022 tota
1111 1994 1185 2030 facie
1198 1995 1326 2027 dicuntur,
1387 1995 1538 2021 animorum
1552 1993 1664 2020 existere
1678 1994 1762 2028 posse,
1782 1999 1808 2020 et
1820 1993 1872 2020 line
1885 1995 1999 2029 quodam
2011 1996 2098 2023 afflatu
2114 1997 2184 2032 quali
2198 1997 2308 2027 furoris.
2377 1994 2431 2028 Vass

283 2035 426 2072 Fuliginosa
445 2035 490 2060 illa
510 2039 662 2059 excrementa
675 2030 744 2065 ficca
762 2037 787 2057 et
805 2031 862 2057 alba
874 2041 903 2057 ac
916 2034 1010 2065 tenuia,
1022 2040 1082 2067 quae
1089 2031 1165 2066 super
1174 2032 1247 2065 poris
1259 2030 1327 2056 colli·
1388 2030 1485 2057 ticinos
1498 2029 1618 2064 concepit
1628 2035 1716 2056 mente
1731 2029 1836 2057 furores
1856 2029 1937 2057 Ouid.
1946 2031 2010 2057 Met.
2018 2039 2043 2062 2,
2051 2034 2112 2064 640.
2184 2034 2293 2061 Decoris
2306 2035 2426 2062 furorem

281 2079 383 2109 guntur.
428 2070 494 2096 Plin.
517 2077 560 2100 20,
581 2076 598 2101 9
624 2066 751 2094 Furfures
774 2066 867 2101 capitis
890 2072 916 2092 et
935 2067 1023 2093 vlcera
1048 2066 1181 2092 manantia
1201 2065 1272 2092 illita
1293 2072 1325 2091 ex
1389 2065 1458 2091 dixit
1468 2065 1512 2091 Sil.
1527 2074 1549 2097 2,
1563 2073 1613 2097 324
1625 2071 1675 2100 pro
1687 2065 1829 2100 cupiditate
1842 2066 1936 2101 gloriae
1949 2076 1957 2091 :
2009 2066 2057 2093 uod
2069 2076 2098 2093 ex
2113 2068 2215 2095 Graecis
2224 2070 2344 2105 sontibus
2362 2071 2426 2099 deri-

281 2107 343 2134 0120
355 2105 437 2132 coeka,
1091 2133 1096 2138 .
1388 2107 1434 2126 vat
1446 2102 1512 2126 Dan.
1530 2099 1652 2133 Heinstus.
1687 2100 1886 2134 Impendioruus
1900 2101 1978 2128 furor
1992 2075 2064 2129 guet.
2078 2103 2143 2130 Ner.
2158 2113 2182 2136 31
2194 2112 2257 2131 extr.
2407 2106 2427 2141 4
2457 2126 2459 2131 .

323 2147 339 2167 1.-
350 2148 399 2167 VR
411 2146 427 2166 1.—
439 2147 459 2166 v
469 2146 487 2166 R
497 2139 517 2166 ὁ
527 2145 539 2165 ς
550 2144 572 2163 ν
585 2145 614 2170 s,
632 2146 662 2169 a,
682 2146 736 2163 um.
758 2135 818 2162 Adi.
854 2132 1024 2170 [πιθυρώδης]
1060 2134 1126 2160 Ρ1111.
1143 2143 1178 2167 12,
1193 2142 1219 2167 25
1239 2132 1326 2168 desty-
1342 2143 1370 2169 55
1389 2135 1565 2169 Prosopopoeia
1589 2134 1695 2169 quadam
1717 2136 1803 2163 Furor
1825 2134 1934 2164 bellicus
1949 2137 2063 2174 fingitur
2080 2148 2096 2165 a
2115 2141 2199 2167 Poetis
2211 2143 2305 2168 catenis
2315 2143 2361 2168 vin
2388 2152 2425 2171 ur.
2456 2133 2458 2148 ¹

280 2186 352 2209 vace,
372 2176 453 2202 Colos
466 2175 494 2202 in
506 2182 662 2209 quacunque
674 2173 782 2200 natione
796 2171 944 2206 praefertur
962 2170 1053 2202 ruqu,
1073 2175 1099 2196 et
1112 2169 1246 2204 pinguiter
1270 2169 1325 2194 len·
1393 2169 1462 2197 Vnde
1473 2170 1547 2203 Virg.
1561 2169 1625 2196 Aen.
1641 2178 1668 2203 1,
1683 2176 1730 2203 298
2456 2171 2459 2188 '-

282 2219 323 2239 tus
334 2233 341 2245 ,
378 2211 496 2238 deterior
526 2209 683 2236 furfurosus.
727 2208 752 2235 b.
778 2216 797 2233 e.
825 2207 877 2242 Qui
909 2207 988 2234 ueluti
1013 2205 1164 2242 furfuribus
1190 2203 1325 2241 permistus
1775 2219 1862 2246 Furor
1874 2220 1972 2254 impius
1986 2221 2057 2247 imus
2081 2241 2085 2244 ἡ

281 2254 394 2284 apparet.
1541 2254 1624 2280 Saeua
1635 2252 1725 2279 sedens
1739 2254 1815 2288 super
1826 2263 1914 2287 arma,
1932 2263 1958 2281 et
1971 2262 2075 2283 centum
2088 2256 2193 2284 vinetus
2212 2259 2303 2288 ahenis

317 2289 333 2309 r
344 2289 365 2308 v
378 2289 396 2308 R
408 2288 423 2307 r
435 2287 482 2307 VR
491 2287 500 2306 1
510 2287 526 2307 c
535 2279 556 2306 <r
566 2286 582 2306 1.
592 2288 614 2306 A
623 2299 632 2311 ,
650 2287 690 2306 ae.
706 2278 727 2304 f.
744 2278 846 2304 Dimin.
883 2278 965 2304 Marc.
979 2276 1078 2311 Empir.
1093 2285 1114 2303 c.
1128 2284 1151 2309 5.

319 2324 336 2344 F
347 2323 419 2344 vRF
429 2323 506 2343 vRA
517 2320 534 2341 c
545 2313 591 2342 xic
600 2322 619 2340 v
629 2321 652 2341 M
662 2333 671 2346 ,
690 2313 709 2340 i.
730 2323 754 2339 n.
793 2312 893 2339 Arnob.
913 2315 930 2338 6
950 2322 974 2346 p.
996 2321 1045 2338 200
1068 2312 1112 2338 vbi
1123 2311 1215 2337 editum
1233 2310 1368 2341 Serris‚60

280 2352 469 2389 perforaculis,
495 2350 619 2386 (Salmas.
640 2351 657 2376 l.
682 2359 705 2376 c.
728 2348 878 2374 furfuribus
904 2348 988 2384 legit)
1005 2347 1095 2380 asciis,
1124 2347 1206 2377 sebia,
1226 2346 1323 2377 dolata,
1388 2347 1516 2374 Interdum
1529 2347 1676 2388 (ἦρξ’-ὀίων
1682 2347 1712 2383 fh
1714 2349 1775 2374 lutis
1790 2350 1914 2381 vincum,
1935 2355 1964 2374 w
1976 2357 1992 2374 a
2006 2349 2130 2375 Petronio
2149 2359 2169 2375 c.
2183 2359 2230 2384 ¹24
2269 2355 2343 2386 (ἔως
2354 2354 2424 2381 inter

1542 2289 1599 2315 1²0st
1613 2295 1718 2323 tergum
1731 2289 1823 2321 nodis,
1846 2290 1937 2317 fremit
1950 2290 2076 2318 horridus
2089 2300 2136 2317 ore
2152 2301 2273 2323 cruento.

281 2388 381 2421 effossa,
401 2386 512 2421 restituit
532 2385 634 2421 Salmas
652 2388 679 2411 in
698 2384 779 2410 Solin.
802 2393 826 2418 p.
847 2391 910 2418 774,
925 2384 969 2409 aG
990 2382 1170 2410 furfuraculis.
1206 2381 1273 2415 etfic
1286 2381 1323 2406 di·
1388 2384 1474 2410 Furor
1494 2382 1612 2418 abruptis
1636 2392 1683 2409 eeu
1696 2383 1765 2409 liber
1777 2382 1886 2411 habenis
1922 2383 2096 2418 Sanguineum
2111 2384 2160 2411 late
2171 2386 2243 2413 tellit
2254 2395 2344 2422 caput,
2362 2398 2421 2415 ora.

282 2423 347 2451 bium
355 2430 440 2459 putat.
476 2421 549 2458 de
555 2421 677 2457 furfures
689 2422 716 2446 in
723 2421 790 2456 ligno
801 2418 955 2455 perforando
963 2418 1064 2454 faciat,
1099 2421 1117 2444 i.
1127 2417 1220 2445 Scobem
1228 2417 1324 2453 furfu-
1388 2427 1440 2454 que
1453 2418 1542 2449 mille,
1562 2426 1607 2445 etc.
1772 2415 1792 2479 q
1814 2427 1827 2449 5
1863 2420 1893 2445 In
1909 2419 1983 2446 MSS.
1996 2419 2180 2455 confunduntur
2194 2421 2276 2449 Furor
2286 2430 2308 2449 et
2322 2423 2420 2451 Pudor:

281 2460 350 2487 ribus
357 2458 472 2492 similem.
508 2457 554 2484 scd
565 2456 650 2483 laudat
662 2458 735 2482 ctiam
749 2456 804 2481 Vet.
820 2455 899 2480 Gloss‘.
913 2454 932 2480 F
935 2454 1129 2483 urfuraculum,
1147 2453 1268 2488 τρύπανον.
1387 2454 1441 2481 vid.
1464 2455 1599 2480 Burmann.
1619 2453 1653 2480 ad
1670 2452 1781 2487 Qintffi
1795 2474 1800 2480 .
1822 2454 1893 2481 Decl.
1913 2463 1945 2486 11,
1961 2463 1970 2480 1
1984 2463 2007 2488 p.
2021 2463 2077 2487 232.
2112 2458 2143 2482 it.
2158 2456 2244 2483 Fauor
2257 2467 2263 2482 :
2296 2459 2359 2493 quod
2370 2459 2421 2485 uid,

317 2501 390 2520 FVR
402 2499 417 2520 Ρ
433 2500 454 2519 ν
465 2500 484 2519 R
494 2499 539 2519 AC
550 2498 595 2518 13v
605 2500 636 2524 s,
659 2499 689 2523 a,
715 2499 769 2516 um.
804 2489 865 2516 Adi.
904 2489 1054 2525 Furfuribus
1069 2489 1167 2523 similis.
1204 2488 1323 2522 Fulgent.
1337 2488 1368 2520 65
1424 2495 1469 2516 pv
1479 2496 1515 2515 R1
1526 2496 1564 2521 Α,
1583 2498 1621 2515 ae.
1649 2489 1668 2514 f.
1704 2488 1819 2523 [Ἐριννύς
1831 2489 1844 2522 ]
1880 2491 1921 2516 vel
1940 2495 1957 2515 ι·
1969 2496 2034 2516 VRI
2045 2498 2065 2517 A
2075 2497 2107 2522 E,
2122 2499 2204 2517 arum.
2259 2492 2352 2519 Furiae
2365 2495 2424 2528 (in-

284 2530 367 2563 Myth.
382 2538 395 2555 2
414 2528 575 2555 Furfuracea
588 2528 717 2554 tinearum
731 2525 915 2552 terebramina.
1388 2527 1443 2559 quit
1454 2525 1559 2551 Seruius
1572 2525 1605 2550 ad
1618 2525 1683 2550 Aen.
1695 2533 1723 2556 4,
1738 2526 1807 2556 609)
1823 2524 1904 2550 Dirae
1917 2524 1945 2550 in
1957 2525 2044 2557 caelo,
2063 2526 2160 2553 Furiae
2174 2527 2201 2553 in
2221 2528 2314 2560 terris,
2332 2529 2422 2555 Eume-

321 2571 337 2591 1²
349 2570 422 2591 VRF
434 2570 454 2590 V
466 2570 578 2596 REVS,
597 2571 626 2595 a,
646 2571 700 2588 um-
719 2561 777 2587 Adi·
815 2562 852 2588 Ex
860 2559 972 2596 furfure
983 2570 991 2584 :
1026 2565 1073 2592 vt,
1092 2559 1167 2586 Panis
1187 2558 1323 2584 furfureus
1386 2560 1460 2586 nides
1474 2558 1542 2593 apud
1556 2560 1655 2586 inferos
1671 2569 1678 2589 ς
1711 2559 1780 2586 vnde
1790 2565 1814 2585 et
1829 2565 1880 2586 tres
1893 2560 1941 2586 else
1963 2559 2096 2587 dicuntur.
2167 2563 2317 2589 Acherontis
2334 2571 2357 2590 et
2371 2566 2423 2591 No-

284 2601 352 2627 Gen,
367 2610 399 2632 11,
411 2608 438 2634 7,
1387 2593 1537 2629 Hisfiliae;
1573 2596 1707 2630 Megaera,
1730 2594 1876 2630 Tisiphone,
1893 2593 1989 2622 ΑΙεί-Ὶο.
2085 2597 2180 2633 Singul.
2203 2596 2282 2630 exstat
2303 2606 2343 2634 ap.
2367 2599 2422 2628 Cic.

322 2641 490 2665 FVRIAE,
510 2639 716 2664 FVRIALIS,
738 2637 950 2661 FVRIOSVS,
969 2633 1325 2659 FVRIBVNDVS,Fv-
1386 2629 1418 2656 ad
1434 2631 1599 2662 QFratr.3,
1616 2639 1673 2662 1,4.
1721 2630 1793 2666 Conf.
1807 2629 1965 2663 elmenhorst.
1981 2631 2036 2657 [nd.
2051 2632 2128 2666 Apul.
2199 2634 2280 2660 Canes
2300 2637 2424 2664 etiamvo.

286 2678 357 2703 R10‚
379 2676 496 2699 FVRO‚
515 2667 568 2696 vid.
582 2674 729 2697 rviam,
748 2667 811 2693 oris.
1333 2671 1369 2699 70
1390 2671 1496 2697 cantur,
1519 2671 1548 2691 υι
1571 2664 1604 2699 est
1628 2664 1694 2700 apud
1714 2665 1789 2700 Virg.
1808 2667 1873 2692 Aen.
1888 2668 1913 2698 6,
1927 2671 1971 2699 258
2007 2681 2052 2686 —
2089 2668 2217 2702 Visaeque
2231 2669 2314 2696 Canes
2328 2670 2424 2701 vlulare

326 2711 342 2731 F
354 2712 373 2730 v
384 2712 402 2730 R
411 2711 462 2730 NA
471 2711 504 2729 1.1
514 2710 552 2734 A,
574 2704 650 2729 Sacra
669 2703 784 2728 Furinae
797 2710 875 2736 quam
889 2699 963 2727 deam
977 2700 1107 2728 dicebant.
1127 2699 1225 2726 Festus.
1266 2697 1326 2726 Vid.
1391 2709 1437 2735 per
1449 2699 1570 2727 vmbram
1606 2700 1768 2727 Aduentante
1782 2700 1827 2728 dea
1836 2721 1844 2733 ,
1863 2701 1961 2728 auHore
1974 2702 2075 2729 Seruio.
2146 2704 2243 2730 Lucan.
2256 2707 2286 2736 6,
2304 2712 2348 2738 733
2371 2707 2412 2740 Sty
2462 2717 2463 2727 l

292 2746 307 2766 Ε
320 2748 338 2766 ν
349 2747 385 2766 111
396 2746 417 2764 Ν
428 2745 475 2765 AL
487 2745 497 2764 1
508 2745 539 2764 A.
1390 2736 1498 2770 giasque
1517 2737 1600 2763 Canes
1619 2735 1647 2761 in
1668 2736 1726 2762 luce
1749 2737 1857 2771 superna
1893 2737 2051 2764 Destituunt.
2146 2739 2200 2765 Cic.
2216 2739 2248 2765 de
2262 2739 2297 2765 N.
2310 2741 2340 2766 D.
2356 2751 2376 2774 3,
2390 2704 2433 2800 4&

328 2781 343 2800 F
355 2782 374 2800 v
385 2781 433 2800 RN
443 2781 451 2800 1
461 2780 482 2799 A
498 2782 573 2809 gens,
588 2771 652 2797 vnde
665 2772 768 2797 Amicus
780 2772 899 2797 Horatii:
923 2770 976 2797 vid·
992 2771 1071 2796 Serm·
1088 2779 1108 2804 1,
1123 2778 1161 2802 10,
1176 2771 1216 2799 86-
1253 2767 1328 2804 Conf-
1390 2780 1412 2797 e.
1430 2776 1455 2801 18
1472 2772 1516 2797 Sin
1530 2771 1593 2798 haec
1607 2770 1654 2798 dea
1667 2771 1716 2803 est,
1735 2781 1782 2798 cur
1798 2781 1851 2799 non
1864 2772 2020 2799 Eumenides
2033 2774 2043 2799 3
2077 2782 2143 2808 quae
2162 2774 2178 2800 fi
2197 2774 2258 2800 deae
2271 2775 2344 2808 sunt,
2363 2785 2413 2811 qua

287 2811 345 2837 Sen.
359 2809 390 2835 de
403 2809 493 2835 Benef.
506 2816 535 2839 2,
549 2814 586 2839 25.
658 2807 733 2832 Alius
751 2804 890 2841 postulatus
913 2806 1046 2842 adulterii,
1065 2812 1088 2831 et
1111 2804 1280 2840 veneficiorum
1300 2807 1327 2830 in
1390 2815 1450 2834 rum
1464 2812 1490 2833 et
1504 2807 1612 2833 Athenis
1626 2807 1717 2833 fanum
1731 2807 1766 2834 est
1775 2827 1783 2840 ,
1802 2814 1827 2835 et
1840 2807 1908 2842 apud
1922 2817 1978 2840 nos,
1998 2814 2027 2835 vt
2041 2817 2090 2842 ego
2104 2810 2276 2843 interpretor,
2296 2811 2368 2838 lucus
2375 2813 2427 2839 Fu*⁴
2462 2804 2464 2808 ι

292 2845 419 2873 Tiberium
433 2855 440 2869 .·
482 2842 539 2869 Vici.
553 2842 644 2869 Tacit.
660 2843 726 2867 Ann.
742 2851 769 2874 4,
786 2850 824 2874 32.
971 2876 976 2880 .
1339 2848 1372 2877 75
1389 2841 1478 2874 rinae,
1498 2842 1591 2869 Furiae
1603 2841 1666 2868 deae
1679 2843 1752 2875 sunt,
1775 2843 1970 2877 speculatrices,
1989 2843 2083 2873 credo,
2102 2850 2127 2869 et
2139 2844 2255 2871 vindices
2276 2846 2438 2875 facinorum,

328 2886 344 2906 F
356 2882 514 2906 VRNIAN
525 2885 544 2903 V
555 2885 582 2908 S.
603 2886 633 2910 ὃ,
652 2886 705 2902 ssm-
733 2877 792 2903 Adl-
832 2877 880 2907 Vt,
897 2877 1028 2902 Furnllflffl
1047 2876 1124 2908 vasa,
1144 2884 1159 2902 a
1182 2876 1272 2901 Furnio
1289 2878 1327 2901 in·
1362 2894 1366 2898 -
1390 2883 1415 2904 et
1429 2877 1540 2903 sceleris.
1610 2877 1760 2904 Laflantius
1774 2881 1800 2910 6,
1816 2887 1844 2911 19
1864 2879 1955 2905 Furias
1968 2879 2130 2906 accommodat
2141 2879 2222 2905 tribus
2234 2884 2313 2907 animi
2326 2878 2437 2918 pertur-¹

289 2923 389 2943 ventore
397 2914 515 2951 fortaffis
527 2912 605 2939 dicia.
642 2912 708 2938 Plin.
722 2921 757 2944 33,
774 2921 805 2938 ιι.
850 2911 975 2938 Harduin.
991 2911 1133 2938 Firmiana.
1389 2912 1544 2945 bationibus,
1570 2915 1638 2943 irae,
1665 2914 1816 2948 cupiditati,
1838 2914 1946 2941 libidini.
2050 2913 2161 2947 Furiae,
2190 2916 2317 2942 Veteribus
2353 2920 2426 2946 scete-

328 2957 343 2976 12
353 2957 371 2975 V
383 2958 401 2977 R
412 2958 432 2976 Ν
441 2957 460 2976 V
471 2956 498 2980 S,
517 2950 535 2975 i.
555 2958 590 2974 m.
626 2948 772 2980 [κλίβανος,
787 2946 868 2981 ἰπνὸς]
904 2949 989 2978 Locus·⁷
997 2950 1023 2973 in
1037 2956 1081 2983 quo
1089 2949 1166 2982 pani!
1179 2946 1329 2982 dfe-oquitur,
1382 2947 1438 2982 siae
1450 2951 1537 2973 mentis
1550 2954 1670 2974 tormenta
1684 2956 1764 2975 erant.
1800 2949 1854 2976 Cic.
1869 2958 1917 2983 pro
1930 2949 2004 2974 Rofc.
2018 2948 2104 2976 Amer.
2114 2951 2148 2983 67
2162 2959 2183 2976 c.
2193 2959 2225 2984 24
2243 2939 2337 2979 Nolit’e
2353 2955 2425 2981 enim

289 2996 306 3013 a
319 2987 423 3017 Forno,
443 2985 471 3011 id
482 2983 515 3018 est
526 2984 616 3011 calido.
658 2983 715 3009 Vni.
730 2982 801 3009 Non.
816 2991 852 3014 12,
866 2991 892 3014 52
912 2986 979 3008 cuius
999 2984 1072 3009 verba
1093 2983 1178 3008 [lamus
1193 2985 1219 3007 in
1243 2988 1258 3008 F
1270 2989 1328 3008 OR-
1391 2990 1496 3018 putare,
1517 2983 1740 3017 quemadmodum
1764 2984 1791 3010 in
1810 2984 1907 3010 fabulis
1923 2984 2107 3017 saepenumero
2119 2985 2230 3018 videtis,
2250 2995 2304 3019 eos,
2318 2988 2365 3023 qui
2378 2989 2424 3017 ali-
2447 3009 2453 3017 .

293 3030 314 3050 N
323 3029 343 3048 A
355 3030 382 3048 Χ·
456 3021 544 3046 Fumo
565 3027 678 3053 <minere
710 3017 829 3044 Scribon-
844 3026 882 3049 39·
954 3018 1040 3044 Fumo
1056 3017 1128 3044 coc'ia
1147 3020 1190 3052 76-
1261 3017 1327 3043 Plin.
1349 3025 1382 3050 80
1391 3017 1455 3053 quid
1468 3018 1549 3052 impie
1564 3018 1737 3053 scelerateque
1749 3020 1944 3051 commiserint,
1964 3019 2057 3052 agitari
2077 3025 2102 3045 ct
2119 3022 2260 3054 perterreri
2282 3023 2423 3052 Furiarum

292 3066 351 3090 19‚1
369 3057 385 3083 s.
401 3065 413 3088 3
440 3056 560 3083 Cortices
580 3062 687 3089 quoque
705 3052 797 3080 decuffi
821 3053 900 3086 ligni,
918 3053 1028 3079 clibanis
1053 3059 1078 3080 et
1098 3053 1182 3079 furnis
1203 3053 1328 3087 praebent
1392 3053 1472 3081 taedis
1495 3053 1661 3083 ardentibus,
1679 3055 1723 3080 sua
1746 3064 1876 3090 quemque
1897 3054 1967 3081 fraus
1989 3059 2014 3079 et
2032 3055 2090 3080 suus
2105 3061 2193 3083 terror
2206 3058 2321 3085 maxime
2334 3053 2432 3088 vexati
2449 3052 2461 3070 ’Ἰ

290 3093 374 3118 vsum.
462 3091 543 3117 Plaut.
559 3091 614 3117 Cas.
637 3098 658 3121 2,
678 3096 701 3121 5,
722 3097 731 3115 1
769 3089 826 3114 Vna
848 3088 940 3122 edepol
960 3097 1039 3122 opera
1053 3089 1081 3115 in
1093 3089 1199 3115 furnum
1215 3088 1329 3114 calidum
1394 3091 1466 3117 stium
1479 3097 1610 3123 quemque
1622 3089 1701 3115 scelus
1714 3091 1808 3124 agitat,
1823 3090 1987 3123 amentiaque
2000 3087 2080 3116 afficit
2094 3101 2099 3116 t
2133 3092 2191 3118 suae
2206 3093 2288 3119 malae
2305 3091 2436 3129 cogitatu
2459 3083 2460 3090 ἵ

292 3127 410 3154 condito.
481 3127 581 3153 Furnos
594 3131 620 3152 et
634 3124 724 3151 balnea
738 3123 827 3150 laudat
847 3124 914 3149 Hor.
928 3123 1004 3157 Epist.
1021 3133 1041 3156 1,
1056 3133 1088 3155 11,
1103 3132 1135 3155 13.
1200 3124 1272 3159 Conf.
1288 3125 1330 3149 Iu·
1392 3133 1455 3151 ones
1467 3123 1691 3158 conscientiaeque
1703 3126 1786 3152 animi
1800 3131 1914 3157 terrent,
1934 3124 1982 3151 hae
1996 3125 2054 3151 sunt
2067 3125 2156 3160 impiis
2175 3127 2285 3155 alliduae
2304 3129 2424 3158 domesti-
2459 3119 2460 3125 η

291 3172 350 3189 ven.
364 3163 415 3189 Sat.
429 3168 456 3196 7,
470 3170 492 3193 3.
598 3160 697 3187 Mersus
708 3159 804 3191 furno,
823 3158 877 3185 vid.
907 3165 1033 3184 MERGO.
1105 3159 1223 3185 Retostus
1245 3159 1330 3186 furnis
1394 3169 1490 3195 cacque
1503 3160 1587 3186 furiae
1603 3169 1609 3184 :
1645 3169 1712 3194 quae
1725 3161 1780 3187 dies
1798 3160 1941 3193 nociesque
1958 3167 2092 3194 parentum
2116 3172 2211 3197 poenas
2234 3173 2248 3190 a
2269 3166 2424 3193 conscelera-

293 3199 358 3225 Plin.
374 3207 405 3229 13,
419 3206 446 3230 4.
553 3196 649 3223 Vritur
663 3195 690 3222 in
704 3195 800 3227 furno,
816 3193 898 3220 donec
912 3194 986 3228 panis
1004 3200 1179 3227 percoquatur
1217 3194 1289 3221 Idem
1302 3203 1329 3227 23
1347 3198 1375 3228 85
1394 3196 1493 3223 tillimis
1506 3194 1568 3221 filiis
1580 3200 1705 3229 repetant.
1766 3196 1839 3232 Conf.
1853 3196 1880 3222 in
1894 3195 1977 3221 Pison.
1991 3198 2027 3228 46
2038 3205 2059 3222 c.
2073 3206 2112 3223 20.
2216 3200 2295 3226 Furia
2308 3209 2336 3227 ac
2348 3202 2424 3236 pestis

292 3242 411 3269 prooem.
424 3237 488 3258 extr.
1394 3231 1509 3267 patriae,
1529 3236 1630 3256 vocatur
1643 3230 1741 3256 Clodius
1762 3231 1818 3258 Cic.
1833 3240 1881 3265 pro
1895 3231 1961 3256 Sext.
1976 3239 2009 3262 33.
2085 3253 2088 3256 .
2112 3233 2152 3259 Sic
2165 3236 2237 3260 etiam
2251 3235 2424 3270 Cic.QFrat,

333 3275 349 3295 Ρ
361 3275 408 3294 VR
419 3269 544 3294 NACEV
554 3271 607 3297 S‚a‚
615 3274 669 3291 um.
690 3265 749 3293 Adi.
769 3263 894 3298 [a'mmeis]
913 3265 1061 3290 Furnaceus
1092 3264 1331 3299 anis‚Qiinfurno
1396 3276 1418 3300 3,
1432 3272 1445 3297 8
1464 3267 1581 3293 Prhnum
1604 3264 1656 3297 est,
1677 3265 1708 3291 de
1732 3266 1821 3293 Clodii
1845 3265 1875 3292 ad
1899 3267 2033 3292 Caesarem
2055 3267 2158 3294 literis:
2194 3269 2221 3295 in
2240 3280 2294 3305 quo
2308 3273 2423 3301 Caesaris

296 3306 415 3340 coquitur.
453 3302 516 3328 Plin.
535 3307 569 3333 18,
582 3309 598 3333 9
619 3301 688 3327 Nam
703 3299 953 3339 furnaceispanibus
966 3300 1039 3326 binas
1051 3308 1065 3325 a
1086 3299 1180 3325 iiciunt
1193 3299 1282 3326 libras.
1396 3302 1531 3329 confilium
1546 3299 1644 3334 probo,
1660 3301 1733 3335 quod
1746 3301 1796 3328 tibi
1808 3301 1975 3328 amantissime
1990 3303 2088 3336 petenti
2101 3304 2203 3330 venian,
2216 3314 2270 3331 „on
2283 3306 2365 3340 dedit,
2384 3308 2424 3335 vti

332 3345 346 3364 F
357 3346 376 3364 V
387 3345 404 3364 R
414 3345 435 3364 N
447 3345 496 3364 AR
508 3344 514 3362 1
525 3344 546 3363 Α
564 3336 670 3371 absolute
691 3335 800 3367 dicitur,
815 3337 882 3369 Jrcut
903 3336 1076 3362 Coenacularia
1095 3340 1118 3359 et
1142 3335 1262 3369 Sagaria,
1283 3338 1330 3360 int.
1361 3369 1366 3370 .
1395 3338 1479 3364 Vllum
1491 3336 1521 3363 ad
1536 3336 1608 3362 illam
1622 3335 1719 3362 furiam
1735 3336 1844 3363 verbum
1859 3337 2020 3364 rescriberet,
2215 3339 2235 3377 q
2263 3350 2278 3367 2
2314 3343 2375 3370 gum
2390 3336 2437 3370 ἔμ’.
2460 3340 2461 3351 ³

297 3371 403 3406 officina,
416 3383 459 3399 ars
473 3380 518 3399 etc.
554 3371 707 3398 Furnariam
720 3379 850 3402 exercere,
857 3370 950 3397 dicitur
964 3372 1014 3406 Qss'
1029 3379 1058 3395 ex
1065 3369 1158 3405 furno,
1162 3373 1283 3404 pomaque
1293 3379 1330 3395 co·
1346 3383 1381 3407 90
1395 3376 1444 3399 iam
1459 3372 1552 3399 Furiae
1565 3371 1686 3398 honestae
1695 3391 1703 3403 ‚
1720 3373 1787 3406 quale
1801 3371 1862 3406 quid
1874 3372 1901 3397 dc
1921 3373 2021 3399 Furore
2035 3382 2061 3398 11.
2075 3382 2084 3403 3
2106 3373 2256 3409 obsto-uatum
2268 3375 2307 3405 eli.
2362 3379 2421 3406 Stat.
2460 3394 2461 3398 =

297 3407 369 3434 {iura
398 3406 519 3443 quaestum
542 3407 630 3443 facit,
650 3407 690 3433 υιἸ
719 3407 769 3440 ⁸(Qi
795 3405 891 3441 furnos
922 3407 987 3432 locat
1016 3403 1204 3432 conductoribus
1218 3415 1224 3429 :
1262 3405 1330 3430 Suet.
1395 3408 1458 3434 Silu,
1474 3417 1506 3439 4,
1520 3409 1552 3439 6,
1565 3411 1591 3438 83
1612 3407 1809 3439 Immeritasque
1821 3407 1911 3433 domo<
1925 3417 1952 3435 ac
1966 3409 2062 3443 templa
2076 3408 2181 3443 Sagunti
2213 3406 2323 3442 Polluit,
2337 3420 2363 3439 et
2376 3415 2422 3441 Ρο.

299 3443 388 3468 Vitell.
407 3453 428 3469 e.
444 3452 466 3470 2.
1396 3444 1464 3478 pulis
1476 3443 1556 3469 furias
1571 3441 1678 3468 immitit
1691 3441 1816 3468 honestas.
1865 3443 1905 3469 S1c
1925 3451 2012 3476 vocat,
2031 3445 2221 3479 Saguntinorum
2235 3450 2363 3482 impetum,
2378 3459 2422 3486 quo

337 3483 438 3503 FVRN
448 3483 581 3507 ARIVS,
602 3476 620 3502 i.
642 3485 678 3501 111.
715 3476 766 3536 §gu
773 3475 922 3511 furnariam
935 3481 1036 3502 exercet.
1072 3474 1173 3501 Paullus
1194 3474 1220 3499 in
1240 3474 1256 3500 l·
1270 3474 1330 3500 Flu·
1396 3480 1531 3504 maluerunt
1539 3480 1622 3512 perire
1640 3486 1692 3503 cum
1709 3479 1810 3503 ciuitate
1822 3478 1884 3514 sua,
1905 3488 1975 3513 quam
1996 3489 2011 3505 a
2036 3480 2151 3505 Romanis
2173 3480 2310 3516 distt'scere.
2383 3487 2423 3511 Ita

302 3511 404 3536 minum
425 3511 605 3547 §.Praeterea
628 3512 658 3537 D.
682 3510 714 3537 de
756 3519 825 3537 amn.
845 3510 935 3536 infeft.
957 3512 1091 3537 Praeterea
1104 3510 1121 3535 li
1136 3509 1208 3535 furni
1222 3510 1331 3536 nomine
1396 3514 1479 3540 Iustae
1497 3513 1570 3546 Virg.
1584 3513 1645 3538 Aen.
1660 3517 1684 3544 8,
1696 3510 1759 3544 494.
1861 3514 1964 3541 Tristes
1982 3514 2074 3540 Claud.
2088 3514 2119 3540 de
2133 3515 2206 3548 Rapt,
2217 3517 2351 3552 Proser-1³4
2369 3528 2414 3553 2¹9

302 3545 390 3571 damni
404 3546 494 3573 infecti
509 3548 589 3573 fucrit
609 3555 729 3578 cautum,
750 3545 844 3572 deinde
865 3546 979 3572 furnarii
1000 3546 1076 3580 culpa
1093 3545 1218 3572 damnum
1241 3545 1329 3572 datum
1347 3556 1379 3582 9⁵
1397 3549 1524 3575 Accensus
1537 3547 1627 3577 furiis,
1645 3546 1696 3572 md.
1721 3553 1875 3574 ACCENDO.
1991 3549 2069 3575 Acius
2083 3550 2155 3575 malis
2169 3551 2246 3578 furiis
2264 3554 2332 3580 Hon.
2342 3539 2422 3582 S’enn]

303 3580 401 3610 fuerit,
420 3588 465 3607 etc.
485 3581 578 3620 *Glosst
593 3583 650 3609 Vct.
664 3581 822 3613 Furnarius,
846 3580 1020 3614 καμινοκαιύςης
1032 3601 1039 3612 ,
1057 3579 1178 3607 ἰπνοποιός.
1396 3593 1422 3615 2,
1435 3593 1458 3616 3,
1471 3591 1518 3616 ¹35-
1620 3582 1737 3615 Agitatus
1753 3591 1826 3610 amor
1841 3584 1919 3611 furiis
1947 3584 2020 3619 Virg.
2035 3586 2098 3611 Aen.
2112 3594 2149 3617 10,
2163 3590 2217 3619 872.
2320 3590 2423 3622 Agin-‚ta

340 3621 356 3640 F
370 3621 390 3640 v
403 3621 418 3640 1³
431 3622 449 3640 0
459 3635 467 3646 ,
483 3624 513 3641 is.
534 3616 602 3654 yid.
627 3624 643 3643 F
654 3624 673 3641 v
684 3623 773 3649 non,
793 3616 857 3644 oris.
1398 3619 1499 3645 doloris
1511 3617 1589 3644 furiis
1615 3617 1695 3643 Ouid.
1709 3618 1769 3644 Met.
1785 3622 1811 3651 6,
1824 3628 1877 3652 595-
1906 3645 1908 3647 ,
1983 3620 2088 3654 Agitant
2106 3626 2131 3646 et
2149 3620 2308 3649 inseaanmr
2326 3625 2423 3659 impios

340 3657 357 3677 F
365 3657 386 3676 V
394 3657 412 3676 R
420 3656 439 3676 ο
448 3657 466 3675 R
476 3669 483 3680 ,
502 3653 551 3675 5rl.
587 3652 637 3677 uid.
660 3658 677 3677 F
688 3658 708 3676 v
718 3659 745 3678 R.
1396 3654 1482 3680 furiae
1493 3662 1546 3680 non
1558 3652 1708 3679 ardentibus
1720 3653 1816 3686 taedis,
1836 3654 1898 3681 ficut
1909 3652 1937 3681 in
1951 3654 2062 3688 fabulis,
2080 3654 2123 3681 sed
2135 3664 2231 3690 angore
2242 3660 2424 3692 conscientiae,

342 3691 359 3711 F
373 3691 394 3710 v
405 3691 424 3711 R
433 3691 451 3710 ο
460 3691 479 3710 R
488 3703 496 3713 ,
527 3684 595 3724 oris..
622 3694 658 3711 111.
693 3688 785 3722 [μανίᾳ
794 3707 803 3719 ,
821 3686 1000 3719 μελαγχολίαι)
1037 3685 1139 3720 Insania
1153 3696 1162 3714 ,·
1197 3695 1213 3712 α
1244 3686 1336 3719 Feror,
1396 3696 1421 3716 et
1435 3688 1535 3716 fraudis
1549 3687 1662 3714 cruciatu
1689 3689 1743 3715 Cic.
1758 3688 1790 3715 de
1804 3690 1893 3724 Legib.
1909 3698 1928 3721 1,
1941 3699 1977 3722 40
1991 3699 2011 3716 c.
2026 3699 2064 3722 ¹4·
2168 3692 2286 3726 Agimus
2299 3695 2431 3722 scelerum-

304 3720 369 3757 quod
386 3722 429 3755 qui
443 3719 534 3755 surore
553 3728 567 3744 o
584 3726 696 3759 uantur,
715 3721 760 3748 huc
778 3729 851 3757 atque
870 3722 929 3747 illuc
946 3728 1032 3747 temere
1039 3721 1161 3756 ι[εναηιιυ-
1175 3732 1180 3746 .-
1216 3729 1239 3747 ct
1251 3722 1279 3748 dc
1291 3722 1335 3748 illa
1342 3737 1389 3755 100
1397 3725 1475 3751 furiis
1494 3725 1566 3758 Virg.
1581 3723 1644 3748 Aen.
1658 3732 1680 3755 3,
1696 3732 1738 3755 ³3¹·
1793 3725 1920 3759 Concepit
1933 3725 2015 3752 furias
2034 3725 2107 3759 Virg.
2120 3725 2184 3753 Aen.
2198 3738 2225 3760 4,
2238 3736 2300 3762 474.
2354 3731 2422 3757 Con.

305 3755 438 3789 affflione
454 3755 542 3780 mentis
561 3756 667 3794 licitur,
683 3765 735 3781 cum
747 3758 792 3782 illa
804 3760 894 3792 impetu
903 3756 991 3792 fertur
1010 3763 1097 3783 contra
1114 3759 1242 3783 rationem.
1277 3758 1334 3784 Cic.
1399 3760 1484 3786 sistere
1502 3766 1609 3792 vsquam
1628 3759 1722 3792 impios
1734 3768 1787 3786 11011
1800 3761 1933 3794 patiuntur
1947 3760 2033 3786 furiae
2066 3760 2121 3786 cic.
2136 3770 2184 3795 pro
2199 3763 2272 3789 Rosc.
2287 3765 2374 3792 Amer.
2388 3766 2423 3792 66

306 3791 388 3817 Tusc.
409 3798 466 3830 32¹¹}
481 3798 501 3814 c.
516 3797 528 3828 5
549 3789 623 3813 Hanc
642 3790 783 3822 insaniam,
803 3801 870 3825 quae
888 3791 977 3818 iuncta
989 3791 1113 3818 stultitiae
1127 3797 1195 3826 patet
1204 3791 1300 3824 iatum,
1319 3801 1334 3819 a
1400 3804 1422 3820 c.
1433 3803 1477 3826 24.
1547 3793 1679 3827 Exagitari
1693 3795 1847 3822 verberibus
1862 3796 1989 3822 furiarum
2003 3804 2031 3821 ac
2043 3796 2124 3821 taedis
2139 3797 2290 3825 ardentibus
2315 3800 2422 3827 Sueuin

306 3826 398 3852 furore
412 3825 596 3859 disiungimUS.
665 3824 758 3851 Gracci
778 3826 871 3852 volunt
891 3827 932 3853 illi
945 3827 1051 3862 quidem
1060 3847 1067 3858 ‚
1086 3827 1128 3853 sed
1141 3836 1232 3862 parum
1244 3828 1332 3853 valent
1399 3829 1500 3856 Neron.
1512 3836 1534 3853 c.
1552 3837 1588 3859 34.
1682 3830 1785 3857 Incensa
1797 3831 1876 3857 furiis
1895 3831 1968 3863 Virg.
1981 3831 2044 3856 Aen.
2058 3839 2084 3862 4,
2100 3834 2154 3865 376.
2230 3833 2301 3860 Num
2317 3836 2369 3861 alio
2382 3844 2423 3870 ge-

305 3861 390 3888 verbo
400 3871 411 3900 ¹:
445 3869 523 3894 quem
543 3866 591 3885 nos
610 3857 745 3890 furorem,
764 3863 933 3892 μελαγχολίαν
946 3862 988 3888 illi
1000 3868 1102 3889 vocant.
1172 3862 1250 3896 Qafi
1268 3871 1340 3888 vero.
1396 3872 1458 3890 nere
1471 3862 1599 3889 furiarum
1614 3862 1799 3892 declamatores
1810 3863 1991 3901 inquietantur
2013 3866 2115 3892 Petron.
2128 3874 2169 3901 pr.
2241 3870 2329 3896 Ruunt
2343 3872 2370 3897 in
2384 3871 2422 3896 fu.

305 3903 362 3924 atra
379 3896 429 3923 bili
444 3896 528 3922 solum
541 3902 623 3925 mens,
638 3901 667 3920 ac
680 3902 735 3920 non
747 3895 820 3928 saepe
833 3896 875 3922 vel
886 3897 1021 3925 iracundia
1032 3897 1211 3933 grauiore,vel
1224 3898 1385 3934 timore,m5¹
1394 3899 1447 3926 rias
1458 3899 1599 3933 ignemque
1618 3900 1691 3935 Virg.
1707 3902 1803 3936 Georg.
1817 3910 1840 3934 3,
1853 3910 1889 3934 35.
1930 3900 2126 3937 Videturfigura
2138 3901 2180 3935 effe
2192 3902 2213 3929 ἓν
2227 3901 2265 3931 διαὶ
2279 3903 2334 3941 δύο,
2356 3903 2421 3940 quast

2355 3939 2420 3967 dicat
