2479 4225
209 116 247 142 n
627 89 664 128 D
767 84 800 125 E
1688 71 1725 109 D
1856 72 1890 113 E
2279 85 2316 112 12
2359 86 2366 87 ff

245 195 262 214 n
272 194 297 213 r.
317 184 402 218 [wi]
437 177 591 214 Praepofirio‚
603 176 718 202 Ablaeiuo
732 171 798 208 cafiaei
810 170 922 212 seruiens
930 177 937 191 ;
957 174 1017 206 quac
1029 163 1075 201 fi‘0
1086 163 1152 199 casui
1164 161 1228 203 fini-
1291 162 1324 202 de
1335 160 1513 196 superioribus
1527 168 1606 194 paene
1620 160 1704 186 solum
1718 158 1779 193 legi.
1793 195 1800 200 ⁶
1850 160 1934 187 Multa
1945 160 1977 187 dc
1992 159 2132 201 suis-rebus
2146 159 2317 199 exportabant

207 231 254 260 pf,-
262 209 439 256 psaffo-[ittam
456 221 478 240 cc
491 212 620 248 aliquanda
633 211 797 243 interponitur
814 212 879 231 inter
892 199 1069 232 Substantiuum
1082 206 1105 225 et
1116 194 1228 224 Aaffffl-
1292 199 1347 224 Cic.
1361 198 1448 224 Parad.
1464 205 1484 228 1,
1497 204 1521 222 2.
1577 195 1641 222 Non
1653 196 1709 229 plus
1721 194 1813 221 habuit
1826 195 1920 228 secum,
1930 205 2005 230 quam
2020 203 2127 229 triginta
2139 196 2170 222 de
2182 197 2233 222 suis
2248 196 2317 229 Nep.

213 268 269 283 „um
294 255 425 290 elegantiae
451 248 530 285 caup,
579 247 633 272 Cic.
647 244 677 271 ad
691 245 742 269 Att.
757 249 783 275 7,
817 260 824 265 .
861 257 867 263 .
905 236 975 261 Nam
992 235 1019 261 id
1039 234 1085 260 nisi
1096 232 1179 272 vgraui
1196 229 1228 257 de
1293 238 1317 264 8,
1330 241 1355 264 2,
1369 241 1388 258 i.
1403 236 1421 258 i.
1434 231 1544 267 suorum.
1614 231 1642 256 Si
1659 230 1728 257 inihi
1742 229 1916 268 seciindaefres
1930 231 1961 257 de
1974 240 2065 257 amore
2076 240 2136 257 meo
2149 233 2225 258 ess'ent
2249 230 2318 257 Ter.

214 279 286 318 {ausa
296 298 348 315 non
360 285 465 312 fecisset.
499 280 652 318 Significatio
674 282 723 304 eius
741 280 777 302 ita
787 276 835 301 late
849 277 935 306 patet,
952 277 981 297 vt
995 279 1041 296 non
1056 271 1100 302 nisi
1113 266 1231 308 perflas:
1294 268 1389 293 Heaut.
1402 275 1427 298 2,
1441 275 1466 298 2,
1481 275 1499 306 i³
1567 265 1606 291 De
1623 266 1716 292 eodem
1732 273 1843 299 genere,
1854 272 1903 301 pro
1921 265 2025 293 eiusdem
2036 269 2145 302 generisi
2166 267 2222 292 Cic.
2235 265 2317 292 Tusc.

207 328 247 363 svs
259 323 371 360 quasdam
385 321 503 355 explicari
510 317 592 352 psffit.
629 316 711 340 Primo
723 315 804 345 itaque
815 315 866 333 cum
879 307 960 332 verbis
971 303 1069 330 dicendi
1083 309 1106 329 et
1116 301 1230 341 audiendi
1252 309 1265 335 ς
1294 310 1322 334 4,
1338 310 1366 334 19
1403 301 1535 333 Afflictio,
1549 300 1709 335 desperatio,
1720 308 1744 327 et
1764 301 1780 327 si
1797 309 1849 335 qua
1866 301 1922 328 sinit
1940 301 1972 328 de
1989 309 2083 336 genere
2102 301 2202 327 eodem.
2249 300 2319 327 add.

215 349 328 387 officium
342 362 425 385 notat,
440 360 468 379 vt
480 361 494 378 a
508 347 546 377 vil
559 350 590 376 ab
598 347 742 384 stabicc'lum.
795 342 849 368 Cic.
860 350 911 380 pro
919 341 1022 366 cluent.
1035 340 1108 378 536¹
1126 335 1231 363 Auditis
1294 338 1360 363 Hor.
1376 337 1426 363 Sat.
1441 346 1459 367 i,
1473 345 1493 369 1,
1509 344 1542 367 13.
1736 334 1757 374 5
1777 341 1790 366 8
1827 336 1880 367 De,
1888 343 1935 370 pro
1948 343 2063 372 quantum
2070 339 2180 371 pertinet
2193 336 2239 363 ad:
2252 337 2320 362 Ter.

215 397 246 421 de
261 402 291 420 eo
315 393 343 417 in
362 398 439 424 quem
452 387 550 414 iudices
567 393 619 410 ¹10n
639 383 694 409 estis
728 394 771 401 .-
805 375 901 415 auditis
915 384 969 401 non
981 375 1013 400 ab
1033 381 1151 400 inimico.
1185 386 1229 391 -—
1295 373 1359 398 Hec.
1372 380 1394 403 3,
1407 380 1428 403 3,
1442 380 1467 404 31
1498 372 1569 398 Nam
1589 370 1621 396 de
1633 371 1797 405 reducenda,
1821 370 1849 396 id
1867 379 1931 396 vero
1948 372 2102 405 neutiquam
2121 371 2256 398 honestum
2272 371 2321 397 effe

215 430 258 456 Ill'i
271 413 410 454 miliebant
422 423 454 449 de
465 431 509 452 eo,
530 420 562 445 de
574 427 628 453 quo
648 416 728 444 iurati
743 415 878 439 sententias
895 412 965 437 ferre
978 409 1106 435 debebant
1123 422 1168 426 —-
1187 415 1230 432 au·
1294 407 1418 434 arbitror.
1489 407 1528 433 De
1547 406 1663 432 lanificio
1675 406 1807 433 neminem
1819 413 1909 432 metuo
1923 406 2091 435 Plaut.Merc.
2107 414 2131 439 3,
2144 414 2163 438 1,
2174 414 2215 433 22..
2251 406 2319 434 Add.

214 464 318 490 diebant
339 461 372 486 ab
387 455 584 486 accusatoribus.
653 452 722 478 Idem
735 449 786 473 Att.
801 453 824 480 ς,
841 455 874 472 20
913 447 949 472 Vt
968 444 1037 470 idem
1049 442 1081 469 ad
1094 451 1141 482 'me
1162 447 1232 468 certa
1294 442 1333 469 Id.
1347 442 1412 469 Rud.
1433 449 1462 475 4,
1475 449 1502 476 7,
1515 450 1539 468 2.
1575 442 1632 468 Cas.
1651 450 1674 473 2,
1692 443 1718 473 6,
1737 450 1775 467 20.
1809 441 1890 468 Trin.
1910 441 1976 475 prol.
1996 452 2021 469 v.
2043 444 2079 468 16.
2150 441 2190 468 De
2207 442 2322 473 familia,

214 500 245 525 de
261 505 285 524 te
300 502 324 523 et
338 505 351 522 a
369 501 395 521 te
408 494 510 520 referat.
564 490 595 515 Et
607 489 682 514 Verr.
695 493 707 516 3
722 492 744 509 c·
759 490 790 517 57
826 481 889 508 Non
905 480 957 507 hoc
973 488 1041 505 nunc
1060 485 1175 512 primum
1188 485 1232 516 au-
1248 486 1277 504 10
1296 477 1432 512 quomodo
1445 477 1565 511 placuisse
1576 476 1668 503 amicis
1681 476 1789 509 scribis,
1799 477 1925 503 faciemus
1938 476 1994 502 Cic.
2006 478 2075 504 Fam.
2091 485 2131 510 14,
2150 484 2170 503 i.
2205 477 2278 510 Qiid
2290 477 2322 502 de

215 535 253 560 dit
271 533 386 566 priuatus
405 528 435 554 de
454 526 496 562 (fi
513 523 650 560 tanquam)
670 517 795 549 inimico,
810 525 868 543 rcus
885 515 918 542 ab
938 515 1094 541 accusatore.
1165 512 1232 538 Plin.
1296 514 1322 539 P.
1338 512 1436 539 Clodio
1448 513 1508 543 fiat,
1521 512 1634 539 rescribe
1649 511 1722 537 Idem
1734 512 1787 537 Att.
1801 520 1826 543 2,
1838 520 1859 545 5.
1931 512 1969 537 De
1988 512 2071 539 tribus
2089 512 2180 546 legatis
2199 512 2237 538 Id.
2251 513 2323 538 Fam.

215 569 291 604 Epist.
311 576 339 601 4,
353 572 379 599 7,
391 572 408 599 7
447 560 544 588 Credas
561 567 615 585 non
628 556 658 582 de
676 562 757 588 puero
776 552 900 586 scriptum
917 550 1033 586 (solum)
1053 548 1095 575 sed
1108 557 1122 573 a
1142 555 1233 581 puero.
1296 557 1316 580 i,
1329 556 1354 575 2.
1374 548 1417 574 vbi
1429 548 1481 574 vid.
1495 548 1583 574 Graeu.
1597 553 1621 573 ct
1633 547 1731 573 canter.
1799 547 1839 573 De
1853 552 1976 582 argento,
1989 547 2118 573 somnium
2132 547 2200 573 Ter.
2213 546 2324 581 Adelph.

215 607 306 632 Horat.
322 602 407 627 Carni.
421 606 449 630 4,
462 604 487 631 7,
500 603 525 621 21
543 596 610 621 Cum
623 588 699 617 semel
713 587 855 618 occideris,
870 591 896 613 et
915 585 947 612 de
960 591 984 611 te
998 585 1013 610 s
1028 582 1131 624 lendida
1143 583 1232 624 Mino?
1296 592 1324 614 2,
1345 593 1369 616 1,
1390 592 1429 616 50.
1591 580 1612 619 ff
1624 582 1654 615 ‘35
1701 583 1741 608 De
1765 581 1887 608 imendum
1918 583 1968 609 Pro
1997 582 2038 609 vel
2059 583 2165 618 Propter
2190 581 2210 615 li
2230 582 2324 616 nificat.

213 638 313 667 fecerit
326 634 450 664 arbitria,
468 634 486 658 ,χ
522 627 671 656 ,mundarit
681 623 839 660 sententiam.
1033 628 1048 645 z
1083 619 1141 645 Cum
1158 627 1234 643 nomi·
1298 619 1392 646 Laetus
1416 618 1452 644 est
1471 617 1504 644 de
1528 617 1611 644 amica
1629 617 1696 644 Ter.
1715 616 1787 643 Adel.
1809 625 1834 649 2,
1853 625 1879 648 2,
1897 625 1938 650 43·
2026 616 2100 643 Idem
2116 592 2232 644 Eunus&-
2250 626 2279 650 3,
2299 626 2326 648 2,

214 675 283 701 „ihm
302 672 416 705 temporis
426 637 569 702 fignificat,
593 659 654 687 illud
672 665 764 694 tempus
782 657 887 683 nondum
898 656 973 691 plane
991 653 1114 689 effluxisse·
1167 653 1235 679 Ter.
1252 659 1277 684 15
1298 662 1317 685 4
1351 653 1452 688 Ecquid
1486 661 1534 679 nos
1559 660 1629 679 amas
1648 653 1688 678 De
1709 651 1816 679 fidicina
1848 652 1926 678 istac?
2010 651 2125 679 Prouide
2138 672 2146 685 ,
2165 661 2198 679 ne
2216 652 2282 688 quid
2300 653 2327 678 ei

214 709 286 736 Adel.
305 714 327 739 5,
341 714 362 737 3,
377 711 404 737 55·
442 703 577 728 Caeterum
593 704 637 723 rus
655 703 709 721 cras
728 702 787 720 cum
803 692 861 719 filio
881 691 963 725 (ibo)
983 690 1070 725 primo
1092 689 1160 715 lucu.
1198 694 1235 714 M.
1299 688 1377 720 defit,
1388 689 1420 715 de
1434 697 1485 723 qua
1496 697 1538 714 ine
1556 688 1603 714 scis
1620 688 1798 714 miserrimum
1810 687 1859 713 else
1876 688 1934 714 Cic.
1956 689 2010 714 Att.
2032 696 2071 719 io,
2087 696 2099 719 3
2120 694 2183 715 exer.
2253 687 2327 714 Idem

214 747 298 772 Immo
317 742 349 767 de
368 738 445 765 nocie
463 735 558 763 censeo.
629 731 669 756 De
681 729 759 756 noete
772 727 804 754 ad
816 726 976 754 occasionem
990 733 1068 751 aurae
1080 723 1184 750 euectus
1198 722 1234 749 est
1300 725 1377 751 Verr.
1397 733 1418 756 3,
1441 726 1476 758 76
1506 723 1597 750 Flebat
1613 728 1724 758 vterque
1747 731 1801 749 non
1827 721 1859 748 de
1889 724 1937 749 suo
1965 723 2110 757 supplicio,
2127 722 2170 749 scd
2200 730 2272 758 pater
2295 722 2328 748 de

213 781 279 806 Suet.
296 778 360 809 Aug.
373 784 393 800 c.
406 780 448 806 97.
516 768 552 794 Vt
571 766 691 801 iugulent
709 763 844 794 homines,
858 762 967 796 surgunt
985 760 1016 786 de
1030 759 1107 786 noae
1121 760 1235 786 latrones
1300 758 1350 786 filii
1362 763 1463 790 morte,
1483 758 1515 785 de
1529 759 1609 793 patris
1621 757 1701 785 filius.
1772 757 1887 791 Regulus
1899 757 1931 783 de
1943 759 2052 792 captiuis
2065 759 2254 785 commutandis
2269 758 2329 785 mis-

212 816 277 841 Hor,
293 811 368 846 Epist,
381 818 400 839 ι,
412 815 436 836 2,
450 813 488 836 32.
559 803 597 828 De
610 800 688 827 nefie
701 799 783 826 multa
795 797 928 824 exsurrexi
942 796 1023 823 Plaut.
1038 794 1106 821 Rud.
1120 805 1148 829 4,
1160 803 1186 826 2,
1200 802 1236 820 10.
1300 795 1340 820 sus
1354 794 1390 821 cst
1403 794 1459 821 Cic.
1475 794 1527 820 Off.
1544 803 1553 820 1
1573 804 1593 820 c.
1608 802 1641 826 13.
1713 794 1752 820 De
1769 801 1831 828 pace
1850 793 1930 827 legati
1948 800 2073 820 venerant
2091 794 2162 820 Caes.
2177 793 2205 820 Β.
2220 795 2251 820 G.
2265 802 2288 826 2,
2302 795 2328 820 6.

213 857 236 876 ρ,
254 858 280 881 4,
298 856 316 877 1,
328 853 352 878 7.
421 841 460 866 De
480 837 567 865 media
584 836 662 863 nocie
681 835 767 862 miffus
786 833 929 868 equitatuS,
948 830 1116 857 nouissimum
1141 838 1236 864 agmen
1248 839 1283 857 20
1301 830 1384 864 Rapto
1396 830 1428 856 de
1445 830 1526 855 fratre
1539 829 1651 856 dolentis
1668 830 1734 856 Hor.
1749 828 1826 864 Epist.
1842 836 1862 859 1,
1880 837 1919 861 14,
1931 836 1956 863 7.
2026 829 2073 855 Sed
2086 829 2165 856 terris
2182 829 2284 855 domini
2297 828 2329 854 de

211 881 376 915 consequitur
395 875 466 903 caes.
481 875 509 901 B.
524 875 555 900 G.
572 880 598 907 7,
611 877 648 901 88.
663 874 681 898 i.
694 870 779 906 paullo
790 867 847 905 pqsl
864 867 966 893 mediam
983 865 1092 897 nocicm,
1109 872 1139 891 vt
1159 868 1236 891 inter·
1298 873 1374 891 cruce
1386 865 1504 891 tristibus
1524 865 1644 891 Prudent.
1659 866 1757 896 Hymn.
1772 872 1795 897 5,
1810 872 1855 896 131.
2029 862 2049 901 ff
2071 873 2099 890 10
2136 865 2236 891 Formae
2252 865 2332 890 aliae.-

208 923 320 955 pretatur
340 913 402 942 hanc
416 911 552 946 formulam
570 906 705 934 Censorii-i.
722 914 770 938 24,
789 908 830 941 qui
850 910 873 929 et
890 902 922 928 de
939 900 1053 928 meridie
1069 901 1146 941 codem
1166 899 1235 926 modo
1300 901 1339 927 De
1357 910 1419 934 pace
1437 900 1543 927 mittere
1562 900 1660 934 legatos
1684 901 1756 926 Caes.
1772 900 1801 926 B.
1814 900 1845 925 G.
1865 907 1879 931 3
1892 905 1916 925 et
1929 908 1956 933 4.
1997 898 2071 925 Idem
2090 907 2103 932 ς
2128 900 2169 926 De
2187 898 2332 925 deditione.

210 954 323 988 explicat.
391 947 447 973 Cic·
460 954 508 979 pro
522 945 646 970 Muraena
659 949 692 968 2²
715 940 817 975 Vigflsss
829 945 857 966 (Η
871 937 902 964 de
914 937 1008 969 11Οᾶ6,
1020 942 1049 976 Yt
1058 941 1114 976 ,2⁰¹5
1127 935 1236 962 Consul·
1300 936 1357 963 Cic.
1372 937 1400 962 in
1414 936 1494 962 Bruto
1507 937 1535 961 16
1561 936 1600 962 De
1618 935 1786 962 Rhodiorum
1806 934 1938 969 praemiis.
2010 935 2050 960 De
2061 935 2162 961 summo
2175 935 2234 961 loco
2247 933 2333 961 adole-

209 986 312 1014 toribus
329 981 483 1018 respondeas
501 979 532 1006 ad
546 980 596 1012 Qi.
611 979 679 1004 Frat.
691 985 717 1008 2,
733 984 771 1008 14.
840 975 878 1000 De
897 972 974 999 noe'te
993 971 1138 1006 euigilabat
1165 971 1235 997 Suet.
1300 972 1371 997 scens
1389 971 1470 998 Plaut.
1490 971 1578 997 Aulul.
1591 970 1659 1005 prol.
1673 979 1715 1004 29.
1784 971 1823 997 De
1843 970 1945 997 summo
1963 969 2039 1002 loco,
2058 971 2212 1005 summoque
2237 978 2333 1005 genere

210 1024 284 1057 Vesp.
295 1031 316 1047 c.
325 1028 345 1046 2.
388 1019 426 1044 De
438 1016 524 1043 mense
538 1012 679 1040 Decembri
697 1011 820 1045 nauigare
837 1009 892 1035 Cic.
906 1007 937 1034 ad
953 1009 1004 1042 Qi.
1018 1008 1060 1034 Fr.
1073 1016 1099 1039 2,
1112 1015 1131 1033 1.
1196 1007 1235 1032 De
1247 1008 1279 1035 25
1301 1006 1372 1033 filius
1385 1006 1456 1033 Idem
1464 1007 1572 1041 Capt.2‚
1587 1015 1612 1038 2,
1625 1014 1668 1038 29.
1741 1007 1779 1032 De
1798 1006 1901 1032 summo
1913 1005 1973 1030 loco
1986 1005 2067 1031 Diues
2083 1004 2121 1031 Id.
2136 1006 2212 1032 Poen.
2229 1014 2251 1038 3,
2264 1014 2284 1037 1,
2299 1006 2333 1037 13.

209 1058 285 1086 tertia
305 1054 396 1089 vigilia
414 1050 544 1087 profeftus
568 1049 638 1075 Caes.
658 1048 685 1073 B.
700 1047 730 1072 G.
751 1055 771 1078 i,
785 1054 821 1077 12,
834 1054 856 1070 2.
880 1079 886 1084 -
927 1043 1008 1070 Plaut.
1029 1042 1098 1069 Assn.
1115 1050 1144 1074 4,
1162 1050 1186 1072 2,
1206 1043 1235 1067 16
1300 1043 1340 1068 De
1359 1042 1455 1076 scripto
1473 1042 1577 1074 dicere,
1598 1041 1630 1068 Id
1647 1038 1680 1073 est
1697 1041 1795 1078 legendo
1815 1041 1871 1067 Cic.
1886 1040 1917 1066 de
1931 1040 2000 1066 Clar.
2015 1041 2088 1067 Orat.
2101 1042 2136 1073 46
2154 1049 2174 1067 c.
2190 1050 2225 1067 12.
2260 1040 2335 1068 Idem

210 1093 250 1121 Ad
265 1092 375 1119 amicam
394 1088 426 1114 de
438 1086 480 1113 die
501 1086 577 1111 Hunc
597 1083 723 1118 potitare,
737 1081 809 1107 illam
829 1079 953 1114 expilare.
1025 1079 1064 1104 De
1081 1077 1172 1104 medio
1191 1085 1236 1110 po·
1299 1077 1413 1111 Philipp.
1426 1086 1462 1109 ιο,
1478 1084 1492 1109 5
1513 1086 1534 1103 c.
1547 1086 1561 1103 2
1593 1078 1632 1103 Ita
1645 1076 1716 1103 enim
1729 1076 1835 1108 dixisti,
1852 1082 1878 1102 et
1891 1075 1997 1110 quidem
2010 1075 2042 1102 de
2055 1076 2151 1110 scripto
2168 1079 2246 1107 (nam
2257 1081 2282 1102 te
2295 1076 2336 1102 in-

209 1136 264 1155 tare
283 1126 325 1153 die
339 1126 431 1151 Horat.
446 1123 525 1148 Serm.
541 1128 560 1151 ¹,
574 1124 597 1150 8,
610 1127 622 1150 3
633 1116 723 1151 statim
742 1126 756 1142 a
770 1115 887 1147 meridie,
901 1120 941 1154 vt·
950 1113 1018 1140 modo
1035 1112 1152 1153 vidimus.
1195 1113 1238 1139 sic
1302 1113 1365 1147 opia
1383 1111 1461 1140 verbi
1474 1112 1574 1146 lapsum
1590 1118 1708 1147 putarem
1717 1131 1725 1144 ,
1745 1111 1793 1138 nifi
1807 1117 1880 1138 tuam
1893 1112 1923 1137 in
1934 1110 2046 1137 dicendo
2059 1111 2207 1137 facultatem
2219 1112 2315 1137 noss'em
2324 1114 2338 1142 )

209 1164 290 1191 Plaut.
303 1160 378 1188 Most.
394 1167 416 1191 3,
428 1166 453 1189 2,
465 1162 477 1186 8
496 1156 559 1183 Non
571 1154 655 1180 bonus
671 1152 707 1178 est
719 1153 824 1178 somnus
838 1149 943 1177 homini
955 1149 987 1175 de
1001 1148 1122 1184 prandio.
1167 1147 1236 1173 Suet.
1298 1148 1389 1175 literas
1403 1148 1478 1174 Bruti
1496 1147 1566 1174 reae
1580 1154 1605 1175 et
1623 1147 1718 1174 ordine
1735 1147 1842 1181 scriptas
1855 1146 1950 1173 videri.
2023 1148 2062 1173 De
2081 1152 2197 1173 caetero:
2222 1146 2288 1172 Ptin.
2303 1154 2337 1178 11,

210 1200 288 1227 Dom.
301 1205 325 1223 21
345 1193 458 1221 Lauabat
472 1191 502 1217 de
523 1189 566 1216 die
580 1187 774 1223 prandebatque
787 1186 818 1213 ad
833 1186 990 1212 satietatem:
1011 1190 1093 1219 nempe
1111 1184 1176 1210 alias
1187 1182 1237 1209 bal·
1248 1187 1280 1212 30
1301 1186 1336 1210 26
1374 1184 1413 1210 De
1431 1189 1550 1215 caetero,
1567 1183 1596 1210 in
1614 1190 1706 1209 ventre
1724 1182 1792 1209 nihil
1811 1183 1856 1208 cst.
1897 1183 1937 1209 De
1955 1187 2074 1214 caetero,
2095 1189 2144 1217 pro
2163 1185 2189 1207 in
2203 1180 2336 1217 pfflerum.

208 1242 306 1262 marum
324 1236 415 1265 tempus
432 1227 517 1262 versus
535 1225 659 1260 vesperam
677 1223 740 1262 hora·
749 1221 852 1261 ot‘laua,
864 1222 904 1248 vel
917 1229 995 1247 nona.
1030 1221 1098 1259 {Quin
1110 1224 1169 1245 ante
1182 1227 1238 1244 tne-
1301 1219 1359 1245 Sen.
1373 1218 1405 1245 de
1416 1220 1458 1245 Ira
1470 1227 1493 1250 3,
1529 1237 1536 1244 .
1574 1238 1581 1245 .
1616 1219 1655 1245 De
1667 1224 1769 1245 caetero
1778 1238 1786 1250 ,
1803 1217 1864 1244 vide
1877 1227 1931 1244 non
1945 1223 2047 1244 tantuin
2058 1226 2091 1243 an
2103 1226 2195 1244 verum
2210 1217 2249 1249 fit,
2262 1215 2337 1252 quod

209 1269 282 1296 dium
303 1266 373 1292 diem
387 1263 525 1290 distentum
544 1267 624 1286 coena
642 1258 758 1285 solitaria
773 1257 957 1297 Domitianum
973 1255 1071 1282 Plinius
1084 1252 1238 1290 perstringit
1301 1254 1382 1280 dicis:
1399 1253 1442 1280 sed
1461 1262 1493 1280 an
1505 1253 1561 1286 ille,
1580 1254 1623 1280 cui
1636 1252 1749 1286 dicitur,
1766 1254 1836 1280 ferre
1848 1253 1928 1287 poffit.
1997 1254 2038 1280 Sic
2055 1252 2135 1279 Paull.
2149 1253 2178 1279 in
2192 1253 2209 1278 l.
2221 1261 2254 1278 ne
2268 1251 2339 1287 quis.

207 1306 298 1337 Paneg.
312 1300 390 1327 Trai.
404 1307 448 1331 49.
483 1295 530 1324 Sed
540 1296 584 1322 hoc
596 1304 644 1320 non
655 1300 719 1329 puto
733 1292 775 1326 qffe
789 1291 820 1318 dc
833 1291 884 1321 die,
907 1293 1042 1318 Luxuriam
1050 1290 1172 1326 sodalium
1179 1295 1236 1324 per·
1302 1291 1335 1316 D.
1349 1289 1381 1316 de
1392 1288 1508 1316 custodia
1520 1294 1545 1315 et
1558 1289 1669 1316 exhibit.
1682 1298 1750 1316 reor.
1786 1289 1857 1315 Nam
1876 1298 1960 1323 quum
1979 1288 2083 1315 scierint
2096 1288 2144 1314 fibi
2163 1296 2268 1323 quoque
2281 1296 2340 1313 rno-

199 1338 330 1401 gra...
349 1324 1281 1400 {tissi„5152532-”2325233512suffisissssssizssiffffi·2.
1301 1325 1392 1388 ὲῑῑῑὲὲῑ
1403 1323 1864 1387 {2‘22312.‡;¹}s.st.22“¹¹¹¹’3533&
1876 1325 2010 1386 {stram
2024 1323 2141 1385 rw
2234 1322 2339 1384 *affec

232 1383 283 1400 ur.
871 1383 880 1396 2
1230 1379 1236 1385 ·
1670 1378 1676 1386 ·
1952 1367 2231 1385 rmaiuamae·e
2285 1367 2337 1384 au.

211 1409 270 1436 νηί,
289 1379 359 1442 {ff
369 1405 403 1431 ad
418 1403 508 1430 Tacit.
523 1402 642 1434 Α1111.14,
656 1408 669 1426 2
680 1400 707 1435 s.
721 1399 830 1439 Excuific
848 1400 882 1425 A.
900 1398 929 1424 de
946 1396 1127 1436 Tempestiuis
1146 1394 1237 1421 conui-
1303 1397 1378 1434 Capt.
1391 1404 1414 1427 3,
1429 1404 1450 1428 1,
1464 1404 1501 1428 14.
1574 1396 1614 1424 De
1632 1394 1736 1422 exuuiis
1755 1369 1994 1429 traherepaliqucm
2019 1368 2086 1421 Pliii.
2100 1403 2125 1429 7,
2144 1368 2189 1427 4}-
2202 1369 2233 1420 ¹i.
2253 1400 2342 1429 appre-

207 1444 266 1471 viis.
303 1443 342 1469 sic
349 1440 451 1476 pulchre
459 1436 616 1476 emendat-'unt
629 1438 681 1461 viri
694 1433 762 1460 docti
770 1435 830 1473 Liu.
845 1440 886 1466 25,
898 1441 928 1466 23
965 1433 1028 1467 Qio
1043 1431 1074 1457 de
1089 1431 1132 1457 die
1151 1431 1239 1465 epula·
1303 1431 1383 1465 hanir
1396 1433 1500 1457 exuuiis.
1571 1431 1652 1457 Plaut.
1670 1430 1738 1457 Asin.
1753 1438 1779 1462 2,
1792 1439 1816 1462 2,
1828 1439 1866 1464 44
1885 1430 2006 1456 Tantum
2027 1430 2097 1456 adest
2108 1430 2172 1457 boni
2190 1429 2222 1456 de
2240 1429 2342 1464 impro-

205 1480 242 1507 tis
255 1480 307 1504 iam
321 1476 380 1503 vini
399 1474 474 1501 satias
491 1477 703 1509 principiumque
716 1470 802 1494 somni
816 1469 883 1496 effet.
938 1469 969 1507 ξε
983 1476 1023 1499 23,
1036 1472 1056 1506 8¹
1081 1467 1238 1506 'Coeperunt
1304 1466 1372 1493 viso.
1443 1466 1500 1492 Cic.
1515 1474 1564 1500 pro
1577 1467 1653 1492 Rosc.
1669 1467 1757 1492 Amet.
1771 1473 1806 1498 151
1840 1466 1870 1492 In
1884 1475 1966 1500 quos,
1979 1465 1997 1492 ss
2012 1466 2059 1499 qui
2079 1474 2111 1491 ex
2128 1465 2183 1492 acie
2204 1465 2343 1499 fugerunt,

210 1513 311 1549 epulari
331 1510 362 1537 dc
381 1509 432 1535 die.
503 1507 558 1533 Cic.
572 1505 684 1539 Philipp.
700 1512 724 1534 2,
738 1509 769 1537 87
789 1512 811 1529 c.
824 1511 857 1543 34
893 1504 1002 1542 Iamiam
1021 1501 1240 1527 minimesmiroi·
1305 1502 1337 1528 de
1356 1501 1503 1535 improuiso
1523 1501 1649 1528 incidant.
1673 1503 1735 1528 Item
1754 1501 1836 1528 Tusc.
1856 1510 1882 1534 4,
1895 1504 1938 1536 67.
2009 1501 2048 1529 De
2066 1501 2215 1535 improuiso
2235 1499 2344 1534 nuptiae

209 1556 235 1578 te
248 1549 332 1575 otium
345 1543 513 1581 perturbare,
532 1550 585 1567 ¹¹0st
597 1540 677 1566 modo
690 1538 784 1565 Vrbem
796 1537 891 1568 odiss‘e,
910 1536 953 1564 sed
967 1542 1048 1564 etlam
1063 1537 1165 1567 lucem,
1179 1544 1282 1568 c1¹¹1140
1304 1537 1374 1563 Ter·
1385 1535 1459 1562 Adel·
1474 1544 1499 1567 2,
1512 1544 1538 1568 z,
1550 1544 1587 1568 23.
1638 1537 1737 1563 Venire
1749 1537 1821 1563 Caes.
1839 1537 1866 1562 B.
1881 1537 1912 1562 G.
1928 1545 1954 1569 2,
1965 1546 1986 1568 3.
2057 1537 2137 1563 Plaut.
2150 1535 2219 1562 Asin.
2234 1544 2255 1567 i,
2269 1544 2292 1567 3,
2307 1536 2344 1561 60

211 1581 385 1620 perditissimis
404 1577 550 1606 latronibus
567 1585 621 1602 non
633 1575 717 1601 solum
730 1573 761 1600 de
781 1574 840 1606 die,
852 1572 895 1599 sed
909 1573 990 1599 etiam
1004 1572 1033 1598 in
1052 1571 1123 1597 diem
1138 1571 1238 1597 viuere.
1305 1571 1386 1604 Qiod
1404 1570 1528 1596 nolebam
1545 1579 1574 1596 ac
1591 1577 1744 1602 vetueram,
1762 1571 1793 1596 de
1813 1571 1947 1598 industria.
1985 1572 2024 1598 De
2042 1571 2169 1598 industria
2182 1569 2343 1603 fugiebatis.

211 1623 249 1649 De
263 1619 306 1645 die
316 1618 407 1645 viuere
420 1613 452 1647 est
465 1619 520 1640 ante
532 1618 624 1646 tempus
636 1610 731 1646 sobriis
742 1609 877 1645 consuetum
890 1609 993 1643 epulari.
1048 1608 1116 1634 Ter.
1129 1606 1203 1632 Adel.
1218 1613 1241 1639 5,
1306 1608 1363 1633 Cic.
1376 1605 1408 1632 de
1424 1606 1481 1631 Fin.
1496 1613 1519 1637 2,
1532 1613 1559 1637 33
1580 1605 1607 1631 Si
1620 1611 1666 1631 aut
1680 1605 1711 1630 de
1725 1605 1853 1631 industria
1866 1607 1954 1638 facias,
1967 1612 2003 1637 vr,
2018 1613 2063 1633 etc.
2098 1606 2137 1632 ld.
2151 1606 2183 1632 de
2196 1605 2248 1633 Off.
2263 1613 2273 1630 1
2288 1612 2343 1638 c.7.

210 1665 237 1690 9,
252 1661 265 1685 g
288 1669 332 1674 —-
351 1660 410 1678 cuin
431 1648 482 1676 fide
501 1648 620 1674 Scortum
642 1645 784 1676 adducere,
803 1652 926 1679 apparare
949 1642 980 1669 de
1008 1641 1053 1669 die
1073 1642 1241 1673 conuiuium,
1305 1641 1375 1668 Ter.
1386 1641 1483 1667 Heaut.
1499 1650 1527 1673 4,
1540 1648 1566 1671 2,
1581 1648 1598 1674 7
1617 1640 1697 1667 Ratio
1716 1639 1748 1666 de
1766 1640 1871 1674 integro
1885 1640 2000 1667 incunda
2018 1641 2054 1666 est
2071 1640 2157 1672 milii,
2170 1646 2199 1666 vt
2217 1640 2248 1665 de
2261 1647 2346 1665 nouo.

210 1692 274 1720 Non
288 1686 427 1716 mediocris
443 1683 560 1711 hominis
579 1682 640 1708 haec
663 1681 720 1707 sunt
733 1678 835 1712 officia,
854 1682 872 1705 i.
891 1685 1000 1711 mature,
1013 1685 1043 1704 vt
1059 1687 1114 1704 mox
1125 1679 1242 1712 incipiat,
1305 1674 1507 1705 Idem-''Phorm-
1521 1683 1542 1707 1,
1554 1683 1578 1706 3,
1591 1683 1632 1702 22.
1669 1674 1727 1701 Sall.
1747 1675 1802 1709 Iug.
1823 1684 1844 1700 c.
1858 1677 1892 1701 62
1906 1681 1970 1702 extr.
2006 1676 2062 1702 Sen.
2082 1676 2126 1709 Ep.
2141 1684 2179 1701 10.
2250 1675 2290 1700 De
2305 1673 2347 1700 in-

210 1726 252 1752 diu
265 1725 344 1750 duret.
380 1721 427 1749 Sed
443 1720 523 1746 Plaut.
543 1717 612 1744 Asin.
626 1725 649 1749 3,
663 1724 719 1748 1,13
750 1716 818 1749 Ergo
837 1724 888 1741 vna
907 1713 1038 1741 orationis
1058 1722 1116 1748 pars
1136 1712 1168 1737 de
1187 1711 1283 1746 die,45
1306 1717 1382 1746 tegro
1394 1710 1510 1736 incidere
1531 1710 1558 1735 in
1576 1709 1701 1736 morbum
1722 1709 1777 1736 Cic.
1792 1710 1863 1736 Fam.
1884 1719 1919 1742 12,
1933 1718 1973 1743 29.
2042 1710 2117 1737 idem
2129 1709 2160 1736 de
2173 1709 2265 1737 Diuin.
2279 1718 2299 1740 1,
2313 1717 2346 1740 3ο

209 1764 228 1787 i.
248 1760 312 1791 diei,
332 1757 439 1784 dabitur
450 1754 526 1780 mihi.
561 1754 622 1780 Alia
641 1754 714 1778 etiam
733 1752 845 1782 ratione,
863 1750 940 1776 Diem
953 1749 985 1775 de
1003 1748 1047 1775 die
1060 1746 1242 1783 prospeciabat
1306 1746 1481 1781 Indidemque
1499 1745 1589 1772 eadem
1604 1753 1671 1779 quae
1684 1745 1823 1776 oriuntur,
1843 1744 1875 1770 de
1888 1745 1993 1780 integro
2006 1750 2085 1780 atque
2106 1744 2199 1772 eodem
2213 1743 2346 1771 occidunt.

208 1796 269 1824 Liu.
282 1802 305 1826 5,
319 1797 360 1826 48.
378 1794 396 1818 i.
408 1789 495 1826 P‘fis
509 1798 547 1814 ex.
583 1789 667 1822 Neque·
683 1786 731 1813 huc
745 1789 857 1821 pertinet
870 1786 962 1811 Horat.
982 1783 1065 1819 Epod.
1086 1792 1121 1815 13,
1141 1790 1154 1815 5
1193 1783 1242 1808 Ra·
1308 1784 1348 1809 De
1363 1782 1466 1816 integro
1479 1789 1566 1807 creare
1581 1781 1706 1808 Censores
1731 1780 1787 1806 Cic.
1803 1781 1880 1807 Verr.
1892 1789 1917 1812 2,
1955 1801 1961 1808 .
1999 1800 2006 1807 .
2060 1781 2100 1806 De
2113 1780 2218 1814 integro
2230 1778 2347 1805 scribere

209 1831 311 1866 piainus
330 1826 490 1854 occafionem
516 1822 548 1849 de
566 1822 625 1854 die,
649 1830 695 1857 quo
718 1824 835 1847 nimirum
859 1820 968 1848 horrida
986 1818 1122 1854 tempestas
1140 1818 1243 1844 caelum
1307 1818 1381 1845 Idem
1395 1818 1447 1844 Att.
1469 1824 1503 1848 13,
1518 1823 1552 1849 27
1564 1822 1587 1841 et
1601 1824 1647 1849 49.
1717 1816 1758 1842 De
1774 1815 1840 1842 latus
1860 1817 1900 1842 vel
1913 1815 2031 1842 Delatus
2049 1816 2090 1848 sc,
2105 1817 2123 1841 i.
2147 1817 2219 1840 iuxta
2229 1813 2273 1849 se,
2289 1813 2349 1840 bar-

210 1864 356 1895 contraxit,
376 1867 404 1887 vt
421 1860 486 1886 nihil
503 1859 606 1884 alterius
618 1859 699 1891 opert}
709 1855 799 1894 facere
810 1857 900 1888 liceat,
914 1865 985 1892 quam
993 1861 1090 1890 potare.
1127 1855 1186 1879 Non
1201 1862 1243 1879 au-
1306 1854 1409 1884 barum,
1429 1852 1475 1887 sed
1497 1850 1648 1877 vehementer
1671 1849 1788 1884 vfitatum
1811 1851 1967 1877 Innocentio
1985 1851 2085 1885 Agrim.
2106 1850 2138 1875 do
2156 1849 2217 1876 casis
2234 1848 2349 1876 literatis

211 1900 313 1928 diendur
329 1906 386 1934 ergo
407 1893 570 1928 Porphyrio‚
593 1895 636 1927 qui
656 1890 687 1917 de
704 1891 748 1917 die
771 1893 952 1924 interpretatur
969 1891 1057 1924 primo
1075 1897 1159 1915 mane.
1197 1887 1244 1915 Sed
1254 1895 1287 1921 50
1308 1897 1334 1914 v.
1349 1897 1375 1923 g.
1396 1896 1420 1920 p.
1434 1894 1493 1912 222.
1509 1893 1569 1920 227.
1582 1894 1623 1918 232
1639 1885 1706 1921 Goesl
1750 1885 1816 1912 Plin.
1835 1886 1865 1911 in
1877 1887 1969 1920 Paneg.
1981 1894 2005 1919 ς,
2017 1894 2030 1918 3
2066 1884 2141 1912 Tibi
2153 1884 2301 1912 ascendenti
2315 1883 2350 1910 do

211 1933 346 1964 audiendus
360 1932 432 1968 forte
445 1931 578 1959 Donatus,
592 1930 635 1962 qui
654 1925 777 1952 laudatum
795 1925 864 1951 modo
886 1926 963 1952 Iocum
983 1925 1050 1952 Ter.
1065 1924 1137 1950 Adel.
1152 1931 1174 1956 5,
1188 1931 1214 1955 9,
1229 1927 1243 1952 8
1308 1931 1384 1949 more
1397 1921 1568 1956 Capitolium.
1624 1921 1701 1955 Virg.
1716 1921 1780 1947 Aen.
1793 1928 1818 1955 7,
1833 1928 1878 1956 357
1899 1922 1986 1948 Solito
1998 1926 2113 1947 matrum
2125 1919 2157 1946 de
2171 1929 2247 1947 more
2258 1920 2351 1946 locuta

205 1971 245 2008 fic
264 1971 390 2000 declarat,
408 1965 439 1992 de
460 1963 518 1996 die,
534 1963 551 1989 i.
566 1971 595 1989 re
614 1967 688 1992 ente,
710 1968 796 1994 neque
815 1966 873 1986 ante
892 1959 1072 1995 praedictum,
1089 1968 1137 1986 nec
1156 1958 1243 1993 pridie
1308 1958 1353 1985 est.
1390 1957 1458 1985 Add.
1479 1957 1548 1983 Suet.
1563 1956 1646 1983 Galba
1665 1965 1686 1982 c.
1701 1961 1736 1985 18.
1749 1962 1773 1982 et
1790 1956 1852 1983 Tit.
1868 1965 1890 1983 c.
1903 1964 1925 1990 5.
1961 1956 2028 1983 Plin.
2047 1964 2074 1990 7,
2090 1964 2131 1987 3ο.
2202 1957 2241 1982 De
2259 1955 2351 1982 nihilo

211 2006 389 2034 constitutum·
581 1971 612 2034 ἦ)
623 2005 635 2028 3
670 1996 804 2035 Materiam
820 2001 904 2026 notat,
925 1997 964 2022 vel
982 1997 1091 2030 ficmtum
1109 1995 1176 2021 adeo.
1204 1994 1243 2020 De
1309 1993 1386 2021 irasci
1399 1993 1480 2019 Plaut.
1493 1992 1609 2018 Trucul.
1623 2002 1652 2025 4,
1670 2000 1696 2024 2,
1717 1993 1756 2024 56.
1806 1991 1867 2018 Liu.
1879 2001 1906 2025 4.
1920 1992 1974 2018 Bel.
1987 1990 2126 2017 Macedon.
2144 1990 2211 2017 Mali
2229 2000 2288 2018 rem
2306 1998 2350 2016 ex-

212 2043 301 2070 alieno
315 2037 406 2074 largiri
428 2035 488 2063 Liu.
504 2043 527 2067 3,
540 2042 558 2061 1.
627 2033 772 2058 Conuiuari
792 2028 824 2056 de
841 2029 948 2069 publico
968 2031 1023 2056 Cic.
1037 2031 1114 2056 Verr.
1127 2037 1141 2062 5
1160 2038 1181 2054 c.
1196 2037 1243 2061 44.
1309 2028 1390 2062 empli
1403 2029 1466 2059 effe,
1483 2027 1515 2053 de
1533 2026 1621 2054 nihilo
1633 2026 1749 2061 hospites
1762 2026 1871 2061 corripi.
1927 2026 1969 2054 Sic
1983 2025 2064 2053 Plaut.
2082 2027 2160 2052 Cure.
2173 2034 2200 2059 4,
2213 2034 2235 2059 1,
2248 2033 2277 2061 17
2302 2026 2350 2052 Di-

216 2079 254 2105 De
269 2084 328 2103 meo
347 2075 387 2100 his
399 2071 542 2108 praeceptis
554 2067 621 2095 nihil
633 2075 732 2093 nouum
745 2066 853 2101 apposui
865 2065 946 2092 Plaut.
960 2065 1042 2091 Milit.
1057 2073 1079 2096 3,
1092 2072 1115 2095 3,
1130 2072 1164 2096 31.
1202 2064 1242 2089 De
1260 2065 1288 2091 55
1310 2072 1368 2090 cere
1381 2063 1510 2090 iniuriam
1521 2062 1553 2089 de
1565 2062 1661 2089 nihilo.
1714 2062 1780 2088 Non
1793 2061 1844 2089 hoe
1856 2060 1896 2088 ·de
1909 2061 1997 2088 nihilo
2010 2061 2062 2094 est,
2080 2061 2152 2095 quod
2168 2061 2266 2088 Laches
2279 2069 2350 2091 nune

213 2120 261 2141 tuo
276 2112 340 2139 istuc
351 2109 424 2136 addis
439 2107 512 2134 Idem
526 2102 659 2132 Menaech.
673 2111 692 2135 1,
705 2111 727 2134 2,
741 2110 786 2135 40.
857 2100 926 2127 Ter.
935 2099 1008 2126 Adel.
1023 2108 1044 2132 i,
1060 2108 1082 2130 2,
1094 2106 1126 2133 37
1160 2099 1243 2133 Opso-
1311 2107 1354 2126 me
1370 2097 1527 2125 conuentam
1545 2098 1593 2126 eise
1609 2097 1710 2133 expetit
1728 2097 1797 2124 Ter.
1817 2098 1883 2124 Hec.
1902 2104 1923 2130 ς,
1939 2105 1959 2130 1,
1972 2106 1991 2123 1.
2063 2097 2103 2123 De
2122 2096 2216 2130 plano,
2235 2096 2265 2123 id
2276 2094 2309 2129 qli
2320 2104 2353 2122 ex
2392 2091 2397 2102 ¹

213 2154 273 2181 nat,
292 2152 382 2182 potat,
399 2144 454 2170 olet
472 2147 602 2175 vnguenta
622 2138 655 2165 de.
670 2146 730 2164 ineo
748 2137 830 2165 Plaut.
848 2134 970 2176 bacchid-
984 2144 1004 2167 Ι,
1018 2143 1039 2167 ¹,
1053 2138 1093 2167 65.
1164 2134 1194 2160 Et
1210 2133 1243 2160 ad
1311 2144 1384 2171 aequo
1397 2136 1465 2168 loco,
1485 2135 1563 2160 veluti
1575 2133 1638 2160 vnde
1651 2131 1812 2169 magistratus
1825 2135 1852 2159 in
1865 2132 1985 2165 tribunal,
2000 2131 2064 2168 quod
2076 2131 2176 2158 editiore
2187 2134 2215 2157 in
2226 2129 2353 2166 locoposi-

213 2193 270 2211 eam
283 2189 391 2216 operam
404 2179 490 2205 facere
503 2178 617 2214 sumtum
630 2174 662 2200 de
675 2179 729 2200 tuo.
764 2173 902 2211 Pecuniam
913 2178 1052 2197 numerare
1071 2170 1102 2196 de
1114 2171 1161 2210 suo
1187 2170 1243 2196 Cic.
1310 2177 1364 2197 tum
1382 2177 1451 2201 erat,
1463 2169 1660 2206 confiendebant.
1699 2170 1740 2195 Ita
1759 2177 1785 2194 ue
1805 2167 1837 2193 de
1857 2167 1954 2202 plano,
1967 2173 1990 2194 et
2009 2176 2058 2201 pro
2071 2163 2352 2202 tribunali‚'opponun-

214 2221 267 2246 Att.
281 2221 319 2250 16,
334 2224 371 2251 17.
407 2213 480 2249 Conf.
496 2213 553 2238 Sen.
568 2209 646 2251 Epist.
659 2214 680 2249 83
716 2207 796 2247 Plaut.
808 2208 838 2233 T
840 2216 891 2233 rin.
905 2215 928 2237 2,
944 2215 968 2246 a,
981 2213 1027 2240 74.
1052 2241 1057 2246 .
1099 2205 1160 2231 Liu.
1173 2213 1201 2238 4,
1214 2212 1245 2237 59
1311 2212 1362 2233 tur.
1398 2206 1504 2240 leian.
1518 2205 1536 2231 l.
1553 2214 1565 2237 3
1584 2203 1637 2242 §.6
1657 2205 1690 2231 D.
1705 2176 1844 2230 debonor.
1858 2203 1952 2238 poffcss‘.
1974 2203 1999 2229 Si
2013 2203 2086 2229 causa
2100 2202 2203 2237 cognita
2216 2201 2352 2228 bonorum

213 2256 371 2282 Deeerneret
391 2250 513 2280 Senatus,
526 2252 554 2273 vt
568 2244 726 2280 stipendium
743 2243 818 2269 miles
831 2242 862 2269 de
880 2242 988 2276 publico
1005 2246 1147 2275 acciperet,
1164 2248 1245 2274 quum
1253 2241 1288 2266 60
1312 2240 1426 2276 possessio
1439 2241 1529 2271 detur,
1546 2248 1601 2266 non
1619 2239 1686 2266 alibi
1706 2238 1827 2271 dabitur,
1842 2247 1921 2273 quam
1935 2247 1986 2273 pro
2004 2238 2147 2264 tribunali:
2184 2238 2247 2272 quia
2263 2245 2353 2271 neque

214 2296 274 2317 ante
284 2288 312 2316 id
326 2294 427 2320 tempus
443 2283 475 2310 de
488 2285 534 2309 suo
547 2282 656 2316 quisque
669 2278 773 2306 functus
786 2288 819 2305 eo
832 2286 940 2305 munere
953 2277 1021 2303 esset.
1102 2273 1123 2312 ff
1139 2284 1157 2308 4
1178 2275 1246 2302 Idem
1313 2276 1447 2304 decretum
1466 2275 1499 2303 de
1518 2275 1596 2310 plano
1617 2274 1770 2309 interponi,
1787 2283 1874 2308 neque
1886 2275 1960 2301 causa
1973 2274 2078 2308 cognita
2090 2273 2224 2301 bonorum
2237 2271 2354 2307 poss'essio

207 2325 268 2361 fere
289 2322 322 2356 qs}
344 2321 408 2357 quod
421 2318 581 2349 Secundum,
602 2320 620 2342 i.
639 2319 747 2351 regulam
756 2334 763 2346 ,
776 2323 845 2349 quam
863 2316 918 2348 quii·
932 2312 1066 2352 sequatur,
1078 2317 1163 2336 notat:
1183 2320 1207 2336 v.
1216 2319 1246 2349 ⁴g.
1315 2311 1393 2344 alibi,
1401 2320 1478 2346 quam
1486 2320 1534 2346 pro
1547 2310 1676 2338 tribunali
1690 2310 1748 2337 dari
1761 2310 1852 2344 potest.
1889 2311 1953 2337 Item
1963 2312 1990 2335 in
2003 2309 2020 2335 l.
2032 2318 2049 2336 2
2062 2307 2085 2345 §.
2101 2318 2111 2335 1
2124 2309 2157 2335 D.
2171 2309 2239 2342 Qis
2252 2307 2310 2335 ord.
2324 2307 2357 2334 in.

214 2361 253 2387 De
266 2364 313 2384 tuo
327 2356 435 2383 consilio
444 2355 500 2381 Cic.
510 2354 580 2379 Fam.
594 2360 631 2383 12,
646 2359 667 2383 3.
703 2349 774 2376 Idem
785 2348 816 2389 ad
826 2350 877 2375 Att.
885 2350 911 2380 6,
919 2356 931 2379 3
953 2348 1090 2386 QCicero
1099 2345 1247 2386 p'uer‘legit,
1312 2347 1377 2373 bon.
1414 2348 1471 2373 Huc
1483 2346 1592 2373 alludens
1604 2346 1700 2373 Seneca
1715 2346 1747 2372 de
1762 2345 1879 2373 Clemen.
1893 2353 1903 2372 1
1937 2346 2010 2373 Haec
2024 2350 2129 2377 tamen,
2144 2347 2240 2380 inquit,
2249 2351 2356 2378 magna-

214 2401 242 2422 vt
254 2394 441 2428 opinor,certe
449 2389 583 2422 epistolam
591 2387 742 2420 inscriptam
750 2390 818 2420 patri
827 2385 886 2409 suo:
896 2384 960 2410 solet
973 2379 1247 2443 cniinaperire‚1dque
1314 2382 1420 2408 nimitas
1434 2383 1462 2408 in
1476 2381 1545 2408 bona
1557 2382 1665 2408 fortuna
1678 2381 1801 2408 latiorem
1815 2381 1904 2408 locum
1918 2380 2013 2412 habet,
2029 2379 2178 2415 meliusque
2196 2379 2224 2406 in
2236 2378 2355 2405 tribuna-

216 2430 247 2457 de
259 2437 319 2456 meo
332 2425 449 2453 consilio.
470 2423 566 2463 *Plaun
577 2422 654 2447 Most.
667 2430 690 2452 3,
703 2430 726 2452 2,
738 2423 769 2450 86
789 2418 889 2459 Siquid
903 2419 962 2450 erit,
970 2417 1042 2453 quod
1057 2417 1065 2442 i
1078 2417 1097 2443 li
1105 2416 1201 2455 placcat
1216 2416 1248 2442 de
1261 2422 1293 2453 65
1314 2417 1351 2448 li,
1364 2425 1443 2450 quam
1456 2417 1485 2443 in
1497 2417 1576 2450 plano
1592 2417 1768 2450 cognoscitur.
1789 2417 1921 2441 Hotoman.
1978 2416 2018 2442 De
2032 2414 2124 2449 procul
2135 2415 2252 2449 aspicere
2271 2414 2357 2440 Plaut.

215 2464 336 2498 exemplo
347 2469 408 2488 meo
421 2458 565 2485 aedificato.
591 2456 629 2481 De
636 2456 779 2481 Voluntate
786 2456 896 2481 Ciuium
904 2454 975 2481 Caes.
984 2454 1116 2485 B.C.3,4.
1152 2452 1207 2477 Cic.
1216 2450 1248 2476 ad
1314 2453 1381 2479 Pers.
1395 2461 1424 2484 4,
1438 2460 1461 2483 2,
1475 2453 1500 2478 6.
1536 2451 1609 2477 Idem
1622 2450 1710 2477 Aulul.
1724 2450 1791 2484 prol.
1805 2459 1838 2483 34
1858 2450 1921 2476 Eam
1937 2458 1996 2483 ego,
2008 2450 2089 2481 hodie
2101 2450 2209 2482 faciam,
2221 2455 2252 2476 vt
2261 2448 2306 2476 hie
2318 2449 2359 2474 se-

218 2501 330 2531 Att.4‚2
349 2493 563 2525 Abie&atoga,sc
576 2491 606 2516 ad
622 2488 794 2524 generipedes
802 2489 913 2515 abiecit:
933 2490 978 2515 ille
990 2488 1095 2514 noctem
1104 2487 1152 2514 fibi
1164 2486 1247 2521 postu-
1313 2495 1364 2514 nex
1385 2487 1417 2513 de
1436 2486 1561 2520 proximo
1581 2485 1630 2512 fibi
1648 2494 1760 2512 vxorem
1779 2486 1874 2519 poscat.
1944 2486 1985 2511 De
2003 2485 2066 2518 Qio
2083 2490 2129 2510 etc.
2166 2484 2223 2511 Cic.
2239 2484 2318 2510 Verr.
2336 2487 2358 2516 4

217 2535 291 2566 lauit,
305 2541 359 2558 non
365 2527 547 2557 concedebant.
581 2524 824 2551 Rcm'in'u'cebantur
838 2524 909 2550 enim
923 2524 979 2549 Cal.
989 2525 1090 2550 Ianuar.
1098 2524 1143 2549 vix
1159 2528 1249 2549 tamen
1314 2532 1336 2549 c.
1354 2529 1382 2555 55
1417 2520 1500 2548 Aedes
1514 2521 1653 2548 Mineruae
1667 2520 1703 2547 est
1717 2521 1745 2547 in
1761 2520 1862 2551 Insula,
1876 2519 1908 2547 de
1923 2529 1975 2554 qua
1990 2526 2049 2546 ante
2061 2518 2126 2545 dixi.
2162 2519 2210 2546 Sed
2228 2518 2292 2545 illud
2303 2519 2358 2544 uul-

219 2571 249 2597 de
262 2578 320 2595 mea
332 2566 469 2593 voluntate
485 2561 627 2588 concessum
638 2559 689 2598 est.
743 2560 785 2598 ’De
801 2560 927 2598 sententia
939 2559 1007 2585 Ter.
1021 2558 1130 2592 Adelph.
1146 2566 1169 2590 5,
1183 2566 1208 2589 9,
1222 2565 1247 2583 2.
1314 2567 1381 2594 gare.
1418 2556 1576 2593 Obseruemus
1595 2559 1668 2582 etiam
1685 2556 1816 2591 transponi
1829 2555 2033 2591 praepqfitionem
2046 2557 2175 2590 inprims
2192 2558 2220 2580 in
2232 2553 2358 2590 formulis

218 2608 236 2634 1⁴,
245 2613 294 2641 pro
309 2604 442 2630 uoluntate.
477 2599 516 2624 De
535 2597 661 2622 sententia
676 2593 784 2632 concilii
804 2594 862 2631 Cic..
875 2594 927 2618 Att.
940 2602 966 2625 4,
977 2602 1013 2632 ².··.
1040 2594 1078 2619 De
1095 2594 1139 2618 sua
1152 2594 1292 2628 senten—70
1314 2595 1388 2620 iuris.
1459 2592 1514 2618 Cic.
1537 2591 1570 2618 de
1590 2592 1693 2617 Inuent.
1708 2600 1727 2623 1,
1742 2596 1773 2621 82
1790 2600 1812 2616 c.
1823 2599 1861 2623 44
1898 2589 2079 2618 similitudine
2098 2589 2154 2616 eius
2171 2589 2228 2622 rei,
2250 2597 2302 2624 qua
2321 2587 2357 2614 de

217 2642 256 2668 tia
275 2640 303 2666 in
315 2637 417 2665 Albano
434 2639 526 2660 monte
542 2629 716 2671 triumphauit
728 2628 816 2668 Aurcl.
830 2627 900 2653 vici.
917 2626 948 2652 de
963 2635 1029 2652 Viris
1048 2627 1193 2654 illustribus
1208 2634 1249 2660 45.
1315 2628 1420 2662 agitur,
1433 2626 1466 2654 ad
1485 2635 1543 2653 eam
1566 2635 1640 2659 rem,
1658 2635 1710 2661 qua
1730 2625 1761 2652 de
1780 2624 1928 2652 iudicatum
1944 2625 1989 2651 est.
2024 2640 2070 2645 ——
2106 2625 2193 2659 Atque
2206 2624 2257 2651 erit
2269 2623 2359 2650 obser-

219 2678 260 2704 De
279 2676 322 2701 sua
345 2670 469 2699 sententia
491 2665 596 2701 aliquid
616 2665 781 2691 comminisci
799 2662 962 2696 Plaut.Capt.
987 2680 1005 2700 .·
1043 2680 1049 2686 .
1120 2661 1198 2687 Nihil
1212 2662 1251 2687 fa·
1316 2662 1432 2688 vandum
1445 2661 1601 2695 diligenter,
1621 2669 1654 2687 ne
1666 2661 1734 2687 nihil
1751 2660 1782 2687 ad
1797 2660 1835 2692 id,
1856 2669 1909 2694 quo
1925 2660 1957 2686 de
1970 2665 2071 2694 agatur,
2089 2660 2220 2694 pertineat
2230 2658 2268 2690 id,
2281 2657 2359 2693 quod·

221 2713 287 2738 ciam
306 2708 353 2736 nisi
367 2707 398 2733 de
416 2712 460 2732 tua
473 2702 598 2729 sententia
621 2700 678 2726 Cic.
692 2700 745 2725 Att.
761 2706 788 2733 7,
802 2706 813 2731 5
827 2704 891 2724 extr.
962 2695 1021 2736 Liu.
1036 2704 1061 2725 2,
1072 2704 1103 2734 39
1138 2696 1252 2734 Impera·
1317 2696 1465 2722 iudicatum
1484 2696 1522 2720 fit.
1592 2695 1666 2720 Idem
1678 2696 1750 2721 Brut.
1765 2702 1813 2728 275
1834 2704 1856 2720 c.
1870 2701 1905 2727 79
1941 2696 2001 2728 Qia
2021 2694 2053 2720 de
2066 2704 2094 2721 re
2108 2695 2195 2729 agitur
2208 2698 2312 2726 autem,
2325 2693 2358 2719 il.

220 2753 290 2774 tores
309 2743 340 2771 ad
359 2742 386 2769 id
403 2741 503 2768 bellum
518 2737 549 2764 de
569 2736 688 2763 omnium
707 2734 865 2769 populorum
886 2733 1012 2771 sententia
1030 2730 1093 2756 lech
1105 2731 1197 2769 Accius
1210 2730 1252 2755 Iu·
1318 2729 1373 2759 lud,
1386 2728 1459 2764 quod
1476 2728 1567 2755 multis
1585 2728 1651 2754 locis
1667 2729 1695 2754 in
1709 2729 1835 2755 Ictorum
1853 2728 2000 2757 includitur
2017 2730 2158 2761 formulis,
2178 2734 2204 2755 et
2220 2728 2268 2755 vbi
2287 2729 2359 2761 ciret,

221 2782 271 2808 lius
284 2786 309 2807 et
323 2780 371 2806 Cn.
387 2776 506 2803 Mai-tius.
575 2772 629 2799 Cic.
645 2770 697 2797 Off.
714 2778 737 2802 3,
751 2775 782 2799 80
811 2769 854 2795 Ne
866 2767 953 2794 noster
965 2765 1072 2801 quidem
1085 2764 1252 2791 Gratidianus
1264 2765 1295 2792 75
1317 2764 1434 2790 videbat.
1504 2764 1534 2789 Et
1552 2763 1627 2797 Top.
1641 2771 1673 2796 95
1692 2772 1712 2788 c.
1727 2771 1756 2796 25
1792 2763 1840 2789 Sed
1859 2772 1927 2798 quae
1946 2774 1979 2792 ex
1993 2765 2057 2792 flatu
2078 2765 2214 2791 contentio
2233 2763 2359 2796 efficitur,

221 2815 310 2844 officio
329 2814 395 2841 boni
419 2811 472 2838 viri
491 2807 594 2835 funcStus
614 2806 648 2833 est
662 2812 732 2837 tuni,
746 2813 827 2839 quum
841 2805 947 2830 Praetor
962 2802 1039 2833 ess'et,
1058 2800 1253 2834 collegiumque
1319 2809 1377 2826 eam
1390 2798 1484 2826 Graeci
1502 2798 1631 2834 κρινόμενον
1651 2803 1755 2825 vocant.
1797 2797 1868 2825 Mihi
1888 2799 1971 2833 placet
1989 2800 2033 2832 id,
2051 2800 2178 2834 quoniam
2198 2799 2307 2834 quidem
2324 2797 2358 2826 ad

222 2854 376 2880 Praetorum
388 2846 471 2874 Trib.
485 2843 552 2879 pleb.
566 2841 755 2872 adhibuiffent,
778 2846 805 2866 vt
818 2848 859 2866 res
873 2839 992 2865 numaria
1006 2836 1037 2863 dc
1051 2836 1186 2862 communi
1199 2836 1254 2861 scn—
1320 2842 1345 2861 te
1358 2835 1532 2869 (Trebatium
1548 2833 1655 2867 Ictum)
1670 2833 1773 2865 scribo,
1796 2842 1847 2869 qua
1861 2834 1892 2860 de
1911 2843 1940 2861 re
1958 2835 2049 2870 agitur*
2058 2835 2158 2862 vocari.
2196 2835 2301 2868 Qiibus
2313 2843 2360 2861 au-

223 2887 305 2914 tentia
324 2883 533 2911 constitueretur.
603 2877 683 2904 Plaut.
699 2875 789 2902 Bacch.
812 2884 838 2908 4,
858 2883 884 2907 9,
900 2881 936 2913 ¹¹5.
973 2873 1069 2907 Neque
1102 2880 1151 2905 ego
1183 2869 1252 2910 haud
1320 2876 1374 2897 tem
1401 2869 1467 2901 hoc,
1486 2877 1537 2904 qua
1564 2868 1596 2895 de
1623 2878 1652 2896 re
1672 2869 1775 2904 agitur,
1800 2870 1962 2902 continetur,
1980 2878 2010 2898 ea
2034 2871 2197 2897 continentia
2219 2874 2357 2897 vocentur.

223 2921 400 2951 committam,
421 2924 449 2943 vt
462 2916 480 2942 si
495 2913 558 2949 quid
573 2918 706 2947 peecatum
721 2911 775 2943 fiet,
796 2910 890 2936 Fecisse
911 2909 980 2935 dicas
1000 2908 1032 2935 de
1045 2910 1103 2933 m¹ea
1121 2907 1255 2933 sententia.
1320 2906 1394 2942 Conf.
1415 2904 1524 2938 Quin&
1538 2913 1560 2936 3,
1575 2913 1608 2936 ii,
1624 2909 1658 2934 18.
1718 2905 1794 2932 Ridet
1809 2904 1875 2932 banc
1886 2904 2024 2940 formulam
2044 2909 2117 2932 etiam
2130 2915 2179 2941 pro
2193 2906 2312 2933 Muraen.
2326 2909 2359 2935 28

222 2959 261 2985 De
282 2955 406 2983 sententia
419 2951 529 2979 alicuius
550 2948 625 2979 dai-e,
639 2947 709 2982 quod
732 2947 761 2973 lit
781 2947 840 2973 satis
852 2945 882 2972 ad
897 2943 998 2978 aliquid
1012 2943 1140 2977 agendum
1154 2942 1209 2981 Cic.
1224 2941 1255 2966 de
1267 2941 1300 2966 80
1321 2951 1342 2967 c.
1359 2950 1382 2971 13
1402 2941 1498 2975 Neque
1512 2945 1598 2966 tamen
1611 2939 1755 2974 quidquam
1768 2946 1821 2967 tam
1839 2941 1945 2974 anguste
1962 2941 2087 2975 scriptum
2101 2941 2220 2976 est,=·quo
2236 2949 2286 2976 ego
2302 2948 2360 2967 non

222 2994 281 3021 Fin.
297 3001 322 3024 z,
336 2999 371 3024 33.
406 2988 535 3022 Sedplane
547 2987 597 3011 alia
610 2986 675 3010 ratio
688 2980 721 3015 est
741 2982 796 3009 Cic.
807 2981 888 3007 Tusc.
904 2989 916 3005 2
937 2989 957 3006 e.
971 2987 999 3011 25
1024 2980 1062 3005 De
1076 2979 1201 3004 sententia
1215 2977 1257 3015 de·
1323 2976 1411 3012 possim
1433 2983 1512 3015 QVA
1534 2981 1552 3000 n
1563 2982 1579 3002 E
1597 2981 1641 3001 RF.
1664 2982 1685 3002 A
1695 2981 1716 3002 G
1726 2983 1733 3000 1
1743 2982 1763 3001 T
1774 2981 1822 3002 VR
1839 2975 1944 3003 addere.
1981 2977 2019 3004 De
2033 2978 2091 3003 Inu.
2106 2985 2125 3009 1,
2139 2985 2186 3010 104
2198 2985 2219 3002 c.
2235 2984 2267 3010 54
2298 2976 2359 3003 No-

222 3029 325 3056 ducere,
498 3018 518 3062 ff
540 3027 553 3053 ς
589 3021 680 3053 Nempe
688 3021 794 3057 ponitur
811 3019 883 3042 etiam
899 3016 947 3047 De,
951 3021 998 3050 pro
1012 3015 1041 3040 A.
1063 3014 1118 3040 Cic.
1128 3022 1176 3047 pro
1189 3012 1257 3039 Sulla
1322 3021 1370 3039 nus
1382 3012 1453 3038 locus
1467 3011 1518 3042 est,
1533 3019 1578 3044 per
1589 3019 1667 3044 quem
1681 3020 1741 3038 cuin
1754 3011 1828 3042 aliis,
1846 3020 1914 3046 quae
1927 3011 2025 3039 constat
2039 3013 2086 3039 effe
2100 3018 2217 3047 peccata,
2230 3011 2290 3044 hoc,
2304 3020 2360 3046 quo

224 3074 246 3090 c.
261 3073 294 3096 24
315 3059 413 3088 etenim
431 3058 463 3084 de
475 3055 607 3092 principio
626 3053 725 3080 studuit
743 3061 845 3080 animus
865 3059 1003 3077 occurrere
1018 3048 1192 3084 magnitudini
1206 3048 1256 3074 ci-i-
1324 3048 1356 3075 de
1372 3046 1490 3082 quaestio
1510 3046 1560 3076 est.
1576 3052 1757 3080 comparatur,
1772 3053 1797 3072 et
1815 3047 1852 3073 ita
1873 3056 1919 3081 per
1940 3048 2152 3081 contentionem,
2172 3053 2271 3082 quanto
2290 3052 2363 3073 atro..

226 3099 318 3129 minis,
343 3095 489 3124 satisfacere
515 3089 690 3125 expectationi
714 3087 867 3119 hominum,
888 3090 907 3112 i.
931 3095 946 3111 a
962 3088 1102 3121 principio,
1121 3085 1150 3110 ab
1174 3086 1257 3109 initio.
1324 3084 1380 3110 cius
1394 3088 1420 3109 et
1432 3081 1566 3115 indignius
1580 3081 1609 3107 sit
1624 3081 1691 3107 illud
1701 3102 1709 3113 ‚
1722 3091 1774 3116 quo
1788 3081 1819 3108 de
1834 3083 1938 3117 agitur,
1951 3083 2106 3110 ostenditur.
2173 3082 2247 3110 Idem
2260 3081 2292 3108 de
2300 3083 2359 3107 Imi.

227 3136 340 3160 Domum
359 3130 413 3157 emi
432 3129 463 3155 de
478 3127 565 3154 Crasso
589 3126 645 3151 Cic.
659 3125 730 3151 Fam.
748 3131 772 3157 5,
792 3126 816 3149 6.
887 3121 1008 3149 Fundum
1028 3126 1155 3149 mercatus
1174 3119 1209 3145 est
1226 3119 1257 3144 de
1272 3119 1301 3147 85
1323 3128 1348 3151 2,
1363 3126 1393 3152 37
1412 3126 1433 3144 c.
1450 3126 1470 3143 11
1494 3116 1594 3150 Negari
1605 3117 1755 3151 oportebit,
1777 3116 1809 3144 de
1826 3118 1882 3145 vita
1896 3118 1951 3145 eius
1965 3124 1990 3145 ct
2004 3118 2124 3146 moribus
2140 3118 2247 3153 quaeri,
2266 3116 2309 3143 sed
2327 3115 2361 3142 de

228 3168 329 3203 pupillo
348 3167 420 3193 Idem
433 3172 482 3199 pro
497 3162 588 3189 Flacco
601 3170 623 3187 c.
638 3169 679 3186 20.
752 3160 791 3185 De
811 3164 836 3184 te
854 3156 1002 3192 exemplum
1020 3156 1073 3191 agit
1093 3156 1159 3182 Ter.
1177 3153 1257 3180 Andr.
1325 3163 1358 3180 co
1372 3153 1498 3185 crimine,
1512 3160 1565 3186 quo
1578 3151 1609 3177 de
1624 3158 1755 3186 arguatur.
1796 3155 1929 3189 Vtrumque
1939 3163 2016 3190 genus
2026 3152 2230 3181 coniunxit'ibid.
2246 3160 2281 3186 70
2300 3161 2321 3178 c.
2332 3160 2360 3184 23

230 3213 258 3237 4,
271 3212 290 3235 i,
303 3210 340 3236 27.
410 3202 448 3227 De
468 3198 539 3225 caelo
557 3195 639 3223 taclae
652 3204 762 3230 quercus
780 3194 853 3254 Virp.
875 3193 927 3219 Ecl.
949 3201 968 3224 i,
989 3199 1026 3226 17.
1096 3192 1202 3223 Iamque
1216 3188 1259 3215 ad·
1325 3190 1399 3216 Hanc
1412 3188 1473 3215 ideo
1486 3188 1618 3214 rationem
1630 3187 1804 3219 subiecimus,
1825 3194 1853 3215 vt
1868 3188 1918 3215 hoc
1938 3190 2028 3216 causae
2043 3198 2123 3224 genus
2142 3189 2242 3223 ipsum,
2257 3186 2290 3213 de
2303 3196 2361 3222 quo

230 3239 278 3264 erit
293 3237 375 3262 multo
387 3235 484 3262 Priami
497 3233 528 3260 de
540 3232 662 3265 sanguine
677 3230 789 3262 Pyrrhus
810 3231 830 3255 Ιι
840 3238 881 3254 eni
895 3229 960 3254 Aen.
975 3236 1000 3259 2,
1016 3229 1076 3253 662.
1133 3226 1199 3251 Plin.
1219 3229 1260 3256 28,
1326 3225 1443 3258 agimus,
1455 3223 1653 3258 cognosceretur
1686 3237 1730 3243 -—-
1764 3224 1793 3250 in
1805 3224 1961 3251 relationem
1974 3225 2093 3253 criminis
2113 3223 2313 3255 delaberemur,
2327 3222 2361 3249 de

231 3279 244 3303 8
274 3273 312 3298 Dc
326 3270 423 3297 sinistra
434 3275 505 3304 parte
518 3269 606 3295 dentes
624 3266 701 3293 eruit.
769 3265 823 3291 Cic.
838 3265 908 3290 Fam.
922 3271 948 3298 7,
964 3270 975 3295 5
999 3262 1103 3302 Totum
1122 3260 1261 3301 hominem
1327 3268 1378 3294 qua
1393 3259 1448 3294 post
1463 3259 1604 3298 loquemur
1638 3273 1683 3279 —
1719 3259 1747 3285 in
1760 3260 1860 3286 causam
1873 3260 2049 3294 negotialem,
2070 3268 2121 3294 qua
2135 3258 2167 3284 de
2187 3264 2246 3285 ante
2258 3258 2360 3285 ἀὶἃυιη

231 3307 281 3334 tibi
302 3304 376 3332 trado
395 3304 427 3331 de
442 3313 535 3336 manu,
562 3308 590 3329 vt
609 3302 697 3332 aiunt,
718 3301 747 3327 in
771 3309 886 3339 inanum¹
897 3305 967 3338 tuam
987 3303 1013 3323 et
1030 3297 1145 3336 melcina
1161 3302 1187 3321 et
1207 3294 1258 3334 tide
1271 3301 1306 3327 90
1327 3295 1372 3321 est.
1443 3294 1498 3320 Cic.
1512 3295 1564 3320 Att.
1578 3301 1604 3328 7,
1618 3303 1647 3327 14
1671 3295 1710 3320 De
1722 3294 1828 3329 reliquo
1839 3304 1924 3329 neque
1938 3295 2044 3323 hercule
2058 3293 2122 3329 quid
2135 3302 2219 3328 agam,
2234 3303 2281 3320 nec
2293 3291 2358 3327 quid

231 3342 408 3377 praestantem.
463 3340 533 3365 Non.
549 3347 586 3370 12,
602 3345 628 3370 35
649 3338 687 3363 De
695 3343 744 3372 pro
756 3335 805 3362 Ab.
826 3335 909 3361 Lucil.
924 3333 970 3360 lib.
985 3335 1017 3358 26
1049 3332 1122 3358 Solus
1138 3340 1189 3357 iam
1203 3339 1260 3356 vnn
1327 3330 1432 3356 adim-us
1445 3329 1505 3361 fim,
1520 3329 1587 3355 scio:
1608 3329 1654 3362 ita,
1668 3336 1712 3355 etc.
1784 3331 1852 3357 Ter.
1866 3332 1930 3357 Hec.
1945 3339 1973 3364 4,
1987 3339 2007 3362 i,
2018 3338 2049 3362 39
2076 3331 2114 3355 Ita
2128 3329 2258 3364 corripuit
2270 3328 2302 3354 de
2320 3337 2362 3354 re.

233 3378 264 3404 de
285 3376 354 3402 classe
369 3373 505 3408 prohibuit
516 3374 679 3399 Vulcaniam.
831 3367 852 3406 q
871 3372 887 3395 6
927 3368 973 3396 Sed
989 3371 1061 3394 etiam
1074 3369 1195 3401 accipitur
1212 3366 1259 3397 De,
1329 3371 1404 3400 pente
1416 3365 1509 3391 tacitus
1522 3365 1573 3390 sese
1589 3364 1620 3390 ad
1632 3364 1722 3392 filiam.
1794 3366 1849 3393 Cic.
1862 3375 1911 3400 pro
1924 3366 2031 3399 Ligario
2046 3372 2075 3397 14
2100 3364 2147 3390 Tu
2162 3364 2193 3392 de
2207 3369 2312 3398 repente
2324 3363 2361 3390 ir.

229 3419 277 3447 pro
292 3413 340 3437 Ex:
360 3411 398 3436 De
416 3408 527 3434 caluaria
544 3409 661 3434 Scribon.
679 3409 719 3433 26.
755 3405 827 3440 Conf.
846 3404 924 3431 Rhod.
946 3405 1004 3430 Lex.
1023 3401 1216 3437 Exquisiturum
1236 3401 1260 3426 se
1328 3400 1451 3435 rupill'es,
1463 3406 1488 3426 et
1508 3400 1618 3427 clamare
1639 3401 1778 3435 coepisses,
1796 3402 1827 3429 C.
1839 3402 1935 3429 Caesar
1951 3409 2013 3426 caue
2032 3398 2134 3432 credas,
2149 3409 2211 3426 caue
2232 3399 2358 3433 ignoscas.

234 3446 276 3472 vel
296 3444 406 3471 fidiculis
418 3442 450 3469 de
463 3443 587 3469 Caesonia
604 3444 672 3469 Suet.
687 3441 769 3475 Calig.
788 3450 810 3466 c.
824 3449 860 3472 23.
930 3440 968 3465 De
981 3439 1056 3465 Dauo
1076 3437 1168 3463 audiui
1192 3437 1260 3461 Ter.
1327 3436 1443 3463 Scribant
1456 3438 1529 3462 eriam
1543 3444 1592 3461 vna
1605 3443 1662 3462 voce
1676 3437 1823 3470 Derepente
1836 3445 1861 3463 υ.
1874 3446 1900 3462 υ.
1960 3437 1998 3461 Dc
2014 3434 2059 3461 sub
2074 3435 2199 3469 Alpibus,
2213 3433 2240 3460 id
2261 3434 2312 3466 est,
2326 3433 2360 3461 de

237 3481 316 3508 Andr.
330 3488 354 3510 2,
370 3488 390 3510 i,
403 3487 424 3510 3.
493 3477 531 3515 ὓς
548 3486 623 3510 grege
642 3478 689 3504 illo
707 3476 742 3503 cst
767 3475 838 3502 Idem
852 3474 961 3509 Adelph.
982 3482 1003 3505 3,
1017 3483 1041 3506 3,
1055 3478 1091 3505 38.
1161 3470 1258 3497 Consul
1273 3476 1306 3503 95
1329 3471 1376 3498 sub
1392 3471 1452 3505 iplis
1465 3471 1556 3497 Italiae
1570 3471 1689 3498 faucibus
1703 3479 1790 3506 gentes
1810 3471 1879 3497 Flor.
1892 3479 1918 3503 2,
1930 3479 1953 3502 3,
1965 3479 1989 3496 2.
2017 3470 2073 3496 l'id.
2093 3475 2210 3497 DESVB
2227 3467 2360 3496 coniunfta

237 3516 268 3542 de
281 3515 406 3547 Pompeio
420 3511 561 3547 quaesiuit,
579 3512 639 3545 quid
654 3513 684 3539 de
697 3512 826 3545 religione
840 3510 946 3536 sentiret
965 3510 1020 3535 Cic.
1034 3509 1086 3535 Att.
1101 3516 1121 3539 1,
1134 3516 1163 3533 ii.
1221 3507 1259 3533 De
1327 3516 1393 3532 voce.
1464 3507 1544 3532 Plaut.
1559 3507 1632 3540 Capt.
1647 3507 1715 3533 Prol.
1732 3510 1764 3533 62
1785 3507 1883 3533 Conari
1895 3507 1926 3532 de
1940 3505 2028 3532 subito
2040 3515 2087 3532 nos
2100 3512 2174 3539 agere
2186 3503 2360 3539 tragoediam.

236 3551 332 3584 scripto
351 3549 435 3574 dicere
454 3545 568 3587 larini.
584 3555 611 3571 10
624 3555 645 3571 c.
659 3555 683 3587 2.
716 3546 783 3573 Add.
802 3546 840 3573 Id.
855 3546 884 3572 in
896 3546 977 3572 Bruto
991 3554 1012 3570 c.
1028 3552 1062 3571 12.
1077 3543 1111 3569 ad
1129 3543 1206 3569 Fam.
1222 3550 1259 3571 10,
1327 3542 1393 3568 Pliu.
1408 3541 1434 3567 in
1449 3542 1539 3575 Paneg.
1554 3550 1595 3575 34,
1609 3550 1621 3573 3
1642 3541 1720 3568 Nihil
1734 3548 1820 3569 tamen
1833 3541 1939 3575 gratius,
1954 3540 2021 3567 nihil
2039 3540 2139 3567 saeculo
2151 3539 2263 3573 dignius,
2278 3547 2360 3574 quam.

238 3595 259 3617 3.
271 3585 303 3611 ad
319 3586 370 3610 Att.
384 3592 411 3615 4,
424 3591 444 3613 3.
480 3580 564 3607 hodera
578 3579 643 3606 modo
661 3583 882 3617 circumloquamur
893 3578 1026 3606 adicc'liua.
1096 3578 1261 3604 Declamator
1328 3577 1400 3611 quod
1415 3578 1524 3611 contigit
1537 3577 1568 3602 dc
1583 3578 1659 3611 super
1679 3578 1778 3603 intueri
1790 3576 1937 3602 delatorum
1954 3577 2045 3610 supina
2059 3585 2113 3603 ora.
2158 3575 2228 3601 Idem
2242 3575 2274 3601 de
2286 3574 2360 3601 Viris

237 3620 333 3654 aliquis
358 3618 388 3643 de
409 3616 487 3646 ludo,
508 3615 598 3641 rabula
616 3614 647 3639 de
665 3615 725 3642 soro
751 3618 806 3643 Cic.
824 3617 852 3643 in
869 3617 942 3643 Orat.
961 3624 983 3641 c.
1003 3623 1036 3646 ις.
1115 3614 1206 3639 Homo
1228 3611 1260 3637 de
1328 3611 1483 3638 illustribus.
1515 3612 1573 3639 Vici.
1602 3618 1747 3639 DESVPER.
1818 3611 1858 3637 De
1877 3616 2009 3645 tempore,
2032 3607 2178 3645 Tempestiue
2203 3611 2307 3637 Hirtius
2327 3609 2361 3635 de

237 3654 325 3681 schola
337 3652 407 3679 Ideni
422 3651 538 3690 ile-Orat.
553 3658 565 3675 2
585 3659 605 3674 c.
618 3656 643 3681 7.
656 3684 659 3688 Ι
715 3650 851 3679 Accusator
868 3651 899 3677 de
914 3650 988 3686 plebe
1001 3650 1038 3676 Id.
1051 3648 1079 3674 in
1087 3648 1169 3674 Bruto
1186 3657 1207 3673 c.
1220 3655 1316 3679 34100
1328 3648 1392 3674 Bell.
1405 3648 1513 3681 Hispan.
1527 3656 1552 3680 33
1580 3648 1636 3681 Ipse
1657 3647 1688 3673 dc
1706 3654 1823 3681 tempore
1842 3647 1972 3673 coenauit.
2016 3647 2117 3673 Videtur
2138 3645 2199 3671 idem
2221 3645 2263 3678 effi*
2277 3654 2306 3671 ac
2326 3644 2359 3670 de

239 3692 277 3717 De
288 3689 354 3728 duro
369 3688 403 3713 est
414 3687 507 3712 vltima
520 3688 591 3724 terro
609 3683 688 3709 Ouid.
702 3685 764 3723 Met.
780 3693 799 3715 i,
815 3694 867 3719 127.
923 3686 984 3712 Liu.
998 3693 1024 3720 7,
1041 3692 1068 3718 i7
1096 3683 1216 3710 Dictator
1229 3684 1259 3708 C.
1330 3683 1388 3715 die,
1400 3683 1429 3708 de
1448 3692 1493 3725 iguo
1513 3683 1564 3710 vid.
1585 3692 1610 3709 n.
1626 3691 1646 3714 3.
1720 3683 1775 3708 Cic.
1796 3683 1847 3708 Att.
1869 3690 1903 3713 15,
1921 3692 1939 3715 4
1977 3683 2040 3708 Ecce
2056 3686 2141 3707 autem
2163 3680 2195 3706 de
2213 3679 2364 3707 transuerso-

238 3727 351 3752 Marcius
369 3721 480 3748 Rutulus
495 3728 597 3759 ⁴Pl'lmus
611 3718 640 3743 de
654 3718 727 3751 plebe
739 3718 839 3750 (11151118,
859 3724 877 3745 ι’.
895 3722 1008 3756 plebeius.
1081 3719 1156 3753 Apul.
1172 3719 1234 3744 Met.
1251 3726 1260 3743 1
1330 3718 1426 3744 Lucius
1442 3719 1550 3749 Caesar,
1562 3724 1590 3743 vt
1610 3718 1715 3743 veniam
1734 3716 1766 3743 ad
1782 3717 1807 3742 se
1829 3724 1911 3751 rogat.
1947 3716 2019 3744 Idem
2029 3715 2153 3742 *Academ
2167 3726 2196 3750 4,
2212 3711 2248 3747 58¹.
2320 3715 2360 3741 De

239 3770 264 3795 p.
277 3760 379 3796 107,-26
402 3757 440 3797 De
456 3755 617 3797 Aristomene
629 3753 729 3793 tell-indo
743 3753 834 3779 sacius.
1026 3753 1047 3792 q
1064 3762 1081 3789 7
1117 3755 1198 3781 Serui!
1218 3755 1261 3779 Pe·
1331 3754 1383 3779 Via
1403 3753 1513 3779 clamare
1527 3753 1595 3779 Ter.
1609 3753 1687 3780 Andr.
1702 3761 1724 3784 3,
1737 3761 1762 3783 2,
1777 3760 1807 3777 11.
1828 3755 1845 3778 i.
1866 3756 1892 3777 in
1907 3756 1958 3779 uia.
2104 3750 2124 3786 ff
2146 3759 2168 3777 11
2205 3750 2361 3786 Obseruatio-

235 3793 475 3830 riphraJ1Ge711t1i11‚
490 3799 516 3814 1η
526 3796 597 3827 ραν-11]
609 3786 782 3829 thnficanda.
833 3787 900 3813 Ter.
915 3790 1009 3817 Heaut.
1022 3799 1050 3823 4,
1064 3797 1084 3821 1,
1098 3798 1129 3822 39
1162 3789 1204 3816 Ne
1218 3797 1261 3814 ex-
1330 3798 1372 3819 ne,
1395 3798 1441 3813 non
1462 3791 1519 3813 item
1536 3791 1673 3813 imitatione
1691 3788 1767 3823 digna
1779 3788 1842 3822 sunt
1860 3786 1923 3820 ista:
1960 3786 2074 3819 Sympos.
2083 3787 2148 3812 Aen.
2163 3786 2243 3819 praef.
2258 3794 2266 3811 1
2289 3786 2360 3811 Haec

237 3839 294 3863 pers
309 3828 368 3855 essct
379 3832 458 3860 partis
472 3824 503 3851 dc
515 3823 608 3850 nostris
620 3822 706 3848 bonis.
747 3827 801 3849 Cic.
815 3821 846 3847 de
859 3823 928 3849 Clar.
938 3825 1009 3852 Orat.
1049 3845 1056 3851 .
1093 3843 1101 3851 .
1141 3844 1147 3849 .
1181 3823 1260 3851 Istum
1272 3832 1317 3859 105
1330 3832 1435 3859 quoque
1449 3822 1594 3857 Sympofius
1609 3823 1640 3849 de
1660 3823 1775 3850 carmine
1791 3822 1849 3849 lusit
1865 3823 1963 3858 inepto.
2012 3822 2044 3848 Et
2059 3829 2085 3848 12
2105 3821 2204 3848 Ponere
2222 3819 2255 3847 de
2275 3821 2360 3849 vei-su.

2314 3854 2358 3881 vel
