2479 4225
66 213 176 284 *¹237
496 231 512 270 Ι
594 230 620 271 S
702 230 746 270 T
935 271 938 275 ,
1587 233 1603 274 Ι
1681 235 1725 275 T
1803 238 1840 276 Α
2154 245 2235 291 1238

96 320 232 352 Isthmius,
244 317 302 353 sel-l·
357 319 429 345 Cal-m.
442 319 568 349 delubrum
582 319 639 351 fuit
658 319 685 352 ᾖ,
699 317 785 354 Isthmo
798 318 959 353 Peloponmfi.
996 319 1064 345 Pliu.
1078 330 1100 353 4,
1115 330 1136 350 ς.
1192 321 1262 356 Nep.
1275 330 1303 356 4,
1317 330 1336 354 i,
1349 330 1372 347 2.
1441 321 1505 349 Non
1528 322 1562 349 ita
1581 322 1658 349 multi
1678 323 1784 349 suerunt
1815 325 1870 351 Cic.
1891 325 1921 352 de
1936 326 2006 353 Clar.
2019 328 2093 354 Orat.
2107 337 2150 360 244
2166 338 2187 357 c.
2200 332 2235 361 69

98 356 173 382 Curt.
185 364 212 390 4,
226 362 239 386 ς
259 353 389 380 Sollemue
402 354 531 381 ludicrum
546 354 725 387 Isthmiorum,
740 353 810 388 quod
822 360 952 386 conuentu
966 355 1046 380 totius
1060 356 1137 382 Grae.
1194 364 1260 383 extr.
1332 358 1363 382 Et
1382 356 1457 383 Verr.
1472 367 1493 390 2,
1506 367 1537 390 49
1564 358 1684 390 Tadius,
1705 358 1749 392 qui
1769 367 1823 384 crat
1843 360 1975 394 reliquus,
1988 369 2048 389 ’ῃοη
2069 365 2102 389 ita
2121 365 2233 390 multum

96 392 152 418 eiae
165 389 321 417 celebratum
338 390 382 416 est.
459 389 527 416 Ludi
545 389 646 416 Istlunii
670 390 728 416 Liu.
741 398 777 422 ³3,
791 398 825 421 32.
867 389 922 414 Vid.
945 395 978 415 is
988 396 1009 415 Τ
1019 396 1039 416 Η
1050 398 1101 417 MV
1111 399 1134 418 s.
1194 397 1279 417 tecum
1291 391 1351 418 suit.
1423 392 1485 418 Non
1500 393 1535 418 ita
1549 393 1622 419 valde
1637 394 1667 420 de
1683 393 1723 420 his
1736 393 1827 419 laboro
1852 396 1921 421 Idem
1936 397 2004 423 Fam.
2022 409 2049 430 ιι,
2063 407 2097 425 21.
2168 400 2232 425 Non

96 425 211 457 Isthmia,
224 424 330 458 quaein
345 423 473 451 honorem
487 425 606 459 Neptuni
620 424 827 457 celebrabantur,
841 423 1045 457 quinquennalia
1061 427 1135 453 fuiss‘e
1195 427 1248 458 ita,
1273 427 1291 452 i.
1312 429 1365 452 Non
1379 429 1470 452 valde:
1507 429 1573 455 Ter.
1589 429 1657 455 Prol.
1670 429 1749 455 Andr.
1774 438 1791 454 ιι
1820 429 1883 455 Non
1906 431 1939 456 ita
1954 431 2066 458 dissimili
2087 434 2144 460 suut
2158 442 2232 466 argu-

97 461 215 495 testantur
233 460 299 490 Plin,
313 470 336 493 4,
351 469 371 489 5.
408 462 438 486 Et
458 460 539 487 Solin.
554 469 575 485 c.
587 469 610 493 9.
682 460 779 486 Auson.
789 458 882 490 Eidyll-
896 466 925 491 25
948 460 1014 486 Haec
1030 470 1135 496 quoque
1158 469 1172 495 ς
1195 468 1293 487 mento.
1364 463 1421 488 Cic.
1435 461 1467 488 de
1480 463 1579 490 Seueri.
1601 484 1607 490 .
1631 485 1636 490 .
1655 485 1662 490 .
1696 463 1759 490 Non
1774 464 1809 490 ita
1822 464 1899 498 longa
1913 465 2095 499 disputatione.
2166 469 2232 495 Non

96 503 147 523 tem
167 494 258 522 oribus
278 495 458 530 quinquennia
477 496 545 521 sacra
563 494 685 522 notandis
723 494 828 522 Isthmia
845 494 971 528 Neptuno
992 496 1048 522 data
1069 498 1135 524 finnt.
1196 498 1307 522 inultum
1321 496 1355 522 ita
1369 497 1472 523 dicendi
1495 497 1568 524 laude
1582 500 1733 532 procederat
1757 500 1827 526 Idem
1847 499 1878 525 de
1897 499 1965 526 Clar.
1979 504 2051 528 Orat.
2070 512 2102 534 4¹·
2176 504 2233 530 Nec

92 504 197 564 Exigo!
211 531 329 563 Pindari,
338 531 427 565 graeci
438 532 534 562 Ροὲιαε,
543 537 571 556 vt
583 530 718 566 Olympia,
735 530 847 564 Nemea,
864 535 888 555 et
901 530 999 563 Pythia,
1014 532 1050 557 in
1063 534 1136 558 etium
1194 531 1230 558 ita
1244 532 1355 558 multum
1370 532 1522 567 promritus,
1544 534 1655 560 ren-&ns
1669 535 1761 560 Austro
1773 535 1828 561 sum
1844 535 1872 560 in
1888 544 1946 560 eum
1962 535 2042 568 ipsum
2057 539 2151 569 locum,
2164 538 2233 564 vnde

92 565 208 593 Isthmia.
1196 568 1393 593 conscenderam
1419 568 1474 594 Cic.
1486 569 1598 603 Philipp.
1615 579 1632 599 ι,
1646 580 1666 601 7.
1739 568 1818 602 Quod
1839 569 1855 596 si
1876 570 1910 595 ita
1929 570 2057 603 fecili'em,
2079 572 2103 597 id
2125 582 2177 599 non
2197 574 2233 599 ita

136 607 144 626 1
159 606 233 628 STH
244 598 406 633 MIXCVS,
430 609 459 633 a,
486 610 540 628 um.
582 600 642 626 Adi.
686 598 839 634 [mimate]
876 599 1024 627 Isthmiacus
1046 608 1137 636 portus
1196 603 1245 628 ess’e
1259 602 1341 628 fixum
1358 602 1464 629 deberet
1490 603 1561 629 Idcm
1576 613 1624 638 pro
1638 605 1741 631 Clucnt.
1764 609 1800 632 26.
1867 606 1918 637 Ita,
1936 612 1979 640 pro
1994 606 2087 632 deinde
2112 608 2233 634 Scribon-

95 635 156 662 Stat.
169 637 233 663 Silu.
247 644 272 670 2,
286 646 304 669 ι,
320 646 368 670 ¹79-
440 637 512 663 Idem
532 634 627 662 Theb.
638 639 663 668 6,
678 644 718 668 557
744 635 775 660 Et
792 635 833 661 bis
850 635 878 660 in
898 635 1030 663 Isthmiaca
1050 638 1137 664 vietor
1152 645 1181 664 ιο
1195 646 1236 670 43.
1249 640 1289 670 63.
1362 638 1417 664 Cic.
1429 638 1481 664 Off.
1496 646 1519 671 2,
1534 648 1558 671 ιι)
1575 649 1596 665 c.
1611 644 1624 664 6
1638 647 1677 673 pr.
1703 640 1806 672 Quibus
1820 647 1906 666 autem
1919 640 2065 667 rationibus
2079 641 2141 667 hanc
2156 643 2234 668 sacul-

95 672 218 698 clamatus
231 680 317 698 arena.
395 672 504 698 Corona
524 671 589 698 Plin.
604 680 636 703 ις,
651 678 689 697 Ιο.
743 670 848 697 Fretum
867 669 955 697 Sidon.
970 672 1058 699 Carni.
1074 676 1136 705 u,6.
1197 679 1274 700 tatem
1288 672 1383 706 assequi
1397 673 1526 707 poll'unus,
1546 681 1573 700 vt
1586 674 1722 700 hominum
1738 676 1818 701 lludia
1832 675 2043 709 comple-damur,
2058 684 2138 710 eaque
2152 684 2235 703 tenca-

133 713 299 739 18‘1'R1A,
319 715 355 734 ae.
383 707 401 732 f.
437 707 549 741 [Ἶςςία]
586 707 675 732 Italiae
688 705 772 740 regio,
791 707 822 731 de
834 714 881 740 qua
901 706 963 732 Pliu.
978 716 1040 740 3,19
1064 708 1137 734 Istria
1196 716 1270 740 muS,
1296 708 1428 741 dicemus,
1454 718 1537 742 neque
1557 710 1590 736 ita
1609 711 1692 736 multo
1710 711 1778 744 poll:
1806 711 1847 736 scd
1867 719 1944 744 pauca
1962 718 2020 737 ante
2041 710 2148 737 dicenda
2170 713 2236 738 sunt.

95 747 123 768 vt
137 741 272 776 peninsula
285 742 410 774 excurrit,
429 750 474 769 etc.
511 742 583 775 Conf.
601 746 659 772 c,18
678 747 743 767 extr.
1196 744 1260 775 Qio
1278 750 1401 777 mortuo,
1421 752 1467 769 nec
1490 744 1523 771 ita
1543 745 1627 770 multo
1647 745 1702 778 poli
1723 747 1751 771 in
1770 746 1881 772 Galliam
1905 745 2076 780 proficiscitur
2113 746 2168 773 Cic.
2188 756 2236 780 pro

134 783 144 803 1
155 783 198 804 s'r
208 784 225 803 R
236 784 261 811 1,
272 777 328 809 fine
349 783 368 803 Η
380 784 389 803 1
401 784 413 803 s
425 783 447 804 Τ
459 784 478 804 R
489 784 499 803 1
510 797 518 808 ,
537 779 623 802 orum.
650 785 686 803 ιιι.
722 775 809 811 Istriae
817 775 908 810 populi.
943 777 1003 803 Liu.
1016 786 1048 810 ει,
1065 780 1100 804 ι6.
1197 779 1289 810 Quint.
1309 787 1339 807 ις,
1448 779 1526 805 Plaut.
1540 780 1668 806 Trinum.
1682 790 1702 812 ς,
1716 789 1740 809 2,
1752 789 1773 809 ςι
1807 782 1842 807 Ita
1863 781 1949 807 subito
1969 781 2019 814 est,
2039 790 2151 816 propere
2165 780 2237 816 quod

133 818 145 841 ι
156 817 198 839 ST
208 818 227 838 R
241 817 250 838 1
262 813 314 839 »IN
326 819 355 843 1,
375 815 461 840 orum.
481 822 516 839 ιιι.
533 812 572 837 Pl.
608 811 695 837 Iidem.
730 810 875 844 Iustin.9‚2
895 812 949 838 Rex
958 812 1137 840 Istrianorum.
1157 820 1183 847 ις
1196 822 1256 838 eum
1271 806 1429 840 conuefltum
1445 815 1514 840 volo.
1587 816 1624 841 Ita
1645 824 1685 841 res
1706 816 1786 841 subita
1805 816 1839 841 cst
1865 815 1902 843 Id.
1915 818 1991 843 Cure.
2007 826 2028 848 2,
2043 827 2063 848 3,
2077 827 2110 848 23.
2181 817 2238 843 Cic.

1197 847 1229 873 de
1245 849 1351 875 Amicit.
1369 869 1376 875 .
1399 869 1403 875 .
1423 869 1429 875 .
1463 850 1501 874 Ab
1520 850 1557 875 eis
1577 851 1610 876 ita
1630 858 1763 882 amantur,
1785 858 1811 876 vt
1831 851 1908 877 facile
1923 860 2013 878 earum
2028 859 2131 886 apparet
2147 851 2238 877 senilis.

502 885 515 916 1
588 884 622 916 T
696 884 723 915 A
1197 883 1268 910 Idem
1283 893 1332 917 pro
1346 884 1431 911 Deiot.
1447 893 1466 909 ει
1495 885 1539 910 Dii
1553 892 1576 911 tc
1590 886 1696 919 perdant
1709 886 1836 920 sugitiue:
1857 887 1891 912 ita
1905 895 1957 913 non
1971 888 2051 913 modo
2067 895 2193 920 nequam,
2213 893 2240 913 et

1197 918 1345 953 improbus,
1365 919 1405 945 sed
1419 926 1443 945 et
1456 920 1539 946 fatuus
1554 927 1578 946 et
1592 930 1678 946 amens
1691 931 1726 947 es.
1798 922 1939 948 Ter.Eun.
1955 932 1978 954 4,
1992 932 2013 952 2,
2025 933 2037 948 2
2059 923 2127 949 Dum
2143 932 2185 947 rus
2197 931 2240 954 eo,

131 961 141 980 ι
152 960 216 981 TA.
246 954 318 989 [νοι),
338 952 416 988 ἕως]
452 953 603 980 Adaei-bium
622 953 798 989 respondendI,
812 952 866 985 fiae
880 953 1033 987 affirmandi,
1051 962 1073 980 et
1087 964 1140 980 cim..
1199 955 1274 988 coepi
1287 962 1389 988 egomet
1403 963 1504 981 mccum
1519 957 1586 982 iuter
1601 956 1664 985 vias,
1683 956 1717 982 ita
1730 962 1757 982 vt
1771 956 1809 989 lit,
1828 956 1872 983 vbi
1887 957 1949 991 quid
1965 958 1992 983 in
2007 958 2096 984 animo
2111 958 2145 983 est
2159 957 2241 983 mole-

90 990 289 1025 firmandi‚quae
302 990 344 1015 vel
354 989 548 1024 praet-efferevel
555 989 702 1023 sequuntur,
717 989 760 1014 vel
771 995 837 1014 certe
850 990 1041 1015 conuem'entiam
1055 999 1137 1023 quam·
1152 999 1183 1017 20
1198 989 1260 1016 stiae
1269 1010 1277 1022 ,
1296 990 1374 1016 aliam
1388 999 1443 1016 rem
1458 999 1489 1016 cx
1502 991 1550 1017 alia
1567 991 1690 1025 cogitare.
1762 993 1799 1018 Ita
1815 999 1841 1018 vt
1855 992 1988 1024 ingenium
2002 993 2038 1019 est
2055 994 2176 1019 oninium
2193 993 2240 1018 ho-

97 1034 188 1057 cunque
204 1024 343 1057 india-anfi.
415 1025 484 1050 Ter.
498 1024 578 1050 Andr.
591 1035 612 1057 ς,
624 1033 649 1055 2,
663 1031 676 1054 8
703 1023 776 1056 Quid
789 1022 846 1049 istic
861 1024 910 1050 tibi
924 1025 1024 1059 negotii
1038 1026 1089 1051 est?
1111 1031 1138 1052 c.
1198 1026 1300 1051 minum
1328 1026 1395 1051 Ter.
1409 1025 1490 1052 Andr.
1505 1036 1522 1056 1,
1536 1034 1553 1057 ι,
1566 1035 1605 1055 50·
1676 1028 1728 1058 Ita,
1750 1033 1777 1053 vt
1791 1027 1806 1052 li
1821 1028 1879 1053 esset
1892 1027 1946 1054 filia
1972 1027 2041 1054 Idem
2058 1029 2121 1054 hun.
2137 1038 2153 1060 ι,
2169 1036 2192 1060 2,
2207 1037 2239 1059 37.

97 1059 211 1085 rnihin'?
248 1066 275 1086 8.
295 1060 340 1085 ita.
376 1062 445 1087 Add.
459 1060 514 1086 Cic.
529 1060 560 1085 de
574 1060 647 1085 Orat.
661 1068 673 1085 2
690 1068 711 1085 c.
728 1068 746 1085 ιι
760 1064 800 1092 pr.
873 1060 909 1085 Ita
922 1061 1017 1086 Dauus.
1070 1061 1138 1088 Hor.
1200 1061 1218 1086 i.
1238 1062 1453 1096 Qemadmodum.
1524 1061 1580 1086 Cic.
1597 1061 1672 1086 Verr.
1689 1071 1705 1091 ι,
1718 1070 1753 1093 40
1779 1062 1950 1093 Quaesturam
1964 1063 1999 1089 ita
2015 1064 2098 1097 gessit,
2119 1062 2241 1097 quemad-

97 1094 179 1123 Serin.
192 1103 215 1126 2,
229 1104 252 1127 7,
267 1103 279 1120 2
305 1094 443 1122 Dauusne?
464 1095 498 1121 ita
517 1095 614 1122 Dauus.
625 1095 729 1129 subaud.
757 1093 806 1120 Est.
877 1095 944 1121 Ter.
960 1096 1023 1121 Eun.
1043 1105 1060 1128 ι,
1075 1105 1096 1128 2,
1108 1106 1138 1128 44
1198 1096 1306 1121 modum
1320 1095 1489 1130 cognouistis.
1560 1095 1630 1122 Idem
1645 1104 1693 1129 pro
1704 1096 1828 1127 Quint.15
1847 1098 1904 1129 Qua
1919 1098 1946 1123 in
1960 1107 1989 1124 re
2003 1105 2036 1124 ita
2052 1098 2162 1132 diligens
2176 1105 2241 1130 erat,

95 1129 165 1156 Nam
180 1129 223 1155 hic
235 1138 341 1164 quoque
355 1130 450 1157 bonam
465 1135 748 1165 magnamque.partem
762 1128 794 1155 ad
813 1134 838 1154 te
853 1130 944 1157 attulit.
986 1137 1020 1156 Τ.
1042 1131 1078 1157 ita
1092 1132 1137 1157 est.
1197 1130 1268 1165 quali
1284 1130 1320 1162 ii,
1340 1131 1385 1165 qui
1397 1139 1489 1165 magna
1503 1129 1553 1157 fide
1566 1132 1714 1157 societatem
1725 1137 1855 1165 gererent.
1894 1133 1965 1165 Conf.
1985 1133 2023 1160 Id,
2041 1135 2115 1159 Verr.
2129 1145 2141 1165 ‘l
2164 1143 2186 1159 c.
2199 1141 2241 1159 22.

95 1163 160 1192 Nou
173 1164 207 1190 est
222 1164 268 1197 ita,
284 1173 331 1201 pro
344 1166 400 1192 Nan
413 1165 447 1202 est
460 1173 546 1191 verum
565 1165 620 1191 Cic.
635 1164 800 1198 pro*Cluent.
814 1183 821 1190 .
837 1185 842 1190 .
863 1185 869 1191 .
941 1168 977 1193 Ita
992 1167 1036 1199 est,
1056 1167 1138 1192 sentio
1155 1172 1182 1198 23
1196 1167 1235 1192 Ita
1248 1173 1370 1199 tanquam
1402 1166 1457 1192 Cic.
1473 1167 1548 1193 Verr.
1561 1175 1579 1199 4
1598 1176 1620 1192 c.
1634 1175 1668 1192 22.
1865 1164 1886 1202 ff
1917 1174 1930 1199 ς
1987 1170 2150 1202 Cmnpmeana'i
2160 1168 2242 1203 parti.

95 1200 177 1225 Plaut.
192 1200 280 1226 Pseud.
301 1210 318 1232 ι,
332 1209 354 1232 5,
369 1209 400 1230 5¹.
471 1200 536 1226 Plin.
550 1209 605 1232 ¹3‚3
631 1200 791 1234 Vtinamque
812 1199 898 1226 dicere
915 1202 1058 1235 possemus,
1079 1202 1138 1236 quis
1198 1202 1255 1226 cula
1267 1201 1316 1236 est,
1335 1211 1387 1226 cum
1405 1201 1438 1235 cs}
1452 1202 1478 1226 in
1492 1202 1597 1236 apotlofi,
1617 1202 1652 1227 Vt
1667 1209 1746 1227 autem
1764 1202 1791 1227 in
1806 1201 1906 1236 protasi.
1977 1201 2046 1228 Ter.
2061 1203 2139 1230 Andr.
2154 1212 2178 1236 2,
2192 1212 2211 1235 ι,
2226 1213 2241 1235 4

94 1235 196 1268 primus
211 1234 365 1262 instituisset.
436 1237 473 1262 Ita
485 1235 535 1268 est,
552 1235 681 1260 nimirum
699 1233 746 1262 hac
766 1235 885 1262 mercede
903 1244 1039 1271 corruptae
1060 1243 1139 1263 terra-
1199 1236 1234 1261 Vt
1253 1237 1354 1261 animus
1375 1233 1464 1271 in‘spe
1484 1244 1562 1271 atque
1579 1237 1608 1262 in
1627 1236 1724 1262 timore
1741 1245 1822 1270 vsque
1842 1236 1949 1263 antehae
1967 1243 2078 1264 attentus
2099 1238 2164 1263 fuit:
2195 1238 2243 1271 ita,

95 1277 154 1295 rum
168 1269 262 1296 orbem
276 1270 398 1296 deuicere
411 1270 522 1304 aquilae.
593 1270 665 1296 Idem
681 1276 708 1304 7,
722 1279 754 1301 40
780 1271 818 1297 Ita
831 1271 866 1297 est
877 1272 1008 1306 protheto,
1028 1272 1093 1298 alius
1107 1272 1139 1299 de
1197 1270 1334 1305 postquam
1348 1271 1448 1298 ademta
1461 1272 1514 1305 spes
1526 1271 1571 1304 est,
1587 1272 1668 1305 lassus,
1680 1281 1741 1298 cura
1755 1271 1900 1304 constans,
1920 1272 2011 1306 stupet.
2079 1273 2116 1299 Id.
2132 1272 2241 1306 Adelph.

94 1304 148 1330 alio
161 1305 259 1332 indicat
271 1305 342 1336 dies,
360 1312 385 1332 et
402 1311 487 1332 tamen
506 1304 640 1339 supremus
660 1305 692 1331 de
706 1305 838 1332 omnibus.
891 1308 988 1333 Locutio
1003 1306 1034 1340 esi
1053 1308 1140 1334 Plinio
1198 1316 1219 1338 3,
1233 1316 1254 1338 3,
1269 1315 1297 1338 77
1325 1307 1359 1332 Vt
1372 1306 1453 1333 hoino
1468 1306 1518 1337 cst,
1539 1307 1574 1332 ita
1589 1316 1691 1333 morem
1705 1315 1792 1341 geras,
1811 1314 1853 1333 rte.
1926 1309 1957 1333 Et
1970 1307 2114 1340 cvnnmfim,
2137 1308 2194 1334 Cic.
2210 1307 2240 1333 de

87 1339 240 1372 finniliaris.
313 1342 380 1369 Ter.
396 1340 476 1366 Andr.
489 1349 511 1373 3,
525 1350 542 1373 1,
561 1350 566 1366 ι
595 1342 633 1367 Ita
653 1340 696 1374 pol
713 1341 821 1377 quidem
834 1351 874 1368 res
890 1343 940 1377 est,
958 1348 987 1369 vt
1000 1338 1066 1369 dixti
1081 1344 1140 1370 Les.
1157 1348 1189 1372 30
1201 1341 1306 1367 Amicit.
1325 1350 1353 1373 24
1385 1341 1489 1368 Orestes
1501 1348 1604 1374 autem,
1623 1342 1659 1368 ita
1672 1348 1700 1368 vt
1712 1348 1781 1374 crat,
1805 1341 1923 1368 Orestem
1938 1343 1962 1368 se
1975 1343 2037 1375 efi'e,
2058 1344 2242 1376 perseueraret.

94 1372 147 1401 bia.
219 1375 260 1402 Est
273 1375 317 1407 ita,
330 1382 358 1402 vt
370 1375 466 1402 dicitur
485 1375 659 1409 Cic.Verr..i,
672 1385 706 1408 ¹¹7
727 1385 748 1402 c.
758 1385 794 1410 52.
866 1378 1075 1410 Plaut.Pseud.4‚
1086 1388 1142 1412 753
1200 1373 1221 1412 ff
1242 1379 1258 1401 6
1295 1377 1487 1409 Conclnstonibus
1499 1385 1522 1402 et
1536 1376 1814 1412 Epiphonmnqfiseruit.
1857 1377 1915 1404 Cic.
1929 1377 2010 1404 Tnsc.
2026 1387 2047 1409 ς,
2063 1387 2093 1410 9⁴
2115 1379 2152 1404 Ita
2166 1376 2243 1403 nobi·

95 1409 175 1436 Tuus
187 1409 282 1437 herus?
320 1417 350 1437 Η.
371 1411 406 1437 ita
420 1410 490 1437 dico.
517 1417 543 1437 B.
564 1411 656 1437 mites?
692 1418 723 1438 Η.
743 1411 779 1438 ita
794 1412 898 1447 loquor.
970 1414 1050 1439 Plaut.
1064 1412 1141 1440 Most.
1200 1412 1292 1438 limma
1305 1412 1397 1438 ciuitas
1410 1413 1544 1445 Graeciae,
1565 1419 1589 1439 et
1602 1412 1667 1438 olim
1681 1411 1861 1446 potentimma,
1878 1412 2022 1447 sepulcrum
2035 1413 2102 1438 ciuis
2115 1412 2154 1439 sui
2168 1413 2243 1448 igno-

94 1454 119 1476 4,
134 1454 156 1477 2,
170 1454 192 1476 31
219 1446 305 1473 Herus
319 1446 363 1472 hic
374 1446 461 1472 noster
475 1452 556 1480 potat.
594 1453 616 1472 T
629 1453 655 1473 Ε.
679 1446 757 1473 herus
773 1447 815 1474 hic
828 1448 912 1475 vester
923 1450 1012 1482 potat?
1052 1455 1083 1475 D.
1105 1449 1141 1475 ita
1201 1447 1284 1480 rass'et,
1297 1447 1344 1473 nisi
1359 1447 1391 1474 ab
1405 1447 1513 1473 homine
1527 1448 1651 1481 Arpinate
1664 1447 1798 1473 didicisset.
1817 1449 1845 1472 de
1858 1449 2013 1474 Archimedis
2020 1447 2139 1482 sepulcro.
2212 1449 2243 1473 Iit

95 1479 202 1514 loquor.
274 1479 359 1507 Paullo
372 1482 448 1507 aliter
469 1482 540 1507 Idem
555 1481 613 1508 Aul.
627 1491 649 1515 5,
663 1490 686 1508 21
715 1482 793 1509 Soleo
811 1481 899 1510 hercle
919 1493 967 1518 ego
988 1493 1068 1515 nugas
1085 1492 1142 1518 gar-
1202 1483 1229 1508 in
1241 1483 1440 1514 conclufionibus:
1479 1483 1533 1508 Cic.
1547 1483 1578 1508 de
1593 1483 1649 1508 Fin.
1666 1492 1687 1514 3,
1707 1502 1714 1508 .
1736 1503 1742 1508 .
1763 1501 1769 1508 .
1800 1484 1838 1509 Ita
1851 1481 1896 1516 fit,
1915 1489 1942 1509 vt
1955 1483 2026 1516 quod
2039 1481 2136 1509 bon'um
2153 1482 2197 1514 fir,
2216 1482 2243 1508 id

93 1515 158 1545 rire,
173 1515 208 1541 ita
222 1516 328 1551 loquor.
401 1516 459 1542 Cic.
473 1515 505 1542 de
518 1517 625 1544 Amicit.
642 1526 667 1550 ¹9
683 1527 705 1543 c.
718 1526 735 1550 9
755 1518 890 1545 Humilem
905 1520 964 1546 sane
978 1513 1141 1553 reliiiquunt,
1155 1521 1185 1547 35
1199 1519 1279 1543 etiam
1292 1517 1427 1544 honestum
1443 1516 1480 1544 sit.
1558 1517 1630 1544 Idem
1645 1518 1698 1544 Off.
1714 1527 1733 1549 ι,
1748 1526 1787 1550 ι49
1814 1519 1850 1544 Ita
1865 1518 1909 1550 tit,
1929 1524 1956 1544 vt
1976 1519 2062 1544 vincat
2082 1517 2243 1552 cognitionis

93 1556 120 1576 et
132 1550 244 1577 minime
262 1552 418 1585 generosum
436 1554 483 1583 (vt
497 1552 534 1578 ita
547 1552 649 1584 dicam)
668 1559 757 1579 ortum
773 1553 922 1587 amicitiae,
942 1554 1055 1587 fbrmula
1071 1565 1142 1580 excu-
1200 1553 1324 1587 studium,
1344 1553 1504 1580 consociatio
1519 1552 1658 1578 hominum
1673 1561 1750 1587 atque
1763 1554 1945 1579 communitas.
2015 1553 2051 1579 Id.
2065 1562 2114 1587 pro
2126 1554 2220 1586 Quot.
2230 1558 2244 1581 8

87 1585 167 1620 sandi
185 1580 285 1613 &erbum
301 1586 381 1621 paullo
392 1587 486 1613 durius.
581 1588 662 1614 Plaut.
681 1588 774 1622 Amph.
788 1597 807 1621 ι,
821 1598 840 1622 1,
853 1598 899 1623 254
925 1589 1013 1622 Quid,
1033 1589 1141 1617 domum
1201 1588 1239 1615 Ita
1253 1588 1298 1622 fit,
1318 1593 1346 1614 vt
1359 1597 1423 1621 ego,
1443 1589 1490 1622 qui
1503 1589 1553 1614 tela
1568 1587 1712 1622 depellere,
1729 1595 1754 1614 et
1768 1588 1920 1614 vulneribus
1933 1588 2032 1614 mederi
2047 1588 2170 1618 debeam,
2187 1596 2245 1614 tum

94 1620 227 1646 nostram?
264 1627 286 1648 S.
308 1622 343 1648 ira
357 1621 430 1648 enim
446 1631 522 1649 vero.
637 1623 711 1650 Idem
727 1623 792 1651 ibid.
806 1633 826 1657 ι,
840 1634 858 1657 ι,
872 1627 921 1651 206
954 1625 1082 1651 Haeccine
1097 1631 1140 1651 tua
1200 1623 1228 1649 id
1242 1623 1328 1649 facere
1341 1632 1435 1657 cogar,
1453 1631 1497 1649 etc.
1569 1623 1624 1649 Cic.
1637 1623 1668 1649 de
1681 1622 1716 1649 N.
1731 1624 1762 1649 D.
1778 1632 1797 1654 ι,
1812 1632 1840 1649 ιιι
1868 1624 1958 1650 Virtus
1977 1630 2063 1649 autem
2077 1624 2182 1650 actuosa
2199 1623 2245 1656 est,

94 1655 188 1681 domus
202 1656 254 1682 est?
291 1663 316 1683 s.
336 1657 372 1682 ita
385 1657 502 1690 inquam.
573 1657 647 1684 Idem
662 1659 728 1685 ibid.
743 1669 760 1691 ι,
776 1669 793 1692 ι,
806 1668 846 1691 2¹⁴
872 1661 906 1686 At
917 1660 1038 1686 meiitiris
1052 1661 1142 1693 etiam,
1201 1665 1227 1684 et
1241 1657 1303 1684 deus
1320 1658 1402 1684 vester
1413 1658 1481 1684 nihil
1495 1667 1586 1692 agens:
1609 1667 1700 1693 expers
1719 1659 1825 1684 virtutis
1844 1658 1938 1692 igitur:
1964 1659 2016 1692 ita,
2039 1668 2071 1684 ne
2085 1659 2173 1691 beatus
2189 1658 2246 1691 qui-

93 1698 167 1717 certo
181 1690 300 1724 pedibus,
320 1700 373 1718 non
387 1693 483 1719 tunicis
498 1692 580 1719 venis.
617 1701 642 1720 s.
660 1694 696 1720 ita
710 1695 842 1729 profecto.
913 1696 969 1722 Cic.
984 1696 1066 1722 Tusc.
1081 1706 1103 1730 2,
1113 1700 1141 1729 67
1153 1698 1191 1723 40
1202 1693 1262 1720 dem
1275 1693 1325 1724 est,
1349 1694 1403 1719 vid.
1426 1700 1436 1719 1
1448 1700 1499 1720 TA
1509 1700 1562 1734 (LV
1574 1699 1601 1719 E·
1800 1692 1819 1729 Ἴ
1839 1701 1856 1727 7
1894 1695 1981 1723 Itane,
1996 1692 2150 1727 JI·1'J'.-1.tdntis
2162 1694 2246 1726 parti·

95 1725 143 1752 Sed
159 1726 208 1752 tibi
222 1726 271 1752 hoc
285 1725 365 1753 video
379 1737 431 1754 non
450 1728 520 1762 posse
536 1728 638 1755 deberi.
676 1737 707 1756 Α.
730 1736 767 1755 ita
790 1730 904 1765 prorsus.
975 1732 1056 1758 Plaut.
1071 1732 1142 1762 Men.
1202 1730 1268 1754 cula·
1304 1729 1373 1755 Tel·-
1388 1729 1452 1755 Ευῐῑ-
1468 1737 1490 1761 5,
1504 1739 1529 1760 9,
1545 1738 1570 1761 27
1594 1728 1717 1760 Q¹0dUi⁵
1729 1728 1844 1758 flOssUmv
1862 1734 1887 1753 et
1902 1729 2048 1760 praemium
2061 1736 2074 1752 ἃ
2089 1737 2129 1753 me
2141 1733 2246 1767 optato}

94 1768 118 1800 5,
132 1771 156 1795 9,
173 1764 201 1792 36
227 1762 299 1794 Qiid
314 1763 350 1788 ais
364 1764 410 1789 tu?
432 1763 630 1790 Menaechmum
645 1765 743 1799 opinor
756 1770 780 1792 te
793 1765 885 1791 vocari
899 1766 1011 1792 dixeras.
1048 1773 1098 1794 ME
1109 1773 1142 1793 N.
1201 1763 1230 1790 id
1244 1769 1362 1798 optatum
1376 1764 1452 1791 feres.
1492 1769 1523 1788 G.
1544 1763 1632 1788 Itane?
1702 1763 1759 1788 Cic.
1775 1772 1822 1796 pro
1837 1763 1909 1788 Rosc.
1919 1762 2005 1788 Amer.
2023 1771 2054 1787 112
2083 1761 2247 1789 Pcrdmffimi.

92 1803 129 1821 ita
147 1805 221 1822 vero.
294 1798 363 1824 Ter.
380 1798 475 1825 Heaut.
489 1808 513 1830 4,
526 1805 549 1830 8,
563 1809 582 1825 ιι
598 1800 684 1826 Immo
697 1800 776 1832 haec,
796 1808 862 1834 quae
875 1801 944 1834 apud
958 1809 983 1827 te
997 1802 1048 1836 est,
1066 1802 1144 1828 Cliti·
1200 1799 1236 1824 est
1250 1799 1332 1832 igitur
1344 1798 1461 1823 hominis
1482 1795 1555 1822 simul
1576 1796 1764 1835 eramicitiam
1784 1797 1937 1829 diffoluere,
1957 1804 1982 1822 et
1997 1796 2087 1822 fallere
2101 1807 2176 1836 eum,
2201 1797 2247 1831 qui

92 1831 189 1865 phonis
203 1831 239 1857 est
250 1833 341 1859 amica.
381 1840 417 1859 Μ.
436 1833 472 1859 ita
485 1833 568 1860 aiunt.
606 1840 635 1861 c.
656 1841 682 1861 et
695 1841 724 1861 tu
737 1835 839 1861 credis?
878 1842 916 1861 Μ.
938 1837 1037 1861 omnia,
1101 1835 1140 1862 Id,
1203 1834 1283 1858 laesus
1297 1841 1351 1857 non
1364 1832 1434 1864 esset,
1454 1831 1501 1856 nisi
1518 1830 1670 1857 credidisset.
1707 1838 1777 1857 itanc
1791 1831 1842 1857 est?
1914 1832 2143 1858 Commiserantis:
2179 1833 2247 1859 Ter.

91 1866 173 1891 Andr.
186 1876 207 1898 5,
220 1876 241 1898 3,
256 1877 270 1898 ⁴
297 1869 335 1895 Ita
347 1868 506 1901 praedicant.
579 1878 582 1880 ’
766 1867 787 1905 fl
806 1878 823 1895 2.
856 1870 906 1900 Ita,
926 1875 955 1893 ve
967 1870 1143 1901 iudicauimus,
1154 1872 1188 1896 45
1204 1867 1285 1892 Andr.
1306 1876 1336 1899 4,
1355 1868 1386 1899 6,
1401 1873 1418 1899 7
1450 1865 1540 1892 Saluus
1559 1865 1588 1892 sis
1607 1866 1692 1892 Crito.
1731 1872 1760 1892 c.
1781 1867 1849 1903 itane
1869 1866 1988 1897 Chrysis?
2015 1866 2084 1892 hem.
2120 1867 2247 1893 Donatus.

90 1901 280 1934 qualemcunque
291 1902 631 1935 conuenientiarnsr'gm'sz‘tat,
649 1909 680 1927 vt
695 1902 783 1929 Talis.
856 1901 1041 1936 Ter.Adelph.
1056 1913 1074 1933 ι,
1081 1912 1103 1935 2,
1112 1906 1142 1936 64
1203 1901 1389 1936 Indignationis
1402 1907 1473 1926 notu:
1511 1900 1579 1926 Ter.
1594 1901 1673 1926 Andr.
1686 1910 1706 1934 3,
1718 1911 1740 1932 r,
1755 1910 1777 1926 ¹2
1803 1904 1827 1927 O
1843 1901 1930 1933 Daue,
1951 1902 2018 1927 itane
2034 1909 2189 1928 contemnor
2202 1903 2247 1929 abs

92 1934 163 1962 Nam
176 1935 213 1961 ita
225 1936 261 1961 cst
274 1935 372 1962 homo:
393 1945 474 1970 quum
491 1936 576 1970 placo,
595 1935 721 1962 aduersor
733 1937 839 1969 sedulo,
858 1943 884 1963 et
896 1938 1036 1970 deterreo,
1056 1945 1143 1964 tamen
1203 1937 1245 1962 te?
1323 1936 1366 1960 Vbi
1383 1935 1515 1964 Donatus,
1536 1935 1686 1968 Indignatio
1699 1936 1750 1967 est,
1766 1936 1797 1961 ad
1811 1936 2017 1962 aestimationem
2031 1939 2176 1963 reuocantis
2190 1945 2248 1963 eius

91 1970 136 1996 vix
150 1970 263 1997 humane
276 1971 384 2004 patitur.
476 1972 515 1997 Ita
527 1971 611 1996 vestra
630 1971 667 1996 est
680 1971 826 2005 benignitas
849 1972 930 1997 Plaut.
943 1973 1012 1998 Potn
1036 1983 1057 2005 ς,
1070 1983 1091 2005 3,
1105 1982 1143 2004 30.
1203 1970 1271 1996 dieta
1286 1970 1328 1996 vel
1346 1970 1427 2002 faeta,
1445 1978 1458 1995 a
1478 1978 1531 2003 quo
1550 1970 1728 1996 contemnitur
1747 1971 1814 2003 quis.
1886 1971 1955 1998 Ter.
1969 1972 2050 1998 Andr.
2064 1981 2082 2003 ι,
2099 1983 2120 2005 5,
2134 1986 2147 2005 ι,
2176 1975 2248 1998 Itane

91 2004 161 2033 Ter.
176 2005 283 2030 Phorm.
298 2014 316 2038 1,
329 2015 350 2037 3,
365 2014 397 2031 20
423 2006 462 2032 Ita
483 2005 604 2039 plerique
626 2005 736 2038 ingenio
756 2006 844 2031 sumus
857 2015 965 2037 omnes,
985 2007 1068 2033 nostri
1082 2016 1141 2034 nos-
1203 2005 1330 2030 obstinate
1343 2013 1449 2038 operam
1465 2005 1523 2034 dat,
1543 2011 1572 2031 vt
1586 2014 1627 2030 me
1646 2014 1661 2031 a
1673 2006 1797 2036 Glycerio
1816 2007 1941 2033 miserum
1957 2007 2102 2033 abstrahat?
2175 2007 2248 2033 Idem

92 2046 145 2066 met
159 2040 284 2073 poenitet.
356 2040 439 2067 Plaut.
453 2040 534 2067 Stich.
547 2047 570 2071 ς,
585 2048 607 2071 ς,
618 2048 630 2071 3
655 2040 726 2066 Nam
745 2040 782 2067 ita
802 2040 838 2067 est
851 2041 988 2075 ingenium
1002 2042 1142 2072 muliebre,
1154 2046 1186 2072 30
1202 2039 1239 2066 ib·
1254 2048 1278 2071 ἰ,
1291 2050 1314 2073 4,
1330 2048 1354 2070 23
1379 2039 1501 2066 Fabulam
1520 2041 1639 2074 inceptat.
1691 2045 1746 2067 CH·
1760 2041 1821 2067 fine·
1876 2048 1926 2068 CR·
1946 2043 2016 2067 itane
2028 2051 2093 2068 vero
2106 2041 2248 2069 Obturb³t3

92 2073 160 2101 benc
174 2084 233 2100 cum
249 2074 315 2101 lauta
329 2075 379 2108 est,
398 2075 473 2107 tersa,
491 2080 599 2105 ornata,
619 2074 679 2101 fieta
690 2075 735 2108 est,
757 2075 854 2102 inse6ta
867 2076 1008 2103 esttamen.
1103 2079 1141 2104 Ita
1202 2075 1256 2101 Cic.
1271 2074 1302 2100 de
1317 2075 1352 2101 N.
1368 2074 1400 2101 D.
1415 2085 1436 2106 2,
1452 2084 1470 2101 ιι
1508 2076 1579 2102 Itane
1592 2084 1656 2102 vero
1669 2085 1718 2109 ego
1734 2085 1787 2101 non
1800 2075 1893 2108 iustus,
1929 2077 1975 2109 qui
1988 2085 2014 2102 et
2030 2077 2126 2103 Consul
2143 2077 2248 2111 rogaui,

93 2111 167 2135 natio
185 2109 221 2135 est
233 2109 373 2136 hominum
401 2110 473 2136 Idem
496 2111 567 2136 Men.
581 2118 602 2141 2,
617 2119 634 2141 1,
645 2119 677 2142 33.
750 2111 788 2137 Ita
807 2116 864 2145 pars
883 2111 1070 2138 libertinorum
1091 2112 1141 2139 est:
1202 2116 1227 2138 et
1241 2118 1341 2143 augur,
1362 2115 1388 2135 et
1401 2110 1549 2143 auspicato?
1643 2111 1714 2136 Idem
1728 2112 1796 2135 Verr
1819 2120 1836 2143 ι,
1852 2120 1882 2140 40
1902 2112 1974 2138 Itane
1987 2121 2067 2144 vern,
2087 2111 2182 2146 quibus
2197 2113 2248 2139 fuit

91 2144 140 2171 nisi
153 2152 281 2179 patrono,
302 2146 348 2179 qui
363 2145 510 2172 aduersatus
524 2145 574 2177 est,
595 2145 652 2171 Nec
669 2145 728 2172 satis
741 2145 809 2172 liber
821 2145 869 2172 fibi
884 2146 1003 2179 videtur,
1022 2156 1069 2173 nec
1083 2148 1141 2173 satis
1201 2150 1293 2179 portus
1307 2144 1456 2177 amnicum,
1472 2151 1562 2170 contra
1574 2152 1654 2178 quem
1670 2152 1742 2182 arina
1756 2145 1886 2178 tulerunt,
1906 2146 1940 2172 iis
1953 2146 2020 2181 apud
2033 2154 2067 2179 te,
2088 2155 2131 2174 etc.

92 2180 180 2214 frugi,
205 2189 252 2206 nec
271 2181 329 2207 satis
350 2180 491 2213 honestus,
510 2189 564 2206 non
584 2181 642 2206 satis
660 2186 750 2214 gratus
767 2181 803 2206 est
836 2181 918 2209 Plaut.
938 2183 1006 2208 Pers.
1028 2192 1050 2214 5,
1064 2191 1086 2214 2,
1101 2189 1141 2214 57.
1238 2177 1370 2215 ITAQV
1379 2185 1405 2205 Ε.
1447 2179 1591 2212 [romarii-r,
1625 2178 1683 2211 u'iss,
1709 2180 1755 2213 ἐν]
1803 2182 1976 2207 concludentis
1994 2183 2132 2208 particula.
2190 2182 2248 2210 Cic.

90 2215 163 2242 Idem
177 2215 261 2241 Trin.
273 2224 297 2248 3,
311 2225 333 2249 2,
341 2226 369 2248 42
396 2217 434 2242 Ita
447 2216 484 2242 est
498 2224 584 2249 amor,
600 2215 692 2242 balista
705 2223 733 2242 vt
746 2216 851 2249 iacitur,
870 2216 938 2241 nihil
954 2217 986 2241 fic
1000 2217 1082 2241 celere
1096 2217 1142 2245 est,
1155 2219 1183 2244 55
1201 2213 1233 2238 de
1247 2213 1330 2238 Amic.
1346 2215 1361 2238 6
1381 2214 1470 2247 Itaque
1485 2214 1564 2239 multa
1578 2214 1609 2240 ab
1624 2223 1656 2240 eo
1670 2214 1812 2248 prudenter
1826 2216 1962 2249 disputata,
1975 2216 2077 2252 multa,
2093 2216 2211 2243 breuiter
2223 2223 2250 2245 et

91 2259 178 2284 neque
197 2251 277 2277 volat.
349 2253 387 2278 Ita
399 2251 527 2278 animatus
540 2251 597 2283 fui,
616 2256 645 2276 vt
657 2256 683 2277 te
695 2251 745 2276 hoc
759 2251 900 2281 donarem,
926 2250 944 2275 i.
964 2251 1006 2274 Sic
1019 2250 1046 2274 in
1060 2250 1141 2275 animo
1203 2247 1341 2273 commode
1355 2247 1423 2274 dieta
1438 2249 1584 2276 memoriae
1599 2250 1759 2276 mandabam.
1794 2252 1862 2276 Add-
1880 2250 1952 2277 Idem
1970 2250 2060 2277 Pal-tit.
2075 2261 2097 2278 c.
2112 2259 2138 2286 7.
2207 2255 2249 2278 In.

90 2286 206 2311 habebam
229 2286 311 2312 Plaut.
323 2286 418 2320 Amph.
432 2294 457 2321 2,
470 2294 495 2321 2,
509 2294 558 2318 ¹30·
629 2285 683 2310 Alii
696 2286 754 2311 sunt
766 2285 812 2314 ita,
829 2290 857 2310 vt
871 2285 898 2310 in
913 2293 969 2310 rem
983 2286 1032 2310 efl'e
1044 2284 1141 2311 ducunt
1201 2284 1295 2308 terdum
1302 2283 1450 2316 simpliciter
1464 2283 1495 2318 23st
1508 2291 1534 2310 et
1547 2285 1645 2316 itafine
1658 2286 1811 2318 ccmclefione.
1919 2286 1990 2312 Ter.
2006 2286 2085 2313 Andr.
2096 2297 2115 2316 ς,
2125 2296 2146 2319 3,
2157 2294 2179 2317 18
2197 2289 2248 2314 Im-

90 2322 162 2347 suam
187 2320 261 2347 Idem
279 2322 351 2347 Men.
366 2331 387 2353 5,
401 2323 427 2352 6,
441 2329 477 2352 ¹9-
548 2321 586 2346 Ita
603 2319 699 2344 iustum
716 2318 768 2351 est,
789 2319 806 2345 fi
825 2319 861 2345 est
873 2319 1054 2345 voluntarium
1085 2319 1141 2346 Cic.
1201 2317 1294 2343 moira
1307 2317 1386 2350 volo,
1407 2319 1495 2351 itaque
1510 2320 1630 2353 postulo,
1648 2324 1677 2346 vt
1690 2320 1742 2347 fiat.
1778 2321 1847 2346 ΑΜ.
1867 2319 1936 2354 Nep.
1953 2330 1975 2353 7,
1990 2329 2047 2353 4,2.
2084 2322 2139 2348 Cic.
2147 2323 2248 2356 Fanus,

91 2356 145 2383 Off.
160 2365 178 2388 1,
192 2360 228 2385 28·
263 2356 282 2382 i.
303 2357 339 2381 Ea
353 2356 492 2381 conditione
503 2360 527 2379 et
538 2353 614 2388 paHo.
686 2353 760 2380 Idem
773 2353 805 2378 de
819 2353 924 2380 Amicit.
945 2362 954 2380 ι
984 2355 1038 2388 Ego
1052 2361 1139 2380 autem
1200 2361 1223 2385 3,
1236 2360 1260 2378 2.
1370 2353 1436 2381 Ter.
1452 2355 1517 2380 Eun.
1536 2364 1558 2388 2,
1573 2365 1593 2387 3,
1608 2365 1634 2385 25
1653 2354 1775 2381 Reddunt
1788 2361 1908 2381 curatura
1923 2356 2040 2382 iunceas:
2077 2357 2164 2392 itaque
2182 2367 2247 2392 ergo

87 2400 103 2418 a
118 2397 189 2424 patre
208 2390 244 2415 ita
264 2397 336 2415 eram
355 2389 483 2415 dedue‘tus
503 2389 534 2414 ad
553 2388 703 2414 Scaeuolam
722 2389 804 2414 sumta
819 2388 894 2414 virili
908 2395 983 2423 toga,
1005 2395 1033 2415 vt
1054 2389 1140 2423 quoad
1152 2387 1188 2412 60
1200 2394 1328 2413 amantur.
1400 2389 1445 2414 Vbi
1464 2389 1599 2421 Donatus,
1618 2390 1722 2423 Itaque,
1744 2391 1828 2424 Atque
1841 2390 1875 2416 ita
1890 2390 1935 2423 fit,
1954 2400 1981 2418 vt
1995 2398 2122 2418 amentur.
2197 2395 2248 2419 Ita-

87 2426 184 2460 polsem
198 2429 224 2449 et
238 2424 345 2456 liceret,
366 2433 379 2450 a
398 2423 466 2450 senis
477 2423 558 2448 latere
576 2431 711 2455 nunquam
726 2423 895 2450 discederem.
932 2426 1001 2450 Adel.
1021 2424 1094 2450 Idem
1108 2425 1140 2450 de
1201 2431 1251 2455 que
1264 2431 1328 2451 ereo
1349 2422 1409 2448 Liu.
1423 2429 1460 2455 28,
1474 2432 1506 2450 ι2.
1603 2424 1674 2449 Idem
1688 2433 1709 2456 3,
1723 2434 1743 2455 3¹
1766 2427 1855 2459 Itaque
1869 2435 1932 2460 ergo
1944 2432 1972 2453 vt
1985 2428 2133 2461 magistratu
2147 2427 2248 2461 abiere,

89 2460 164 2487 Orat.
179 2468 192 2488 a
205 2467 227 2486 c.
244 2469 279 2485 ιο.
316 2461 349 2484 Et
369 2460 421 2484 Att.
435 2467 458 2488 2,
473 2466 503 2484 12.
539 2459 572 2483 It.
591 2457 661 2484 Fam.
676 2467 699 2491 7,
713 2460 751 2485 26.
860 2459 929 2486 Ter.
947 2460 1010 2486 Eun.
1026 2470 1043 2492 ι,
1057 2469 1082 2492 2,
1095 2466 1139 2489 ¹08
1200 2465 1213 2482 a
1226 2458 1266 2491 Sp.
1283 2457 1406 2490 Tarpeio
1418 2464 1443 2483 et
1457 2459 1584 2484 Aeternio
1597 2459 1666 2486 dieta
1679 2460 1734 2485 dies
1747 2460 1782 2486 est
1795 2461 1959 2487 Consulibus.
2000 2462 2055 2489 VIA.
2069 2464 2091 2488 h.
2106 2466 2123 2489 l.
2139 2465 2246 2491 (ἐι-σπου.

87 2495 125 2523 Ita
139 2496 225 2521 facere
239 2499 339 2519 certum
354 2493 403 2519 est:
423 2501 480 2519 mos
492 2492 624 2526 gerundus
637 2493 673 2519 est
686 2493 800 2521 Thaidi.
909 2495 946 2521 Ita
961 2504 1000 2521 res
1013 2501 1082 2525 erat,
1103 2496 1139 2520 fa·
1200 2494 1260 2516 Item
1274 2501 1291 2523 ¹,
1305 2501 1340 2523 25-
1356 2502 1380 2524 9,
1395 2501 1425 2523 3¹.
1438 2500 1475 2526 εκ,
1491 2503 1521 2520 ι2.
1589 2495 1679 2527 Itaque
1691 2495 1757 2521 adeo
1771 2504 1823 2521 vno
1836 2496 1927 2522 animo
1947 2496 2061 2523 Terent.
2076 2497 2137 2523 Hec.
2153 2507 2175 2531 2,
2190 2508 2208 2531 ι,
2221 2509 2245 2531 4.

88 2528 215 2556 ciundum
230 2528 282 2555 fuit
303 2529 375 2555 Idem
388 2528 452 2554 ibid.
467 2537 485 2560 1,
498 2536 520 2560 2,
535 2536 571 2562 17.
679 2529 716 2554 Ita
729 2529 865 2563 negotium
880 2529 916 2555 est
938 2530 1020 2556 Plaut.
1035 2531 1101 2556 Pers.
1114 2538 1139 2564 4,
1198 2525 1277 2552 Nunc
1291 2527 1378 2560 itaque
1393 2534 1418 2553 et
1433 2528 1520 2554 versus
1542 2529 1610 2555 Hor.
1626 2530 1798 2563 Epist.1‚1‚10.

88 2569 114 2598 6,
129 2575 157 2591 ιι.
276 2564 344 2590 Ter.
361 2563 442 2590 Andr.
457 2573 480 2594 4,
493 2572 516 2595 2,
531 2571 556 2594 32
586 2564 769 2598 Quapropter?
808 2571 837 2590 D.
863 2564 900 2590 ita
918 2574 984 2599 opus
1004 2565 1039 2590 est
1055 2565 1136 2591 facio.
1154 2564 1185 2592 63
1236 2568 1304 2588 ITA
1317 2568 1361 2588 Eo
1372 2569 1396 2588 M
1408 2570 1423 2588 E
1435 2569 1468 2589 LI
1483 2569 1495 2589 s
1507 2584 1514 2596 ‚
1542 2565 1571 2590 is.
1608 2564 1627 2590 f.
1669 2566 1727 2590 Vini
1739 2564 1942 2601 faHiciispecies
1954 2566 1981 2592 in
1997 2567 2044 2599 iis,
2064 2575 2178 2601 quorum
2193 2568 2244 2594 iam

88 2601 144 2628 Cic.
159 2599 237 2626 Acad.
253 2608 281 2632 4,
297 2608 309 2626 ς
334 2599 394 2625 Hoc
414 2604 500 2625 autem
519 2598 537 2624 fi
551 2598 587 2624 ita
599 2598 644 2631 sit,
662 2606 690 2624 vt
708 2609 790 2626 vnum
808 2599 890 2628 modo
912 2599 1023 2626 sensibus
1044 2601 1138 2626 falsum
1197 2595 1365 2636 obliteratam
1378 2599 1425 2623 else
1437 2599 1674 2633 rationemfatetur
1691 2599 1758 2626 Plin.
1775 2609 1812 2633 14,
1827 2603 1861 2627 16.

89 2636 220 2662 videatur.
291 2636 329 2661 Ita
348 2634 464 2668 iudices,
479 2642 512 2659 ne
543 2634 624 2660 Plaut.
639 2634 716 2660 Curc.
734 2644 754 2666 3,
769 2644 789 2667 3,
802 2637 840 2661 26.
914 2635 983 2661 Ter.
1003 2636 1088 2662 Heaut
1113 2646 1138 2666 4,
1237 2639 1246 2658 1
1262 2639 1284 2659 Τ
1296 2641 1317 2658 Α
1330 2639 1415 2667 LIA,
1450 2643 1489 2661 ae.
1526 2635 1545 2660 f.
1582 2635 1710 2669 [Ἰταλία]
1765 2637 1873 2670 Europae
1899 2636 1964 2670 regio
1981 2656 1990 2669 ,
2021 2638 2092 2671 prius
2116 2637 2244 2672 Hesperia

89 2679 113 2703 ς,
127 2679 152 2703 35
178 2672 216 2697 Ita
229 2671 256 2696 tu
271 2670 346 2696 istaec
361 2676 403 2696 tua
416 2669 539 2700 misceto,
558 2677 591 2694 ne
602 2677 645 2694 me
657 2669 804 2695 admisceas.
899 2671 937 2696 Ita
951 2670 1043 2702 iustas,
1067 2670 1137 2704 quasi
1196 2669 1301 2702 itemque
1314 2668 1427 2696 Ausonia
1437 2689 1444 2701 ‚
1465 2677 1489 2695 et
1502 2670 1633 2695 Oenotria
1651 2679 1677 2696 v.
1689 2679 1715 2697 v.
1788 2671 1864 2706 Virg.
1879 2671 1944 2697 Aen.
1957 2681 1975 2705 1,
1990 2680 2034 2704 530

66 2719 67 2722 ι
89 2715 138 2741 pro
158 2706 241 2732 noxio
268 2705 350 2731 Plaut.
366 2705 447 2731 Merc.
460 2713 483 2736 4,
497 2713 517 2739 3,
530 2706 571 2730 26.
644 2705 683 2730 Ita
702 2706 777 2739 spero
795 2703 902 2738 quidem
934 2705 1002 2732 Ter.
1016 2705 1098 2732 Andr.
1117 2714 1136 2738 1,

1352 2718 1393 2745 Est
1407 2718 1494 2751 Iocus,
1514 2720 1670 2754 Hesperium
1684 2720 1758 2746 Graii
1773 2722 1930 2755 cognomine
1945 2719 2047 2753 dicunt,

1354 2754 1443 2780 Terra
1457 2754 1581 2787 antiqua,
1603 2762 1693 2789 potens
1706 2757 1785 2782 armis
1802 2763 1878 2790 atque
1893 2757 1973 2784 vbere
1986 2756 2076 2791 glebae

1354 2789 1469 2815 Oenotri
1484 2790 1590 2817 coluere
1605 2791 1670 2817 viri:
1709 2801 1778 2817 nunc
1793 2793 1860 2818 fama
1871 2813 1878 2825 ,
1906 2792 2023 2818 minores

89 2752 111 2772 5.
125 2744 163 2772 63.
236 2740 308 2767 Idem
329 2741 425 2766 Heaut.
443 2749 463 2771 3,
479 2749 496 2772 ι,
510 2741 543 2771 96
571 2739 707 2766 Continuo
728 2738 770 2766 hic
789 2739 879 2766 adero.
919 2747 954 2767 M.
973 2741 1010 2766 ita
1031 2742 1134 2775 quaeso.
1148 2744 1185 2772 70

89 2776 220 2803 Columel.
233 2785 260 2808 4,
274 2784 296 2805 2,
311 2785 322 2800 2
348 2775 427 2809 Quod
447 2774 532 2808 mergi
552 2782 615 2800 mox
634 2775 713 2801 facile
732 2775 894 2808 radicantur,
914 2775 949 2801 ita
969 2782 996 2801 vt
1017 2783 1134 2810 quaeque

87 2812 150 2838 vitis
162 2811 214 2837 suis
226 2810 358 2837 radicibus
396 2825 440 2830 -—-
469 2810 608 2836 innitatur.
659 2811 696 2836 Ita
706 2811 968 2845 moratus,vtpraese
976 2811 1135 2845 probitatem
1349 2825 1451 2851 Italiam
1465 2825 1554 2852 diqiffe
1569 2825 1641 2852 ducis
1663 2825 1695 2853 de
1708 2827 1815 2853 nomine
1831 2833 1934 2854 „entem

89 2847 219 2879 quandam
234 2852 260 2871 et
274 2846 464 2880 ingenuitatem
483 2846 550 2871 ferat
577 2846 631 2872 Cic.
643 2845 719 2874 Acad.
735 2855 753 2879 ι,
767 2855 802 2879 33.
907 2848 943 2873 Ita
965 2856 1086 2880 magnae,
1104 2853 1134 2874 vt
1494 2847 1499 2851 ”
1831 2848 1846 2861 ⁵
1938 2847 1944 2854 ”

88 2883 189 2914 sperem
203 2882 272 2916 poli'e
283 2882 371 2911 auelli,
388 2888 432 2915 pro
445 2882 512 2907 Adeo
530 2880 598 2907 Ter.
610 2881 690 2908 Andr.
702 2891 722 2914 3,
738 2890 758 2914 3,
772 2891 802 2907 12.
873 2882 927 2908 Cic.
943 2882 974 2907 de
988 2882 1093 2909 Amicit.
1106 2890 1134 2915 19
1194 2882 1301 2910 Seruius
1314 2883 1346 2910 ad
1361 2883 1387 2911 h.
1402 2883 1419 2911 l.
1438 2884 1516 2911 Italus
1531 2894 1577 2911 rex
1591 2884 1696 2911 Siciliae
1709 2885 1739 2912 ad
1753 2895 1809 2912 eam
1823 2893 1923 2921 partem
1938 2885 2027 2920 venit,
2048 2886 2076 2914 in
2089 2895 2140 2921 qua
2153 2894 2244 2921 regna-

89 2917 130 2943 Sic
143 2917 215 2944 enim
229 2916 296 2942 mihi
317 2917 461 2950 perspicere
476 2915 589 2948 videor,
609 2916 646 2943 ita
665 2923 739 2943 natos
758 2917 806 2943 esse
824 2925 887 2950 nos,
908 2923 936 2943 vt
954 2918 1023 2943 inter
1043 2926 1134 2944 omnes
1147 2919 1179 2947 73
1195 2920 1234 2944 vit
1247 2920 1359 2945 Turnus
1375 2940 1383 2951 ,
1419 2929 1496 2953 quam
1511 2929 1524 2945 a
1541 2921 1586 2946 suo
1600 2922 1708 2947 nomine
1721 2922 1861 2956 appellauit
1877 2922 1986 2948 Italiam.
2094 2925 2142 2947 Sed
2156 2923 2244 2948 Varro

88 2953 148 2977 ess'et
161 2953 267 2978 societas
281 2951 416 2986 quaedam.
488 2951 560 2978 Idem
574 2951 638 2978 ibid.
652 2960 682 2986 37
708 2951 810 2979 videtis
823 2961 899 2987 quarn
914 2953 1013 2979 nefaria
1027 2962 1090 2988 vox,
1110 2960 1136 2980 et
1195 2955 1225 2980 R.
1239 2955 1269 2982 R.
1286 2964 1308 2987 2,
1328 2964 1348 2986 ι,
1368 2964 1382 2987 9
1421 2956 1496 2981 Italia
1507 2964 1523 2981 a
1537 2956 1626 2982 vitulis
1639 2956 1704 2981 Aina
1718 2977 1726 2990 ,
1762 2965 1789 2983 vt
1802 2957 1867 2983 dicit
1880 2958 1945 2984 Piso.
2070 2957 2140 2984 Idem
2154 2966 2176 2989 2,
2191 2967 2211 2987 5,
2231 2966 2242 2988 3

88 2987 178 3014 hercle
191 2988 227 3013 ita
241 2987 323 3019 fecit,
342 2988 383 3013 vel
405 2987 462 3021 plus
483 2987 562 3013 etiam
576 2996 655 3020 quarn
667 2987 742 3014 dixit.
939 2986 960 3024 ff
987 2998 999 3021 3
1055 2990 1136 3014 Seu-uit
1195 2990 1306 3016 Graecia
1319 2990 1425 3023 antiqua
1450 2993 1495 3022 (vt
1509 2992 1598 3017 scribit
1613 2992 1763 3027 Timaeus)
1785 2999 1872 3018 tauros
1885 2991 2013 3018 vocabant
2027 2991 2124 3022 ῖιαλὲε,
2149 3001 2164 3018 a
2178 3001 2242 3025 quo-

82 3023 203 3057 formulis
216 3023 334 3058 iurandi,
355 3032 408 3048 cum
426 3022 493 3048 velut
506 3023 667 3049 conditionem
676 3023 803 3058 pom'mus,
815 3022 862 3059 sub
882 3033 932 3058 qua
952 3024 1034 3048 ermari
1054 3034 1068 3048 a
1086 3027 1135 3050 Dea
1196 3034 1255 3051 rum
1271 3025 1440 3051 multitudine
1454 3033 1478 3052 et
1493 3026 1689 3061 pulchritudine
1702 3048 1710 3060 ,
1746 3034 1771 3054 et
1785 3028 1840 3054 fetu
1855 3028 2000 3054 vitulorum
2014 3048 2021 3060 ‚
2057 3027 2157 3054 Italiam
2173 3027 2244 3053 dixe.

88 3057 208 3091 velimus,
227 3058 270 3082 vel
287 3066 347 3090 quac
361 3065 468 3091 optamus
483 3058 588 3083 euenire.
706 3057 774 3084 Ter.
788 3059 851 3085 Eun.
865 3068 885 3091 3,
898 3068 921 3091 2,
938 3068 959 3085 21
990 3059 1027 3086 Ita
1046 3069 1088 3086 me
1107 3056 1133 3085 di
1197 3069 1267 3086 runt.
1335 3061 1388 3086 Alii
1403 3061 1573 3096 scripserunt,
1594 3062 1665 3096 quod
1680 3072 1693 3088 e
1706 3063 1793 3091 Sicilia
1807 3063 1930 3089 Hercules
1946 3063 2091 3096 persecutus
2104 3062 2134 3088 sit
2147 3071 2179 3088 eo
2194 3071 2242 3088 no-

87 3099 190 3123 ament,
209 3092 331 3118 honestus
344 3093 388 3119 est.
426 3092 527 3119 Ibidem
541 3102 564 3125 4,
579 3102 596 3126 ι,
611 3101 629 3119 ι.
699 3093 737 3120 Ita
757 3102 799 3121 me
818 3093 845 3121 di
860 3094 999 3126 amabunt,
1020 3101 1047 3121 vt
1066 3104 1134 3121 nunc
1149 3095 1181 3122 80
1195 3096 1276 3122 bilem
1291 3102 1413 3129 taurum,
1433 3097 1479 3130 qui
1493 3097 1626 3124 diceretur
1640 3098 1728 3125 Italus.
1779 3101 1848 3124 Add.
1869 3099 1973 3124 Colum.
1987 3102 2000 3123 6
2013 3106 2052 3131 pr.
2066 3107 2087 3129 7.
2125 3098 2240 3123 Bochart.

87 3127 240 3155 Menedemi
254 3127 338 3153 vicem
359 3128 465 3154 miseret
484 3136 526 3153 me
551 3127 626 3154 Idem
640 3127 733 3156 Heaut.
749 3140 772 3161 4,
786 3139 807 3163 ς,
820 3138 839 3156 1.
911 3130 967 3157 Cic.
983 3131 1060 3156 Verr.
1074 3140 1096 3162 5,
1110 3139 1135 3162 41
1195 3131 1305 3158 Hieroz.
1320 3141 1339 3163 ι,
1353 3141 1375 3163 2,
1390 3138 1427 3159 28.
1537 3134 1695 3167 Splendidam
1715 3133 1749 3166 es}
1768 3134 1868 3168 elogium
1887 3134 1977 3159 Italiae
1990 3152 1998 3165 ,
2037 3142 2082 3166 quo
2101 3139 2157 3167 opus
2170 3132 2242 3166 suum

89 3173 110 3189 c.
127 3173 149 3193 ι4
177 3164 215 3189 Ita
233 3162 302 3200 mihi
321 3162 382 3189 deos
401 3172 492 3190 omnes
508 3164 638 3198 propitios
653 3165 700 3190 esse
715 3164 811 3199 verlini,
831 3171 873 3201 vt,
893 3164 989 3192 tametsi
1007 3165 1074 3191 mihi
1096 3165 1134 3191 in-
1195 3168 1265 3192 velzaet
1276 3167 1385 3201 olglt'gnat
1405 3167 1523 3200 Plinius,
1559 3169 1654 3195 Etiam
1669 3164 1781 3202 peractis
1795 3167 1919 3194 omnibus
1934 3174 2041 3194 naturae
2055 3167 2179 3201 operibus
2196 3181 2241 3187 -—

88 3197 255 3224 eundiffimus
270 3198 305 3224 est
320 3198 405 3225 honos
418 3199 520 3233 populi,
540 3205 626 3226 tamen
638 3207 811 3235 nequaquam,
831 3208 875 3227 etr.
911 3202 966 3227 Vid.
979 3201 1028 3226 h.l.
1043 3201 1134 3229 Ascon.
1195 3201 1372 3236 pulcherrima
1385 3203 1420 3229 est
1434 3204 1553 3230 omnium
1567 3224 1574 3235 ‚
1600 3203 1741 3237 'rebusque
1754 3204 1852 3230 merito
1864 3203 2039 3239 principatum
2053 3210 2159 3230 naturae
2172 3201 2241 3228 obti-

89 3233 145 3261 Cic.
159 3234 230 3260 Fam.
247 3242 283 3264 ιο,
295 3242 319 3259 12
351 3235 388 3260 Ita
402 3240 426 3260 te
439 3234 572 3261 vi6Iorem
584 3234 759 3268 compleetar,
778 3242 806 3262 vt
819 3245 939 3270 magnam
951 3242 1050 3271 partem
1065 3236 1135 3262 laeti·
1196 3246 1273 3269 nens,
1295 3238 1386 3271 Italia,
1407 3238 1505 3265 rec‘trix
1519 3247 1662 3273 parensque
1676 3238 1767 3264 mundi
1781 3240 1876 3272 altera,
1895 3238 1976 3271 viris,
2011 3237 2134 3271 feminis,
2170 3237 2241 3274 duci-

89 3269 141 3295 tiae
155 3267 223 3294 mihi
236 3274 281 3294 tua
300 3268 412 3303 dignitas
430 3269 512 3296 affert.
584 3270 657 3296 Idem
672 3270 750 3297 Catil.
761 3281 788 3306 44,
804 3281 821 3298 ιι
842 3281 862 3298 c.
875 3274 891 3298 6
924 3274 961 3298 Ita
980 3271 1049 3297 mihi
1067 3272 1134 3298 salua
1146 3271 1177 3300 83
1194 3271 1259 3304 bus,
1279 3273 1423 3304 militibus,
1442 3274 1571 3303 seruitiis,
1591 3274 1686 3300 artium
1701 3274 1868 3308 praestantia,
1885 3275 2053 3308 ingeniormn
2069 3272 2241 3303 claritatibus,

89 3313 144 3338 rep.
158 3303 296 3329 vobiscum
311 3305 415 3338 perfrui
429 3305 513 3338 liceat,
530 3310 559 3331 vt
572 3313 621 3340 ego
637 3321 682 3325 —
699 3315 754 3332 non
768 3308 903 3334 atrocitate
916 3306 999 3334 animi
1013 3316 1134 3334 moneor.
1195 3308 1246 3334 iam
1260 3308 1307 3334 fitu
1319 3317 1347 3334 ac
1362 3309 1511 3335 salubritate
1530 3309 1593 3335 caeli
1607 3316 1684 3343 atque
1697 3310 1824 3343 temperie
1838 3330 1846 3342 ,
1883 3309 1977 3336 access‘u
1989 3307 2141 3335 cun&arum
2155 3308 2239 3342 genti-

90 3340 146 3366 Cic.
162 3340 213 3365 Att.
235 3341 269 3371 16,
284 3347 307 3368 ις
332 3341 361 3365 de
374 3341 486 3372 Oi‘lauio,
513 3341 599 3373 Iurat,
619 3341 657 3367 Ita
676 3340 722 3368 fibi
742 3343 856 3376 parentis
874 3343 990 3369 honores
1010 3343 1135 3377 consequi
1195 3352 1239 3369 um
1252 3344 1342 3376 sacili,
1376 3344 1498 3370 litoribus
1512 3343 1659 3378 portuosis,
1695 3344 1811 3379 benigno
1824 3352 1963 3372 ventorum
1976 3343 2076 3376 afflatu,
2112 3352 2240 3378 aquarum

89 3376 175 3401 liceat.
270 3374 376 3401 Plancus
396 3376 428 3402 ad
442 3376 497 3402 Cic.
515 3385 551 3408 ιο,
564 3385 580 3410 9
604 3377 641 3402 Ita
660 3375 692 3402 ab
705 3377 905 3404 imminentibus
917 3377 992 3404 malis
1003 3377 1078 3412 Resp.
1093 3387 1135 3404 me
1195 3379 1271 3412 copia
1281 3400 1288 3410 ‚
1322 3388 1459 3405 nemorum
1475 3379 1642 3410 salubritate,
1679 3381 1810 3406 montium
1822 3380 1938 3407 articulis
1952 3380 2070 3406 ferorum
2084 3379 2239 3405 animalium

90 3410 231 3447 adiuuante
246 3407 386 3436 liberetur!
416 3411 496 3444 omiffo
507 3411 546 3436 illo
565 3418 610 3444 vt,
621 3412 659 3443 sic
672 3410 762 3446 tamen,
780 3420 811 3439 vt
824 3423 870 3439 non
883 3412 1056 3448 obfiurwnfit‚
1075 3414 1137 3447 quid
1195 3414 1343 3440 innocentia
1353 3435 1360 3447 ,
1382 3415 1431 3440 soli
1444 3415 1580 3441 fertilitate
1589 3435 1596 3447 ,
1620 3414 1708 3449 pabuli
1723 3415 1848 3442 vbertate.
1955 3413 2092 3448 Qudquid
2105 3414 2156 3445 est,
2184 3422 2238 3448 ‘3¹¹0

88 3447 126 3471 ita
140 3445 304 3479 confirmetur.
377 3445 470 3472 Balbus
488 3446 520 3472 ad
540 3447 594 3473 Cic.
608 3447 656 3481 sub
670 3448 725 3475 Att.
739 3457 764 3481 9,
776 3450 846 3483 8fin.
869 3450 907 3475 Ita
926 3448 1054 3474 incolumi
1072 3450 1134 3475 Cae·
1147 3454 1181 3479 90
1194 3450 1246 3475 vita
1259 3458 1345 3475 carere
1359 3459 1412 3476 non
1427 3449 1519 3476 debeat
1532 3470 1540 3482 ‚
1576 3459 1701 3485 nusquam
1714 3451 1750 3477 est
1765 3450 1932 3484 praestantius
1945 3460 1950 3475 :
1986 3450 2073 3483 fruges
2089 3470 2097 3482 ‚
2133 3449 2240 3481 vinum,

90 3481 145 3506 sare
163 3479 272 3506 moriar.
341 3480 468 3514 Augustus
489 3481 520 3507 ad
529 3482 676 3508 Tiberium
690 3485 758 3517 apud
769 3484 874 3511 Sueton.
888 3483 985 3510 Tib.c.
995 3490 1020 3509 22
1042 3486 1134 3511 lucun-
1194 3484 1268 3516 olea,
1294 3484 1408 3517 vellera,
1436 3485 1504 3517 lina,
1536 3485 1636 3518 vestes,
1662 3486 1782 3512 iuuenci:
1818 3495 1850 3513 ne
1864 3493 1946 3520 equos
1960 3484 2064 3518 quidem
2079 3485 2107 3511 in
2120 3484 2238 3519 trigariis

90 3516 200 3546 diffime,
215 3520 241 3540 et
256 3514 291 3540 ita
305 3513 349 3540 sim
364 3514 443 3542 felix!
462 3515 506 3542 vir
518 3517 663 3551 fortissime,
683 3524 708 3544 et
720 3517 773 3545 dux
784 3520 945 3552 νομιμώτατε,
963 3518 1029 3545 vale.
1068 3520 1134 3545 Hinc
1194 3520 1321 3553 praeferri
1336 3519 1402 3546 vllos
1416 3520 1564 3546 vernaculis
1577 3541 1585 3552 ‚
1619 3520 1812 3548 animaduerto.
1880 3519 1993 3547 Metallis
2013 3519 2070 3546 auri
2084 3540 2092 3553 ‚
2128 3519 2239 3559 argenti,

90 3551 164 3576 etiam
179 3550 206 3575 in
219 3549 466 3583 adiurationefimili
475 3552 687 3586 planesementia.
758 3554 797 3581 Ita
809 3561 835 3582 te
847 3553 943 3580 amabit
954 3554 1086 3588 Iuppiter,
1104 3560 1134 3581 vt
1193 3555 1260 3581 acris
1270 3577 1279 3589 ‚
1306 3555 1385 3588 ferri,
1413 3564 1491 3589 quam
1506 3555 1552 3581 diu
1566 3555 1645 3582 libuit
1658 3564 1798 3589 exercere,
1828 3556 1908 3582 nullis
1925 3554 2007 3588 cessit,
2043 3561 2068 3581 et
2081 3564 2149 3581 nunc
2162 3556 2194 3581 iis
2209 3555 2237 3580 in

91 3592 117 3612 tu
132 3584 213 3611 neseis
237 3584 316 3611 Plaut.
331 3585 388 3612 Aul.
401 3594 428 3618 4,
443 3595 481 3623 ro,
497 3594 530 3617 3¹-
603 3589 692 3623 Rursus
712 3591 750 3616 Ita
770 3599 813 3617 me
826 3591 914 3616 Venus
934 3596 1020 3622 amet,
1038 3595 1065 3616 vt
1078 3592 1133 3624 [ego
1194 3590 1219 3616 se
1238 3590 1345 3625 grauida
1358 3599 1405 3624 pro
1419 3591 1493 3618 omni
1514 3591 1575 3617 dote
1589 3592 1677 3618 varios
1690 3591 1777 3617 succos
1791 3612 1799 3624 ,
1833 3598 1857 3617 et
1870 3591 1976 3625 frugum
1992 3599 2185 3625 pomorumque
2202 3590 2236 3616 sa-

90 3628 115 3647 te
128 3620 179 3647 hoc
192 3618 312 3647 triduum
328 3630 461 3656 uunquam
477 3620 556 3647 finam
580 3623 652 3650 Idem
667 3625 744 3652 Cui-c.
759 3635 777 3658 ι,
791 3635 811 3659 3,
824 3634 863 3658 52.
930 3626 967 3651 Ita
983 3625 1086 3657 vinam,
1106 3631 1134 3651 vt
1149 3622 1270 3659 95'pores
1283 3626 1379 3652 fundit.
1487 3626 1577 3653 ltaliae
1587 3627 1652 3659 sttus
1665 3625 1809 3660 dcscribitur
1821 3637 1835 3652 a
1849 3627 1936 3654 Siculo
1949 3626 2040 3652 Flacco
2055 3626 2093 3652 De
2107 3624 2234 3652 conditio-

90 3656 218 3683 maximos
232 3656 329 3681 sumtus
343 3655 412 3682 facio
443 3656 498 3682 Cic.
513 3659 563 3683 Att.
577 3666 601 3689 5,
620 3678 627 3685 ·
646 3680 653 3686 .
674 3681 680 3687 .
751 3661 788 3687 Ita
804 3671 846 3688 ine
861 3662 944 3687 seruet
959 3660 1085 3695 Iuppiter,
1106 3666 1134 3686 vt
1194 3660 1270 3687 nibus
1283 3669 1405 3695 agrorum
1420 3669 1444 3695 p.
1457 3670 1468 3687 2
1484 3664 1520 3687 ed.
1536 3662 1602 3691 Gaef.
1626 3661 1664 3687 Ab
1678 3661 1787 3696 Alpibus
1801 3662 1828 3688 iu
1842 3671 1912 3688 mare
1928 3661 2086 3696 porrigitur:
2123 3669 2136 3686 a
2151 3659 2233 3696 tribus

86 3692 203 3728 ΡΙὉΡῙΟΓ
217 3690 266 3722 iffi,
287 3700 366 3724 ‘luam
379 3700 428 3725 ego
441 3692 506 3723 sum,
525 3700 553 3718 ac
566 3698 595 3718 tu
608 3703 687 3723 nemo
701 3696 736 3723 est
763 3696 843 3723 Plaut.
858 3695 952 3730 Amph.
969 3715 975 3722 .
991 3716 996 3722 .
1019 3715 1025 3722 .
1096 3697 1134 3722 Ita
1193 3695 1319 3722 lateribus
1336 3703 1434 3722 exteras
1447 3703 1534 3730 gentes
1549 3697 1681 3723 intuetur:
1717 3706 1731 3722 a
1744 3697 1831 3723 Sicilia
1845 3706 1925 3732 vsque
1939 3697 1970 3722 ad
1983 3696 2093 3723 Galliam
2111 3701 2188 3720 omne
2202 3692 2232 3717 li-

91 3727 160 3753 mihi
171 3733 248 3761 atque
262 3725 323 3752 huic
337 3726 366 3752 fis
380 3726 515 3761 superstes,
533 3733 562 3752 vt
576 3736 607 3755 ex
617 3738 658 3756 me
671 3738 748 3764 atque
762 3731 812 3758 hoc
825 3738 897 3758 natus
910 3740 935 3757 es
955 3731 1023 3758 Ter.
1038 3731 1134 3758 Heaut.
1194 3737 1233 3757 tus
1248 3731 1368 3757 Africum
1389 3732 1414 3757 ei
1436 3732 1471 3758 est
1488 3732 1650 3758 contrarium
1665 3742 1670 3757 :
1706 3732 1788 3758 sursus
1807 3740 1821 3759 a
1840 3733 2001 3767 Leucopetra
2019 3739 2091 3764 pars,
2124 3735 2189 3761 quae
2201 3726 2231 3752 δᾶ

90 3771 113 3792 <0
127 3775 151 3796 4,
166 3772 187 3794 7·
259 3761 300 3786 Sic
313 3760 346 3788 Di
360 3762 478 3791 seruent,
498 3767 527 3787 vt
540 3760 584 3787 hic
598 3770 670 3797 pater
680 3767 716 3793 est
729 3767 814 3794 vester
842 3768 922 3793 Plaut.
938 3767 1015 3793 Poeu.
1031 3772 1133 3797 524.88.
1193 3775 1265 3792 mare
1276 3767 1397 3799 attingit,
1434 3767 1602 3794 Macedoniae
1620 3768 1735 3800 aliquam
1750 3768 1820 3802 Epiri
1833 3775 1933 3802 partem
1947 3767 2048 3803 spefflat.
2121 3762 2233 3802 Adriati-

92 3798 129 3824 Ita
144 3806 209 3824 vero
222 3805 264 3823 me
277 3796 374 3824 amabit
387 3797 520 3832 Iuppiter,
539 3806 622 3830 vxor,
640 3805 668 3826 vt
686 3811 735 3836 ego
755 3802 820 3829 illud
834 3811 968 3837 nunquam
981 3801 1036 3827 dixi
1061 3801 1253 3827 ldem100cnm
1268 3811 1333 3828 vero
1349 3802 1409 3828 litus
1428 3802 1561 3834 Illyricum
1574 3809 1664 3828 contra
1678 3802 1703 3828 se
1722 3802 1807 3829 habet.
1914 3803 2014 3830 Italiam
2033 3807 2059 3824 ιιι
2079 3804 2176 3832 pariete
2194 3804 2232 3830 pi-

94 3833 174 3860 Mete.
187 3843 210 3865 4,
223 3842 247 3863 4,
261 3841 298 3858 22.
496 3830 517 3869 ff
537 3841 556 3865 4
599 3834 722 3862 connubia
732 3839 919 3872 particularum.
956 3836 1023 3863 Ter.
1039 3837 1135 3863 Heaut.
1194 3836 1263 3862 &am
1300 3839 1377 3864 Varr.
1391 3838 1421 3864 R.
1436 3838 1467 3863 R.
1482 3847 1500 3867 ι,
1513 3847 1534 3869 2,
1550 3847 1556 3863 ι
1593 3837 1701 3872 intelligo
1720 3839 1826 3864 tabulam
1845 3836 2041 3873 Geographimm.
2136 3831 2231 3858 Sumen

95 3875 116 3900 3,
129 3878 149 3900 2,
164 3877 185 3900 ¹3
208 3869 247 3894 Ita
267 3876 322 3893 ”0¹¹
340 3873 370 3894 Vt
388 3867 471 3902 Olim,
490 3867 533 3894 sed
552 3868 592 3894 Vti
609 3877 678 3894 Hunc
691 3870 748 3898 sane
761 3874 840 3900 bona.
932 3873 971 3899 Ita
984 3880 1051 3898 uunc
1065 3873 1136 3906 viget
1193 3871 1282 3898 Italiae
1300 3873 1371 3899 Ideni
1384 3872 1419 3898 ib.
1435 3882 1452 3905 ι,
1465 3882 1487 3905 7,
1502 3881 1537 3899 10.
1633 3872 1756 3899 Bellifera
1768 3873 1842 3900 Italia
1868 3871 1957 3898 Claud.
1973 3878 2001 3894 ιιι
2015 3868 2122 3901 Eutrop.
2138 3875 2153 3896 Ι,
2173 3874 2231 3898 429·

95 3911 165 3928 mos:
193 3903 229 3929 ita
241 3912 310 3929 nunc
323 3903 459 3929 seruitium
472 3903 508 3929 est
534 3903 617 3930 Plaut.
632 3904 710 3932 Cure.
723 3915 747 3939 2,
762 3918 783 3940 3,
797 3918 831 3936 21,
900 3907 971 3935 ldem
988 3908 1064 3933 Poen,
1082 3916 1100 3941 ι,
1113 3916 1136 3939 2,
1195 3908 1287 3940 Magna
1307 3908 1381 3941 Virg.
1396 3909 1459 3934 Aen.
1475 3919 1498 3939 4,
1513 3916 1566 3940 345.
1637 3909 1730 3935 Potens
1750 3909 1841 3935 Claud.
1856 3907 1883 3932 in
1896 3907 2032 3938 Eutrop.2‚
2043 3909 2095 3936 527.
2161 3901 2231 3928 Ter-

96 3947 137 3969 ¹49
161 3937 231 3964 Dum
246 3944 271 3965 te
285 3938 416 3973 exspecto,
428 3947 513 3972 neque
526 3947 636 3972 vsquam
648 3939 725 3966 aliam
739 3941 805 3969 inihi
819 3944 908 3978 paraui
923 3943 1035 3977 copiam,
1051 3951 1135 3976 neque
1196 3950 1223 3968 ra
1237 3943 1311 3968 Italia
1332 3944 1418 3969 Varro
1431 3943 1461 3969 R.
1476 3943 1507 3968 R.
1521 3951 1540 3975 1,
1554 3952 1578 3976 9,
1592 3952 1599 3967 ι
1636 3950 1666 3968 vt
1679 3952 1748 3970 terra
1762 3943 1879 3970 Graecia.

96 3972 160 4000 istuc
172 3982 279 4018 usquam
293 3980 407 4010 apparet,
423 3974 459 4000 ita
471 3983 540 4000 nunc
554 3974 731 4001 nihilominus
744 3977 841 4008 seruio,
911 3980 982 4006 Haut
995 3978 1030 4005 ita
1045 3985 1137 4014 magna
1145 3982 1187 4008 105
1232 3984 1242 4005 1
1254 3983 1276 4004 'r
1287 3976 1309 4005 Ᾰ
1319 3985 1336 4005 ι.
1348 3985 1366 4003 ν
1376 3984 1449 4039 S‚Ra‚
1467 3987 1520 4004 um.
1558 3977 1616 4006 Adi.
1657 3978 1784 4012 [ham]
1821 3979 1865 4004 Ad
1875 3975 1974 4001 ltaliam
1984 3972 2118 4007 pertinens.
2170 3970 2231 4029 ἵῑῖ

1349 4020 1366 4047 7
1454 4021 1467 4039 ε
