2479 4225
49 202 146 284 5o9·
320 190 327 199 *
427 225 463 268 E
540 228 577 268 X
664 228 700 269 O
1540 228 1574 270 E
1657 229 1693 270 X
1779 232 1815 272 O
2013 250 2016 254 ‘
2099 253 2165 289 510

1 313 4 316 ’
39 316 101 346 ’,ἰῐιιε
122 323 168 350 per
189 315 257 342 finus
280 314 372 341 duetos
391 314 424 342 ab
448 315 541 343 eodem
561 316 673 344 exordio
693 315 796 352 colligit
811 314 843 342 ad
856 314 976 343 Maeotin
988 314 1073 342 lacum
1135 314 1168 341 tit
1188 314 1291 344 Lucret.
1306 323 1404 350 5,1152.
1510 317 1607 344 Libido
1623 317 1741 346 mulieris
1761 320 1926 354 importunae
1943 332 2049 360 repente
2073 333 2165 355 exorta

7 352 9 355 ⁴
51 351 153 380 CLVI,
169 351 207 377 Μ,
226 351 349 385 paffiium.
386 362 387 365 =
420 351 495 378 Lucr,
510 360 540 383 2,
554 361 594 384 333
1135 351 1171 376 est
1192 353 1245 377 Cic.
1263 361 1310 387 pro
1322 353 1425 379 Cluent.
1440 361 1474 379 12.
1582 354 1653 380 Caes.
1666 355 1693 381 B.
1707 355 1736 381 C.
1745 363 1804 387 2,12
1824 356 1931 384 Nullam
1945 363 2043 389 exoriri
2059 365 2166 390 Moram

196 386 275 413 Nunc
288 394 333 420 age
346 385 398 412 iam
412 386 531 421 deinceps
543 387 694 414 cunetarum
707 385 815 413 exordia
824 393 925 424 rerum,
1133 387 1201 419 poss'e
1209 406 1217 419 ,
1238 397 1291 421 quo
1303 389 1388 414 minus
1402 396 1483 422 quum
1500 389 1622 425 venisset,
1640 389 1657 416 si
1671 391 1797 425 imperata
1808 400 1863 417 non
1875 393 2005 426 facerent,
2025 398 2055 423 ad
2071 406 2165 426 nutum

197 421 292 454 Qualia
304 422 376 453 sunt,
391 426 417 449 ct
429 431 507 456 quam
519 422 598 456 longe
611 421 731 448 distantia
749 421 857 450 formis,
1135 430 1149 446 c
1162 422 1272 456 vestigio
1285 423 1477 458 diriperentur,
1495 431 1540 451 etc.
1629 425 1720 453 Motus
1736 434 1820 453 nouus
1833 432 1920 454 vetere
1937 430 2034 464 semper
2046 435 2164 461 exoritur

42 475 44 478 ,
195 457 313 490 Percipe,
333 457 485 491 multigenis
500 467 577 492 quam
592 457 639 483 tint
650 456 748 483 variata
759 455 861 489 figuris.
933 488 939 494 “
1094 454 1109 481 5
1134 456 1238 483 Lucret.
1252 467 1276 489 2,
1290 466 1345 491 232.
1448 459 1534 485 Proles
1548 466 1636 489 exorta
1649 461 1687 488 est
1706 461 1761 488 Cic.
1775 460 1808 488 de
1820 462 1856 489 N.
1871 464 1995 497 D.2‚159.
2101 471 2162 496 Pro.

0 490 6 495 ”
46 489 178 532 Sunt'ergo
193 492 321 523 elementa,
339 495 415 518 atomi
429 492 484 519 illae
496 494 681 520 Democritio-ae.
717 491 758 518 Sic
770 494 809 522 381
829 490 918 516 Tanta
931 489 1071 529 interualla
1133 492 1260 525 »inrigatio
1272 493 1378 520 Catonis
1390 493 1492 519 nefaria
1506 495 1592 522 subito
1605 503 1696 524 exorta
1709 496 1746 524 cst
1766 498 1822 525 Cic.
1835 498 1906 527 Fam.
1919 507 1940 532 1,
1955 507 1975 532 ς.
2082 504 2162 531 Ratio

46 532 130 553 tenere
143 526 254 553 Exordia
266 527 351 561 prima
362 527 470 555 animai.
540 529 571 554 Et
583 528 656 554 aliter
669 532 690 558 ς,
704 526 756 560 676
784 525 906 559 Namque
919 524 967 550 vbi
982 526 1013 549 hc
1029 527 1069 550 tu-
1132 527 1262 561 Antipatri
1294 538 1324 555 ex
1345 528 1396 555 alia
1418 534 1490 563 parte
1513 531 1631 558 exoritur
1652 532 1688 558 Id.
1707 532 1759 559 off.
1771 541 1794 566 3,
1808 540 1848 568 52.
1953 535 2030 561 Stella
2043 539 2162 566 exoritur

4 583 5 586 ,
43 566 119 588 erunt
150 562 282 589 causarum
313 562 422 589 exordia
436 563 529 597 prima,
598 563 632 589 It.
648 567 668 594 ς,
681 568 721 592 333
759 560 909 594 Recensque
923 565 1014 586 natura
1032 559 1068 585 est
1131 562 1211 589 Plaut.
1228 563 1293 589 Rud.
1307 564 1374 590 Prol.
1388 573 1415 597 4.
1522 565 1623 592 Timor
1648 575 1752 594 exortus
1772 578 1804 595 ex
1827 568 1983 597 conscientia
1996 578 2162 605 peccatorum

0 606 7 615 ι.
43 596 134 624 mundi
145 605 231 632 neque
243 598 358 632 primum
374 598 483 625 exordia
495 596 569 632 cepit.
674 596 705 621 Et
716 603 737 625 2,
751 597 808 621 1061
837 594 961 621 Tandem
978 595 1068 634 coolu-
1131 597 1185 624 Cic.
1199 599 1225 624 in
1240 599 1328 625 Parad.
1342 607 1365 632 5,
1378 607 1398 630 3.
1500 599 1547 625 Vis
1566 603 1667 628 veneris
1685 605 1810 630 membris
1828 605 1952 632 omnibns
1970 604 2069 633 dicitur
2081 608 2164 635 alicui

2 645 4 650 ν
42 631 111 658 erint
131 640 176 664 ea,
195 641 262 667 quae
281 633 400 660 conie&a
421 638 525 668 repente
561 631 713 664 Magnarum
735 639 824 657 rerum
845 630 939 670 fierent
958 629 1068 670 exordia
1084 638 1113 656 10
1129 633 1229 659 exoriri
1250 634 1352 660 Lucret.
1365 634 1475 666 4,1166.
1667 636 1687 673 ἦ
1708 647 1724 665 2.
1761 641 1885 667 For-mulae
1896 642 1961 667 aliae
1973 650 1981 666 .·
2015 642 2069 668 Cic.
2078 643 2129 669 Off.
2138 653 2163 676 3,

43 667 150 702 semper.
177 666 184 671 ’
246 668 320 702 Virg.
334 669 384 695 Ecl.
398 671 423 700 6,
435 677 467 702 34
494 669 529 694 Vt
541 666 581 693 his
594 665 709 692 exordia.
717 666 810 699 primis
846 666 957 696 Omnia,
975 666 1066 700 etipse
1129 673 1156 699 38
1180 668 1220 694 Sic
1246 675 1351 702 repente
1378 668 1468 694 annuli
1490 667 1619 696 beneficio
1641 680 1687 698 rex
1710 680 1816 701 exortus
1830 675 1866 702 est
1882 676 1998 710 Lydiae,
2014 683 2044 703 vt
2056 676 2163 711 exstitit.

42 708 116 729 tener
126 702 216 729 mundi
230 705 394 731 concreueflt
406 704 486 730 orbis,
574 701 667 728 Pallad.
682 701 789 734 August.
804 705 825 732 8,
838 709 861 741 3-
874 700 1018 726 Exordium
1034 699 1065 726 de
1128 703 1220 729 Gloria
1234 710 1379 730 commotus
1392 703 1518 737 Epicurus
1533 706 1668 739 exoritur,
1686 711 1705 734 i.
1719 710 1815 736 extollit
1825 711 1854 746 fi
1875 712 1930 738 Cic.
1943 712 2026 739 Tusc.
2034 719 2057 745 5,
2065 721 2115 745 31c.
2124 722 2163 740 10.

40 744 131 771 monte
145 738 248 764 sumunt
262 740 360 773 Aquae.
430 739 482 764 Cic.
497 737 528 762 dc
540 737 640 763 Inuent.
656 745 673 766 1,
686 745 698 767 3
718 738 803 771 Atque
816 736 893 762 huius
908 744 1015 770 quoque
1024 745 1067 761 cx·
1129 738 1197 765 Ter.
1212 739 1276 765 Hec.
1290 748 1318 771 4,
1331 749 1359 772 4,
1374 747 1402 764 10
1419 739 1440 764 A
1454 739 1590 770 Myrrhina
1603 741 1666 768 haec
1679 743 1737 770 sunt
1748 753 1806 771 mea
1820 755 1902 773 vxore
1914 753 2005 774 exorta
2023 749 2121 776 onmia.
2142 752 2164 779 i.

39 773 146 800 ordinm
159 773 241 805 Mali,
261 776 387 809 quoniam
400 772 557 808 principium
571 770 635 797 boni
648 771 776 803 diximus,
796 771 963 805 explicemus.
1013 771 1065 797 Na-
1126 773 1170 799 illa
1182 773 1253 808 causa
1268 773 1309 806 nst.
1380 773 1486 800 Exoriri
1498 775 1609 808 dicitur,
1623 778 1677 810 Qui
1685 788 1737 806 non
1749 781 1908 814 exspectatus
1922 782 2026 809 inuadit
2033 783 2163 819 aliquem,

40 808 81 834 vis
94 807 252 835 inchoandae
265 810 402 837 exordium
423 808 521 834 Ennius
539 813 578 841 ap.
596 807 651 832 Cic.
664 807 695 833 de
709 808 772 834 Fato
784 814 811 840 35
824 816 845 833 c.
860 813 892 839 ις.
996 807 1064 833 Suet.
1082 812 1107 837 ¹3
1127 812 1210 844 inquit
1226 809 1342 835 Donatus
1353 808 1388 835 ad
1399 809 1466 835 Ter.
1479 811 1544 836 Hec.
1559 820 1581 843 2,
1599 820 1619 844 1,
1640 814 1676 839 16.
1780 816 1828 842 Tu
1860 817 1914 843 sola
1946 827 2072 852 exorere,
2093 828 2161 854 quae

39 842 130 870 Claud.
146 852 168 869 11
189 845 318 877 Quamuis
331 842 466 871 exordium
479 842 639 875 Principatus
652 842 704 873 sui,
720 849 766 869 etc.
873 841 1024 881 Vlr5·.A.‘*²¹¹'
1036 849 1063 876 7,
1127 844 1261 878 perturbas
1286 844 1349 870 haec
1373 849 1417 870 tua
1436 844 1607 879 impudentia.
1677 849 1760 876 Addit
1778 857 1802 876 et
1824 851 1884 884 hoc,
1904 853 2036 886 Exorere,
2057 855 2161 882 Existis.

37 886 75 911 40
95 878 250 913 Expedimu,
270 886 296 907 et
307 880 405 914 primae
417 877 549 904 reuocabo
562 877 672 903 exordia
684 879 793 912 Pugnae.
870 876 1064 904 Difficillimum
1127 879 1253 906 Exoriare
1269 879 1365 914 aliquis
1377 879 1471 905 nostris
1489 889 1520 906 ex
1542 881 1637 908 offibus
1655 884 1743 918 Vltor,
1769 886 1849 912 Verba
1872 887 1981 914 Didonis
2000 892 2162 925 imprecantis

39 912 76 939 est
98 913 126 939 in
149 915 223 941 omni
244 913 432 950 conquifitbne
455 912 574 939 Rationis
598 913 737 940 exordium
766 913 821 939 Cic.
845 911 877 938 de
898 912 1018 939 Vniuers.
1041 919 1063 946 ς.
1120 914 1229 950 perfidis
1246 916 1365 941 Troianis
1379 925 1387 940 :
1424 913 1538 947 Ostendit
1561 924 1640 943 autem
1659 921 1807 947 Annibalem
1820 932 1828 946 .-
1863 923 1937 956 Virg.
1956 925 2022 951 Aen.
2042 935 2075 959 4,
2102 928 2161 959 625.

37 948 156 976 Exordio
179 950 268 977 Somni
288 948 426 984 prementis
447 948 590 983 implicitus
609 949 686 982 Apul.
699 949 763 975 Met.
777 955 790 980 ς
803 957 828 981 p.
843 949 899 981 167.
993 948 1063 975 Suet.
1126 951 1181 976 Cic.
1195 951 1248 976 Att.
1263 958 1290 984 7,
1302 952 1337 976 26
1344 956 1386 984 pr.
1409 950 1472 976 Non
1484 952 1557 978 venit
1571 952 1642 979 idem
1654 954 1737 986 mihi,
1756 956 1828 989 quod
1841 962 1869 982 tu
1881 957 1931 984 tibi
1945 959 2045 993 scribis,
2066 964 2163 996 quoties·

36 983 113 1018 Vesp.
126 993 149 1011 c.
162 989 175 1015 8
194 987 256 1019 Q¹0
269 984 469 1011 continebantur
484 993 564 1018 paene
576 983 608 1010 ab
621 984 731 1010 exordio
746 983 825 1010 Vrbis
833 983 1064 1014 Senatusconsulta‚
1081 991 1113 1008 20
1125 988 1230 1012 exorior.
1265 986 1319 1020 Ego
1331 985 1403 1011 enim
1416 995 1483 1011 nunc
1496 987 1611 1021 paullum
1623 990 1748 1022 exorior,
1766 997 1792 1015 et
1800 992 1913 1018 maxime
1927 994 2033 1027 quidem
2048 995 2089 1022 his
2102 996 2163 1023 lite-

34 1024 81 1045 etc.
274 1018 294 1056 fl
313 1028 330 1046 2
366 1020 525 1045 Peculiariter
537 1022 644 1045 orationi
656 1019 776 1045 tribuitur
788 1018 946 1048 Exordium,
968 1019 1031 1053 quod
1040 1026 1064 1046 et
1126 1021 1163 1047 ris
1177 1029 1243 1054 quac
1255 1021 1339 1047 Roma
1352 1020 1503 1048 afferuntur.
1540 1023 1626 1059 Sensus
1642 1022 1692 1056 cst,
1708 1026 1766 1050 Non
1776 1025 1839 1051 mihi
1849 1027 1943 1053 accidit
1955 1030 2019 1063 quod
2031 1031 2163 1068 tibi,fi·r1·.

34 1054 197 1089 Principium
209 1055 300 1081 dicitur
307 1074 316 1087 ,
334 1060 358 1080 et
370 1055 549 1085 Prooemium,
565 1054 593 1080 de
605 1064 649 1090 quo
661 1060 712 1080 toto
724 1053 786 1080 libro
801 1064 818 1088 4
824 1056 950 1093 praecipit
958 1054 1061 1081 Fabius,
1124 1056 1163 1082 bis
1176 1059 1237 1081 enim
1250 1062 1273 1081 te
1281 1056 1354 1092 saepe
1367 1059 1476 1089 exoriri,
1492 1060 1510 1083 i.
1518 1067 1537 1083 e.
1549 1060 1577 1084 A
1593 1065 1657 1084 metu
1669 1059 1783 1095 aduersae
1788 1059 1913 1095 fortunae
1925 1064 2048 1098 respirare
2064 1076 2072 1090 :
2110 1076 2162 1102 ego

34 1089 91 1116 Cic.
106 1089 138 1116 de
151 1091 224 1117 Orat.
236 1098 260 1120 2,
273 1097 286 1121 3
314 1089 447 1131 Postremo
466 1090 538 1116 soleo
552 1090 674 1124 cogitare,
688 1097 742 1124 quo
753 1094 812 1115 vtar
823 1089 948 1120 exordw,
969 1098 1027 1116 nam
1043 1090 1060 1116 si
1123 1098 1202 1117 autem
1217 1100 1284 1117 nunc
1295 1091 1410 1125 paullum
1423 1100 1533 1118 exorior
1546 1103 1552 1118 :
1586 1094 1651 1128 quod
1663 1100 1721 1120 ante
1733 1095 1796 1121 mihi
1807 1095 1852 1130 vsu
1864 1105 1913 1122 non
1926 1101 2006 1125 venit.

33 1124 138 1159 quando
159 1125 187 1151 id
208 1125 322 1159 primum
343 1124 465 1151 inuenire
489 1125 578 1156 volui,
598 1125 700 1150 nullum
719 1124 788 1150 mihi
806 1125 936 1155 occurrit,
955 1125 1002 1151 nili
1016 1131 1060 1151 aut
1162 1133 1334 1153 EXORIEN
1345 1132 1375 1159 S,
1405 1128 1479 1154 entis.
1503 1128 1595 1154 Partic.
1632 1129 1835 1165 [ἓξοινατέλλων]
1865 1138 1915 1166 pro
1928 1133 2046 1167 Oriente,
2064 1136 2162 1170 quando

34 1160 119 1192 exile,
134 1165 178 1186 aut
188 1160 373 1194 nugatorium,
392 1166 437 1186 aut
449 1161 557 1194 vulgare
570 1166 646 1194 atque
661 1168 810 1186 commune.
903 1161 992 1195 Nempe
1012 1162 1059 1187 Ex·
1077 1169 1106 1195 ες
1123 1162 1185 1188 caeli
1194 1168 1293 1197 partem
1297 1161 1435 1198 fignificat.
1473 1163 1562 1189 Varro
1574 1163 1606 1189 dc
1620 1164 1697 1191 R..R.
1711 1167 1791 1198 3,9‚6
1811 1167 1884 1199 Qae
1900 1167 2014 1201 spectent
2025 1170 2058 1196 ad
2073 1172 2163 1197 exori-

33 1194 153 1227 ordium,
172 1195 208 1221 est
221 1195 381 1229 Principium
394 1196 536 1227 orationis,
556 1203 601 1229 per
614 1194 686 1230 quod
698 1195 801 1222 animus
816 1194 945 1221 auditoris
957 1196 998 1221 vel
1019 1197 1058 1223 iu·
1123 1202 1211 1222 entem
1246 1198 1343 1224 versus.
1425 1198 1466 1225 Sic
1496 1198 1554 1225 Col.
1573 1198 1637 1226 Arb.
1657 1208 1685 1232 3,
1710 1208 1723 1232 3
1754 1199 1795 1227 Ab
1809 1202 1952 1229 exoriente.
2067 1206 2163 1232 Amnis

33 1229 98 1257 dicis
113 1230 291 1261 constituitur,
311 1230 353 1257 vel
365 1237 505 1265 apparatur
515 1230 547 1257 ad
560 1229 718 1258 audiendum
746 1230 821 1257 Auci.
833 1230 865 1257 ad
878 1232 975 1257 Heren.
990 1240 1017 1264 4,
1031 1241 1058 1265 4.
1122 1232 1243 1258 exoriens
1265 1233 1407 1263 Lucret.6‚
1419 1240 1476 1267 723.
1569 1234 1665 1261 Tibul.
1677 1243 1701 1267 3,
1713 1244 1734 1267 ι,
1748 1244 1764 1261 2
1793 1237 1919 1264 Exoriens
1938 1239 2034 1266 nostris
2047 1240 2091 1266 hic
2106 1241 2163 1268 fuit

33 1265 63 1293 In
75 1264 178 1292 dicendi
189 1265 299 1292 exordio
313 1267 427 1293 summos
439 1266 517 1292 etiarn
536 1267 660 1292 Oratores
679 1265 830 1301 permoueri
849 1266 1059 1293 animaduersum
1122 1268 1212 1294 Annus
1224 1268 1290 1295 auis.
1384 1268 1488 1295 Aurora
1512 1269 1646 1296 exoriente
1665 1271 1728 1304 vagi
1745 1270 1792 1297 sub
1805 1272 1906 1299 lumina
1917 1274 1978 1300 solis
2016 1276 2103 1302 Catul.
2118 1279 2163 1309 62,

0 1325 2 1331 ‚
33 1300 70 1328 est
89 1301 146 1333 Cic.
155 1301 185 1327 de
198 1301 271 1327 Orat.
287 1310 304 1332 1,
316 1310 363 1327 112.
456 1301 603 1328 Columella
611 1301 700 1337 paffim
711 1301 857 1328 Exordium
865 1308 913 1336 pro
926 1308 976 1328 toto
995 1302 1058 1329 libro
1121 1309 1177 1337 271.
1248 1303 1341 1330 Auster
1352 1304 1473 1330 exoriens
1485 1303 1572 1331 media
1583 1305 1615 1332 ab
1628 1305 1738 1341 regione
1752 1306 1808 1333 diei
1837 1308 1941 1335 Lucret.
1954 1311 1980 1342 6,
1989 1317 2046 1345 723.
2115 1312 2163 1338 Sol.

29 1339 117 1373 ponit,
129 1336 200 1373 forte
211 1345 237 1363 ea
248 1339 358 1368 ratione,
377 1337 442 1372 quod
452 1336 593 1363 exordium
606 1340 632 1362 in
645 1338 693 1363 tela
697 1336 808 1370 stamina
821 1337 935 1372 uniuersa
942 1340 1060 1365 continet.
1075 1347 1108 1371 30
1119 1339 1241 1365 exoriens
1262 1339 1335 1373 Virg.
1349 1339 1445 1374 Georg.
1466 1348 1486 1371 1,
1499 1345 1555 1373 438.
1901 1363 1905 1367 ,

40 1372 70 1398 V.
83 1380 108 1408 g.
126 1380 152 1405 4,
163 1380 190 1405 4,
201 1380 212 1397 1
230 1373 303 1405 Quae
311 1372 400 1405 priore
416 1367 571 1399 tradidimus
582 1372 694 1399 exordio
705 1373 837 1408 respiciens
849 1372 882 1398 ad
891 1379 986 1407 partem
999 1373 1060 1399 libri
1159 1380 1177 1400 Ε
1186 1382 1204 1401 x
1213 1380 1233 1400 o
1243 1381 1261 1401 R
1271 1381 1292 1401 Τ
1300 1382 1320 1400 ν
1329 1382 1342 1401 s
1351 1394 1359 1407 ,
1379 1383 1393 1400 a
1402 1395 1410 1406 ,
1434 1383 1488 1400 um.
1524 1375 1604 1401 Aliud
1616 1376 1707 1402 Partic.
1742 1376 1756 1409 [
1763 1375 1990 1413 ἓξαινκτῃλοέμενος]
2025 1381 2130 1408 Lucret.
2139 1391 2162 1416 r,

27 1413 118 1444 parum
129 1415 146 1433 α
148 1406 201 1442 fine
212 1406 348 1440 distantem.
416 1408 458 1435 Sic
469 1416 493 1439 2,
506 1416 548 1440 22,
561 1410 578 1434 6
605 1407 730 1435 Di6mrus
745 1408 858 1434 exordio
869 1409 991 1442 sequente
1006 1418 1059 1434 cum
1124 1414 1164 1439 188
1179 1410 1198 1435 E
1212 1415 1333 1444 terraque
1346 1416 1436 1436 exorta
1449 1416 1556 1444 repente
1568 1410 1671 1437 arbusta
1684 1411 1799 1438 salirent.
1890 1414 1987 1441 Caedes
2001 1416 2089 1443 subito
2102 1418 2160 1444 Cic,

34 1440 141 1477 respeblu
151 1442 185 1468 ad
196 1448 271 1468 totum
282 1442 378 1469 librum.
449 1444 492 1470 Ita
504 1451 531 1478 7,
543 1451 554 1476 ς
562 1463 571 1476 ,
586 1452 596 1469 ι
621 1445 788 1478 Quamquam
801 1452 858 1478 pars
872 1443 934 1470 haec
954 1443 1059 1470 exordii
1124 1445 1177 1470 Att.
1191 1454 1217 1478 2,
1230 1453 1256 1478 9.
1363 1445 1458 1472 Iubare
1472 1451 1580 1479 exorto,
1619 1449 1638 1473 i.
1660 1447 1731 1473 Nato
1747 1447 1872 1476 Lucifero
1899 1450 1973 1484 Virg.
1987 1452 2051 1477 Aen.
2065 1462 2093 1486 4,
2107 1461 2161 1484 ¹30·

0 1507 1 1510 Ἴ
29 1485 110 1511 paene
124 1481 176 1503 tota
189 1477 240 1504 iam
253 1477 373 1504 exhausta
386 1477 424 1504 fit.
518 1480 549 1505 Et
562 1487 590 1504 ιο
595 1484 639 1513 pr.
661 1487 673 1510 3
708 1479 844 1505 Prioribus
862 1479 1059 1505 subnecteretur
1125 1480 1239 1506 Seruius.
1333 1480 1446 1506 Laetitia
1460 1481 1550 1515 ingens
1570 1481 1644 1515 Virg.
1659 1482 1724 1508 Aen.
1736 1491 1760 1515 3,
1772 1491 1815 1516 99.
1894 1485 1939 1511 Lis
1959 1486 2020 1512 Stat.
2032 1487 2117 1514 Achil.
2133 1497 2162 1521 2,

29 1511 153 1539 exordiis.
172 1515 189 1539 i.
204 1513 285 1540 libris.
357 1515 387 1539 Et
399 1522 430 1543 11,
444 1522 456 1546 3
471 1521 534 1540 extr.
553 1516 580 1539 in
587 1516 640 1548 fine
652 1513 711 1540 adeo
724 1514 801 1547 libri,
820 1515 906 1540 Prima
926 1522 998 1548 parte
1010 1514 1059 1540 hu·
1076 1516 1105 1542 35
1124 1524 1177 1548 34¹·
1272 1516 1389 1542 Monstra
1411 1516 1456 1542 sub
1479 1516 1560 1542 antris
1579 1517 1671 1543 Siculis
1712 1518 1773 1544 Stat.
1786 1518 1877 1546 Theb.
1892 1528 1928 1552 12,
1941 1528 1992 1554 553.
2080 1523 2161 1550 Pestis
2191 1546 2193 1549 ,

27 1547 69 1574 ius
81 1546 193 1574 exordii.
261 1549 337 1575 Plura
351 1548 407 1574 dedi
419 1552 447 1574 in
460 1550 548 1575 Lexico
561 1547 660 1581 rustico.
854 1548 874 1585 ff
895 1558 908 1581 3
935 1551 1059 1576 Formulae
1122 1551 1188 1579 Plin.
1202 1559 1240 1582 ιο,
1253 1556 1304 1583 ςο.·
1396 1551 1439 1577 Sol
1458 1552 1561 1578 Lucret.
1575 1560 1599 1584 3,
1614 1557 1679 1586 1058.
1773 1552 1863 1581 Sidera
1876 1555 1969 1590 longos
1982 1556 2071 1584 obitus
2083 1567 2162 1586 exor-

25 1582 142 1618 quaedam
160 1583 300 1610 Verborum.
353 1585 452 1618 Capere
465 1583 596 1610 scribendi
610 1583 751 1609 exordium
763 1583 796 1610 ab
808 1584 942 1618 aliquibus
960 1591 1059 1619 tempo-
1122 1591 1148 1613 ta
1160 1586 1279 1612 reuisunt
1297 1587 1400 1613 Lucret.
1415 1595 1448 1619 4,
1461 1595 1519 1619 394.

1 1639 3 1641 .
26 1617 100 1644 ribus
115 1618 171 1644 Cic.
186 1618 218 1645 de
229 1619 321 1653 Legib.
335 1627 353 1647 1,
366 1624 379 1648 8
394 1628 415 1644 c.
431 1626 452 1650 3.
558 1618 687 1652 Quinctil.
700 1627 737 1649 10,
751 1627 761 1645 ι
789 1619 918 1653 Virgilius
930 1620 997 1653 apud
1011 1629 1058 1646 nos
1158 1628 1228 1648 Exo
1237 1629 1255 1647 R
1264 1628 1285 1648 T
1295 1628 1315 1646 V
1324 1629 1336 1648 s
1347 1642 1355 1654 ,
1377 1621 1415 1648 fis.
1435 1631 1470 1648 m.
1507 1621 1652 1657 [dmm]
1687 1622 1799 1649 Exortus
1813 1624 1874 1650 solis
1890 1625 1956 1651 Plin.
1971 1634 2008 1657 12,
2022 1635 2054 1652 ιι.
2127 1629 2162 1654 Et

26 1653 250 1686 auspicatiffimum
279 1653 380 1680 dederit
410 1654 558 1680 exordium.
594 1657 612 1679 i.
632 1654 661 1680 ab
692 1654 733 1680 his
760 1654 878 1680 commode
906 1657 1057 1689 incipiemus.
1123 1665 1158 1689 ιι,
1174 1665 1201 1682 12
1219 1657 1337 1683 Siderum
1352 1663 1467 1684 exortus.
1537 1657 1650 1683 Exortus
1668 1664 1693 1683 et
1711 1658 1821 1684 Occasus
1839 1659 1917 1692 solis,
1936 1664 2065 1687 contraria
2082 1662 2160 1688 Auet.

27 1687 157 1721 Quindfil.
171 1697 199 1720 4,
211 1697 221 1714 1
240 1689 385 1715 Exordium
398 1688 459 1715 duci
471 1698 657 1724 nonnunquam
669 1689 750 1715 etiam
761 1689 793 1715 ab
806 1689 895 1716 αξιοι-ε
909 1691 998 1716 causae
1017 1692 1057 1717 so·
1064 1702 1102 1727 40
1118 1692 1153 1718 ad
1166 1693 1263 1718 Heren.
1276 1701 1288 1724 3
1297 1712 1305 1723 ,
1319 1695 1358 1723 36.
1712 1701 1716 1706 ·

6 1725 8 1743 ἰ
28 1722 73 1749 let.
174 1723 228 1750 Cic.
241 1723 273 1750 de
280 1724 337 1750 Fin.
353 1732 375 1756 ς,
387 1730 411 1754 18
423 1734 445 1751 c.
456 1732 473 1759 7
507 1726 541 1750 Vt
554 1725 600 1750 illa
618 1724 772 1759 prudentia,
792 1734 869 1759 quam
890 1731 973 1751 artem
985 1726 1057 1751 vitae
1156 1733 1201 1753 Ex
1210 1734 1229 1753 o
1238 1734 1256 1752 R
1268 1732 1290 1752 T
1302 1728 1316 1751 ι’
1323 1734 1344 1752 v
1354 1732 1374 1751 v
1386 1734 1415 1757 s,
1435 1735 1464 1757 a,
1482 1733 1536 1751 um.
1557 1726 1617 1751 Adi.
1652 1725 1831 1761 [οἷνοιτολικδς]
1865 1728 1930 1754 Plin.
1946 1734 1985 1760 18,
1997 1738 2030 1763 34
2050 1730 2073 1757 A
2087 1736 2161 1765 parte

27 1758 76 1784 else
88 1757 212 1791 diximus,
225 1759 253 1785 in
266 1768 354 1786 earum
368 1760 449 1786 trium
462 1768 551 1786 rerum
564 1759 651 1793 aliqua
663 1761 790 1788 versetur,
804 1768 819 1784 a
831 1768 882 1792 qua
894 1760 975 1785 totius
986 1760 1057 1785 vitae
1121 1761 1243 1785 exortiua
1256 1760 1416 1786 solstitialem
1429 1760 1538 1786 habebit
1551 1765 1681 1785 exortum.
1708 1763 1726 1786 i.
1747 1762 1872 1788 Orientem
1886 1764 1978 1799 versus.
2084 1766 2160 1794 Idem

26 1792 104 1819 ducat
111 1792 493 1829 exordium,tanquamstamina
505 1796 565 1820 telae
577 1794 700 1819 texendae.
769 1793 872 1818 Inducit
885 1794 1055 1825 sempiternae
1119 1802 1161 1826 37,
1174 1802 1190 1819 2
1209 1795 1231 1818 A
1244 1795 1425 1827 Septentrione
1439 1795 1466 1820 in
1485 1795 1635 1820 exortiuum
1643 1795 1786 1822 Oceanum.
1856 1797 1921 1824 Plin.
1929 1806 1956 1833 7,
1963 1808 1999 1832 49
2019 1799 2162 1835 Negauere

23 1827 199 1861 sapientisque
211 1828 281 1854 vitae
294 1828 433 1853 exordium
445 1828 547 1853 animus
567 1827 620 1852 Cic.
634 1827 666 1852 de
678 1827 797 1852 Vniuers.
809 1834 849 1857 23.
931 1827 1055 1852 Nascitur
1120 1828 1161 1852 illi
1178 1836 1337 1861 quemquam
1352 1829 1495 1862 nonaginta
1508 1830 1623 1862 partium
1651 1831 1798 1858 exortiuam
1822 1834 1969 1860 mensuram
1997 1837 2086 1869 (quod
2099 1846 2161 1864 ana-

23 1861 163 1888 exordium
181 1861 237 1887 Cic.
251 1862 332 1887 Tusc.
349 1869 368 1891 1,
382 1866 403 1890 8.
509 1861 554 1886 Sil.
569 1868 594 1894 7,
632 1879 638 1885 .
675 1879 681 1885 .
717 1859 837 1893 Repetita
856 1860 964 1898 exordia
981 1854 1054 1887 reiro
1066 1865 1102 1892 45
1119 1862 1213 1895 phoras
1228 1866 1338 1894 vocant)
1360 1863 1514 1897 transgredi.
1537 1866 1575 1891 De
1588 1867 1710 1892 varietate
1723 1866 1839 1901 nascendi
1849 1869 1966 1903 quuitur.
2003 1871 2160 1900 Exortiuam

10 1896 132 1931 ancipit,
151 1901 196 1922 etc.
310 1896 416 1921 Sumere
428 1903 529 1920 nouum
541 1894 664 1921 audiendi
677 1893 817 1920 exordium
839 1895 968 1928 Qiinc‘til.
983 1905 1010 1929 4,
1026 1905 1054 1930 4.
1118 1899 1199 1933 igitur
1212 1899 1367 1924 mensuram.
1389 1901 1407 1924 i.
1427 1901 1493 1930 Eam,
1506 1908 1565 1935 quae
1578 1907 1646 1926 ortus
1659 1899 1857 1937 nostrispatium
1869 1902 2046 1938 compleffltur.
2091 1908 2160 1934 Oce-

22 1932 95 1966 Virg.
107 1932 172 1958 Aen.
186 1939 213 1964 4,
220 1935 271 1964 284
304 1944 349 1950 -—
384 1932 446 1964 Qio
459 1939 526 1956 nunc
538 1930 656 1964 reginam
670 1929 772 1956 ambire
784 1929 917 1956 furentem
954 1931 1055 1958 Audeat
1117 1941 1181 1958 anus
1194 1934 1330 1959 exortiuus
1350 1933 1415 1959 Plin.
1429 1943 1477 1969 37,
1491 1943 1515 1960 2.

23 1967 100 1994 affatu
112 1968 122 1993 ἓ
155 1971 181 1993 et
192 1975 258 2001 quae
271 1966 356 2000 prima
369 1965 476 1993 exordia
488 1966 576 1992 Sumat
590 1967 600 1991 Ξ
702 1966 743 1993 Sic
764 1965 910 1992 Exordium
921 1965 953 1992 de
967 1972 1053 1993 morte
1154 1974 1171 1993 Ε
1183 1974 1202 1993 x
1213 1975 1232 1993 O
1244 1974 1262 1993 R
1271 1975 1295 1994 M
1305 1976 1314 1994 1
1324 1976 1336 1994 s
1345 1976 1366 1994 T
1375 1976 1394 1995 o
1404 1975 1426 1993 N
1434 1988 1441 1999 ,
1468 1969 1486 1995 i.
1518 1977 1545 1994 n.
1580 1968 1740 2005 [ἐξορμιςᾶν]
1776 1973 1911 2000 Muraenae
1927 1983 2011 2010 genus.
2048 1977 2159 2005 Caffiod.

25 1999 132 2030 Sumunt
145 2010 226 2036 aquae
245 2000 338 2027 Pallad.
352 2003 417 2035 Aug.
432 2006 454 2032 8,
468 2011 489 2033 3.
1119 2003 1180 2028 Var.
1196 2003 1273 2037 Epist.
1287 2012 1325 2035 12,
1338 2012 1368 2036 14
1387 2003 1554 2030 Exormiston
1567 2003 1636 2031 inter
1649 2005 1730 2039 pisces
1742 2007 1846 2041 regium
1859 2017 1954 2042 genus,
1974 2019 2081 2045 compar
2099 2022 2159 2039 mu-

58 2043 206 2065 EXORDI
218 2042 280 2067 OR,
297 2038 369 2063 orsus
380 2037 452 2069 sum,
471 2036 515 2063 iri.
535 2037 599 2070 Dep.
618 2034 866 2076 [iidpxwff't'pzo'faofg
873 2036 1053 2072 {yxetps'mffrfo-
1071 2043 1105 2070 50
1119 2037 1204 2064 raenis
1216 2047 1335 2072 corpore.
1373 2039 1446 2074 Conf.
1462 2039 1562 2074 Salmas]
1575 2039 1604 2066 de
1617 2041 1700 2067 Pallio
1720 2051 1746 2076 p.
1764 2050 1826 2075 445.
1858 2050 1884 2070 et
1907 2046 1955 2080 Ios.
1975 2046 2066 2083 scalig,
2087 2047 2159 2074 Lgfl,

23 2073 140 2108 mstm'gw]
173 2072 217 2099 Ad
226 2073 286 2098 telae
297 2076 416 2099 rationem
422 2075 550 2107 pertinet,
567 2078 605 2104 υι,
620 2072 715 2106 Neque
728 2071 848 2098 exordiri
884 2087 928 2092 —
964 2071 1056 2104 habes,
1118 2074 1214 2099 Auson.
1232 2082 1251 2106 1,
1267 2076 1296 2100 26
1311 2083 1335 2108 p.
1348 2081 1388 2108 75.

26 2117 109 2144 neque
119 2107 151 2135 ad
162 2107 335 2134 detexundam
346 2108 424 2134 telam
438 2114 522 2134 certos
533 2108 659 2134 terminos
672 2106 750 2134 habes
770 2107 851 2133 Plaut.
866 2106 954 2133 Pseud.
964 2116 983 2138 1,
991 2118 1017 2141 4,
1027 2109 1053 2133 6.
1153 2115 1171 2136 Ε
1179 2116 1197 2135 x
1207 2115 1225 2135 Ο
1236 2116 1255 2134 R
1267 2117 1287 2135 N
1297 2116 1330 2140 0,
1349 2113 1401 2135 are.
1437 2108 1598 2142 [ἒπικασμέω,
1618 2109 1745 2145 {uo-nemi&
1757 2113 1770 2146 ]
1808 2112 1876 2139 Idem
1888 2115 1952 2149 quod
1968 2117 2046 2143 Valde
2058 2128 2158 2152 ornare,

30 2144 83 2171 Cic.
95 2143 126 2171 de
136 2144 208 2174 Orat.
221 2151 246 2174 2,
259 2150 302 2177 145
316 2153 337 2169 c.
350 2152 376 2175 33
395 2144 501 2169 Pertexe
513 2142 609 2173 modo,
629 2142 700 2177 quod
712 2143 818 2169 exorsus
832 2151 867 2168 es.
914 2142 971 2168 Vz’d.
1002 2149 1054 2169 DF.-
1116 2150 1140 2170 ει
1152 2143 1279 2179 magnifice
1292 2143 1419 2177 iifiruere.
1487 2145 1568 2171 Plaut.
1582 2146 1647 2171 Pers.
1661 2155 1683 2178 3,
1697 2155 1714 2177 ι,
1728 2154 1745 2181 7
1764 2148 1799 2174 Ea
1812 2150 1885 2175 causa
1898 2150 1931 2176 ad
1945 2150 1994 2177 hoc
2007 2155 2156 2188 exemplum

33 2185 126 2208 Tnxo.
189 2178 283 2205 Deinde
295 2178 425 2212 uniuerfim
435 2178 560 2214 fignificat
573 2180 691 2213 Incipere.
726 2178 783 2205 Cic.
794 2178 939 2211 Acad.4,11
960 2179 1052 2211 Qium
1117 2184 1144 2205 te
1164 2179 1291 2205 exornaui
1311 2189 1377 2213 ego,
1404 2179 1509 2206 venibis
1527 2186 1555 2206 tu
1576 2179 1656 2207 hodie
1675 2182 1761 2215 virgo.
1877 2185 1931 2211 Cic.
1945 2187 2015 2213 Fam.
2030 2196 2055 2222 7,
2072 2198 2104 2223 24
2119 2191 2156 2217 Ea

31 2214 68 2241 ita
76 2215 134 2241 esset
144 2214 245 2241 exorsus
254 2233 262 2246 ,
276 2213 308 2240 ad
320 2214 479 2241 audiendum
492 2213 593 2240 animos
608 2213 747 2240 ereximus.
817 2212 887 2239 Ibid.
900 2222 920 2246 1,
933 2220 958 2245 ις
976 2213 1054 2239 Tum
1072 2215 1100 2242 55
1118 2214 1190 2240 enim
1203 2214 1271 2248 signa
1286 2224 1335 2249 ego
1349 2223 1437 2241 emere
1449 2215 1537 2248 soleo,
1555 2225 1622 2250 quae
1635 2216 1666 2242 ad
1679 2217 1878 2245 similitudinem
1899 2223 2091 2254 gymnasiorum
2112 2234 2158 2251 ex-

29 2249 114 2277 Varro
123 2249 159 2276 ita
168 2250 273 2277 exorsus
288 2250 332 2276 est.
434 2249 559 2276 Exordiri
576 2255 602 2276 et
620 2250 757 2280 Pei-orare,
777 2249 909 2275 Contraria
950 2248 1005 2274 Cic.
1020 2248 1053 2275 de
1117 2255 1212 2276 ornent
1225 2250 1293 2276 mihi
1306 2251 1334 2276 in
1348 2250 1470 2284 palaestra
1483 2250 1579 2277 locum.
1674 2253 1807 2280 Exornare
1819 2261 1843 2280 et
1855 2255 2012 2284 Deformare
2021 2278 2029 2290 ‚
2056 2268 2157 2287 contra-

27 2285 98 2314 Qrat.
112 2293 133 2316 2,
146 2290 185 2315 80.
287 2286 310 2312 A
322 2294 352 2311 re
364 2285 418 2320 ipsa
431 2284 550 2311 exordiri
562 2285 590 2311 in
603 2285 690 2320 paruis
704 2291 781 2319 atque
794 2284 978 2319 frequentibus
995 2293 1054 2310 cau·
1119 2288 1160 2312 ria
1187 2285 1263 2311 Auct.
1281 2286 1312 2312 ad
1325 2287 1440 2312 Herenn.
1456 2294 1477 2318 3,
1491 2294 1527 2321 37.
1620 2287 1749 2314 Exornari
1763 2289 1886 2323 graphice
1904 2292 1984 2319 Plaut.
2001 2294 2082 2321 Trin.
2095 2305 2118 2328 3,
2132 2305 2156 2328 3,

24 2319 56 2347 fis
69 2320 228 2348 commodius
239 2321 276 2348 est
294 2321 350 2348 Cic.
358 2321 390 2347 de
400 2321 475 2347 Orat.
483 2329 506 2351 2,
514 2329 571 2352 230.
642 2321 706 2347 Non
718 2320 833 2354 gloriose
844 2319 979 2352 exordiri,
998 2329 1052 2346 ma·
1118 2326 1154 2352 38.
1258 2322 1384 2347 Priuatim
1394 2328 1419 2348 et
1433 2321 1536 2356 publice
1549 2322 1774 2356 praestantiffimus
1788 2330 1814 2350 et
1826 2325 1951 2353 institutis
1963 2335 1988 2354 et
1998 2330 2098 2357 artibus
2110 2340 2157 2358 cx-

24 2355 113 2390 gisque
124 2364 140 2382 a
149 2356 261 2383 veritate
273 2365 352 2391 quam
364 2366 378 2383 a
392 2356 517 2391 dignitate
537 2356 592 2382 Cic.
605 2355 637 2382 de
651 2356 725 2383 Orat.
740 2364 763 2388 2,
776 2364 811 2388 31.
881 2354 921 2380 Ab
934 2355 1054 2382 aduersa·
1116 2357 1222 2382 ornauit
1230 2366 1288 2383 eam
1296 2357 1443 2389 Graeciam,
1457 2366 1523 2391 quae
1536 2358 1630 2392 Magna
1644 2357 1714 2385 dicia
1726 2359 1777 2392 est,
1796 2360 1952 2396 Pythagoras
1991 2365 2047 2391 Cic.
2068 2367 2154 2394 Tusc.

22 2390 59 2418 rii
72 2390 144 2418 dieto
157 2392 292 2423 exordiri,
310 2397 336 2419 et
347 2391 379 2418 ab
393 2400 426 2418 eo
437 2392 552 2418 maxime
566 2391 637 2425 quod
649 2391 693 2417 ille
706 2391 857 2425 nuperrime
870 2390 967 2420 dixerit
975 2390 1052 2417 Auci.
1062 2396 1097 2420 60
1117 2399 1141 2424 ς,
1155 2400 1183 2417 ιο
1198 2402 1220 2418 c.
1234 2401 1261 2425 4.
1331 2393 1422 2419 Aciem
1443 2392 1541 2418 Sallust.
1554 2392 1582 2418 in
1595 2393 1714 2426 Iugurth.
1729 2403 1769 2427 52,
1777 2403 1799 2427 3.
1868 2397 1951 2424 Donis
1963 2398 2077 2434 aliquem
2091 2402 2155 2431 Stat.

23 2425 55 2452 ad
67 2427 163 2453 Heren.
177 2436 195 2458 ι,
210 2436 238 2453 ιο
251 2437 272 2453 c.
286 2429 310 2453 6.
381 2427 403 2452 A
417 2427 550 2461 principio
567 2427 622 2452 Cic.
637 2426 668 2452 de
683 2426 772 2452 Diuin.
787 2435 813 2459 2,
828 2435 867 2452 101
881 2435 902 2452 c.
915 2431 957 2460 48.
994 2427 1052 2452 Cum
1116 2427 1180 2453 Silu.
1194 2436 1217 2460 3,
1229 2437 1248 2458 ι,
1260 2436 1310 2459 132.
1417 2428 1540 2462 Aliquem
1553 2428 1703 2462 magistratu
1724 2430 1790 2456 Plin.
1804 2431 1879 2465 Epist.
1897 2442 1935 2465 ιο,
1951 2442 1988 2467 14.
2066 2437 2154 2469 Qin-

21 2461 160 2497 Irfinitiuo.
196 2463 252 2488 Cic.
269 2461 300 2487 de
314 2461 371 2487 Fin.
384 2470 403 2491 1,
416 2470 446 2493 29
459 2467 500 2491 c.8
521 2462 597 2487 Tum
608 2461 695 2487 dicere
709 2462 815 2487 exorsus
827 2461 871 2487 est.
941 2459 1054 2494 Substan-
1116 2462 1171 2488 8111.
1187 2472 1215 2495 4,
1230 2472 1245 2488 2
1266 2463 1472 2496 Narrationem,
1490 2470 1518 2489 vt
1531 2463 1548 2489 fi
1563 2464 1641 2490 vllam
1655 2470 1754 2498 partem
1770 2467 1913 2499 orationis,
1935 2470 2008 2494 omni
2028 2480 2078 2504 qua
2093 2478 2152 2505 pot-

20 2498 76 2523 tiua
89 2507 96 2522 :
131 2496 212 2522 Plaut.
226 2495 315 2522 Bacch.
325 2504 343 2526 1,
350 2504 374 2527 z,
384 2503 411 2528 19
428 2496 513 2522 Etiam
527 2504 567 2522 me
579 2496 702 2523 aduersus
713 2497 837 2523 exordire
848 2497 984 2530 Argutias,
1004 2497 1051 2531 qui
1116 2498 1152 2523 est
1164 2499 1248 2531 gratia
1262 2505 1286 2525 et
1299 2507 1395 2525 venere
1409 2499 1582 2526 exornandam
1599 2505 1671 2533 pute.
1787 2502 1832 2526 Me
1853 2502 1930 2527 vobis
1948 2512 2048 2531 exorno
2067 2506 2152 2533 Plaut-

21 2530 40 2558 fi
52 2531 140 2557 decem
153 2530 248 2556 habeas
261 2530 376 2565 linguas,
394 2537 496 2557 mutum
511 2532 558 2557 effe
572 2530 677 2558 addecet
691 2533 700 2558 3
766 2533 828 2559 Liu.
836 2540 862 2564 4,
878 2540 906 2566 17
930 2533 997 2558 Cum
1005 2533 1050 2558 Fi·
1114 2533 1194 2559 Stich.
1209 2542 1231 2566 ς,
1247 2542 1269 2567 5,
1282 2543 1302 2566 3.
1374 2535 1478 2560 Morem
1493 2535 1639 2560 communis
1652 2535 1790 2567 sermonis,
1811 2535 1905 2562 decore
1920 2538 2033 2571 quodam
2047 2542 2153 2569 scenico

22 2565 159 2592 denatibus
175 2574 191 2591 a
208 2566 281 2592 causa
302 2572 355 2593 tam
368 2566 479 2593 nefanda
491 2567 592 2593 Bellum
605 2566 716 2598 exorsis,
732 2573 807 2594 atrox
821 2567 958 2594 dimicatio
974 2567 1050 2594 insta·
1064 2567 1096 2600 65·
1114 2575 1243 2595 exornant
1260 2569 1389 2601 Quinctii.
1403 2578 1428 2601 ι,
1444 2578 1481 2595 ιο.
1587 2569 1689 2595 Mulier
1707 2577 1871 2603 nequaquam
1889 2580 2012 2600 exornata
2024 2576 2059 2601 est
2072 2577 2152 2611 bene,

21 2600 75 2627 bat.
146 2600 224 2627 Plaut.
240 2601 306 2629 Asin.
319 2610 338 2632 1,
353 2611 372 2634 ι,
385 2610 427 2628 102
455 2602 529 2636 Quin
547 2607 572 2629 te
584 2611 691 2637 quoque
703 2603 788 2637 ipsum
802 2603 897 2629 faciam
911 2602 980 2629 haud
995 2612 1048 2629 ma-
1114 2604 1132 2629 fi
1145 2609 1246 2630 morata
1260 2604 1296 2629 est
1308 2605 1376 2629 male
1402 2604 1481 2629 Plaut.
1496 2603 1573 2629 Most.
1590 2612 1610 2634 ι,
1627 2612 1647 2634 3,
1663 2612 1709 2635 132.
1802 2605 1915 2640 Nuptias
1952 2609 2032 2637 Plaut.
2045 2612 2104 2638 Aul.
2119 2622 2151 2646 4,

22 2636 67 2670 gni
76 2656 85 2668 ,
100 2635 118 2661 fi
131 2635 180 2662 hoc
192 2641 266 2669 patro
279 2647 284 2662 :
318 2645 422 2672 pergam
436 2646 489 2672 quo
503 2639 609 2672 occoepi
618 2657 625 2668 ‚
642 2643 719 2672 atque
733 2638 773 2664 ibi
787 2637 904 2665 Confilia
917 2638 1048 2664 exordiar.
1112 2646 1150 2669 ιο,
1165 2646 1207 2670 34.
1277 2639 1349 2671 Opus
1361 2638 1450 2663 verbis
1469 2639 1584 2671 Propert.
1605 2647 1633 2671 4,
1650 2646 1673 2671 ς,
1686 2647 1721 2671 ι9.
1811 2642 1967 2668 Orationem
1980 2653 2107 2674 exornare
2122 2654 2151 2675 et

21 2670 104 2698 Plsut.
128 2671 218 2697 Bacch.
243 2680 270 2704 4,
297 2680 326 2705 4,
349 2680 377 2706 71
406 2673 498 2702 Nescis
511 2672 574 2706 quid
588 2681 637 2706 ego
649 2673 752 2699 acturus
764 2673 824 2703 fim,
839 2681 925 2705 neque
940 2673 1049 2697 Facinus
1111 2672 1242 2697 illustrare
1263 2673 1317 2698 Cic.
1332 2672 1364 2698 de
1374 2673 1447 2698 Orat.
1461 2681 1483 2705 3,
1498 2681 1537 2705 50.
1642 2674 1681 2700 Id.
1691 2674 1772 2700 Tusc.
1782 2684 1805 2706 2,
1813 2684 1836 2707 ¹3
1875 2677 1901 2702 Si
1915 2679 1997 2705 modo
2011 2681 2046 2707 est
2060 2683 2151 2717 aliqua

22 2712 147 2741 quantum
160 2706 292 2733 exordiar.
386 2707 484 2732 Funem
500 2708 565 2733 Cato
578 2707 608 2732 R.
622 2707 652 2732 R.
667 2715 715 2739 135,
729 2715 756 2739 4.
858 2707 913 2732 Cic.
928 2704 960 2731 de
973 2707 1048 2732 Orat.
1111 2707 1236 2740 patientia
1250 2717 1256 2732 τ
1291 2707 1309 2733 fi
1329 2707 1400 2733 nulla
1418 2708 1468 2740 est,
1485 2707 1548 2742 quid
1570 2717 1725 2735 exornamus
1745 2709 1940 2745 Philosophiam
1953 2715 1962 2740 ἓ
2064 2718 2150 2746 Plaut,

20 2750 42 2775 1,
56 2750 95 2774 119
109 2750 130 2768 c.
142 2744 178 2768 26
193 2743 223 2768 In
236 2741 530 2768 exordiendaOratione
543 2740 690 2775 perturbari
699 2743 827 2768 Oratorem
841 2742 895 2767 vult
901 2739 1006 2773 Craffits.
1058 2747 1094 2777 7ο
1112 2742 1188 2768 Most.
1202 2751 1222 2773 1,
1235 2751 1255 2774 3,
1268 2751 1295 2768 12
1314 2743 1387 2775 Quin
1401 2749 1457 2769 tute
1471 2752 1581 2769 exornas
1593 2743 1714 2770 moribus
1728 2744 1831 2778 lepidis,
1840 2756 1922 2781 quum
1935 2749 2023 2784 lepida
2036 2758 2092 2779 tute
2104 2756 2152 2782 es}

54 2784 71 2804 E
82 2783 101 2803 Χ
111 2783 178 2803 ORS
188 2784 246 2807 vs,
265 2786 295 2808 a,
325 2786 380 2802 um.
416 2777 508 2803 Partic.
528 2778 673 2811 Deponent.
710 2775 875 2811 [ἀρξάμενος]
913 2776 966 2802 Cic.
996 2785 1045 2811 pro
1111 2778 1167 2811 sic,
1187 2778 1320 2804 Exornare
1334 2778 1532 2812 Philosophiam
1549 2778 1613 2804 falsa
1626 2779 1712 2812 gloria
1730 2780 1785 2806 Cic.
1798 2781 1880 2808 Tusc.
1893 2793 1958 2816 2,12.
2073 2788 2150 2818 Idem

19 2812 90 2840 Cael.
102 2814 133 2844 36
143 2821 168 2838 c.
185 2819 209 2844 ις
235 2811 307 2845 Quid
319 2812 484 2839 tumultuaris
497 2813 573 2839 soror
585 2813 594 2838 3
628 2812 692 2846 quid
704 2812 799 2838 insanis
813 2813 822 2838 3
857 2810 919 2846 quid
932 2811 1046 2838 clamore
1111 2813 1187 2839 Verr.
1200 2822 1228 2845 4,
1242 2815 1272 2838 62
1290 2813 1403 2839 Exornat
1415 2813 1516 2848 ample,
1530 2814 1720 2849 magnificeque
1733 2816 1888 2844 triclinium.
1959 2821 2001 2847 Sic
2012 2831 2061 2856 pro
2068 2825 2151 2853 Arch.

19 2848 127 2880 exorsa,
143 2847 233 2874 verbis
256 2856 364 2881 paruam
384 2857 441 2875 rem
454 2856 571 2882 magnam
584 2847 649 2873 facis
664 2848 673 2873 3
787 2847 868 2873 Plaut.
880 2847 946 2872 Pers.
959 2856 986 2880 4,
1001 2856 1017 2877 1,
1029 2854 1047 2882 7
1109 2855 1144 2882 27
1168 2847 1336 2874 Carminibus
1354 2849 1514 2883 templorum
1532 2857 1562 2875 ac
1581 2857 1815 2878 monumentorum
1831 2853 1918 2880 aditus
1937 2859 2076 2886 exornauit
2089 2861 2151 2887 suo-

17 2884 93 2919 Hanc
105 2891 153 2917 ego
167 2891 223 2909 rem
233 2883 340 2909 exorsus
351 2884 406 2909 sum
419 2883 502 2910 facete
514 2888 540 2910 et
553 2883 654 2909 callide.
729 2881 839 2916 Paffiue..
865 2881 946 2908 Plaut.
955 2881 1046 2912 Bacch.
1110 2892 1179 2909 rum.
1248 2884 1322 2910 Idem
1335 2885 1410 2910 Verr.
1424 2893 1450 2916 2,
1463 2889 1496 2917 84
1515 2884 1599 2911 Vrbes
1610 2884 1687 2920 signis
1696 2905 1705 2918 ,
1724 2887 1948 2924 monimentisque
1961 2892 2149 2925 pulcherrimis,

21 2927 46 2949 2,
59 2927 80 2951 3,
92 2921 131 2945 ιι6
148 2919 244 2944 Exorsa
267 2917 330 2944 haec
347 2919 398 2945 tela
413 2927 467 2945 non
487 2918 554 2946 male
574 2917 684 2944 omuino
707 2917 776 2944 mihi
796 2917 840 2945 est.
943 2917 998 2943 Cic.
1013 2916 1045 2944 de
1058 2922 1095 2950 75.
1107 2919 1254 2945 exornauit.
1361 2920 1417 2946 Cic.
1433 2921 1510 2947 Verr.
1524 2928 1545 2952 1,
1580 2940 1587 2946 .
1624 2940 1631 2947 .
1666 2922 1701 2948 At
1721 2931 1786 2949 vero
1811 2924 1910 2952 Vrbem
1931 2932 2030 2961 totam,
2050 2932 2149 2965 templa

22 2954 95 2980 Orat.
107 2962 132 2986 2,
146 2959 185 2986 158
197 2963 217 2980 c.
232 2958 258 2985 38
277 2953 361 2980 Multa
373 2953 522 2989 quaerendo
537 2954 672 2988 reperiunt
689 2962 742 2980 non
753 2953 834 2980 modo
847 2961 877 2979 ea
885 2972 895 2992 ,-
910 2961 976 2988 quae
990 2961 1045 2980 non
1108 2954 1218 2981 deorum
1228 2975 1236 2987 ,
1257 2963 1400 2989 omnesque
1413 2955 1504 2982 Italiae
1517 2960 1618 2990 partes,
1637 2956 1748 2984 illorum
1759 2957 1835 2985 donis
1850 2969 1879 2986 ac
1897 2963 2067 2991 monimentis
2076 2986 2084 2999 ‚
2103 2975 2147 2994 ex-

22 2989 121 3023 possunt
131 2988 177 3023 ipsi
189 2988 339 3020 diffoluere,
357 2989 400 3016 sed
413 2990 504 3021 etiarn,
514 2989 612 3025 quibus
625 2994 684 3015 ante
697 2990 789 3016 exorsa
804 2994 829 3015 et
841 2994 929 3023 potius
942 2988 1047 3015 detexta
1106 2996 1209 3017 ornatas
1223 2989 1351 3017 videmus.

24 3031 103 3058 prope
119 3029 265 3052 retexantur
278 3035 284 3051 z
319 3024 347 3051 de
361 3024 507 3052 dialecticis.
621 3024 697 3058 Virg.
708 3025 772 3051 Aen.
785 3033 821 3055 ιο,
835 3033 869 3051 ιιι
888 3024 936 3050 Sua
948 3025 1044 3059 cuique
1144 3032 1161 3052 Ε
1172 3033 1189 3052 x
1200 3031 1219 3051 ο
1229 3033 1248 3052 R
1257 3033 1279 3051 Ν
1289 3031 1340 3052 ΑΤ
1349 3031 1370 3049 ν
1380 3031 1393 3051 s
1403 3045 1411 3058 ‚
1430 3034 1460 3055 a,
1479 3034 1533 3052 um.
1553 3025 1646 3053 Partic.
1666 3026 1913 3065 [ἕπικεκοσμημένος]
1938 3033 1993 3059 Cic.
2010 3033 2042 3060 de
2048 3036 2144 3071 Arusp.

25 3060 114 3086 exorsa
123 3059 237 3087 laborem
271 3061 466 3096 Fortunamque
479 3061 573 3089 ferent.
608 3060 702 3087 Exorsa
725 3061 827 3096 (inquit
843 3058 968 3091 Seruius)
988 3060 1007 3086 i.
1022 3069 1045 3087 e.
1111 3061 1185 3094 Resp.
1199 3069 1236 3093 44
1257 3060 1316 3087 Nifi
1329 3069 1389 3087 eum
1400 3060 1525 3087 mulieres
1537 3067 1693 3088 exornatum
1706 3062 1743 3088 ita
1755 3064 1987 3099 deprehendissent.
2074 3072 2145 3099 Ter,

23 3092 118 3126 Initia,
135 3094 203 3125 afikus
216 3095 356 3123 hodiernae
367 3096 430 3123 diei.
544 3096 618 3129 Virg.
634 3096 728 3130 Georg.
737 3104 760 3128 2,
767 3098 802 3128 46
820 3096 884 3122 Non
897 3094 939 3121 hic
952 3101 978 3121 te
991 3104 1045 3122 car·
1060 3099 1092 3126 80
1109 3097 1204 3122 Heaut.
1219 3103 1243 3130 ς,
1256 3105 1276 3128 ι,
1290 3101 1322 3130 78
1340 3095 1415 3122 Adeo
1427 3103 1583 3124 exornatum
1595 3096 1679 3128 dabo,
1698 3098 1763 3125 adeo
1777 3100 1912 3134 depexum‚
1926 3109 1962 3133 vt,
1983 3103 2045 3130 dum
2058 3107 2144 3137 viuat,

24 3128 96 3155 mine
108 3128 182 3161 fleto,
213 3131 296 3166 Atque
309 3140 354 3166 per
366 3132 487 3167 ambages
501 3136 527 3158 et
541 3132 630 3166 Longa
642 3132 732 3158 exorsa
745 3131 849 3158 tenebo.
883 3130 901 3156 i.
910 3139 933 3157 e.
942 3131 1046 3165 Simpli-
1108 3131 1260 3158 meminerit
1272 3131 1335 3159 mei.
1355 3134 1374 3158 i.
1394 3132 1469 3158 Probe
1482 3133 1648 3164 verberatum,
1669 3135 1709 3160 uel
1713 3133 1861 3168 foedatum,
1896 3139 2032 3172 Interprete
2048 3141 2143 3168 Nonio

25 3164 92 3190 citer
103 3162 220 3196 vniuersa
233 3165 372 3194 describam
386 3179 392 3194 ε
427 3176 512 3202 neque
525 3172 554 3194 vt
568 3168 596 3193 in
615 3167 746 3200 Aeneide,
764 3166 896 3201 aliquibus
916 3166 1046 3200 figmentis
1107 3176 1135 3200 4,
1149 3174 1198 3201 173.
1315 3167 1416 3194 Ornatu
1428 3167 1503 3194 nullo
1517 3174 1590 3202 potes
1606 3170 1759 3196 exornatior
1772 3171 1818 3196 esse
1828 3172 1909 3198 Vetus
1918 3173 1995 3199 Poeta
2009 3174 2037 3200 in
2051 3177 2142 3204 Error.

24 3204 69 3225 aut
82 3198 143 3225 vllis
153 3197 209 3227 vtar
221 3200 379 3236 ambagibus.
413 3203 503 3238 Longa
516 3208 602 3229 autem
615 3204 721 3235 exorsa,
739 3203 803 3229 dicit
816 3202 955 3229 Prooemia
968 3202 1045 3236 longe
1107 3203 1174 3228 Ven.
1188 3211 1211 3236 p.
1226 3209 1271 3235 ιις.
1343 3219 1346 3222 ›
1371 3203 1519 3242 ‘Exornatus
1532 3204 1657 3230 comitatu
1689 3204 1754 3231 Plin.
1767 3214 1807 3238 30,
1822 3215 1841 3232 1.
1935 3209 2053 3243 Equestri
2072 3212 2143 3239 mili-

23 3234 133 3269 repetita
146 3243 152 3261 ε
186 3243 251 3269 quae
262 3237 356 3265 constat
366 3239 415 3265 esse
427 3239 531 3265 vitiosa,
568 3238 682 3265 Seruius.
748 3266 751 3270 .
1110 3237 1147 3264 tia
1160 3242 1299 3264 exornatus
1317 3237 1405 3271 Papm.
1418 3238 1447 3264 in
1459 3239 1475 3265 l.
1490 3248 1548 3273 pen.
1562 3241 1594 3266 D.
1609 3239 1640 3265 de
1654 3239 1732 3266 milit.
1747 3240 1889 3268 testament.
1995 3245 2062 3272 Ter.
2075 3248 2141 3274 Eun.

60 3276 77 3296 Ε
89 3276 107 3295 x
118 3275 186 3296 oRs
197 3275 215 3295 v
226 3278 255 3302 s,
273 3270 310 3298 sis.
327 3282 363 3300 m.
398 3273 500 3309 [ἀρχῆ]
538 3273 614 3301 Idem.
650 3274 706 3300 Cic.
733 3282 780 3308 pro
798 3273 829 3300 L.
850 3272 942 3300 Manil.
957 3281 978 3298 11
991 3281 1012 3300 c.
1027 3281 1046 3306 4
1064 3274 1093 3303 85
1109 3282 1138 3306 4,
1151 3282 1178 3306 4,
1193 3275 1221 3299 16
1239 3274 1278 3299 Ita
1290 3272 1361 3301 visus
1374 3273 1410 3299 est
1424 3273 1538 3306 dudum,
1558 3276 1620 3309 quia
1632 3275 1704 3301 varia
1717 3276 1792 3302 Veste
1805 3283 1942 3304 exornatus
1955 3279 2015 3305 fuit.
2086 3283 2141 3309 Do-

22 3304 73 3332 Sed
86 3313 134 3340 pro
145 3304 224 3331 vestri
235 3305 338 3341 imperii
349 3308 475 3344 dignitate
487 3315 566 3345 atque
587 3309 688 3343 gloria,
703 3309 830 3344 quoniam
849 3309 871 3335 is
885 3308 921 3335 est
939 3308 1047 3335 exorsus
1109 3318 1166 3335 mus
1179 3314 1302 3334 exornata
1316 3314 1342 3334 et
1355 3309 1479 3335 instrueta
1516 3310 1572 3336 Cic.
1586 3311 1660 3337 Verr.
1674 3318 1706 3342 2,
1719 3315 1759 3344 84.
1852 3313 2045 3342 Exornatissima
2073 3326 2141 3345 auro

22 3340 149 3376 orationis
161 3348 240 3366 meae.
1108 3344 1207 3372 cithara
1226 3343 1300 3370 Au&
1314 3343 1346 3369 ad
1359 3345 1424 3371 Her.
1438 3354 1457 3378 4
1469 3354 1488 3371 c.
1504 3352 1549 3379 47.
1655 3346 1813 3380 Tropaeum
1826 3347 1925 3374 clarum
1938 3352 2015 3383 atque
2031 3360 2141 3380 exorna-

59 3383 76 3402 Ε
87 3382 106 3401 x
116 3382 135 3401 ο
144 3381 208 3401 RIO
217 3382 251 3406 R,
268 3375 314 3402 iris
323 3379 362 3405 vel
373 3379 433 3411 Eris,
446 3385 520 3407 ortus
531 3381 596 3411 sum,
609 3381 654 3407 iri.
674 3380 740 3414 Dep.
757 3379 948 3412 [ἓξανατέλλω]
989 3379 1047 3405 Vim
1108 3384 1166 3406 tum
1184 3379 1238 3406 Cic.
1253 3379 1285 3406 de
1298 3380 1401 3406 Inuent.
1416 3388 1436 3412 1,
1449 3382 1492 3412 69.
1688 3381 1736 3408 Sed
1756 3380 1776 3419 ff
1796 3391 1811 3409 2
1833 3383 1949 3411 Gratiam
1965 3385 2066 3413 decoris
2080 3389 2140 3416 red.

15 3410 138 3447 fimplicir
157 3416 230 3447 auget
245 3409 286 3437 bic
296 3415 365 3438 etiam
381 3414 536 3450 Prae-positio.
572 3417 713 3451 EmergcrE,
730 3415 867 3451 exsurgere.
904 3415 1007 3440 Lucret.
1020 3422 1044 3445 2,
1107 3414 1173 3441 dunt
1187 3420 1339 3442 exornatam
1353 3421 1379 3442 et
1392 3415 1560 3450 naufragam,
1579 3418 1598 3442 i.
1619 3416 1717 3443 Ornatu
1725 3417 1860 3452 spoliatam
1885 3418 2001 3447 Tertull.
2021 3421 2053 3448 de
2068 3424 2140 3452 Cult.

0 3420 73 3507 {506
90 3446 212 3479 Namque
235 3445 293 3472 aliis
312 3446 380 3475 aliud
397 3451 564 3483 praestantius
577 3457 738 3477 exereretur.
840 3450 964 3480 Exoriri‚
984 3450 1043 3476 Sur·
1049 3460 1086 3485 90
1102 3452 1175 3478 Fem.
1189 3460 1210 3477 c.
1221 3459 1247 3483 9.

41 3490 93 3509 ere.
129 3481 195 3508 Fest.
308 3481 361 3508 Cic.
372 3492 419 3517 pro
431 3486 460 3511 L.
473 3487 534 3520 Agr.
546 3495 571 3517 2,
583 3492 614 3520 89
644 3487 696 3512 Hic
708 3494 773 3512 vero
785 3486 814 3511 in
836 3486 917 3512 oculis
937 3485 1042 3511 Senatus
1141 3493 1185 3513 Ex
1196 3491 1216 3512 o
1225 3486 1388 3513 RNA'TOR
1398 3505 1405 3517 ‚
1424 3486 1488 3513 oris.
1508 3495 1543 3513 m.
1579 3486 1779 3521 [ἓπικοσμῆτωρ]
1813 3488 1870 3514 Cic.
1884 3488 1915 3514 de
1929 3490 2003 3518 Orat.
2018 3501 2048 3524 2,
2062 3503 2095 3527 54
2114 3505 2139 3523 c,

43 3517 169 3552 opulique
194 3517 272 3542 Rom·
288 3515 357 3542 nihil
372 3520 438 3551 posse
455 3522 581 3553 existere,
600 3521 672 3557 quod
683 3530 737 3547 non
749 3527 809 3547 ante
821 3521 950 3555 exstingui
964 3527 1042 3555 atque
1105 3530 1135 3548 12
1147 3528 1211 3548 extr.
1233 3521 1339 3548 Caeteri
1349 3530 1405 3548 non
1418 3527 1587 3549 exornatores
1604 3531 1709 3554 rerum,
1728 3523 1771 3548 sed
1790 3525 1973 3552 tantummodo
1990 3536 2140 3558 nan-amre,

25 3552 138 3587 opprimi
151 3553 244 3585 posset,
267 3559 346 3585 quam
357 3552 429 3585 plane
438 3563 557 3584 exortum
570 3566 599 3583 ac
613 3562 702 3584 natum
713 3558 781 3583 effet.
895 3557 931 3582 Ex
949 3556 1042 3582 alieni·
1101 3557 1217 3583 fuerunt.

25 3588 95 3622 genis
106 3596 172 3623 quae
184 3587 260 3614 terris
271 3586 427 3614 exoriuntur
442 3589 543 3619 Lucret.
555 3601 573 3624 1,
586 3598 644 3626 870.
754 3593 784 3618 In
798 3600 856 3618 oras
872 3591 978 3618 luminis
992 3592 1042 3617 Lu·
1141 3599 1158 3619 E
1168 3600 1186 3619 x
1194 3598 1213 3618 O
1221 3599 1239 3618 R
1248 3599 1271 3618 N
1279 3599 1300 3618 A
1308 3599 1330 3619 T
1338 3599 1375 3618 R1
1386 3598 1406 3618 Χ
1415 3611 1423 3624 ,
1443 3592 1499 3619 icis.
1523 3592 1543 3619 f.
1584 3591 1661 3627 Apud
1672 3592 1786 3618 Marcell.
1802 3594 1900 3629 Empir.
1936 3616 1943 3623 .
1981 3617 1988 3624 .

26 3628 86 3649 cret.
100 3632 120 3655 1,
133 3632 177 3658 24.
282 3621 354 3661 {dem
367 3630 392 3654 Ζ,
404 3630 448 3656 79¹
477 3626 561 3654 Multo
579 3627 726 3663 procliuius
736 3627 890 3659 exorientur
925 3626 1042 3653 Candida
1055 3631 1088 3658 93
1140 3634 1157 3654 Ε
1169 3634 1188 3653 x
1199 3634 1246 3653 οι(
1258 3633 1280 3652 Ν
1290 3635 1312 3654 Α
1322 3635 1343 3653 T
1352 3635 1360 3653 1
1370 3634 1405 3659 o,
1424 3629 1492 3654 onis.
1512 3628 1531 3654 f.
1567 3626 1755 3662 [ἐπ-κόσμησις]
1792 3629 1921 3657 Columel.
1931 3640 1984 3665 12,3
2000 3634 2140 3670 Indequae

0 3663 1 3675 ¹
27 3657 58 3684 de
71 3659 157 3692 pullo,
176 3666 254 3693 quam
266 3666 343 3691 nigro
355 3662 414 3684 nata
424 3659 517 3687 colore.
629 3664 685 3690 Cic.
699 3662 731 3689 de
742 3662 832 3688 Diuin.
845 3671 871 3694 2,
876 3670 907 3695 93
923 3661 981 3688 Post
993 3661 1042 3686 sol·
1105 3661 1137 3688 ad
1153 3661 1312 3688 lauationem
1321 3681 1329 3694 ‚
1349 3671 1416 3697 quae
1430 3663 1461 3689 ad
1477 3663 1684 3693 exornationem,
1702 3671 1770 3696 quae
1784 3664 1816 3690 ad
1827 3667 1940 3693 mensam
1955 3670 2139 3702 quotidianam

25 3692 122 3720 stitium
134 3693 258 3721 Canicula
271 3693 399 3719 exoritur.
508 3696 586 3723 Ouid.
599 3698 683 3725 Trist.
696 3707 716 3729 1,
729 3706 750 3729 3,
764 3705 800 3732 77
814 3698 893 3724 Tunc
906 3706 970 3723 vcro
983 3705 1044 3722 exo·
1108 3703 1186 3731 atque
1199 3697 1375 3731 epulationem
1387 3699 1562 3732 pertinerent,
1579 3696 1784 3730 exponebantur.
1854 3703 1885 3727 In
1892 3707 1987 3737 primis
1999 3705 2139 3735 adoratio-

25 3727 92 3756 titur
103 3729 223 3759 clamor,
243 3728 406 3763 gemitusque
419 3736 546 3756 meorum.
614 3734 696 3760 Color
711 3733 829 3759 exoritur
843 3733 886 3758 illi
900 3741 931 3758 ex
945 3739 1046 3765 tempo-
1109 3741 1162 3758 nem
1176 3733 1303 3767 refertur,
1320 3739 1343 3759 et
1354 3742 1397 3766 ea,
1417 3733 1606 3768 quaeschemata
1619 3741 1739 3759 vocamur
1745 3733 1884 3771 sfigurae.
1975 3740 2029 3767 Cic.
2052 3741 2083 3767 de
2096 3744 2137 3768 In.

27 3762 96 3791 ribus
114 3765 194 3791 Plaut.
207 3765 279 3791 Men.
294 3772 315 3797 ς,
327 3772 353 3796 2,
367 3765 410 3798 76.
464 3763 524 3790 Dies
535 3768 652 3795 exoritur
671 3770 768 3795 Lucan.
784 3777 804 3801 1,
817 3776 874 3801 234.
968 3768 1044 3801 Virg.
1108 3773 1179 3793 vent.
1191 3776 1216 3798 2,
1230 3776 1251 3793 11
1265 3777 1287 3793 c.
1301 3777 1313 3799 3
1331 3769 1384 3795 Hic
1406 3774 1505 3795 tantum
1528 3767 1581 3800 ipsa
1599 3767 1706 3794 inuenta
1724 3778 1936 3806 vnamquamque
1951 3774 1979 3800 in
1992 3783 2047 3801 rem
2060 3786 2137 3811 expo-

29 3798 89 3825 Aen.
102 3805 186 3833 12,583
203 3800 328 3826 Exoritur
340 3798 454 3833 trepidos
466 3798 534 3825 inter
545 3801 679 3830 Discordia
692 3804 772 3830 ciues:
875 3802 987 3830 Dolores
1000 3811 1043 3828 ex·
1052 3811 1100 3830 100
1108 3809 1203 3829 nentur
1215 3802 1367 3837 simpliciter
1379 3804 1432 3830 sine
1443 3803 1496 3829 vlla
1509 3802 1687 3829 exornatione.
1723 3805 1909 3833 Exornationis
1922 3818 2015 3842 genera
2033 3813 2097 3847 leges
2108 3816 2136 3839 in

28 3833 147 3861 oriuntur
167 3841 244 3862 vtero
264 3835 345 3861 Plaut.
365 3833 459 3869 Amph.
478 3841 507 3866 ς,
521 3843 541 3866 ι,
553 3843 598 3867 40.
688 3839 747 3864 Liu.
762 3840 786 3869 6,
799 3847 824 3864 21
848 3838 887 3865 De
900 3839 1044 3865 Praestino-
1108 3838 1296 3864 Partitionibus
1316 3839 1420 3864 eiusdem
1439 3848 1470 3863 11.
1583 3837 1734 3866 Verborum
1751 3843 1889 3869 exornatio
1901 3844 1952 3876 est,
1970 3846 2044 3878 Qiae
2058 3847 2136 3881 ipsius

28 3877 86 3896 rum
98 3878 200 3906 quoque
217 3870 365 3897 defec‘tione
385 3878 417 3896 eo
436 3878 505 3896 anno
516 3869 630 3903 primum
643 3872 720 3899 Fama
731 3879 830 3900 exorta.
944 3875 1044 3908 Fragor
1106 3872 1232 3900 sermonis
1246 3873 1367 3907 insignita
1379 3873 1528 3899 continetur
1541 3873 1726 3908 perpolitione.
1797 3877 1986 3905 Sententiarum
1999 3883 2136 3908 exornatio

28 3904 142 3932 exoritur
167 3906 228 3933 Stat.
241 3905 332 3933 Theb.
344 3914 366 3938 3,
380 3914 433 3938 ¹24-
537 3905 681 3931 Honestum
710 3917 740 3933 ex
761 3907 904 3936 virtutibus
925 3909 1044 3936 exoritur
1107 3909 1160 3941 est,
1180 3910 1255 3941 Qiae
1273 3918 1327 3935 non
1347 3910 1375 3934 in
1392 3907 1498 3940 verbis,
1517 3907 1561 3934 sed
1580 3909 1610 3935 in
1626 3908 1686 3944 ipsis
1698 3910 1778 3937 rebus
1790 3913 1919 3947 quandam
1932 3915 2009 3940 habet
2022 3915 2135 3950 dignita-

27 3938 79 3966 Cic.
93 3939 124 3966 de
135 3941 191 3967 Fin.
205 3948 228 3975 ς,
240 3943 284 3975 64.
389 3941 468 3968 Noua
478 3939 607 3976 quaedam
620 3940 666 3966 illa
677 3941 824 3970 Immanitas
841 3950 932 3970 exorta
944 3944 979 3971 est
987 3945 1043 3971 Cic.
1107 3950 1160 3972 tem
1183 3943 1260 3970 Auci.
1272 3944 1304 3970 ad
1317 3945 1414 3970 Heren.
1427 3952 1458 3975 4,
1471 3951 1494 3975 9.

26 3981 73 4008 pro
83 3975 149 4003 Sulla
160 3984 202 4011 7⁵·
301 3976 402 4005 Iniuria
413 3975 482 4004 vnde
494 3981 584 4005 exorta
597 3974 633 4004 est
639 3994 649 4009 ‚
665 3975 696 4003 ad
706 3985 767 4006 eum
783 3979 937 4015 plerumque
954 3988 1043 4010 reuer-
1057 3986 1101 4015 ιος
1142 3987 1160 4012 Β
1170 3986 1190 4008 x
1199 3981 1220 4009 ὁ
1227 3985 1246 4007 R
1254 3985 1273 4005 o
1279 3996 1290 4012 ‚
1309 3983 1359 4008 are.
1397 3976 1542 4012 [idimon.
1560 3976 1686 4016 δυσωπέω]
1722 3982 1838 4011 Obtinere
1849 3990 1920 4019 atque
1931 3986 2067 4020 impetrare
2075 3996 2135 4020 rem,

1412 4013 1541 4044 διε),
2095 4024 2136 4049 vu!
