2479 4225
606 155 886 204 INV

216 188 293 225 1215

219 273 241 296 2,
253 272 299 290 100
328 260 453 288 Putabant
472 254 583 282 absentis
602 250 812 290 damnationem,
834 241 987 279 praesertim
1006 246 1094 280 tantae
1116 236 1253 277 pecuniae,

219 298 303 327 multo
318 293 518 322 inuidiosiorem
538 290 613 321 fore,
632 296 710 322 quam
728 289 745 310 ii
764 282 883 320 praesens
894 279 1027 318 damnatus
1047 277 1114 302 esset.
1181 273 1254 311 Inui-

220 333 360 361 diolioreni
374 331 433 356 fore
447 326 639 356 arbitrabatur,
653 323 669 348 11
686 320 801 355 praesens
817 316 903 341 fuisset
918 314 983 340 Plin.
998 313 1043 346 Ep.
1058 320 1083 343 2,
1098 318 1130 336 11.
1178 311 1254 341 Quae

221 371 278 396 sunt
294 366 424 393 inuidiosa
460 372 491 390 ea
505 359 634 388 laudando
647 364 671 383 et
685 352 816 381 efferendo
830 349 1004 377 inuidiofiora
1025 347 1124 385 faciunt
1150 345 1206 371 Cic.
1222 343 1254 369 de

220 406 293 431 Orat.
308 411 323 429 2
337 411 358 427 c.
370 408 410 434 75.
431 384 440 397 ⁵
481 399 524 425 Ne
538 395 626 423 omnia
646 391 743 426 pariter
755 385 929 425 inuidioiiora
947 385 1024 410 ess'ent
1046 382 1136 408 lustin.
1150 389 1183 411 12,
1197 388 1224 421 7,
1239 388 1257 405 1.
1280 378 1294 406 ⁵

221 437 301 473 Qiod
313 437 366 463 fuit
378 437 407 462 in
418 433 467 461 illo
480 431 581 460 iudi'cio
594 424 821 455 Inuidioliffinium
835 422 891 448 Cic.
908 429 956 455 pro
970 420 1073 446 Cluent.
1087 426 1108 442 c.
1122 423 1162 456 37.
1175 451 1180 456 .
1198 418 1256 455 ben.

222 476 351 501 Controu.
367 477 467 503 givxtr.
490 470 540 495 Res
559 460 760 491 inuidiosxffima.
814 457 890 491 Apul.
906 456 982 491 Apol.
998 463 1075 495 l'23¹7
1089 453 1258 493 ⁸Criniinatio

223 507 429 536 inuidiosiffima.
498 503 552 528 Cic.
568 501 641 525 Verr.
657 505 683 529 4,
720 515 726 521 .
763 514 769 520 .
806 493 872 520 Rem
886 492 980 518 claram
989 492 1036 515 elle
1050 494 1075 514 et
1088 487 1258 514 inuidiosam.

222 544 243 580 q
263 553 275 576 3
311 541 466 576 Substantiua
484 537 568 563 ordine
589 535 733 560 literarum:
772 530 852 555 Arma
878 526 960 554 Ouid.
975 525 1052 560 Epist.
1072 529 1154 563 8²:²9·
1189 523 1258 562 Mar-

222 580 269 607 tial
294 588 303 606 1
326 587 342 606 2
372 573 504 603 Inuidiosa
518 570 569 597 feri
582 567 719 595 radiabant
735 565 810 592 Atria
821 564 899 598 regis.
965 563 1037 588 Bona
1055 558 1136 586 Ouid.
1152 557 1184 584 ad
1198 558 1258 583 Liu.
1276 567 1305 586 10

223 621 260 649 58.
273 600 279 607 ·
305 599 313 611 '
333 614 517 640 Commentum
536 612 611 639 turpe
630 609 656 629 et
675 601 838 627 inuidiosum
853 597 998 625 Martianus
1018 597 1045 622 in
1061 595 1078 621 l.
1094 603 1133 620 res
1152 601 1218 628 quae
1232 591 1256 630 §.

222 651 281 678 lites
294 651 326 676 D.
340 649 371 674 de
384 648 441 672 iure
460 642 524 668 fisci.
593 639 648 665 Cic.
664 646 712 672 pro
725 637 830 663 Cluent.
846 642 890 667 143
920 634 1016 660 Nullus
1036 630 1072 657 est
1093 630 1164 656 locus
1183 637 1198 654 a
1216 636 1258 668 nie

221 684 349 721 purgandi
368 681 441 708 istius
461 675 586 704 inuidiofi
601 673 729 700 Criminis
741 669 941 707 praetermilliis.
1013 669 1129 694 Fortuna
1143 665 1260 691 Caesaris

221 721 290 748 Vell.
303 728 316 744 2
338 720 381 749 60,
397 725 415 742 1.
485 713 539 739 Cic.
556 719 604 745 pro
614 711 717 736 Cluent.
733 713 772 740 158
790 707 817 732 de
829 706 921 731 iudicio
930 705 1050 733 Iuniano,
1069 700 1181 728 Perinde
1190 698 1260 739 quasi

222 765 271 790 ego
288 739 341 780 no⁵n
353 752 384 778 ab
403 749 481 777 initio
495 748 573 774 huius
592 744 748 771 defensionis
767 741 898 772 dixerim,
915 739 1078 765 inuidiosum
1098 736 1166 763 illud
1185 735 1261 762 fmss'e
1279 742 1305 768 15

222 790 362 817 Iudicium.
383 796 402 812 r.
422 784 525 811 Inuidia
539 779 674 818 flagraſjb,
689 777 754 816 quali
773 783 915 811 corruptum
934 781 956 800 ct
968 777 1116 800 numarium.
1170 772 1260 811 ‚Mors

221 822 379 852 inuidiofior
399 819 480 847 Ouid.
493 820 557 845 Met.
572 826 592 848 7,
605 818 662 848 603.
735 814 841 840 Nomen
863 810 1026 837 inuidiosum
1047 809 1190 842 voluptatis
1204 807 1260 846 Cic.

221 859 298 887 Acad.
320 868 344 890 4,
359 863 395 889 138
415 865 436 881 c.
458 875 464 881 .
501 861 524 880 et
542 853 573 878 de
588 853 644 878 fin.
661 859 673 876 2
689 859 711 876 0.
726 858 753 882 4.
808 848 904 874 Oratio
928 845 1017 871 lustin.
1031 854 1057 876 2,
1069 849 1092 876 ε,
1106 852 1150 883 9..
1167 875 1171 878 ι
1194 843 1260 882 Cic.

221 905 269 930 pro
283 895 363 920 Corn.
377 891 449 918 Balb.
464 892 495 922 56
517 889 594 915 Tuin
607 887 746 913 Pecuniam
759 885 789 910 L.
806 882 942 911 Cornelii,
959 889 1026 915 quae
1042 888 1127 914 neque
1144 877 1262 905 inuidio-

221 932 245 958 sa
262 930 314 961 est,
333 934 357 954 et
371 932 572 962 quantacunque
585 922 636 954 est,
657 928 684 948 vt
699 921 849 947 conseruata
863 917 945 952 inagis
955 936 962 948 ,
981 924 1059 949 quam
1074 921 1198 948 corrupta
1213 913 1262 939 01Γο
1279 922 1311 940 20

222 965 351 993 videatur.
421 959 583 988 Poffeffiones
596 958 742 984 inuidiosas
754 962 843 982 tenere
859 954 913 980 Cic.
930 961 978 987 pro
993 952 1093 985 L.Agr.
1109 960 1131 983 2,
1145 953 1179 985 67
1192 950 1262 991 ⁰:²⁶·

220 1000 339 1028 Praemia
358 997 438 1025 Ouid.
453 998 518 1023 Met.
532 1005 563 1028 13,
576 1003 635 1027 414.
714 992 815 1026 Rapina
835 989 907 1016 Idem
923 990 1014 1014 Amor.
1030 995 1047 1017 1,
1060 993 1083 1018 8,
1095 993 1132 1019 55.
1201 986 1262 1019 Spes

220 1037 258 1064 Id.
273 1037 336 1062 Met.
350 1043 378 1067 4,
390 1040 448 1067 795.
519 1031 618 1057 Turba
630 1037 684 1055 non
698 1027 831 1054 inuidiosa
844 1024 925 1052 Ouid.
938 1023 1003 1049 Fast.
1018 1031 1041 1054 3,
1054 1030 1116 1056 434.
1244 1054 1250 1060 ·

260 1077 346 1098 1NV1
357 1077 375 1096 D
386 1076 394 1094 1
405 1070 481 1095 68E.
504 1066 570 1093 Adu.
608 1063 777 1097 [ἐπιφθόνως]
813 1062 870 1087 Cic.
884 1058 962 1086 Acad.
974 1068 1002 1091 4,
1040 1077 1046 1083 .
1063 1093 1068 1097 .
1085 1077 1091 1083 .
1128 1056 1201 1096 Num
1214 1062 1264 1095 mi-

221 1115 268 1134 nus
281 1107 344 1132 haec
358 1103 492 1131 inuidiose
509 1101 647 1128 dicuntur?
666 1100 690 1126 h.
706 1108 725 1125 ι’.
742 1097 830 1131 Odiofi
842 1103 864 1122 et
878 1096 965 1130 iniust.
1036 1093 1130 1119 Dicere
1146 1090 1265 1117 inuidio-
1279 1097 1310 1124 25

221 1144 246 1169 sc
266 1140 397 1176 Qinffii.
418 1149 445 1173 4,
465 1147 490 1164 2.
560 1136 659 1161 Viuere
680 1134 756 1160 Auel.
775 1133 807 1159 ad
822 1133 919 1158 Heren.
935 1140 951 1162 4
970 1138 990 1156 c.
1006 1138 1045 1155 20.
1153 1127 1266 1161 Compar.

222 1179 318 1212 Neque
332 1176 469 1211 quisquam
483 1176 527 1199 aut
542 1170 662 1205 expulsus
676 1170 711 1196 est
726 1167 890 1197 inuidiosius,
907 1173 951 1192 aut
965 1170 1082 1199 receptus
1096 1163 1190 1189 laetius
1203 1161 1266 1188 Vel-

222 1214 266 1240 lei.
281 1222 301 1243 2,
314 1220 354 1245 45.
391 1212 466 1243 Qiae
484 1216 516 1234 ne
532 1205 688 1233 inuidiofius
704 1206 731 1231 in
746 1205 770 1230 sc
784 1212 837 1230 vno
853 1201 1066 1236 conspicerentur
1088 1199 1179 1225 lustin.
1196 1207 1229 1230 ir,
1243 1206 1264 1229 3.

257 1256 266 1274 1
276 1256 297 1274 N
307 1254 344 1274 VI
355 1251 376 1272 G
386 1247 418 1271 ‘iL
430 1251 449 1271 O
460 1264 467 1275 ,
495 1248 546 1270 Ere.
588 1242 777 1275 [ἐπαγρυπνὲω]
818 1239 947 1274 Vigilare,
970 1246 1022 1262 cum
1043 1236 1208 1271 dcjsguationr
1221 1236 1266 1264 rei,

221 1283 249 1310 ob
262 1292 333 1318 quam
349 1282 479 1316 vigilatur.
516 1277 646 1305 Columel.
662 1275 698 1308 10,
715 1284 758 1309 159
783 1274 923 1309 Inuigilate
938 1273 1006 1299 viri:
1027 1272 1108 1298 tacito
1127 1278 1186 1296 nam
1201 1276 1265 1295 tem-
1283 1278 1315 1302 30

221 1327 284 1353 pora
298 1318 379 1352 gressu
400 1315 563 1349 Diffugiunt,
577 1313 704 1347 nulloque
717 1312 782 1338 sono
795 1310 961 1336 conuertitur
979 1316 1070 1334 annus.
1142 1307 1212 1332 Cura
1226 1306 1266 1330 111-

219 1354 315 1387 vigilat
335 1352 422 1387 quieti
445 1352 507 1377 Stat.
519 1349 611 1376 Theb.
627 1355 650 1380 8,
664 1350 719 1380 623.
809 1347 895 1372 Curae
914 1344 1056 1378 inuigilant
1075 1341 1166 1368 animo
1192 1340 1267 1366 Ideni

220 1390 312 1416 Theb.
325 1397 348 1421 3,
362 1396 389 1421 4.
467 1385 544 1413 Curis
564 1384 689 1418 inuigilat
708 1391 780 1409 niens
801 1381 845 1408 Sil.
869 1390 906 1412 io,
928 1389 975 1412 331.
1046 1377 1196 1404 Hereditati
1216 1375 1268 1402 tibi

221 1425 320 1451 delatae
334 1433 348 1449 a
361 1423 391 1450 L.
405 1422 487 1449 Titio
502 1420 655 1454 inuigilabis
670 1418 775 1453 leian.
789 1417 817 1443 in
830 1417 847 1443 l.
868 1416 886 1442 fi
899 1416 958 1450 quis
972 1414 1041 1441 mihi
1060 1417 1083 1451 9.
1099 1419 1171 1447 pater
1187 1413 1218 1439 D.
1233 1411 1266 1437 de

220 1461 321 1495 acquir.
334 1457 424 1485 hered.
496 1456 574 1483 Malis
589 1454 732 1490 inuigilare
752 1453 832 1480 Ouid.
847 1452 913 1479 Fast.
927 1460 956 1484 4,
971 1459 1025 1484 530.
1095 1449 1176 1475 Vinii
1197 1448 1266 1473 inui-
1283 1450 1312 1477 35

219 1496 303 1530 gilare
321 1495 396 1528 Virg.
409 1494 505 1526 Georg.
525 1501 552 1525 4,
572 1496 620 1524 158.
656 1490 737 1518 Viciu
753 1497 803 1525 pro
821 1485 918 1515 Vicini.
990 1485 1115 1513 Carmina
1130 1483 1270 1518 inuigilata

221 1532 308 1559 Cinna
322 1530 387 1565 apud
400 1529 490 1555 isidor.
507 1530 532 1559 6,
546 1536 575 1554 12.

258 1573 297 1593 1N
310 1573 348 1592 V1
359 1572 374 1591 L
384 1571 422 1591 1T
434 1570 453 1591 0
464 1584 472 1597 ,
491 1567 544 1590 are.
587 1563 665 1591 Vilsm
679 1560 769 1598 facere
784 1560 824 1586 vel
835 1560 1013 1595 pronunciare.
1050 1555 1188 1586 Inuilitat,
1206 1554 1269 1580 εὐτι-

222 1601 500 1666 λιὲαΝῦὲῖῐζ-ῐοτνς,
519 1643 548 1665 a,
568 1641 622 1660 um.
649 1631 711 1658 Adi.
751 1630 829 1657 Valde
845 1627 957 1656 maus.
994 1628 1057 1662 Leg.
1071 1626 1170 1662 penult.
1193 1625 1221 1653 ff.
1236 1624 1269 1652 de
1277 1633 1314 1658 40

224 1673 293 1707 Lege
308 1671 395 1697 Fabia.
1070 1674 1090 1698 ο

262 1700 559 1735 1NV1NC1BfLIS,
576 1710 599 1727 e.
617 1701 677 1727 Adi.
712 1699 790 1734 Apul.
803 1699 880 1733 Apol.
893 1708 917 1732 p.
932 1705 993 1732 297.

263 1744 616 1768 1NV1NC1131L1TER.
643 1735 711 1762 Adu.
751 1735 827 1768 Apul.
846 1734 916 1760 Flor.
934 1742 951 1765 4
971 1742 993 1766 p.
1008 1734 1067 1763 360,

262 1783 304 1803 1Ν
313 1782 334 1801 V
345 1783 355 1801 1
365 1782 384 1800 N
395 1782 404 1799 1
416 1782 434 1800 v
443 1781 455 1800 s
465 1793 473 1805 ‚
500 1782 528 1803 3,
554 1782 610 1798 um.
643 1769 703 1797 Adi.
766 1769 858 1803 ἄοινος]
899 1766 1054 1800 Ahstemiux:
1072 1775 1088 1792 a
1100 1766 1188 1798 Vino,
1202 1765 1270 1801 quasi

217 1812 273 1847 fine
293 1814 350 1837 uino
360 1821 367 1835 .-
380 1809 448 1842 ΔΙῐῑιιτ
461 1810 566 1839 lunius,
590 1815 627 1832 me
645 1809 697 1831 via.
735 1804 814 1838 Apul.
828 1805 893 1830 Met.
909 1812 930 1829 11
950 1812 974 1837 p.
995 1804 1052 1831 268,
1066 1803 1100 1827 26
1123 1801 1219 1835 Neque
1231 1800 1270 1826 vl·
1281 1804 1314 1829 45

225 1849 281 1874 lum
294 1845 392 1873 animal
405 1844 497 1875 essem,
509 1848 534 1869 et
547 1841 666 1869 inuinius
684 1840 770 1866 ess‘ein.
798 1840 945 1874 Antiquam.
970 1839 1001 1863 In
1021 1839 1100 1863 veteri
1112 1837 1210 1863 Onoin.
1222 1837 1270 1871 leg.

223 1885 348 1945 Iniliixrgus}
357 1922 393 1947 ο,
418 1917 470 1940 are.
506 1909 635 1945 [aoa'g'w]
672 1911 704 1936 In
718 1911 785 1934 viam
798 1907 916 1942 dirigere.
934 1905 1025 1931 Solin.
1038 1914 1059 1931 c.
1075 1914 1088 1931 2
1108 1904 1213 1930 Parcius
1227 1903 1271 1929 de-

223 1955 314 1990 pauita
327 1951 413 1978 leuius
426 1947 543 1982 vestigiis
557 1948 671 1973 inuiare.
714 1943 773 1970 Vni.
789 1942 890 1978 Salmas
910 1944 937 1966 in
950 1942 996 1967 loc.

262 1997 271 2015 1
282 1995 302 2014 N
315 1992 435 2013 VIOLA
446 1991 461 2011 B
472 1982 482 2010 i
493 1990 565 2013 Lis,
588 1991 611 2007 e.
649 1980 709 2007 Adi.
747 1977 888 2012 [εἰξίαςος]
924 1975 997 2011 Qicd
1012 1976 1106 2001 violari
1126 1982 1175 1999 non
1191 1970 1272 2008 potest
1288 1980 1320 2008 5⁶?

223 2031 268 2053 aut
281 2023 418 2050 vulnerari.
454 2018 499 2045 Sil.
517 2020 555 2050 16,
571 2020 597 2044 16
614 2017 695 2042 Velut
709 2013 868 2041 inuiolabile
882 2012 941 2039 telis
961 2010 1104 2038 Sei-nabant
1117 2009 1272 2043 sacrumque

225 2065 309 2095 caput.
364 2057 468 2083 Lucret.
489 2060 512 2086 5,
532 2055 581 2085 306
617 2050 792 2078 Inuiolabilia
815 2049 878 2075 haec
901 2057 935 2074 ne
956 2047 1046 2074 credas
1071 2046 1142 2072 sorte
1167 2046 1270 2079 vigere.

225 2098 279 2125 Iter
293 2092 414 2121 Prudent.
429 2090 525 2121 Hyinn.
540 2088 631 2121 Exseq.
652 2096 678 2112 v.
693 2094 740 2118 119.

263 2138 273 2157 1
286 2138 306 2157 N
315 2137 336 2155 v
346 2135 355 2154 1
366 2134 385 2154 o
395 2132 463 2153 [ΑΒ
472 2133 482 2152 1
491 2131 506 2150 1.
517 2125 554 2150 ’1’Τ
563 2130 579 2150 E
592 2129 622 2149 n.
658 2121 727 2148 Adu.
765 2118 913 2146 Marcellin.

265 2173 275 2192 1
286 2173 307 2193 Ν
317 2171 337 2190 v
348 2171 358 2190 1
367 2169 386 2189 Ο
396 2169 412 2187 L
421 2162 470 2188 ᾹΤ
480 2168 500 2187 V
510 2167 522 2187 s
532 2180 539 2192 ,
559 2168 573 2185 a
581 2178 589 2191 ,
609 2166 663 2184 nm.
690 2155 751 2182 Adi.
776 2153 948 2190 [oc'nnClaeos]
984 2151 1093 2178 Violato
1106 2150 1272 2186 contrarium,-
1289 2156 1318 2183 55

228 2203 344 2238 Integer,
367 2202 538 2231 incorruPtus,
559 2194 666 2229 illmsus.
701 2192 758 2218 Cic.
780 2199 828 2225 pro
843 2189 935 2216 Rabir.
949 2186 1022 2213 Perd.
1036 2195 1084 2212 reo
1096 2194 1118 2211 11
1139 2193 1188 2223 0-4
1216 2184 1274 2221 Qii

229 2238 320 2265 castam
343 2233 514 2263 concionem,
533 2230 650 2257 saneium
664 2236 783 2261 campum
793 2246 800 2258 ‚
819 2224 979 2252 inuiolatum
994 2230 1088 2256 corpus
1101 2226 1223 2246 oninium
1237 2225 1275 2242 ci-

228 2274 303 2301 vium
316 2273 393 2298 Rom.
405 2268 538 2302 integrum
551 2266 591 2292 ius
605 2264 733 2291 libertatis
749 2260 876 2291 defendo,
889 2256 1144 2298 seruari-oportere?
1159 2289 1165 2294 ·
1199 2252 1275 2279 Idem

229 2318 277 2344 pro
293 2309 360 2334 Sext.
376 2314 424 2338 140
443 2313 464 2329 c.
479 2305 514 2337 67
540 2302 593 2328 Aut
611 2300 723 2327 omnino
742 2295 922 2329 inuulnerati,
940 2293 1120 2327 inuiolatique
1139 2292 1276 2317 vixerunt.

229 2344 372 2372 Dimittere
384 2341 500 2374 aliquem
513 2336 671 2364 inuiolatum
685 2334 753 2361 Vell.
768 2342 793 2365 2,
811 2340 855 2367 74,
867 2340 895 2364 4.
968 2327 1101 2368 Columel.
1117 2335 1152 2358 12,
1168 2333 1177 2350 1
1198 2326 1274 2357 Quae
1284 2330 1319 2356 60

230 2381 338 2407 domum
360 2382 447 2403 autem
467 2374 634 2402 inferuntur,
657 2370 801 2404 diligenter
819 2368 963 2401 inspicere,
980 2373 1012 2390 ne
1032 2363 1146 2390 delibata
1165 2359 1231 2392 fint,
1250 2364 1278 2385 et.

228 2417 265 2443 ita
279 2414 414 2449 explorata
427 2417 505 2445 atque
521 2408 650 2436 inuiolata
663 2407 792 2440 recipere.
864 2403 942 2429 Fama
953 2400 1053 2440 Sallust.
1068 2400 1094 2436 B.
1103 2395 1221 2431 iugurth.
1230 2402 1276 2434 47.

230 2451 304 2480 Fides
324 2449 398 2476 idem
411 2447 476 2473 ibid.
492 2450 526 2476 38·
599 2444 675 2471 Mens
693 2441 824 2468 inuiolata
844 2446 918 2465 mero
934 2436 978 2462 Sil.
1000 2444 1032 2466 11,
1046 2444 1103 2467 309.
1172 2430 1276 2468 Pudici-

229 2489 266 2515 tia
282 2485 363 2513 Ouid.
384 2482 416 2510 ad
436 2483 496 2508 Liu.
511 2489 553 2514 43.
626 2481 676 2514 (Διί
695 2479 788 2504 uiolari
806 2484 855 2501 non
868 2470 958 2509 potest.
997 2471 1058 2498 Liu.
1073 2479 1097 2502 2,
1113 2476 1140 2502 55
1164 2467 1195 2494 Et
1206 2474 1277 2492 -cum

229 2521 361 2557 religione
376 2518 521 2545 inuiolatos
535 2524 595 2547 eos,
615 2521 671 2541 tum
686 2513 744 2547 lege
757 2512 887 2538 fecerunt.
1073 2541 1078 2546 Ι

266 2565 305 2584 in
318 2561 401 2582 vioi
417 2554 465 2580 ᾹΤ
478 2559 507 2578 E.
538 2551 603 2577 Adu.
640 2548 818 2581 [ἐγεκζῖάςωι]
854 2547 1014 2583 incorrupte..
1047 2542 1104 2568 Cic.
1123 2538 1155 2566 de
1173 2535 1275 2564 5011061.

363 2588 523 2617 Memoriam
538 2584 677 2619 nostri-pie
692 2583 874 2616 inuiolateque
889 2579 1039 2606 serilabitiS.
1217 2607 1223 2613 ⁴

622 2620 713 2647 Aurei.
728 2619 834 2646 Nemes.
847 2618 876 2644 in
888 2617 1013 2649 Cyneget.
1029 2621 1075 2647 ²¹4
1095 2611 1154 2638 Hoc
1168 2607 1276 2635 cambus

1291 2503 1322 2536 ⁶5

231 2600 257 2624 81
270 2603 290 2619 c.
305 2601 338 2619 22
386 2623 396 2629 ν

268 2632 458 2656 1NV1SCERO,
479 2627 530 2649 are.
550 2631 586 2648 m.

231 2663 333 2693 blandis
348 2661 488 2688 inuiscerat
502 2657 594 2684 aestus.
1254 2680 1258 2684 ⁶

269 2706 309 2726 [Ν
320 2706 341 2725 ν
352 2705 382 2724 is
392 2703 408 2724 c
418 2702 461 2721 ER
473 2695 493 2720 Ᾰ
505 2699 525 2718 Τ
535 2699 555 2718 ν
567 2700 595 2724 s,
614 2699 644 2722 a,
663 2699 718 2716 um.
747 2687 842 2715 Partic.
879 2684 1017 2720 Angustin.
1031 2684 1115 2710 Serm.
1135 2688 1148 2713 5
1167 2679 1209 2713 (6
1220 2677 1278 2704 edit.
1288 2692 1325 2720 70

232 2736 307 2764 Sirm.
318 2741 344 2769 p.
358 2733 414 2768 69)
438 2728 519 2763 Quod
539 2729 596 2755 eius
617 2725 731 2754 sanciam
750 2724 886 2752 caritatem
907 2721 1093 2748 inuisceratam
1113 2717 1238 2744 sentimus
1252 2714 1281 2740 in

233 2769 358 2798 cordibus
376 2767 481 2794 nostris.
1123 2787 1129 2792 .
1244 2785 1249 2790 .

269 2813 280 2832 1
289 2812 310 2832 N
322 2812 342 2831 v
351 2811 382 2830 is
392 2810 401 2828 1
412 2808 433 2828 T
444 2802 466 2828 Ᾱ
478 2806 499 2826 Τ
511 2805 532 2825 ν
544 2804 557 2825 s
566 2817 574 2830 ,
592 2806 606 2824 a
615 2817 624 2829 ,
644 2805 698 2822 11111.
726 2794 787 2821 Adi.
824 2794 874 2820 Pro
886 2801 934 2818 mm
953 2790 1063 2822 visitato.
1098 2789 1154 2815 Cic.
1170 2786 1201 2813 de
1216 2787 1281 2812 Diu.

236 2851 249 2868 ε
262 2851 284 2868 c.
297 2843 331 2875 67
357 2840 432 2872 Qiae
453 2836 489 2862 est
510 2834 582 2861 enim
600 2833 689 2859 forma
707 2836 760 2857 tam
781 2828 929 2860 inuisitata,
949 2832 1002 2853 tam
1022 2824 1109 2856 nulla,
1129 2831 1207 2858 quam
1227 2830 1282 2847 non

236 2877 285 2904 fibi
298 2876 353 2912 ipse
366 2874 466 2908 fingere
479 2871 582 2898 animus
595 2867 686 2903 potiit?
707 2867 747 2893 Sic
759 2875 788 2891 ex
803 2865 860 2891 MS.
876 2862 964 2898 Damjl
1018 2858 1280 2900 Quine'til..Dec·lam.

236 2922 264 2940 12
282 2911 380 2939 Nullus
394 2916 519 2936 amoenus
532 2910 622 2940 portus
635 2900 867 2938 praetermittitur:
888 2898 960 2924 nulla
976 2896 1086 2923 celebris
1106 2900 1198 2921 ciuitas
1212 2901 1283 2919 111111-

237 2949 307 2975 fitata
326 2945 458 2973 transitur.
512 2942 571 2968 Liu.
593 2947 638 2975 27,
658 2947 688 2972 39
717 2937 788 2963 Galli
805 2934 933 2961 inuisitati
951 2931 1117 2966 alienigenis.
1152 2929 1209 2956 vid.
1224 2929 1248 2955 h.
1262 2930 1280 2955 I.

236 2985 344 3010 Gronou.
369 2979 436 3008 Adii.
450 2978 557 3005 Vitruu.
577 2984 602 3009 9,
620 2984 647 3008 4.
703 2972 784 3006 Quod
803 2972 860 2997 sum
872 2970 950 2997 vobis
963 2978 1009 2995 nec
1023 2969 1076 2994 lare
1090 2967 1210 2997 alienus,
1233 2973 1282 2990 nee

238 3018 353 3054 pueritia
367 3015 514 3043 inuisitatus
530 3011 607 3046 Apul.
623 3010 694 3037 Flor.
709 3018 728 3042 4
747 3017 771 3043 p.
785 3014 837 3040 359.
891 3007 960 3041 Aper
976 3004 1123 3031 inuititatus
1136 3001 1174 3029 Id.
1188 3002 1253 3028 Met.
1269 3004 1284 3030 8

238 3064 264 3090 p.
284 3061 330 3089 127
350 3053 416 3079 Colu.
437 3054 455 3077 i.
475 3048 583 3076 nondum
594 3046 672 3082 visus.
1165 3076 1169 3079 ι
1260 3073 1263 3077 .
1296 3051 1329 3077 80

275 3096 317 3116 1N
330 3091 434 3119 viso,
455 3085 490 3118 fi,
516 3085 589 3115 sum,
616 3085 669 3109 ere.
707 3076 921 3114 [ἕκισκέπτομαι]
963 3075 1032 3102 Idem
1052 3072 1117 3109 quod
1136 3071 1211 3113 V1fi3:
1235 3069 1283 3111 3²¹fi

932 3120 952 3143 1,
966 3120 996 3136 20
1016 3111 1045 3136 Et
1065 3115 1093 3135 vt
1113 3109 1166 3135 iam
1185 3108 1284 3135 inuisas

239 3125 301 3161 quid
324 3123 401 3150 addat
420 3119 558 3156 compositio
579 3118 752 3145 vehementiae.
789 3113 846 3140 Cic.
861 3113 915 3139 Att.
1048 3146 1052 3150 .

240 3169 304 3193 nos,
322 3168 376 3186 non
391 3158 474 3184 solum
489 3163 572 3190 rogo,
593 3154 636 3180 sed
651 3151 731 3179 etiam
747 3149 851 3176 suadeo.
922 3147 1004 3173 Plaut.
1018 3145 1098 3171 Stich.
1113 3153 1133 3176 1,
1144 3152 1170 3175 2,
1186 3152 1201 3175 9
1226 3143 1283 3169 Iam

241 3205 290 3230 ego
308 3195 403 3226 adero,
432 3192 463 3219 ad
482 3200 568 3218 meam
587 3189 716 3215 maiorem
733 3186 816 3212 11113111
829 3182 916 3210 inuito
930 3182 1048 3208 domum.
1084 3179 1157 3214 Cous.
1173 3180 1247 3219 Capt,
1263 3186 1286 3208 2,

244 3241 265 3263 3,
279 3236 318 3264 98.
390 3227 607 3256 Ambulationem
622 3224 734 3252 alicuius
746 3221 802 3248 Cic.
816 3220 869 3246 Att.
884 3227 912 3252 4,
928 3227 953 3251 9.
1025 3215 1151 3242 Arcadiae
1171 3215 1286 3241 inuisere
1303 3220 1332 3249 35

241 3267 318 3294 Fines
337 3265 414 3300 Virg.
427 3265 493 3290 Aen.
512 3268 535 3297 8,
554 3270 607 3294 159.
678 3260 795 3285 Domum
815 3254 927 3283 alicuius
946 3253 1002 3280 Cic.
1019 3252 1071 3291 Att.
1090 3260 1113 3282 4,
1135 3252 1160 3276 6.
1197 3249 1283 3289 Catul.

242 3304 341 3337 Argon.
356 3303 398 3333 62,
414 3305 467 3333 384.
518 3299 619 3324 Locum
632 3295 750 3329 aliquem
763 3292 878 3319 libenter
891 3290 946 3317 Cic.
962 3288 993 3314 de
1007 3288 1096 3319 F1n.;,
1109 3295 1130 3317 5.
1186 3286 1285 3311 01111113

242 3338 356 3364 inuisere
374 3336 508 3371 inspicere,
521 3332 642 3368 recensere
661 3329 782 3357 Scribon.
798 3330 846 3359 269
870 3325 899 3352 de
916 3324 1103 3362 medicamento,
1117 3324 1134 3347 ι’.
1149 3321 1286 3356 pei-uidere.

244 3373 317 3408 Conf.
335 3372 413 3398 Rhod.
435 3374 463 3396 in
482 3371 541 3395 Lex.
562 3366 681 3394 scribon.
754 3363 803 3390 Vir
822 3362 937 3388 inuiscns
959 3358 1058 3394 praelia
1075 3356 1162 3384 Catul.
1180 3358 1226 3390 67,
1246 3365 1286 3381 20.

244 3408 328 3434 Vrbes
343 3407 456 3433 inuisere
470 3405 545 3438 Virg.
561 3404 659 3436 Georg.
676 3410 694 3431 1,
709 3407 749 3433 25.

246 3443 398 3469 mortalium
410 3443 493 3468 vitam
505 3439 600 3466 diuino
613 3437 723 3464 numine
735 3434 812 3461 inuisi
825 3432 925 3460 Sallust.
939 3431 971 3457 de
987 3431 1050 3465 Rep.
1064 3438 1090 3462 2,
1106 3437 1141 3459 12,
1155 3435 1181 3462 7.

283 3481 453 3508 INVisvs,
474 3485 502 3508 a,
527 3484 582 3501 iim.
637 3472 772 3508 [οὔρια-ος,
798 3468 899 3502 fluam-55
926 3467 1005 3493 Gloss'.
1031 3466 1088 3492 Lat.
1119 3463 1186 3497 Gr.]
1203 3497 1208 3503 .
1226 3462 1285 3502 an

245 3512 322 3547 visus.
357 3513 411 3539 Cic.
425 3513 456 3538 de
471 3511 562 3545 Arusp.
578 3510 653 3544 Resp.
671 3517 697 3540 57
713 3516 734 3533 c.
751 3514 782 3540 27
800 3504 912 3531 Occulta
931 3509 956 3529 et
976 3501 1105 3528 matribus
1127 3507 1182 3540 non
1201 3497 1287 3536 inuisa

247 3548 348 3579 solum,
368 3547 409 3573 sed
425 3548 504 3574 etiam
518 3546 638 3572 inaudita
652 3545 721 3571 sacra
741 3539 898 3574 inexpiabili
913 3538 1006 3564 scelere
1018 3541 1156 3575 pei-uertit.
1194 3569 1199 3574 ¹
1221 3534 1286 3573 Qu-

247 3584 305 3610 dam
319 3583 456 3609 introcessit
468 3588 493 3608 ct
507 3581 623 3608 cantauit
636 3579 737 3606 inuisus
749 3583 774 3603 et
787 3576 854 3602 alius
869 3574 994 3601 citharam
1009 3572 1137 3607 pulsauit,
1155 3578 1202 3604 qui
1215 3568 1289 3594 Vide·
1302 3572 1334 3598 95

247 3619 324 3645 batur
348 3626 395 3643 nec
416 3617 469 3649 ipse
501 3617 577 3651 Apul.
598 3617 661 3643 Met.
684 3623 696 3648 5
717 3623 742 3649 p.
762 3614 818 3640 160.
861 3609 928 3638 Adii.
949 3608 1057 3643 Vulgat.
1076 3606 1169 3634 Eccles.
1191 3613 1232 3636 20,
1250 3612 1288 3636 32.

249 3654 360 3681 Hieron.
375 3652 452 3686 Epist.
469 3660 492 3683 15
506 3653 537 3678 ad
551 3651 712 3678 Marcellam.

285 3696 294 3714 ι
306 3697 325 3715 Ν
336 3696 355 3715 ν
367 3695 377 3714 1
388 3695 401 3714 s
411 3694 436 3713 E.
458 3686 526 3712 Adu.
566 3688 614 3719 Vt,
629 3687 715 3712 Inuise
729 3682 856 3711 aduenire
874 3681 993 3714 Fulgent.
1033 3699 1040 3706 .
1076 3697 1083 3704 .

286 3730 296 3749 1
307 3731 326 3749 Ν
337 3731 356 3749 v
367 3730 373 3748 1
384 3732 396 3749 s
408 3731 415 3749 1
427 3728 443 3748 B
455 3720 465 3748 ἰ’
475 3729 490 3747 1,
501 3727 512 3747 1
524 3728 554 3752 s,
574 3730 596 3749 e.
624 3722 685 3748 Adi.
721 3719 862 3746 Foramina
881 3716 1028 3743 inuisibilia
1048 3713 1115 3740 Cels.
1129 3721 1139 3738 1
1154 3711 1236 3746 praef.
1249 3709 1289 3746 st.

251 3758 349 3786 humani
365 3761 484 3793 corporis.
520 3757 614 3783 Anima
626 3756 744 3784 Tertull.
759 3755 790 3781 de
805 3755 891 3780 Carne
906 3751 970 3779 Chr.
985 3760 1006 3777 c.
1022 3758 1057 3776 12.
1090 3747 1159 3776 Add.
1175 3746 1289 3774 Borrich.

252 3794 331 3829 Cogit.
341 3801 369 3828 p.
384 3803 438 3826 149.
484 3792 599 3819 Lafiant.
613 3799 637 3826 7,
651 3802 666 3824 9
692 3793 763 3818 Deus
779 3788 928 3816 inuifibilis.

294 3835 359 3854 ιΝν
369 3836 376 3853 1
387 3834 398 3851 s
409 3836 415 3853 1
426 3834 457 3853 Bi
469 3835 484 3853 1,
496 3827 537 3854 i'r
547 3834 563 3854 F
573 3834 601 3855 R.
623 3827 688 3853 Adu.
711 3826 819 3853 Paullin.
829 3824 949 3851 Nolanus
963 3820 1043 3855 Epist.
1051 3818 1125 3847 2oad
1138 3817 1234 3852 Delph.
1248 3825 1290 3849 c.3

253 3862 284 3888 Et
297 3863 435 3889 visibiliter
446 3869 470 3888 et
484 3863 654 3889 inuisibiliter
665 3861 791 3897 operaris.
827 3859 932 3893 August.
948 3858 979 3884 dc
993 3858 1058 3882 Gen.
1070 3858 1097 3887 6,
1110 3857 1135 3881 6.
1159 3889 1163 3894 ¹
1180 3889 1185 3894 Π

291 3904 358 3923 inv
370 3905 377 3923 1
390 3905 402 3923 s
412 3905 419 3922 1
430 3904 444 3923 13
455 3904 462 3921 1
475 3904 489 3922 ι.
500 3896 512 3923 ἴ
523 3904 543 3923 Τ
556 3905 575 3924 Α
585 3906 598 3924 s
608 3918 615 3930 ‚
632 3898 691 3926 atis.
711 3897 731 3924 f.
765 3894 884 3923 Tertull.
898 3893 956 3922 adu.
966 3894 1038 3921 Prax.
1055 3899 1116 3924 c.14
1136 3889 1206 3918 Filio
1219 3897 1290 3916 com-

256 3933 320 3965 petit
333 3933 360 3958 in
373 3933 415 3958 sua
433 3932 620 3960 inuifibilixate,
1011 3934 1017 3937 “

1316 2870 1327 2878 ι

1295 2871 1327 2899 7)

1297 3931 1339 3959 *⁶²⁵

1343 3353 1433 3390 facit,
1459 3363 1507 3380 non
1527 3354 1643 3383 libenter,
1663 3353 1847 3388 tergiuevsvis,
1859 3357 1944 3378 contra
1962 3352 2130 3380 voluntatem,
2145 3356 2301 3385 repugnans,
2322 3357 2394 3385 repu-

803 3397 874 3424 Mihi
889 3405 936 3431 pro
950 3403 1015 3422 vcro
1032 3393 1129 3420 constat
1139 3412 1147 3424 ,
1163 3391 1286 3417 omnium
1295 3399 1330 3424 90
1348 3396 1468 3429 gnaviter,
1481 3386 1597 3416 coaffus:
1614 3391 1654 3414 cui
1666 3394 1820 3415 contrarium
1832 3385 1864 3420 est
1877 3384 1982 3412 Libens·
2026 3384 2107 3410 Plssut·
2122 3384 2204 3410 Cssfiss·
2218 3393 2244 3417 22
2258 3393 2285 3418 4»
2297 3393 2324 3418 23
2348 3387 2392 3412 In-

1298 3746 1435 3774 monendi
1451 3751 1540 3772 conti-a
1556 3744 1718 3771 voluntatem
1732 3740 1803 3766 Idem
1819 3749 1867 3775 pro
1882 3740 1999 3767 Muraen.
2012 3748 2054 3773 42.

1724 142 1740 180 1
1813 136 1903 182 -ΝΪ
1959 143 1999 182 V

1354 239 1396 260 IN
1406 235 1537 265 vi80R‚
1557 231 1620 259 siris.
1641 240 1677 258 m.
1712 231 1764 266 Qui
1775 230 1879 258 inuidet.
1915 231 1994 266 Apul.
2008 232 2080 259 Flor.
2094 238 2118 268 p.
2131 239 2189 268 345.

1354 274 1673 301 1nv1TATio,etc.
1715 267 1956 294 Vid.1NV1TO.
2390 292 2392 294 .

1354 311 1473 332 1NV⁷1T
1483 313 1491 331 1
1501 311 1523 331 A
1533 311 1549 332 Β
1559 303 1568 330 i
1579 311 1594 329 L
1604 312 1611 330 1
1621 310 1650 336 s,
1666 311 1688 329 e.
1709 302 1769 329 Adi.
1807 303 1864 330 Sine
1878 305 1950 330 vitio.
1987 301 2250 336 Prudent.i²sychom.
2267 311 2294 329 ν.
2309 301 2358 328 626

1319 339 1380 374 Spes
1397 340 1556 367 ininitiabilis
1570 340 1636 367 aeui.
2406 339 2414 346 “

1357 381 1368 400 1
1379 381 1400 401 N
1411 377 1450 401 Vi
1457 382 1478 401 T
1488 383 1521 407 ο,
1546 379 1598 402 are.
1634 374 1646 408 [
1660 374 1857 409 προσκαλέομαι,
1877 375 2043 409 παραγγέλλω
2056 374 2069 408 ]
2117 373 2224 405 Vocare,
2252 373 2358 399 allicere.

1321 410 1392 437 Ter.
1410 410 1506 438 Heaut.
1519 421 1538 443 1,
1553 420 1578 444 2,
1592 420 1613 437 11
1641 411 1728 443 Qam
1746 408 1842 436 vellem
1858 410 2045 436 Menedemum
2060 408 2220 441 inuitatum,
2231 413 2260 436 vt
2273 407 2360 435 nobis-

1321 455 1381 472 cum
1396 446 1456 472 effet
1474 446 1554 473 hodie
1573 446 1692 481 amplius.
1762 444 1819 471 Cic.
1833 445 1905 471 Fam.
1929 453 1965 476 12,
1984 454 2003 478 4
2032 445 2135 471 Vellem
2150 443 2242 470 Idibus
2253 443 2359 470 Martiis

1322 490 1365 512 nie
1378 481 1408 507 ad
1421 490 1529 508 coenam
1542 483 1685 509 inuitass‘es:
1702 481 1880 515 reliquiarum
1893 480 1961 506 nihil
1975 481 2071 507 fuifl'et.
2127 480 2202 506 Idem
2214 479 2245 505 de
2259 478 2360 504 Sene&.

1322 525 1354 552 57
1373 516 1414 543 Ad
1427 525 1506 551 quem
1518 517 1661 544 fruendum
1676 525 1730 543 non
1743 516 1824 542 modo
1843 525 1899 542 non
1912 515 2040 547 retardat,
2056 524 2151 542 verum
2165 515 2245 543 etiam
2265 514 2362 540 inuitat
2399 528 2408 535 ι.
2438 523 2443 533 1

1322 559 1401 592 atque
1419 552 1523 579 allectat
1537 553 1663 580 seneehis.
1734 549 1970 586 D.·let<1are.=virg.
1984 552 2080 585 Georg.
2094 559 2112 582 1,
2125 559 2173 582 302
2202 550 2300 576 Inuitat
2319 556 2362 583 ge-

1321 588 1400 614 nialis
1420 587 1520 620 hiems,
1538 597 1662 623 curasque
1682 587 1800 621 resoluit.
1873 587 1939 613 Plin.
1960 596 1998 619 22,
2011 590 2027 613 6
2057 587 2178 613 Pinxerat
2196 585 2314 613 remedia
2333 584 2363 610 in

1322 623 1451 655 floribus,
1470 624 1580 658 visuque
1600 625 1656 658 ipso
1672 623 1782 649 Animos
1805 622 1945 655 inuitat-at,
1965 623 2046 649 etiam
2066 621 2169 649 deliciis
2186 621 2286 648 auxilia
2306 628 2363 654 per-

1321 660 1441 686 miscens.
1471 693 1476 698 ·
1513 659 1620 688 Animos
1643 659 1740 685 inuitat
1758 659 1849 693 pretiis
1869 659 1943 692 Virg.
1958 659 2022 685 Aen.
2041 666 2064 692 5,
2083 666 2140 690 292.
2211 656 2365 691 Appetitum

1322 695 1406 722 animi
1420 695 1534 721 inuitare
1548 701 1573 722 et
1587 696 1692 722 allicere
1712 693 1768 720 Cic.
1782 694 1814 719 dc
1829 695 1886 719 Fin.
1899 702 1922 727 5,
1936 701 1963 728 17
1977 703 1998 720 c.
2015 696 2040 720 6.
2111 693 2233 719 Bonitate
2254 690 2365 718 inuitari

1323 731 1381 757 Sen.
1395 729 1427 756 de
1440 730 1530 756 Benef.
1544 738 1565 762 3,
1581 740 1614 763 13.
1684 730 1741 756 Cic.
1755 729 1807 756 Off.
1823 737 1845 761 3,
1859 734 1886 762 58
1913 730 1943 755 Et
1963 729 2037 755 simul
2052 727 2083 754 ad
2098 729 2216 754 Coenam
2228 727 2366 754 hominem

1325 766 1355 792 in
1369 765 1462 792 hortos
1478 765 1601 792 inuitauit
1616 767 1643 792 iri
1657 765 1788 799 posterum
1805 764 1883 791 diem.
1924 765 1981 792 Vid.
1997 764 2068 791 Idem
2084 764 2154 790 Fam.
2170 772 2208 796 10,
2219 768 2258 793 28.
2281 780 2285 781 ν
2311 761 2368 796 lilii

1324 802 1383 828 suos
1397 800 1528 827 inuitandi
1542 803 1614 828 causa
1632 801 1763 827 adducunt
1778 801 1850 826 Caes.
1864 801 1892 826 B.
1906 801 1935 826 C.
1952 809 1973 833 1,
1985 809 2026 833 74.
2048 803 2066 825 i.
2083 799 2182 826 liberali
2202 799 2232 825 ho
2242 800 2308 833 pitia
2327 806 2367 824 ac-

1324 836 1443 871 cipiendi.
1479 836 1552 872 Conf.
1572 839 1661 864 Graeu.
1679 836 1712 863 ad
1730 836 1820 862 Iustin.
1843 844 1862 868 1,
1882 838 1908 862 6.
1964 835 2018 862 'Ad
2036 834 2199 861 occasionem
2211 835 2228 860 P
2241 835 2277 860 in.
2294 841 2331 864 10,
2346 837 2369 862 8.
2405 856 2411 859 .
2432 844 2442 863 ς

1325 872 1440 906 Culpam
1451 872 1566 899 inuitant
1578 874 1669 904 onmia
1681 872 1762 899 Ouid.
1777 871 1854 906 Epist.
1870 879 1908 906 17,
1924 876 1972 902 183.
2043 871 2103 897 Liu.
2116 879 2137 901 3,
2153 878 2183 902 14
2203 869 2319 903 Benigne
2333 868 2369 894 sa-

1326 908 1428 940 lutare,
1453 907 1555 942 alloqui
1578 909 1662 943 plebis
1685 908 1822 938 homines,
1841 907 1959 932 Domum
1981 906 2112 937 inuitare,
2137 906 2220 932 3301Το
2242 905 2271 930 111
2296 905 2368 930 sore.
2405 903 2434 931 ..’

1327 943 1401 979 Cous.
1415 943 1515 969 Sallust.
1524 944 1640 977 Iugurth.
1656 949 1696 978 78.
1732 944 1802 977 Nep.
1817 950 1852 975 25,
1867 951 1900 974 15,
1914 944 1939 968 6.
1986 942 2136 968 inuitantes
2150 940 2181 967 ad
2196 939 2370 966 Deditionem
2392 970 2393 973 Ἴ

1327 980 1400 1006 Hirt.
1412 979 1441 1006 B.
1457 979 1489 1004 G.
1505 983 1527 1009 8,
1541 987 1578 1011 19.
1648 979 1744 1006 Gloria
1760 979 1909 1004 innitantur
1923 978 2054 1012 praeclara
2068 977 2174 1012 ingenia
2189 977 2244 1003 Cic.
2258 975 2290 1001 ad
2297 975 2371 1002 Brut.

1329 1023 1363 1048 15.
1433 1016 1465 1041 In
1479 1014 1622 1048 hospitium
1632 1035 1640 1047 ,
1661 1022 1684 1041 et
1698 1015 1822 1049 Hospitio
1836 1014 1951 1040 inuitare
1965 1014 2025 1039 Liu.
2038 1018 2079 1045 28,
2096 1019 2120 1041 18
2130 1020 2175 1047 pr.
2247 1009 2370 1037 (3101111-

1330 1051 1393 1085 lipp.
1406 1058 1442 1090 ‚¹²²
1456 1058 1482 1089 ²3.
1497 1059 1517 1076 c.
1530 1058 1547 1082 9
1567 1050 1726 1077 Polseffiones
1738 1050 1808 1077 enim
1822 1050 1880 1075 sunt
1893 1050 1918 1075 P.
1933 1048 2038 1079 Clodii,
2058 1054 2112 1075 tota
2125 1047 2373 1078 familiaoccurret,
2433 1046 2438 1059 ²

1328 1086 1455 1120 Hospitio
1474 1085 1600 1113 muitabit
1616 1093 1726 1121 propter
1742 1085 1951 1112 familiaritatem
1968 1084 2135 1111 notissimam.
2207 1083 2327 1109 Inuitans
2339 1081 2374 1107 ad

1329 1123 1530 1149 Humanitatem
1545 1123 1646 1148 Petron.
1661 1131 1683 1148 c.
1694 1131 1739 1148 111.
1811 1121 1973 1148 Liberaliter
1986 1121 2015 1146 in
2029 1119 2147 1155 aliquam
2162 1118 2320 1152 legationem
2333 1117 2374 1143 in-

1330 1158 1412 1185 vitari
1428 1157 1484 1183 Cic.
1499 1158 1552 1183 Att.
1573 1166 1595 1190 2,
1610 1162 1642 1187 18.
1714 1157 1754 1183 Ad
1774 1156 1914 1192 legendum
1933 1156 2065 1188 inuitare,
2079 1156 2187 1182 Allicere
2204 1153 2278 1181 Idem
2293 1152 2373 1180 Aead.
2389 1176 2391 1178 .

1329 1203 1350 1226 1,
1365 1199 1387 1222 8.
1444 1194 1542 1226 Regem
1556 1192 1682 1219 inuitauit
1695 1193 1799 1226 Liquor
1812 1192 1930 1218 fluminis
1950 1193 2024 1219 curt.
2039 1200 2060 1223 3,
2074 1198 2097 1224 5,
2111 1199 2135 1217 2..
2175 1207 2179 1216 t
2207 1190 2262 1216 Cic.
2279 1189 2333 1216 Aet.
2344 1190 2376 1220 ⁸2,

1329 1238 1357 1261 19
1379 1229 1512 1256 Cosconio
1524 1234 1644 1259 mortuo,
1657 1229 1714 1254 sum
1732 1228 1761 1254 in
1779 1229 1836 1254 eius
1849 1229 1949 1254 Locum
1969 1227 2105 1254 inuitatus.
2119 1225 2147 1252 id
2166 1225 2326 1252 crat—vocari
2344 1224 2374 1250 in

1330 1265 1419 1291 locum
1440 1264 1550 1290 mortui.
1620 1263 1724 1290 Poculis
1737 1263 1854 1297 aliquem
1876 1263 1993 1290 inuitare
2005 1283 2013 1294 ‚
2036 1264 2174 1297 Propinare
2187 1260 2376 1296 etpraebihere:

1331 1300 1412 1326 Plaut.
1427 1299 1495 1326 Rud.
1509 1308 1529 1332 1,
1546 1308 1564 1331 1,
1577 1308 1604 1326 12
1628 1300 1769 1334 Neptunus
1782 1299 1884 1333 magnis
1898 1298 1998 1334 poculis
2010 1298 2059 1325 hac
2071 1297 2151 1324 11οὲὶο
2165 1306 2226 1323 011111
2238 1296 2376 1323 inuitauit.

1330 1337 1386 1363 Cic.
1400 1337 1475 1364 Verr.
1495 1344 1520 1367 2,
1533 1343 1567 1368 45
1596 1335 1644 1361 Sed
1662 1342 1689 1361 tu
1703 1344 1786 1369 quum
1800 1341 1825 1361 et
1843 1340 1902 1361 tuos
1915 1335 2014 1361 amicos
2032 1335 2060 1360 in
2077 1333 2245 1367 prouinciam
2258 1331 2329 1367 quasi
2349 1331 2379 1358 in

1330 1371 1454 1406 praedam
1475 1370 1618 1397 inuitabas:
1637 1379 1665 1397 ac
1686 1380 1745 1396 cum
1767 1370 1836 1400 illis,
1851 1378 1879 1396 ac
1895 1379 1941 1404 per
1960 1379 2004 1397 eos
2020 1369 2194 1404 praedabare:
2213 1375 2239 1395 et
2256 1377 2318 1400 eos,
2332 1374 2379 1394 etc.

1330 1407 1458 1434 Praemiis
1477 1406 1595 1442 aliquem
1614 1407 1669 1432 Cic.
1685 1415 1733 1440 pro
1746 1405 1834 1440 Ligar.
1849 1414 1874 1431 12
1889 1403 1910 1431 c.
1924 1408 1949 1431 6.
2020 1406 2112 1439 Qium
2132 1405 2157 1431 se
2177 1404 2239 1431 cibo
2260 1405 2379 1438 vinoque

1331 1443 1393 1470 laeti
1413 1443 1559 1469 inuitarent
1577 1441 1678 1468 Sallust.
1692 1441 1759 1467 Hist.
1773 1450 1791 1473 4
1810 1440 1853 1467 vbi
1872 1441 1925 1467 viil.
1940 1440 2007 1467 Cort.
2020 1447 2048 1476 p.
2061 1450 2116 1475 991.
2184 1440 2268 1466 Plaut.
2282 1438 2379 1473 Amph.

1333 1488 1354 1509 1,
1370 1488 1389 1511 1,
1403 1486 1449 1513 127
1473 1478 1561 1505 Credo
1576 1478 1701 1512 equidem
1717 1476 1836 1504 dormire
1850 1476 1948 1507 solem,
1964 1481 2044 1510 atque
2057 1480 2181 1510 appotum
2195 1474 2294 1509 probe:
2310 1476 2380 1501 mira

1332 1516 1406 1547 sunt,
1421 1513 1468 1540 nifi
1489 1513 1617 1540 inuitauit
1632 1513 1684 1538 scse
1702 1512 1731 1538 in
1750 1521 1832 1538 coena
1852 1512 2008 1546 plusculum.
2039 1514 2043 1515 ⁷
2063 1511 2132 1538 Suet.
2146 1511 2175 1537 in
2187 1509 2295 1544 August.
2308 1510 2381 1545 c.'77

1332 1550 1423 1577 Postea
1447 1549 1551 1584 quoties
1577 1547 1715 1581 largiffime
1738 1549 1763 1574 se
1783 1547 1925 1578 inuitaiet,
1948 1547 2022 1573 senos
2042 1547 2170 1573 sextantes
2195 1555 2249 1572 non
2270 1545 2380 1575 excellit.

1333 1586 1450 1613 Interior
1463 1585 1564 1612 inedias
1577 1584 1652 1610 Sinus
1666 1584 1794 1610 inuitatus
1808 1584 1836 1609 in
1849 1583 1923 1610 aedes
1939 1582 2022 1609 Rutil.
2035 1583 2097 1609 Itin.
2111 1591 2130 1613 1,
2143 1590 2198 1616 245.
2213 1585 2232 1608 i.
2244 1582 2381 1608 deriuatus.

1334 1622 1445 1648 Somnos
1460 1622 1528 1647 Hor.
1543 1619 1624 1654 Epod.
1640 1629 1662 1652 2,
1676 1624 1715 1650 28.
1787 1619 1848 1654 Spes
1863 1619 1959 1645 inuitat
1976 1618 2042 1645 Plin.
2056 1626 2094 1650 33,
2109 1626 2136 1650 4.
2208 1617 2383 1644 sternutatio-

1334 1667 1396 1684 nem
1409 1657 1506 1683 inuitat
1526 1656 1645 1683 Scribon.
1660 1664 1696 1681 10.
1772 1655 1828 1681 Cic.
1840 1655 1917 1681 Verr.
1933 1664 1961 1688 4,
1977 1662 2008 1689 75
2037 1654 2092 1680 Rex
2105 1652 2220 1688 denique
2234 1653 2323 1688 ecquis
2336 1653 2383 1686 est,

1334 1694 1383 1728 qui
1401 1693 1556 1719 Senatorem
1570 1692 1631 1726 Pop.
1646 1691 1725 1717 Rom.
1739 1690 1830 1717 Τεξῖο
1848 1698 1877 1716 ac
1898 1690 1978 1716 domo
1996 1698 2051 1717 nen
2064 1689 2179 1717 inuitet3
2247 1689 2382 1716 Vomitio-

1334 1738 1380 1755 nes
1394 1729 1460 1755 Plin.
1476 1736 1518 1759 22,
1533 1736 1573 1759 24.
1645 1727 1703 1753 Cum
1718 1726 1839 1761 Infiniw,
1855 1726 1914 1752 Liu.
1930 1734 1972 1758 22,
1993 1745 2000 1752 .
2018 1746 2024 1752 .
2046 1725 2184 1752 Nudantes
2197 1726 2328 1752 ceruicem
2345 1724 2385 1751 iu-

1333 1764 1479 1797 gulumque
1499 1769 1525 1788 et
1543 1762 1678 1795 reliquum
1693 1762 1846 1795 sanguinem
1862 1762 2005 1788 inuitantes
2024 1760 2140 1788 haurire.
2235 1754 2256 1797 fl
2276 1769 2292 1787 2
2329 1761 2385 1787 Ase-

2272 145 2356 189 1216
2399 156 2404 167 ⁴

2290 243 2303 250 a

1333 1798 1440 1832 taphora
1453 1800 1545 1822 comica
1560 1797 1675 1823 inuitare
1689 1795 1722 1828 est
1734 1799 1819 1831 plagis
1838 1798 1899 1822 mah
1919 1799 2026 1823 mua-are
2041 1798 2121 1823 Plaut.
2137 1796 2204 1822 Rud.
2218 1805 2240 1828 3,
2255 1805 2279 1830 5,
2293 1805 2317 1828 31
2345 1796 2385 1823 Ni

1335 1833 1419 1859 istunc
1436 1831 1491 1857 istis
1510 1830 1656 1857 inuitaffitis
1670 1831 1751 1864 vsque
1764 1832 1844 1861 adeo,
1859 1831 1956 1862 donee,
1971 1839 2024 1864 qua
2043 1831 2152 1857 domum
2173 1831 2264 1863 abeat,
2279 1832 2385 1858 nesciat.

1335 1866 1356 1903 q
1379 1876 1389 1898 3
1426 1866 1531 1905 Inuito,
1541 1873 1590 1900 pro
1604 1869 1682 1891 uitam
1696 1866 1769 1897 tollo,
1783 1873 1812 1891 vt
1826 1866 1915 1891 Euito.
1950 1865 2075 1892 Gladium
2096 1866 2191 1892 ancilla
2206 1861 2384 1893 Catinam‘ha-

1334 1902 1398 1928 bere
1413 1906 1475 1960 Ztg}
1485 1902 1533 1934 qui
1553 1909 1595 1927 1110
1608 1906 1688 1933 atque
1699 1906 1725 1926 te
1738 1900 1836 1925 inuitet
1854 1900 1937 1925 Plaut.
1952 1901 2010 1925 Cas.
2024 1908 2047 1931 3,
2059 1903 2085 1933 6,
2100 1910 2137 1927 21.
2168 1898 2301 1929 Sic-'etiam
2314 1902 2384 1937 Ltpfi

1333 1938 1398 1964 Ant.
1444 1956 1446 1958 ,
1477 1954 1483 1960 .
1502 1944 1525 1964 2,
1546 1945 1578 1960 11.
2204 1940 2205 1944 ¹
2438 1942 2441 1943 ⁷

1372 1977 1382 1995 1
1394 1977 1415 1996 N
1426 1977 1465 1996 vi
1478 1975 1500 1995 T
1511 1972 1529 1995 Ᾰ
1540 1975 1562 1995 Τ
1573 1975 1593 1994 ν
1603 1973 1632 1999 S,
1653 1976 1683 1999 a,
1703 1976 1758 1993 11111.
1778 1967 1874 1993 Partic.
1911 1967 2110 2004 [προσκληθεὶς]
2152 1971 2196 2002 Vt,
2210 1970 2324 1998 Inuitata
2336 1972 2387 1998 im·
2439 1960 2456 1994 ,if

1335 2005 1454 2040 probitas
1473 2004 1585 2039 paruulo
1601 2003 1711 2029 successu
1729 2002 1796 2029 l’lin.
1810 2011 1836 2035 2,
1852 2011 1890 2034 23.
1962 2004 2072 2031 Inuitati
2091 2013 2138 2039 per
2156 2004 2251 2033 domos
2272 2006 2405 2042 hospita--

1335 2042 1397 2068 liter
1410 2041 1470 2067 Liu.
1487 2049 1506 2072 1,
1521 2049 1546 2073 9.
1617 2039 1748 2064 Inuitatus
1761 2039 1790 2064 in
1804 2038 1973 2072 colloquium
1986 2040 2057 2066 Caes.
2070 2041 2099 2066 B.
2113 2041 2144 2067 G.
2161 2050 2182 2074 1,
2194 2051 2229 2074 35.

1373 2084 1382 2102 1
1394 2084 1413 2103 Ν
1425 2084 1446 2103 ν
1456 2083 1465 2102 1
1474 2083 1495 2102 T
1505 2079 1555 2102 ᾹΤ
1564 2081 1585 2100 V
1595 2080 1608 2101 S
1617 2094 1625 2106 ,
1645 2073 1684 2100 fis.
1706 2083 1742 2101 m.
1779 2074 1900 2113 [emm]
1934 2074 2129 2102 [acclamatum
2148 2084 2171 2103 et
2188 2080 2387 2113 imitamentum,
2452 2094 2456 2099 ·

1334 2119 1450 2152 rogatus.
1502 2112 1563 2152 Cic.-
1574 2111 1644 2136 Fam.
1664 2117 1692 2144 7,
1712 2117 1725 2142 5
1764 2110 1844 2136 Mitto
1864 2110 1948 2144 igitur
1965 2110 1996 2137 ad
2014 2118 2040 2138 te
2053 2111 2232 2145 Trebatium,
2250 2120 2329 2149 atque
2346 2116 2388 2142 ita
2453 2107 2457 2109 ⁵

1336 2153 1432 2208 ιέυηο,
1451 2152 1481 2173 vt
1503 2152 1586 2173 initio
1608 2154 1666 2172 mea
1689 2146 1798 2180 sponte,
1824 2146 1881 2180 post
1904 2151 1992 2173 autem
2013 2147 2130 2174 inuitatu
2153 2155 2200 2175 tuo
2225 2150 2387 2178 mittendum
2419 2146 2422 2149 ’

1357 2189 1471 2209 uxeriin.

1375 2223 1463 2243 1Nvl
1474 2222 1575 2242 TATI
1585 2221 1603 2241 o
1613 2235 1621 2247 ‚
1640 2215 1706 2241 onis.
1730 2215 1750 2241 f.
1787 2216 1933 2243 Iucundior
1946 2217 2005 2244 vini
2021 2217 2088 2245 Geli.
2111 2227 2145 2252 15,
2159 2228 2179 2246 2.
2215 2220 2273 2248 Cic.
2287 2221 2340 2248 Att.
2361 2230 2378 2255 9
2430 2219 2435 2242 ἕ

1339 2261 1369 2285 14
1388 2253 1419 2278 In
1433 2251 1543 2287 Epirum
1555 2259 1621 2276 vcro
1635 2251 1762 2277 inuitatio
1775 2260 1854 2285 quam
1869 2252 1975 2279 suauis?
1995 2263 2075 2288 quain
2088 2253 2226 2282 liberalis?
2244 2265 2323 2292 quam
2336 2241 2402 2285 fra:v

1338 2288 1430 2315 terna?
1503 2286 1543 2312 Ad
1563 2285 1707 2312 dolendum
1725 2286 1851 2313 inuitatio
1866 2287 1922 2313 Cic.
1936 2288 2018 2314 Tusc.
2032 2297 2055 2320 3,
2068 2295 2096 2318 82
2111 2299 2132 2315 c.
2146 2299 2189 2323 34.

1374 2330 1384 2349 1
1396 2330 1416 2349 N
1427 2329 1448 2348 v
1456 2329 1497 2362 1,T
1505 2329 1527 2348 A
1536 2328 1562 2347 M
1571 2328 1591 2362 Ε,
1599 2328 1621 2347 Ν
1631 2328 1652 2348 Τ
1661 2328 1683 2347 ν
1691 2326 1715 2347 M
1723 2340 1731 2353 ,
1751 2322 1769 2348 i.
1791 2331 1817 2348 n.
1838 2322 2018 2359 [πρόσκλησις]
2037 2324 2176 2357 illecebrae,
2191 2329 2302 2352 rationes
2314 2336 2388 2363 agen-

1339 2358 1367 2385 cli
1376 2359 1524 2395 propositae.
1561 2358 1617 2397 Cic..
1631 2357 1754 2396 Hortens.
1768 2357 1834 2392 apud
1847 2358 1920 2384 Non.
1935 2366 1964 2390 4,
1977 2366 2025 2389 232
2055 2359 2211 2394 Voluptates
2225 2369 2313 2387 autem
2329 2362 2387 2388 nul-

1338 2394 1365 2420 la
1382 2394 1414 2421 ad
1432 2402 1473 2421 res
1491 2393 1644 2419 necessarias
1661 2393 1836 2419 inuitamenta
1856 2393 1969 2420 afferunt
1986 2392 2102 2420 senibus.
2155 2394 2231 2421 Idem
2244 2396 2276 2422 de
2289 2397 2348 2423 Fin.
2362 2406 2376 2430 5

1342 2437 1369 2463 17
1384 2439 1406 2469 c:
1419 2431 1436 2455 6
1449 2435 1514 2468 extr.
1534 2429 1710 2467 Inuitamenta
1723 2434 1831 2455 naturae
1845 2429 1939 2463 prima.
1993 2429 2053 2455 Liu.
2070 2438 2092 2462 2,
2107 2437 2143 2463 42
2161 2430 2337 2465 Largitiones,
2349 2417 2388 2458 te:

1339 2470 1524 2505 meritatisque
1548 2469 1723 2502 inuitamenta
1745 2464 1899 2491 horrebant.
1972 2464 2028 2491 Cic.
2041 2465 2113 2491 Fam.
2129 2474 2168 2498 10,
2189 2475 2218 2495 10
2256 2467 2281 2492 Is
2299 2462 2389 2494 autem

1339 2508 1387 2535 qui
1408 2507 1469 2526 vere
1487 2498 1614 2538 appella-ri
1636 2498 1719 2531 potest
1738 2498 1839 2531 honos,
1859 2508 1914 2525 non
1928 2499 2135 2528 inuitamentuin
2149 2501 2181 2527 ad
2201 2508 2321 2536 tempuS,
2345 2502 2388 2530 sed

1340 2541 1482 2571 perpetuae
1496 2540 1605 2561 virtutis
1624 2533 1661 2559 est
1675 2533 1831 2568 praemium.
1902 2534 2112 2562 Inuitamentum
2129 2537 2236 2564 sceleris
2260 2538 2391 2566 Patercul.

1340 2580 1365 2603 2,
1385 2573 1401 2597 6
1457 2580 1481 2596 r.

1377 2577 1467 2633 niixih
1478 2610 1530 2645 ΤΑ
1542 2609 1564 2630 Τ
1577 2610 1587 2629 1
1597 2600 1704 2630 17Νεῦ
1714 2609 1781 2636 LA,
1801 2612 1840 2630 ae.
1860 2603 1880 2629 f.
1901 2603 2004 2631 Dimin.
2041 2605 2109 2632 Gell.
2125 2614 2160 2640 ις,
2175 2617 2187 2633 2
2201 2610 2228 2634 in
2241 2610 2284 2635 tit.
2309 2608 2390 2644 Qiod

1340 2642 1414 2669 Plato
1427 2641 1555 2675 largiores
1564 2659 1572 2671 ,
1594 2639 1772 2675 laetioresque
1790 2640 1820 2666 in
1838 2640 1970 2666 conuiuiis
1984 2640 2199 2670 inuitatiunculas
2212 2644 2271 2671 vini
2284 2653 2338 2671 non
2351 2644 2393 2672 111.

1340 2678 1419 2705 Vtiles
1431 2677 1480 2703 effe
1494 2675 1694 2702 existimauerit.

1383 2713 1531 2752 1NV1T·A'
1542 2717 1633 2751 ron,
1654 2711 1716 2737 oris.
1750 2718 1786 2736 111.
1824 2710 1944 2737 Tertull.
1963 2710 2024 2738 adu.
2050 2713 2132 2740 Marc.
2155 2722 2184 2751 4,
2202 2721 2234 2747 25
2270 2714 2392 2743 Christus

1345 2755 1466 2776 aeternae
1479 2753 1551 2774 vitae
1568 2747 1707 2773 inuitator.
1761 2746 1875 2772 Martial.
1889 2756 1912 2778 ι),
1925 2755 1965 2780 93,
1980 2755 1989 2773 1
2016 2747 2056 2774 Ad
2072 2757 2181 2776 coenam
2195 2749 2213 2775 fi
2231 2759 2274 2777 me
2288 2751 2393 2779 diuersa

1344 2790 1452 2812 vocaret
1466 2784 1493 2810 in
1507 2782 1573 2810 astra
1597 2783 1667 2809 Hinc
1682 2782 1812 2809 inuitator
1826 2783 1959 2813 Caesaris,
1974 2782 2020 2809 ille
2034 2783 2114 2810 Iouis.
2150 2784 2220 2812 Add.
2234 2786 2273 2813 Id.
2287 2795 2300 2820 3
2325 2796 2352 2821 23
2364 2790 2392 2814 in
2426 2774 2430 2779 .

1344 2823 1435 2849 Lemm.
1449 2821 1562 2855 Antiqua
1577 2818 1715 2852 Inscriptio
1728 2819 1817 2845 Romae
1830 2817 1898 2853 apud
1910 2819 2008 2845 Gruter.
2021 2825 2051 2853 p.
2065 2827 2112 2853 598
2124 2829 2150 2848 n.
2165 2823 2180 2846 6
2301 2806 2311 2820 '
2448 2837 2449 2841 =

1547 2853 1817 2881 AGATHorvs.
1858 2854 1983 2880 AVGG.
2022 2854 2196 2884 LissERT.
2441 2847 2464 2883 *Β

1727 2889 1774 2915 ΙΝ
1784 2890 1806 2914 V
1815 2890 1826 2914 I
1834 2889 1864 2916 T
1871 2890 1892 2914 A
1901 2889 1931 2916 Τ
1939 2890 1963 2916 Ο
1972 2890 2004 2915 R.
2450 2890 2465 2904 ·“

1344 2926 1420 2963 Conf.
1435 2925 1549 2953 Saluian.
1565 2925 1596 2951 de
1611 2924 1680 2952 Gub.
1695 2933 1705 2951 1
1725 2933 1750 2960 p.
1764 2929 1803 2955 28.
1859 2924 1950 2951 Sidon.
1964 2924 2044 2959 Epist.
2058 2933 2079 2956 2,
2090 2933 2114 2958 9.
2128 2931 2152 2952 et
2164 2934 2190 2958 9,
2204 2934 2236 2957 13.
2442 2939 2458 2942 ,.

1347 2999 1354 3004 -
1381 2963 1658 3003 INV.1TATI''1'1'³13Y,
1678 2960 1735 2987 icis.
1757 2960 1778 2987 f.
1817 2959 1964 2993 Symmach.
1979 2961 2059 2995 Epist.
2080 2969 2099 2992 1,
2113 2969 2145 2995 59
2170 2961 2254 2987 Placet
2273 2959 2393 2989 hortatio
2439 2971 2444 2976 ·

1345 3003 1487 3026 inuitatrix
1506 2997 1657 3031 religionis.

1381 3041 1421 3061 IN
1430 3040 1450 3059 v
1460 3041 1469 3060 1
1478 3039 1529 3060 TA
1539 3038 1560 3058 T
1569 3039 1588 3059 0
1598 3039 1616 3058 R
1628 3039 1665 3058 iv
1674 3039 1686 3059 s
1695 3051 1703 3064 ‚
1724 3041 1737 3058 3
1746 3049 1754 3062 ,
1773 3041 1827 3058 um.
1855 3031 1916 3059 Adi.
1952 3032 2066 3059 Hieron.
2080 3030 2158 3066 Epist.
2172 3039 2192 3056 1.
2227 3031 2259 3057 Et
2271 3031 2393 3060 Tertull.

1348 3070 1380 3097 de
1395 3069 1483 3096 Anim.
1496 3076 1527 3104 57
1551 3068 1680 3102 Operatio
1699 3067 1865 3095 inuitatoria.
2059 3074 2063 3076 ⁷
2146 3076 2151 3078 ’
2356 3091 2359 3096 ,
2455 3088 2463 3099 .,

1382 3113 1392 3132 1
1400 3112 1420 3131 Ν
1431 3112 1469 3131 Vi
1480 3111 1501 3130 T
1510 3111 1532 3131 A
1542 3105 1575 3130 Bi
1586 3110 1600 3129 L
1612 3110 1622 3129 1
1635 3110 1647 3129 S
1659 3123 1668 3136 ‚
1687 3112 1710 3129 0.
1731 3103 1791 3130 Adi.
1825 3101 2036 3138 [προσκλητικός]
2070 3099 2246 3134 ΒσΙεέἶιιῦίΙὶε,
2260 3102 2392 3130 iucundus.
2478 3116 2479 3128 1

1348 3141 1416 3168 Geli.
1432 3149 1503 3173 13,11
1529 3140 1666 3166 Sermones
1686 3139 1831 3171 iucundos,
1851 3145 1877 3165 ct
1896 3138 2067 3168 imitabiles,
2079 3142 2105 3162 et
2124 3144 2183 3162 cum
2203 3137 2316 3172 quadam
2335 3138 2393 3166 ille·
2456 3150 2459 3157 ¹
2478 3136 2479 3149 ¹

1347 3176 1425 3204 cebra
1439 3182 1465 3202 et
1479 3175 1613 3210 voluptate
1625 3174 1711 3201 vtiles.
1748 3175 1828 3202 Gloii:
1842 3175 1899 3201 Lat.
1915 3175 1960 3202 Gr.
1973 3171 2147 3209 προτρεπτωιᾰν.

1385 3220 1394 3238 1
1408 3218 1429 3238 Ν
1440 3219 1460 3238 ν
1470 3219 1478 3238 1
1489 3218 1510 3237 T
1518 3218 1540 3237 v
1549 3218 1563 3237 P
1572 3218 1588 3237 E
1597 3217 1615 3237 R
1625 3217 1646 3236 Α
1655 3216 1671 3236 1³
1681 3217 1689 3235 1
1701 3217 1716 3236 L
1725 3217 1734 3235 1
1745 3217 1758 3237 s
1773 3230 1780 3241 ‚
1807 3219 1829 3236 e.
1866 3209 1927 3236 Adi.
1972 3210 2156 3242 Vituperationi
2185 3217 2233 3234 nem
2263 3207 2395 3236 obnoxius:
2452 3208 2466 3223 ³

1348 3246 1572 3282 Inuituperabiles
1591 3245 1758 3273 conditiones
1770 3245 1890 3274 Tertull.
1905 3244 1964 3272 adu.
1975 3244 2057 3271 Marc.
2076 3251 2100 3274 2,
2120 3251 2157 3270 10.
2191 3243 2260 3271 Add.
2272 3244 2392 3272 1d.ibid.
2450 3263 2456 3270 .
2469 3267 2475 3275 ,

1348 3292 1377 3318 4,
1391 3292 1409 3310 1.
1426 3290 1450 3310 et
1462 3283 1495 3310 de
1508 3282 1594 3309 Pudic.
1610 3286 1630 3308 c'.
1646 3284 1670 3307 6.
2449 3274 2471 3320 ᾖ..

1386 3322 1571 3348 ιΝνῑΤνε,
1589 3325 1622 3350 3,
1642 3325 1695 3343 11111.
1732 3315 1793 3344 Adi.
1830 3315 1925 3350 [ἐίκων,
1943 3312 2057 3347 οἷκέσιος]
2094 3313 2146 3348 Qu·
2160 3319 2209 3348 per
2226 3317 2277 3340 vim
2295 3314 2395 3350 aliquid
2450 3321 2471 3346 Ἀ

1350 3431 1421 3451 vitus
1437 3434 1479 3451 me
1500 3424 1588 3455 vides,
1605 3423 1696 3450 viuani
1717 3429 1813 3451 tamen.
1882 3420 2000 3452 Inuitos,
2021 3429 2076 3446 non
2095 3419 2240 3446 ambientes
2259 3420 2289 3446 in
2306 3429 2391 3456 remp.

1351 3460 1517 3487 collocandos
1541 3460 1615 3487 Alex.
1636 3459 1724 3485 Seuer.
1744 3458 1810 3494 apud
1825 3455 1958 3489 Lamprid.
1979 3465 2001 3481 c.
2019 3464 2055 3488 19.
2131 3455 2188 3482 Cic.
2207 3457 2283 3482 Verr.
2304 3464 2330 3488 2,
2348 3461 2392 3490 148

1351 3497 1411 3522 Hoc
1431 3495 1591 3530 significant,
1617 3501 1696 3529 atque
1712 3494 1778 3521 adeo
1796 3497 1883 3526 aperte
1900 3491 2057 3522 ostendunt,
2073 3490 2125 3516 sese
2148 3489 2180 3517 ad
2196 3490 2294 3517 ⁴statuas
2316 3500 2392 3525 pecu-

1352 3532 1424 3558 niam
1438 3537 1510 3558 inetu
1525 3540 1553 3558 ac
1574 3530 1644 3557 malo
1656 3529 1760 3556 coactos
1774 3526 1937 3555 inuitillimos
1951 3526 2096 3553 contulisse.
2145 3525 2218 3552 Idem
2232 3527 2285 3552 Att.
2299 3529 2336 3558 16,
2355 3546 2361 3552 .
2386 3546 2392 3553 .

1352 3567 1383 3593 Et
1400 3567 1509 3601 quidem
1527 3572 1555 3593 vt
1575 3574 1644 3593 ame
1663 3562 1823 3592 dimitterem
1846 3562 2028 3594 inuitiffimus,
2048 3562 2167 3588 fecerunt
2187 3562 2272 3588 Erotis
2292 3562 2393 3588 literae.

1352 3602 1426 3638 Conf.
1441 3603 1514 3630 Idem
1528 3603 1597 3629 Fam.
1610 3610 1644 3633 13,
1659 3604 1703 3634 64.
1768 3598 1849 3625 Inuiti
1863 3607 1908 3632 per
1919 3598 1976 3624 vim
1991 3604 2068 3631 atque
2083 3597 2226 3631 imperium
2240 3597 2335 3624 statuas
2349 3597 2394 3624 de·

1352 3638 1449 3665 derunt
1462 3639 1517 3665 Cic.
1532 3640 1608 3665 Verr.
1623 3645 1647 3668 2,
1665 3645 1722 3670 144.
1793 3634 1897 3668 Sapiens
1916 3633 1983 3659 nihil
1999 3633 2062 3659 facit
2079 3633 2194 3662 inuitus,
2209 3632 2277 3658 nihil
2291 3633 2394 3663 dolens,
2427 3657 2433 3661 .
2451 3630 2463 3658 :⁴

1352 3674 1422 3700 nihil
1435 3674 1539 3701 coactus
1555 3673 1625 3700 Idem
1639 3673 1667 3697 in
1680 3669 1770 3697 Parad.
1785 3678 1806 3702 5,
1821 3679 1840 3695 1.

1354 3710 1441 3736 sunnis
1454 3710 1510 3736 Cic.
1525 3710 1556 3736 de
1571 3709 1644 3735 Orat.
1658 3716 1682 3737 2,
1697 3711 1722 3735 18
1741 3714 1761 3731 c·
1774 3714 1791 3737 4
1807 3712 1870 3731 extr.

2448 3603 2463 3621 7ss

2457 3623 2477 3631 ,.

1907 3670 2002 3696 Facere
2016 3668 2096 3694 inniti
2111 3676 2135 3694 et
2149 3668 2294 3694 recusantes
2307 3667 2394 3694 003811

1943 3704 2064 3738 Cogendi
2087 3703 2186 3729 iudices
2207 3703 2303 3735 inuiti,
2332 3704 2395 3729 reti.

2126 3738 2343 3772 Extorquenduin
2358 3738 2394 3764 est
2453 3748 2465 3768 1

1354 3781 1442 3807 inuito
1461 3787 1539 3815 atque
1552 3777 1671 3812 ingratiis
1689 3776 1760 3810 quod
1774 3785 1826 3802 non
1848 3775 1925 3802 debet
1950 3775 1988 3801 Id.
2010 3783 2058 3808 pro
2079 3774 2172 3807 Qiint.
2190 3781 2235 3808 47.
2324 3773 2394 3800 Ter.
2463 3774 2466 3776 '

1353 3817 1448 3843 Heaut.
1464 3825 1491 3849 4,
1505 3818 1531 3848 6,
1543 3823 1553 3841 1
1576 3812 1659 3840 Nulla
1671 3811 1707 3837 est
1719 3820 1772 3838 tam
1786 3811 1870 3838 facilis
1883 3820 1924 3837 res
1934 3831 1941 3842 ,
1961 3810 2026 3845 quin
2035 3808 2150 3836 difficilis
2164 3808 2217 3841 fiet,
2231 3805 2310 3842 quam
2323 3809 2394 3835 inui-

1353 3858 1395 3878 tus
1409 3852 1496 3878 facias.
1551 3849 1608 3875 Cic.
1623 3848 1655 3874 de
1668 3847 1767 3873 senen.
1783 3856 1814 3879 39
1835 3848 1926 3880 Itaque
1940 3846 1990 3872 feci
2004 3854 2058 3871 non
2071 3845 2188 3875 inuitus,
2204 3845 2236 3869 'vt
2249 3844 2394 3878 prodessem

1353 3887 1446 3914 multis
1459 3892 1505 3912 tuo
1519 3890 1621 3918 rogatu.
1688 3883 1840 3916 Irrumpent
1860 3883 1939 3908 ctiam
1957 3881 1989 3908 ad
2008 3881 2108 3907 inuitos
2130 3879 2259 3912 Qinffil.
2275 3888 2301 3912 9,
2315 3889 2342 3912 4,
2356 3885 2396 3911 89.
2440 3892 2441 3896 =

1353 3926 1372 3950 i.
1392 3931 1452 3960 quos
1470 3919 1516 3956 ipfi
1534 3921 1623 3946 nolint.
1694 3918 1751 3946 Cic.
1763 3918 1795 3945 de
1809 3918 1866 3946 Fin.
1881 3925 1902 3950 1,
1920 3925 1938 3950 4
1957 3926 1979 3944 c.
1995 3925 2011 3944 2
2043 3916 2075 3943 In
2093 3915 2189 3951 quibus
2208 3914 2259 3944 hoc
2278 3917 2397 3978 priinuiq

2361 3954 2384 3977 el
