<?xml version="1.0" encoding="UTF-8"?>
<!DOCTYPE html PUBLIC "-//W3C//DTD XHTML 1.0 Transitional//EN"
    "http://www.w3.org/TR/xhtml1/DTD/xhtml1-transitional.dtd">
<html xmlns="http://www.w3.org/1999/xhtml" xml:lang="en" lang="en">
 <head>
  <title>
</title>
<meta http-equiv="Content-Type" content="text/html;charset=utf-8" />
  <meta name='ocr-system' content='tesseract 3.04.00' />
  <meta name='ocr-capabilities' content='ocr_page ocr_carea ocr_par ocr_line ocrx_word'/>
</head>
<body>
  <div class='ocr_page' id='page_1' title='image "./novuslinguaeeter02gesn_0313.png"; bbox 0 0 2479 4225; ppageno 0'>
   <div class='ocr_carea' id='block_1_1' title="bbox 31 176 708 236">
    <p class='ocr_par' dir='ltr' id='par_1_1' title="bbox 31 176 708 236">
     <span class='ocr_line' id='line_1_1' title="bbox 31 176 708 236; baseline -0.025 0"><span class='ocrx_word' id='word_1_1' title='bbox 31 194 104 236; x_wconf 81' lang='lat'>597</span> <span class='ocrx_word' id='word_1_2' title='bbox 407 176 470 221; x_wconf 83' lang='lat' dir='ltr'>F&#39;</span> <span class='ocrx_word' id='word_1_3' title='bbox 535 181 574 221; x_wconf 88' lang='lat' dir='ltr'>A</span> <span class='ocrx_word' id='word_1_4' title='bbox 660 181 708 222; x_wconf 88' lang='lat' dir='ltr'><strong>M</strong></span> 
     </span>
    </p>
   </div>
   <div class='ocr_carea' id='block_1_2' title="bbox 0 264 1070 1293">
    <p class='ocr_par' dir='ltr' id='par_1_2' title="bbox 0 264 1070 1293">
     <span class='ocr_line' id='line_1_2' title="bbox 34 264 1069 305; baseline -0.006 -8"><span class='ocrx_word' id='word_1_5' title='bbox 34 271 112 305; x_wconf 85' lang='lat' dir='ltr'>Serm.</span> <span class='ocrx_word' id='word_1_6' title='bbox 126 277 152 301; x_wconf 87' lang='lat'>2,</span> <span class='ocrx_word' id='word_1_7' title='bbox 164 277 187 302; x_wconf 85' lang='grc'>3,</span> <span class='ocrx_word' id='word_1_8' title='bbox 200 278 252 296; x_wconf 78' lang='lat'>222.</span> <span class='ocrx_word' id='word_1_9' title='bbox 272 273 290 296; x_wconf 79' lang='lat' dir='ltr'>i.</span> <span class='ocrx_word' id='word_1_10' title='bbox 310 274 355 296; x_wconf 89' lang='lat' dir='ltr'>aut</span> <span class='ocrx_word' id='word_1_11' title='bbox 373 269 499 303; x_wconf 84' lang='lat' dir='ltr'>Fragilis‚</span> <span class='ocrx_word' id='word_1_12' title='bbox 518 275 562 296; x_wconf 88' lang='lat' dir='ltr'>aut</span> <span class='ocrx_word' id='word_1_13' title='bbox 581 269 729 305; x_wconf 78' lang='lat' dir='ltr'>Splendida.</span> <span class='ocrx_word' id='word_1_14' title='bbox 747 267 873 303; x_wconf 82' lang='lat' dir='ltr'>Porphyr.</span> <span class='ocrx_word' id='word_1_15' title='bbox 945 264 1069 292; x_wconf 76' lang='lat' dir='ltr'>Volucris</span> 
     </span>
     <span class='ocr_line' id='line_1_3' title="bbox 29 301 1067 343; baseline -0.005 -12"><span class='ocrx_word' id='word_1_16' title='bbox 29 305 167 343; x_wconf 77' lang='lat' dir='ltr'>,praeconia</span> <span class='ocrx_word' id='word_1_17' title='bbox 179 305 264 332; x_wconf 81' lang='lat' dir='ltr'>faniae</span> <span class='ocrx_word' id='word_1_18' title='bbox 284 305 364 332; x_wconf 90' lang='lat' dir='ltr'>Ouid.</span> <span class='ocrx_word' id='word_1_19' title='bbox 380 305 457 340; x_wconf 84' lang='lat' dir='ltr'>Epist.</span> <span class='ocrx_word' id='word_1_20' title='bbox 474 313 510 339; x_wconf 81' lang='lat'>17,</span> <span class='ocrx_word' id='word_1_21' title='bbox 524 313 584 340; x_wconf 83' lang='lat'>207.</span> <span class='ocrx_word' id='word_1_22' title='bbox 656 305 778 339; x_wconf 84' lang='lat' dir='ltr'>Vulgaris</span> <span class='ocrx_word' id='word_1_23' title='bbox 793 305 854 330; x_wconf 87' lang='lat' dir='ltr'>Stat.</span> <span class='ocrx_word' id='word_1_24' title='bbox 869 301 932 328; x_wconf 81' lang='lat' dir='ltr'>Silii.</span> <span class='ocrx_word' id='word_1_25' title='bbox 948 310 976 333; x_wconf 88' lang='lat'>4,</span> <span class='ocrx_word' id='word_1_26' title='bbox 992 306 1013 331; x_wconf 87' lang='lat'>8,</span> <span class='ocrx_word' id='word_1_27' title='bbox 1028 309 1067 341; x_wconf 73' lang='grc'>34.</span> 
     </span>
     <span class='ocr_line' id='line_1_4' title="bbox 34 336 1067 380; baseline -0.007 -13"><span class='ocrx_word' id='word_1_28' title='bbox 34 341 55 380; x_wconf 58' lang='lat' dir='ltr'>fl</span> <span class='ocrx_word' id='word_1_29' title='bbox 74 350 86 374; x_wconf 82' lang='grc'>3</span> <span class='ocrx_word' id='word_1_30' title='bbox 126 340 256 367; x_wconf 74' lang='lat' dir='ltr'><em>Verborum</em></span> <span class='ocrx_word' id='word_1_31' title='bbox 269 340 413 376; x_wconf 77' lang='lat' dir='ltr'>formulae:</span> <span class='ocrx_word' id='word_1_32' title='bbox 449 341 505 367; x_wconf 87' lang='lat' dir='ltr'>Cic.</span> <span class='ocrx_word' id='word_1_33' title='bbox 521 342 592 367; x_wconf 87' lang='lat' dir='ltr'>Fam.</span> <span class='ocrx_word' id='word_1_34' title='bbox 606 349 631 373; x_wconf 88' lang='lat'>9,</span> <span class='ocrx_word' id='word_1_35' title='bbox 646 343 675 367; x_wconf 89' lang='lat'>16</span> <span class='ocrx_word' id='word_1_36' title='bbox 706 340 824 374; x_wconf 84' lang='lat' dir='ltr'>Effugere</span> <span class='ocrx_word' id='word_1_37' title='bbox 842 344 929 363; x_wconf 83' lang='lat' dir='ltr'>autem</span> <span class='ocrx_word' id='word_1_38' title='bbox 949 337 974 376; x_wconf 43' lang='lat' dir='ltr'>li·</span> <span class='ocrx_word' id='word_1_39' title='bbox 987 336 1067 376; x_wconf 64' lang='lat' dir='ltr'>velini</span> 
     </span>
     <span class='ocr_line' id='line_1_5' title="bbox 1 373 1069 405; baseline -0.007 -1"><span class='ocrx_word' id='word_1_40' title='bbox 1 388 6 396; x_wconf 64' lang='lat'><strong>*</strong></span> <span class='ocrx_word' id='word_1_41' title='bbox 33 375 219 405; x_wconf 82' lang='lat' dir='ltr'>nonnullorum</span> <span class='ocrx_word' id='word_1_42' title='bbox 241 382 315 402; x_wconf 86' lang='lat' dir='ltr'>acute</span> <span class='ocrx_word' id='word_1_43' title='bbox 339 382 384 403; x_wconf 89' lang='lat' dir='ltr'>aut</span> <span class='ocrx_word' id='word_1_44' title='bbox 408 376 491 402; x_wconf 78' lang='lat' dir='ltr'>facete</span> <span class='ocrx_word' id='word_1_45' title='bbox 511 375 645 402; x_wconf 58' lang='lat' dir='ltr'>diciorum</span> <span class='ocrx_word' id='word_1_46' title='bbox 671 375 853 403; x_wconf 84' lang='lat' dir='ltr'>offensionem,</span> <span class='ocrx_word' id='word_1_47' title='bbox 875 373 944 398; x_wconf 82' lang='lat' dir='ltr'>fama</span> <span class='ocrx_word' id='word_1_48' title='bbox 967 380 1069 405; x_wconf 84' lang='lat' dir='ltr'>ingenii</span> 
     </span>
     <span class='ocr_line' id='line_1_6' title="bbox 2 410 336 440; baseline -0.009 0"><span class='ocrx_word' id='word_1_49' title='bbox 2 428 3 431; x_wconf 67' lang='lat'><em>=</em></span> <span class='ocrx_word' id='word_1_50' title='bbox 35 411 100 440; x_wconf 89' lang='lat' dir='ltr'>mihi</span> <span class='ocrx_word' id='word_1_51' title='bbox 117 410 151 438; x_wconf 84' lang='lat' dir='ltr'>est</span> <span class='ocrx_word' id='word_1_52' title='bbox 172 411 336 438; x_wconf 87' lang='lat' dir='ltr'>Abiicienda.</span> 
     </span>
     <span class='ocr_line' id='line_1_7' title="bbox 35 442 1069 482; baseline -0.006 -9"><span class='ocrx_word' id='word_1_53' title='bbox 35 445 107 476; x_wconf 66' lang='lat' dir='ltr'>inum</span> <span class='ocrx_word' id='word_1_54' title='bbox 119 446 149 472; x_wconf 89' lang='lat' dir='ltr'>de</span> <span class='ocrx_word' id='word_1_55' title='bbox 161 446 319 481; x_wconf 77' lang='lat' dir='ltr'>loquacitate</span> <span class='ocrx_word' id='word_1_56' title='bbox 333 447 440 482; x_wconf 89' lang='lat' dir='ltr'>populi,</span> <span class='ocrx_word' id='word_1_57' title='bbox 461 447 532 481; x_wconf 85' lang='lat' dir='ltr'>quod</span> <span class='ocrx_word' id='word_1_58' title='bbox 546 448 700 482; x_wconf 84' lang='lat' dir='ltr'>plerumque</span> <span class='ocrx_word' id='word_1_59' title='bbox 712 445 808 471; x_wconf 77' lang='lat' dir='ltr'>famam</span> <span class='ocrx_word' id='word_1_60' title='bbox 824 442 950 482; x_wconf 76' lang='lat' dir='ltr'>Accendit</span> <span class='ocrx_word' id='word_1_61' title='bbox 962 449 1069 468; x_wconf 76' lang='lat' dir='ltr'>conten-</span> 
     </span>
     <span class='ocr_line' id='line_1_8' title="bbox 0 478 1070 518; baseline -0.007 -8"><span class='ocrx_word' id='word_1_62' title='bbox 0 501 3 513; x_wconf 67' lang='lat'>·,</span> <span class='ocrx_word' id='word_1_63' title='bbox 35 483 74 512; x_wconf 81' lang='lat' dir='ltr'>tio</span> <span class='ocrx_word' id='word_1_64' title='bbox 88 490 139 508; x_wconf 87' lang='lat' dir='ltr'>non</span> <span class='ocrx_word' id='word_1_65' title='bbox 153 481 324 508; x_wconf 77' lang='lat' dir='ltr'>credentium.</span> <span class='ocrx_word' id='word_1_66' title='bbox 397 483 501 509; x_wconf 82' lang='lat' dir='ltr'>Accidit</span> <span class='ocrx_word' id='word_1_67' title='bbox 513 483 596 513; x_wconf 84' lang='lat' dir='ltr'>suma,</span> <span class='ocrx_word' id='word_1_68' title='bbox 614 483 666 508; x_wconf 80' lang='lat' dir='ltr'>vicl.</span> <span class='ocrx_word' id='word_1_69' title='bbox 686 485 815 507; x_wconf 75' lang='lat' dir='ltr'>ACCIDO.</span> <span class='ocrx_word' id='word_1_70' title='bbox 888 480 1013 518; x_wconf 65' lang='lat' dir='ltr'>Accipere</span> <span class='ocrx_word' id='word_1_71' title='bbox 1032 478 1070 504; x_wconf 87' lang='lat' dir='ltr'>fa-</span> 
     </span>
     <span class='ocr_line' id='line_1_9' title="bbox 0 513 1069 553; baseline -0.007 -7"><span class='ocrx_word' id='word_1_72' title='bbox 0 540 3 548; x_wconf 69' lang='lat'>.</span> <span class='ocrx_word' id='word_1_73' title='bbox 34 527 76 546; x_wconf 83' lang='lat' dir='ltr'>ma</span> <span class='ocrx_word' id='word_1_74' title='bbox 88 523 112 544; x_wconf 88' lang='lat' dir='ltr'>et</span> <span class='ocrx_word' id='word_1_75' title='bbox 126 517 262 544; x_wconf 81' lang='lat' dir='ltr'>auditione</span> <span class='ocrx_word' id='word_1_76' title='bbox 283 517 382 544; x_wconf 63' lang='lat' dir='ltr'>factum</span> <span class='ocrx_word' id='word_1_77' title='bbox 397 519 444 544; x_wconf 89' lang='lat' dir='ltr'>esse</span> <span class='ocrx_word' id='word_1_78' title='bbox 459 517 562 553; x_wconf 88' lang='lat' dir='ltr'>aliquid</span> <span class='ocrx_word' id='word_1_79' title='bbox 582 518 638 544; x_wconf 87' lang='lat' dir='ltr'>Cic.</span> <span class='ocrx_word' id='word_1_80' title='bbox 654 516 685 542; x_wconf 86' lang='lat' dir='ltr'>de</span> <span class='ocrx_word' id='word_1_81' title='bbox 700 515 736 542; x_wconf 89' lang='lat' dir='ltr'>N.</span> <span class='ocrx_word' id='word_1_82' title='bbox 750 515 782 540; x_wconf 91' lang='lat' dir='ltr'>D.</span> <span class='ocrx_word' id='word_1_83' title='bbox 797 523 820 546; x_wconf 83' lang='lat'>2,</span> <span class='ocrx_word' id='word_1_84' title='bbox 832 522 871 546; x_wconf 83' lang='lat'>95.</span> <span class='ocrx_word' id='word_1_85' title='bbox 941 513 1069 539; x_wconf 67' lang='lat' dir='ltr'>Auectare</span> 
     </span>
     <span class='ocr_line' id='line_1_10' title="bbox 0 548 1068 588; baseline -0.007 -7"><span class='ocrx_word' id='word_1_86' title='bbox 0 578 3 587; x_wconf 83' lang='grc'><strong>,</strong></span> <span class='ocrx_word' id='word_1_87' title='bbox 32 554 127 581; x_wconf 80' lang='lat' dir='ltr'>faniam</span> <span class='ocrx_word' id='word_1_88' title='bbox 141 553 309 587; x_wconf 84' lang='lat' dir='ltr'>eloquentiae</span> <span class='ocrx_word' id='word_1_89' title='bbox 324 553 453 587; x_wconf 71' lang='lat' dir='ltr'>Qninffil.</span> <span class='ocrx_word' id='word_1_90' title='bbox 469 561 496 588; x_wconf 85' lang='lat'>7,</span> <span class='ocrx_word' id='word_1_91' title='bbox 509 562 528 586; x_wconf 92' lang='lat'>1,</span> <span class='ocrx_word' id='word_1_92' title='bbox 543 562 587 586; x_wconf 83' lang='lat'>40.</span> <span class='ocrx_word' id='word_1_93' title='bbox 623 566 667 571; x_wconf 90' lang='lat'>—</span> <span class='ocrx_word' id='word_1_94' title='bbox 684 549 844 576; x_wconf 76' lang='lat' dir='ltr'>eruditionis</span> <span class='ocrx_word' id='word_1_95' title='bbox 864 548 937 575; x_wconf 85' lang='lat' dir='ltr'>Idem</span> <span class='ocrx_word' id='word_1_96' title='bbox 955 554 978 580; x_wconf 77' lang='lat'>8,</span> <span class='ocrx_word' id='word_1_97' title='bbox 993 557 1018 581; x_wconf 79' lang='lat'>2,</span> <span class='ocrx_word' id='word_1_98' title='bbox 1033 557 1068 575; x_wconf 83' lang='lat'>12.</span> 
     </span>
     <span class='ocr_line' id='line_1_11' title="bbox 0 587 1066 624; baseline 0.006 -10"><span class='ocrx_word' id='word_1_99' title='bbox 0 604 2 617; x_wconf 63' lang='lat'>2</span> <span class='ocrx_word' id='word_1_100' title='bbox 33 587 132 616; x_wconf 80' lang='lat' dir='ltr'>Afferre</span> <span class='ocrx_word' id='word_1_101' title='bbox 147 588 258 621; x_wconf 90' lang='lat' dir='ltr'>famam,</span> <span class='ocrx_word' id='word_1_102' title='bbox 277 589 329 615; x_wconf 80' lang='lat' dir='ltr'>vid.</span> <span class='ocrx_word' id='word_1_103' title='bbox 353 596 486 617; x_wconf 78' lang='lat' dir='ltr'>AFFERO.</span> <span class='ocrx_word' id='word_1_104' title='bbox 1061 620 1066 624; x_wconf 83' lang='grc'><strong>,</strong></span> 
     </span>
     <span class='ocr_line' id='line_1_12' title="bbox 32 620 1068 658; baseline -0.004 -8"><span class='ocrx_word' id='word_1_105' title='bbox 32 623 88 650; x_wconf 79' lang='lat' dir='ltr'>cic.</span> <span class='ocrx_word' id='word_1_106' title='bbox 104 632 152 658; x_wconf 86' lang='lat' dir='ltr'>pro</span> <span class='ocrx_word' id='word_1_107' title='bbox 165 623 258 657; x_wconf 70' lang='lat' dir='ltr'>Quint.</span> <span class='ocrx_word' id='word_1_108' title='bbox 273 632 312 657; x_wconf 72' lang='lat'>50.</span> <span class='ocrx_word' id='word_1_109' title='bbox 385 626 504 651; x_wconf 88' lang='lat' dir='ltr'>Atterere</span> <span class='ocrx_word' id='word_1_110' title='bbox 521 624 630 653; x_wconf 87' lang='lat' dir='ltr'>famam,</span> <span class='ocrx_word' id='word_1_111' title='bbox 649 620 702 646; x_wconf 77' lang='lat' dir='ltr'>vid.</span> <span class='ocrx_word' id='word_1_112' title='bbox 722 627 864 647; x_wconf 68' lang='lat' dir='ltr'>ATTERO.</span> <span class='ocrx_word' id='word_1_113' title='bbox 937 621 1068 653; x_wconf 88' lang='lat' dir='ltr'>Aucupari</span> 
     </span>
     <span class='ocr_line' id='line_1_13' title="bbox 22 655 1068 694; baseline -0.006 -8"><span class='ocrx_word' id='word_1_114' title='bbox 22 659 127 686; x_wconf 66' lang='lat' dir='ltr'>&#39;famam</span> <span class='ocrx_word' id='word_1_115' title='bbox 142 658 205 686; x_wconf 74' lang='lat' dir='ltr'>Plin.</span> <span class='ocrx_word' id='word_1_116' title='bbox 218 659 302 693; x_wconf 80' lang='lat' dir='ltr'>praef.</span> <span class='ocrx_word' id='word_1_117' title='bbox 315 663 340 686; x_wconf 74' lang='lat'>1&#39;71</span> <span class='ocrx_word' id='word_1_118' title='bbox 354 659 417 694; x_wconf 67' lang='lat' dir='ltr'>fine.</span> <span class='ocrx_word' id='word_1_119' title='bbox 489 658 601 685; x_wconf 84' lang='lat' dir='ltr'>Auferre</span> <span class='ocrx_word' id='word_1_120' title='bbox 615 657 712 682; x_wconf 88' lang='lat' dir='ltr'>famam</span> <span class='ocrx_word' id='word_1_121' title='bbox 732 656 822 688; x_wconf 68' lang='lat' dir='ltr'>doc‘ti,</span> <span class='ocrx_word' id='word_1_122' title='bbox 842 658 860 681; x_wconf 87' lang='lat' dir='ltr'>i.</span> <span class='ocrx_word' id='word_1_123' title='bbox 881 655 1005 694; x_wconf 59' lang='lat' dir='ltr'>Celebram‘</span> <span class='ocrx_word' id='word_1_124' title='bbox 1018 662 1068 690; x_wconf 80' lang='lat' dir='ltr'>pro</span> 
     </span>
     <span class='ocr_line' id='line_1_14' title="bbox 33 691 1068 730; baseline -0.006 -9"><span class='ocrx_word' id='word_1_125' title='bbox 33 692 103 721; x_wconf 66' lang='lat' dir='ltr'>dotto</span> <span class='ocrx_word' id='word_1_126' title='bbox 116 695 183 721; x_wconf 87' lang='lat' dir='ltr'>Hor.</span> <span class='ocrx_word' id='word_1_127' title='bbox 199 695 276 729; x_wconf 84' lang='lat' dir='ltr'>Epist.</span> <span class='ocrx_word' id='word_1_128' title='bbox 290 704 312 727; x_wconf 88' lang='lat'>2,</span> <span class='ocrx_word' id='word_1_129' title='bbox 325 704 344 727; x_wconf 90' lang='lat'>1,</span> <span class='ocrx_word' id='word_1_130' title='bbox 359 697 399 727; x_wconf 79' lang='lat'>56.</span> <span class='ocrx_word' id='word_1_131' title='bbox 460 693 610 720; x_wconf 56' lang='lat' dir='ltr'>‘Bacchatur</span> <span class='ocrx_word' id='word_1_132' title='bbox 623 692 692 718; x_wconf 86' lang='lat' dir='ltr'>fania</span> <span class='ocrx_word' id='word_1_133' title='bbox 707 701 754 726; x_wconf 89' lang='lat' dir='ltr'>per</span> <span class='ocrx_word' id='word_1_134' title='bbox 766 691 858 717; x_wconf 87' lang='lat' dir='ltr'>vrbem</span> <span class='ocrx_word' id='word_1_135' title='bbox 872 691 946 724; x_wconf 85' lang='lat' dir='ltr'>Virg.</span> <span class='ocrx_word' id='word_1_136' title='bbox 961 691 1024 730; x_wconf 83' lang='lat' dir='ltr'>Aen.</span> <span class='ocrx_word' id='word_1_137' title='bbox 1040 699 1068 723; x_wconf 87' lang='lat'>4,</span> 
     </span>
     <span class='ocr_line' id='line_1_15' title="bbox 33 726 1068 762; baseline -0.006 -5"><span class='ocrx_word' id='word_1_138' title='bbox 33 731 94 756; x_wconf 90' lang='lat'>666.</span> <span class='ocrx_word' id='word_1_139' title='bbox 164 730 243 756; x_wconf 86' lang='lat' dir='ltr'>Canit</span> <span class='ocrx_word' id='word_1_140' title='bbox 258 731 327 757; x_wconf 89' lang='lat' dir='ltr'>fama</span> <span class='ocrx_word' id='word_1_141' title='bbox 341 730 456 757; x_wconf 82' lang='lat' dir='ltr'>Martial.</span> <span class='ocrx_word' id='word_1_142' title='bbox 469 728 552 762; x_wconf 60' lang='lat' dir='ltr'>Spe&amp;</span> <span class='ocrx_word' id='word_1_143' title='bbox 567 734 588 760; x_wconf 77' lang='grc' dir='ltr'>ς.</span> <span class='ocrx_word' id='word_1_144' title='bbox 659 728 770 762; x_wconf 88' lang='lat' dir='ltr'>Captare</span> <span class='ocrx_word' id='word_1_145' title='bbox 783 727 878 753; x_wconf 87' lang='lat' dir='ltr'>famam</span> <span class='ocrx_word' id='word_1_146' title='bbox 892 726 986 751; x_wconf 78' lang='lat' dir='ltr'>dicacis</span> <span class='ocrx_word' id='word_1_147' title='bbox 1000 727 1068 752; x_wconf 87' lang='lat' dir='ltr'>Hor.</span> 
     </span>
     <span class='ocr_line' id='line_1_16' title="bbox 34 763 708 798; baseline -0.007 -5"><span class='ocrx_word' id='word_1_148' title='bbox 34 766 115 793; x_wconf 79' lang='lat' dir='ltr'>Serm.</span> <span class='ocrx_word' id='word_1_149' title='bbox 135 773 153 796; x_wconf 80' lang='grc' dir='ltr'>Ι,</span> <span class='ocrx_word' id='word_1_150' title='bbox 166 774 193 798; x_wconf 90' lang='lat'>4,</span> <span class='ocrx_word' id='word_1_151' title='bbox 209 771 246 798; x_wconf 87' lang='lat'>83.</span> <span class='ocrx_word' id='word_1_152' title='bbox 318 765 530 795; x_wconf 36' lang='lat' dir='ltr'>Cederesfainam</span> <span class='ocrx_word' id='word_1_153' title='bbox 545 763 598 789; x_wconf 80' lang='lat' dir='ltr'>uid.</span> <span class='ocrx_word' id='word_1_154' title='bbox 619 769 708 789; x_wconf 74' lang='lat' dir='ltr'>CEDO.</span> 
     </span>
     <span class='ocr_line' id='line_1_17' title="bbox 25 796 1069 833; baseline -0.005 -6"><span class='ocrx_word' id='word_1_155' title='bbox 25 799 124 827; x_wconf 78' lang='lat' dir='ltr'>-orbeni</span> <span class='ocrx_word' id='word_1_156' title='bbox 145 801 226 827; x_wconf 86' lang='lat' dir='ltr'>Ouid.</span> <span class='ocrx_word' id='word_1_157' title='bbox 241 801 273 827; x_wconf 88' lang='lat' dir='ltr'>de</span> <span class='ocrx_word' id='word_1_158' title='bbox 287 802 350 828; x_wconf 88' lang='lat' dir='ltr'>Arte</span> <span class='ocrx_word' id='word_1_159' title='bbox 364 802 421 828; x_wconf 86' lang='lat' dir='ltr'>Ain.</span> <span class='ocrx_word' id='word_1_160' title='bbox 442 807 466 829; x_wconf 87' lang='lat'>2,</span> <span class='ocrx_word' id='word_1_161' title='bbox 482 807 544 833; x_wconf 88' lang='lat'>429.</span> <span class='ocrx_word' id='word_1_162' title='bbox 606 799 661 825; x_wconf 90' lang='lat' dir='ltr'>Cic.</span> <span class='ocrx_word' id='word_1_163' title='bbox 676 798 793 832; x_wconf 77' lang='lat' dir='ltr'>QFrat.</span> <span class='ocrx_word' id='word_1_164' title='bbox 810 807 828 829; x_wconf 90' lang='lat'>1,</span> <span class='ocrx_word' id='word_1_165' title='bbox 843 806 861 829; x_wconf 86' lang='lat'>1,</span> <span class='ocrx_word' id='word_1_166' title='bbox 878 802 891 827; x_wconf 81' lang='lat'>8</span> <span class='ocrx_word' id='word_1_167' title='bbox 931 796 1069 823; x_wconf 81' lang='lat' dir='ltr'>Constanti</span> 
     </span>
     <span class='ocr_line' id='line_1_18' title="bbox 31 832 1069 870; baseline -0.003 -8"><span class='ocrx_word' id='word_1_168' title='bbox 31 835 100 862; x_wconf 80' lang='lat' dir='ltr'>fama</span> <span class='ocrx_word' id='word_1_169' title='bbox 119 841 198 870; x_wconf 86' lang='lat' dir='ltr'>atque</span> <span class='ocrx_word' id='word_1_170' title='bbox 218 837 338 863; x_wconf 85' lang='lat' dir='ltr'>onmium</span> <span class='ocrx_word' id='word_1_171' title='bbox 357 837 475 862; x_wconf 84' lang='lat' dir='ltr'>sermone</span> <span class='ocrx_word' id='word_1_172' title='bbox 492 833 653 860; x_wconf 85' lang='lat' dir='ltr'>celebratum</span> <span class='ocrx_word' id='word_1_173' title='bbox 666 834 702 860; x_wconf 82' lang='lat' dir='ltr'>est</span> <span class='ocrx_word' id='word_1_174' title='bbox 715 834 752 860; x_wconf 86' lang='lat' dir='ltr'>ita</span> <span class='ocrx_word' id='word_1_175' title='bbox 768 834 824 860; x_wconf 87' lang='lat' dir='ltr'>esse.</span> <span class='ocrx_word' id='word_1_176' title='bbox 895 832 1069 859; x_wconf 83' lang='lat' dir='ltr'>celebrantur</span> 
     </span>
     <span class='ocr_line' id='line_1_19' title="bbox 30 867 1068 907; baseline -0.005 -9"><span class='ocrx_word' id='word_1_177' title='bbox 30 869 93 898; x_wconf 83' lang='lat' dir='ltr'>haec</span> <span class='ocrx_word' id='word_1_178' title='bbox 111 871 182 898; x_wconf 84' lang='lat' dir='ltr'>fama</span> <span class='ocrx_word' id='word_1_179' title='bbox 198 873 254 899; x_wconf 88' lang='lat' dir='ltr'>Cic.</span> <span class='ocrx_word' id='word_1_180' title='bbox 267 881 316 907; x_wconf 89' lang='lat' dir='ltr'>pro</span> <span class='ocrx_word' id='word_1_181' title='bbox 330 873 396 898; x_wconf 81' lang='lat' dir='ltr'>Sext.</span> <span class='ocrx_word' id='word_1_182' title='bbox 409 878 464 896; x_wconf 80' lang='lat'>102.</span> <span class='ocrx_word' id='word_1_183' title='bbox 535 869 605 896; x_wconf 91' lang='lat' dir='ltr'>Dial.</span> <span class='ocrx_word' id='word_1_184' title='bbox 624 869 655 895; x_wconf 87' lang='lat' dir='ltr'>de</span> <span class='ocrx_word' id='word_1_185' title='bbox 668 870 743 896; x_wconf 88' lang='lat' dir='ltr'>Orat.</span> <span class='ocrx_word' id='word_1_186' title='bbox 757 876 788 903; x_wconf 89' lang='grc'>37</span> <span class='ocrx_word' id='word_1_187' title='bbox 815 867 931 895; x_wconf 77' lang='lat' dir='ltr'>Catilina</span> <span class='ocrx_word' id='word_1_188' title='bbox 950 873 975 893; x_wconf 88' lang='lat' dir='ltr'>et</span> <span class='ocrx_word' id='word_1_189' title='bbox 990 869 1068 899; x_wconf 90' lang='lat' dir='ltr'>Milo,</span> 
     </span>
     <span class='ocr_line' id='line_1_20' title="bbox 30 904 1065 938; baseline -0.004 -5"><span class='ocrx_word' id='word_1_190' title='bbox 30 911 57 933; x_wconf 82' lang='lat' dir='ltr'>et</span> <span class='ocrx_word' id='word_1_191' title='bbox 69 907 178 938; x_wconf 83' lang='lat' dir='ltr'>Verres,</span> <span class='ocrx_word' id='word_1_192' title='bbox 190 915 216 934; x_wconf 92' lang='lat' dir='ltr'>et</span> <span class='ocrx_word' id='word_1_193' title='bbox 229 907 374 937; x_wconf 87' lang='lat' dir='ltr'>Antonius,</span> <span class='ocrx_word' id='word_1_194' title='bbox 393 904 458 931; x_wconf 90' lang='lat' dir='ltr'>hanc</span> <span class='ocrx_word' id='word_1_195' title='bbox 469 904 511 931; x_wconf 86' lang='lat' dir='ltr'>illi</span> <span class='ocrx_word' id='word_1_196' title='bbox 523 905 620 931; x_wconf 85' lang='lat' dir='ltr'>famam</span> <span class='ocrx_word' id='word_1_197' title='bbox 635 904 870 931; x_wconf 87' lang='lat' dir='ltr'>circumdederunt.</span> <span class='ocrx_word' id='word_1_198' title='bbox 941 904 998 930; x_wconf 89' lang='lat' dir='ltr'>Cic.</span> <span class='ocrx_word' id='word_1_199' title='bbox 1013 904 1065 930; x_wconf 78' lang='lat' dir='ltr'>off.</span> 
     </span>
     <span class='ocr_line' id='line_1_21' title="bbox 28 975 1065 1005; baseline -0.002 -2"><span class='ocrx_word' id='word_1_200' title='bbox 28 977 177 1004; x_wconf 78' lang='lat' dir='ltr'>caelestium</span> <span class='ocrx_word' id='word_1_201' title='bbox 191 978 316 1005; x_wconf 89' lang='lat' dir='ltr'>Collocat.</span> <span class='ocrx_word' id='word_1_202' title='bbox 387 975 562 1003; x_wconf 89' lang='lat' dir='ltr'>Coinmittere</span> <span class='ocrx_word' id='word_1_203' title='bbox 575 976 671 1002; x_wconf 88' lang='lat' dir='ltr'>famam</span> <span class='ocrx_word' id='word_1_204' title='bbox 685 976 756 1002; x_wconf 90' lang='lat' dir='ltr'>suam</span> <span class='ocrx_word' id='word_1_205' title='bbox 769 975 849 1001; x_wconf 83' lang='lat' dir='ltr'>alicui</span> <span class='ocrx_word' id='word_1_206' title='bbox 863 975 931 1001; x_wconf 87' lang='lat' dir='ltr'>Hor.</span> <span class='ocrx_word' id='word_1_207' title='bbox 946 975 1026 1001; x_wconf 88' lang='lat' dir='ltr'>Serm.</span> <span class='ocrx_word' id='word_1_208' title='bbox 1041 983 1065 1001; x_wconf 86' lang='lat' dir='ltr'>z.</span> 
     </span>
     <span class='ocr_line' id='line_1_22' title="bbox 29 1009 1065 1048; baseline -0.006 -5"><span class='ocrx_word' id='word_1_209' title='bbox 29 1015 112 1048; x_wconf 77' lang='lat'>7²⁶7·</span> <span class='ocrx_word' id='word_1_210' title='bbox 182 1013 364 1048; x_wconf 89' lang='lat' dir='ltr'>Comprimere</span> <span class='ocrx_word' id='word_1_211' title='bbox 382 1012 495 1044; x_wconf 88' lang='lat' dir='ltr'>famam,</span> <span class='ocrx_word' id='word_1_212' title='bbox 522 1011 575 1038; x_wconf 79' lang='lat' dir='ltr'>vid.</span> <span class='ocrx_word' id='word_1_213' title='bbox 602 1017 788 1038; x_wconf 80' lang='lat' dir='ltr'>COMPRIMO.</span> <span class='ocrx_word' id='word_1_214' title='bbox 861 1010 917 1036; x_wconf 91' lang='lat' dir='ltr'>Cic.</span> <span class='ocrx_word' id='word_1_215' title='bbox 939 1009 971 1035; x_wconf 87' lang='lat' dir='ltr'>de</span> <span class='ocrx_word' id='word_1_216' title='bbox 995 1011 1065 1037; x_wconf 87' lang='lat' dir='ltr'>Clar.</span> 
     </span>
     <span class='ocr_line' id='line_1_23' title="bbox 29 1045 1065 1081; baseline -0.003 -7"><span class='ocrx_word' id='word_1_217' title='bbox 29 1048 102 1074; x_wconf 85' lang='lat' dir='ltr'>Orat.</span> <span class='ocrx_word' id='word_1_218' title='bbox 119 1056 164 1081; x_wconf 76' lang='lat'>259</span> <span class='ocrx_word' id='word_1_219' title='bbox 198 1049 292 1076; x_wconf 89' lang='lat' dir='ltr'>Catulo</span> <span class='ocrx_word' id='word_1_220' title='bbox 310 1047 423 1074; x_wconf 86' lang='lat' dir='ltr'>suauitas</span> <span class='ocrx_word' id='word_1_221' title='bbox 440 1047 532 1080; x_wconf 84' lang='lat' dir='ltr'>vocis,</span> <span class='ocrx_word' id='word_1_222' title='bbox 549 1046 616 1073; x_wconf 89' lang='lat' dir='ltr'>bene</span> <span class='ocrx_word' id='word_1_223' title='bbox 634 1045 761 1081; x_wconf 88' lang='lat' dir='ltr'>loquendi</span> <span class='ocrx_word' id='word_1_224' title='bbox 781 1046 878 1072; x_wconf 88' lang='lat' dir='ltr'>faniam</span> <span class='ocrx_word' id='word_1_225' title='bbox 899 1046 1065 1072; x_wconf 68' lang='lat' dir='ltr'>Confccerat.</span> 
     </span>
     <span class='ocr_line' id='line_1_24' title="bbox 28 1081 1064 1116; baseline -0.001 -8"><span class='ocrx_word' id='word_1_226' title='bbox 28 1083 82 1109; x_wconf 81' lang='lat' dir='ltr'>vid.</span> <span class='ocrx_word' id='word_1_227' title='bbox 104 1089 264 1110; x_wconf 73' lang='lat' dir='ltr'>CONFICIO.</span> <span class='ocrx_word' id='word_1_228' title='bbox 334 1083 507 1109; x_wconf 83' lang='lat' dir='ltr'>Consentiens</span> <span class='ocrx_word' id='word_1_229' title='bbox 525 1083 594 1108; x_wconf 86' lang='lat' dir='ltr'>fama</span> <span class='ocrx_word' id='word_1_230' title='bbox 607 1083 639 1108; x_wconf 87' lang='lat' dir='ltr'>de</span> <span class='ocrx_word' id='word_1_231' title='bbox 656 1083 761 1116; x_wconf 85' lang='lat' dir='ltr'>aliquo,</span> <span class='ocrx_word' id='word_1_232' title='bbox 785 1081 837 1108; x_wconf 79' lang='lat' dir='ltr'>vid.</span> <span class='ocrx_word' id='word_1_233' title='bbox 859 1087 1064 1108; x_wconf 69' lang='lat' dir='ltr'>cousmwrio.</span> 
     </span>
     <span class='ocr_line' id='line_1_25' title="bbox 28 1118 763 1152; baseline -0.003 -7"><span class='ocrx_word' id='word_1_234' title='bbox 28 1118 161 1152; x_wconf 86' lang='lat' dir='ltr'>Consequi</span> <span class='ocrx_word' id='word_1_235' title='bbox 173 1119 268 1145; x_wconf 89' lang='lat' dir='ltr'>famam</span> <span class='ocrx_word' id='word_1_236' title='bbox 282 1118 471 1152; x_wconf 87' lang='lat' dir='ltr'>malignitatis,</span> <span class='ocrx_word' id='word_1_237' title='bbox 490 1118 543 1144; x_wconf 83' lang='lat' dir='ltr'>uid.</span> <span class='ocrx_word' id='word_1_238' title='bbox 565 1123 763 1151; x_wconf 78' lang='lat' dir='ltr'>CONSEQVOR.</span> 
     </span>
     <span class='ocr_line' id='line_1_26' title="bbox 29 1152 1065 1188; baseline -0.004 -7"><span class='ocrx_word' id='word_1_239' title='bbox 29 1159 59 1188; x_wconf 78' lang='lat'>7¹</span> <span class='ocrx_word' id='word_1_240' title='bbox 81 1154 145 1186; x_wconf 86' lang='lat' dir='ltr'>Qii,</span> <span class='ocrx_word' id='word_1_241' title='bbox 157 1159 186 1180; x_wconf 93' lang='lat' dir='ltr'>vt</span> <span class='ocrx_word' id='word_1_242' title='bbox 197 1159 256 1180; x_wconf 89' lang='lat' dir='ltr'>ante</span> <span class='ocrx_word' id='word_1_243' title='bbox 263 1153 398 1180; x_wconf 64' lang='lat' dir='ltr'>collectam</span> <span class='ocrx_word' id='word_1_244' title='bbox 413 1153 509 1180; x_wconf 85' lang='lat' dir='ltr'>famam</span> <span class='ocrx_word' id='word_1_245' title='bbox 523 1154 670 1185; x_wconf 87' lang='lat' dir='ltr'>conseruet,</span> <span class='ocrx_word' id='word_1_246' title='bbox 683 1152 795 1179; x_wconf 87' lang='lat' dir='ltr'>laborat.</span> <span class='ocrx_word' id='word_1_247' title='bbox 849 1152 974 1179; x_wconf 82' lang='lat' dir='ltr'>Constans</span> <span class='ocrx_word' id='word_1_248' title='bbox 988 1155 1065 1184; x_wconf 78' lang='lat' dir='ltr'>sama,</span> 
     </span>
     <span class='ocr_line' id='line_1_27' title="bbox 30 1187 1065 1223; baseline -0.001 -9"><span class='ocrx_word' id='word_1_249' title='bbox 30 1188 172 1215; x_wconf 89' lang='lat' dir='ltr'>Consulere</span> <span class='ocrx_word' id='word_1_250' title='bbox 192 1189 292 1221; x_wconf 86' lang='lat' dir='ltr'>famae,</span> <span class='ocrx_word' id='word_1_251' title='bbox 311 1189 364 1216; x_wconf 79' lang='lat' dir='ltr'>vid.</span> <span class='ocrx_word' id='word_1_252' title='bbox 378 1189 420 1215; x_wconf 81' lang='lat' dir='ltr'>hh.</span> <span class='ocrx_word' id='word_1_253' title='bbox 435 1198 479 1215; x_wconf 83' lang='lat' dir='ltr'>vv.</span> <span class='ocrx_word' id='word_1_254' title='bbox 550 1188 694 1215; x_wconf 89' lang='lat' dir='ltr'>Consulere</span> <span class='ocrx_word' id='word_1_255' title='bbox 720 1188 771 1214; x_wconf 90' lang='lat' dir='ltr'>late</span> <span class='ocrx_word' id='word_1_256' title='bbox 802 1187 887 1213; x_wconf 86' lang='lat' dir='ltr'>famae</span> <span class='ocrx_word' id='word_1_257' title='bbox 910 1189 1065 1223; x_wconf 79' lang='lat' dir='ltr'>cuiuspiam,</span> 
     </span>
     <span class='ocr_line' id='line_1_28' title="bbox 28 1223 1066 1260; baseline -0.001 -9"><span class='ocrx_word' id='word_1_258' title='bbox 28 1223 135 1260; x_wconf 71' lang='lat' dir='ltr'>vid.fi‹b</span> <span class='ocrx_word' id='word_1_259' title='bbox 151 1231 274 1251; x_wconf 80' lang='lat' dir='ltr'>LATVS.</span> <span class='ocrx_word' id='word_1_260' title='bbox 347 1225 422 1251; x_wconf 88' lang='lat' dir='ltr'>Curt.</span> <span class='ocrx_word' id='word_1_261' title='bbox 435 1233 462 1257; x_wconf 89' lang='lat'>9,</span> <span class='ocrx_word' id='word_1_262' title='bbox 476 1226 491 1251; x_wconf 87' lang='lat'><strong>6</strong></span> <span class='ocrx_word' id='word_1_263' title='bbox 505 1231 549 1260; x_wconf 80' lang='lat' dir='ltr'>pr.</span> <span class='ocrx_word' id='word_1_264' title='bbox 577 1225 668 1257; x_wconf 87' lang='lat' dir='ltr'>Quini</span> <span class='ocrx_word' id='word_1_265' title='bbox 686 1223 794 1250; x_wconf 85' lang='lat' dir='ltr'>audisset</span> <span class='ocrx_word' id='word_1_266' title='bbox 812 1224 978 1250; x_wconf 64' lang='lat' dir='ltr'>Conualuiss‘e</span> <span class='ocrx_word' id='word_1_267' title='bbox 998 1225 1066 1258; x_wconf 83' lang='lat' dir='ltr'>apud</span> 
     </span>
     <span class='ocr_line' id='line_1_29' title="bbox 0 1258 1067 1293; baseline 0.001 -8"><span class='ocrx_word' id='word_1_268' title='bbox 0 1268 5 1279; x_wconf 88' lang='lat'><em>=</em></span> <span class='ocrx_word' id='word_1_269' title='bbox 30 1258 152 1288; x_wconf 79' lang='lat' dir='ltr'>barbaros</span> <span class='ocrx_word' id='word_1_270' title='bbox 164 1260 261 1286; x_wconf 84' lang='lat' dir='ltr'>faniam</span> <span class='ocrx_word' id='word_1_271' title='bbox 275 1260 370 1287; x_wconf 87' lang='lat' dir='ltr'>mortis</span> <span class='ocrx_word' id='word_1_272' title='bbox 383 1261 452 1286; x_wconf 89' lang='lat' dir='ltr'>suae.</span> <span class='ocrx_word' id='word_1_273' title='bbox 524 1260 614 1286; x_wconf 90' lang='lat' dir='ltr'>Tacit.</span> <span class='ocrx_word' id='word_1_274' title='bbox 628 1259 696 1286; x_wconf 83' lang='lat' dir='ltr'>Hist.</span> <span class='ocrx_word' id='word_1_275' title='bbox 710 1268 738 1293; x_wconf 85' lang='lat'>4,</span> <span class='ocrx_word' id='word_1_276' title='bbox 751 1267 780 1286; x_wconf 83' lang='lat' dir='ltr'>iz</span> <span class='ocrx_word' id='word_1_277' title='bbox 798 1259 894 1285; x_wconf 87' lang='lat' dir='ltr'>Iisdem</span> <span class='ocrx_word' id='word_1_278' title='bbox 906 1259 996 1286; x_wconf 79' lang='lat' dir='ltr'>diebus</span> <span class='ocrx_word' id='word_1_279' title='bbox 1005 1261 1067 1286; x_wconf 83' lang='lat' dir='ltr'>Cre-</span> 
     </span>
    </p>
   </div>
   <div class='ocr_carea' id='block_1_3' title="bbox 0 1329 1068 1824">
    <p class='ocr_par' dir='ltr' id='par_1_3' title="bbox 5 1329 1068 1648">
     <span class='ocr_line' id='line_1_30' title="bbox 33 1329 1066 1366; baseline -0.001 -9"><span class='ocrx_word' id='word_1_280' title='bbox 33 1329 125 1366; x_wconf 86' lang='lat' dir='ltr'>piebat.</span> <span class='ocrx_word' id='word_1_281' title='bbox 192 1331 269 1358; x_wconf 86' lang='lat' dir='ltr'>Delet</span> <span class='ocrx_word' id='word_1_282' title='bbox 288 1332 383 1358; x_wconf 83' lang='lat' dir='ltr'>faniam</span> <span class='ocrx_word' id='word_1_283' title='bbox 400 1330 488 1365; x_wconf 89' lang='lat' dir='ltr'>operis</span> <span class='ocrx_word' id='word_1_284' title='bbox 508 1330 619 1357; x_wconf 87' lang='lat' dir='ltr'>vetustas</span> <span class='ocrx_word' id='word_1_285' title='bbox 637 1331 718 1357; x_wconf 86' lang='lat' dir='ltr'>Ouid.</span> <span class='ocrx_word' id='word_1_286' title='bbox 731 1330 795 1356; x_wconf 87' lang='lat' dir='ltr'>Met.</span> <span class='ocrx_word' id='word_1_287' title='bbox 818 1339 839 1363; x_wconf 91' lang='lat' dir='ltr'>i,</span> <span class='ocrx_word' id='word_1_288' title='bbox 856 1338 917 1364; x_wconf 77' lang='lat'>445.</span> <span class='ocrx_word' id='word_1_289' title='bbox 987 1331 1066 1357; x_wconf 88' lang='lat' dir='ltr'>Deni-</span> 
     </span>
     <span class='ocr_line' id='line_1_31' title="bbox 35 1365 1065 1400; baseline 0 -8"><span class='ocrx_word' id='word_1_290' title='bbox 35 1372 106 1400; x_wconf 70' lang='lat' dir='ltr'>grat-e</span> <span class='ocrx_word' id='word_1_291' title='bbox 122 1365 233 1399; x_wconf 83' lang='lat' dir='ltr'>famam,</span> <span class='ocrx_word' id='word_1_292' title='bbox 251 1366 304 1394; x_wconf 80' lang='lat' dir='ltr'>vid.</span> <span class='ocrx_word' id='word_1_293' title='bbox 325 1371 518 1393; x_wconf 78' lang='lat' dir='ltr'>DENtGRO.</span> <span class='ocrx_word' id='word_1_294' title='bbox 591 1365 742 1400; x_wconf 87' lang='lat' dir='ltr'>Depcrdere</span> <span class='ocrx_word' id='word_1_295' title='bbox 762 1366 859 1392; x_wconf 87' lang='lat' dir='ltr'>bonam</span> <span class='ocrx_word' id='word_1_296' title='bbox 878 1366 975 1392; x_wconf 84' lang='lat' dir='ltr'>famam</span> <span class='ocrx_word' id='word_1_297' title='bbox 999 1367 1065 1392; x_wconf 81' lang='lat' dir='ltr'>Hor.</span> 
     </span>
     <span class='ocr_line' id='line_1_32' title="bbox 36 1401 1067 1437; baseline -0.001 -9"><span class='ocrx_word' id='word_1_298' title='bbox 36 1402 114 1428; x_wconf 82' lang='lat' dir='ltr'>Serui.</span> <span class='ocrx_word' id='word_1_299' title='bbox 128 1410 148 1434; x_wconf 88' lang='lat'>1,</span> <span class='ocrx_word' id='word_1_300' title='bbox 160 1410 181 1433; x_wconf 81' lang='lat'>2,</span> <span class='ocrx_word' id='word_1_301' title='bbox 194 1404 232 1428; x_wconf 88' lang='lat'>61.</span> <span class='ocrx_word' id='word_1_302' title='bbox 304 1403 443 1437; x_wconf 90' lang='lat' dir='ltr'>Deponere</span> <span class='ocrx_word' id='word_1_303' title='bbox 466 1401 563 1428; x_wconf 80' lang='lat' dir='ltr'>famam</span> <span class='ocrx_word' id='word_1_304' title='bbox 587 1401 724 1428; x_wconf 60' lang='lat' dir='ltr'>collectam</span> <span class='ocrx_word' id='word_1_305' title='bbox 751 1401 798 1428; x_wconf 92' lang='lat' dir='ltr'>diu</span> <span class='ocrx_word' id='word_1_306' title='bbox 824 1401 917 1428; x_wconf 85' lang='lat' dir='ltr'>Claud.</span> <span class='ocrx_word' id='word_1_307' title='bbox 937 1401 969 1427; x_wconf 91' lang='lat' dir='ltr'>de</span> <span class='ocrx_word' id='word_1_308' title='bbox 988 1402 1067 1428; x_wconf 91' lang='lat' dir='ltr'>Cons.</span> 
     </span>
     <span class='ocr_line' id='line_1_33' title="bbox 35 1435 1067 1472; baseline -0.001 -8"><span class='ocrx_word' id='word_1_309' title='bbox 35 1435 104 1464; x_wconf 83' lang='lat' dir='ltr'>Man.</span> <span class='ocrx_word' id='word_1_310' title='bbox 116 1435 221 1464; x_wconf 84' lang='lat' dir='ltr'>Theod.</span> <span class='ocrx_word' id='word_1_311' title='bbox 235 1444 286 1469; x_wconf 65' lang='lat'>184.</span> <span class='ocrx_word' id='word_1_312' title='bbox 357 1437 513 1472; x_wconf 88' lang='lat' dir='ltr'>Depcculari</span> <span class='ocrx_word' id='word_1_313' title='bbox 533 1437 629 1463; x_wconf 88' lang='lat' dir='ltr'>famam</span> <span class='ocrx_word' id='word_1_314' title='bbox 649 1437 726 1463; x_wconf 67' lang='lat' dir='ltr'>Auci.</span> <span class='ocrx_word' id='word_1_315' title='bbox 741 1437 772 1463; x_wconf 89' lang='lat' dir='ltr'>ad</span> <span class='ocrx_word' id='word_1_316' title='bbox 786 1438 885 1463; x_wconf 88' lang='lat' dir='ltr'>Heren.</span> <span class='ocrx_word' id='word_1_317' title='bbox 903 1446 931 1470; x_wconf 83' lang='lat'>4,</span> <span class='ocrx_word' id='word_1_318' title='bbox 945 1445 970 1470; x_wconf 76' lang='lat'>51</span> <span class='ocrx_word' id='word_1_319' title='bbox 990 1446 1012 1463; x_wconf 87' lang='lat' dir='ltr'>c.</span> <span class='ocrx_word' id='word_1_320' title='bbox 1027 1446 1067 1470; x_wconf 84' lang='grc'>39.</span> 
     </span>
     <span class='ocr_line' id='line_1_34' title="bbox 32 1471 887 1507; baseline 0 -9"><span class='ocrx_word' id='word_1_321' title='bbox 32 1471 120 1498; x_wconf 84' lang='lat' dir='ltr'>Tacit.</span> <span class='ocrx_word' id='word_1_322' title='bbox 133 1473 200 1499; x_wconf 84' lang='lat' dir='ltr'>Ann-</span> <span class='ocrx_word' id='word_1_323' title='bbox 219 1475 244 1506; x_wconf 62' lang='grc' dir='ltr'>α’,</span> <span class='ocrx_word' id='word_1_324' title='bbox 265 1475 294 1500; x_wconf 85' lang='grc' dir='ltr'>ι6</span> <span class='ocrx_word' id='word_1_325' title='bbox 331 1473 450 1507; x_wconf 85' lang='lat' dir='ltr'>Bellique</span> <span class='ocrx_word' id='word_1_326' title='bbox 469 1472 585 1498; x_wconf 70' lang='lat' dir='ltr'>confec‘ii</span> <span class='ocrx_word' id='word_1_327' title='bbox 602 1473 700 1499; x_wconf 88' lang='lat' dir='ltr'>famam</span> <span class='ocrx_word' id='word_1_328' title='bbox 721 1473 887 1506; x_wconf 88' lang='lat' dir='ltr'>Deportarat.</span> 
     </span>
     <span class='ocr_line' id='line_1_35' title="bbox 5 1507 1067 1541; baseline 0.001 -8"><span class='ocrx_word' id='word_1_329' title='bbox 5 1520 7 1530; x_wconf 46' lang='grc' dir='ltr'><strong><em>Ρ</em></strong></span> <span class='ocrx_word' id='word_1_330' title='bbox 30 1514 161 1541; x_wconf 88' lang='lat' dir='ltr'>nunquam</span> <span class='ocrx_word' id='word_1_331' title='bbox 174 1508 274 1535; x_wconf 89' lang='lat' dir='ltr'>curiam</span> <span class='ocrx_word' id='word_1_332' title='bbox 293 1508 363 1535; x_wconf 87' lang='lat' dir='ltr'>fama</span> <span class='ocrx_word' id='word_1_333' title='bbox 378 1510 434 1535; x_wconf 84' lang='lat' dir='ltr'>Cic.</span> <span class='ocrx_word' id='word_1_334' title='bbox 448 1508 530 1535; x_wconf 86' lang='lat' dir='ltr'>Tusc.</span> <span class='ocrx_word' id='word_1_335' title='bbox 547 1517 566 1538; x_wconf 91' lang='lat'>1,</span> <span class='ocrx_word' id='word_1_336' title='bbox 582 1516 632 1534; x_wconf 88' lang='lat'>110.</span> <span class='ocrx_word' id='word_1_337' title='bbox 704 1507 847 1534; x_wconf 76' lang='lat' dir='ltr'>Detrahere</span> <span class='ocrx_word' id='word_1_338' title='bbox 860 1508 891 1534; x_wconf 87' lang='lat' dir='ltr'>de</span> <span class='ocrx_word' id='word_1_339' title='bbox 905 1507 973 1534; x_wconf 88' lang='lat' dir='ltr'>fama</span> <span class='ocrx_word' id='word_1_340' title='bbox 993 1507 1067 1535; x_wconf 86' lang='lat' dir='ltr'>Idem</span> 
     </span>
     <span class='ocr_line' id='line_1_36' title="bbox 29 1542 1066 1576; baseline 0.002 -8"><span class='ocrx_word' id='word_1_341' title='bbox 29 1542 98 1568; x_wconf 80' lang='lat' dir='ltr'>Fam.</span> <span class='ocrx_word' id='word_1_342' title='bbox 114 1551 137 1576; x_wconf 93' lang='grc'>3,</span> <span class='ocrx_word' id='word_1_343' title='bbox 150 1548 172 1573; x_wconf 96' lang='grc'>8.</span> <span class='ocrx_word' id='word_1_344' title='bbox 243 1543 334 1571; x_wconf 87' lang='lat' dir='ltr'>Didita</span> <span class='ocrx_word' id='word_1_345' title='bbox 352 1544 421 1570; x_wconf 87' lang='lat' dir='ltr'>fama</span> <span class='ocrx_word' id='word_1_346' title='bbox 440 1543 531 1570; x_wconf 83' lang='lat' dir='ltr'>Tacit.</span> <span class='ocrx_word' id='word_1_347' title='bbox 551 1544 619 1569; x_wconf 89' lang='lat' dir='ltr'>Ann.</span> <span class='ocrx_word' id='word_1_348' title='bbox 634 1545 659 1573; x_wconf 86' lang='lat'>6,</span> <span class='ocrx_word' id='word_1_349' title='bbox 673 1551 708 1575; x_wconf 77' lang='grc' dir='ltr'>3ς.</span> <span class='ocrx_word' id='word_1_350' title='bbox 730 1552 763 1575; x_wconf 85' lang='grc' dir='ltr'>ιι,</span> <span class='ocrx_word' id='word_1_351' title='bbox 784 1552 802 1569; x_wconf 94' lang='lat'>1.</span> <span class='ocrx_word' id='word_1_352' title='bbox 826 1551 850 1569; x_wconf 79' lang='lat' dir='ltr'>et</span> <span class='ocrx_word' id='word_1_353' title='bbox 862 1543 930 1569; x_wconf 77' lang='lat' dir='ltr'>Hist.</span> <span class='ocrx_word' id='word_1_354' title='bbox 945 1553 973 1576; x_wconf 87' lang='lat'>4,</span> <span class='ocrx_word' id='word_1_355' title='bbox 987 1552 1027 1576; x_wconf 86' lang='grc'>34.</span> <span class='ocrx_word' id='word_1_356' title='bbox 1048 1547 1066 1570; x_wconf 86' lang='lat' dir='ltr'>i.</span> 
     </span>
     <span class='ocr_line' id='line_1_37' title="bbox 20 1577 1068 1614; baseline 0 -9"><span class='ocrx_word' id='word_1_357' title='bbox 20 1577 128 1614; x_wconf 63' lang='lat' dir='ltr'>sparsit,</span> <span class='ocrx_word' id='word_1_358' title='bbox 141 1580 185 1605; x_wconf 84' lang='lat' dir='ltr'>vul</span> <span class='ocrx_word' id='word_1_359' title='bbox 202 1585 252 1605; x_wconf 81' lang='lat' dir='ltr'>ata.</span> <span class='ocrx_word' id='word_1_360' title='bbox 323 1580 399 1605; x_wconf 89' lang='lat' dir='ltr'>Curt.</span> <span class='ocrx_word' id='word_1_361' title='bbox 413 1587 466 1612; x_wconf 83' lang='grc' dir='ltr'>4,·ι</span> <span class='ocrx_word' id='word_1_362' title='bbox 490 1579 583 1611; x_wconf 79' lang='lat' dir='ltr'>Fama,</span> <span class='ocrx_word' id='word_1_363' title='bbox 596 1584 625 1604; x_wconf 91' lang='lat' dir='ltr'>vt</span> <span class='ocrx_word' id='word_1_364' title='bbox 638 1578 826 1609; x_wconf 86' lang='lat' dir='ltr'>solet‚sti·enue</span> <span class='ocrx_word' id='word_1_365' title='bbox 839 1585 905 1604; x_wconf 86' lang='lat' dir='ltr'>totas</span> <span class='ocrx_word' id='word_1_366' title='bbox 919 1579 996 1605; x_wconf 88' lang='lat' dir='ltr'>vrbes</span> <span class='ocrx_word' id='word_1_367' title='bbox 1011 1579 1068 1605; x_wconf 86' lang='lat' dir='ltr'>Dis-</span> 
     </span>
     <span class='ocr_line' id='line_1_38' title="bbox 27 1613 1067 1648; baseline 0.002 -9"><span class='ocrx_word' id='word_1_368' title='bbox 27 1614 117 1640; x_wconf 75' lang='lat' dir='ltr'>currit.</span> <span class='ocrx_word' id='word_1_369' title='bbox 206 1614 252 1640; x_wconf 91' lang='lat' dir='ltr'>lin.</span> <span class='ocrx_word' id='word_1_370' title='bbox 272 1621 310 1647; x_wconf 75' lang='lat'>35,</span> <span class='ocrx_word' id='word_1_371' title='bbox 325 1623 354 1640; x_wconf 90' lang='lat'>10</span> <span class='ocrx_word' id='word_1_372' title='bbox 377 1614 405 1639; x_wconf 79' lang='lat' dir='ltr'>de</span> <span class='ocrx_word' id='word_1_373' title='bbox 417 1613 517 1648; x_wconf 79' lang='lat' dir='ltr'>Apelle,</span> <span class='ocrx_word' id='word_1_374' title='bbox 547 1614 705 1648; x_wconf 81' lang='lat' dir='ltr'>Famamque</span> <span class='ocrx_word' id='word_1_375' title='bbox 726 1613 851 1648; x_wconf 84' lang='lat' dir='ltr'>Dispersit</span> <span class='ocrx_word' id='word_1_376' title='bbox 869 1615 893 1639; x_wconf 90' lang='lat' dir='ltr'>se</span> <span class='ocrx_word' id='word_1_377' title='bbox 913 1623 1019 1647; x_wconf 88' lang='lat' dir='ltr'>emere,</span> <span class='ocrx_word' id='word_1_378' title='bbox 1038 1620 1067 1641; x_wconf 88' lang='lat' dir='ltr'>vt</span> 
     </span>
    </p>

    <p class='ocr_par' dir='ltr' id='par_1_4' title="bbox 46 1648 289 1676">
     <span class='ocr_line' id='line_1_39' title="bbox 46 1648 289 1676; baseline 0.008 -2"><span class='ocrx_word' id='word_1_379' title='bbox 46 1657 77 1675; x_wconf 88' lang='lat' dir='ltr'>ro</span> <span class='ocrx_word' id='word_1_380' title='bbox 91 1648 143 1675; x_wconf 89' lang='lat' dir='ltr'>suis</span> <span class='ocrx_word' id='word_1_381' title='bbox 155 1649 289 1676; x_wconf 83' lang='lat' dir='ltr'>venderet.</span> 
     </span>
    </p>

    <p class='ocr_par' dir='ltr' id='par_1_5' title="bbox 0 1683 1066 1824">
     <span class='ocr_line' id='line_1_40' title="bbox 53 1683 1066 1720; baseline 0.001 -11"><span class='ocrx_word' id='word_1_382' title='bbox 53 1683 227 1718; x_wconf 80' lang='lat' dir='ltr'>issipauerunt.</span> <span class='ocrx_word' id='word_1_383' title='bbox 247 1687 265 1710; x_wconf 90' lang='lat' dir='ltr'>i.</span> <span class='ocrx_word' id='word_1_384' title='bbox 284 1684 444 1719; x_wconf 57' lang='lat' dir='ltr'>Spar-serunt,</span> <span class='ocrx_word' id='word_1_385' title='bbox 458 1683 630 1720; x_wconf 68' lang='lat' dir='ltr'>diuulgflrunt.</span> <span class='ocrx_word' id='word_1_386' title='bbox 668 1683 714 1711; x_wconf 78' lang='lat' dir='ltr'>Sed</span> <span class='ocrx_word' id='word_1_387' title='bbox 732 1684 857 1718; x_wconf 83' lang='lat' dir='ltr'>Dissipare</span> <span class='ocrx_word' id='word_1_388' title='bbox 870 1685 941 1711; x_wconf 88' lang='lat' dir='ltr'>suam</span> <span class='ocrx_word' id='word_1_389' title='bbox 959 1685 1066 1717; x_wconf 86' lang='lat' dir='ltr'>famam,</span> 
     </span>
     <span class='ocr_line' id='line_1_41' title="bbox 0 1719 1066 1755; baseline 0 -10"><span class='ocrx_word' id='word_1_390' title='bbox 0 1721 2 1732; x_wconf 77' lang='lat'><em>&#39;</em></span> <span class='ocrx_word' id='word_1_391' title='bbox 23 1725 74 1755; x_wconf 72' lang='lat' dir='ltr'>pro</span> <span class='ocrx_word' id='word_1_392' title='bbox 88 1719 206 1752; x_wconf 71' lang='lat' dir='ltr'>Perdere,</span> <span class='ocrx_word' id='word_1_393' title='bbox 242 1719 348 1746; x_wconf 79' lang='lat' dir='ltr'>Eirmic.</span> <span class='ocrx_word' id='word_1_394' title='bbox 362 1727 384 1753; x_wconf 80' lang='grc' dir='ltr'>ς,</span> <span class='ocrx_word' id='word_1_395' title='bbox 398 1728 423 1746; x_wconf 91' lang='lat'>12</span> <span class='ocrx_word' id='word_1_396' title='bbox 459 1720 529 1746; x_wconf 82' lang='lat' dir='ltr'>Mars</span> <span class='ocrx_word' id='word_1_397' title='bbox 549 1719 669 1746; x_wconf 79' lang='lat' dir='ltr'>homines</span> <span class='ocrx_word' id='word_1_398' title='bbox 685 1720 764 1746; x_wconf 85' lang='lat' dir='ltr'>faciet</span> <span class='ocrx_word' id='word_1_399' title='bbox 783 1720 877 1753; x_wconf 79' lang='lat' dir='ltr'>seipsos</span> <span class='ocrx_word' id='word_1_400' title='bbox 897 1720 1066 1752; x_wconf 86' lang='lat' dir='ltr'>destruentes,</span> 
     </span>
     <span class='ocr_line' id='line_1_42' title="bbox 27 1754 1065 1789; baseline 0 -9"><span class='ocrx_word' id='word_1_401' title='bbox 27 1755 163 1789; x_wconf 89' lang='lat' dir='ltr'>patrisque</span> <span class='ocrx_word' id='word_1_402' title='bbox 185 1754 351 1782; x_wconf 81' lang='lat' dir='ltr'>substantiam</span> <span class='ocrx_word' id='word_1_403' title='bbox 374 1754 525 1789; x_wconf 83' lang='lat' dir='ltr'>perdentes,</span> <span class='ocrx_word' id='word_1_404' title='bbox 543 1754 673 1782; x_wconf 82' lang='lat' dir='ltr'>honorem</span> <span class='ocrx_word' id='word_1_405' title='bbox 696 1763 805 1788; x_wconf 88' lang='lat' dir='ltr'>quoque</span> <span class='ocrx_word' id='word_1_406' title='bbox 827 1763 855 1779; x_wconf 81' lang='lat' dir='ltr'>a:</span> <span class='ocrx_word' id='word_1_407' title='bbox 880 1754 975 1780; x_wconf 87' lang='lat' dir='ltr'>faniam</span> <span class='ocrx_word' id='word_1_408' title='bbox 994 1756 1065 1780; x_wconf 86' lang='lat' dir='ltr'>suam</span> 
     </span>
     <span class='ocr_line' id='line_1_43' title="bbox 26 1789 1065 1824; baseline -0.001 -10"><span class='ocrx_word' id='word_1_409' title='bbox 26 1789 131 1822; x_wconf 71' lang='lat' dir='ltr'>penitus</span> <span class='ocrx_word' id='word_1_410' title='bbox 144 1790 303 1824; x_wconf 83' lang='lat' dir='ltr'>Diffipantes.</span> <span class='ocrx_word' id='word_1_411' title='bbox 372 1791 463 1816; x_wconf 86' lang='lat' dir='ltr'>Tacit.</span> <span class='ocrx_word' id='word_1_412' title='bbox 478 1790 545 1815; x_wconf 90' lang='lat' dir='ltr'>Ann.</span> <span class='ocrx_word' id='word_1_413' title='bbox 565 1798 585 1820; x_wconf 84' lang='lat'>1,</span> <span class='ocrx_word' id='word_1_414' title='bbox 598 1797 615 1822; x_wconf 88' lang='lat'><em>7</em></span> <span class='ocrx_word' id='word_1_415' title='bbox 644 1789 727 1814; x_wconf 88' lang='lat' dir='ltr'>Dabat</span> <span class='ocrx_word' id='word_1_416' title='bbox 740 1794 766 1813; x_wconf 88' lang='lat' dir='ltr'>et</span> <span class='ocrx_word' id='word_1_417' title='bbox 783 1789 882 1817; x_wconf 88' lang='lat' dir='ltr'>famae,</span> <span class='ocrx_word' id='word_1_418' title='bbox 897 1794 926 1813; x_wconf 89' lang='lat' dir='ltr'>vt</span> <span class='ocrx_word' id='word_1_419' title='bbox 947 1794 1065 1819; x_wconf 87' lang='lat' dir='ltr'>vocatus,</span> 
     </span>
    </p>
   </div>
   <div class='ocr_carea' id='block_1_4' title="bbox 0 1856 1064 2141">
    <p class='ocr_par' dir='ltr' id='par_1_6' title="bbox 0 1856 1064 2141">
     <span class='ocr_line' id='line_1_44' title="bbox 27 1856 1064 1890; baseline -0.003 -5"><span class='ocrx_word' id='word_1_420' title='bbox 27 1859 96 1885; x_wconf 87' lang='lat' dir='ltr'>Dare</span> <span class='ocrx_word' id='word_1_421' title='bbox 109 1858 191 1885; x_wconf 84' lang='lat' dir='ltr'>verba</span> <span class='ocrx_word' id='word_1_422' title='bbox 205 1859 288 1884; x_wconf 87' lang='lat' dir='ltr'>faniae</span> <span class='ocrx_word' id='word_1_423' title='bbox 304 1858 384 1884; x_wconf 87' lang='lat' dir='ltr'>Ouid.</span> <span class='ocrx_word' id='word_1_424' title='bbox 398 1857 476 1890; x_wconf 88' lang='lat' dir='ltr'>Epist.</span> <span class='ocrx_word' id='word_1_425' title='bbox 494 1864 532 1890; x_wconf 81' lang='lat'>17,</span> <span class='ocrx_word' id='word_1_426' title='bbox 547 1864 603 1889; x_wconf 86' lang='lat'>170.</span> <span class='ocrx_word' id='word_1_427' title='bbox 672 1857 781 1882; x_wconf 87' lang='lat' dir='ltr'>Eleuare</span> <span class='ocrx_word' id='word_1_428' title='bbox 796 1856 892 1881; x_wconf 87' lang='lat' dir='ltr'>famam</span> <span class='ocrx_word' id='word_1_429' title='bbox 906 1865 1006 1890; x_wconf 83' lang='lat' dir='ltr'>pugnae</span> <span class='ocrx_word' id='word_1_430' title='bbox 1021 1856 1064 1882; x_wconf 88' lang='lat' dir='ltr'>ad-</span> 
     </span>
     <span class='ocr_line' id='line_1_45' title="bbox 25 1890 1063 1928; baseline -0.002 -8"><span class='ocrx_word' id='word_1_431' title='bbox 25 1893 115 1926; x_wconf 72' lang='lat' dir='ltr'>versae</span> <span class='ocrx_word' id='word_1_432' title='bbox 129 1900 178 1928; x_wconf 77' lang='lat' dir='ltr'>pro</span> <span class='ocrx_word' id='word_1_433' title='bbox 193 1895 322 1922; x_wconf 77' lang='lat' dir='ltr'>minuere,</span> <span class='ocrx_word' id='word_1_434' title='bbox 337 1899 360 1918; x_wconf 80' lang='lat' dir='ltr'>et</span> <span class='ocrx_word' id='word_1_435' title='bbox 381 1893 493 1917; x_wconf 76' lang='lat' dir='ltr'>leuiorem</span> <span class='ocrx_word' id='word_1_436' title='bbox 510 1890 611 1917; x_wconf 68' lang='lat' dir='ltr'>reddere</span> <span class='ocrx_word' id='word_1_437' title='bbox 626 1890 716 1917; x_wconf 87' lang='lat' dir='ltr'>Tacit.</span> <span class='ocrx_word' id='word_1_438' title='bbox 730 1891 797 1916; x_wconf 92' lang='lat' dir='ltr'>Ann.</span> <span class='ocrx_word' id='word_1_439' title='bbox 817 1901 846 1923; x_wconf 62' lang='lat'>4,</span> <span class='ocrx_word' id='word_1_440' title='bbox 883 1911 889 1916; x_wconf 94' lang='lat'>.</span> <span class='ocrx_word' id='word_1_441' title='bbox 929 1911 934 1917; x_wconf 97' lang='lat'>.</span> <span class='ocrx_word' id='word_1_442' title='bbox 1006 1891 1063 1918; x_wconf 89' lang='lat' dir='ltr'>Cic.</span> 
     </span>
     <span class='ocr_line' id='line_1_46' title="bbox 26 1926 1064 1962; baseline -0.003 -6"><span class='ocrx_word' id='word_1_443' title='bbox 26 1930 102 1956; x_wconf 80' lang='lat' dir='ltr'>Verr.</span> <span class='ocrx_word' id='word_1_444' title='bbox 119 1937 139 1961; x_wconf 89' lang='grc' dir='ltr'>ι,</span> <span class='ocrx_word' id='word_1_445' title='bbox 153 1936 162 1954; x_wconf 89' lang='grc' dir='ltr'>ι</span> <span class='ocrx_word' id='word_1_446' title='bbox 180 1929 255 1962; x_wconf 81' lang='lat' dir='ltr'>Qiae</span> <span class='ocrx_word' id='word_1_447' title='bbox 269 1927 338 1954; x_wconf 86' lang='lat' dir='ltr'>fama</span> <span class='ocrx_word' id='word_1_448' title='bbox 350 1935 404 1953; x_wconf 91' lang='lat' dir='ltr'>non</span> <span class='ocrx_word' id='word_1_449' title='bbox 418 1926 518 1953; x_wconf 88' lang='lat' dir='ltr'>idcirco</span> <span class='ocrx_word' id='word_1_450' title='bbox 529 1926 614 1952; x_wconf 86' lang='lat' dir='ltr'>solum</span> <span class='ocrx_word' id='word_1_451' title='bbox 628 1932 773 1959; x_wconf 88' lang='lat' dir='ltr'>emanarat,</span> <span class='ocrx_word' id='word_1_452' title='bbox 788 1926 858 1961; x_wconf 90' lang='lat' dir='ltr'>quod</span> <span class='ocrx_word' id='word_1_453' title='bbox 873 1926 919 1952; x_wconf 82' lang='lat' dir='ltr'>iste</span> <span class='ocrx_word' id='word_1_454' title='bbox 932 1932 1002 1953; x_wconf 84' lang='lat' dir='ltr'>certe</span> <span class='ocrx_word' id='word_1_455' title='bbox 1017 1927 1064 1953; x_wconf 84' lang='lat' dir='ltr'>sta-</span> 
     </span>
     <span class='ocr_line' id='line_1_47' title="bbox 27 1961 1063 1995; baseline -0.003 -4"><span class='ocrx_word' id='word_1_456' title='bbox 27 1969 111 1992; x_wconf 79' lang='lat' dir='ltr'>tuerat</span> <span class='ocrx_word' id='word_1_457' title='bbox 129 1972 158 1990; x_wconf 89' lang='lat' dir='ltr'>ac</span> <span class='ocrx_word' id='word_1_458' title='bbox 179 1964 371 1990; x_wconf 86' lang='lat' dir='ltr'>deliberauerat</span> <span class='ocrx_word' id='word_1_459' title='bbox 389 1971 444 1988; x_wconf 90' lang='lat' dir='ltr'>non</span> <span class='ocrx_word' id='word_1_460' title='bbox 463 1961 557 1988; x_wconf 74' lang='lat' dir='ltr'>adesse:</span> <span class='ocrx_word' id='word_1_461' title='bbox 577 1971 680 1994; x_wconf 85' lang='lat' dir='ltr'>verum,</span> <span class='ocrx_word' id='word_1_462' title='bbox 693 1969 738 1988; x_wconf 78' lang='lat' dir='ltr'>etc.</span> <span class='ocrx_word' id='word_1_463' title='bbox 811 1962 867 1988; x_wconf 91' lang='lat' dir='ltr'>Cic.</span> <span class='ocrx_word' id='word_1_464' title='bbox 881 1962 963 1988; x_wconf 84' lang='lat' dir='ltr'>Tusc.</span> <span class='ocrx_word' id='word_1_465' title='bbox 985 1970 1008 1994; x_wconf 78' lang='grc' dir='ltr'>ς,</span> <span class='ocrx_word' id='word_1_466' title='bbox 1027 1964 1063 1995; x_wconf 79' lang='grc'>46</span> 
     </span>
     <span class='ocr_line' id='line_1_48' title="bbox 0 2030 1063 2071; baseline -0.002 -9"><span class='ocrx_word' id='word_1_467' title='bbox 0 2030 8 2068; x_wconf 66' lang='grc' dir='ltr'>ἶ·</span> <span class='ocrx_word' id='word_1_468' title='bbox 29 2045 80 2071; x_wconf 89' lang='lat' dir='ltr'>que</span> <span class='ocrx_word' id='word_1_469' title='bbox 98 2035 219 2062; x_wconf 87' lang='lat' dir='ltr'>consensu</span> <span class='ocrx_word' id='word_1_470' title='bbox 236 2034 383 2060; x_wconf 76' lang='lat' dir='ltr'>excitatam.</span> <span class='ocrx_word' id='word_1_471' title='bbox 453 2033 515 2059; x_wconf 85' lang='lat' dir='ltr'>Exit</span> <span class='ocrx_word' id='word_1_472' title='bbox 534 2032 603 2058; x_wconf 80' lang='lat' dir='ltr'>fama</span> <span class='ocrx_word' id='word_1_473' title='bbox 630 2033 721 2068; x_wconf 83' lang='lat' dir='ltr'>Nepos</span> <span class='ocrx_word' id='word_1_474' title='bbox 742 2040 778 2067; x_wconf 92' lang='lat'>17,</span> <span class='ocrx_word' id='word_1_475' title='bbox 799 2041 821 2064; x_wconf 81' lang='lat'>2,</span> <span class='ocrx_word' id='word_1_476' title='bbox 844 2042 863 2059; x_wconf 90' lang='lat'>1.</span> <span class='ocrx_word' id='word_1_477' title='bbox 936 2033 1063 2067; x_wconf 81' lang='lat' dir='ltr'>Expetere</span> 
     </span>
     <span class='ocr_line' id='line_1_49' title="bbox 0 2068 1063 2103; baseline -0.002 -5"><span class='ocrx_word' id='word_1_478' title='bbox 0 2081 1 2086; x_wconf 59' lang='lat'>¹</span> <span class='ocrx_word' id='word_1_479' title='bbox 29 2071 73 2098; x_wconf 89' lang='lat' dir='ltr'>vel</span> <span class='ocrx_word' id='word_1_480' title='bbox 92 2069 232 2098; x_wconf 84' lang='lat' dir='ltr'>desiderare</span> <span class='ocrx_word' id='word_1_481' title='bbox 251 2069 347 2096; x_wconf 86' lang='lat' dir='ltr'>famam</span> <span class='ocrx_word' id='word_1_482' title='bbox 361 2069 416 2096; x_wconf 90' lang='lat' dir='ltr'>Cic.</span> <span class='ocrx_word' id='word_1_483' title='bbox 431 2077 481 2103; x_wconf 85' lang='lat' dir='ltr'>pro</span> <span class='ocrx_word' id='word_1_484' title='bbox 495 2069 564 2095; x_wconf 80' lang='lat' dir='ltr'>Sext.</span> <span class='ocrx_word' id='word_1_485' title='bbox 577 2076 627 2100; x_wconf 78' lang='lat'>139.</span> <span class='ocrx_word' id='word_1_486' title='bbox 699 2068 844 2095; x_wconf 80' lang='lat' dir='ltr'>Extendere</span> <span class='ocrx_word' id='word_1_487' title='bbox 864 2068 959 2095; x_wconf 84' lang='lat' dir='ltr'>famam</span> <span class='ocrx_word' id='word_1_488' title='bbox 977 2069 1063 2103; x_wconf 66' lang='lat' dir='ltr'>factis,</span> 
     </span>
     <span class='ocr_line' id='line_1_50' title="bbox 174 2104 1064 2141; baseline 0.001 -9"><span class='ocrx_word' id='word_1_489' title='bbox 174 2130 176 2134; x_wconf 22' lang='grc' dir='ltr'><em>Α</em></span> <span class='ocrx_word' id='word_1_490' title='bbox 197 2106 343 2132; x_wconf 81' lang='lat' dir='ltr'>Extenuare</span> <span class='ocrx_word' id='word_1_491' title='bbox 366 2105 463 2131; x_wconf 85' lang='lat' dir='ltr'>famam</span> <span class='ocrx_word' id='word_1_492' title='bbox 484 2104 548 2131; x_wconf 89' lang='lat' dir='ltr'>belli</span> <span class='ocrx_word' id='word_1_493' title='bbox 576 2104 636 2132; x_wconf 86' lang='lat' dir='ltr'>Liu.</span> <span class='ocrx_word' id='word_1_494' title='bbox 656 2112 678 2138; x_wconf 80' lang='grc' dir='ltr'>ς,</span> <span class='ocrx_word' id='word_1_495' title='bbox 837 2105 1006 2141; x_wconf 79' lang='lat' dir='ltr'>Exstinguere</span> <span class='ocrx_word' id='word_1_496' title='bbox 1026 2107 1064 2132; x_wconf 78' lang='lat' dir='ltr'>fa-</span> 
     </span>
    </p>
   </div>
   <div class='ocr_carea' id='block_1_5' title="bbox 31 2106 1064 2177">
    <p class='ocr_par' dir='ltr' id='par_1_7' title="bbox 31 2106 1064 2177">
     <span class='ocr_line' id='line_1_51' title="bbox 31 2106 1064 2177; baseline 0.03 -39"><span class='ocrx_word' id='word_1_497' title='bbox 31 2116 56 2134; x_wconf 65' lang='grc' dir='ltr'>υ·</span> <span class='ocrx_word' id='word_1_498' title='bbox 68 2106 91 2133; x_wconf 74' lang='lat' dir='ltr'>h·</span> <span class='ocrx_word' id='word_1_499' title='bbox 104 2115 130 2133; x_wconf 73' lang='grc' dir='ltr'>υ·</span> <span class='ocrx_word' id='word_1_500' title='bbox 401 2139 498 2175; x_wconf 50' lang='grc' dir='ltr'><strong>νὴἙῃ·</strong></span> <span class='ocrx_word' id='word_1_501' title='bbox 513 2141 577 2167; x_wconf 64' lang='lat' dir='ltr'>Aen,</span> <span class='ocrx_word' id='word_1_502' title='bbox 590 2143 614 2171; x_wconf 73' lang='lat'>6,</span> <span class='ocrx_word' id='word_1_503' title='bbox 628 2147 676 2175; x_wconf 77' lang='lat'>527</span> <span class='ocrx_word' id='word_1_504' title='bbox 709 2141 740 2167; x_wconf 82' lang='lat' dir='ltr'>Et</span> <span class='ocrx_word' id='word_1_505' title='bbox 758 2125 855 2168; x_wconf 67' lang='lat' dir='ltr'>samam</span> <span class='ocrx_word' id='word_1_506' title='bbox 875 2143 1005 2177; x_wconf 83' lang='lat' dir='ltr'>exstingui</span> <span class='ocrx_word' id='word_1_507' title='bbox 1020 2150 1064 2168; x_wconf 86' lang='lat' dir='ltr'>ve-</span> 
     </span>
    </p>
   </div>
   <div class='ocr_carea' id='block_1_6' title="bbox 0 2140 1064 2706">
    <p class='ocr_par' dir='ltr' id='par_1_8' title="bbox 0 2140 1064 2706">
     <span class='ocr_line' id='line_1_52' title="bbox 13 2140 330 2178; baseline -0.003 -10"><span class='ocrx_word' id='word_1_508' title='bbox 13 2175 15 2178; x_wconf 35' lang='grc'><strong>,</strong></span> <span class='ocrx_word' id='word_1_509' title='bbox 35 2150 102 2169; x_wconf 83' lang='lat' dir='ltr'>mam</span> <span class='ocrx_word' id='word_1_510' title='bbox 115 2140 186 2168; x_wconf 89' lang='lat' dir='ltr'>Idem</span> <span class='ocrx_word' id='word_1_511' title='bbox 200 2147 241 2175; x_wconf 85' lang='lat'>27,</span> <span class='ocrx_word' id='word_1_512' title='bbox 280 2161 286 2167; x_wconf 97' lang='lat'>.</span> <span class='ocrx_word' id='word_1_513' title='bbox 324 2160 330 2167; x_wconf 97' lang='lat'>.</span> 
     </span>
     <span class='ocr_line' id='line_1_53' title="bbox 13 2176 389 2212; baseline -0.003 -9"><span class='ocrx_word' id='word_1_514' title='bbox 13 2191 15 2200; x_wconf 66' lang='lat' dir='ltr'>v</span> <span class='ocrx_word' id='word_1_515' title='bbox 36 2182 118 2204; x_wconf 77' lang='lat' dir='ltr'>terum</span> <span class='ocrx_word' id='word_1_516' title='bbox 129 2176 159 2203; x_wconf 88' lang='lat' dir='ltr'>sic</span> <span class='ocrx_word' id='word_1_517' title='bbox 170 2178 237 2212; x_wconf 75' lang='lat' dir='ltr'>posse</span> <span class='ocrx_word' id='word_1_518' title='bbox 251 2176 389 2203; x_wconf 86' lang='lat' dir='ltr'>malorum.</span> 
     </span>
     <span class='ocr_line' id='line_1_54' title="bbox 38 2211 1061 2248; baseline 0 -10"><span class='ocrx_word' id='word_1_519' title='bbox 38 2212 132 2247; x_wconf 82' lang='lat' dir='ltr'>ingenii</span> <span class='ocrx_word' id='word_1_520' title='bbox 146 2213 247 2239; x_wconf 81' lang='lat' dir='ltr'>faniam.</span> <span class='ocrx_word' id='word_1_521' title='bbox 319 2213 392 2239; x_wconf 83' lang='lat' dir='ltr'>Ferit</span> <span class='ocrx_word' id='word_1_522' title='bbox 410 2211 480 2239; x_wconf 87' lang='lat' dir='ltr'>fama</span> <span class='ocrx_word' id='word_1_523' title='bbox 498 2212 596 2239; x_wconf 83' lang='lat' dir='ltr'>moesta</span> <span class='ocrx_word' id='word_1_524' title='bbox 613 2218 727 2239; x_wconf 86' lang='lat' dir='ltr'>remotas</span> <span class='ocrx_word' id='word_1_525' title='bbox 746 2218 827 2239; x_wconf 84' lang='lat' dir='ltr'>terras</span> <span class='ocrx_word' id='word_1_526' title='bbox 851 2214 947 2240; x_wconf 87' lang='lat' dir='ltr'>Lucan.</span> <span class='ocrx_word' id='word_1_527' title='bbox 968 2221 990 2247; x_wconf 76' lang='grc' dir='ltr'>ς,</span> <span class='ocrx_word' id='word_1_528' title='bbox 1003 2220 1061 2248; x_wconf 68' lang='grc'>775.</span> 
     </span>
     <span class='ocr_line' id='line_1_55' title="bbox 14 2247 1062 2284; baseline 0 -10"><span class='ocrx_word' id='word_1_529' title='bbox 14 2258 15 2282; x_wconf 61' lang='lat'>1</span> <span class='ocrx_word' id='word_1_530' title='bbox 36 2248 94 2275; x_wconf 84' lang='lat' dir='ltr'>Liu.</span> <span class='ocrx_word' id='word_1_531' title='bbox 106 2256 126 2279; x_wconf 70' lang='grc' dir='ltr'>ε,</span> <span class='ocrx_word' id='word_1_532' title='bbox 138 2256 155 2283; x_wconf 94' lang='grc'>7</span> <span class='ocrx_word' id='word_1_533' title='bbox 172 2249 290 2283; x_wconf 83' lang='lat' dir='ltr'>Regnum</span> <span class='ocrx_word' id='word_1_534' title='bbox 303 2256 362 2274; x_wconf 89' lang='lat' dir='ltr'>eum</span> <span class='ocrx_word' id='word_1_535' title='bbox 374 2247 494 2275; x_wconf 66' lang='lat' dir='ltr'>affectare</span> <span class='ocrx_word' id='word_1_536' title='bbox 505 2248 573 2274; x_wconf 88' lang='lat' dir='ltr'>fama</span> <span class='ocrx_word' id='word_1_537' title='bbox 584 2248 702 2275; x_wconf 85' lang='lat' dir='ltr'>Ferebat.</span> <span class='ocrx_word' id='word_1_538' title='bbox 737 2248 809 2284; x_wconf 68' lang='lat' dir='ltr'>Cous.</span> <span class='ocrx_word' id='word_1_539' title='bbox 825 2248 898 2275; x_wconf 84' lang='lat' dir='ltr'>Idem</span> <span class='ocrx_word' id='word_1_540' title='bbox 913 2258 947 2280; x_wconf 66' lang='grc' dir='ltr'>τι,</span> <span class='ocrx_word' id='word_1_541' title='bbox 964 2257 997 2277; x_wconf 64' lang='lat'>32.</span> <span class='ocrx_word' id='word_1_542' title='bbox 1024 2250 1062 2275; x_wconf 91' lang='lat' dir='ltr'>Ita</span> 
     </span>
     <span class='ocr_line' id='line_1_56' title="bbox 14 2283 1064 2319; baseline 0.001 -10"><span class='ocrx_word' id='word_1_543' title='bbox 14 2290 15 2318; x_wconf 68' lang='lat' dir='ltr'>j</span> <span class='ocrx_word' id='word_1_544' title='bbox 33 2283 98 2309; x_wconf 79' lang='lat' dir='ltr'>fama</span> <span class='ocrx_word' id='word_1_545' title='bbox 116 2283 221 2310; x_wconf 84' lang='lat' dir='ltr'>Ferebat</span> <span class='ocrx_word' id='word_1_546' title='bbox 242 2283 322 2310; x_wconf 84' lang='lat' dir='ltr'>Ouid.</span> <span class='ocrx_word' id='word_1_547' title='bbox 342 2284 406 2310; x_wconf 87' lang='lat' dir='ltr'>Met.</span> <span class='ocrx_word' id='word_1_548' title='bbox 428 2292 467 2316; x_wconf 85' lang='lat'>12,</span> <span class='ocrx_word' id='word_1_549' title='bbox 483 2291 530 2318; x_wconf 83' lang='lat'>197</span> <span class='ocrx_word' id='word_1_550' title='bbox 544 2290 568 2309; x_wconf 73' lang='lat' dir='ltr'>ct</span> <span class='ocrx_word' id='word_1_551' title='bbox 583 2292 639 2309; x_wconf 78' lang='lat'>200.</span> <span class='ocrx_word' id='word_1_552' title='bbox 730 2284 794 2310; x_wconf 84' lang='lat' dir='ltr'>Frui</span> <span class='ocrx_word' id='word_1_553' title='bbox 821 2284 889 2310; x_wconf 85' lang='lat' dir='ltr'>fama</span> <span class='ocrx_word' id='word_1_554' title='bbox 915 2285 1015 2319; x_wconf 88' lang='lat' dir='ltr'>optima</span> <span class='ocrx_word' id='word_1_555' title='bbox 1037 2289 1064 2310; x_wconf 89' lang='lat' dir='ltr'>et</span> 
     </span>
     <span class='ocr_line' id='line_1_57' title="bbox 30 2318 1064 2353; baseline 0.001 -9"><span class='ocrx_word' id='word_1_556' title='bbox 30 2318 186 2346; x_wconf 79' lang='lat' dir='ltr'>meritiffima</span> <span class='ocrx_word' id='word_1_557' title='bbox 203 2320 268 2346; x_wconf 85' lang='lat' dir='ltr'>Plin.</span> <span class='ocrx_word' id='word_1_558' title='bbox 281 2319 359 2353; x_wconf 81' lang='lat' dir='ltr'>Epist.</span> <span class='ocrx_word' id='word_1_559' title='bbox 375 2327 397 2352; x_wconf 83' lang='grc' dir='ltr'>ς,</span> <span class='ocrx_word' id='word_1_560' title='bbox 413 2327 446 2352; x_wconf 84' lang='grc' dir='ltr'>ις.</span> <span class='ocrx_word' id='word_1_561' title='bbox 517 2318 648 2353; x_wconf 63' lang='lat' dir='ltr'>Qiine&#39;til.</span> <span class='ocrx_word' id='word_1_562' title='bbox 662 2328 693 2352; x_wconf 80' lang='grc' dir='ltr'>ιι,</span> <span class='ocrx_word' id='word_1_563' title='bbox 708 2327 720 2344; x_wconf 86' lang='lat'>2</span> <span class='ocrx_word' id='word_1_564' title='bbox 750 2321 837 2353; x_wconf 81' lang='lat' dir='ltr'>Qieni</span> <span class='ocrx_word' id='word_1_565' title='bbox 851 2321 969 2352; x_wconf 88' lang='lat' dir='ltr'>secutus,</span> <span class='ocrx_word' id='word_1_566' title='bbox 989 2320 1064 2346; x_wconf 85' lang='lat' dir='ltr'>Cice-</span> 
     </span>
     <span class='ocr_line' id='line_1_58' title="bbox 29 2353 836 2389; baseline -0.001 -8"><span class='ocrx_word' id='word_1_567' title='bbox 29 2362 64 2380; x_wconf 78' lang='lat' dir='ltr'>ro</span> <span class='ocrx_word' id='word_1_568' title='bbox 74 2353 137 2381; x_wconf 82' lang='lat' dir='ltr'>hanc</span> <span class='ocrx_word' id='word_1_569' title='bbox 152 2355 249 2381; x_wconf 86' lang='lat' dir='ltr'>faniam</span> <span class='ocrx_word' id='word_1_570' title='bbox 264 2355 341 2386; x_wconf 83' lang='lat' dir='ltr'>latius</span> <span class='ocrx_word' id='word_1_571' title='bbox 355 2354 442 2381; x_wconf 85' lang='lat' dir='ltr'>Fudit.</span> <span class='ocrx_word' id='word_1_572' title='bbox 515 2354 591 2381; x_wconf 85' lang='lat' dir='ltr'>Furit</span> <span class='ocrx_word' id='word_1_573' title='bbox 605 2354 673 2380; x_wconf 88' lang='lat' dir='ltr'>fama</span> <span class='ocrx_word' id='word_1_574' title='bbox 682 2355 727 2381; x_wconf 91' lang='lat' dir='ltr'>Sil.</span> <span class='ocrx_word' id='word_1_575' title='bbox 739 2362 766 2389; x_wconf 88' lang='lat'>7,</span> <span class='ocrx_word' id='word_1_576' title='bbox 781 2360 836 2388; x_wconf 73' lang='lat'>485.</span> 
     </span>
     <span class='ocr_line' id='line_1_59' title="bbox 3 2389 1063 2425; baseline 0.002 -10"><span class='ocrx_word' id='word_1_577' title='bbox 3 2397 8 2401; x_wconf 88' lang='lat'>·</span> <span class='ocrx_word' id='word_1_578' title='bbox 29 2394 87 2421; x_wconf 84' lang='lat'>2,83</span> <span class='ocrx_word' id='word_1_579' title='bbox 107 2390 265 2417; x_wconf 86' lang='lat' dir='ltr'>Gliscentem</span> <span class='ocrx_word' id='word_1_580' title='bbox 279 2391 308 2416; x_wconf 92' lang='lat' dir='ltr'>in</span> <span class='ocrx_word' id='word_1_581' title='bbox 325 2390 381 2416; x_wconf 85' lang='lat' dir='ltr'>dies</span> <span class='ocrx_word' id='word_1_582' title='bbox 396 2390 493 2417; x_wconf 86' lang='lat' dir='ltr'>famam</span> <span class='ocrx_word' id='word_1_583' title='bbox 509 2391 563 2416; x_wconf 83' lang='lat' dir='ltr'>sors</span> <span class='ocrx_word' id='word_1_584' title='bbox 577 2389 695 2416; x_wconf 83' lang='lat' dir='ltr'>discussit.</span> <span class='ocrx_word' id='word_1_585' title='bbox 749 2391 805 2417; x_wconf 87' lang='lat' dir='ltr'>Cic.</span> <span class='ocrx_word' id='word_1_586' title='bbox 820 2399 869 2424; x_wconf 88' lang='lat' dir='ltr'>pro</span> <span class='ocrx_word' id='word_1_587' title='bbox 883 2391 954 2417; x_wconf 88' lang='lat' dir='ltr'>Cael.</span> <span class='ocrx_word' id='word_1_588' title='bbox 968 2398 999 2425; x_wconf 75' lang='grc'>7,·</span> <span class='ocrx_word' id='word_1_589' title='bbox 1032 2392 1063 2417; x_wconf 90' lang='lat' dir='ltr'>In</span> 
     </span>
     <span class='ocr_line' id='line_1_60' title="bbox 0 2423 1064 2460; baseline 0.001 -9"><span class='ocrx_word' id='word_1_590' title='bbox 0 2423 77 2458; x_wconf 51' lang='lat' dir='ltr'>&gt;⁴¹hoc</span> <span class='ocrx_word' id='word_1_591' title='bbox 88 2426 156 2452; x_wconf 87' lang='lat' dir='ltr'>flexu</span> <span class='ocrx_word' id='word_1_592' title='bbox 172 2425 242 2460; x_wconf 85' lang='lat' dir='ltr'>quasi</span> <span class='ocrx_word' id='word_1_593' title='bbox 256 2426 347 2452; x_wconf 91' lang='lat' dir='ltr'>aetatis</span> <span class='ocrx_word' id='word_1_594' title='bbox 360 2425 446 2457; x_wconf 88' lang='lat' dir='ltr'>(nihil</span> <span class='ocrx_word' id='word_1_595' title='bbox 461 2425 533 2450; x_wconf 90' lang='lat' dir='ltr'>enim</span> <span class='ocrx_word' id='word_1_596' title='bbox 545 2424 694 2457; x_wconf 85' lang='lat' dir='ltr'>occultabo,</span> <span class='ocrx_word' id='word_1_597' title='bbox 711 2425 794 2451; x_wconf 85' lang='lat' dir='ltr'>fretus</span> <span class='ocrx_word' id='word_1_598' title='bbox 809 2426 972 2452; x_wconf 79' lang='lat' dir='ltr'>humanitate</span> <span class='ocrx_word' id='word_1_599' title='bbox 985 2435 1013 2452; x_wconf 88' lang='lat' dir='ltr'>ac</span> <span class='ocrx_word' id='word_1_600' title='bbox 1027 2427 1064 2452; x_wconf 91' lang='lat' dir='ltr'>sa-</span> 
     </span>
     <span class='ocr_line' id='line_1_61' title="bbox 1 2459 1064 2494; baseline 0.002 -8"><span class='ocrx_word' id='word_1_601' title='bbox 1 2460 126 2494; x_wconf 65' lang='lat' dir='ltr'>v¹pientia</span> <span class='ocrx_word' id='word_1_602' title='bbox 144 2461 246 2492; x_wconf 84' lang='lat' dir='ltr'>vestra)</span> <span class='ocrx_word' id='word_1_603' title='bbox 271 2461 341 2486; x_wconf 83' lang='lat' dir='ltr'>fama</span> <span class='ocrx_word' id='word_1_604' title='bbox 363 2459 534 2485; x_wconf 85' lang='lat' dir='ltr'>adolescentis</span> <span class='ocrx_word' id='word_1_605' title='bbox 555 2459 671 2494; x_wconf 86' lang='lat' dir='ltr'>paullum</span> <span class='ocrx_word' id='word_1_606' title='bbox 691 2460 779 2487; x_wconf 89' lang='lat' dir='ltr'>Haefit</span> <span class='ocrx_word' id='word_1_607' title='bbox 801 2460 834 2487; x_wconf 86' lang='lat' dir='ltr'>ad</span> <span class='ocrx_word' id='word_1_608' title='bbox 850 2469 947 2494; x_wconf 87' lang='lat' dir='ltr'>metas,</span> <span class='ocrx_word' id='word_1_609' title='bbox 967 2462 1064 2488; x_wconf 85' lang='lat' dir='ltr'>notitia</span> 
     </span>
     <span class='ocr_line' id='line_1_62' title="bbox 0 2495 1062 2531; baseline 0.003 -10"><span class='ocrx_word' id='word_1_610' title='bbox 0 2506 4 2515; x_wconf 50' lang='grc' dir='ltr'><em>ν</em></span> <span class='ocrx_word' id='word_1_611' title='bbox 25 2504 94 2522; x_wconf 88' lang='lat' dir='ltr'>noua</span> <span class='ocrx_word' id='word_1_612' title='bbox 107 2496 244 2527; x_wconf 88' lang='lat' dir='ltr'>mulieris,</span> <span class='ocrx_word' id='word_1_613' title='bbox 262 2501 288 2521; x_wconf 89' lang='lat' dir='ltr'>et</span> <span class='ocrx_word' id='word_1_614' title='bbox 306 2495 409 2521; x_wconf 86' lang='lat' dir='ltr'>infelici</span> <span class='ocrx_word' id='word_1_615' title='bbox 422 2495 559 2521; x_wconf 86' lang='lat' dir='ltr'>vicinitate</span> <span class='ocrx_word' id='word_1_616' title='bbox 582 2501 607 2521; x_wconf 90' lang='lat' dir='ltr'>et</span> <span class='ocrx_word' id='word_1_617' title='bbox 621 2495 760 2522; x_wconf 81' lang='lat' dir='ltr'>insolentia</span> <span class='ocrx_word' id='word_1_618' title='bbox 779 2497 952 2531; x_wconf 82' lang='lat' dir='ltr'>voluptatum.</span> <span class='ocrx_word' id='word_1_619' title='bbox 1024 2498 1062 2523; x_wconf 88' lang='lat' dir='ltr'>Ia-</span> 
     </span>
     <span class='ocr_line' id='line_1_63' title="bbox 25 2530 333 2563; baseline -0.006 -6"><span class='ocrx_word' id='word_1_620' title='bbox 25 2530 113 2557; x_wconf 66' lang='lat' dir='ltr'>&amp;atur</span> <span class='ocrx_word' id='word_1_621' title='bbox 124 2531 193 2557; x_wconf 87' lang='lat' dir='ltr'>fama</span> <span class='ocrx_word' id='word_1_622' title='bbox 205 2530 251 2556; x_wconf 89' lang='lat' dir='ltr'>Sil.</span> <span class='ocrx_word' id='word_1_623' title='bbox 264 2539 293 2562; x_wconf 84' lang='lat'>4,</span> <span class='ocrx_word' id='word_1_624' title='bbox 306 2539 333 2563; x_wconf 87' lang='lat'>4.</span> 
     </span>
     <span class='ocr_line' id='line_1_64' title="bbox 26 2564 1063 2599; baseline 0.003 -8"><span class='ocrx_word' id='word_1_625' title='bbox 26 2566 142 2592; x_wconf 82' lang='lat' dir='ltr'>ercitum</span> <span class='ocrx_word' id='word_1_626' title='bbox 154 2566 211 2592; x_wconf 90' lang='lat' dir='ltr'>otio</span> <span class='ocrx_word' id='word_1_627' title='bbox 225 2565 296 2591; x_wconf 84' lang='lat' dir='ltr'>fama</span> <span class='ocrx_word' id='word_1_628' title='bbox 308 2564 412 2592; x_wconf 80' lang='lat' dir='ltr'>inceffit.</span> <span class='ocrx_word' id='word_1_629' title='bbox 467 2565 638 2592; x_wconf 87' lang='lat' dir='ltr'>Increbrescit</span> <span class='ocrx_word' id='word_1_630' title='bbox 651 2566 738 2599; x_wconf 89' lang='lat' dir='ltr'>fama,</span> <span class='ocrx_word' id='word_1_631' title='bbox 756 2567 810 2593; x_wconf 81' lang='lat' dir='ltr'>vid.</span> <span class='ocrx_word' id='word_1_632' title='bbox 832 2574 1063 2595; x_wconf 71' lang='lat' dir='ltr'>lchrssREsco.</span> 
     </span>
     <span class='ocr_line' id='line_1_65' title="bbox 7 2600 1062 2635; baseline 0.004 -9"><span class='ocrx_word' id='word_1_633' title='bbox 7 2612 9 2614; x_wconf 90' lang='lat'>·</span> <span class='ocrx_word' id='word_1_634' title='bbox 24 2601 91 2627; x_wconf 78' lang='lat' dir='ltr'>Plin.</span> <span class='ocrx_word' id='word_1_635' title='bbox 104 2605 127 2631; x_wconf 85' lang='lat'>8,</span> <span class='ocrx_word' id='word_1_636' title='bbox 140 2608 174 2627; x_wconf 76' lang='lat'>22</span> <span class='ocrx_word' id='word_1_637' title='bbox 211 2600 287 2626; x_wconf 88' lang='lat' dir='ltr'>Vnde</span> <span class='ocrx_word' id='word_1_638' title='bbox 305 2606 393 2631; x_wconf 83' lang='lat' dir='ltr'>tamen</span> <span class='ocrx_word' id='word_1_639' title='bbox 414 2600 461 2628; x_wconf 89' lang='lat' dir='ltr'>ista</span> <span class='ocrx_word' id='word_1_640' title='bbox 478 2601 559 2635; x_wconf 87' lang='lat' dir='ltr'>vulgo</span> <span class='ocrx_word' id='word_1_641' title='bbox 582 2601 664 2628; x_wconf 82' lang='lat' dir='ltr'>infixa</span> <span class='ocrx_word' id='word_1_642' title='bbox 682 2601 712 2628; x_wconf 86' lang='lat' dir='ltr'>fit</span> <span class='ocrx_word' id='word_1_643' title='bbox 730 2602 800 2629; x_wconf 89' lang='lat' dir='ltr'>fama</span> <span class='ocrx_word' id='word_1_644' title='bbox 815 2604 843 2629; x_wconf 90' lang='lat' dir='ltr'>in</span> <span class='ocrx_word' id='word_1_645' title='bbox 857 2609 973 2634; x_wconf 85' lang='lat' dir='ltr'>tantum,</span> <span class='ocrx_word' id='word_1_646' title='bbox 991 2609 1020 2630; x_wconf 88' lang='lat' dir='ltr'>vt</span> <span class='ocrx_word' id='word_1_647' title='bbox 1034 2604 1062 2629; x_wconf 90' lang='lat' dir='ltr'>in</span> 
     </span>
     <span class='ocr_line' id='line_1_66' title="bbox 24 2635 1062 2672; baseline 0 -10"><span class='ocrx_word' id='word_1_648' title='bbox 24 2635 173 2663; x_wconf 64' lang='lat' dir='ltr'>maledictis</span> <span class='ocrx_word' id='word_1_649' title='bbox 192 2635 338 2670; x_wconf 82' lang='lat' dir='ltr'>versipelles</span> <span class='ocrx_word' id='word_1_650' title='bbox 357 2636 466 2669; x_wconf 90' lang='lat' dir='ltr'>habeat,</span> <span class='ocrx_word' id='word_1_651' title='bbox 492 2636 663 2663; x_wconf 85' lang='lat' dir='ltr'>indicabitur.</span> <span class='ocrx_word' id='word_1_652' title='bbox 734 2638 795 2664; x_wconf 92' lang='lat' dir='ltr'>Liu.</span> <span class='ocrx_word' id='word_1_653' title='bbox 813 2647 861 2671; x_wconf 74' lang='lat'>29,</span> <span class='ocrx_word' id='word_1_654' title='bbox 880 2646 911 2672; x_wconf 84' lang='lat'>37</span> <span class='ocrx_word' id='word_1_655' title='bbox 944 2638 1062 2664; x_wconf 85' lang='lat' dir='ltr'>Foeduin</span> 
     </span>
     <span class='ocr_line' id='line_1_67' title="bbox 25 2671 1062 2706; baseline -0.002 -7"><span class='ocrx_word' id='word_1_656' title='bbox 25 2678 157 2699; x_wconf 84' lang='lat' dir='ltr'>certamen</span> <span class='ocrx_word' id='word_1_657' title='bbox 174 2671 332 2706; x_wconf 87' lang='lat' dir='ltr'>Inquinandi</span> <span class='ocrx_word' id='word_1_658' title='bbox 346 2672 441 2698; x_wconf 87' lang='lat' dir='ltr'>famam</span> <span class='ocrx_word' id='word_1_659' title='bbox 454 2672 578 2704; x_wconf 82' lang='lat' dir='ltr'>alterius,</span> <span class='ocrx_word' id='word_1_660' title='bbox 595 2681 654 2697; x_wconf 87' lang='lat' dir='ltr'>cum</span> <span class='ocrx_word' id='word_1_661' title='bbox 661 2673 726 2706; x_wconf 31' lang='lat' dir='ltr'>*suae</span> <span class='ocrx_word' id='word_1_662' title='bbox 739 2673 824 2698; x_wconf 87' lang='lat' dir='ltr'>famae</span> <span class='ocrx_word' id='word_1_663' title='bbox 837 2673 948 2704; x_wconf 87' lang='lat' dir='ltr'>damno,</span> <span class='ocrx_word' id='word_1_664' title='bbox 962 2672 1062 2698; x_wconf 59' lang='lat' dir='ltr'>fafium</span> 
     </span>
    </p>
   </div>
   <div class='ocr_carea' id='block_1_7' title="bbox 0 210 16 2171">
    <p class='ocr_par' dir='ltr' id='par_1_9' title="bbox 0 210 16 2171">
     <span class='ocr_line' id='line_1_68' title="bbox 0 210 16 2171; baseline 0 0"><span class='ocrx_word' id='word_1_665' title='bbox 0 210 16 2171; x_wconf 95' lang='lat' dir='ltr'> </span> 
     </span>
    </p>
   </div>
   <div class='ocr_carea' id='block_1_8' title="bbox 0 2484 24 3141">
    <p class='ocr_par' dir='ltr' id='par_1_10' title="bbox 0 2484 24 3141">
     <span class='ocr_line' id='line_1_69' title="bbox 0 2484 22 2687; baseline 0 -104"><span class='ocrx_word' id='word_1_666' title='bbox 0 2484 22 2687; x_wconf 95' lang='lat' dir='ltr'>   </span> 
     </span>
     <span class='ocr_line' id='line_1_70' title="bbox 0 2687 22 2794; baseline 0 -47"><span class='ocrx_word' id='word_1_667' title='bbox 0 2687 22 2794; x_wconf 95' lang='lat' dir='ltr'>   </span> 
     </span>
     <span class='ocr_line' id='line_1_71' title="bbox 0 2794 24 2971; baseline 0 -65"><span class='ocrx_word' id='word_1_668' title='bbox 0 2794 24 2971; x_wconf 95' lang='lat' dir='ltr'>   </span> 
     </span>
     <span class='ocr_line' id='line_1_72' title="bbox 13 3043 24 3141; baseline 0 1084"><span class='ocrx_word' id='word_1_669' title='bbox 13 3043 24 3141; x_wconf 95' lang='lat' dir='ltr'> </span> 
     </span>
    </p>
   </div>
   <div class='ocr_carea' id='block_1_9' title="bbox 0 2706 1064 3372">
    <p class='ocr_par' dir='ltr' id='par_1_11' title="bbox 0 2706 1064 3093">
     <span class='ocr_line' id='line_1_73' title="bbox 24 2706 638 2738; baseline -0.003 -4"><span class='ocrx_word' id='word_1_670' title='bbox 24 2707 71 2734; x_wconf 84' lang='lat' dir='ltr'>est.</span> <span class='ocrx_word' id='word_1_671' title='bbox 141 2707 272 2734; x_wconf 85' lang='lat' dir='ltr'>Inseruire</span> <span class='ocrx_word' id='word_1_672' title='bbox 285 2706 369 2733; x_wconf 80' lang='lat' dir='ltr'>faniae</span> <span class='ocrx_word' id='word_1_673' title='bbox 382 2707 473 2733; x_wconf 83' lang='lat' dir='ltr'>Tacit.</span> <span class='ocrx_word' id='word_1_674' title='bbox 488 2708 554 2732; x_wconf 91' lang='lat' dir='ltr'>Ann.</span> <span class='ocrx_word' id='word_1_675' title='bbox 568 2715 602 2738; x_wconf 78' lang='lat'>13,</span> <span class='ocrx_word' id='word_1_676' title='bbox 615 2711 638 2736; x_wconf 89' lang='lat'>8.</span> 
     </span>
     <span class='ocr_line' id='line_1_74' title="bbox 23 2741 1064 2777; baseline -0.001 -8"><span class='ocrx_word' id='word_1_677' title='bbox 23 2742 114 2777; x_wconf 80' lang='lat' dir='ltr'>Agric.</span> <span class='ocrx_word' id='word_1_678' title='bbox 130 2747 163 2773; x_wconf 85' lang='lat'>18.</span> <span class='ocrx_word' id='word_1_679' title='bbox 233 2743 343 2768; x_wconf 87' lang='lat' dir='ltr'>Inurere</span> <span class='ocrx_word' id='word_1_680' title='bbox 362 2741 459 2768; x_wconf 87' lang='lat' dir='ltr'>famam</span> <span class='ocrx_word' id='word_1_681' title='bbox 472 2741 610 2776; x_wconf 83' lang='lat' dir='ltr'>superbiae</span> <span class='ocrx_word' id='word_1_682' title='bbox 630 2741 726 2774; x_wconf 89' lang='lat' dir='ltr'>alicui,</span> <span class='ocrx_word' id='word_1_683' title='bbox 745 2742 797 2768; x_wconf 80' lang='lat' dir='ltr'>vid.</span> <span class='ocrx_word' id='word_1_684' title='bbox 824 2750 834 2768; x_wconf 89' lang='lat'>1</span> <span class='ocrx_word' id='word_1_685' title='bbox 846 2748 867 2767; x_wconf 83' lang='lat' dir='ltr'>N</span> <span class='ocrx_word' id='word_1_686' title='bbox 880 2749 899 2767; x_wconf 80' lang='lat' dir='ltr'>v</span> <span class='ocrx_word' id='word_1_687' title='bbox 910 2749 929 2768; x_wconf 75' lang='lat' dir='ltr'>R</span> <span class='ocrx_word' id='word_1_688' title='bbox 939 2748 968 2767; x_wconf 93' lang='lat'>0.</span> <span class='ocrx_word' id='word_1_689' title='bbox 1040 2743 1064 2768; x_wconf 92' lang='lat' dir='ltr'>It</span> 
     </span>
     <span class='ocr_line' id='line_1_75' title="bbox 25 2777 1061 2813; baseline -0.003 -8"><span class='ocrx_word' id='word_1_690' title='bbox 25 2778 95 2806; x_wconf 80' lang='lat' dir='ltr'>fama</span> <span class='ocrx_word' id='word_1_691' title='bbox 110 2786 157 2813; x_wconf 86' lang='lat' dir='ltr'>per</span> <span class='ocrx_word' id='word_1_692' title='bbox 169 2777 248 2804; x_wconf 89' lang='lat' dir='ltr'>vrbes</span> <span class='ocrx_word' id='word_1_693' title='bbox 267 2778 341 2812; x_wconf 86' lang='lat' dir='ltr'>Virg.</span> <span class='ocrx_word' id='word_1_694' title='bbox 357 2778 422 2804; x_wconf 84' lang='lat' dir='ltr'>Aen.</span> <span class='ocrx_word' id='word_1_695' title='bbox 436 2786 464 2809; x_wconf 94' lang='lat'>4,</span> <span class='ocrx_word' id='word_1_696' title='bbox 478 2785 529 2812; x_wconf 82' lang='lat'>173.</span> <span class='ocrx_word' id='word_1_697' title='bbox 603 2777 728 2803; x_wconf 86' lang='lat' dir='ltr'>Lacerare</span> <span class='ocrx_word' id='word_1_698' title='bbox 744 2777 839 2803; x_wconf 88' lang='lat' dir='ltr'>famam</span> <span class='ocrx_word' id='word_1_699' title='bbox 859 2778 970 2804; x_wconf 85' lang='lat' dir='ltr'>alicuius</span> <span class='ocrx_word' id='word_1_700' title='bbox 980 2797 989 2810; x_wconf 90' lang='lat'>,</span> <span class='ocrx_word' id='word_1_701' title='bbox 1008 2777 1061 2803; x_wconf 82' lang='lat' dir='ltr'>vid.</span> 
     </span>
     <span class='ocr_line' id='line_1_76' title="bbox 27 2812 1061 2847; baseline -0.003 -5"><span class='ocrx_word' id='word_1_702' title='bbox 27 2819 164 2846; x_wconf 75' lang='lat' dir='ltr'>LACERO.</span> <span class='ocrx_word' id='word_1_703' title='bbox 236 2813 352 2839; x_wconf 85' lang='lat' dir='ltr'>Laedere</span> <span class='ocrx_word' id='word_1_704' title='bbox 373 2813 470 2839; x_wconf 83' lang='lat' dir='ltr'>famam</span> <span class='ocrx_word' id='word_1_705' title='bbox 489 2813 554 2839; x_wconf 87' lang='lat' dir='ltr'>Plin.</span> <span class='ocrx_word' id='word_1_706' title='bbox 567 2812 645 2846; x_wconf 86' lang='lat' dir='ltr'>Epist.</span> <span class='ocrx_word' id='word_1_707' title='bbox 664 2821 687 2844; x_wconf 87' lang='grc'>3,</span> <span class='ocrx_word' id='word_1_708' title='bbox 702 2820 727 2847; x_wconf 87' lang='lat'>7.</span> <span class='ocrx_word' id='word_1_709' title='bbox 749 2812 801 2839; x_wconf 82' lang='lat' dir='ltr'>vid.</span> <span class='ocrx_word' id='word_1_710' title='bbox 820 2819 939 2839; x_wconf 82' lang='lat' dir='ltr'>LAEDO.</span> <span class='ocrx_word' id='word_1_711' title='bbox 1010 2813 1061 2839; x_wconf 91' lang='lat' dir='ltr'>Lo-</span> 
     </span>
     <span class='ocr_line' id='line_1_77' title="bbox 22 2847 1061 2887; baseline -0.003 -11"><span class='ocrx_word' id='word_1_712' title='bbox 22 2851 120 2885; x_wconf 44' lang='lat' dir='ltr'>*quatur</span> <span class='ocrx_word' id='word_1_713' title='bbox 133 2849 204 2875; x_wconf 80' lang='lat' dir='ltr'>fama</span> <span class='ocrx_word' id='word_1_714' title='bbox 219 2857 300 2882; x_wconf 89' lang='lat' dir='ltr'>opus,</span> <span class='ocrx_word' id='word_1_715' title='bbox 316 2848 368 2875; x_wconf 81' lang='lat' dir='ltr'>uid.</span> <span class='ocrx_word' id='word_1_716' title='bbox 389 2855 530 2887; x_wconf 58' lang='lat' dir='ltr'>LOQVOR.</span> <span class='ocrx_word' id='word_1_717' title='bbox 585 2849 681 2874; x_wconf 76' lang='lat' dir='ltr'>Patere.</span> <span class='ocrx_word' id='word_1_718' title='bbox 694 2856 720 2880; x_wconf 83' lang='lat'>2,</span> <span class='ocrx_word' id='word_1_719' title='bbox 735 2857 765 2881; x_wconf 85' lang='lat'>93</span> <span class='ocrx_word' id='word_1_720' title='bbox 785 2848 919 2874; x_wconf 62' lang='lat' dir='ltr'>Profectus</span> <span class='ocrx_word' id='word_1_721' title='bbox 933 2849 961 2874; x_wconf 90' lang='lat' dir='ltr'>in</span> <span class='ocrx_word' id='word_1_722' title='bbox 975 2847 1061 2874; x_wconf 82' lang='lat' dir='ltr'>Asiam</span> 
     </span>
     <span class='ocr_line' id='line_1_78' title="bbox 25 2883 899 2918; baseline -0.002 -7"><span class='ocrx_word' id='word_1_723' title='bbox 25 2887 71 2917; x_wconf 88' lang='lat' dir='ltr'>(vt</span> <span class='ocrx_word' id='word_1_724' title='bbox 89 2884 159 2911; x_wconf 86' lang='lat' dir='ltr'>fama</span> <span class='ocrx_word' id='word_1_725' title='bbox 177 2884 330 2918; x_wconf 81' lang='lat' dir='ltr'>Loquitur)</span> <span class='ocrx_word' id='word_1_726' title='bbox 348 2883 384 2910; x_wconf 90' lang='lat' dir='ltr'>ob</span> <span class='ocrx_word' id='word_1_727' title='bbox 403 2884 492 2910; x_wconf 85' lang='lat' dir='ltr'>tacitas</span> <span class='ocrx_word' id='word_1_728' title='bbox 510 2893 570 2910; x_wconf 90' lang='lat' dir='ltr'>cum</span> <span class='ocrx_word' id='word_1_729' title='bbox 589 2883 717 2910; x_wconf 90' lang='lat' dir='ltr'>Marcello</span> <span class='ocrx_word' id='word_1_730' title='bbox 736 2883 899 2910; x_wconf 80' lang='lat' dir='ltr'>offensiones.</span> 
     </span>
     <span class='ocr_line' id='line_1_79' title="bbox 27 2919 1061 2954; baseline -0.001 -8"><span class='ocrx_word' id='word_1_731' title='bbox 27 2920 94 2946; x_wconf 82' lang='lat' dir='ltr'>Ann-</span> <span class='ocrx_word' id='word_1_732' title='bbox 107 2928 135 2953; x_wconf 84' lang='lat'>4,</span> <span class='ocrx_word' id='word_1_733' title='bbox 149 2921 166 2946; x_wconf 92' lang='lat'>6</span> <span class='ocrx_word' id='word_1_734' title='bbox 184 2919 234 2946; x_wconf 82' lang='lat' dir='ltr'>Res</span> <span class='ocrx_word' id='word_1_735' title='bbox 247 2920 302 2946; x_wconf 85' lang='lat' dir='ltr'>suas</span> <span class='ocrx_word' id='word_1_736' title='bbox 313 2920 406 2946; x_wconf 87' lang='lat' dir='ltr'>Cacsar</span> <span class='ocrx_word' id='word_1_737' title='bbox 417 2919 597 2954; x_wconf 62' lang='lat' dir='ltr'>speohtiffimo</span> <span class='ocrx_word' id='word_1_738' title='bbox 610 2919 718 2953; x_wconf 87' lang='lat' dir='ltr'>cuique,</span> <span class='ocrx_word' id='word_1_739' title='bbox 737 2919 893 2954; x_wconf 88' lang='lat' dir='ltr'>quibusdam</span> <span class='ocrx_word' id='word_1_740' title='bbox 909 2919 1014 2953; x_wconf 79' lang='lat' dir='ltr'>ignotis.</span> <span class='ocrx_word' id='word_1_741' title='bbox 1029 2928 1061 2945; x_wconf 87' lang='lat' dir='ltr'>ex</span> 
     </span>
     <span class='ocr_line' id='line_1_80' title="bbox 26 2953 1061 2987; baseline -0.002 -5"><span class='ocrx_word' id='word_1_742' title='bbox 26 2953 98 2982; x_wconf 77' lang='lat' dir='ltr'>fama</span> <span class='ocrx_word' id='word_1_743' title='bbox 111 2954 257 2983; x_wconf 85' lang='lat' dir='ltr'>mandabat.</span> <span class='ocrx_word' id='word_1_744' title='bbox 326 2956 416 2982; x_wconf 86' lang='lat' dir='ltr'>Manet</span> <span class='ocrx_word' id='word_1_745' title='bbox 436 2955 522 2987; x_wconf 87' lang='lat' dir='ltr'>fama,</span> <span class='ocrx_word' id='word_1_746' title='bbox 539 2955 592 2981; x_wconf 78' lang='lat' dir='ltr'>uid.</span> <span class='ocrx_word' id='word_1_747' title='bbox 609 2961 739 2981; x_wconf 78' lang='lat' dir='ltr'>MANEO.</span> <span class='ocrx_word' id='word_1_748' title='bbox 808 2955 932 2981; x_wconf 86' lang='lat' dir='ltr'>Mansura</span> <span class='ocrx_word' id='word_1_749' title='bbox 951 2954 1021 2981; x_wconf 88' lang='lat' dir='ltr'>fama</span> <span class='ocrx_word' id='word_1_750' title='bbox 1032 2955 1061 2981; x_wconf 90' lang='lat' dir='ltr'>in</span> 
     </span>
     <span class='ocr_line' id='line_1_81' title="bbox 0 2989 1060 3025; baseline 0.001 -10"><span class='ocrx_word' id='word_1_751' title='bbox 0 2997 3 3010; x_wconf 53' lang='grc' dir='ltr'>ι</span> <span class='ocrx_word' id='word_1_752' title='bbox 28 2989 129 3016; x_wconf 82' lang='lat' dir='ltr'>faecula</span> <span class='ocrx_word' id='word_1_753' title='bbox 139 2990 234 3016; x_wconf 89' lang='lat' dir='ltr'>Lucan.</span> <span class='ocrx_word' id='word_1_754' title='bbox 250 2994 273 3023; x_wconf 91' lang='lat'>8,</span> <span class='ocrx_word' id='word_1_755' title='bbox 287 2997 332 3025; x_wconf 84' lang='lat'>74.</span> <span class='ocrx_word' id='word_1_756' title='bbox 403 2991 492 3016; x_wconf 88' lang='lat' dir='ltr'>Manat</span> <span class='ocrx_word' id='word_1_757' title='bbox 510 2990 597 3023; x_wconf 88' lang='lat' dir='ltr'>fama,</span> <span class='ocrx_word' id='word_1_758' title='bbox 617 2991 710 3016; x_wconf 84' lang='lat' dir='ltr'>Manat</span> <span class='ocrx_word' id='word_1_759' title='bbox 728 2999 828 3016; x_wconf 80' lang='lat' dir='ltr'>rumor.-</span> <span class='ocrx_word' id='word_1_760' title='bbox 853 2990 907 3017; x_wconf 77' lang='lat' dir='ltr'>vid.</span> <span class='ocrx_word' id='word_1_761' title='bbox 934 2997 1019 3017; x_wconf 79' lang='lat' dir='ltr'>MAN</span> <span class='ocrx_word' id='word_1_762' title='bbox 1030 2997 1060 3017; x_wconf 89' lang='lat'>0.</span> 
     </span>
     <span class='ocr_line' id='line_1_82' title="bbox 29 3024 547 3057; baseline 0.004 -7"><span class='ocrx_word' id='word_1_763' title='bbox 29 3024 142 3050; x_wconf 86' lang='lat' dir='ltr'>Mentita</span> <span class='ocrx_word' id='word_1_764' title='bbox 153 3024 188 3051; x_wconf 80' lang='lat' dir='ltr'>est</span> <span class='ocrx_word' id='word_1_765' title='bbox 199 3026 268 3052; x_wconf 86' lang='lat' dir='ltr'>fama</span> <span class='ocrx_word' id='word_1_766' title='bbox 285 3025 366 3053; x_wconf 84' lang='lat' dir='ltr'>Ouid.</span> <span class='ocrx_word' id='word_1_767' title='bbox 379 3026 444 3053; x_wconf 86' lang='lat' dir='ltr'>Met.</span> <span class='ocrx_word' id='word_1_768' title='bbox 460 3034 497 3057; x_wconf 85' lang='lat'>10,</span> <span class='ocrx_word' id='word_1_769' title='bbox 511 3031 547 3056; x_wconf 73' lang='lat'>28.</span> 
     </span>
     <span class='ocr_line' id='line_1_83' title="bbox 32 3059 477 3093; baseline 0.002 -7"><span class='ocrx_word' id='word_1_770' title='bbox 32 3059 148 3086; x_wconf 81' lang='lat' dir='ltr'>Moritur</span> <span class='ocrx_word' id='word_1_771' title='bbox 164 3060 246 3093; x_wconf 82' lang='lat' dir='ltr'>fama,</span> <span class='ocrx_word' id='word_1_772' title='bbox 263 3061 315 3088; x_wconf 78' lang='lat' dir='ltr'>uid.</span> <span class='ocrx_word' id='word_1_773' title='bbox 336 3068 477 3088; x_wconf 81' lang='lat' dir='ltr'>MORioR.</span> 
     </span>
    </p>

    <p class='ocr_par' dir='ltr' id='par_1_12' title="bbox 0 3093 1062 3372">
     <span class='ocr_line' id='line_1_84' title="bbox 31 3093 1062 3133; baseline 0.002 -12"><span class='ocrx_word' id='word_1_774' title='bbox 31 3099 78 3121; x_wconf 81' lang='lat' dir='ltr'>tut·</span> <span class='ocrx_word' id='word_1_775' title='bbox 88 3093 234 3133; x_wconf 50' lang='lat' dir='ltr'>Virg3Aen.</span> <span class='ocrx_word' id='word_1_776' title='bbox 247 3105 272 3130; x_wconf 81' lang='lat'>4,</span> <span class='ocrx_word' id='word_1_777' title='bbox 286 3105 341 3132; x_wconf 86' lang='lat'>170.</span> <span class='ocrx_word' id='word_1_778' title='bbox 358 3100 377 3123; x_wconf 86' lang='grc' dir='ltr'>ι’.</span> <span class='ocrx_word' id='word_1_779' title='bbox 394 3097 511 3133; x_wconf 78' lang='lat' dir='ltr'>infamia.</span> <span class='ocrx_word' id='word_1_780' title='bbox 582 3098 679 3123; x_wconf 85' lang='lat' dir='ltr'>Patere.</span> <span class='ocrx_word' id='word_1_781' title='bbox 697 3105 723 3129; x_wconf 83' lang='lat'>2,</span> <span class='ocrx_word' id='word_1_782' title='bbox 744 3105 780 3123; x_wconf 82' lang='lat'>121</span> <span class='ocrx_word' id='word_1_783' title='bbox 799 3104 861 3123; x_wconf 72' lang='lat' dir='ltr'>extr.</span> <span class='ocrx_word' id='word_1_784' title='bbox 891 3097 1062 3123; x_wconf 84' lang='lat' dir='ltr'>Eininentisli-</span> 
     </span>
     <span class='ocr_line' id='line_1_85' title="bbox 31 3128 1060 3168; baseline 0.002 -12"><span class='ocrx_word' id='word_1_785' title='bbox 31 3138 90 3156; x_wconf 87' lang='lat' dir='ltr'>mos</span> <span class='ocrx_word' id='word_1_786' title='bbox 105 3128 216 3168; x_wconf 80' lang='lat' dir='ltr'>hostium</span> <span class='ocrx_word' id='word_1_787' title='bbox 229 3130 301 3158; x_wconf 84' lang='lat' dir='ltr'>duces</span> <span class='ocrx_word' id='word_1_788' title='bbox 319 3141 373 3159; x_wconf 89' lang='lat' dir='ltr'>non</span> <span class='ocrx_word' id='word_1_789' title='bbox 391 3133 489 3159; x_wconf 85' lang='lat' dir='ltr'>occisos</span> <span class='ocrx_word' id='word_1_790' title='bbox 501 3133 570 3159; x_wconf 88' lang='lat' dir='ltr'>fama</span> <span class='ocrx_word' id='word_1_791' title='bbox 578 3132 722 3165; x_wconf 85' lang='lat' dir='ltr'>Narrauit,</span> <span class='ocrx_word' id='word_1_792' title='bbox 735 3132 778 3159; x_wconf 82' lang='lat' dir='ltr'>sed</span> <span class='ocrx_word' id='word_1_793' title='bbox 791 3132 895 3159; x_wconf 63' lang='lat' dir='ltr'>vinctos</span> <span class='ocrx_word' id='word_1_794' title='bbox 911 3133 1060 3167; x_wconf 88' lang='lat' dir='ltr'>triumphus</span> 
     </span>
     <span class='ocr_line' id='line_1_86' title="bbox 31 3164 1060 3201; baseline 0.004 -10"><span class='ocrx_word' id='word_1_795' title='bbox 31 3164 155 3191; x_wconf 81' lang='lat' dir='ltr'>ostendit.</span> <span class='ocrx_word' id='word_1_796' title='bbox 224 3165 301 3193; x_wconf 81' lang='lat' dir='ltr'>Nasci</span> <span class='ocrx_word' id='word_1_797' title='bbox 314 3168 409 3194; x_wconf 86' lang='lat' dir='ltr'>samam</span> <span class='ocrx_word' id='word_1_798' title='bbox 423 3168 499 3194; x_wconf 73' lang='grc' dir='ltr'>Αιιξὶ.</span> <span class='ocrx_word' id='word_1_799' title='bbox 514 3168 546 3194; x_wconf 90' lang='lat' dir='ltr'>ad</span> <span class='ocrx_word' id='word_1_800' title='bbox 559 3169 657 3195; x_wconf 88' lang='lat' dir='ltr'>Heren.</span> <span class='ocrx_word' id='word_1_801' title='bbox 671 3176 697 3199; x_wconf 87' lang='lat'>2,</span> <span class='ocrx_word' id='word_1_802' title='bbox 735 3187 741 3194; x_wconf 97' lang='lat'>.</span> <span class='ocrx_word' id='word_1_803' title='bbox 855 3169 911 3195; x_wconf 91' lang='lat' dir='ltr'>Cic.</span> <span class='ocrx_word' id='word_1_804' title='bbox 932 3169 1003 3195; x_wconf 85' lang='lat' dir='ltr'>Fam.</span> <span class='ocrx_word' id='word_1_805' title='bbox 1024 3177 1060 3201; x_wconf 85' lang='lat'>12,</span> 
     </span>
     <span class='ocr_line' id='line_1_87' title="bbox 30 3199 1060 3236; baseline 0.006 -12"><span class='ocrx_word' id='word_1_806' title='bbox 30 3209 52 3233; x_wconf 88' lang='lat'>4</span> <span class='ocrx_word' id='word_1_807' title='bbox 69 3201 148 3226; x_wconf 81' lang='lat' dir='ltr'>Fama</span> <span class='ocrx_word' id='word_1_808' title='bbox 166 3199 309 3229; x_wconf 88' lang='lat' dir='ltr'>Nuntiabat</span> <span class='ocrx_word' id='word_1_809' title='bbox 326 3209 351 3229; x_wconf 86' lang='lat' dir='ltr'>te</span> <span class='ocrx_word' id='word_1_810' title='bbox 370 3204 418 3230; x_wconf 80' lang='lat' dir='ltr'>else</span> <span class='ocrx_word' id='word_1_811' title='bbox 438 3204 467 3230; x_wconf 87' lang='lat' dir='ltr'>in</span> <span class='ocrx_word' id='word_1_812' title='bbox 479 3204 561 3236; x_wconf 85' lang='lat' dir='ltr'>Syria.</span> <span class='ocrx_word' id='word_1_813' title='bbox 632 3203 784 3230; x_wconf 85' lang='lat' dir='ltr'>Obliterare</span> <span class='ocrx_word' id='word_1_814' title='bbox 796 3203 910 3236; x_wconf 89' lang='lat' dir='ltr'>famam,</span> <span class='ocrx_word' id='word_1_815' title='bbox 930 3204 984 3230; x_wconf 82' lang='lat' dir='ltr'>vid.</span> <span class='ocrx_word' id='word_1_816' title='bbox 1007 3210 1060 3230; x_wconf 77' lang='lat' dir='ltr'>on-</span> 
     </span>
     <span class='ocr_line' id='line_1_88' title="bbox 2 3236 896 3273; baseline 0.004 -11"><span class='ocrx_word' id='word_1_817' title='bbox 2 3242 5 3266; x_wconf 71' lang='lat'>!</span> <span class='ocrx_word' id='word_1_818' title='bbox 31 3241 165 3262; x_wconf 62' lang='lat' dir='ltr'>Li&#39;raRo.</span> <span class='ocrx_word' id='word_1_819' title='bbox 235 3236 337 3264; x_wconf 83' lang='lat' dir='ltr'>Oblitus</span> <span class='ocrx_word' id='word_1_820' title='bbox 363 3239 482 3266; x_wconf 86' lang='lat' dir='ltr'>melioris</span> <span class='ocrx_word' id='word_1_821' title='bbox 503 3240 589 3266; x_wconf 82' lang='lat' dir='ltr'>famae</span> <span class='ocrx_word' id='word_1_822' title='bbox 620 3236 694 3273; x_wconf 80' lang='lat' dir='ltr'>Virg.</span> <span class='ocrx_word' id='word_1_823' title='bbox 710 3240 776 3265; x_wconf 88' lang='lat' dir='ltr'>Aen.</span> <span class='ocrx_word' id='word_1_824' title='bbox 794 3248 821 3272; x_wconf 86' lang='lat'>4,</span> <span class='ocrx_word' id='word_1_825' title='bbox 842 3248 896 3266; x_wconf 81' lang='lat'>221.</span> 
     </span>
     <span class='ocr_line' id='line_1_89' title="bbox 0 3270 1060 3372; baseline 0.006 -77"><span class='ocrx_word' id='word_1_826' title='bbox 0 3278 13 3372; x_wconf 50' lang='grc' dir='ltr'>ἰ</span> <span class='ocrx_word' id='word_1_827' title='bbox 32 3271 118 3304; x_wconf 79' lang='lat' dir='ltr'>Agric.</span> <span class='ocrx_word' id='word_1_828' title='bbox 131 3277 159 3304; x_wconf 89' lang='lat'>17</span> <span class='ocrx_word' id='word_1_829' title='bbox 176 3270 207 3296; x_wconf 85' lang='lat' dir='ltr'>Et</span> <span class='ocrx_word' id='word_1_830' title='bbox 219 3278 298 3304; x_wconf 89' lang='lat' dir='ltr'>quum</span> <span class='ocrx_word' id='word_1_831' title='bbox 311 3274 422 3301; x_wconf 83' lang='lat' dir='ltr'>Cerealis</span> <span class='ocrx_word' id='word_1_832' title='bbox 436 3274 543 3310; x_wconf 89' lang='lat' dir='ltr'>quidem</span> <span class='ocrx_word' id='word_1_833' title='bbox 557 3274 665 3301; x_wconf 84' lang='lat' dir='ltr'>alterius</span> <span class='ocrx_word' id='word_1_834' title='bbox 680 3275 825 3301; x_wconf 77' lang='lat' dir='ltr'>successoris</span> <span class='ocrx_word' id='word_1_835' title='bbox 838 3284 937 3307; x_wconf 88' lang='lat' dir='ltr'>curam,</span> <span class='ocrx_word' id='word_1_836' title='bbox 951 3274 1060 3301; x_wconf 85' lang='lat' dir='ltr'>famam-</span> 
     </span>
    </p>
   </div>
   <div class='ocr_carea' id='block_1_10' title="bbox 618 3025 1062 3058">
    <p class='ocr_par' dir='ltr' id='par_1_13' title="bbox 618 3025 1062 3058">
     <span class='ocr_line' id='line_1_90' title="bbox 618 3025 1062 3058; baseline 0.005 -7"><span class='ocrx_word' id='word_1_837' title='bbox 618 3026 722 3052; x_wconf 86' lang='lat' dir='ltr'>Merere</span> <span class='ocrx_word' id='word_1_838' title='bbox 739 3026 852 3058; x_wconf 85' lang='lat' dir='ltr'>famam,</span> <span class='ocrx_word' id='word_1_839' title='bbox 872 3025 926 3052; x_wconf 78' lang='lat' dir='ltr'>vid.</span> <span class='ocrx_word' id='word_1_840' title='bbox 944 3033 1062 3053; x_wconf 72' lang='lat' dir='ltr'>MEREO.</span> 
     </span>
    </p>
   </div>
   <div class='ocr_carea' id='block_1_11' title="bbox 30 3304 1061 3379">
    <p class='ocr_par' dir='ltr' id='par_1_14' title="bbox 30 3304 1061 3379">
     <span class='ocr_line' id='line_1_91' title="bbox 30 3304 1061 3346; baseline 0.004 -14"><span class='ocrx_word' id='word_1_841' title='bbox 30 3314 82 3341; x_wconf 89' lang='lat' dir='ltr'>que</span> <span class='ocrx_word' id='word_1_842' title='bbox 90 3304 238 3344; x_wconf 68' lang='lat' dir='ltr'>Obriiisi‘et,</span> <span class='ocrx_word' id='word_1_843' title='bbox 255 3306 370 3335; x_wconf 82' lang='lat' dir='ltr'>sustinuit</span> <span class='ocrx_word' id='word_1_844' title='bbox 391 3319 498 3346; x_wconf 85' lang='lat' dir='ltr'>quoque</span> <span class='ocrx_word' id='word_1_845' title='bbox 516 3311 615 3337; x_wconf 91' lang='lat' dir='ltr'>molem</span> <span class='ocrx_word' id='word_1_846' title='bbox 633 3310 717 3336; x_wconf 85' lang='lat' dir='ltr'>Iulius</span> <span class='ocrx_word' id='word_1_847' title='bbox 730 3311 871 3337; x_wconf 87' lang='lat' dir='ltr'>Frontinus</span> <span class='ocrx_word' id='word_1_848' title='bbox 890 3311 933 3337; x_wconf 87' lang='lat' dir='ltr'>vir</span> <span class='ocrx_word' id='word_1_849' title='bbox 952 3319 1061 3344; x_wconf 85' lang='lat' dir='ltr'>magnus</span> 
     </span>
     <span class='ocr_line' id='line_1_92' title="bbox 31 3340 1059 3379; baseline 0.005 -12"><span class='ocrx_word' id='word_1_850' title='bbox 31 3348 159 3377; x_wconf 90' lang='lat' dir='ltr'>quantum</span> <span class='ocrx_word' id='word_1_851' title='bbox 173 3340 276 3366; x_wconf 83' lang='lat' dir='ltr'>licebat.</span> <span class='ocrx_word' id='word_1_852' title='bbox 321 3366 323 3371; x_wconf 80' lang='grc'>,</span> <span class='ocrx_word' id='word_1_853' title='bbox 342 3344 485 3373; x_wconf 85' lang='lat' dir='ltr'>Patefacere</span> <span class='ocrx_word' id='word_1_854' title='bbox 498 3346 583 3372; x_wconf 87' lang='lat' dir='ltr'>famae</span> <span class='ocrx_word' id='word_1_855' title='bbox 595 3347 718 3379; x_wconf 86' lang='lat' dir='ltr'>ianuam,</span> <span class='ocrx_word' id='word_1_856' title='bbox 738 3345 791 3372; x_wconf 83' lang='lat' dir='ltr'>vid.</span> <span class='ocrx_word' id='word_1_857' title='bbox 812 3353 931 3373; x_wconf 82' lang='lat' dir='ltr'>IANVA.</span> <span class='ocrx_word' id='word_1_858' title='bbox 1002 3346 1059 3372; x_wconf 88' lang='lat' dir='ltr'>Cic.</span> 
     </span>
    </p>
   </div>
   <div class='ocr_carea' id='block_1_12' title="bbox 0 3374 1060 3481">
    <p class='ocr_par' dir='ltr' id='par_1_15' title="bbox 0 3374 1060 3481">
     <span class='ocr_line' id='line_1_93' title="bbox 0 3374 1060 3416; baseline 0.004 -13"><span class='ocrx_word' id='word_1_859' title='bbox 0 3374 9 3414; x_wconf 62' lang='lat'>2</span> <span class='ocrx_word' id='word_1_860' title='bbox 31 3397 40 3404; x_wconf 85' lang='lat'>.</span> <span class='ocrx_word' id='word_1_861' title='bbox 77 3396 84 3403; x_wconf 94' lang='lat'>.</span> <span class='ocrx_word' id='word_1_862' title='bbox 121 3397 128 3403; x_wconf 86' lang='lat'>.</span> <span class='ocrx_word' id='word_1_863' title='bbox 164 3375 244 3416; x_wconf 68' lang='lat' dir='ltr'>Quod</span> <span class='ocrx_word' id='word_1_864' title='bbox 262 3376 280 3402; x_wconf 78' lang='lat' dir='ltr'>ii</span> <span class='ocrx_word' id='word_1_865' title='bbox 301 3377 398 3413; x_wconf 84' lang='lat' dir='ltr'>semper</span> <span class='ocrx_word' id='word_1_866' title='bbox 409 3390 461 3408; x_wconf 87' lang='lat' dir='ltr'>vna</span> <span class='ocrx_word' id='word_1_867' title='bbox 480 3382 583 3415; x_wconf 83' lang='lat' dir='ltr'>fuisset,</span> <span class='ocrx_word' id='word_1_868' title='bbox 610 3388 697 3408; x_wconf 88' lang='lat' dir='ltr'>tamen</span> <span class='ocrx_word' id='word_1_869' title='bbox 711 3382 810 3407; x_wconf 89' lang='lat' dir='ltr'>summa</span> <span class='ocrx_word' id='word_1_870' title='bbox 824 3388 956 3408; x_wconf 87' lang='lat' dir='ltr'>curatum</span> <span class='ocrx_word' id='word_1_871' title='bbox 974 3381 1060 3407; x_wconf 87' lang='lat' dir='ltr'>multo</span> 
     </span>
     <span class='ocr_line' id='line_1_94' title="bbox 0 3411 546 3481; baseline 0.009 -42"><span class='ocrx_word' id='word_1_872' title='bbox 0 3417 11 3481; x_wconf 49' lang='lat' dir='ltr'><em>x</em></span> <span class='ocrx_word' id='word_1_873' title='bbox 30 3412 110 3440; x_wconf 79' lang='lat' dir='ltr'>etiam</span> <span class='ocrx_word' id='word_1_874' title='bbox 125 3420 207 3446; x_wconf 82' lang='lat' dir='ltr'>magis</span> <span class='ocrx_word' id='word_1_875' title='bbox 221 3411 280 3437; x_wconf 90' lang='lat' dir='ltr'>suae</span> <span class='ocrx_word' id='word_1_876' title='bbox 293 3412 375 3440; x_wconf 83' lang='lat' dir='ltr'>famae</span> <span class='ocrx_word' id='word_1_877' title='bbox 389 3415 546 3450; x_wconf 86' lang='lat' dir='ltr'>Pepercisset.</span> 
     </span>
    </p>
   </div>
   <div class='ocr_carea' id='block_1_13' title="bbox 0 3446 1061 3558">
    <p class='ocr_par' dir='ltr' id='par_1_16' title="bbox 0 3446 1061 3558">
     <span class='ocr_line' id='line_1_95' title="bbox 32 3446 1061 3487; baseline -0.002 -8"><span class='ocrx_word' id='word_1_878' title='bbox 32 3447 262 3487; x_wconf 42' lang='lat' dir='ltr'>cuiusque-Vita&amp;</span> <span class='ocrx_word' id='word_1_879' title='bbox 280 3446 426 3483; x_wconf 71' lang='lat' dir='ltr'>famamque</span> <span class='ocrx_word' id='word_1_880' title='bbox 444 3453 601 3479; x_wconf 87' lang='lat' dir='ltr'>Penetraret.</span> <span class='ocrx_word' id='word_1_881' title='bbox 677 3453 734 3479; x_wconf 90' lang='lat' dir='ltr'>Cic.</span> <span class='ocrx_word' id='word_1_882' title='bbox 754 3461 803 3487; x_wconf 88' lang='lat' dir='ltr'>pro</span> <span class='ocrx_word' id='word_1_883' title='bbox 823 3453 918 3479; x_wconf 90' lang='lat' dir='ltr'>Milon.</span> <span class='ocrx_word' id='word_1_884' title='bbox 938 3461 972 3485; x_wconf 93' lang='lat'>99</span> <span class='ocrx_word' id='word_1_885' title='bbox 997 3462 1018 3478; x_wconf 90' lang='lat' dir='ltr'>c.</span> <span class='ocrx_word' id='word_1_886' title='bbox 1033 3461 1061 3486; x_wconf 77' lang='lat'>33</span> 
     </span>
     <span class='ocr_line' id='line_1_96' title="bbox 0 3482 1060 3522; baseline 0.004 -12"><span class='ocrx_word' id='word_1_887' title='bbox 0 3488 12 3520; x_wconf 55' lang='grc' dir='ltr'><strong>ῃ</strong></span> <span class='ocrx_word' id='word_1_888' title='bbox 30 3483 109 3510; x_wconf 84' lang='lat' dir='ltr'>Fama</span> <span class='ocrx_word' id='word_1_889' title='bbox 122 3482 154 3508; x_wconf 89' lang='lat' dir='ltr'>de</span> <span class='ocrx_word' id='word_1_890' title='bbox 170 3487 279 3508; x_wconf 88' lang='lat' dir='ltr'>interitu</span> <span class='ocrx_word' id='word_1_891' title='bbox 287 3482 376 3509; x_wconf 88' lang='lat' dir='ltr'>Clodii</span> <span class='ocrx_word' id='word_1_892' title='bbox 390 3484 450 3512; x_wconf 84' lang='lat' dir='ltr'>fines</span> <span class='ocrx_word' id='word_1_893' title='bbox 462 3487 568 3522; x_wconf 87' lang='lat' dir='ltr'>imperii</span> <span class='ocrx_word' id='word_1_894' title='bbox 581 3489 692 3515; x_wconf 88' lang='lat' dir='ltr'>Roman.</span> <span class='ocrx_word' id='word_1_895' title='bbox 704 3489 866 3522; x_wconf 74' lang='lat' dir='ltr'>Peragranit.</span> <span class='ocrx_word' id='word_1_896' title='bbox 907 3488 979 3514; x_wconf 87' lang='lat' dir='ltr'>Idem</span> <span class='ocrx_word' id='word_1_897' title='bbox 989 3488 1060 3514; x_wconf 85' lang='lat' dir='ltr'>Fam.</span> 
     </span>
     <span class='ocr_line' id='line_1_97' title="bbox 0 3517 1061 3558; baseline 0.006 -15"><span class='ocrx_word' id='word_1_898' title='bbox 0 3522 11 3542; x_wconf 51' lang='lat' dir='ltr'>¹e</span> <span class='ocrx_word' id='word_1_899' title='bbox 32 3527 71 3551; x_wconf 84' lang='grc' dir='ltr'>ιο,</span> <span class='ocrx_word' id='word_1_900' title='bbox 86 3527 115 3545; x_wconf 84' lang='grc' dir='ltr'>ιο</span> <span class='ocrx_word' id='word_1_901' title='bbox 134 3518 241 3545; x_wconf 87' lang='lat' dir='ltr'>Tamen</span> <span class='ocrx_word' id='word_1_902' title='bbox 261 3518 315 3552; x_wconf 89' lang='lat' dir='ltr'>ipsa</span> <span class='ocrx_word' id='word_1_903' title='bbox 335 3517 403 3545; x_wconf 80' lang='lat' dir='ltr'>fama</span> <span class='ocrx_word' id='word_1_904' title='bbox 416 3529 479 3554; x_wconf 88' lang='lat' dir='ltr'>quae</span> <span class='ocrx_word' id='word_1_905' title='bbox 491 3523 522 3550; x_wconf 87' lang='lat' dir='ltr'>de</span> <span class='ocrx_word' id='word_1_906' title='bbox 540 3530 585 3550; x_wconf 90' lang='lat' dir='ltr'>tua</span> <span class='ocrx_word' id='word_1_907' title='bbox 603 3524 739 3550; x_wconf 88' lang='lat' dir='ltr'>voluntate</span> <span class='ocrx_word' id='word_1_908' title='bbox 753 3524 920 3556; x_wconf 81' lang='lat' dir='ltr'>percrebuit,</span> <span class='ocrx_word' id='word_1_909' title='bbox 940 3532 1061 3558; x_wconf 88' lang='lat' dir='ltr'>magnam</span> 
     </span>
    </p>
   </div>
   <div class='ocr_carea' id='block_1_14' title="bbox 0 3553 1061 3662">
    <p class='ocr_par' dir='ltr' id='par_1_17' title="bbox 0 3553 1061 3662">
     <span class='ocr_line' id='line_1_98' title="bbox 0 3553 1061 3591; baseline 0.005 -11"><span class='ocrx_word' id='word_1_910' title='bbox 0 3556 11 3591; x_wconf 66' lang='lat' dir='ltr'>[t</span> <span class='ocrx_word' id='word_1_911' title='bbox 32 3562 60 3580; x_wconf 71' lang='lat' dir='ltr'>es</span> <span class='ocrx_word' id='word_1_912' title='bbox 78 3553 181 3580; x_wconf 88' lang='lat' dir='ltr'>laudeni</span> <span class='ocrx_word' id='word_1_913' title='bbox 198 3554 358 3580; x_wconf 84' lang='lat' dir='ltr'>consecutus.</span> <span class='ocrx_word' id='word_1_914' title='bbox 426 3556 532 3584; x_wconf 81' lang='lat' dir='ltr'>Perdere</span> <span class='ocrx_word' id='word_1_915' title='bbox 550 3560 664 3591; x_wconf 88' lang='lat' dir='ltr'>famam,</span> <span class='ocrx_word' id='word_1_916' title='bbox 684 3559 736 3585; x_wconf 81' lang='lat' dir='ltr'>vid.</span> <span class='ocrx_word' id='word_1_917' title='bbox 759 3565 871 3586; x_wconf 80' lang='lat' dir='ltr'>PERDO.</span> <span class='ocrx_word' id='word_1_918' title='bbox 941 3559 1016 3586; x_wconf 89' lang='lat' dir='ltr'>Curt.</span> <span class='ocrx_word' id='word_1_919' title='bbox 1034 3567 1061 3591; x_wconf 88' lang='lat'>9,</span> 
     </span>
     <span class='ocr_line' id='line_1_99' title="bbox 0 3583 949 3630; baseline -0.002 -8"><span class='ocrx_word' id='word_1_920' title='bbox 0 3583 13 3624; x_wconf 61' lang='lat' dir='ltr'>&#39;i</span> <span class='ocrx_word' id='word_1_921' title='bbox 31 3596 54 3622; x_wconf 77' lang='lat'>5,</span> <span class='ocrx_word' id='word_1_922' title='bbox 67 3592 95 3621; x_wconf 82' lang='lat' dir='ltr'>i9</span> <span class='ocrx_word' id='word_1_923' title='bbox 113 3591 184 3630; x_wconf 56' lang='lat'><em>1¹¹5&amp;</em></span> <span class='ocrx_word' id='word_1_924' title='bbox 196 3588 259 3629; x_wconf 57' lang='lat' dir='ltr'>hffflc</span> <span class='ocrx_word' id='word_1_925' title='bbox 271 3589 303 3629; x_wconf 53' lang='lat' dir='ltr'>qd</span> <span class='ocrx_word' id='word_1_926' title='bbox 315 3587 468 3629; x_wconf 63' lang='lat' dir='ltr'>Macedonas</span> <span class='ocrx_word' id='word_1_927' title='bbox 480 3601 565 3626; x_wconf 86' lang='lat' dir='ltr'>regem</span> <span class='ocrx_word' id='word_1_928' title='bbox 579 3594 695 3621; x_wconf 73' lang='lat' dir='ltr'>cecidisse</span> <span class='ocrx_word' id='word_1_929' title='bbox 710 3595 780 3621; x_wconf 85' lang='lat' dir='ltr'>fama</span> <span class='ocrx_word' id='word_1_930' title='bbox 792 3595 890 3620; x_wconf 87' lang='lat' dir='ltr'>Perlata</span> <span class='ocrx_word' id='word_1_931' title='bbox 905 3594 949 3621; x_wconf 85' lang='lat' dir='ltr'>est.</span> 
     </span>
     <span class='ocr_line' id='line_1_100' title="bbox 0 3625 1059 3662; baseline 0.004 -11"><span class='ocrx_word' id='word_1_932' title='bbox 0 3625 11 3662; x_wconf 59' lang='grc' dir='ltr'>ζ’</span> <span class='ocrx_word' id='word_1_933' title='bbox 31 3625 249 3651; x_wconf 66' lang='lat' dir='ltr'>vaserat&#39;interim</span> <span class='ocrx_word' id='word_1_934' title='bbox 264 3630 436 3651; x_wconf 87' lang='lat' dir='ltr'>circumuenti</span> <span class='ocrx_word' id='word_1_935' title='bbox 450 3630 573 3656; x_wconf 78' lang='lat' dir='ltr'>exercitus</span> <span class='ocrx_word' id='word_1_936' title='bbox 586 3630 655 3656; x_wconf 86' lang='lat' dir='ltr'>fama</span> <span class='ocrx_word' id='word_1_937' title='bbox 674 3631 764 3657; x_wconf 87' lang='lat' dir='ltr'>Tacit.</span> <span class='ocrx_word' id='word_1_938' title='bbox 777 3630 843 3655; x_wconf 86' lang='lat' dir='ltr'>Anu.</span> <span class='ocrx_word' id='word_1_939' title='bbox 859 3639 877 3660; x_wconf 90' lang='lat'>1,</span> <span class='ocrx_word' id='word_1_940' title='bbox 890 3631 932 3662; x_wconf 91' lang='lat'>69.</span> <span class='ocrx_word' id='word_1_941' title='bbox 1003 3629 1059 3654; x_wconf 89' lang='lat' dir='ltr'>Cic.</span> 
     </span>
    </p>
   </div>
   <div class='ocr_carea' id='block_1_15' title="bbox 0 3659 1060 3983">
    <p class='ocr_par' dir='ltr' id='par_1_18' title="bbox 0 3659 1060 3983">
     <span class='ocr_line' id='line_1_101' title="bbox 4 3659 1059 3699; baseline 0.004 -14"><span class='ocrx_word' id='word_1_942' title='bbox 4 3666 10 3684; x_wconf 66' lang='grc' dir='ltr'>τ</span> <span class='ocrx_word' id='word_1_943' title='bbox 31 3668 80 3696; x_wconf 84' lang='lat' dir='ltr'>pro</span> <span class='ocrx_word' id='word_1_944' title='bbox 91 3660 153 3687; x_wconf 93' lang='lat' dir='ltr'>Sull.</span> <span class='ocrx_word' id='word_1_945' title='bbox 167 3669 192 3687; x_wconf 89' lang='lat'>12</span> <span class='ocrx_word' id='word_1_946' title='bbox 212 3660 264 3686; x_wconf 88' lang='lat' dir='ltr'>Vix</span> <span class='ocrx_word' id='word_1_947' title='bbox 277 3659 310 3687; x_wconf 90' lang='lat' dir='ltr'>ad</span> <span class='ocrx_word' id='word_1_948' title='bbox 322 3668 390 3685; x_wconf 86' lang='lat' dir='ltr'>meas</span> <span class='ocrx_word' id='word_1_949' title='bbox 402 3667 475 3686; x_wconf 88' lang='lat' dir='ltr'>aures</span> <span class='ocrx_word' id='word_1_950' title='bbox 490 3661 561 3690; x_wconf 84' lang='lat' dir='ltr'>istius</span> <span class='ocrx_word' id='word_1_951' title='bbox 574 3665 727 3699; x_wconf 83' lang='lat' dir='ltr'>suspicionis</span> <span class='ocrx_word' id='word_1_952' title='bbox 742 3666 811 3692; x_wconf 86' lang='lat' dir='ltr'>fama</span> <span class='ocrx_word' id='word_1_953' title='bbox 826 3665 956 3691; x_wconf 77' lang='lat' dir='ltr'>Pei-uenit.</span> <span class='ocrx_word' id='word_1_954' title='bbox 985 3664 1059 3699; x_wconf 76' lang='lat' dir='ltr'>Cous.</span> 
     </span>
     <span class='ocr_line' id='line_1_102' title="bbox 8 3695 1059 3736; baseline -0.004 -7"><span class='ocrx_word' id='word_1_955' title='bbox 8 3698 10 3701; x_wconf 60' lang='grc'><strong>’</strong></span> <span class='ocrx_word' id='word_1_956' title='bbox 32 3695 101 3729; x_wconf 72' lang='lat' dir='ltr'><strong>NeP·</strong></span> <span class='ocrx_word' id='word_1_957' title='bbox 114 3704 152 3728; x_wconf 76' lang='lat'>¹42</span> <span class='ocrx_word' id='word_1_958' title='bbox 165 3704 188 3728; x_wconf 68' lang='grc' dir='ltr'>Ξ,</span> <span class='ocrx_word' id='word_1_959' title='bbox 201 3704 219 3722; x_wconf 87' lang='lat'>¹·</span> <span class='ocrx_word' id='word_1_960' title='bbox 258 3730 263 3736; x_wconf 39' lang='lat'><strong>·</strong></span> <span class='ocrx_word' id='word_1_961' title='bbox 291 3695 415 3721; x_wconf 67' lang='lat' dir='ltr'>POffidefC</span> <span class='ocrx_word' id='word_1_962' title='bbox 430 3695 526 3735; x_wconf 47' lang='lat' dir='ltr'>fflmqm</span> <span class='ocrx_word' id='word_1_963' title='bbox 544 3705 569 3725; x_wconf 87' lang='lat' dir='ltr'>et</span> <span class='ocrx_word' id='word_1_964' title='bbox 587 3701 809 3727; x_wconf 83' lang='lat' dir='ltr'>existimationem</span> <span class='ocrx_word' id='word_1_965' title='bbox 832 3701 888 3727; x_wconf 87' lang='lat' dir='ltr'>Cic.</span> <span class='ocrx_word' id='word_1_966' title='bbox 903 3709 951 3734; x_wconf 90' lang='lat' dir='ltr'>pro</span> <span class='ocrx_word' id='word_1_967' title='bbox 965 3699 1059 3733; x_wconf 84' lang='lat' dir='ltr'>Qiint.</span> 
     </span>
     <span class='ocr_line' id='line_1_103' title="bbox 34 3730 1060 3769; baseline 0.006 -14"><span class='ocrx_word' id='word_1_968' title='bbox 34 3738 54 3756; x_wconf 89' lang='lat' dir='ltr'>e.</span> <span class='ocrx_word' id='word_1_969' title='bbox 69 3738 101 3763; x_wconf 82' lang='grc' dir='ltr'>ις.</span> <span class='ocrx_word' id='word_1_970' title='bbox 170 3730 303 3758; x_wconf 84' lang='lat' dir='ltr'>Stat.Silu.</span> <span class='ocrx_word' id='word_1_971' title='bbox 318 3739 340 3761; x_wconf 83' lang='lat'>2,</span> <span class='ocrx_word' id='word_1_972' title='bbox 354 3740 375 3762; x_wconf 78' lang='lat'>2,</span> <span class='ocrx_word' id='word_1_973' title='bbox 390 3732 437 3763; x_wconf 87' lang='lat'>146</span> <span class='ocrx_word' id='word_1_974' title='bbox 456 3731 552 3758; x_wconf 77' lang='lat' dir='ltr'>Priscae</span> <span class='ocrx_word' id='word_1_975' title='bbox 564 3734 808 3762; x_wconf 87' lang='lat' dir='ltr'>titulosPraecedite</span> <span class='ocrx_word' id='word_1_976' title='bbox 822 3736 923 3768; x_wconf 88' lang='lat' dir='ltr'>famae,</span> <span class='ocrx_word' id='word_1_977' title='bbox 943 3736 1060 3769; x_wconf 73' lang='lat' dir='ltr'>superate</span> 
     </span>
     <span class='ocr_line' id='line_1_104' title="bbox 0 3764 261 3799; baseline 0.008 -9"><span class='ocrx_word' id='word_1_978' title='bbox 0 3786 2 3790; x_wconf 72' lang='grc'><strong>,</strong></span> <span class='ocrx_word' id='word_1_979' title='bbox 29 3764 122 3799; x_wconf 80' lang='lat' dir='ltr'>famam</span> <span class='ocrx_word' id='word_1_980' title='bbox 135 3769 261 3793; x_wconf 83' lang='lat' dir='ltr'>maiorum.</span> 
     </span>
     <span class='ocr_line' id='line_1_105' title="bbox 8 3793 1059 3840; baseline 0.008 -16"><span class='ocrx_word' id='word_1_981' title='bbox 8 3793 24 3832; x_wconf 86' lang='grc' dir='ltr'><strong><em>Ρ</em></strong></span> <span class='ocrx_word' id='word_1_982' title='bbox 35 3799 185 3834; x_wconf 80' lang='lat' dir='ltr'>tendebant,</span> <span class='ocrx_word' id='word_1_983' title='bbox 200 3800 277 3837; x_wconf 60' lang='lat' dir='ltr'>&#39;quod</span> <span class='ocrx_word' id='word_1_984' title='bbox 289 3802 383 3828; x_wconf 80' lang='lat' dir='ltr'>famam</span> <span class='ocrx_word' id='word_1_985' title='bbox 397 3802 542 3827; x_wconf 86' lang='lat' dir='ltr'>carminum</span> <span class='ocrx_word' id='word_1_986' title='bbox 555 3802 610 3828; x_wconf 85' lang='lat' dir='ltr'>eius</span> <span class='ocrx_word' id='word_1_987' title='bbox 620 3805 754 3833; x_wconf 85' lang='lat' dir='ltr'>Premebat</span> <span class='ocrx_word' id='word_1_988' title='bbox 767 3807 851 3834; x_wconf 89' lang='lat' dir='ltr'>Nero.</span> <span class='ocrx_word' id='word_1_989' title='bbox 923 3808 1059 3840; x_wconf 85' lang='lat' dir='ltr'>Qiaerere</span> 
     </span>
     <span class='ocr_line' id='line_1_106' title="bbox 22 3833 1058 3877; baseline 0.007 -17"><span class='ocrx_word' id='word_1_990' title='bbox 22 3833 134 3862; x_wconf 72' lang='lat' dir='ltr'>:dicendi</span> <span class='ocrx_word' id='word_1_991' title='bbox 151 3837 245 3864; x_wconf 86' lang='lat' dir='ltr'>famam</span> <span class='ocrx_word' id='word_1_992' title='bbox 270 3837 399 3870; x_wconf 66' lang='lat' dir='ltr'>Qiinctil.</span> <span class='ocrx_word' id='word_1_993' title='bbox 420 3845 445 3869; x_wconf 86' lang='lat'>2,</span> <span class='ocrx_word' id='word_1_994' title='bbox 466 3845 503 3863; x_wconf 86' lang='lat'>12.</span> <span class='ocrx_word' id='word_1_995' title='bbox 573 3837 728 3872; x_wconf 86' lang='lat' dir='ltr'>Relinquere</span> <span class='ocrx_word' id='word_1_996' title='bbox 753 3851 872 3877; x_wconf 77' lang='lat' dir='ltr'>magnam</span> <span class='ocrx_word' id='word_1_997' title='bbox 897 3842 936 3868; x_wconf 90' lang='lat' dir='ltr'>sui</span> <span class='ocrx_word' id='word_1_998' title='bbox 961 3842 1058 3867; x_wconf 82' lang='lat' dir='ltr'>samam</span> 
     </span>
     <span class='ocr_line' id='line_1_107' title="bbox 22 3869 1058 3911; baseline 0.008 -16"><span class='ocrx_word' id='word_1_999' title='bbox 22 3869 121 3904; x_wconf 57' lang='lat' dir='ltr'>*Nepos</span> <span class='ocrx_word' id='word_1_1000' title='bbox 133 3874 158 3904; x_wconf 89' lang='lat'>6,</span> <span class='ocrx_word' id='word_1_1001' title='bbox 172 3881 191 3904; x_wconf 95' lang='lat'>1,</span> <span class='ocrx_word' id='word_1_1002' title='bbox 205 3881 224 3898; x_wconf 91' lang='lat' dir='ltr'>i.</span> <span class='ocrx_word' id='word_1_1003' title='bbox 294 3873 350 3899; x_wconf 91' lang='lat' dir='ltr'>Cic.</span> <span class='ocrx_word' id='word_1_1004' title='bbox 364 3872 475 3907; x_wconf 86' lang='lat' dir='ltr'>Philipp.</span> <span class='ocrx_word' id='word_1_1005' title='bbox 491 3881 523 3902; x_wconf 91' lang='lat'>11,</span> <span class='ocrx_word' id='word_1_1006' title='bbox 536 3879 565 3904; x_wconf 79' lang='lat'>23</span> <span class='ocrx_word' id='word_1_1007' title='bbox 605 3873 677 3899; x_wconf 83' lang='lat' dir='ltr'>Hanc</span> <span class='ocrx_word' id='word_1_1008' title='bbox 696 3878 789 3908; x_wconf 81' lang='lat' dir='ltr'>quaeso</span> <span class='ocrx_word' id='word_1_1009' title='bbox 808 3887 856 3911; x_wconf 89' lang='lat' dir='ltr'>pro</span> <span class='ocrx_word' id='word_1_1010' title='bbox 877 3883 921 3903; x_wconf 90' lang='lat' dir='ltr'>tua</span> <span class='ocrx_word' id='word_1_1011' title='bbox 933 3877 1058 3911; x_wconf 83' lang='lat' dir='ltr'>singulari</span> 
     </span>
     <span class='ocr_line' id='line_1_108' title="bbox 31 3905 1059 3947; baseline 0.006 -16"><span class='ocrx_word' id='word_1_1012' title='bbox 31 3905 154 3939; x_wconf 85' lang='lat' dir='ltr'>sapientia</span> <span class='ocrx_word' id='word_1_1013' title='bbox 174 3908 299 3941; x_wconf 87' lang='lat' dir='ltr'>Reprime</span> <span class='ocrx_word' id='word_1_1014' title='bbox 319 3909 424 3934; x_wconf 85' lang='lat' dir='ltr'>famam.</span> <span class='ocrx_word' id='word_1_1015' title='bbox 495 3908 569 3942; x_wconf 80' lang='lat' dir='ltr'>Virg.</span> <span class='ocrx_word' id='word_1_1016' title='bbox 592 3908 655 3932; x_wconf 86' lang='lat' dir='ltr'>Aen.</span> <span class='ocrx_word' id='word_1_1017' title='bbox 673 3917 697 3940; x_wconf 81' lang='lat'>9,</span> <span class='ocrx_word' id='word_1_1018' title='bbox 715 3917 763 3943; x_wconf 85' lang='lat'>473</span> <span class='ocrx_word' id='word_1_1019' title='bbox 800 3913 920 3939; x_wconf 88' lang='lat' dir='ltr'>Volitans</span> <span class='ocrx_word' id='word_1_1020' title='bbox 948 3918 1059 3947; x_wconf 84' lang='lat' dir='ltr'>pennata</span> 
     </span>
     <span class='ocr_line' id='line_1_109' title="bbox 31 3941 946 3983; baseline 0.004 -15"><span class='ocrx_word' id='word_1_1021' title='bbox 31 3948 78 3976; x_wconf 65' lang='lat' dir='ltr'>per.</span> <span class='ocrx_word' id='word_1_1022' title='bbox 86 3941 178 3970; x_wconf 87' lang='lat' dir='ltr'>vrbem</span> <span class='ocrx_word' id='word_1_1023' title='bbox 212 3943 316 3970; x_wconf 85' lang='lat' dir='ltr'>Nuntia</span> <span class='ocrx_word' id='word_1_1024' title='bbox 332 3944 400 3971; x_wconf 87' lang='lat' dir='ltr'>fama</span> <span class='ocrx_word' id='word_1_1025' title='bbox 412 3943 486 3971; x_wconf 84' lang='lat' dir='ltr'>Ruit.</span> <span class='ocrx_word' id='word_1_1026' title='bbox 557 3942 660 3978; x_wconf 84' lang='lat' dir='ltr'>Sepulta</span> <span class='ocrx_word' id='word_1_1027' title='bbox 679 3944 759 3971; x_wconf 86' lang='lat' dir='ltr'>Ouid.</span> <span class='ocrx_word' id='word_1_1028' title='bbox 774 3946 851 3981; x_wconf 84' lang='lat' dir='ltr'>Epist.</span> <span class='ocrx_word' id='word_1_1029' title='bbox 864 3956 889 3983; x_wconf 82' lang='lat'>7,</span> <span class='ocrx_word' id='word_1_1030' title='bbox 904 3957 946 3982; x_wconf 90' lang='lat'>9²·</span> 
     </span>
    </p>
   </div>
   <div class='ocr_carea' id='block_1_16' title="bbox 557 584 1238 619">
    <p class='ocr_par' dir='ltr' id='par_1_19' title="bbox 557 584 1238 619">
     <span class='ocr_line' id='line_1_110' title="bbox 557 584 1238 619; baseline -0.007 -6"><span class='ocrx_word' id='word_1_1031' title='bbox 557 587 684 614; x_wconf 79' lang='lat' dir='ltr'>Amittere</span> <span class='ocrx_word' id='word_1_1032' title='bbox 696 585 793 611; x_wconf 87' lang='lat' dir='ltr'>famam</span> <span class='ocrx_word' id='word_1_1033' title='bbox 807 591 833 611; x_wconf 84' lang='lat' dir='ltr'>et</span> <span class='ocrx_word' id='word_1_1034' title='bbox 845 584 1068 610; x_wconf 79' lang='lat' dir='ltr'>existimationem</span> <span class='ocrx_word' id='word_1_1035' title='bbox 1089 599 1118 617; x_wconf 77' lang='lat'>10</span> <span class='ocrx_word' id='word_1_1036' title='bbox 1131 595 1179 619; x_wconf 77' lang='lat' dir='ltr'>gna</span> <span class='ocrx_word' id='word_1_1037' title='bbox 1193 593 1238 611; x_wconf 57' lang='lat' dir='ltr'>etc.</span> 
     </span>
    </p>
   </div>
   <div class='ocr_carea' id='block_1_17' title="bbox 780 761 1114 799">
    <p class='ocr_par' dir='ltr' id='par_1_20' title="bbox 780 761 1114 799">
     <span class='ocr_line' id='line_1_111' title="bbox 780 761 1114 799; baseline -0.003 -10"><span class='ocrx_word' id='word_1_1038' title='bbox 780 762 919 789; x_wconf 70' lang='lat' dir='ltr'>Celebi‘ata</span> <span class='ocrx_word' id='word_1_1039' title='bbox 933 761 1001 786; x_wconf 87' lang='lat' dir='ltr'>fama</span> <span class='ocrx_word' id='word_1_1040' title='bbox 1023 770 1068 795; x_wconf 87' lang='lat' dir='ltr'>pei·</span> <span class='ocrx_word' id='word_1_1041' title='bbox 1089 773 1114 799; x_wconf 83' lang='lat'>¹3</span> 
     </span>
    </p>
   </div>
   <div class='ocr_carea' id='block_1_18' title="bbox 28 939 1116 978">
    <p class='ocr_par' dir='ltr' id='par_1_21' title="bbox 28 939 1116 978">
     <span class='ocr_line' id='line_1_112' title="bbox 28 939 1116 978; baseline -0.003 -11"><span class='ocrx_word' id='word_1_1042' title='bbox 28 950 52 975; x_wconf 77' lang='lat'>5,</span> <span class='ocrx_word' id='word_1_1043' title='bbox 66 949 93 974; x_wconf 81' lang='lat'>23</span> <span class='ocrx_word' id='word_1_1044' title='bbox 112 943 238 969; x_wconf 81' lang='lat' dir='ltr'>Hercules</span> <span class='ocrx_word' id='word_1_1045' title='bbox 251 951 327 978; x_wconf 87' lang='lat' dir='ltr'>quem</span> <span class='ocrx_word' id='word_1_1046' title='bbox 340 940 480 968; x_wconf 89' lang='lat' dir='ltr'>hominum</span> <span class='ocrx_word' id='word_1_1047' title='bbox 500 940 569 966; x_wconf 86' lang='lat' dir='ltr'>fama</span> <span class='ocrx_word' id='word_1_1048' title='bbox 582 940 774 967; x_wconf 86' lang='lat' dir='ltr'>beneficiorum</span> <span class='ocrx_word' id='word_1_1049' title='bbox 792 948 897 965; x_wconf 85' lang='lat' dir='ltr'>memor</span> <span class='ocrx_word' id='word_1_1050' title='bbox 909 939 937 965; x_wconf 90' lang='lat' dir='ltr'>in</span> <span class='ocrx_word' id='word_1_1051' title='bbox 951 939 1066 965; x_wconf 87' lang='lat' dir='ltr'>concilio</span> <span class='ocrx_word' id='word_1_1052' title='bbox 1082 950 1116 968; x_wconf 90' lang='lat'>20</span> 
     </span>
    </p>
   </div>
   <div class='ocr_carea' id='block_1_19' title="bbox 820 1117 1112 1149">
    <p class='ocr_par' dir='ltr' id='par_1_22' title="bbox 820 1117 1112 1149">
     <span class='ocr_line' id='line_1_113' title="bbox 820 1117 1112 1149; baseline 0 -6"><span class='ocrx_word' id='word_1_1053' title='bbox 820 1117 876 1143; x_wconf 93' lang='lat' dir='ltr'>Cic.</span> <span class='ocrx_word' id='word_1_1054' title='bbox 885 1117 961 1143; x_wconf 88' lang='lat' dir='ltr'>Verr.</span> <span class='ocrx_word' id='word_1_1055' title='bbox 976 1117 1032 1144; x_wconf 57' lang='lat' dir='ltr'>A&amp;</span> <span class='ocrx_word' id='word_1_1056' title='bbox 1047 1126 1066 1148; x_wconf 92' lang='lat' dir='ltr'>i,</span> <span class='ocrx_word' id='word_1_1057' title='bbox 1080 1123 1112 1149; x_wconf 79' lang='lat'>23</span> 
     </span>
    </p>
   </div>
   <div class='ocr_carea' id='block_1_20' title="bbox 0 1294 1114 1329">
    <p class='ocr_par' dir='ltr' id='par_1_23' title="bbox 0 1294 1114 1329">
     <span class='ocr_line' id='line_1_114' title="bbox 0 1294 1114 1329; baseline -0.001 -7"><span class='ocrx_word' id='word_1_1058' title='bbox 0 1318 3 1324; x_wconf 89' lang='lat'>.</span> <span class='ocrx_word' id='word_1_1059' title='bbox 31 1294 189 1322; x_wconf 75' lang='lat' dir='ltr'>brescentem</span> <span class='ocrx_word' id='word_1_1060' title='bbox 208 1295 287 1322; x_wconf 80' lang='lat' dir='ltr'>cladis</span> <span class='ocrx_word' id='word_1_1061' title='bbox 301 1296 473 1322; x_wconf 85' lang='lat' dir='ltr'>Germanicae</span> <span class='ocrx_word' id='word_1_1062' title='bbox 485 1294 582 1321; x_wconf 89' lang='lat' dir='ltr'>famam</span> <span class='ocrx_word' id='word_1_1063' title='bbox 596 1303 760 1329; x_wconf 88' lang='lat' dir='ltr'>nequaquam</span> <span class='ocrx_word' id='word_1_1064' title='bbox 775 1294 872 1321; x_wconf 88' lang='lat' dir='ltr'>moesta</span> <span class='ocrx_word' id='word_1_1065' title='bbox 887 1295 979 1321; x_wconf 87' lang='lat' dir='ltr'>ciuitas</span> <span class='ocrx_word' id='word_1_1066' title='bbox 997 1295 1067 1321; x_wconf 86' lang='lat' dir='ltr'>exci-</span> <span class='ocrx_word' id='word_1_1067' title='bbox 1082 1303 1114 1328; x_wconf 88' lang='grc' dir='ltr'>3ο</span> 
     </span>
    </p>
   </div>
   <div class='ocr_carea' id='block_1_21' title="bbox 960 1473 1114 1508">
    <p class='ocr_par' dir='ltr' id='par_1_24' title="bbox 960 1473 1114 1508">
     <span class='ocr_line' id='line_1_115' title="bbox 960 1473 1114 1508; baseline 0 -9"><span class='ocrx_word' id='word_1_1068' title='bbox 960 1473 1068 1499; x_wconf 89' lang='lat' dir='ltr'>Deseret</span> <span class='ocrx_word' id='word_1_1069' title='bbox 1086 1482 1114 1508; x_wconf 77' lang='lat'>35</span> 
     </span>
    </p>
   </div>
   <div class='ocr_carea' id='block_1_22' title="bbox 360 1648 1113 1687">
    <p class='ocr_par' dir='ltr' id='par_1_25' title="bbox 360 1648 1113 1687">
     <span class='ocr_line' id='line_1_116' title="bbox 360 1648 1113 1687; baseline 0.001 -12"><span class='ocrx_word' id='word_1_1070' title='bbox 360 1649 417 1676; x_wconf 88' lang='lat' dir='ltr'>Cic.</span> <span class='ocrx_word' id='word_1_1071' title='bbox 430 1648 542 1683; x_wconf 86' lang='lat' dir='ltr'>Philipp.</span> <span class='ocrx_word' id='word_1_1072' title='bbox 557 1657 595 1681; x_wconf 69' lang='lat'>14,</span> <span class='ocrx_word' id='word_1_1073' title='bbox 611 1657 634 1681; x_wconf 76' lang='grc' dir='ltr'>ις</span> <span class='ocrx_word' id='word_1_1074' title='bbox 656 1659 677 1675; x_wconf 92' lang='lat' dir='ltr'>c.</span> <span class='ocrx_word' id='word_1_1075' title='bbox 692 1651 709 1675; x_wconf 89' lang='lat'>6</span> <span class='ocrx_word' id='word_1_1076' title='bbox 734 1650 839 1675; x_wconf 84' lang='lat' dir='ltr'>Famam</span> <span class='ocrx_word' id='word_1_1077' title='bbox 859 1649 933 1675; x_wconf 86' lang='lat' dir='ltr'>istam</span> <span class='ocrx_word' id='word_1_1078' title='bbox 956 1649 1066 1676; x_wconf 84' lang='lat' dir='ltr'>fascium</span> <span class='ocrx_word' id='word_1_1079' title='bbox 1077 1662 1113 1687; x_wconf 90' lang='lat'>40</span> 
     </span>
    </p>
   </div>
   <div class='ocr_carea' id='block_1_23' title="bbox 26 1820 1109 1858">
    <p class='ocr_par' dir='ltr' id='par_1_26' title="bbox 26 1820 1109 1858">
     <span class='ocr_line' id='line_1_117' title="bbox 26 1820 1109 1858; baseline -0.003 -8"><span class='ocrx_word' id='word_1_1080' title='bbox 26 1823 178 1858; x_wconf 67' lang='lat' dir='ltr'>electusque</span> <span class='ocrx_word' id='word_1_1081' title='bbox 202 1824 290 1858; x_wconf 89' lang='lat' dir='ltr'>potius</span> <span class='ocrx_word' id='word_1_1082' title='bbox 318 1833 333 1850; x_wconf 86' lang='lat' dir='ltr'>a</span> <span class='ocrx_word' id='word_1_1083' title='bbox 353 1824 454 1857; x_wconf 89' lang='lat' dir='ltr'>Repub.</span> <span class='ocrx_word' id='word_1_1084' title='bbox 480 1822 630 1854; x_wconf 83' lang='lat' dir='ltr'>videretur,</span> <span class='ocrx_word' id='word_1_1085' title='bbox 653 1826 672 1848; x_wconf 82' lang='lat' dir='ltr'>i.</span> <span class='ocrx_word' id='word_1_1086' title='bbox 691 1823 779 1856; x_wconf 73' lang='lat' dir='ltr'>famae</span> <span class='ocrx_word' id='word_1_1087' title='bbox 805 1822 877 1856; x_wconf 61' lang='lat' dir='ltr'>causa</span> <span class='ocrx_word' id='word_1_1088' title='bbox 902 1820 950 1853; x_wconf 75' lang='lat' dir='ltr'>ista</span> <span class='ocrx_word' id='word_1_1089' title='bbox 969 1823 1109 1856; x_wconf 64' lang='lat' dir='ltr'>ageban45</span> 
     </span>
    </p>
   </div>
   <div class='ocr_carea' id='block_1_24' title="bbox 28 1995 1110 2033">
    <p class='ocr_par' dir='ltr' id='par_1_27' title="bbox 28 1995 1110 2033">
     <span class='ocr_line' id='line_1_118' title="bbox 28 1995 1110 2033; baseline -0.004 -6"><span class='ocrx_word' id='word_1_1090' title='bbox 28 2000 131 2027; x_wconf 85' lang='lat' dir='ltr'>Omitto</span> <span class='ocrx_word' id='word_1_1091' title='bbox 149 1999 334 2030; x_wconf 86' lang='lat' dir='ltr'>nobilitatem,</span> <span class='ocrx_word' id='word_1_1092' title='bbox 353 1997 502 2031; x_wconf 88' lang='lat' dir='ltr'>famamque</span> <span class='ocrx_word' id='word_1_1093' title='bbox 517 1997 687 2031; x_wconf 83' lang='lat' dir='ltr'>popularem,</span> <span class='ocrx_word' id='word_1_1094' title='bbox 706 1995 846 2024; x_wconf 87' lang='lat' dir='ltr'>stultorum</span> <span class='ocrx_word' id='word_1_1095' title='bbox 866 1997 1110 2033; x_wconf 74' lang='lat' dir='ltr'>improborum-50</span> 
     </span>
    </p>
   </div>
   <div class='ocr_carea' id='block_1_25' title="bbox 458 2176 1109 2213">
    <p class='ocr_par' dir='ltr' id='par_1_28' title="bbox 458 2176 1109 2213">
     <span class='ocr_line' id='line_1_119' title="bbox 458 2176 1109 2213; baseline 0.002 -11"><span class='ocrx_word' id='word_1_1096' title='bbox 458 2176 589 2211; x_wconf 69' lang='lat' dir='ltr'>Qiinctil.</span> <span class='ocrx_word' id='word_1_1097' title='bbox 604 2185 635 2207; x_wconf 83' lang='lat'>11,</span> <span class='ocrx_word' id='word_1_1098' title='bbox 651 2185 663 2202; x_wconf 90' lang='lat'><em>2</em></span> <span class='ocrx_word' id='word_1_1099' title='bbox 692 2177 822 2204; x_wconf 83' lang='lat' dir='ltr'>Memoria</span> <span class='ocrx_word' id='word_1_1100' title='bbox 841 2178 904 2204; x_wconf 86' lang='lat' dir='ltr'>facit</span> <span class='ocrx_word' id='word_1_1101' title='bbox 924 2183 949 2203; x_wconf 84' lang='lat' dir='ltr'>et</span> <span class='ocrx_word' id='word_1_1102' title='bbox 963 2177 1062 2212; x_wconf 86' lang='lat' dir='ltr'>promti</span> <span class='ocrx_word' id='word_1_1103' title='bbox 1082 2187 1109 2213; x_wconf 78' lang='lat'>53</span> 
     </span>
    </p>
   </div>
   <div class='ocr_carea' id='block_1_26' title="bbox 405 2530 2033 2567">
    <p class='ocr_par' dir='ltr' id='par_1_29' title="bbox 405 2530 2033 2567">
     <span class='ocr_line' id='line_1_120' title="bbox 405 2530 2033 2567; baseline 0.004 -11"><span class='ocrx_word' id='word_1_1104' title='bbox 405 2530 495 2556; x_wconf 85' lang='lat' dir='ltr'>Tacit.</span> <span class='ocrx_word' id='word_1_1105' title='bbox 510 2531 576 2556; x_wconf 91' lang='lat' dir='ltr'>Ann.</span> <span class='ocrx_word' id='word_1_1106' title='bbox 591 2539 626 2562; x_wconf 81' lang='lat'>13,</span> <span class='ocrx_word' id='word_1_1107' title='bbox 639 2539 672 2563; x_wconf 77' lang='lat'>54</span> <span class='ocrx_word' id='word_1_1108' title='bbox 708 2532 849 2558; x_wconf 88' lang='lat' dir='ltr'>Caeterum</span> <span class='ocrx_word' id='word_1_1109' title='bbox 873 2533 1001 2559; x_wconf 85' lang='lat' dir='ltr'>continuo</span> <span class='ocrx_word' id='word_1_1110' title='bbox 1019 2541 1063 2558; x_wconf 86' lang='lat' dir='ltr'>ex·</span> <span class='ocrx_word' id='word_1_1111' title='bbox 1078 2534 1110 2566; x_wconf 77' lang='lat'>63</span> <span class='ocrx_word' id='word_1_1112' title='bbox 1126 2533 1204 2567; x_wconf 84' lang='lat' dir='ltr'>Epist.</span> <span class='ocrx_word' id='word_1_1113' title='bbox 1218 2542 1236 2563; x_wconf 92' lang='grc' dir='ltr'>ι,</span> <span class='ocrx_word' id='word_1_1114' title='bbox 1251 2541 1288 2564; x_wconf 90' lang='lat'>19,</span> <span class='ocrx_word' id='word_1_1115' title='bbox 1301 2541 1324 2564; x_wconf 79' lang='lat'>31</span> <span class='ocrx_word' id='word_1_1116' title='bbox 1355 2532 1412 2558; x_wconf 91' lang='lat' dir='ltr'>Nec</span> <span class='ocrx_word' id='word_1_1117' title='bbox 1430 2532 1536 2565; x_wconf 87' lang='lat' dir='ltr'>sponsae</span> <span class='ocrx_word' id='word_1_1118' title='bbox 1549 2532 1674 2565; x_wconf 88' lang='lat' dir='ltr'>laqueum</span> <span class='ocrx_word' id='word_1_1119' title='bbox 1691 2532 1793 2557; x_wconf 83' lang='lat' dir='ltr'>famoso</span> <span class='ocrx_word' id='word_1_1120' title='bbox 1813 2534 1929 2559; x_wconf 80' lang='lat' dir='ltr'>carmine</span> <span class='ocrx_word' id='word_1_1121' title='bbox 1943 2535 2033 2562; x_wconf 58' lang='lat' dir='ltr'>neotit.</span> 
     </span>
    </p>
   </div>
   <div class='ocr_carea' id='block_1_27' title="bbox 708 2706 1331 2740">
    <p class='ocr_par' dir='ltr' id='par_1_30' title="bbox 708 2706 1331 2740">
     <span class='ocr_line' id='line_1_121' title="bbox 708 2706 1331 2740; baseline -0.003 -8"><span class='ocrx_word' id='word_1_1122' title='bbox 708 2706 858 2733; x_wconf 83' lang='lat' dir='ltr'>Instandum</span> <span class='ocrx_word' id='word_1_1123' title='bbox 876 2707 962 2733; x_wconf 87' lang='lat' dir='ltr'>famae</span> <span class='ocrx_word' id='word_1_1124' title='bbox 987 2706 1061 2733; x_wconf 86' lang='lat' dir='ltr'>Idem</span> <span class='ocrx_word' id='word_1_1125' title='bbox 1073 2711 1109 2739; x_wconf 84' lang='lat'>70</span> <span class='ocrx_word' id='word_1_1126' title='bbox 1126 2706 1193 2733; x_wconf 55' lang='lat' dir='ltr'>dcccl.</span> <span class='ocrx_word' id='word_1_1127' title='bbox 1208 2709 1270 2740; x_wconf 68' lang='lat'>(47³</span> <span class='ocrx_word' id='word_1_1128' title='bbox 1284 2707 1331 2737; x_wconf 88' lang='lat'>10)</span> 
     </span>
    </p>
   </div>
   <div class='ocr_carea' id='block_1_28' title="bbox 969 2881 1433 2919">
    <p class='ocr_par' dir='ltr' id='par_1_31' title="bbox 969 2881 1433 2919">
     <span class='ocr_line' id='line_1_122' title="bbox 969 2881 1433 2919; baseline -0.002 -10"><span class='ocrx_word' id='word_1_1129' title='bbox 969 2883 1061 2910; x_wconf 89' lang='lat' dir='ltr'>Tacit.</span> <span class='ocrx_word' id='word_1_1130' title='bbox 1077 2888 1108 2916; x_wconf 77' lang='lat'>75</span> <span class='ocrx_word' id='word_1_1131' title='bbox 1124 2883 1251 2919; x_wconf 87' lang='lat' dir='ltr'>Spartian.</span> <span class='ocrx_word' id='word_1_1132' title='bbox 1267 2881 1349 2909; x_wconf 88' lang='lat' dir='ltr'>Hadr.</span> <span class='ocrx_word' id='word_1_1133' title='bbox 1363 2892 1383 2908; x_wconf 91' lang='lat' dir='ltr'>c.</span> <span class='ocrx_word' id='word_1_1134' title='bbox 1401 2890 1433 2915; x_wconf 74' lang='grc' dir='ltr'>ις.</span> 
     </span>
    </p>
   </div>
   <div class='ocr_carea' id='block_1_29' title="bbox 548 3061 1109 3095">
    <p class='ocr_par' dir='ltr' id='par_1_32' title="bbox 548 3061 1109 3095">
     <span class='ocr_line' id='line_1_123' title="bbox 548 3061 1109 3095; baseline -0.002 -7"><span class='ocrx_word' id='word_1_1135' title='bbox 548 3061 644 3095; x_wconf 87' lang='lat' dir='ltr'>Neque</span> <span class='ocrx_word' id='word_1_1136' title='bbox 663 3061 734 3087; x_wconf 87' lang='lat' dir='ltr'>enim</span> <span class='ocrx_word' id='word_1_1137' title='bbox 753 3061 836 3095; x_wconf 87' lang='lat' dir='ltr'>specie</span> <span class='ocrx_word' id='word_1_1138' title='bbox 849 3061 954 3088; x_wconf 82' lang='lat' dir='ltr'>famaue</span> <span class='ocrx_word' id='word_1_1139' title='bbox 969 3063 1062 3088; x_wconf 89' lang='lat' dir='ltr'>Moue-</span> <span class='ocrx_word' id='word_1_1140' title='bbox 1076 3063 1109 3087; x_wconf 79' lang='lat'>80</span> 
     </span>
    </p>
   </div>
   <div class='ocr_carea' id='block_1_30' title="bbox 586 3417 1106 3452">
    <p class='ocr_par' dir='ltr' id='par_1_33' title="bbox 586 3417 1106 3452">
     <span class='ocr_line' id='line_1_124' title="bbox 586 3417 1106 3452; baseline -0.004 -8"><span class='ocrx_word' id='word_1_1141' title='bbox 586 3417 688 3447; x_wconf 73' lang='lat' dir='ltr'>,Tacit.</span> <span class='ocrx_word' id='word_1_1142' title='bbox 704 3417 772 3443; x_wconf 83' lang='lat' dir='ltr'>Hist.</span> <span class='ocrx_word' id='word_1_1143' title='bbox 786 3426 815 3450; x_wconf 88' lang='lat'>4,</span> <span class='ocrx_word' id='word_1_1144' title='bbox 828 3425 845 3452; x_wconf 84' lang='lat'>7</span> <span class='ocrx_word' id='word_1_1145' title='bbox 854 3424 896 3452; x_wconf 80' lang='lat' dir='ltr'>pr.</span> <span class='ocrx_word' id='word_1_1146' title='bbox 923 3418 960 3442; x_wconf 93' lang='lat' dir='ltr'>Vt</span> <span class='ocrx_word' id='word_1_1147' title='bbox 973 3417 1061 3443; x_wconf 89' lang='lat' dir='ltr'>vnius-</span> <span class='ocrx_word' id='word_1_1148' title='bbox 1070 3423 1106 3449; x_wconf 87' lang='lat'>90</span> 
     </span>
    </p>
   </div>
   <div class='ocr_carea' id='block_1_31' title="bbox 1002 3591 1622 3625">
    <p class='ocr_par' dir='ltr' id='par_1_34' title="bbox 1002 3591 1622 3625">
     <span class='ocr_line' id='line_1_125' title="bbox 1002 3591 1622 3625; baseline -0.002 -7"><span class='ocrx_word' id='word_1_1149' title='bbox 1002 3595 1060 3620; x_wconf 90' lang='lat' dir='ltr'>Per-</span> <span class='ocrx_word' id='word_1_1150' title='bbox 1077 3595 1110 3621; x_wconf 79' lang='lat'>93</span> <span class='ocrx_word' id='word_1_1151' title='bbox 1124 3592 1177 3618; x_wconf 87' lang='lat' dir='ltr'>culi</span> <span class='ocrx_word' id='word_1_1152' title='bbox 1192 3593 1250 3618; x_wconf 83' lang='lat' dir='ltr'>satis</span> <span class='ocrx_word' id='word_1_1153' title='bbox 1269 3591 1459 3625; x_wconf 84' lang='lat' dir='ltr'>famigerabilis</span> <span class='ocrx_word' id='word_1_1154' title='bbox 1476 3592 1622 3618; x_wconf 65' lang='lat' dir='ltr'>conscotor.</span> 
     </span>
    </p>
   </div>
   <div class='ocr_carea' id='block_1_32' title="bbox 1001 3944 1235 3983">
    <p class='ocr_par' dir='ltr' id='par_1_35' title="bbox 1001 3944 1235 3983">
     <span class='ocr_line' id='line_1_126' title="bbox 1001 3944 1235 3983; baseline -0.017 -9"><span class='ocrx_word' id='word_1_1155' title='bbox 1001 3949 1057 3975; x_wconf 87' lang='lat' dir='ltr'>Ser·</span> <span class='ocrx_word' id='word_1_1156' title='bbox 1068 3946 1185 3983; x_wconf 76' lang='lat' dir='ltr'>105vrbe</span> <span class='ocrx_word' id='word_1_1157' title='bbox 1199 3944 1235 3971; x_wconf 77' lang='lat' dir='ltr'>lit.</span> 
     </span>
    </p>
   </div>
   <div class='ocr_carea' id='block_1_33' title="bbox 1504 168 2178 233">
    <p class='ocr_par' dir='ltr' id='par_1_36' title="bbox 1504 168 2178 233">
     <span class='ocr_line' id='line_1_127' title="bbox 1504 168 2178 233; baseline 0.003 -16"><span class='ocrx_word' id='word_1_1158' title='bbox 1504 177 1663 218; x_wconf 84' lang='lat' dir='ltr'>FA</span> <span class='ocrx_word' id='word_1_1159' title='bbox 1757 168 1804 220; x_wconf 86' lang='lat' dir='ltr'><strong>M</strong></span> <span class='ocrx_word' id='word_1_1160' title='bbox 2106 188 2178 233; x_wconf 81' lang='lat'>598</span> 
     </span>
    </p>
   </div>
   <div class='ocr_carea' id='block_1_34' title="bbox 1129 266 2179 415">
    <p class='ocr_par' dir='ltr' id='par_1_37' title="bbox 1129 266 2179 415">
     <span class='ocr_line' id='line_1_128' title="bbox 1129 266 2175 304; baseline 0.003 -10"><span class='ocrx_word' id='word_1_1161' title='bbox 1129 268 1188 294; x_wconf 77' lang='lat' dir='ltr'>vire</span> <span class='ocrx_word' id='word_1_1162' title='bbox 1204 268 1289 294; x_wconf 86' lang='lat' dir='ltr'>famae</span> <span class='ocrx_word' id='word_1_1163' title='bbox 1303 267 1373 301; x_wconf 85' lang='lat' dir='ltr'>Nep.</span> <span class='ocrx_word' id='word_1_1164' title='bbox 1386 274 1413 297; x_wconf 84' lang='lat'>2,</span> <span class='ocrx_word' id='word_1_1165' title='bbox 1429 274 1448 295; x_wconf 90' lang='lat'>1.</span> <span class='ocrx_word' id='word_1_1166' title='bbox 1463 276 1483 298; x_wconf 86' lang='lat'>3-</span> <span class='ocrx_word' id='word_1_1167' title='bbox 1553 267 1670 302; x_wconf 82' lang='lat' dir='ltr'>Spoliare</span> <span class='ocrx_word' id='word_1_1168' title='bbox 1684 266 1751 293; x_wconf 80' lang='lat' dir='ltr'>fanin</span> <span class='ocrx_word' id='word_1_1169' title='bbox 1766 267 1823 293; x_wconf 85' lang='lat' dir='ltr'>Cic.</span> <span class='ocrx_word' id='word_1_1170' title='bbox 1838 269 1889 295; x_wconf 80' lang='lat' dir='ltr'>Off.</span> <span class='ocrx_word' id='word_1_1171' title='bbox 1903 278 1925 302; x_wconf 83' lang='lat'>3,</span> <span class='ocrx_word' id='word_1_1172' title='bbox 1941 276 1984 304; x_wconf 87' lang='lat'>77.</span> <span class='ocrx_word' id='word_1_1173' title='bbox 2042 269 2175 303; x_wconf 71' lang='lat' dir='ltr'>Qunffir.</span> 
     </span>
     <span class='ocr_line' id='line_1_129' title="bbox 1132 301 2179 337; baseline 0.002 -7"><span class='ocrx_word' id='word_1_1174' title='bbox 1132 311 1154 335; x_wconf 84' lang='lat'>3,</span> <span class='ocrx_word' id='word_1_1175' title='bbox 1169 314 1186 337; x_wconf 86' lang='lat'>4</span> <span class='ocrx_word' id='word_1_1176' title='bbox 1206 305 1237 330; x_wconf 87' lang='lat' dir='ltr'>Et</span> <span class='ocrx_word' id='word_1_1177' title='bbox 1256 304 1359 330; x_wconf 84' lang='lat' dir='ltr'>fortasse</span> <span class='ocrx_word' id='word_1_1178' title='bbox 1375 301 1527 328; x_wconf 65' lang='lat' dir='ltr'>tuzissimum</span> <span class='ocrx_word' id='word_1_1179' title='bbox 1548 308 1603 329; x_wconf 85' lang='lat' dir='ltr'>erat</span> <span class='ocrx_word' id='word_1_1180' title='bbox 1623 301 1704 328; x_wconf 86' lang='lat' dir='ltr'>inodo</span> <span class='ocrx_word' id='word_1_1181' title='bbox 1725 303 1810 328; x_wconf 75' lang='lat' dir='ltr'>t&#39;amae</span> <span class='ocrx_word' id='word_1_1182' title='bbox 1826 304 1991 337; x_wconf 65' lang='lat' dir='ltr'>studentem,</span> <span class='ocrx_word' id='word_1_1183' title='bbox 2012 305 2080 332; x_wconf 84' lang='lat' dir='ltr'>nihil</span> <span class='ocrx_word' id='word_1_1184' title='bbox 2095 315 2126 332; x_wconf 84' lang='lat' dir='ltr'>ex</span> <span class='ocrx_word' id='word_1_1185' title='bbox 2140 315 2179 333; x_wconf 77' lang='lat' dir='ltr'>et&gt;</span> 
     </span>
     <span class='ocr_line' id='line_1_130' title="bbox 1133 338 2174 375; baseline 0.003 -11"><span class='ocrx_word' id='word_1_1186' title='bbox 1133 345 1248 370; x_wconf 88' lang='lat' dir='ltr'>mutare,</span> <span class='ocrx_word' id='word_1_1187' title='bbox 1264 338 1335 373; x_wconf 90' lang='lat' dir='ltr'>quod</span> <span class='ocrx_word' id='word_1_1188' title='bbox 1348 338 1439 363; x_wconf 68' lang='lat' dir='ltr'>inultis</span> <span class='ocrx_word' id='word_1_1189' title='bbox 1459 338 1534 363; x_wconf 88' lang='lat' dir='ltr'>annis</span> <span class='ocrx_word' id='word_1_1190' title='bbox 1547 347 1600 364; x_wconf 89' lang='lat' dir='ltr'>non</span> <span class='ocrx_word' id='word_1_1191' title='bbox 1615 338 1738 364; x_wconf 69' lang='lat' dir='ltr'>sensissem</span> <span class='ocrx_word' id='word_1_1192' title='bbox 1752 338 1832 363; x_wconf 86' lang='lat' dir='ltr'>modo</span> <span class='ocrx_word' id='word_1_1193' title='bbox 1842 358 1849 369; x_wconf 89' lang='lat'>,</span> <span class='ocrx_word' id='word_1_1194' title='bbox 1870 348 1962 366; x_wconf 85' lang='lat' dir='ltr'>verum</span> <span class='ocrx_word' id='word_1_1195' title='bbox 1982 341 2060 367; x_wconf 84' lang='lat' dir='ltr'>etiam</span> <span class='ocrx_word' id='word_1_1196' title='bbox 2078 349 2174 375; x_wconf 76' lang='lat' dir='ltr'>appro-</span> 
     </span>
     <span class='ocr_line' id='line_1_131' title="bbox 1136 372 2173 415; baseline 0.005 -16"><span class='ocrx_word' id='word_1_1197' title='bbox 1136 373 1239 400; x_wconf 77' lang='lat' dir='ltr'>bass&#39;cm.</span> <span class='ocrx_word' id='word_1_1198' title='bbox 1309 373 1366 400; x_wconf 92' lang='lat' dir='ltr'>Cic.</span> <span class='ocrx_word' id='word_1_1199' title='bbox 1381 372 1413 398; x_wconf 86' lang='lat' dir='ltr'>ad</span> <span class='ocrx_word' id='word_1_1200' title='bbox 1427 372 1499 398; x_wconf 80' lang='lat' dir='ltr'>Brut.</span> <span class='ocrx_word' id='word_1_1201' title='bbox 1515 378 1540 403; x_wconf 87' lang='lat'>18</span> <span class='ocrx_word' id='word_1_1202' title='bbox 1560 376 1652 408; x_wconf 87' lang='lat' dir='ltr'>ltaque</span> <span class='ocrx_word' id='word_1_1203' title='bbox 1664 373 1696 400; x_wconf 87' lang='lat' dir='ltr'>ad</span> <span class='ocrx_word' id='word_1_1204' title='bbox 1708 373 1827 408; x_wconf 84' lang='lat' dir='ltr'>reliquos</span> <span class='ocrx_word' id='word_1_1205' title='bbox 1840 373 1883 398; x_wconf 85' lang='lat' dir='ltr'>hic</span> <span class='ocrx_word' id='word_1_1206' title='bbox 1897 383 2002 408; x_wconf 86' lang='lat' dir='ltr'>quoque</span> <span class='ocrx_word' id='word_1_1207' title='bbox 2014 376 2090 402; x_wconf 83' lang='lat' dir='ltr'>labor</span> <span class='ocrx_word' id='word_1_1208' title='bbox 2103 377 2173 415; x_wconf 71' lang='lat' dir='ltr'>mihi</span> 
     </span>
    </p>
   </div>
   <div class='ocr_carea' id='block_1_35' title="bbox 409 406 2172 445">
    <p class='ocr_par' dir='ltr' id='par_1_38' title="bbox 409 406 2172 445">
     <span class='ocr_line' id='line_1_132' title="bbox 409 406 2172 445; baseline 0.001 -8"><span class='ocrx_word' id='word_1_1209' title='bbox 409 411 539 444; x_wconf 67' lang='lat' dir='ltr'>Qiintffil,</span> <span class='ocrx_word' id='word_1_1210' title='bbox 553 412 624 438; x_wconf 88' lang='lat' dir='ltr'>Decl.</span> <span class='ocrx_word' id='word_1_1211' title='bbox 640 419 669 445; x_wconf 89' lang='lat'>17</span> <span class='ocrx_word' id='word_1_1212' title='bbox 707 410 748 437; x_wconf 83' lang='lat' dir='ltr'>Est</span> <span class='ocrx_word' id='word_1_1213' title='bbox 766 416 853 435; x_wconf 83' lang='lat' dir='ltr'>autem</span> <span class='ocrx_word' id='word_1_1214' title='bbox 871 407 920 433; x_wconf 92' lang='lat' dir='ltr'>hoc</span> <span class='ocrx_word' id='word_1_1215' title='bbox 941 406 1069 441; x_wconf 83' lang='lat' dir='ltr'>iniquiffi-</span> <span class='ocrx_word' id='word_1_1216' title='bbox 1095 412 1109 438; x_wconf 86' lang='grc' dir='ltr'><em>ς</em></span> <span class='ocrx_word' id='word_1_1217' title='bbox 1136 409 1244 440; x_wconf 77' lang='lat' dir='ltr'>accessit,</span> <span class='ocrx_word' id='word_1_1218' title='bbox 1265 414 1293 436; x_wconf 82' lang='lat' dir='ltr'>vt</span> <span class='ocrx_word' id='word_1_1219' title='bbox 1313 416 1403 435; x_wconf 87' lang='lat' dir='ltr'>omncs</span> <span class='ocrx_word' id='word_1_1220' title='bbox 1416 407 1555 434; x_wconf 86' lang='lat' dir='ltr'>adhibeam</span> <span class='ocrx_word' id='word_1_1221' title='bbox 1572 409 1702 436; x_wconf 81' lang='lat' dir='ltr'>machinas</span> <span class='ocrx_word' id='word_1_1222' title='bbox 1716 409 1747 435; x_wconf 85' lang='lat' dir='ltr'>ad</span> <span class='ocrx_word' id='word_1_1223' title='bbox 1761 408 1901 435; x_wconf 88' lang='lat' dir='ltr'>tenendum</span> <span class='ocrx_word' id='word_1_1224' title='bbox 1915 409 2118 443; x_wconf 77' lang='lat' dir='ltr'>adolescentem,</span> <span class='ocrx_word' id='word_1_1225' title='bbox 2138 421 2172 439; x_wconf 85' lang='lat' dir='ltr'>ne</span> 
     </span>
    </p>
   </div>
   <div class='ocr_carea' id='block_1_36' title="bbox 1124 443 2185 2359">
    <p class='ocr_par' dir='ltr' id='par_1_39' title="bbox 1126 443 2183 1507">
     <span class='ocr_line' id='line_1_133' title="bbox 1133 443 2171 478; baseline 0.005 -8"><span class='ocrx_word' id='word_1_1226' title='bbox 1133 444 1231 471; x_wconf 85' lang='lat' dir='ltr'>famam</span> <span class='ocrx_word' id='word_1_1227' title='bbox 1244 445 1355 471; x_wconf 86' lang='lat' dir='ltr'>Subeam</span> <span class='ocrx_word' id='word_1_1228' title='bbox 1377 443 1542 469; x_wconf 77' lang='lat' dir='ltr'>teineritatis.</span> <span class='ocrx_word' id='word_1_1229' title='bbox 1613 445 1688 471; x_wconf 85' lang='lat' dir='ltr'>Sum:</span> <span class='ocrx_word' id='word_1_1230' title='bbox 1709 451 1753 477; x_wconf 82' lang='lat' dir='ltr'>vt,</span> <span class='ocrx_word' id='word_1_1231' title='bbox 1767 445 1845 477; x_wconf 79' lang='lat' dir='ltr'>Fama</span> <span class='ocrx_word' id='word_1_1232' title='bbox 1858 444 1918 470; x_wconf 80' lang='lat' dir='ltr'>Fuit</span> <span class='ocrx_word' id='word_1_1233' title='bbox 1938 445 2063 478; x_wconf 79' lang='lat' dir='ltr'>quosdam</span> <span class='ocrx_word' id='word_1_1234' title='bbox 2084 458 2115 474; x_wconf 82' lang='lat' dir='ltr'>ex</span> <span class='ocrx_word' id='word_1_1235' title='bbox 2129 450 2171 474; x_wconf 85' lang='lat' dir='ltr'>Fi—</span> 
     </span>
     <span class='ocr_line' id='line_1_134' title="bbox 1132 479 2170 516; baseline 0.002 -11"><span class='ocrx_word' id='word_1_1236' title='bbox 1132 479 1267 506; x_wconf 80' lang='lat' dir='ltr'>denatium</span> <span class='ocrx_word' id='word_1_1237' title='bbox 1299 480 1435 506; x_wconf 82' lang='lat' dir='ltr'>iuuentute</span> <span class='ocrx_word' id='word_1_1238' title='bbox 1456 479 1595 512; x_wconf 79' lang='lat' dir='ltr'>participes</span> <span class='ocrx_word' id='word_1_1239' title='bbox 1617 481 1674 506; x_wconf 76' lang='lat' dir='ltr'>eius</span> <span class='ocrx_word' id='word_1_1240' title='bbox 1698 479 1876 514; x_wconf 87' lang='lat' dir='ltr'>populationis</span> <span class='ocrx_word' id='word_1_1241' title='bbox 1901 479 1977 505; x_wconf 70' lang='lat' dir='ltr'>fuisse</span> <span class='ocrx_word' id='word_1_1242' title='bbox 2004 481 2061 507; x_wconf 90' lang='lat' dir='ltr'>Liu.</span> <span class='ocrx_word' id='word_1_1243' title='bbox 2080 494 2106 516; x_wconf 87' lang='lat'>4,</span> <span class='ocrx_word' id='word_1_1244' title='bbox 2128 493 2170 515; x_wconf 78' lang='lat'>30.</span> 
     </span>
     <span class='ocr_line' id='line_1_135' title="bbox 1131 513 2170 552; baseline 0.003 -11"><span class='ocrx_word' id='word_1_1245' title='bbox 1131 516 1206 552; x_wconf 78' lang='lat' dir='ltr'>Conf.</span> <span class='ocrx_word' id='word_1_1246' title='bbox 1222 523 1262 550; x_wconf 85' lang='lat'>27,</span> <span class='ocrx_word' id='word_1_1247' title='bbox 1276 524 1312 547; x_wconf 81' lang='lat'>32.</span> <span class='ocrx_word' id='word_1_1248' title='bbox 1372 513 1399 540; x_wconf 85' lang='lat' dir='ltr'>Si</span> <span class='ocrx_word' id='word_1_1249' title='bbox 1419 521 1480 539; x_wconf 83' lang='lat' dir='ltr'>vera</span> <span class='ocrx_word' id='word_1_1250' title='bbox 1493 514 1533 539; x_wconf 79' lang='lat' dir='ltr'>Est</span> <span class='ocrx_word' id='word_1_1251' title='bbox 1548 515 1615 540; x_wconf 78' lang='lat' dir='ltr'>fama</span> <span class='ocrx_word' id='word_1_1252' title='bbox 1625 534 1633 547; x_wconf 93' lang='lat'>,</span> <span class='ocrx_word' id='word_1_1253' title='bbox 1654 518 1671 541; x_wconf 88' lang='grc' dir='ltr'>ι’.</span> <span class='ocrx_word' id='word_1_1254' title='bbox 1689 517 1716 542; x_wconf 64' lang='lat' dir='ltr'>Sa·</span> <span class='ocrx_word' id='word_1_1255' title='bbox 1728 515 1823 542; x_wconf 72' lang='lat' dir='ltr'>credere</span> <span class='ocrx_word' id='word_1_1256' title='bbox 1831 515 1881 550; x_wconf 81' lang='lat' dir='ltr'>fas</span> <span class='ocrx_word' id='word_1_1257' title='bbox 1891 513 1926 548; x_wconf 65' lang='lat' dir='ltr'>&lt;ft</span> <span class='ocrx_word' id='word_1_1258' title='bbox 1942 515 2017 549; x_wconf 84' lang='lat' dir='ltr'>Virg.</span> <span class='ocrx_word' id='word_1_1259' title='bbox 2032 518 2128 552; x_wconf 78' lang='lat' dir='ltr'>Georg.</span> <span class='ocrx_word' id='word_1_1260' title='bbox 2141 527 2170 550; x_wconf 77' lang='lat'>4,</span> 
     </span>
     <span class='ocr_line' id='line_1_136' title="bbox 1131 549 2169 585; baseline 0.003 -8"><span class='ocrx_word' id='word_1_1261' title='bbox 1131 559 1174 584; x_wconf 75' lang='lat'>42.</span> <span class='ocrx_word' id='word_1_1262' title='bbox 1247 551 1319 577; x_wconf 86' lang='lat' dir='ltr'>Idem</span> <span class='ocrx_word' id='word_1_1263' title='bbox 1335 550 1399 576; x_wconf 81' lang='lat' dir='ltr'>Aen.</span> <span class='ocrx_word' id='word_1_1264' title='bbox 1414 550 1439 580; x_wconf 89' lang='grc'>6,</span> <span class='ocrx_word' id='word_1_1265' title='bbox 1455 557 1485 581; x_wconf 80' lang='lat'>14</span> <span class='ocrx_word' id='word_1_1266' title='bbox 1522 549 1651 575; x_wconf 79' lang='lat' dir='ltr'>Daedalus</span> <span class='ocrx_word' id='word_1_1267' title='bbox 1667 554 1712 582; x_wconf 85' lang='lat' dir='ltr'>(vt</span> <span class='ocrx_word' id='word_1_1268' title='bbox 1726 551 1794 577; x_wconf 87' lang='lat' dir='ltr'>fama</span> <span class='ocrx_word' id='word_1_1269' title='bbox 1809 551 1868 583; x_wconf 69' lang='lat' dir='ltr'>Est)</span> <span class='ocrx_word' id='word_1_1270' title='bbox 1890 550 1994 585; x_wconf 81' lang='lat' dir='ltr'>fugiens</span> <span class='ocrx_word' id='word_1_1271' title='bbox 2008 552 2111 580; x_wconf 77' lang='lat' dir='ltr'>MInoia</span> <span class='ocrx_word' id='word_1_1272' title='bbox 2130 562 2169 579; x_wconf 71' lang='lat' dir='ltr'>re—</span> 
     </span>
     <span class='ocr_line' id='line_1_137' title="bbox 1294 584 2170 621; baseline 0.005 -11"><span class='ocrx_word' id='word_1_1273' title='bbox 1294 587 1330 611; x_wconf 92' lang='lat' dir='ltr'>Vt</span> <span class='ocrx_word' id='word_1_1274' title='bbox 1347 584 1487 611; x_wconf 87' lang='lat' dir='ltr'>hominum</span> <span class='ocrx_word' id='word_1_1275' title='bbox 1508 584 1576 610; x_wconf 86' lang='lat' dir='ltr'>sama</span> <span class='ocrx_word' id='word_1_1276' title='bbox 1595 586 1633 610; x_wconf 84' lang='lat' dir='ltr'>Est</span> <span class='ocrx_word' id='word_1_1277' title='bbox 1653 586 1709 611; x_wconf 79' lang='lat' dir='ltr'>Cic.</span> <span class='ocrx_word' id='word_1_1278' title='bbox 1730 587 1762 612; x_wconf 86' lang='lat' dir='ltr'>de</span> <span class='ocrx_word' id='word_1_1279' title='bbox 1777 587 1868 620; x_wconf 84' lang='lat' dir='ltr'>Arusp.</span> <span class='ocrx_word' id='word_1_1280' title='bbox 1884 586 1958 621; x_wconf 78' lang='lat' dir='ltr'>Resp.</span> <span class='ocrx_word' id='word_1_1281' title='bbox 1977 596 2016 613; x_wconf 87' lang='lat'>20.</span> <span class='ocrx_word' id='word_1_1282' title='bbox 2091 592 2170 619; x_wconf 62' lang='lat' dir='ltr'>Fama</span> 
     </span>
     <span class='ocr_line' id='line_1_138' title="bbox 1130 620 2168 661; baseline 0.001 -14"><span class='ocrx_word' id='word_1_1283' title='bbox 1130 622 1182 653; x_wconf 75' lang='lat' dir='ltr'>Est,</span> <span class='ocrx_word' id='word_1_1284' title='bbox 1191 621 1329 647; x_wconf 77' lang='lat' dir='ltr'>insidentes</span> <span class='ocrx_word' id='word_1_1285' title='bbox 1341 621 1452 646; x_wconf 87' lang='lat' dir='ltr'>arietum</span> <span class='ocrx_word' id='word_1_1286' title='bbox 1464 627 1654 654; x_wconf 86' lang='lat' dir='ltr'>caprarumque</span> <span class='ocrx_word' id='word_1_1287' title='bbox 1667 620 1747 647; x_wconf 80' lang='lat' dir='ltr'>dorsis</span> <span class='ocrx_word' id='word_1_1288' title='bbox 1762 628 1807 647; x_wconf 78' lang='lat' dir='ltr'>etc.</span> <span class='ocrx_word' id='word_1_1289' title='bbox 1845 622 1910 648; x_wconf 84' lang='lat' dir='ltr'>Plin.</span> <span class='ocrx_word' id='word_1_1290' title='bbox 1924 631 1949 657; x_wconf 90' lang='lat'>7,</span> <span class='ocrx_word' id='word_1_1291' title='bbox 1963 631 1978 649; x_wconf 84' lang='lat'>2</span> <span class='ocrx_word' id='word_1_1292' title='bbox 1990 623 2020 649; x_wconf 75' lang='lat' dir='ltr'>de</span> <span class='ocrx_word' id='word_1_1293' title='bbox 2032 630 2168 661; x_wconf 53' lang='lat' dir='ltr'>pygmaeis.</span> 
     </span>
     <span class='ocr_line' id='line_1_139' title="bbox 1129 654 2171 690; baseline 0.007 -8"><span class='ocrx_word' id='word_1_1294' title='bbox 1129 657 1219 683; x_wconf 90' lang='lat' dir='ltr'>Tacit.</span> <span class='ocrx_word' id='word_1_1295' title='bbox 1233 656 1300 682; x_wconf 82' lang='lat' dir='ltr'>Hist.</span> <span class='ocrx_word' id='word_1_1296' title='bbox 1314 664 1340 688; x_wconf 81' lang='lat'>2,</span> <span class='ocrx_word' id='word_1_1297' title='bbox 1353 662 1383 689; x_wconf 84' lang='lat'>73</span> <span class='ocrx_word' id='word_1_1298' title='bbox 1413 654 1462 680; x_wconf 87' lang='lat' dir='ltr'>Etsi</span> <span class='ocrx_word' id='word_1_1299' title='bbox 1482 655 1553 688; x_wconf 82' lang='lat' dir='ltr'>vagis</span> <span class='ocrx_word' id='word_1_1300' title='bbox 1565 654 1648 681; x_wconf 86' lang='lat' dir='ltr'>adhuc</span> <span class='ocrx_word' id='word_1_1301' title='bbox 1664 662 1689 682; x_wconf 87' lang='lat' dir='ltr'>ct</span> <span class='ocrx_word' id='word_1_1302' title='bbox 1701 657 1809 682; x_wconf 81' lang='lat' dir='ltr'>incertis</span> <span class='ocrx_word' id='word_1_1303' title='bbox 1822 657 1991 690; x_wconf 61' lang='lat' dir='ltr'>auctoribus,</span> <span class='ocrx_word' id='word_1_1304' title='bbox 2011 660 2071 687; x_wconf 85' lang='lat' dir='ltr'>Erat</span> <span class='ocrx_word' id='word_1_1305' title='bbox 2083 669 2171 689; x_wconf 89' lang='lat' dir='ltr'>tamen</span> 
     </span>
     <span class='ocr_line' id='line_1_140' title="bbox 1129 689 2171 727; baseline 0.007 -9"><span class='ocrx_word' id='word_1_1306' title='bbox 1129 692 1158 718; x_wconf 89' lang='lat' dir='ltr'>in</span> <span class='ocrx_word' id='word_1_1307' title='bbox 1178 701 1225 718; x_wconf 85' lang='lat' dir='ltr'>ore</span> <span class='ocrx_word' id='word_1_1308' title='bbox 1245 691 1368 725; x_wconf 79' lang='lat' dir='ltr'>famaque</span> <span class='ocrx_word' id='word_1_1309' title='bbox 1383 689 1564 723; x_wconf 76' lang='lat' dir='ltr'>Vespasianus:</span> <span class='ocrx_word' id='word_1_1310' title='bbox 1591 699 1619 716; x_wconf 89' lang='lat' dir='ltr'>ac</span> <span class='ocrx_word' id='word_1_1311' title='bbox 1638 692 1794 727; x_wconf 76' lang='lat' dir='ltr'>plerumque</span> <span class='ocrx_word' id='word_1_1312' title='bbox 1808 692 1839 718; x_wconf 87' lang='lat' dir='ltr'>ad</span> <span class='ocrx_word' id='word_1_1313' title='bbox 1859 702 1956 720; x_wconf 77' lang='lat' dir='ltr'>nomen</span> <span class='ocrx_word' id='word_1_1314' title='bbox 1969 695 2026 721; x_wconf 86' lang='lat' dir='ltr'>eius</span> <span class='ocrx_word' id='word_1_1315' title='bbox 2042 697 2171 725; x_wconf 66' lang='lat' dir='ltr'>Vitellius</span> 
     </span>
     <span class='ocr_line' id='line_1_141' title="bbox 1129 725 2169 765; baseline 0.005 -12"><span class='ocrx_word' id='word_1_1316' title='bbox 1129 727 1302 753; x_wconf 79' lang='lat' dir='ltr'>excitabatur.</span> <span class='ocrx_word' id='word_1_1317' title='bbox 1339 726 1412 760; x_wconf 81' lang='lat' dir='ltr'>Conj.</span> <span class='ocrx_word' id='word_1_1318' title='bbox 1425 726 1498 751; x_wconf 88' lang='lat' dir='ltr'>Idem</span> <span class='ocrx_word' id='word_1_1319' title='bbox 1513 725 1580 751; x_wconf 84' lang='lat' dir='ltr'>Hist.</span> <span class='ocrx_word' id='word_1_1320' title='bbox 1594 734 1616 758; x_wconf 85' lang='grc'>3,</span> <span class='ocrx_word' id='word_1_1321' title='bbox 1628 735 1659 756; x_wconf 71' lang='grc' dir='ltr'>ιῑ,</span> <span class='ocrx_word' id='word_1_1322' title='bbox 1674 736 1701 761; x_wconf 89' lang='grc'>4.</span> <span class='ocrx_word' id='word_1_1323' title='bbox 1771 729 1842 754; x_wconf 85' lang='lat' dir='ltr'>Intra</span> <span class='ocrx_word' id='word_1_1324' title='bbox 1857 729 1951 755; x_wconf 86' lang='lat' dir='ltr'>famam</span> <span class='ocrx_word' id='word_1_1325' title='bbox 1967 731 2020 756; x_wconf 71' lang='lat' dir='ltr'>Effe</span> <span class='ocrx_word' id='word_1_1326' title='bbox 2037 733 2169 765; x_wconf 65' lang='lat' dir='ltr'>Qiinfiil,</span> 
     </span>
     <span class='ocr_line' id='line_1_142' title="bbox 1131 760 2169 797; baseline 0.008 -10"><span class='ocrx_word' id='word_1_1327' title='bbox 1131 772 1163 795; x_wconf 78' lang='grc' dir='ltr'>ιι,</span> <span class='ocrx_word' id='word_1_1328' title='bbox 1180 772 1201 795; x_wconf 91' lang='grc'>3.</span> <span class='ocrx_word' id='word_1_1329' title='bbox 1222 765 1240 788; x_wconf 83' lang='lat' dir='ltr'>i.</span> <span class='ocrx_word' id='word_1_1330' title='bbox 1263 763 1321 788; x_wconf 91' lang='lat' dir='ltr'>Non</span> <span class='ocrx_word' id='word_1_1331' title='bbox 1336 763 1456 787; x_wconf 72' lang='lat' dir='ltr'>maximae</span> <span class='ocrx_word' id='word_1_1332' title='bbox 1470 760 1660 793; x_wconf 43' lang='lat' dir='ltr'>existimationis</span> <span class='ocrx_word' id='word_1_1333' title='bbox 1678 768 1721 788; x_wconf 79' lang='lat' dir='ltr'>aut</span> <span class='ocrx_word' id='word_1_1334' title='bbox 1731 761 1826 797; x_wconf 66' lang='lat' dir='ltr'>famae.</span> <span class='ocrx_word' id='word_1_1335' title='bbox 1895 765 1967 791; x_wconf 76' lang='lat' dir='ltr'>Cael.</span> <span class='ocrx_word' id='word_1_1336' title='bbox 1982 766 2012 792; x_wconf 84' lang='lat' dir='ltr'>ad</span> <span class='ocrx_word' id='word_1_1337' title='bbox 2025 768 2081 794; x_wconf 85' lang='lat' dir='ltr'>Cic.</span> <span class='ocrx_word' id='word_1_1338' title='bbox 2097 770 2169 796; x_wconf 81' lang='lat' dir='ltr'>Fam.</span> 
     </span>
     <span class='ocr_line' id='line_1_143' title="bbox 1131 796 2170 839; baseline 0.01 -16"><span class='ocrx_word' id='word_1_1339' title='bbox 1131 804 1154 830; x_wconf 80' lang='lat'>8,</span> <span class='ocrx_word' id='word_1_1340' title='bbox 1168 804 1181 828; x_wconf 79' lang='lat'>8</span> <span class='ocrx_word' id='word_1_1341' title='bbox 1198 798 1294 831; x_wconf 81' lang='lat' dir='ltr'>Magna</span> <span class='ocrx_word' id='word_1_1342' title='bbox 1306 797 1381 823; x_wconf 92' lang='lat' dir='ltr'>illico</span> <span class='ocrx_word' id='word_1_1343' title='bbox 1394 796 1463 822; x_wconf 85' lang='lat' dir='ltr'>fama</span> <span class='ocrx_word' id='word_1_1344' title='bbox 1475 796 1608 828; x_wconf 88' lang='lat' dir='ltr'>Surrexit,</span> <span class='ocrx_word' id='word_1_1345' title='bbox 1628 803 1654 823; x_wconf 90' lang='lat' dir='ltr'>et</span> <span class='ocrx_word' id='word_1_1346' title='bbox 1668 797 1699 823; x_wconf 88' lang='lat' dir='ltr'>de</span> <span class='ocrx_word' id='word_1_1347' title='bbox 1714 798 1882 825; x_wconf 83' lang='lat' dir='ltr'>damnatione</span> <span class='ocrx_word' id='word_1_1348' title='bbox 1895 800 2031 828; x_wconf 81' lang='lat' dir='ltr'>fei-uenter</span> <span class='ocrx_word' id='word_1_1349' title='bbox 2043 804 2120 839; x_wconf 88' lang='lat' dir='ltr'>loqui</span> <span class='ocrx_word' id='word_1_1350' title='bbox 2134 806 2170 833; x_wconf 86' lang='lat' dir='ltr'>est</span> 
     </span>
     <span class='ocr_line' id='line_1_144' title="bbox 1130 831 2169 876; baseline 0.006 -17"><span class='ocrx_word' id='word_1_1351' title='bbox 1130 840 1261 868; x_wconf 86' lang='lat' dir='ltr'>coeptum.</span> <span class='ocrx_word' id='word_1_1352' title='bbox 1332 832 1399 857; x_wconf 84' lang='lat' dir='ltr'>Plin.</span> <span class='ocrx_word' id='word_1_1353' title='bbox 1413 831 1492 866; x_wconf 86' lang='lat' dir='ltr'>Epist.</span> <span class='ocrx_word' id='word_1_1354' title='bbox 1508 840 1533 864; x_wconf 84' lang='lat'>2,</span> <span class='ocrx_word' id='word_1_1355' title='bbox 1546 841 1565 864; x_wconf 90' lang='lat'>4</span> <span class='ocrx_word' id='word_1_1356' title='bbox 1595 832 1679 859; x_wconf 85' lang='lat' dir='ltr'>Debes</span> <span class='ocrx_word' id='word_1_1357' title='bbox 1700 833 1796 860; x_wconf 87' lang='lat' dir='ltr'>famam</span> <span class='ocrx_word' id='word_1_1358' title='bbox 1811 835 1891 868; x_wconf 86' lang='lat' dir='ltr'>patris</span> <span class='ocrx_word' id='word_1_1359' title='bbox 1904 837 1946 862; x_wconf 86' lang='lat' dir='ltr'>tui</span> <span class='ocrx_word' id='word_1_1360' title='bbox 1964 837 2100 872; x_wconf 55' lang='lat' dir='ltr'>defuncti,</span> <span class='ocrx_word' id='word_1_1361' title='bbox 2123 850 2169 876; x_wconf 86' lang='lat' dir='ltr'>pu-</span> 
     </span>
     <span class='ocr_line' id='line_1_145' title="bbox 1130 867 2170 912; baseline 0.006 -17"><span class='ocrx_word' id='word_1_1362' title='bbox 1130 868 1275 903; x_wconf 87' lang='lat' dir='ltr'>doremque</span> <span class='ocrx_word' id='word_1_1363' title='bbox 1292 867 1444 901; x_wconf 83' lang='lat' dir='ltr'>Suscipere3</span> <span class='ocrx_word' id='word_1_1364' title='bbox 1467 867 1512 893; x_wconf 78' lang='lat' dir='ltr'>hoc</span> <span class='ocrx_word' id='word_1_1365' title='bbox 1531 867 1580 900; x_wconf 64' lang='lat' dir='ltr'>esst,</span> <span class='ocrx_word' id='word_1_1366' title='bbox 1597 868 1667 894; x_wconf 75' lang='lat' dir='ltr'>adire</span> <span class='ocrx_word' id='word_1_1367' title='bbox 1686 869 1844 895; x_wconf 73' lang='lat' dir='ltr'>hereditatem</span> <span class='ocrx_word' id='word_1_1368' title='bbox 1858 877 2004 905; x_wconf 73' lang='lat' dir='ltr'>paternam,</span> <span class='ocrx_word' id='word_1_1369' title='bbox 2019 884 2047 900; x_wconf 77' lang='lat' dir='ltr'>nc</span> <span class='ocrx_word' id='word_1_1370' title='bbox 2064 876 2105 902; x_wconf 75' lang='lat' dir='ltr'>illc</span> <span class='ocrx_word' id='word_1_1371' title='bbox 2119 884 2170 912; x_wconf 81' lang='lat' dir='ltr'>pro</span> 
     </span>
     <span class='ocr_line' id='line_1_146' title="bbox 1129 903 2168 945; baseline 0.006 -14"><span class='ocrx_word' id='word_1_1372' title='bbox 1129 903 1253 931; x_wconf 65' lang='lat' dir='ltr'>decotssore</span> <span class='ocrx_word' id='word_1_1373' title='bbox 1266 903 1393 929; x_wconf 80' lang='lat' dir='ltr'>habeatur.</span> <span class='ocrx_word' id='word_1_1374' title='bbox 1484 903 1592 928; x_wconf 87' lang='lat' dir='ltr'>Tenere</span> <span class='ocrx_word' id='word_1_1375' title='bbox 1612 903 1710 929; x_wconf 85' lang='lat' dir='ltr'>famam</span> <span class='ocrx_word' id='word_1_1376' title='bbox 1732 904 1784 930; x_wconf 80' lang='lat' dir='ltr'>sine</span> <span class='ocrx_word' id='word_1_1377' title='bbox 1804 904 1862 931; x_wconf 77' lang='lat' dir='ltr'>labe</span> <span class='ocrx_word' id='word_1_1378' title='bbox 1885 907 1966 933; x_wconf 88' lang='lat' dir='ltr'>Ouid.</span> <span class='ocrx_word' id='word_1_1379' title='bbox 1981 909 2059 943; x_wconf 82' lang='lat' dir='ltr'>Epist.</span> <span class='ocrx_word' id='word_1_1380' title='bbox 2075 919 2111 945; x_wconf 84' lang='lat'>17,</span> <span class='ocrx_word' id='word_1_1381' title='bbox 2127 914 2168 945; x_wconf 54' lang='lat'>69.</span> 
     </span>
     <span class='ocr_line' id='line_1_147' title="bbox 1129 937 2183 976; baseline 0.007 -10"><span class='ocrx_word' id='word_1_1382' title='bbox 1129 940 1244 966; x_wconf 87' lang='lat' dir='ltr'>Aduersa</span> <span class='ocrx_word' id='word_1_1383' title='bbox 1264 938 1334 964; x_wconf 87' lang='lat' dir='ltr'>fama</span> <span class='ocrx_word' id='word_1_1384' title='bbox 1353 937 1444 972; x_wconf 89' lang='lat' dir='ltr'>populi</span> <span class='ocrx_word' id='word_1_1385' title='bbox 1466 943 1491 963; x_wconf 87' lang='lat' dir='ltr'>te</span> <span class='ocrx_word' id='word_1_1386' title='bbox 1509 938 1578 964; x_wconf 83' lang='lat' dir='ltr'>nihil</span> <span class='ocrx_word' id='word_1_1387' title='bbox 1593 938 1711 965; x_wconf 69' lang='lat' dir='ltr'>Terret?</span> <span class='ocrx_word' id='word_1_1388' title='bbox 1730 939 1787 964; x_wconf 89' lang='lat' dir='ltr'>Sen.</span> <span class='ocrx_word' id='word_1_1389' title='bbox 1803 940 1915 972; x_wconf 80' lang='lat' dir='ltr'>Thyest.</span> <span class='ocrx_word' id='word_1_1390' title='bbox 1930 943 1946 968; x_wconf 89' lang='lat' dir='ltr'>s.</span> <span class='ocrx_word' id='word_1_1391' title='bbox 1960 951 1981 974; x_wconf 85' lang='grc'>3.</span> <span class='ocrx_word' id='word_1_1392' title='bbox 2054 946 2129 974; x_wconf 84' lang='lat' dir='ltr'>Curt.</span> <span class='ocrx_word' id='word_1_1393' title='bbox 2143 946 2183 976; x_wconf 46' lang='lat'>6(</span> 
     </span>
     <span class='ocr_line' id='line_1_148' title="bbox 1128 973 2170 1010; baseline 0.008 -9"><span class='ocrx_word' id='word_1_1394' title='bbox 1128 984 1140 1008; x_wconf 85' lang='grc'>3</span> <span class='ocrx_word' id='word_1_1395' title='bbox 1155 983 1218 1001; x_wconf 78' lang='lat' dir='ltr'>extr.</span> <span class='ocrx_word' id='word_1_1396' title='bbox 1241 974 1381 1008; x_wconf 81' lang='lat' dir='ltr'>Egregium</span> <span class='ocrx_word' id='word_1_1397' title='bbox 1396 982 1438 999; x_wconf 86' lang='lat' dir='ltr'>me</span> <span class='ocrx_word' id='word_1_1398' title='bbox 1454 973 1558 1000; x_wconf 87' lang='lat' dir='ltr'>hercule</span> <span class='ocrx_word' id='word_1_1399' title='bbox 1572 982 1639 1007; x_wconf 80' lang='lat' dir='ltr'>opus</span> <span class='ocrx_word' id='word_1_1400' title='bbox 1651 980 1677 1000; x_wconf 87' lang='lat' dir='ltr'>et</span> <span class='ocrx_word' id='word_1_1401' title='bbox 1691 974 1760 1000; x_wconf 79' lang='lat' dir='ltr'>inter</span> <span class='ocrx_word' id='word_1_1402' title='bbox 1773 977 1888 1008; x_wconf 80' lang='lat' dir='ltr'>praemia</span> <span class='ocrx_word' id='word_1_1403' title='bbox 1902 978 2003 1010; x_wconf 84' lang='lat' dir='ltr'>gloriae</span> <span class='ocrx_word' id='word_1_1404' title='bbox 2015 981 2114 1008; x_wconf 73' lang='lat' dir='ltr'>vestrae</span> <span class='ocrx_word' id='word_1_1405' title='bbox 2122 992 2170 1009; x_wconf 89' lang='lat' dir='ltr'>nu-</span> 
     </span>
     <span class='ocr_line' id='line_1_149' title="bbox 1128 1008 2170 1046; baseline 0.001 -10"><span class='ocrx_word' id='word_1_1406' title='bbox 1128 1009 1300 1041; x_wconf 84' lang='lat' dir='ltr'>merandum,</span> <span class='ocrx_word' id='word_1_1407' title='bbox 1319 1009 1465 1043; x_wconf 86' lang='lat' dir='ltr'>posteritati</span> <span class='ocrx_word' id='word_1_1408' title='bbox 1478 1009 1617 1043; x_wconf 85' lang='lat' dir='ltr'>famaeque</span> <span class='ocrx_word' id='word_1_1409' title='bbox 1630 1008 1766 1035; x_wconf 85' lang='lat' dir='ltr'>Tradetis.</span> <span class='ocrx_word' id='word_1_1410' title='bbox 1838 1011 2008 1046; x_wconf 79' lang='lat' dir='ltr'>Transgresl&#39;a</span> <span class='ocrx_word' id='word_1_1411' title='bbox 2021 1016 2056 1041; x_wconf 79' lang='lat' dir='ltr'>est</span> <span class='ocrx_word' id='word_1_1412' title='bbox 2071 1018 2098 1043; x_wconf 83' lang='lat' dir='ltr'>in</span> <span class='ocrx_word' id='word_1_1413' title='bbox 2112 1019 2170 1044; x_wconf 74' lang='lat' dir='ltr'>vni,</span> 
     </span>
     <span class='ocr_line' id='line_1_150' title="bbox 1126 1043 2169 1081; baseline 0.013 -14"><span class='ocrx_word' id='word_1_1414' title='bbox 1126 1047 1231 1072; x_wconf 71' lang='lat' dir='ltr'>versum</span> <span class='ocrx_word' id='word_1_1415' title='bbox 1245 1045 1314 1071; x_wconf 86' lang='lat' dir='ltr'>sama</span> <span class='ocrx_word' id='word_1_1416' title='bbox 1326 1045 1418 1070; x_wconf 81' lang='lat' dir='ltr'>Tacit.</span> <span class='ocrx_word' id='word_1_1417' title='bbox 1427 1044 1514 1078; x_wconf 74' lang='lat' dir='ltr'>Agric.</span> <span class='ocrx_word' id='word_1_1418' title='bbox 1529 1053 1564 1070; x_wconf 84' lang='grc' dir='ltr'>ιο.</span> <span class='ocrx_word' id='word_1_1419' title='bbox 1583 1043 1649 1079; x_wconf 83' lang='lat' dir='ltr'>quod</span> <span class='ocrx_word' id='word_1_1420' title='bbox 1666 1044 1694 1070; x_wconf 75' lang='lat' dir='ltr'>dc</span> <span class='ocrx_word' id='word_1_1421' title='bbox 1700 1051 1776 1079; x_wconf 76' lang='lat' dir='ltr'>parte</span> <span class='ocrx_word' id='word_1_1422' title='bbox 1789 1054 1872 1071; x_wconf 77' lang='lat' dir='ltr'>verum</span> <span class='ocrx_word' id='word_1_1423' title='bbox 1887 1046 1930 1079; x_wconf 80' lang='lat' dir='ltr'>est,</span> <span class='ocrx_word' id='word_1_1424' title='bbox 1943 1050 2062 1076; x_wconf 78' lang='lat' dir='ltr'>creditum</span> <span class='ocrx_word' id='word_1_1425' title='bbox 2074 1053 2169 1081; x_wconf 70' lang='lat' dir='ltr'>demto.</span> 
     </span>
     <span class='ocr_line' id='line_1_151' title="bbox 1127 1080 2169 1123; baseline 0.007 -15"><span class='ocrx_word' id='word_1_1426' title='bbox 1127 1082 1217 1108; x_wconf 84' lang='lat' dir='ltr'>Tueri</span> <span class='ocrx_word' id='word_1_1427' title='bbox 1231 1080 1390 1107; x_wconf 90' lang='lat' dir='ltr'>incolumem</span> <span class='ocrx_word' id='word_1_1428' title='bbox 1404 1080 1499 1106; x_wconf 89' lang='lat' dir='ltr'>famam</span> <span class='ocrx_word' id='word_1_1429' title='bbox 1513 1081 1581 1106; x_wconf 88' lang='lat' dir='ltr'>Hor.</span> <span class='ocrx_word' id='word_1_1430' title='bbox 1595 1080 1675 1106; x_wconf 83' lang='lat' dir='ltr'>Serm.</span> <span class='ocrx_word' id='word_1_1431' title='bbox 1691 1088 1711 1111; x_wconf 93' lang='lat'>1,</span> <span class='ocrx_word' id='word_1_1432' title='bbox 1724 1088 1752 1111; x_wconf 83' lang='lat'>4,</span> <span class='ocrx_word' id='word_1_1433' title='bbox 1766 1086 1812 1109; x_wconf 80' lang='lat'>¹¹8.</span> <span class='ocrx_word' id='word_1_1434' title='bbox 1884 1082 2000 1116; x_wconf 80' lang='lat' dir='ltr'>Vagatur</span> <span class='ocrx_word' id='word_1_1435' title='bbox 2012 1085 2080 1112; x_wconf 86' lang='lat' dir='ltr'>fama</span> <span class='ocrx_word' id='word_1_1436' title='bbox 2095 1089 2169 1123; x_wconf 84' lang='lat' dir='ltr'>Virg.</span> 
     </span>
     <span class='ocr_line' id='line_1_152' title="bbox 1128 1114 2169 1150; baseline 0.007 -7"><span class='ocrx_word' id='word_1_1437' title='bbox 1128 1118 1192 1143; x_wconf 88' lang='lat' dir='ltr'>Aen.</span> <span class='ocrx_word' id='word_1_1438' title='bbox 1206 1125 1231 1149; x_wconf 82' lang='lat'>2,</span> <span class='ocrx_word' id='word_1_1439' title='bbox 1245 1123 1282 1150; x_wconf 88' lang='lat'>17.</span> <span class='ocrx_word' id='word_1_1440' title='bbox 1352 1116 1407 1142; x_wconf 85' lang='lat' dir='ltr'>Cic.</span> <span class='ocrx_word' id='word_1_1441' title='bbox 1423 1117 1494 1141; x_wconf 90' lang='lat' dir='ltr'>Fam.</span> <span class='ocrx_word' id='word_1_1442' title='bbox 1514 1124 1540 1148; x_wconf 87' lang='lat'>9,</span> <span class='ocrx_word' id='word_1_1443' title='bbox 1555 1116 1583 1141; x_wconf 90' lang='lat'>16</span> <span class='ocrx_word' id='word_1_1444' title='bbox 1623 1115 1702 1141; x_wconf 84' lang='lat' dir='ltr'>Fama</span> <span class='ocrx_word' id='word_1_1445' title='bbox 1722 1114 1754 1140; x_wconf 78' lang='lat' dir='ltr'>ad</span> <span class='ocrx_word' id='word_1_1446' title='bbox 1774 1120 1799 1141; x_wconf 84' lang='lat' dir='ltr'>te</span> <span class='ocrx_word' id='word_1_1447' title='bbox 1817 1115 1849 1142; x_wconf 87' lang='lat' dir='ltr'>de</span> <span class='ocrx_word' id='word_1_1448' title='bbox 1867 1125 1924 1144; x_wconf 84' lang='lat' dir='ltr'>mea</span> <span class='ocrx_word' id='word_1_1449' title='bbox 1944 1118 2048 1146; x_wconf 88' lang='lat' dir='ltr'>lautitia</span> <span class='ocrx_word' id='word_1_1450' title='bbox 2067 1123 2169 1150; x_wconf 81' lang='lat' dir='ltr'>Veniet.</span> 
     </span>
     <span class='ocr_line' id='line_1_153' title="bbox 1128 1150 2170 1192; baseline 0.004 -14"><span class='ocrx_word' id='word_1_1451' title='bbox 1128 1153 1209 1179; x_wconf 85' lang='lat' dir='ltr'>Venit</span> <span class='ocrx_word' id='word_1_1452' title='bbox 1227 1152 1315 1177; x_wconf 85' lang='lat' dir='ltr'>maior</span> <span class='ocrx_word' id='word_1_1453' title='bbox 1335 1151 1405 1177; x_wconf 87' lang='lat' dir='ltr'>fama</span> <span class='ocrx_word' id='word_1_1454' title='bbox 1426 1151 1481 1185; x_wconf 80' lang='lat' dir='ltr'>post</span> <span class='ocrx_word' id='word_1_1455' title='bbox 1499 1152 1599 1177; x_wconf 83' lang='lat' dir='ltr'>cineres</span> <span class='ocrx_word' id='word_1_1456' title='bbox 1625 1150 1706 1177; x_wconf 85' lang='lat' dir='ltr'>Ouid.</span> <span class='ocrx_word' id='word_1_1457' title='bbox 1719 1159 1750 1176; x_wconf 86' lang='lat' dir='ltr'>cx</span> <span class='ocrx_word' id='word_1_1458' title='bbox 1766 1151 1840 1177; x_wconf 88' lang='lat' dir='ltr'>Pont.</span> <span class='ocrx_word' id='word_1_1459' title='bbox 1858 1161 1886 1186; x_wconf 86' lang='lat'>4,</span> <span class='ocrx_word' id='word_1_1460' title='bbox 1902 1155 1939 1185; x_wconf 90' lang='lat'>16,</span> <span class='ocrx_word' id='word_1_1461' title='bbox 1955 1163 1977 1186; x_wconf 82' lang='lat'>3.</span> <span class='ocrx_word' id='word_1_1462' title='bbox 2050 1157 2170 1192; x_wconf 67' lang='lat' dir='ltr'>Vigilate</span> 
     </span>
     <span class='ocr_line' id='line_1_154' title="bbox 1129 1186 2169 1225; baseline 0.003 -11"><span class='ocrx_word' id='word_1_1463' title='bbox 1129 1188 1214 1214; x_wconf 88' lang='lat' dir='ltr'>famae</span> <span class='ocrx_word' id='word_1_1464' title='bbox 1246 1186 1319 1213; x_wconf 85' lang='lat' dir='ltr'>Idem</span> <span class='ocrx_word' id='word_1_1465' title='bbox 1335 1187 1366 1212; x_wconf 90' lang='lat' dir='ltr'>de</span> <span class='ocrx_word' id='word_1_1466' title='bbox 1387 1188 1449 1212; x_wconf 89' lang='lat' dir='ltr'>Arte</span> <span class='ocrx_word' id='word_1_1467' title='bbox 1462 1188 1521 1213; x_wconf 89' lang='lat' dir='ltr'>Am.</span> <span class='ocrx_word' id='word_1_1468' title='bbox 1539 1194 1561 1218; x_wconf 90' lang='grc'>3,</span> <span class='ocrx_word' id='word_1_1469' title='bbox 1579 1194 1634 1220; x_wconf 85' lang='grc' dir='ltr'>4ι3.</span> <span class='ocrx_word' id='word_1_1470' title='bbox 1706 1186 1786 1212; x_wconf 82' lang='lat' dir='ltr'>Volat</span> <span class='ocrx_word' id='word_1_1471' title='bbox 1806 1186 1876 1214; x_wconf 82' lang='lat' dir='ltr'>fama</span> <span class='ocrx_word' id='word_1_1472' title='bbox 1906 1189 1978 1224; x_wconf 83' lang='lat' dir='ltr'>Virg.</span> <span class='ocrx_word' id='word_1_1473' title='bbox 1992 1191 2056 1218; x_wconf 87' lang='lat' dir='ltr'>Aen.</span> <span class='ocrx_word' id='word_1_1474' title='bbox 2077 1201 2100 1225; x_wconf 87' lang='grc'>3,</span> <span class='ocrx_word' id='word_1_1475' title='bbox 2120 1203 2169 1221; x_wconf 78' lang='lat'>121,</span> 
     </span>
     <span class='ocr_line' id='line_1_155' title="bbox 1129 1222 2172 1259; baseline 0.002 -10"><span class='ocrx_word' id='word_1_1476' title='bbox 1129 1224 1241 1257; x_wconf 83' lang='lat' dir='ltr'>Vulgata</span> <span class='ocrx_word' id='word_1_1477' title='bbox 1255 1232 1301 1256; x_wconf 82' lang='lat' dir='ltr'>per</span> <span class='ocrx_word' id='word_1_1478' title='bbox 1313 1222 1390 1248; x_wconf 84' lang='lat' dir='ltr'>vrbes</span> <span class='ocrx_word' id='word_1_1479' title='bbox 1404 1222 1472 1248; x_wconf 80' lang='lat' dir='ltr'>fama</span> <span class='ocrx_word' id='word_1_1480' title='bbox 1487 1223 1582 1248; x_wconf 85' lang='lat' dir='ltr'>Lucan.</span> <span class='ocrx_word' id='word_1_1481' title='bbox 1597 1231 1618 1253; x_wconf 75' lang='lat'>2,</span> <span class='ocrx_word' id='word_1_1482' title='bbox 1629 1223 1690 1254; x_wconf 84' lang='grc'>634.</span> <span class='ocrx_word' id='word_1_1483' title='bbox 1747 1224 1821 1248; x_wconf 85' lang='lat' dir='ltr'>Curt.</span> <span class='ocrx_word' id='word_1_1484' title='bbox 1835 1227 1858 1255; x_wconf 89' lang='lat'>8,</span> <span class='ocrx_word' id='word_1_1485' title='bbox 1873 1230 1946 1259; x_wconf 82' lang='lat' dir='ltr'>iipr.</span> <span class='ocrx_word' id='word_1_1486' title='bbox 1970 1226 2044 1253; x_wconf 86' lang='lat' dir='ltr'>Hanc</span> <span class='ocrx_word' id='word_1_1487' title='bbox 2056 1228 2089 1254; x_wconf 86' lang='lat' dir='ltr'>ab</span> <span class='ocrx_word' id='word_1_1488' title='bbox 2102 1230 2172 1256; x_wconf 83' lang='lat' dir='ltr'>Her-</span> 
     </span>
     <span class='ocr_line' id='line_1_156' title="bbox 1128 1257 2171 1296; baseline 0.007 -11"><span class='ocrx_word' id='word_1_1489' title='bbox 1128 1260 1186 1285; x_wconf 88' lang='lat' dir='ltr'>cule</span> <span class='ocrx_word' id='word_1_1490' title='bbox 1207 1258 1301 1284; x_wconf 73' lang='lat' dir='ltr'>frustra</span> <span class='ocrx_word' id='word_1_1491' title='bbox 1317 1257 1441 1284; x_wconf 76' lang='lat' dir='ltr'>obsess&#39;am</span> <span class='ocrx_word' id='word_1_1492' title='bbox 1460 1258 1523 1288; x_wconf 75' lang='lat' dir='ltr'>effe,</span> <span class='ocrx_word' id='word_1_1493' title='bbox 1541 1263 1680 1291; x_wconf 83' lang='lat' dir='ltr'>terraeque</span> <span class='ocrx_word' id='word_1_1494' title='bbox 1701 1263 1775 1284; x_wconf 87' lang='lat' dir='ltr'>motu</span> <span class='ocrx_word' id='word_1_1495' title='bbox 1801 1258 2080 1296; x_wconf 46' lang='lat' dir='ltr'>coachun&#39;absssterffi</span> <span class='ocrx_word' id='word_1_1496' title='bbox 2099 1265 2171 1292; x_wconf 85' lang='lat' dir='ltr'>fama</span> 
     </span>
     <span class='ocr_line' id='line_1_157' title="bbox 1128 1290 2170 1330; baseline 0.008 -10"><span class='ocrx_word' id='word_1_1497' title='bbox 1128 1295 1298 1328; x_wconf 84' lang='lat' dir='ltr'>Vulgauerat.</span> <span class='ocrx_word' id='word_1_1498' title='bbox 1495 1290 1515 1330; x_wconf 56' lang='lat' dir='ltr'>q</span> <span class='ocrx_word' id='word_1_1499' title='bbox 1536 1301 1555 1325; x_wconf 89' lang='lat'>4</span> <span class='ocrx_word' id='word_1_1500' title='bbox 1589 1295 1632 1320; x_wconf 87' lang='lat' dir='ltr'>An</span> <span class='ocrx_word' id='word_1_1501' title='bbox 1645 1293 1740 1319; x_wconf 84' lang='lat' dir='ltr'>Famae</span> <span class='ocrx_word' id='word_1_1502' title='bbox 1757 1296 1831 1319; x_wconf 78' lang='lat' dir='ltr'>ctiam</span> <span class='ocrx_word' id='word_1_1503' title='bbox 1845 1296 1914 1329; x_wconf 77' lang='lat' dir='ltr'>plur.</span> <span class='ocrx_word' id='word_1_1504' title='bbox 1927 1299 2051 1325; x_wconf 72' lang='lat' dir='ltr'>numeri?</span> <span class='ocrx_word' id='word_1_1505' title='bbox 2087 1300 2170 1328; x_wconf 86' lang='lat' dir='ltr'>Plaut.</span> 
     </span>
     <span class='ocr_line' id='line_1_158' title="bbox 1128 1329 2171 1363; baseline 0.007 -7"><span class='ocrx_word' id='word_1_1506' title='bbox 1128 1330 1211 1357; x_wconf 89' lang='lat' dir='ltr'>Trin.</span> <span class='ocrx_word' id='word_1_1507' title='bbox 1230 1338 1248 1361; x_wconf 91' lang='lat'>1,</span> <span class='ocrx_word' id='word_1_1508' title='bbox 1268 1338 1294 1362; x_wconf 82' lang='lat'>2,</span> <span class='ocrx_word' id='word_1_1509' title='bbox 1313 1337 1361 1362; x_wconf 89' lang='lat'>149</span> <span class='ocrx_word' id='word_1_1510' title='bbox 1393 1329 1506 1355; x_wconf 84' lang='lat' dir='ltr'>Hascine</span> <span class='ocrx_word' id='word_1_1511' title='bbox 1532 1336 1574 1354; x_wconf 87' lang='lat' dir='ltr'>me</span> <span class='ocrx_word' id='word_1_1512' title='bbox 1597 1334 1705 1362; x_wconf 86' lang='lat' dir='ltr'>propter</span> <span class='ocrx_word' id='word_1_1513' title='bbox 1727 1338 1767 1354; x_wconf 81' lang='lat' dir='ltr'>res</span> <span class='ocrx_word' id='word_1_1514' title='bbox 1785 1330 1939 1357; x_wconf 60' lang='lat' dir='ltr'>maledicias</span> <span class='ocrx_word' id='word_1_1515' title='bbox 1961 1331 2042 1359; x_wconf 81' lang='lat' dir='ltr'>famas</span> <span class='ocrx_word' id='word_1_1516' title='bbox 2063 1334 2171 1363; x_wconf 65' lang='lat' dir='ltr'>serunt!</span> 
     </span>
     <span class='ocr_line' id='line_1_159' title="bbox 1128 1363 2170 1398; baseline 0.007 -7"><span class='ocrx_word' id='word_1_1517' title='bbox 1128 1366 1175 1393; x_wconf 66' lang='lat' dir='ltr'>Sed</span> <span class='ocrx_word' id='word_1_1518' title='bbox 1193 1375 1240 1392; x_wconf 82' lang='lat' dir='ltr'>non</span> <span class='ocrx_word' id='word_1_1519' title='bbox 1260 1368 1373 1391; x_wconf 76' lang='lat' dir='ltr'>conuenit</span> <span class='ocrx_word' id='word_1_1520' title='bbox 1386 1367 1451 1390; x_wconf 74' lang='lat' dir='ltr'>inter</span> <span class='ocrx_word' id='word_1_1521' title='bbox 1465 1365 1573 1390; x_wconf 77' lang='lat' dir='ltr'>criticos</span> <span class='ocrx_word' id='word_1_1522' title='bbox 1584 1365 1613 1389; x_wconf 81' lang='lat' dir='ltr'>de</span> <span class='ocrx_word' id='word_1_1523' title='bbox 1624 1364 1671 1390; x_wconf 84' lang='lat' dir='ltr'>hac</span> <span class='ocrx_word' id='word_1_1524' title='bbox 1687 1363 1798 1391; x_wconf 59' lang='lat' dir='ltr'>lefiione.</span> <span class='ocrx_word' id='word_1_1525' title='bbox 1822 1367 1865 1392; x_wconf 90' lang='lat' dir='ltr'>Al.</span> <span class='ocrx_word' id='word_1_1526' title='bbox 1880 1366 1929 1392; x_wconf 85' lang='lat' dir='ltr'>Res</span> <span class='ocrx_word' id='word_1_1527' title='bbox 1942 1369 2081 1396; x_wconf 59' lang='lat' dir='ltr'>maledieta</span> <span class='ocrx_word' id='word_1_1528' title='bbox 2096 1371 2170 1398; x_wconf 84' lang='lat' dir='ltr'>diffe-</span> 
     </span>
     <span class='ocr_line' id='line_1_160' title="bbox 1128 1399 2169 1434; baseline 0.007 -7"><span class='ocrx_word' id='word_1_1529' title='bbox 1128 1407 1198 1428; x_wconf 87' lang='lat' dir='ltr'>runt.</span> <span class='ocrx_word' id='word_1_1530' title='bbox 1222 1402 1265 1427; x_wconf 87' lang='lat' dir='ltr'>Al.</span> <span class='ocrx_word' id='word_1_1531' title='bbox 1281 1400 1425 1427; x_wconf 85' lang='lat' dir='ltr'>Maledicae</span> <span class='ocrx_word' id='word_1_1532' title='bbox 1437 1400 1522 1427; x_wconf 88' lang='lat' dir='ltr'>famae</span> <span class='ocrx_word' id='word_1_1533' title='bbox 1534 1399 1632 1426; x_wconf 80' lang='lat' dir='ltr'>ferunt.</span> <span class='ocrx_word' id='word_1_1534' title='bbox 1652 1401 1695 1426; x_wconf 80' lang='lat' dir='ltr'>Al.</span> <span class='ocrx_word' id='word_1_1535' title='bbox 1710 1400 1849 1426; x_wconf 84' lang='lat' dir='ltr'>Maledicis</span> <span class='ocrx_word' id='word_1_1536' title='bbox 1862 1401 1948 1429; x_wconf 84' lang='lat' dir='ltr'>famis.</span> <span class='ocrx_word' id='word_1_1537' title='bbox 1990 1405 2047 1430; x_wconf 69' lang='lat' dir='ltr'>isid.</span> <span class='ocrx_word' id='word_1_1538' title='bbox 2063 1407 2169 1434; x_wconf 83' lang='lat' dir='ltr'>Gronou.</span> 
     </span>
     <span class='ocr_line' id='line_1_161' title="bbox 1128 1432 2170 1478; baseline 0.006 -15"><span class='ocrx_word' id='word_1_1539' title='bbox 1128 1440 1154 1463; x_wconf 81' lang='lat' dir='ltr'>in</span> <span class='ocrx_word' id='word_1_1540' title='bbox 1169 1439 1213 1463; x_wconf 77' lang='lat' dir='ltr'>loc.</span> <span class='ocrx_word' id='word_1_1541' title='bbox 1227 1442 1250 1462; x_wconf 80' lang='lat' dir='ltr'>et</span> <span class='ocrx_word' id='word_1_1542' title='bbox 1257 1435 1323 1469; x_wconf 76' lang='lat' dir='ltr'>Ohffi</span> <span class='ocrx_word' id='word_1_1543' title='bbox 1338 1446 1363 1470; x_wconf 81' lang='lat'>4,</span> <span class='ocrx_word' id='word_1_1544' title='bbox 1375 1444 1397 1467; x_wconf 77' lang='lat'>3.</span> <span class='ocrx_word' id='word_1_1545' title='bbox 1572 1432 1593 1472; x_wconf 63' lang='lat' dir='ltr'>fl</span> <span class='ocrx_word' id='word_1_1546' title='bbox 1613 1442 1625 1468; x_wconf 81' lang='grc' dir='ltr'><em>ς</em></span> <span class='ocrx_word' id='word_1_1547' title='bbox 1662 1436 1741 1462; x_wconf 72' lang='lat' dir='ltr'>Fama</span> <span class='ocrx_word' id='word_1_1548' title='bbox 1751 1436 1820 1462; x_wconf 82' lang='lat' dir='ltr'>Iulia</span> <span class='ocrx_word' id='word_1_1549' title='bbox 1832 1437 1973 1472; x_wconf 82' lang='lat' dir='ltr'>Hispaniae</span> <span class='ocrx_word' id='word_1_1550' title='bbox 1986 1440 2105 1468; x_wconf 87' lang='lat' dir='ltr'>Baeticae</span> <span class='ocrx_word' id='word_1_1551' title='bbox 2124 1452 2170 1478; x_wconf 85' lang='lat' dir='ltr'>op-</span> 
     </span>
     <span class='ocr_line' id='line_1_162' title="bbox 1129 1470 1674 1507; baseline -0.004 -9"><span class='ocrx_word' id='word_1_1552' title='bbox 1129 1472 1236 1507; x_wconf 87' lang='lat' dir='ltr'>pidum,</span> <span class='ocrx_word' id='word_1_1553' title='bbox 1255 1471 1309 1498; x_wconf 87' lang='lat' dir='ltr'>alio</span> <span class='ocrx_word' id='word_1_1554' title='bbox 1322 1472 1431 1501; x_wconf 87' lang='lat' dir='ltr'>nomine</span> <span class='ocrx_word' id='word_1_1555' title='bbox 1445 1470 1516 1497; x_wconf 84' lang='lat' dir='ltr'>Seria</span> <span class='ocrx_word' id='word_1_1556' title='bbox 1536 1470 1603 1497; x_wconf 89' lang='lat' dir='ltr'>Plin.</span> <span class='ocrx_word' id='word_1_1557' title='bbox 1618 1478 1639 1503; x_wconf 80' lang='grc'>3,</span> <span class='ocrx_word' id='word_1_1558' title='bbox 1656 1479 1674 1496; x_wconf 95' lang='grc' dir='ltr'>ι.</span> 
     </span>
    </p>

    <p class='ocr_par' dir='ltr' id='par_1_40' title="bbox 1166 1506 1945 1542">
     <span class='ocr_line' id='line_1_163' title="bbox 1166 1506 1945 1542; baseline 0.003 -8"><span class='ocrx_word' id='word_1_1559' title='bbox 1166 1514 1289 1540; x_wconf 83' lang='lat' dir='ltr'>FAMO,</span> <span class='ocrx_word' id='word_1_1560' title='bbox 1309 1512 1362 1533; x_wconf 73' lang='lat' dir='ltr'>are.</span> <span class='ocrx_word' id='word_1_1561' title='bbox 1401 1508 1475 1532; x_wconf 74' lang='lat' dir='ltr'>fama</span> <span class='ocrx_word' id='word_1_1562' title='bbox 1487 1508 1598 1542; x_wconf 80' lang='lat' dir='ltr'>uulgare.</span> <span class='ocrx_word' id='word_1_1563' title='bbox 1635 1506 1802 1540; x_wconf 81' lang='lat' dir='ltr'>Hieronymo</span> <span class='ocrx_word' id='word_1_1564' title='bbox 1817 1508 1945 1538; x_wconf 80' lang='lat' dir='ltr'>tribuitur.</span> 
     </span>
    </p>

    <p class='ocr_par' dir='ltr' id='par_1_41' title="bbox 1168 1542 2167 1576">
     <span class='ocr_line' id='line_1_164' title="bbox 1168 1542 2167 1576; baseline 0.007 -7"><span class='ocrx_word' id='word_1_1565' title='bbox 1168 1549 1185 1570; x_wconf 82' lang='lat' dir='ltr'>F</span> <span class='ocrx_word' id='word_1_1566' title='bbox 1196 1550 1216 1570; x_wconf 82' lang='lat' dir='ltr'>A</span> <span class='ocrx_word' id='word_1_1567' title='bbox 1227 1550 1280 1569; x_wconf 88' lang='lat' dir='ltr'>MA</span> <span class='ocrx_word' id='word_1_1568' title='bbox 1289 1550 1310 1569; x_wconf 87' lang='lat' dir='ltr'>T</span> <span class='ocrx_word' id='word_1_1569' title='bbox 1319 1549 1339 1567; x_wconf 88' lang='lat' dir='ltr'>v</span> <span class='ocrx_word' id='word_1_1570' title='bbox 1348 1550 1361 1569; x_wconf 90' lang='lat' dir='ltr'>s</span> <span class='ocrx_word' id='word_1_1571' title='bbox 1370 1562 1378 1574; x_wconf 90' lang='lat'>‚</span> <span class='ocrx_word' id='word_1_1572' title='bbox 1397 1551 1426 1573; x_wconf 85' lang='lat' dir='ltr'>a,</span> <span class='ocrx_word' id='word_1_1573' title='bbox 1445 1550 1498 1568; x_wconf 91' lang='lat' dir='ltr'>uni.</span> <span class='ocrx_word' id='word_1_1574' title='bbox 1534 1542 1628 1568; x_wconf 80' lang='lat' dir='ltr'>Partic.</span> <span class='ocrx_word' id='word_1_1575' title='bbox 1663 1542 1781 1569; x_wconf 84' lang='lat' dir='ltr'>Chalcid.</span> <span class='ocrx_word' id='word_1_1576' title='bbox 1795 1544 1928 1571; x_wconf 83' lang='lat' dir='ltr'>Maximus</span> <span class='ocrx_word' id='word_1_1577' title='bbox 1942 1552 1968 1572; x_wconf 90' lang='lat' dir='ltr'>et</span> <span class='ocrx_word' id='word_1_1578' title='bbox 1981 1547 2167 1576; x_wconf 78' lang='lat' dir='ltr'>famatiffimus.</span> 
     </span>
    </p>

    <p class='ocr_par' dir='ltr' id='par_1_42' title="bbox 1124 1577 2185 2359">
     <span class='ocr_line' id='line_1_165' title="bbox 1166 1577 2169 1640; baseline 0.001 -36"><span class='ocrx_word' id='word_1_1579' title='bbox 1166 1580 1364 1617; x_wconf 52' lang='grc' dir='ltr'>ῈΑΜόἒνῖ)</span> <span class='ocrx_word' id='word_1_1580' title='bbox 1384 1586 1413 1608; x_wconf 83' lang='lat' dir='ltr'>a,</span> <span class='ocrx_word' id='word_1_1581' title='bbox 1434 1586 1489 1603; x_wconf 82' lang='lat' dir='ltr'>um.</span> <span class='ocrx_word' id='word_1_1582' title='bbox 1526 1577 1586 1603; x_wconf 78' lang='lat' dir='ltr'>Adi.</span> <span class='ocrx_word' id='word_1_1583' title='bbox 1622 1577 1803 1613; x_wconf 73' lang='grc' dir='ltr'>[πολύφημος]</span> <span class='ocrx_word' id='word_1_1584' title='bbox 1838 1582 1876 1606; x_wconf 83' lang='lat' dir='ltr'>De</span> <span class='ocrx_word' id='word_1_1585' title='bbox 1888 1589 1939 1640; x_wconf 49' lang='lat' dir='ltr'>¹{uo</span> <span class='ocrx_word' id='word_1_1586' title='bbox 1955 1580 1991 1614; x_wconf 72' lang='lat' dir='ltr'>est</span> <span class='ocrx_word' id='word_1_1587' title='bbox 2009 1584 2109 1609; x_wconf 63' lang='lat' dir='ltr'>celebris</span> <span class='ocrx_word' id='word_1_1588' title='bbox 2121 1584 2169 1619; x_wconf 69' lang='lat' dir='ltr'>fa-</span> 
     </span>
     <span class='ocr_line' id='line_1_166' title="bbox 1130 1612 2170 1648; baseline 0.004 -8"><span class='ocrx_word' id='word_1_1589' title='bbox 1130 1623 1177 1640; x_wconf 71' lang='lat' dir='ltr'>ma.</span> <span class='ocrx_word' id='word_1_1590' title='bbox 1198 1621 1227 1640; x_wconf 82' lang='lat' dir='ltr'>ut</span> <span class='ocrx_word' id='word_1_1591' title='bbox 1241 1614 1323 1640; x_wconf 82' lang='lat' dir='ltr'>Causa</span> <span class='ocrx_word' id='word_1_1592' title='bbox 1341 1613 1440 1639; x_wconf 69' lang='lat' dir='ltr'>ramosa</span> <span class='ocrx_word' id='word_1_1593' title='bbox 1460 1613 1526 1639; x_wconf 86' lang='lat' dir='ltr'>Plin.</span> <span class='ocrx_word' id='word_1_1594' title='bbox 1540 1612 1619 1646; x_wconf 84' lang='lat' dir='ltr'>Epist.</span> <span class='ocrx_word' id='word_1_1595' title='bbox 1633 1616 1658 1644; x_wconf 90' lang='lat'>6,</span> <span class='ocrx_word' id='word_1_1596' title='bbox 1678 1621 1713 1644; x_wconf 83' lang='lat'>23.</span> <span class='ocrx_word' id='word_1_1597' title='bbox 1750 1613 1824 1639; x_wconf 84' lang='lat' dir='ltr'>Idem</span> <span class='ocrx_word' id='word_1_1598' title='bbox 1839 1615 1885 1648; x_wconf 88' lang='lat' dir='ltr'>Epi</span> <span class='ocrx_word' id='word_1_1599' title='bbox 1911 1635 1917 1641; x_wconf 94' lang='lat'>.</span> <span class='ocrx_word' id='word_1_1600' title='bbox 1936 1623 1962 1648; x_wconf 83' lang='lat'>9,</span> <span class='ocrx_word' id='word_1_1601' title='bbox 1984 1625 2007 1647; x_wconf 82' lang='lat'>13</span> <span class='ocrx_word' id='word_1_1602' title='bbox 2039 1618 2170 1645; x_wconf 86' lang='lat' dir='ltr'>Nominat</span> 
     </span>
     <span class='ocr_line' id='line_1_167' title="bbox 1128 1648 2171 1684; baseline 0 -8"><span class='ocrx_word' id='word_1_1603' title='bbox 1128 1650 1274 1684; x_wconf 80' lang='lat' dir='ltr'>quendam,</span> <span class='ocrx_word' id='word_1_1604' title='bbox 1293 1649 1341 1683; x_wconf 90' lang='lat' dir='ltr'>qui</span> <span class='ocrx_word' id='word_1_1605' title='bbox 1359 1654 1419 1674; x_wconf 87' lang='lat' dir='ltr'>tunc</span> <span class='ocrx_word' id='word_1_1606' title='bbox 1436 1648 1466 1674; x_wconf 91' lang='lat' dir='ltr'>ad</span> <span class='ocrx_word' id='word_1_1607' title='bbox 1482 1648 1620 1674; x_wconf 85' lang='lat' dir='ltr'>Orientem</span> <span class='ocrx_word' id='word_1_1608' title='bbox 1639 1648 1822 1681; x_wconf 78' lang='lat' dir='ltr'>anipliffimum</span> <span class='ocrx_word' id='word_1_1609' title='bbox 1840 1652 1866 1675; x_wconf 72' lang='lat' dir='ltr'>e&#39;t</span> <span class='ocrx_word' id='word_1_1610' title='bbox 1884 1650 2078 1678; x_wconf 78' lang='lat' dir='ltr'>famosissimum</span> <span class='ocrx_word' id='word_1_1611' title='bbox 2097 1662 2171 1680; x_wconf 78' lang='lat' dir='ltr'>exer-</span> 
     </span>
     <span class='ocr_line' id='line_1_168' title="bbox 1128 1682 2170 1717; baseline 0.005 -7"><span class='ocrx_word' id='word_1_1612' title='bbox 1128 1686 1226 1715; x_wconf 87' lang='lat' dir='ltr'>citum,</span> <span class='ocrx_word' id='word_1_1613' title='bbox 1240 1694 1294 1710; x_wconf 90' lang='lat' dir='ltr'>non</span> <span class='ocrx_word' id='word_1_1614' title='bbox 1307 1684 1359 1709; x_wconf 76' lang='lat' dir='ltr'>tine</span> <span class='ocrx_word' id='word_1_1615' title='bbox 1377 1683 1477 1716; x_wconf 80' lang='lat' dir='ltr'>magnis</span> <span class='ocrx_word' id='word_1_1616' title='bbox 1490 1683 1634 1717; x_wconf 86' lang='lat' dir='ltr'>dubiisque</span> <span class='ocrx_word' id='word_1_1617' title='bbox 1654 1682 1808 1708; x_wconf 83' lang='lat' dir='ltr'>rumoribus</span> <span class='ocrx_word' id='word_1_1618' title='bbox 1823 1684 1969 1711; x_wconf 85' lang='lat' dir='ltr'>obtinebat.</span> <span class='ocrx_word' id='word_1_1619' title='bbox 2025 1688 2120 1714; x_wconf 82' lang='lat' dir='ltr'>Manus</span> <span class='ocrx_word' id='word_1_1620' title='bbox 2132 1689 2170 1714; x_wconf 83' lang='lat' dir='ltr'>fa-</span> 
     </span>
     <span class='ocr_line' id='line_1_169' title="bbox 1128 1718 2172 1753; baseline 0.006 -8"><span class='ocrx_word' id='word_1_1621' title='bbox 1128 1721 1215 1745; x_wconf 85' lang='lat' dir='ltr'>mosae</span> <span class='ocrx_word' id='word_1_1622' title='bbox 1229 1719 1387 1753; x_wconf 85' lang='lat' dir='ltr'>gladiatores</span> <span class='ocrx_word' id='word_1_1623' title='bbox 1399 1718 1476 1751; x_wconf 87' lang='lat' dir='ltr'>Apul.</span> <span class='ocrx_word' id='word_1_1624' title='bbox 1491 1718 1554 1743; x_wconf 87' lang='lat' dir='ltr'>Met.</span> <span class='ocrx_word' id='word_1_1625' title='bbox 1569 1726 1587 1749; x_wconf 90' lang='lat'>4</span> <span class='ocrx_word' id='word_1_1626' title='bbox 1606 1726 1630 1750; x_wconf 82' lang='lat' dir='ltr'>p.</span> <span class='ocrx_word' id='word_1_1627' title='bbox 1644 1722 1697 1750; x_wconf 80' lang='lat'>148.</span> <span class='ocrx_word' id='word_1_1628' title='bbox 1769 1718 1818 1744; x_wconf 91' lang='lat' dir='ltr'>Vir</span> <span class='ocrx_word' id='word_1_1629' title='bbox 1831 1720 1934 1752; x_wconf 79' lang='lat' dir='ltr'>grauis,</span> <span class='ocrx_word' id='word_1_1630' title='bbox 1950 1728 1976 1746; x_wconf 91' lang='lat' dir='ltr'>et</span> <span class='ocrx_word' id='word_1_1631' title='bbox 1993 1721 2100 1750; x_wconf 83' lang='lat' dir='ltr'>sobriae</span> <span class='ocrx_word' id='word_1_1632' title='bbox 2110 1724 2172 1751; x_wconf 88' lang='lat' dir='ltr'>reli-</span> 
     </span>
     <span class='ocr_line' id='line_1_170' title="bbox 1127 1751 2171 1788; baseline 0.008 -10"><span class='ocrx_word' id='word_1_1633' title='bbox 1127 1754 1214 1786; x_wconf 85' lang='lat' dir='ltr'>gionis</span> <span class='ocrx_word' id='word_1_1634' title='bbox 1230 1753 1416 1778; x_wconf 87' lang='lat' dir='ltr'>obseruatione</span> <span class='ocrx_word' id='word_1_1635' title='bbox 1430 1752 1544 1777; x_wconf 87' lang='lat' dir='ltr'>famosus</span> <span class='ocrx_word' id='word_1_1636' title='bbox 1560 1751 1632 1776; x_wconf 86' lang='lat' dir='ltr'>Idem</span> <span class='ocrx_word' id='word_1_1637' title='bbox 1640 1752 1704 1776; x_wconf 84' lang='lat' dir='ltr'>Met.</span> <span class='ocrx_word' id='word_1_1638' title='bbox 1719 1759 1741 1777; x_wconf 94' lang='lat'>11</span> <span class='ocrx_word' id='word_1_1639' title='bbox 1760 1761 1784 1786; x_wconf 86' lang='lat' dir='ltr'>p.</span> <span class='ocrx_word' id='word_1_1640' title='bbox 1799 1756 1855 1788; x_wconf 87' lang='lat'>267.</span> <span class='ocrx_word' id='word_1_1641' title='bbox 1890 1756 1989 1783; x_wconf 82' lang='lat' dir='ltr'>Onom.</span> <span class='ocrx_word' id='word_1_1642' title='bbox 2004 1758 2062 1784; x_wconf 87' lang='lat' dir='ltr'>Vet.</span> <span class='ocrx_word' id='word_1_1643' title='bbox 2077 1760 2171 1786; x_wconf 87' lang='lat' dir='ltr'>Famo-</span> 
     </span>
     <span class='ocr_line' id='line_1_171' title="bbox 1128 1785 2171 1828; baseline 0.007 -18"><span class='ocrx_word' id='word_1_1644' title='bbox 1128 1789 1168 1812; x_wconf 85' lang='lat' dir='ltr'>sus</span> <span class='ocrx_word' id='word_1_1645' title='bbox 1186 1789 1297 1820; x_wconf 69' lang='grc' dir='ltr'>ἔὺφη,υ.ος.</span> <span class='ocrx_word' id='word_1_1646' title='bbox 1335 1788 1376 1813; x_wconf 83' lang='lat' dir='ltr'>Sic</span> <span class='ocrx_word' id='word_1_1647' title='bbox 1387 1785 1555 1812; x_wconf 81' lang='lat' dir='ltr'>Famosissimi</span> <span class='ocrx_word' id='word_1_1648' title='bbox 1570 1786 1708 1818; x_wconf 65' lang='lat' dir='ltr'>Praefecti,</span> <span class='ocrx_word' id='word_1_1649' title='bbox 1721 1787 1816 1821; x_wconf 87' lang='lat' dir='ltr'>Imper.</span> <span class='ocrx_word' id='word_1_1650' title='bbox 1829 1788 1898 1815; x_wconf 86' lang='lat' dir='ltr'>auth.</span> <span class='ocrx_word' id='word_1_1651' title='bbox 1909 1792 2004 1818; x_wconf 88' lang='lat' dir='ltr'>Iusiur.</span> <span class='ocrx_word' id='word_1_1652' title='bbox 2019 1795 2090 1827; x_wconf 90' lang='lat' dir='ltr'>quod</span> <span class='ocrx_word' id='word_1_1653' title='bbox 2098 1804 2171 1828; x_wconf 64' lang='lat' dir='ltr'>prae.</span> 
     </span>
     <span class='ocr_line' id='line_1_172' title="bbox 1127 1819 2168 1857; baseline 0.005 -11"><span class='ocrx_word' id='word_1_1654' title='bbox 1127 1821 1209 1847; x_wconf 80' lang='lat' dir='ltr'>statur</span> <span class='ocrx_word' id='word_1_1655' title='bbox 1226 1821 1259 1847; x_wconf 87' lang='lat' dir='ltr'>ab</span> <span class='ocrx_word' id='word_1_1656' title='bbox 1277 1821 1334 1852; x_wconf 86' lang='lat' dir='ltr'>his,</span> <span class='ocrx_word' id='word_1_1657' title='bbox 1348 1819 1371 1857; x_wconf 86' lang='lat'>§.</span> <span class='ocrx_word' id='word_1_1658' title='bbox 1388 1822 1447 1847; x_wconf 85' lang='lat' dir='ltr'>Iura</span> <span class='ocrx_word' id='word_1_1659' title='bbox 1471 1829 1587 1855; x_wconf 85' lang='lat' dir='ltr'>quoque.</span> <span class='ocrx_word' id='word_1_1660' title='bbox 1660 1822 1734 1848; x_wconf 86' lang='lat' dir='ltr'>Mors</span> <span class='ocrx_word' id='word_1_1661' title='bbox 1754 1823 1853 1850; x_wconf 84' lang='lat' dir='ltr'>famosa</span> <span class='ocrx_word' id='word_1_1662' title='bbox 1871 1827 1938 1853; x_wconf 76' lang='lat' dir='ltr'>Hor,</span> <span class='ocrx_word' id='word_1_1663' title='bbox 1962 1827 1994 1852; x_wconf 85' lang='lat' dir='ltr'>de</span> <span class='ocrx_word' id='word_1_1664' title='bbox 2013 1829 2077 1855; x_wconf 71' lang='lat' dir='ltr'>Arte</span> <span class='ocrx_word' id='word_1_1665' title='bbox 2096 1832 2168 1856; x_wconf 75' lang='lat' dir='ltr'>Po&#39;e‘t.</span> 
     </span>
     <span class='ocr_line' id='line_1_173' title="bbox 1127 1856 2185 1899; baseline 0.011 -19"><span class='ocrx_word' id='word_1_1666' title='bbox 1127 1858 1180 1889; x_wconf 87' lang='lat'>469</span> <span class='ocrx_word' id='word_1_1667' title='bbox 1197 1856 1226 1881; x_wconf 74' lang='lat' dir='ltr'>de</span> <span class='ocrx_word' id='word_1_1668' title='bbox 1240 1857 1387 1890; x_wconf 65' lang='lat' dir='ltr'>Empedocle.</span> <span class='ocrx_word' id='word_1_1669' title='bbox 1452 1856 1540 1890; x_wconf 76' lang='lat' dir='ltr'>Regna</span> <span class='ocrx_word' id='word_1_1670' title='bbox 1558 1856 1653 1884; x_wconf 84' lang='lat' dir='ltr'>Lucan.</span> <span class='ocrx_word' id='word_1_1671' title='bbox 1673 1865 1700 1891; x_wconf 91' lang='lat'>7,</span> <span class='ocrx_word' id='word_1_1672' title='bbox 1715 1865 1772 1892; x_wconf 90' lang='lat'>277.</span> <span class='ocrx_word' id='word_1_1673' title='bbox 1836 1861 1927 1887; x_wconf 86' lang='lat' dir='ltr'>Tacit.</span> <span class='ocrx_word' id='word_1_1674' title='bbox 1941 1862 2007 1888; x_wconf 84' lang='lat' dir='ltr'>Hist.</span> <span class='ocrx_word' id='word_1_1675' title='bbox 2024 1874 2044 1895; x_wconf 57' lang='grc' dir='ltr'>ε,</span> <span class='ocrx_word' id='word_1_1676' title='bbox 2060 1872 2091 1899; x_wconf 90' lang='grc'>37</span> <span class='ocrx_word' id='word_1_1677' title='bbox 2119 1866 2185 1893; x_wconf 72' lang='lat' dir='ltr'>Sed*</span> 
     </span>
     <span class='ocr_line' id='line_1_174' title="bbox 1126 1891 2170 1929; baseline 0.011 -12"><span class='ocrx_word' id='word_1_1678' title='bbox 1126 1892 1188 1925; x_wconf 90' lang='lat' dir='ltr'>quia</span> <span class='ocrx_word' id='word_1_1679' title='bbox 1202 1891 1315 1917; x_wconf 85' lang='lat' dir='ltr'>famosae</span> <span class='ocrx_word' id='word_1_1680' title='bbox 1331 1891 1405 1918; x_wconf 82' lang='lat' dir='ltr'>vrbis</span> <span class='ocrx_word' id='word_1_1681' title='bbox 1419 1892 1568 1925; x_wconf 85' lang='lat' dir='ltr'>supremum</span> <span class='ocrx_word' id='word_1_1682' title='bbox 1586 1892 1658 1919; x_wconf 89' lang='lat' dir='ltr'>diem</span> <span class='ocrx_word' id='word_1_1683' title='bbox 1672 1893 1916 1929; x_wconf 76' lang='lat' dir='ltr'>traditurisunius,</span> <span class='ocrx_word' id='word_1_1684' title='bbox 1936 1892 2082 1926; x_wconf 69' lang='lat' dir='ltr'>convruens</span> <span class='ocrx_word' id='word_1_1685' title='bbox 2095 1901 2170 1928; x_wconf 83' lang='lat' dir='ltr'>vide-</span> 
     </span>
     <span class='ocr_line' id='line_1_175' title="bbox 1126 1919 2169 1972; baseline 0.004 -20"><span class='ocrx_word' id='word_1_1686' title='bbox 1126 1933 1169 1953; x_wconf 88' lang='lat' dir='ltr'>tur</span> <span class='ocrx_word' id='word_1_1687' title='bbox 1188 1927 1335 1960; x_wconf 86' lang='lat' dir='ltr'>primordia</span> <span class='ocrx_word' id='word_1_1688' title='bbox 1355 1928 1411 1953; x_wconf 88' lang='lat' dir='ltr'>eius</span> <span class='ocrx_word' id='word_1_1689' title='bbox 1430 1927 1547 1962; x_wconf 87' lang='lat' dir='ltr'>aperire:</span> <span class='ocrx_word' id='word_1_1690' title='bbox 1572 1928 1601 1954; x_wconf 80' lang='lat' dir='ltr'>de</span> <span class='ocrx_word' id='word_1_1691' title='bbox 1618 1929 1804 1964; x_wconf 75' lang='lat' dir='ltr'>Hserofhlymis.</span> <span class='ocrx_word' id='word_1_1692' title='bbox 1987 1919 2020 1971; x_wconf 56' lang='lat' dir='ltr'>”ej</span> <span class='ocrx_word' id='word_1_1693' title='bbox 2043 1944 2058 1961; x_wconf 86' lang='lat'>2</span> <span class='ocrx_word' id='word_1_1694' title='bbox 2094 1938 2169 1972; x_wconf 50' lang='lat' dir='ltr'>53,ng</span> 
     </span>
     <span class='ocr_line' id='line_1_176' title="bbox 1126 1960 2170 2007; baseline 0.011 -20"><span class='ocrx_word' id='word_1_1695' title='bbox 1126 1961 1159 1994; x_wconf 72' lang='lat' dir='ltr'>est</span> <span class='ocrx_word' id='word_1_1696' title='bbox 1185 1963 1308 1988; x_wconf 87' lang='lat' dir='ltr'>Famosus</span> <span class='ocrx_word' id='word_1_1697' title='bbox 1335 1960 1499 1996; x_wconf 67' lang='grc' dir='ltr'>[δύσφημος]</span> <span class='ocrx_word' id='word_1_1698' title='bbox 1522 1963 1632 1998; x_wconf 70' lang='lat' dir='ltr'>Infimis</span> <span class='ocrx_word' id='word_1_1699' title='bbox 1651 1970 1674 1989; x_wconf 77' lang='lat' dir='ltr'>ct</span> <span class='ocrx_word' id='word_1_1700' title='bbox 1694 1968 1785 1999; x_wconf 67' lang='lat' dir='ltr'>turpis.</span> <span class='ocrx_word' id='word_1_1701' title='bbox 1813 1972 1856 1997; x_wconf 84' lang='lat' dir='ltr'>vt,</span> <span class='ocrx_word' id='word_1_1702' title='bbox 1871 1967 1978 1994; x_wconf 84' lang='lat' dir='ltr'>Faniosa</span> <span class='ocrx_word' id='word_1_1703' title='bbox 1997 1971 2170 2007; x_wconf 79' lang='lat' dir='ltr'>inulier,pro</span> 
     </span>
     <span class='ocr_line' id='line_1_177' title="bbox 1126 1997 2169 2042; baseline 0.011 -19"><span class='ocrx_word' id='word_1_1704' title='bbox 1126 1998 1253 2032; x_wconf 69' lang='lat' dir='ltr'>impudica</span> <span class='ocrx_word' id='word_1_1705' title='bbox 1267 1998 1323 2024; x_wconf 89' lang='lat' dir='ltr'>Cic.</span> <span class='ocrx_word' id='word_1_1706' title='bbox 1338 1997 1370 2024; x_wconf 87' lang='lat' dir='ltr'>de</span> <span class='ocrx_word' id='word_1_1707' title='bbox 1383 1999 1457 2025; x_wconf 86' lang='lat' dir='ltr'>Orat.</span> <span class='ocrx_word' id='word_1_1708' title='bbox 1472 2007 1497 2030; x_wconf 84' lang='lat'>2,</span> <span class='ocrx_word' id='word_1_1709' title='bbox 1512 2005 1560 2032; x_wconf 76' lang='lat'>277</span> <span class='ocrx_word' id='word_1_1710' title='bbox 1580 2007 1601 2025; x_wconf 89' lang='lat' dir='ltr'>c.</span> <span class='ocrx_word' id='word_1_1711' title='bbox 1616 2001 1646 2029; x_wconf 84' lang='lat'>68</span> <span class='ocrx_word' id='word_1_1712' title='bbox 1673 2000 1740 2026; x_wconf 90' lang='lat' dir='ltr'>Cum</span> <span class='ocrx_word' id='word_1_1713' title='bbox 1756 2001 1792 2034; x_wconf 74' lang='lat' dir='ltr'>Q</span> <span class='ocrx_word' id='word_1_1714' title='bbox 1803 2002 1926 2036; x_wconf 85' lang='lat' dir='ltr'>Opimius</span> <span class='ocrx_word' id='word_1_1715' title='bbox 1940 2005 2100 2039; x_wconf 84' lang='lat' dir='ltr'>consularis,</span> <span class='ocrx_word' id='word_1_1716' title='bbox 2120 2009 2169 2042; x_wconf 92' lang='lat' dir='ltr'>qui</span> 
     </span>
     <span class='ocr_line' id='line_1_178' title="bbox 1125 2033 2170 2073; baseline 0.01 -13"><span class='ocrx_word' id='word_1_1717' title='bbox 1125 2033 1332 2061; x_wconf 83' lang='lat' dir='ltr'>adolescentulus</span> <span class='ocrx_word' id='word_1_1718' title='bbox 1351 2034 1420 2060; x_wconf 85' lang='lat' dir='ltr'>male</span> <span class='ocrx_word' id='word_1_1719' title='bbox 1440 2033 1562 2066; x_wconf 81' lang='lat' dir='ltr'>audisset,</span> <span class='ocrx_word' id='word_1_1720' title='bbox 1587 2034 1683 2061; x_wconf 79' lang='lat' dir='ltr'>festino</span> <span class='ocrx_word' id='word_1_1721' title='bbox 1712 2035 1818 2062; x_wconf 84' lang='lat' dir='ltr'>homini</span> <span class='ocrx_word' id='word_1_1722' title='bbox 1840 2038 1941 2071; x_wconf 86' lang='lat' dir='ltr'>Egilio,</span> <span class='ocrx_word' id='word_1_1723' title='bbox 1961 2041 2009 2073; x_wconf 88' lang='lat' dir='ltr'>qui</span> <span class='ocrx_word' id='word_1_1724' title='bbox 2031 2042 2170 2070; x_wconf 86' lang='lat' dir='ltr'>videretur</span> 
     </span>
     <span class='ocr_line' id='line_1_179' title="bbox 1127 2069 2168 2108; baseline 0.01 -13"><span class='ocrx_word' id='word_1_1725' title='bbox 1127 2070 1253 2102; x_wconf 84' lang='lat' dir='ltr'>mollior,</span> <span class='ocrx_word' id='word_1_1726' title='bbox 1268 2079 1315 2096; x_wconf 86' lang='lat' dir='ltr'>nec</span> <span class='ocrx_word' id='word_1_1727' title='bbox 1335 2070 1411 2101; x_wconf 79' lang='lat' dir='ltr'>esset,</span> <span class='ocrx_word' id='word_1_1728' title='bbox 1425 2069 1543 2102; x_wconf 67' lang='lat' dir='ltr'>dixiss‘et,</span> <span class='ocrx_word' id='word_1_1729' title='bbox 1561 2070 1633 2103; x_wconf 84' lang='lat' dir='ltr'>Quid</span> <span class='ocrx_word' id='word_1_1730' title='bbox 1647 2076 1691 2103; x_wconf 85' lang='lat' dir='ltr'>tu,</span> <span class='ocrx_word' id='word_1_1731' title='bbox 1706 2071 1790 2104; x_wconf 79' lang='lat' dir='ltr'>Egilia</span> <span class='ocrx_word' id='word_1_1732' title='bbox 1802 2081 1877 2104; x_wconf 92' lang='lat' dir='ltr'>mea,</span> <span class='ocrx_word' id='word_1_1733' title='bbox 1897 2074 2002 2108; x_wconf 89' lang='lat' dir='ltr'>quando</span> <span class='ocrx_word' id='word_1_1734' title='bbox 2015 2076 2047 2102; x_wconf 88' lang='lat' dir='ltr'>ad</span> <span class='ocrx_word' id='word_1_1735' title='bbox 2068 2087 2110 2104; x_wconf 86' lang='lat' dir='ltr'>me</span> <span class='ocrx_word' id='word_1_1736' title='bbox 2124 2088 2168 2105; x_wconf 88' lang='lat' dir='ltr'>ve-</span> 
     </span>
     <span class='ocr_line' id='line_1_180' title="bbox 1125 2105 2170 2142; baseline 0.011 -12"><span class='ocrx_word' id='word_1_1737' title='bbox 1125 2106 1166 2131; x_wconf 83' lang='lat' dir='ltr'>nis</span> <span class='ocrx_word' id='word_1_1738' title='bbox 1181 2115 1239 2131; x_wconf 89' lang='lat' dir='ltr'>cum</span> <span class='ocrx_word' id='word_1_1739' title='bbox 1253 2111 1296 2131; x_wconf 87' lang='lat' dir='ltr'>tua</span> <span class='ocrx_word' id='word_1_1740' title='bbox 1310 2106 1370 2131; x_wconf 90' lang='lat' dir='ltr'>colu</span> <span class='ocrx_word' id='word_1_1741' title='bbox 1387 2111 1412 2131; x_wconf 88' lang='lat' dir='ltr'>et</span> <span class='ocrx_word' id='word_1_1742' title='bbox 1426 2105 1501 2131; x_wconf 66' lang='lat' dir='ltr'>lana?</span> <span class='ocrx_word' id='word_1_1743' title='bbox 1538 2106 1601 2131; x_wconf 89' lang='lat' dir='ltr'>Non</span> <span class='ocrx_word' id='word_1_1744' title='bbox 1616 2106 1676 2136; x_wconf 88' lang='lat' dir='ltr'>Pol,</span> <span class='ocrx_word' id='word_1_1745' title='bbox 1691 2107 1772 2142; x_wconf 67' lang='lat' dir='ltr'>(usus</span> <span class='ocrx_word' id='word_1_1746' title='bbox 1784 2107 1900 2142; x_wconf 77' lang='lat' dir='ltr'>formula</span> <span class='ocrx_word' id='word_1_1747' title='bbox 1913 2111 2015 2137; x_wconf 70' lang='lat' dir='ltr'>iurandi</span> <span class='ocrx_word' id='word_1_1748' title='bbox 2027 2115 2170 2141; x_wconf 68' lang='lat' dir='ltr'>mulieribus</span> 
     </span>
     <span class='ocr_line' id='line_1_181' title="bbox 1125 2140 2169 2177; baseline 0.01 -11"><span class='ocrx_word' id='word_1_1749' title='bbox 1125 2140 1239 2176; x_wconf 71' lang='lat' dir='ltr'>usitata)</span> <span class='ocrx_word' id='word_1_1750' title='bbox 1252 2141 1355 2175; x_wconf 88' lang='lat' dir='ltr'>inquit,</span> <span class='ocrx_word' id='word_1_1751' title='bbox 1369 2140 1461 2166; x_wconf 84' lang='lat' dir='ltr'>audeo.</span> <span class='ocrx_word' id='word_1_1752' title='bbox 1498 2141 1569 2167; x_wconf 87' lang='lat' dir='ltr'>Nam</span> <span class='ocrx_word' id='word_1_1753' title='bbox 1587 2149 1629 2166; x_wconf 87' lang='lat' dir='ltr'>ine</span> <span class='ocrx_word' id='word_1_1754' title='bbox 1648 2141 1681 2167; x_wconf 85' lang='lat' dir='ltr'>ad</span> <span class='ocrx_word' id='word_1_1755' title='bbox 1701 2141 1812 2168; x_wconf 82' lang='lat' dir='ltr'>famosas</span> <span class='ocrx_word' id='word_1_1756' title='bbox 1832 2144 1916 2171; x_wconf 85' lang='lat' dir='ltr'>vetuit</span> <span class='ocrx_word' id='word_1_1757' title='bbox 1936 2153 2019 2173; x_wconf 89' lang='lat' dir='ltr'>mater</span> <span class='ocrx_word' id='word_1_1758' title='bbox 2037 2150 2169 2177; x_wconf 85' lang='lat' dir='ltr'>accedere.</span> 
     </span>
     <span class='ocr_line' id='line_1_182' title="bbox 1130 2175 2172 2221; baseline 0.01 -19"><span class='ocrx_word' id='word_1_1759' title='bbox 1130 2177 1209 2203; x_wconf 76' lang='lat' dir='ltr'>Varia</span> <span class='ocrx_word' id='word_1_1760' title='bbox 1227 2183 1325 2203; x_wconf 73' lang='lat' dir='ltr'>tentant</span> <span class='ocrx_word' id='word_1_1761' title='bbox 1338 2179 1391 2202; x_wconf 81' lang='lat' dir='ltr'>viri</span> <span class='ocrx_word' id='word_1_1762' title='bbox 1409 2175 1494 2208; x_wconf 66' lang='grc' dir='ltr'>αόἑῖἰ,</span> <span class='ocrx_word' id='word_1_1763' title='bbox 1513 2179 1581 2202; x_wconf 77' lang='lat' dir='ltr'>utin</span> <span class='ocrx_word' id='word_1_1764' title='bbox 1594 2186 1706 2203; x_wconf 76' lang='lat' dir='ltr'>numeros</span> <span class='ocrx_word' id='word_1_1765' title='bbox 1724 2178 1841 2214; x_wconf 68' lang='lat' dir='ltr'>redigant</span> <span class='ocrx_word' id='word_1_1766' title='bbox 1860 2181 1998 2217; x_wconf 62' lang='lat' dir='ltr'>responfizm</span> <span class='ocrx_word' id='word_1_1767' title='bbox 2014 2185 2092 2218; x_wconf 73' lang='lat' dir='ltr'>Egz‘lii</span> <span class='ocrx_word' id='word_1_1768' title='bbox 2101 2195 2108 2210; x_wconf 84' lang='lat'>.·</span> <span class='ocrx_word' id='word_1_1769' title='bbox 2123 2186 2172 2221; x_wconf 76' lang='lat' dir='ltr'>sed</span> 
     </span>
     <span class='ocr_line' id='line_1_183' title="bbox 1125 2211 2170 2254; baseline 0.007 -16"><span class='ocrx_word' id='word_1_1770' title='bbox 1125 2222 1172 2238; x_wconf 81' lang='lat' dir='ltr'>non</span> <span class='ocrx_word' id='word_1_1771' title='bbox 1192 2211 1302 2245; x_wconf 63' lang='lat' dir='ltr'>constat,</span> <span class='ocrx_word' id='word_1_1772' title='bbox 1315 2212 1410 2248; x_wconf 85' lang='lat' dir='ltr'>versum</span> <span class='ocrx_word' id='word_1_1773' title='bbox 1425 2211 1485 2238; x_wconf 56' lang='grc' dir='ltr'>ἄρνε</span> <span class='ocrx_word' id='word_1_1774' title='bbox 1498 2211 1597 2245; x_wconf 76' lang='lat' dir='ltr'>volurffe</span> <span class='ocrx_word' id='word_1_1775' title='bbox 1614 2212 1730 2239; x_wconf 81' lang='lat' dir='ltr'>Tullium.</span> <span class='ocrx_word' id='word_1_1776' title='bbox 1803 2214 1904 2242; x_wconf 80' lang='lat' dir='ltr'>Sallust.</span> <span class='ocrx_word' id='word_1_1777' title='bbox 1917 2218 1973 2251; x_wconf 85' lang='lat' dir='ltr'>lug.</span> <span class='ocrx_word' id='word_1_1778' title='bbox 1988 2226 2012 2250; x_wconf 74' lang='grc' dir='ltr'>ις</span> <span class='ocrx_word' id='word_1_1779' title='bbox 2038 2214 2170 2254; x_wconf 78' lang='lat' dir='ltr'>Largitio.</span> 
     </span>
     <span class='ocr_line' id='line_1_184' title="bbox 1124 2247 2170 2283; baseline 0.009 -9"><span class='ocrx_word' id='word_1_1780' title='bbox 1124 2257 1185 2274; x_wconf 86' lang='lat' dir='ltr'>nem</span> <span class='ocrx_word' id='word_1_1781' title='bbox 1205 2248 1330 2274; x_wconf 85' lang='lat' dir='ltr'>famosam</span> <span class='ocrx_word' id='word_1_1782' title='bbox 1343 2247 1586 2282; x_wconf 84' lang='lat' dir='ltr'>impudentemque.</span> <span class='ocrx_word' id='word_1_1783' title='bbox 1657 2248 1748 2275; x_wconf 85' lang='lat' dir='ltr'>Tacit.</span> <span class='ocrx_word' id='word_1_1784' title='bbox 1762 2250 1830 2276; x_wconf 88' lang='lat' dir='ltr'>Ann.</span> <span class='ocrx_word' id='word_1_1785' title='bbox 1844 2258 1865 2283; x_wconf 78' lang='grc' dir='ltr'>ς,</span> <span class='ocrx_word' id='word_1_1786' title='bbox 1901 2271 1908 2278; x_wconf 93' lang='grc'>.</span> <span class='ocrx_word' id='word_1_1787' title='bbox 1946 2272 1952 2278; x_wconf 86' lang='grc'>.</span> <span class='ocrx_word' id='word_1_1788' title='bbox 1989 2253 2114 2282; x_wconf 69' lang='lat' dir='ltr'>Afflones</span> <span class='ocrx_word' id='word_1_1789' title='bbox 2133 2257 2170 2283; x_wconf 82' lang='lat' dir='ltr'>sa-</span> 
     </span>
     <span class='ocr_line' id='line_1_185' title="bbox 1125 2282 2168 2324; baseline 0.007 -14"><span class='ocrx_word' id='word_1_1790' title='bbox 1125 2285 1213 2311; x_wconf 87' lang='lat' dir='ltr'>inosae</span> <span class='ocrx_word' id='word_1_1791' title='bbox 1226 2294 1250 2309; x_wconf 78' lang='grc' dir='ltr'>υ.</span> <span class='ocrx_word' id='word_1_1792' title='bbox 1264 2293 1289 2319; x_wconf 84' lang='lat' dir='ltr'>g.</span> <span class='ocrx_word' id='word_1_1793' title='bbox 1305 2283 1323 2309; x_wconf 87' lang='lat' dir='ltr'>l.</span> <span class='ocrx_word' id='word_1_1794' title='bbox 1337 2290 1354 2317; x_wconf 88' lang='lat'>7</span> <span class='ocrx_word' id='word_1_1795' title='bbox 1369 2283 1396 2309; x_wconf 84' lang='lat' dir='ltr'>ff.</span> <span class='ocrx_word' id='word_1_1796' title='bbox 1416 2282 1447 2308; x_wconf 88' lang='lat' dir='ltr'>dc</span> <span class='ocrx_word' id='word_1_1797' title='bbox 1458 2282 1569 2318; x_wconf 79' lang='lat' dir='ltr'>liis‚qui</span> <span class='ocrx_word' id='word_1_1798' title='bbox 1582 2288 1708 2310; x_wconf 84' lang='lat' dir='ltr'>notantur</span> <span class='ocrx_word' id='word_1_1799' title='bbox 1723 2285 1815 2311; x_wconf 85' lang='lat' dir='ltr'>infam.</span> <span class='ocrx_word' id='word_1_1800' title='bbox 1830 2287 1924 2312; x_wconf 68' lang='lat' dir='ltr'>etalim·</span> <span class='ocrx_word' id='word_1_1801' title='bbox 1938 2287 2071 2322; x_wconf 75' lang='lat' dir='ltr'>dicuntur,</span> <span class='ocrx_word' id='word_1_1802' title='bbox 2093 2293 2168 2324; x_wconf 84' lang='lat' dir='ltr'>Qiae</span> 
     </span>
     <span class='ocr_line' id='line_1_186' title="bbox 1126 2319 2168 2359; baseline 0.009 -15"><span class='ocrx_word' id='word_1_1803' title='bbox 1126 2319 1219 2345; x_wconf 82' lang='lat' dir='ltr'>iustam</span> <span class='ocrx_word' id='word_1_1804' title='bbox 1233 2319 1408 2353; x_wconf 83' lang='lat' dir='ltr'>ignominiam</span> <span class='ocrx_word' id='word_1_1805' title='bbox 1424 2319 1543 2352; x_wconf 83' lang='lat' dir='ltr'>irrogant</span> <span class='ocrx_word' id='word_1_1806' title='bbox 1560 2319 1626 2344; x_wconf 81' lang='lat' dir='ltr'>iuste</span> <span class='ocrx_word' id='word_1_1807' title='bbox 1642 2319 1830 2348; x_wconf 85' lang='lat' dir='ltr'>condemnatis.</span> <span class='ocrx_word' id='word_1_1808' title='bbox 1867 2322 1930 2348; x_wconf 87' lang='lat' dir='ltr'>Sunt</span> <span class='ocrx_word' id='word_1_1809' title='bbox 1943 2323 2014 2357; x_wconf 81' lang='lat' dir='ltr'>¹hae,</span> <span class='ocrx_word' id='word_1_1810' title='bbox 2028 2325 2109 2359; x_wconf 88' lang='lat' dir='ltr'>furti,</span> <span class='ocrx_word' id='word_1_1811' title='bbox 2123 2328 2168 2354; x_wconf 88' lang='lat' dir='ltr'>bo-</span> 
     </span>
    </p>
   </div>
   <div class='ocr_carea' id='block_1_37' title="bbox 889 2354 2169 2396">
    <p class='ocr_par' dir='ltr' id='par_1_43' title="bbox 889 2354 2169 2396">
     <span class='ocr_line' id='line_1_187' title="bbox 889 2354 2169 2396; baseline 0.006 -15"><span class='ocrx_word' id='word_1_1812' title='bbox 889 2356 979 2381; x_wconf 86' lang='lat' dir='ltr'>Tacit.</span> <span class='ocrx_word' id='word_1_1813' title='bbox 994 2355 1063 2382; x_wconf 85' lang='lat' dir='ltr'>Hist.</span> <span class='ocrx_word' id='word_1_1814' title='bbox 1084 2358 1118 2382; x_wconf 86' lang='lat'>60</span> <span class='ocrx_word' id='word_1_1815' title='bbox 1127 2364 1223 2381; x_wconf 92' lang='lat' dir='ltr'>norum</span> <span class='ocrx_word' id='word_1_1816' title='bbox 1237 2363 1390 2389; x_wconf 86' lang='lat' dir='ltr'>raptorum,</span> <span class='ocrx_word' id='word_1_1817' title='bbox 1405 2354 1566 2380; x_wconf 87' lang='lat' dir='ltr'>iniuriarum</span> <span class='ocrx_word' id='word_1_1818' title='bbox 1576 2374 1583 2386; x_wconf 96' lang='lat'>,</span> <span class='ocrx_word' id='word_1_1819' title='bbox 1597 2354 1629 2380; x_wconf 90' lang='lat' dir='ltr'>de</span> <span class='ocrx_word' id='word_1_1820' title='bbox 1643 2354 1707 2381; x_wconf 90' lang='lat' dir='ltr'>dolo</span> <span class='ocrx_word' id='word_1_1821' title='bbox 1720 2355 1799 2382; x_wconf 91' lang='lat' dir='ltr'>malo.</span> <span class='ocrx_word' id='word_1_1822' title='bbox 1836 2357 1902 2383; x_wconf 89' lang='lat' dir='ltr'>Item</span> <span class='ocrx_word' id='word_1_1823' title='bbox 1917 2359 2028 2392; x_wconf 85' lang='lat' dir='ltr'>tutelae,</span> <span class='ocrx_word' id='word_1_1824' title='bbox 2041 2362 2169 2396; x_wconf 86' lang='lat' dir='ltr'>mandati,</span> 
     </span>
    </p>
   </div>
   <div class='ocr_carea' id='block_1_38' title="bbox 1123 2390 2169 3134">
    <p class='ocr_par' dir='ltr' id='par_1_44' title="bbox 1123 2390 2169 2920">
     <span class='ocr_line' id='line_1_188' title="bbox 1126 2390 2169 2430; baseline 0.008 -13"><span class='ocrx_word' id='word_1_1825' title='bbox 1126 2390 1251 2425; x_wconf 83' lang='lat' dir='ltr'>depositi,</span> <span class='ocrx_word' id='word_1_1826' title='bbox 1271 2390 1369 2416; x_wconf 83' lang='lat' dir='ltr'>scilicet</span> <span class='ocrx_word' id='word_1_1827' title='bbox 1384 2390 1500 2421; x_wconf 65' lang='lat' dir='ltr'>direela,</span> <span class='ocrx_word' id='word_1_1828' title='bbox 1513 2398 1568 2416; x_wconf 87' lang='lat' dir='ltr'>non</span> <span class='ocrx_word' id='word_1_1829' title='bbox 1587 2391 1735 2417; x_wconf 85' lang='lat' dir='ltr'>contraria:</span> <span class='ocrx_word' id='word_1_1830' title='bbox 1761 2392 1824 2417; x_wconf 85' lang='lat' dir='ltr'>item</span> <span class='ocrx_word' id='word_1_1831' title='bbox 1838 2401 1887 2426; x_wconf 89' lang='lat' dir='ltr'>pro</span> <span class='ocrx_word' id='word_1_1832' title='bbox 1901 2395 1989 2427; x_wconf 84' lang='lat' dir='ltr'>socio,</span> <span class='ocrx_word' id='word_1_1833' title='bbox 2005 2405 2071 2430; x_wconf 86' lang='lat' dir='ltr'>quae</span> <span class='ocrx_word' id='word_1_1834' title='bbox 2086 2407 2169 2425; x_wconf 89' lang='lat' dir='ltr'>ouum</span> 
     </span>
     <span class='ocr_line' id='line_1_189' title="bbox 1125 2424 2167 2467; baseline 0.004 -15"><span class='ocrx_word' id='word_1_1835' title='bbox 1125 2427 1250 2460; x_wconf 83' lang='lat' dir='ltr'>vtrinque</span> <span class='ocrx_word' id='word_1_1836' title='bbox 1266 2425 1367 2451; x_wconf 74' lang='lat' dir='ltr'>dire&amp;a</span> <span class='ocrx_word' id='word_1_1837' title='bbox 1381 2425 1426 2457; x_wconf 81' lang='lat' dir='ltr'>fit,</span> <span class='ocrx_word' id='word_1_1838' title='bbox 1447 2425 1517 2451; x_wconf 89' lang='lat' dir='ltr'>vltro</span> <span class='ocrx_word' id='word_1_1839' title='bbox 1535 2426 1656 2460; x_wconf 84' lang='lat' dir='ltr'>citroque</span> <span class='ocrx_word' id='word_1_1840' title='bbox 1671 2425 1822 2453; x_wconf 88' lang='lat' dir='ltr'>damnatum</span> <span class='ocrx_word' id='word_1_1841' title='bbox 1840 2428 1951 2455; x_wconf 86' lang='lat' dir='ltr'>infamia</span> <span class='ocrx_word' id='word_1_1842' title='bbox 1963 2437 2047 2457; x_wconf 85' lang='lat' dir='ltr'>notat.</span> <span class='ocrx_word' id='word_1_1843' title='bbox 2083 2424 2112 2458; x_wconf 75' lang='lat' dir='ltr'>Et</span> <span class='ocrx_word' id='word_1_1844' title='bbox 2125 2442 2167 2467; x_wconf 85' lang='lat' dir='ltr'>ge.</span> 
     </span>
     <span class='ocr_line' id='line_1_190' title="bbox 1124 2460 2168 2501; baseline 0.008 -14"><span class='ocrx_word' id='word_1_1845' title='bbox 1124 2462 1252 2488; x_wconf 86' lang='lat' dir='ltr'>neraliter</span> <span class='ocrx_word' id='word_1_1846' title='bbox 1264 2462 1386 2487; x_wconf 84' lang='lat' dir='ltr'>omnium</span> <span class='ocrx_word' id='word_1_1847' title='bbox 1404 2460 1573 2495; x_wconf 90' lang='lat' dir='ltr'>publicorum</span> <span class='ocrx_word' id='word_1_1848' title='bbox 1586 2461 1748 2488; x_wconf 86' lang='lat' dir='ltr'>iudiciorum</span> <span class='ocrx_word' id='word_1_1849' title='bbox 1763 2463 1953 2496; x_wconf 83' lang='lat' dir='ltr'>accusationes,</span> <span class='ocrx_word' id='word_1_1850' title='bbox 1967 2466 2018 2491; x_wconf 66' lang='lat' dir='ltr'>vicl.</span> <span class='ocrx_word' id='word_1_1851' title='bbox 2034 2465 2055 2499; x_wconf 74' lang='lat'>6.</span> <span class='ocrx_word' id='word_1_1852' title='bbox 2069 2470 2168 2501; x_wconf 80' lang='lat' dir='ltr'>exqui-</span> 
     </span>
     <span class='ocr_line' id='line_1_191' title="bbox 1125 2496 2166 2532; baseline 0.007 -9"><span class='ocrx_word' id='word_1_1853' title='bbox 1125 2497 1243 2523; x_wconf 71' lang='lat' dir='ltr'>busdam.</span> <span class='ocrx_word' id='word_1_1854' title='bbox 1259 2497 1340 2523; x_wconf 88' lang='lat' dir='ltr'>instit.</span> <span class='ocrx_word' id='word_1_1855' title='bbox 1353 2496 1385 2522; x_wconf 91' lang='lat' dir='ltr'>de</span> <span class='ocrx_word' id='word_1_1856' title='bbox 1399 2505 1475 2531; x_wconf 84' lang='lat' dir='ltr'>poen.</span> <span class='ocrx_word' id='word_1_1857' title='bbox 1490 2503 1590 2522; x_wconf 87' lang='lat' dir='ltr'>temere</span> <span class='ocrx_word' id='word_1_1858' title='bbox 1605 2496 1671 2530; x_wconf 84' lang='lat' dir='ltr'>litig.</span> <span class='ocrx_word' id='word_1_1859' title='bbox 1686 2497 1702 2522; x_wconf 93' lang='lat' dir='ltr'>l.</span> <span class='ocrx_word' id='word_1_1860' title='bbox 1718 2505 1727 2522; x_wconf 94' lang='lat'>1</span> <span class='ocrx_word' id='word_1_1861' title='bbox 1741 2497 1772 2522; x_wconf 91' lang='lat' dir='ltr'>de</span> <span class='ocrx_word' id='word_1_1862' title='bbox 1785 2497 1895 2532; x_wconf 83' lang='lat' dir='ltr'>his‚qui</span> <span class='ocrx_word' id='word_1_1863' title='bbox 1909 2506 1964 2525; x_wconf 90' lang='lat' dir='ltr'>not.</span> <span class='ocrx_word' id='word_1_1864' title='bbox 1978 2498 2071 2528; x_wconf 68' lang='lat' dir='ltr'>i&#39;nfa&#39;m.</span> <span class='ocrx_word' id='word_1_1865' title='bbox 2098 2505 2166 2530; x_wconf 87' lang='lat' dir='ltr'>Hor.</span> 
     </span>
     <span class='ocr_line' id='line_1_192' title="bbox 1125 2540 2166 2609; baseline 0.007 -16"><span class='ocrx_word' id='word_1_1866' title='bbox 1125 2575 1268 2602; x_wconf 85' lang='lat' dir='ltr'>grammata</span> <span class='ocrx_word' id='word_1_1867' title='bbox 1286 2568 1401 2598; x_wconf 81' lang='lat' dir='ltr'>famosa,</span> <span class='ocrx_word' id='word_1_1868' title='bbox 1426 2566 1491 2601; x_wconf 77' lang='lat' dir='ltr'>quod</span> <span class='ocrx_word' id='word_1_1869' title='bbox 1509 2568 1599 2601; x_wconf 79' lang='lat' dir='ltr'>vulgus</span> <span class='ocrx_word' id='word_1_1870' title='bbox 1618 2566 1682 2591; x_wconf 78' lang='lat' dir='ltr'>dicit</span> <span class='ocrx_word' id='word_1_1871' title='bbox 1702 2566 1884 2599; x_wconf 67' lang='lat' dir='ltr'>Drffiimatoria</span> <span class='ocrx_word' id='word_1_1872' title='bbox 1910 2569 1977 2597; x_wconf 83' lang='lat' dir='ltr'>Suet.</span> <span class='ocrx_word' id='word_1_1873' title='bbox 1997 2572 2070 2599; x_wconf 83' lang='lat' dir='ltr'>Caes.</span> <span class='ocrx_word' id='word_1_1874' title='bbox 2091 2540 2166 2609; x_wconf 47' lang='lat' dir='ltr'>obilu}</span> 
     </span>
     <span class='ocr_line' id='line_1_193' title="bbox 1124 2600 2168 2640; baseline 0.009 -12"><span class='ocrx_word' id='word_1_1875' title='bbox 1124 2604 1184 2636; x_wconf 88' lang='lat' dir='ltr'>le.</span> <span class='ocrx_word' id='word_1_1876' title='bbox 1200 2603 1227 2627; x_wconf 92' lang='lat' dir='ltr'>in</span> <span class='ocrx_word' id='word_1_1877' title='bbox 1241 2603 1257 2627; x_wconf 89' lang='lat' dir='ltr'>l.</span> <span class='ocrx_word' id='word_1_1878' title='bbox 1271 2611 1331 2627; x_wconf 85' lang='lat' dir='ltr'>nani</span> <span class='ocrx_word' id='word_1_1879' title='bbox 1350 2601 1436 2635; x_wconf 86' lang='lat' dir='ltr'>postea</span> <span class='ocrx_word' id='word_1_1880' title='bbox 1452 2601 1484 2626; x_wconf 93' lang='lat' dir='ltr'>D.</span> <span class='ocrx_word' id='word_1_1881' title='bbox 1496 2600 1528 2626; x_wconf 88' lang='lat' dir='ltr'>de</span> <span class='ocrx_word' id='word_1_1882' title='bbox 1541 2601 1653 2626; x_wconf 75' lang='lat' dir='ltr'>iureiur.</span> <span class='ocrx_word' id='word_1_1883' title='bbox 1677 2601 1703 2627; x_wconf 83' lang='lat' dir='ltr'>Si</span> <span class='ocrx_word' id='word_1_1884' title='bbox 1724 2602 1862 2629; x_wconf 84' lang='lat' dir='ltr'>damnatur</span> <span class='ocrx_word' id='word_1_1885' title='bbox 1880 2605 1940 2639; x_wconf 81' lang='lat' dir='ltr'>quis</span> <span class='ocrx_word' id='word_1_1886' title='bbox 1960 2607 2016 2640; x_wconf 87' lang='lat' dir='ltr'>post</span> <span class='ocrx_word' id='word_1_1887' title='bbox 2035 2608 2168 2636; x_wconf 85' lang='lat' dir='ltr'>iusiuran-</span> 
     </span>
     <span class='ocr_line' id='line_1_194' title="bbox 1125 2635 2166 2680; baseline 0.01 -18"><span class='ocrx_word' id='word_1_1888' title='bbox 1125 2637 1188 2663; x_wconf 86' lang='lat' dir='ltr'>dum</span> <span class='ocrx_word' id='word_1_1889' title='bbox 1202 2645 1234 2662; x_wconf 87' lang='lat' dir='ltr'>ex</span> <span class='ocrx_word' id='word_1_1890' title='bbox 1247 2636 1349 2662; x_wconf 85' lang='lat' dir='ltr'>famoso</span> <span class='ocrx_word' id='word_1_1891' title='bbox 1364 2635 1482 2661; x_wconf 88' lang='lat' dir='ltr'>Iudicio:</span> <span class='ocrx_word' id='word_1_1892' title='bbox 1501 2635 1631 2661; x_wconf 87' lang='lat' dir='ltr'>famosum</span> <span class='ocrx_word' id='word_1_1893' title='bbox 1644 2636 1692 2662; x_wconf 82' lang='lat' dir='ltr'>effe</span> <span class='ocrx_word' id='word_1_1894' title='bbox 1706 2637 1788 2671; x_wconf 83' lang='lat' dir='ltr'>inagis</span> <span class='ocrx_word' id='word_1_1895' title='bbox 1802 2638 1846 2664; x_wconf 88' lang='lat' dir='ltr'>est.</span> <span class='ocrx_word' id='word_1_1896' title='bbox 1900 2640 1999 2667; x_wconf 86' lang='lat' dir='ltr'>Libelli</span> <span class='ocrx_word' id='word_1_1897' title='bbox 2014 2642 2082 2670; x_wconf 89' lang='lat' dir='ltr'>Suet.</span> <span class='ocrx_word' id='word_1_1898' title='bbox 2098 2646 2166 2680; x_wconf 83' lang='lat' dir='ltr'>Aug.</span> 
     </span>
     <span class='ocr_line' id='line_1_195' title="bbox 1125 2670 2167 2712; baseline 0.011 -18"><span class='ocrx_word' id='word_1_1899' title='bbox 1125 2681 1146 2697; x_wconf 78' lang='lat' dir='ltr'>c.</span> <span class='ocrx_word' id='word_1_1900' title='bbox 1160 2679 1195 2703; x_wconf 74' lang='lat'>35.</span> <span class='ocrx_word' id='word_1_1901' title='bbox 1232 2670 1306 2705; x_wconf 87' lang='lat' dir='ltr'>Conf.</span> <span class='ocrx_word' id='word_1_1902' title='bbox 1319 2670 1388 2697; x_wconf 91' lang='lat' dir='ltr'>Tib.</span> <span class='ocrx_word' id='word_1_1903' title='bbox 1402 2679 1423 2696; x_wconf 93' lang='lat' dir='ltr'>c.</span> <span class='ocrx_word' id='word_1_1904' title='bbox 1439 2676 1476 2699; x_wconf 77' lang='lat'>28.</span> <span class='ocrx_word' id='word_1_1905' title='bbox 1514 2671 1553 2697; x_wconf 87' lang='lat' dir='ltr'>Dc</span> <span class='ocrx_word' id='word_1_1906' title='bbox 1566 2671 1673 2697; x_wconf 77' lang='lat' dir='ltr'>iniuriis</span> <span class='ocrx_word' id='word_1_1907' title='bbox 1683 2691 1691 2704; x_wconf 96' lang='lat'>,</span> <span class='ocrx_word' id='word_1_1908' title='bbox 1705 2678 1731 2698; x_wconf 91' lang='lat' dir='ltr'>et</span> <span class='ocrx_word' id='word_1_1909' title='bbox 1750 2673 1854 2699; x_wconf 85' lang='lat' dir='ltr'>famosis</span> <span class='ocrx_word' id='word_1_1910' title='bbox 1867 2674 1982 2709; x_wconf 87' lang='lat' dir='ltr'>libellis,</span> <span class='ocrx_word' id='word_1_1911' title='bbox 1997 2678 2038 2705; x_wconf 88' lang='lat' dir='ltr'>tit.</span> <span class='ocrx_word' id='word_1_1912' title='bbox 2058 2679 2091 2712; x_wconf 59' lang='lat' dir='ltr'>4st</span> <span class='ocrx_word' id='word_1_1913' title='bbox 2105 2682 2167 2707; x_wconf 73' lang='lat' dir='ltr'>Pan-</span> 
     </span>
     <span class='ocr_line' id='line_1_196' title="bbox 1374 2705 2167 2746; baseline 0.016 -16"><span class='ocrx_word' id='word_1_1914' title='bbox 1374 2740 1380 2745; x_wconf 46' lang='lat'>.</span> <span class='ocrx_word' id='word_1_1915' title='bbox 1401 2705 1488 2732; x_wconf 85' lang='lat' dir='ltr'>Pudor</span> <span class='ocrx_word' id='word_1_1916' title='bbox 1505 2706 1622 2732; x_wconf 87' lang='lat' dir='ltr'>famosus</span> <span class='ocrx_word' id='word_1_1917' title='bbox 1639 2707 1687 2741; x_wconf 89' lang='lat' dir='ltr'>qui</span> <span class='ocrx_word' id='word_1_1918' title='bbox 1702 2713 1778 2734; x_wconf 87' lang='lat' dir='ltr'>notet</span> <span class='ocrx_word' id='word_1_1919' title='bbox 1797 2717 1859 2741; x_wconf 89' lang='lat' dir='ltr'>ora,</span> <span class='ocrx_word' id='word_1_1920' title='bbox 1879 2712 1898 2737; x_wconf 89' lang='lat' dir='ltr'>i.</span> <span class='ocrx_word' id='word_1_1921' title='bbox 1913 2712 1998 2746; x_wconf 76' lang='lat' dir='ltr'>pudor</span> <span class='ocrx_word' id='word_1_1922' title='bbox 2016 2723 2046 2740; x_wconf 79' lang='lat' dir='ltr'>ex</span> <span class='ocrx_word' id='word_1_1923' title='bbox 2063 2719 2167 2743; x_wconf 76' lang='lat' dir='ltr'>crimine</span> 
     </span>
     <span class='ocr_line' id='line_1_197' title="bbox 1125 2740 2155 2778; baseline 0.01 -10"><span class='ocrx_word' id='word_1_1924' title='bbox 1125 2740 1225 2774; x_wconf 68' lang='lat' dir='ltr'>admisti»</span> <span class='ocrx_word' id='word_1_1925' title='bbox 1244 2748 1313 2767; x_wconf 80' lang='lat' dir='ltr'>ortus</span> <span class='ocrx_word' id='word_1_1926' title='bbox 1327 2740 1408 2767; x_wconf 87' lang='lat' dir='ltr'>Ouid.</span> <span class='ocrx_word' id='word_1_1927' title='bbox 1422 2742 1512 2767; x_wconf 88' lang='lat' dir='ltr'>Amor.</span> <span class='ocrx_word' id='word_1_1928' title='bbox 1528 2750 1547 2772; x_wconf 83' lang='lat'>3,</span> <span class='ocrx_word' id='word_1_1929' title='bbox 1559 2744 1585 2773; x_wconf 81' lang='lat'>6,</span> <span class='ocrx_word' id='word_1_1930' title='bbox 1602 2747 1652 2776; x_wconf 57' lang='lat'>78„</span> <span class='ocrx_word' id='word_1_1931' title='bbox 1714 2743 1755 2770; x_wconf 83' lang='lat' dir='ltr'>Sic</span> <span class='ocrx_word' id='word_1_1932' title='bbox 1769 2744 1825 2770; x_wconf 82' lang='lat' dir='ltr'>ICti</span> <span class='ocrx_word' id='word_1_1933' title='bbox 1843 2744 1929 2772; x_wconf 77' lang='lat' dir='ltr'>dictmt</span> <span class='ocrx_word' id='word_1_1934' title='bbox 1943 2748 2066 2776; x_wconf 87' lang='lat' dir='ltr'>Famosos</span> <span class='ocrx_word' id='word_1_1935' title='bbox 2083 2751 2155 2778; x_wconf 81' lang='lat' dir='ltr'>fures</span> 
     </span>
     <span class='ocr_line' id='line_1_198' title="bbox 1125 2773 2166 2823; baseline 0.008 -20"><span class='ocrx_word' id='word_1_1936' title='bbox 1125 2778 1255 2808; x_wconf 86' lang='lat' dir='ltr'>latrones,</span> <span class='ocrx_word' id='word_1_1937' title='bbox 1268 2776 1407 2807; x_wconf 88' lang='lat' dir='ltr'>mulieres,</span> <span class='ocrx_word' id='word_1_1938' title='bbox 1423 2783 1472 2811; x_wconf 82' lang='lat' dir='ltr'>pro</span> <span class='ocrx_word' id='word_1_1939' title='bbox 1486 2777 1638 2812; x_wconf 72' lang='lat' dir='ltr'>Infamibus,</span> <span class='ocrx_word' id='word_1_1940' title='bbox 1654 2779 1857 2812; x_wconf 74' lang='lat' dir='ltr'>improbioribm‚</span> <span class='ocrx_word' id='word_1_1941' title='bbox 1870 2783 2003 2816; x_wconf 76' lang='lat' dir='ltr'>impudicis</span> <span class='ocrx_word' id='word_1_1942' title='bbox 2015 2784 2031 2810; x_wconf 94' lang='lat' dir='ltr'>l.</span> <span class='ocrx_word' id='word_1_1943' title='bbox 2044 2794 2057 2817; x_wconf 91' lang='grc'>3</span> <span class='ocrx_word' id='word_1_1944' title='bbox 2071 2784 2095 2823; x_wconf 79' lang='lat'>§.</span> <span class='ocrx_word' id='word_1_1945' title='bbox 2110 2796 2119 2813; x_wconf 95' lang='lat'>1</span> <span class='ocrx_word' id='word_1_1946' title='bbox 2134 2773 2166 2814; x_wconf 36' lang='lat' dir='ltr'>Di</span> 
     </span>
     <span class='ocr_line' id='line_1_199' title="bbox 1124 2811 2167 2856; baseline 0.012 -19"><span class='ocrx_word' id='word_1_1947' title='bbox 1124 2813 1157 2839; x_wconf 89' lang='lat' dir='ltr'>de</span> <span class='ocrx_word' id='word_1_1948' title='bbox 1173 2811 1242 2838; x_wconf 79' lang='lat' dir='ltr'>offic.</span> <span class='ocrx_word' id='word_1_1949' title='bbox 1257 2811 1384 2838; x_wconf 67' lang='lat' dir='ltr'>praefeci.</span> <span class='ocrx_word' id='word_1_1950' title='bbox 1404 2811 1480 2845; x_wconf 81' lang='lat' dir='ltr'>vigil.</span> <span class='ocrx_word' id='word_1_1951' title='bbox 1559 2813 1654 2846; x_wconf 70' lang='lat' dir='ltr'>Super-l.</span> <span class='ocrx_word' id='word_1_1952' title='bbox 1690 2813 1757 2841; x_wconf 89' lang='lat' dir='ltr'>Gcll.</span> <span class='ocrx_word' id='word_1_1953' title='bbox 1773 2822 1799 2849; x_wconf 88' lang='lat'>7,</span> <span class='ocrx_word' id='word_1_1954' title='bbox 1811 2823 1823 2847; x_wconf 89' lang='grc'>3</span> <span class='ocrx_word' id='word_1_1955' title='bbox 1851 2816 2022 2846; x_wconf 82' lang='lat' dir='ltr'>Famosissiina</span> <span class='ocrx_word' id='word_1_1956' title='bbox 2045 2821 2167 2856; x_wconf 85' lang='lat' dir='ltr'>superbia</span> 
     </span>
     <span class='ocr_line' id='line_1_200' title="bbox 1123 2846 2166 2894; baseline 0.003 -19"><span class='ocrx_word' id='word_1_1957' title='bbox 1123 2847 1321 2875; x_wconf 85' lang='lat' dir='ltr'>Rhodiensium.</span> <span class='ocrx_word' id='word_1_1958' title='bbox 1357 2847 1477 2873; x_wconf 85' lang='lat' dir='ltr'>Scribere</span> <span class='ocrx_word' id='word_1_1959' title='bbox 1492 2846 1667 2874; x_wconf 62' lang='lat' dir='ltr'>famosissimas</span> <span class='ocrx_word' id='word_1_1960' title='bbox 1681 2848 1769 2876; x_wconf 81' lang='lat' dir='ltr'>literas</span> <span class='ocrx_word' id='word_1_1961' title='bbox 1784 2851 1862 2885; x_wconf 89' lang='lat' dir='ltr'>Apul.</span> <span class='ocrx_word' id='word_1_1962' title='bbox 1876 2854 1953 2887; x_wconf 88' lang='lat' dir='ltr'>Apol.</span> <span class='ocrx_word' id='word_1_1963' title='bbox 1968 2864 1993 2889; x_wconf 85' lang='lat' dir='ltr'>p.</span> <span class='ocrx_word' id='word_1_1964' title='bbox 2006 2863 2064 2889; x_wconf 76' lang='lat'>324,</span> <span class='ocrx_word' id='word_1_1965' title='bbox 2092 2858 2166 2894; x_wconf 69' lang='lat' dir='ltr'>Confi</span> 
     </span>
     <span class='ocr_line' id='line_1_201' title="bbox 1477 2883 2147 2920; baseline 0.019 -13"><span class='ocrx_word' id='word_1_1966' title='bbox 1477 2883 1511 2908; x_wconf 83' lang='lat' dir='ltr'>Vt</span> <span class='ocrx_word' id='word_1_1967' title='bbox 1524 2884 1624 2908; x_wconf 84' lang='lat' dir='ltr'>titulum</span> <span class='ocrx_word' id='word_1_1968' title='bbox 1636 2884 1737 2911; x_wconf 73' lang='lat' dir='ltr'>honoris</span> <span class='ocrx_word' id='word_1_1969' title='bbox 1750 2886 1946 2916; x_wconf 65' lang='lat' dir='ltr'>Praefectorum</span> <span class='ocrx_word' id='word_1_1970' title='bbox 1959 2891 2076 2918; x_wconf 81' lang='lat' dir='ltr'>vidimus</span> <span class='ocrx_word' id='word_1_1971' title='bbox 2087 2902 2113 2919; x_wconf 93' lang='lat' dir='ltr'>n.</span> <span class='ocrx_word' id='word_1_1972' title='bbox 2128 2902 2147 2920; x_wconf 95' lang='lat'>1.</span> 
     </span>
    </p>

    <p class='ocr_par' dir='ltr' id='par_1_45' title="bbox 1159 2917 1827 2953">
     <span class='ocr_line' id='line_1_202' title="bbox 1159 2917 1827 2953; baseline 0.003 -7"><span class='ocrx_word' id='word_1_1973' title='bbox 1159 2925 1176 2946; x_wconf 78' lang='lat' dir='ltr'>F</span> <span class='ocrx_word' id='word_1_1974' title='bbox 1186 2920 1326 2946; x_wconf 68' lang='lat' dir='ltr'>AMGSE.</span> <span class='ocrx_word' id='word_1_1975' title='bbox 1346 2917 1413 2944; x_wconf 88' lang='lat' dir='ltr'>Adu.</span> <span class='ocrx_word' id='word_1_1976' title='bbox 1450 2918 1570 2944; x_wconf 87' lang='lat' dir='ltr'>Tertull.</span> <span class='ocrx_word' id='word_1_1977' title='bbox 1584 2919 1642 2944; x_wconf 89' lang='lat' dir='ltr'>adu.</span> <span class='ocrx_word' id='word_1_1978' title='bbox 1656 2921 1738 2946; x_wconf 89' lang='lat' dir='ltr'>Marc.</span> <span class='ocrx_word' id='word_1_1979' title='bbox 1754 2929 1773 2953; x_wconf 89' lang='lat'>1,</span> <span class='ocrx_word' id='word_1_1980' title='bbox 1788 2930 1827 2948; x_wconf 83' lang='lat'>22.</span> 
     </span>
    </p>

    <p class='ocr_par' dir='ltr' id='par_1_46' title="bbox 1159 2952 1907 2991">
     <span class='ocr_line' id='line_1_203' title="bbox 1159 2952 1907 2991; baseline 0.003 -9"><span class='ocrx_word' id='word_1_1981' title='bbox 1159 2962 1174 2982; x_wconf 76' lang='lat'>1⁷</span> <span class='ocrx_word' id='word_1_1982' title='bbox 1183 2962 1205 2981; x_wconf 86' lang='lat' dir='ltr'>A</span> <span class='ocrx_word' id='word_1_1983' title='bbox 1215 2962 1239 2981; x_wconf 88' lang='grc' dir='ltr'>Μ</span> <span class='ocrx_word' id='word_1_1984' title='bbox 1248 2961 1267 2981; x_wconf 93' lang='lat'><em>0</em></span> <span class='ocrx_word' id='word_1_1985' title='bbox 1275 2961 1288 2981; x_wconf 88' lang='lat' dir='ltr'>S</span> <span class='ocrx_word' id='word_1_1986' title='bbox 1298 2952 1337 2980; x_wconf 81' lang='grc' dir='ltr'>ΪΤ</span> <span class='ocrx_word' id='word_1_1987' title='bbox 1346 2960 1367 2979; x_wconf 87' lang='lat' dir='ltr'>A</span> <span class='ocrx_word' id='word_1_1988' title='bbox 1376 2961 1388 2980; x_wconf 89' lang='lat' dir='ltr'>s</span> <span class='ocrx_word' id='word_1_1989' title='bbox 1397 2973 1406 2986; x_wconf 93' lang='lat'>,</span> <span class='ocrx_word' id='word_1_1990' title='bbox 1423 2953 1482 2980; x_wconf 65' lang='lat' dir='ltr'>atis.</span> <span class='ocrx_word' id='word_1_1991' title='bbox 1502 2953 1522 2979; x_wconf 86' lang='lat' dir='ltr'>f.</span> <span class='ocrx_word' id='word_1_1992' title='bbox 1559 2954 1678 2981; x_wconf 88' lang='lat' dir='ltr'>Tertull.</span> <span class='ocrx_word' id='word_1_1993' title='bbox 1695 2956 1727 2982; x_wconf 90' lang='lat' dir='ltr'>de</span> <span class='ocrx_word' id='word_1_1994' title='bbox 1740 2956 1824 2991; x_wconf 60' lang='lat' dir='ltr'>speci.</span> <span class='ocrx_word' id='word_1_1995' title='bbox 1838 2966 1859 2983; x_wconf 89' lang='lat' dir='ltr'>c.</span> <span class='ocrx_word' id='word_1_1996' title='bbox 1870 2965 1907 2991; x_wconf 83' lang='lat'>23.</span> 
     </span>
    </p>

    <p class='ocr_par' dir='ltr' id='par_1_47' title="bbox 1160 2987 1968 3027">
     <span class='ocr_line' id='line_1_204' title="bbox 1160 2987 1968 3027; baseline 0.005 -10"><span class='ocrx_word' id='word_1_1997' title='bbox 1160 2987 1366 3021; x_wconf 75' lang='lat' dir='ltr'>FAMfGER‚</span> <span class='ocrx_word' id='word_1_1998' title='bbox 1386 2998 1417 3021; x_wconf 88' lang='lat' dir='ltr'>a,</span> <span class='ocrx_word' id='word_1_1999' title='bbox 1436 2997 1489 3014; x_wconf 88' lang='lat' dir='ltr'>um.</span> <span class='ocrx_word' id='word_1_2000' title='bbox 1510 2988 1570 3014; x_wconf 91' lang='lat' dir='ltr'>Adi.</span> <span class='ocrx_word' id='word_1_2001' title='bbox 1605 2991 1680 3016; x_wconf 84' lang='lat' dir='ltr'>Varr.</span> <span class='ocrx_word' id='word_1_2002' title='bbox 1694 2992 1723 3017; x_wconf 93' lang='lat' dir='ltr'>L.</span> <span class='ocrx_word' id='word_1_2003' title='bbox 1740 2992 1768 3018; x_wconf 95' lang='lat' dir='ltr'>L.</span> <span class='ocrx_word' id='word_1_2004' title='bbox 1782 3000 1804 3024; x_wconf 83' lang='grc' dir='ltr'>ς,</span> <span class='ocrx_word' id='word_1_2005' title='bbox 1818 3000 1834 3027; x_wconf 86' lang='grc'>7</span> <span class='ocrx_word' id='word_1_2006' title='bbox 1854 3002 1878 3027; x_wconf 88' lang='lat' dir='ltr'>p.</span> <span class='ocrx_word' id='word_1_2007' title='bbox 1894 3002 1931 3026; x_wconf 79' lang='grc' dir='ltr'>ςς,</span> <span class='ocrx_word' id='word_1_2008' title='bbox 1945 2999 1968 3025; x_wconf 82' lang='grc'>8.</span> 
     </span>
    </p>

    <p class='ocr_par' dir='ltr' id='par_1_48' title="bbox 1159 3022 2129 3065">
     <span class='ocr_line' id='line_1_205' title="bbox 1159 3022 2129 3065; baseline 0.007 -13"><span class='ocrx_word' id='word_1_2009' title='bbox 1159 3032 1176 3052; x_wconf 84' lang='lat' dir='ltr'>F</span> <span class='ocrx_word' id='word_1_2010' title='bbox 1186 3033 1206 3052; x_wconf 97' lang='lat' dir='ltr'>A</span> <span class='ocrx_word' id='word_1_2011' title='bbox 1217 3033 1242 3052; x_wconf 88' lang='grc' dir='ltr'><strong>Μ</strong></span> <span class='ocrx_word' id='word_1_2012' title='bbox 1251 3033 1261 3051; x_wconf 89' lang='lat'>1</span> <span class='ocrx_word' id='word_1_2013' title='bbox 1270 3031 1291 3051; x_wconf 91' lang='lat' dir='ltr'>G</span> <span class='ocrx_word' id='word_1_2014' title='bbox 1302 3022 1319 3050; x_wconf 68' lang='grc' dir='ltr'><strong><em>ἓ</em></strong></span> <span class='ocrx_word' id='word_1_2015' title='bbox 1329 3030 1372 3050; x_wconf 79' lang='lat' dir='ltr'>RO</span> <span class='ocrx_word' id='word_1_2016' title='bbox 1382 3044 1390 3056; x_wconf 95' lang='lat'>,</span> <span class='ocrx_word' id='word_1_2017' title='bbox 1409 3029 1461 3050; x_wconf 62' lang='lat' dir='ltr'>are.</span> <span class='ocrx_word' id='word_1_2018' title='bbox 1497 3024 1578 3051; x_wconf 82' lang='lat' dir='ltr'>Glots.</span> <span class='ocrx_word' id='word_1_2019' title='bbox 1591 3025 1637 3052; x_wconf 89' lang='lat' dir='ltr'>Gr.</span> <span class='ocrx_word' id='word_1_2020' title='bbox 1652 3026 1708 3052; x_wconf 92' lang='lat' dir='ltr'>Lat.</span> <span class='ocrx_word' id='word_1_2021' title='bbox 1723 3025 1876 3062; x_wconf 68' lang='grc' dir='ltr'>διαφημίζω,</span> <span class='ocrx_word' id='word_1_2022' title='bbox 1890 3031 2036 3065; x_wconf 67' lang='lat' dir='ltr'>Famigcro.</span> <span class='ocrx_word' id='word_1_2023' title='bbox 2060 3034 2129 3060; x_wconf 83' lang='lat' dir='ltr'>Hinc</span> 
     </span>
    </p>

    <p class='ocr_par' dir='ltr' id='par_1_49' title="bbox 1123 3061 2164 3134">
     <span class='ocr_line' id='line_1_206' title="bbox 1158 3061 2164 3099; baseline 0.008 -12"><span class='ocrx_word' id='word_1_2024' title='bbox 1158 3067 1174 3087; x_wconf 77' lang='lat' dir='ltr'>F</span> <span class='ocrx_word' id='word_1_2025' title='bbox 1183 3068 1206 3087; x_wconf 88' lang='lat' dir='ltr'>A</span> <span class='ocrx_word' id='word_1_2026' title='bbox 1215 3068 1238 3086; x_wconf 86' lang='lat' dir='ltr'>M</span> <span class='ocrx_word' id='word_1_2027' title='bbox 1250 3068 1259 3086; x_wconf 90' lang='lat'>1</span> <span class='ocrx_word' id='word_1_2028' title='bbox 1268 3066 1289 3086; x_wconf 89' lang='lat' dir='ltr'>G</span> <span class='ocrx_word' id='word_1_2029' title='bbox 1298 3067 1314 3086; x_wconf 77' lang='grc' dir='ltr'>Ε</span> <span class='ocrx_word' id='word_1_2030' title='bbox 1323 3066 1341 3085; x_wconf 85' lang='lat' dir='ltr'>R</span> <span class='ocrx_word' id='word_1_2031' title='bbox 1350 3061 1400 3086; x_wconf 86' lang='grc' dir='ltr'>ᾹΤ</span> <span class='ocrx_word' id='word_1_2032' title='bbox 1409 3066 1430 3084; x_wconf 88' lang='lat' dir='ltr'>V</span> <span class='ocrx_word' id='word_1_2033' title='bbox 1438 3067 1451 3086; x_wconf 92' lang='lat' dir='ltr'>s</span> <span class='ocrx_word' id='word_1_2034' title='bbox 1461 3079 1469 3091; x_wconf 97' lang='lat'>,</span> <span class='ocrx_word' id='word_1_2035' title='bbox 1489 3068 1503 3085; x_wconf 81' lang='lat' dir='ltr'>a</span> <span class='ocrx_word' id='word_1_2036' title='bbox 1511 3079 1520 3093; x_wconf 90' lang='lat'>,</span> <span class='ocrx_word' id='word_1_2037' title='bbox 1537 3069 1591 3087; x_wconf 89' lang='lat' dir='ltr'>um.</span> <span class='ocrx_word' id='word_1_2038' title='bbox 1613 3062 1679 3088; x_wconf 89' lang='lat' dir='ltr'>Part.</span> <span class='ocrx_word' id='word_1_2039' title='bbox 1700 3063 1892 3097; x_wconf 81' lang='lat' dir='ltr'>Famigeratum</span> <span class='ocrx_word' id='word_1_2040' title='bbox 1904 3066 2049 3099; x_wconf 88' lang='lat' dir='ltr'>antiquitus</span> <span class='ocrx_word' id='word_1_2041' title='bbox 2062 3068 2164 3098; x_wconf 84' lang='lat' dir='ltr'>fanum,</span> 
     </span>
     <span class='ocr_line' id='line_1_207' title="bbox 1123 3094 2164 3134; baseline 0.009 -11"><span class='ocrx_word' id='word_1_2042' title='bbox 1123 3099 1142 3123; x_wconf 81' lang='lat' dir='ltr'>i.</span> <span class='ocrx_word' id='word_1_2043' title='bbox 1163 3096 1266 3123; x_wconf 73' lang='lat' dir='ltr'>Celebre.</span> <span class='ocrx_word' id='word_1_2044' title='bbox 1304 3094 1382 3129; x_wconf 85' lang='lat' dir='ltr'>Apul.</span> <span class='ocrx_word' id='word_1_2045' title='bbox 1403 3094 1504 3122; x_wconf 87' lang='lat' dir='ltr'>Florid.</span> <span class='ocrx_word' id='word_1_2046' title='bbox 1524 3104 1540 3122; x_wconf 86' lang='lat'>2</span> <span class='ocrx_word' id='word_1_2047' title='bbox 1557 3105 1582 3131; x_wconf 88' lang='lat' dir='ltr'>p.</span> <span class='ocrx_word' id='word_1_2048' title='bbox 1600 3104 1656 3130; x_wconf 80' lang='lat'>350,</span> <span class='ocrx_word' id='word_1_2049' title='bbox 1674 3106 1709 3129; x_wconf 75' lang='grc'>31.</span> <span class='ocrx_word' id='word_1_2050' title='bbox 1764 3098 1835 3124; x_wconf 88' lang='lat' dir='ltr'>Mela</span> <span class='ocrx_word' id='word_1_2051' title='bbox 1849 3107 1872 3131; x_wconf 87' lang='lat'>2,</span> <span class='ocrx_word' id='word_1_2052' title='bbox 1884 3107 1901 3134; x_wconf 94' lang='grc'>7</span> <span class='ocrx_word' id='word_1_2053' title='bbox 1920 3099 1949 3126; x_wconf 76' lang='lat' dir='ltr'>dc</span> <span class='ocrx_word' id='word_1_2054' title='bbox 1964 3102 2050 3134; x_wconf 74' lang='lat' dir='ltr'>Creta,</span> <span class='ocrx_word' id='word_1_2055' title='bbox 2069 3099 2164 3132; x_wconf 67' lang='lat' dir='ltr'>Multis</span> 
     </span>
    </p>
   </div>
   <div class='ocr_carea' id='block_1_39' title="bbox 1121 3130 1396 3165">
    <p class='ocr_par' dir='ltr' id='par_1_50' title="bbox 1121 3130 1396 3165">
     <span class='ocr_line' id='line_1_208' title="bbox 1121 3130 1396 3165; baseline -0.007 -7"><span class='ocrx_word' id='word_1_2056' title='bbox 1121 3133 1276 3165; x_wconf 84' lang='lat' dir='ltr'>famigerata</span> <span class='ocrx_word' id='word_1_2057' title='bbox 1290 3130 1396 3157; x_wconf 90' lang='lat' dir='ltr'>fabulis.</span> 
     </span>
    </p>
   </div>
   <div class='ocr_carea' id='block_1_40' title="bbox 1158 3166 2185 3208">
    <p class='ocr_par' dir='ltr' id='par_1_51' title="bbox 1158 3166 2185 3208">
     <span class='ocr_line' id='line_1_209' title="bbox 1158 3166 2185 3208; baseline 0.008 -15"><span class='ocrx_word' id='word_1_2058' title='bbox 1158 3174 1173 3193; x_wconf 77' lang='lat' dir='ltr'>F</span> <span class='ocrx_word' id='word_1_2059' title='bbox 1185 3175 1205 3193; x_wconf 90' lang='lat' dir='ltr'>A</span> <span class='ocrx_word' id='word_1_2060' title='bbox 1215 3173 1238 3192; x_wconf 84' lang='lat' dir='ltr'>M</span> <span class='ocrx_word' id='word_1_2061' title='bbox 1248 3174 1258 3193; x_wconf 94' lang='lat'>1</span> <span class='ocrx_word' id='word_1_2062' title='bbox 1266 3172 1288 3193; x_wconf 90' lang='lat' dir='ltr'>G</span> <span class='ocrx_word' id='word_1_2063' title='bbox 1297 3172 1313 3192; x_wconf 83' lang='lat' dir='ltr'>E</span> <span class='ocrx_word' id='word_1_2064' title='bbox 1322 3173 1341 3192; x_wconf 85' lang='lat' dir='ltr'>R</span> <span class='ocrx_word' id='word_1_2065' title='bbox 1350 3168 1373 3192; x_wconf 70' lang='lat' dir='ltr'>A</span> <span class='ocrx_word' id='word_1_2066' title='bbox 1382 3172 1403 3191; x_wconf 89' lang='grc' dir='ltr'>Τ</span> <span class='ocrx_word' id='word_1_2067' title='bbox 1413 3171 1434 3192; x_wconf 91' lang='lat'>0</span> <span class='ocrx_word' id='word_1_2068' title='bbox 1444 3172 1463 3192; x_wconf 81' lang='lat' dir='ltr'>R</span> <span class='ocrx_word' id='word_1_2069' title='bbox 1471 3185 1479 3197; x_wconf 89' lang='lat'>‚</span> <span class='ocrx_word' id='word_1_2070' title='bbox 1498 3166 1562 3194; x_wconf 75' lang='lat' dir='ltr'>oris.</span> <span class='ocrx_word' id='word_1_2071' title='bbox 1580 3176 1617 3194; x_wconf 89' lang='lat' dir='ltr'>m.</span> <span class='ocrx_word' id='word_1_2072' title='bbox 1653 3166 1838 3203; x_wconf 57' lang='grc' dir='ltr'>[δὶαφημιςῆς]</span> <span class='ocrx_word' id='word_1_2073' title='bbox 1874 3168 2111 3208; x_wconf 64' lang='lat' dir='ltr'>Qeifirtfamam‚</span> <span class='ocrx_word' id='word_1_2074' title='bbox 2122 3185 2164 3201; x_wconf 86' lang='lat' dir='ltr'>ru-</span> <span class='ocrx_word' id='word_1_2075' title='bbox 2182 3200 2185 3203; x_wconf 87' lang='grc'><strong>,</strong></span> 
     </span>
    </p>
   </div>
   <div class='ocr_carea' id='block_1_41' title="bbox 967 3201 2165 3278">
    <p class='ocr_par' dir='ltr' id='par_1_52' title="bbox 967 3201 2165 3278">
     <span class='ocr_line' id='line_1_210' title="bbox 1121 3201 2165 3244; baseline 0.001 -15"><span class='ocrx_word' id='word_1_2076' title='bbox 1121 3204 1271 3242; x_wconf 57' lang='lat' dir='ltr'>migerulch,</span> <span class='ocrx_word' id='word_1_2077' title='bbox 1291 3204 1334 3237; x_wconf 83' lang='lat' dir='ltr'>qui</span> <span class='ocrx_word' id='word_1_2078' title='bbox 1347 3201 1473 3242; x_wconf 44' lang='lat' dir='ltr'>firmarier</span> <span class='ocrx_word' id='word_1_2079' title='bbox 1490 3202 1590 3237; x_wconf 54' lang='lat' dir='ltr'>dgffipat</span> <span class='ocrx_word' id='word_1_2080' title='bbox 1604 3206 1630 3243; x_wconf 61' lang='lat'>1¹31</span> <span class='ocrx_word' id='word_1_2081' title='bbox 1644 3205 1742 3243; x_wconf 59' lang='lat' dir='ltr'>vulgus.</span> <span class='ocrx_word' id='word_1_2082' title='bbox 1779 3204 1860 3230; x_wconf 87' lang='lat' dir='ltr'>Plaut.</span> <span class='ocrx_word' id='word_1_2083' title='bbox 1874 3205 1957 3233; x_wconf 82' lang='lat' dir='ltr'>Trin.</span> <span class='ocrx_word' id='word_1_2084' title='bbox 1974 3216 1993 3239; x_wconf 76' lang='grc' dir='ltr'>ι,</span> <span class='ocrx_word' id='word_1_2085' title='bbox 2008 3215 2032 3241; x_wconf 86' lang='lat'>2,</span> <span class='ocrx_word' id='word_1_2086' title='bbox 2047 3215 2091 3243; x_wconf 80' lang='lat'>¹73</span> <span class='ocrx_word' id='word_1_2087' title='bbox 2108 3210 2165 3244; x_wconf 76' lang='lat' dir='ltr'>Ego</span> 
     </span>
     <span class='ocr_line' id='line_1_211' title="bbox 967 3238 2164 3278; baseline 0.004 -13"><span class='ocrx_word' id='word_1_2088' title='bbox 967 3239 1058 3265; x_wconf 86' lang='lat' dir='ltr'>Tacit.</span> <span class='ocrx_word' id='word_1_2089' title='bbox 1079 3241 1108 3270; x_wconf 80' lang='lat'>85</span> <span class='ocrx_word' id='word_1_2090' title='bbox 1122 3239 1154 3264; x_wconf 89' lang='lat' dir='ltr'>de</span> <span class='ocrx_word' id='word_1_2091' title='bbox 1170 3238 1258 3264; x_wconf 86' lang='lat' dir='ltr'>verbis</span> <span class='ocrx_word' id='word_1_2092' title='bbox 1271 3246 1365 3264; x_wconf 90' lang='lat' dir='ltr'>eorum</span> <span class='ocrx_word' id='word_1_2093' title='bbox 1379 3240 1597 3271; x_wconf 61' lang='lat' dir='ltr'>famigeratorum</span> <span class='ocrx_word' id='word_1_2094' title='bbox 1611 3239 1721 3271; x_wconf 84' lang='lat' dir='ltr'>inscius,</span> <span class='ocrx_word' id='word_1_2095' title='bbox 1735 3238 1862 3273; x_wconf 82' lang='lat' dir='ltr'>prosilui,</span> <span class='ocrx_word' id='word_1_2096' title='bbox 1876 3249 1921 3267; x_wconf 79' lang='lat' dir='ltr'>etc.</span> <span class='ocrx_word' id='word_1_2097' title='bbox 1958 3244 2053 3278; x_wconf 66' lang='lat' dir='ltr'>Rmstcs</span> <span class='ocrx_word' id='word_1_2098' title='bbox 2067 3245 2126 3272; x_wconf 77' lang='lat' dir='ltr'>ibid.</span> <span class='ocrx_word' id='word_1_2099' title='bbox 2143 3254 2164 3278; x_wconf 94' lang='lat'>1,</span> 
     </span>
    </p>
   </div>
   <div class='ocr_carea' id='block_1_42' title="bbox 1122 3273 2164 3314">
    <p class='ocr_par' dir='ltr' id='par_1_53' title="bbox 1122 3273 2164 3314">
     <span class='ocr_line' id='line_1_212' title="bbox 1122 3273 2164 3314; baseline 0.006 -13"><span class='ocrx_word' id='word_1_2100' title='bbox 1122 3280 1205 3306; x_wconf 82' lang='lat'>2,182</span> <span class='ocrx_word' id='word_1_2101' title='bbox 1234 3273 1415 3308; x_wconf 86' lang='lat' dir='ltr'>Famigerator</span> <span class='ocrx_word' id='word_1_2102' title='bbox 1436 3281 1469 3300; x_wconf 89' lang='lat' dir='ltr'>ne</span> <span class='ocrx_word' id='word_1_2103' title='bbox 1491 3273 1522 3300; x_wconf 89' lang='lat' dir='ltr'>sit</span> <span class='ocrx_word' id='word_1_2104' title='bbox 1539 3282 1600 3299; x_wconf 88' lang='lat' dir='ltr'>cum</span> <span class='ocrx_word' id='word_1_2105' title='bbox 1628 3274 1724 3300; x_wconf 89' lang='lat' dir='ltr'>damno</span> <span class='ocrx_word' id='word_1_2106' title='bbox 1741 3280 1767 3301; x_wconf 85' lang='lat' dir='ltr'>et</span> <span class='ocrx_word' id='word_1_2107' title='bbox 1789 3275 1869 3302; x_wconf 84' lang='lat' dir='ltr'>malo.</span> <span class='ocrx_word' id='word_1_2108' title='bbox 1904 3278 1948 3304; x_wconf 85' lang='lat' dir='ltr'>Al.</span> <span class='ocrx_word' id='word_1_2109' title='bbox 1970 3278 2164 3314; x_wconf 84' lang='lat' dir='ltr'>Famigeratori</span> 
     </span>
    </p>
   </div>
   <div class='ocr_carea' id='block_1_43' title="bbox 1121 3309 1222 3336">
    <p class='ocr_par' dir='ltr' id='par_1_54' title="bbox 1121 3309 1222 3336">
     <span class='ocr_line' id='line_1_213' title="bbox 1121 3309 1222 3336; baseline 0 -1"><span class='ocrx_word' id='word_1_2110' title='bbox 1121 3319 1162 3336; x_wconf 87' lang='lat' dir='ltr'>res</span> <span class='ocrx_word' id='word_1_2111' title='bbox 1184 3309 1222 3335; x_wconf 85' lang='lat' dir='ltr'>sit.</span> 
     </span>
    </p>
   </div>
   <div class='ocr_carea' id='block_1_44' title="bbox 1157 3343 2163 3382">
    <p class='ocr_par' dir='ltr' id='par_1_55' title="bbox 1157 3343 2163 3382">
     <span class='ocr_line' id='line_1_214' title="bbox 1157 3343 2163 3382; baseline 0.004 -11"><span class='ocrx_word' id='word_1_2112' title='bbox 1157 3351 1174 3371; x_wconf 76' lang='lat'>1⁷</span> <span class='ocrx_word' id='word_1_2113' title='bbox 1182 3352 1203 3371; x_wconf 91' lang='lat' dir='ltr'>A</span> <span class='ocrx_word' id='word_1_2114' title='bbox 1212 3351 1236 3371; x_wconf 87' lang='lat' dir='ltr'>M</span> <span class='ocrx_word' id='word_1_2115' title='bbox 1245 3352 1254 3370; x_wconf 92' lang='lat'>1</span> <span class='ocrx_word' id='word_1_2116' title='bbox 1263 3349 1284 3370; x_wconf 87' lang='lat' dir='ltr'>G</span> <span class='ocrx_word' id='word_1_2117' title='bbox 1293 3350 1310 3370; x_wconf 81' lang='lat' dir='ltr'>E</span> <span class='ocrx_word' id='word_1_2118' title='bbox 1319 3350 1338 3370; x_wconf 78' lang='lat' dir='ltr'>R</span> <span class='ocrx_word' id='word_1_2119' title='bbox 1345 3345 1369 3370; x_wconf 70' lang='lat' dir='ltr'>A</span> <span class='ocrx_word' id='word_1_2120' title='bbox 1376 3350 1398 3371; x_wconf 86' lang='lat' dir='ltr'>T</span> <span class='ocrx_word' id='word_1_2121' title='bbox 1406 3349 1425 3370; x_wconf 81' lang='lat' dir='ltr'>R</span> <span class='ocrx_word' id='word_1_2122' title='bbox 1435 3350 1443 3368; x_wconf 84' lang='lat'>1</span> <span class='ocrx_word' id='word_1_2123' title='bbox 1453 3351 1471 3370; x_wconf 89' lang='lat' dir='ltr'>x</span> <span class='ocrx_word' id='word_1_2124' title='bbox 1480 3363 1488 3376; x_wconf 90' lang='lat'>,</span> <span class='ocrx_word' id='word_1_2125' title='bbox 1507 3343 1565 3371; x_wconf 75' lang='lat' dir='ltr'>icis.</span> <span class='ocrx_word' id='word_1_2126' title='bbox 1583 3343 1604 3370; x_wconf 83' lang='lat' dir='ltr'>f.</span> <span class='ocrx_word' id='word_1_2127' title='bbox 1638 3344 1771 3371; x_wconf 83' lang='lat' dir='ltr'>Rumorum</span> <span class='ocrx_word' id='word_1_2128' title='bbox 1782 3345 1943 3381; x_wconf 79' lang='lat' dir='ltr'>seminatrix.</span> <span class='ocrx_word' id='word_1_2129' title='bbox 1979 3348 2095 3382; x_wconf 86' lang='lat' dir='ltr'>Apuleio</span> <span class='ocrx_word' id='word_1_2130' title='bbox 2114 3355 2163 3378; x_wconf 81' lang='lat' dir='ltr'>tri.</span> 
     </span>
    </p>
   </div>
   <div class='ocr_carea' id='block_1_45' title="bbox 1120 3379 1452 3415">
    <p class='ocr_par' dir='ltr' id='par_1_56' title="bbox 1120 3379 1452 3415">
     <span class='ocr_line' id='line_1_215' title="bbox 1120 3379 1452 3415; baseline -0.006 -8"><span class='ocrx_word' id='word_1_2131' title='bbox 1120 3381 1204 3407; x_wconf 85' lang='lat' dir='ltr'>buitur</span> <span class='ocrx_word' id='word_1_2132' title='bbox 1211 3399 1218 3412; x_wconf 90' lang='lat'>,</span> <span class='ocrx_word' id='word_1_2133' title='bbox 1231 3379 1303 3415; x_wconf 74' lang='lat' dir='ltr'>falso</span> <span class='ocrx_word' id='word_1_2134' title='bbox 1310 3399 1317 3410; x_wconf 96' lang='lat'><strong>‚</strong></span> <span class='ocrx_word' id='word_1_2135' title='bbox 1332 3379 1452 3406; x_wconf 76' lang='lat' dir='ltr'>arbitror.</span> 
     </span>
    </p>
   </div>
   <div class='ocr_carea' id='block_1_46' title="bbox 1122 3413 2163 3764">
    <p class='ocr_par' dir='ltr' id='par_1_57' title="bbox 1123 3413 2163 3522">
     <span class='ocr_line' id='line_1_216' title="bbox 1158 3413 2163 3454; baseline 0.006 -12"><span class='ocrx_word' id='word_1_2136' title='bbox 1158 3422 1174 3442; x_wconf 83' lang='lat' dir='ltr'>F</span> <span class='ocrx_word' id='word_1_2137' title='bbox 1184 3423 1205 3443; x_wconf 88' lang='lat' dir='ltr'>A</span> <span class='ocrx_word' id='word_1_2138' title='bbox 1214 3423 1238 3442; x_wconf 81' lang='grc' dir='ltr'><strong>Μ</strong></span> <span class='ocrx_word' id='word_1_2139' title='bbox 1250 3423 1257 3441; x_wconf 94' lang='lat'>1</span> <span class='ocrx_word' id='word_1_2140' title='bbox 1269 3422 1290 3442; x_wconf 91' lang='lat' dir='ltr'>G</span> <span class='ocrx_word' id='word_1_2141' title='bbox 1302 3422 1318 3441; x_wconf 79' lang='lat' dir='ltr'>E</span> <span class='ocrx_word' id='word_1_2142' title='bbox 1327 3421 1345 3440; x_wconf 80' lang='lat' dir='ltr'>R</span> <span class='ocrx_word' id='word_1_2143' title='bbox 1356 3422 1377 3441; x_wconf 97' lang='lat' dir='ltr'>A</span> <span class='ocrx_word' id='word_1_2144' title='bbox 1386 3422 1408 3441; x_wconf 88' lang='lat' dir='ltr'>T</span> <span class='ocrx_word' id='word_1_2145' title='bbox 1416 3422 1425 3440; x_wconf 91' lang='lat'>1</span> <span class='ocrx_word' id='word_1_2146' title='bbox 1436 3420 1455 3440; x_wconf 92' lang='lat' dir='ltr'>o</span> <span class='ocrx_word' id='word_1_2147' title='bbox 1465 3434 1473 3447; x_wconf 91' lang='lat'>,</span> <span class='ocrx_word' id='word_1_2148' title='bbox 1492 3414 1560 3440; x_wconf 73' lang='lat' dir='ltr'>onis.</span> <span class='ocrx_word' id='word_1_2149' title='bbox 1586 3413 1607 3440; x_wconf 86' lang='lat' dir='ltr'>f.</span> <span class='ocrx_word' id='word_1_2150' title='bbox 1625 3414 1706 3442; x_wconf 80' lang='lat' dir='ltr'>Aliud</span> <span class='ocrx_word' id='word_1_2151' title='bbox 1718 3415 1830 3442; x_wconf 83' lang='lat' dir='ltr'>Denom.</span> <span class='ocrx_word' id='word_1_2152' title='bbox 1866 3416 1879 3449; x_wconf 89' lang='lat'>[</span> <span class='ocrx_word' id='word_1_2153' title='bbox 1885 3414 2043 3454; x_wconf 55' lang='grc' dir='ltr'>ἔιαφήμισις]</span> <span class='ocrx_word' id='word_1_2154' title='bbox 2079 3421 2163 3449; x_wconf 84' lang='lat' dir='ltr'>Plaut.</span> 
     </span>
     <span class='ocr_line' id='line_1_217' title="bbox 1123 3450 2162 3485; baseline 0.009 -11"><span class='ocrx_word' id='word_1_2155' title='bbox 1123 3452 1206 3478; x_wconf 74' lang='lat' dir='ltr'>Trin.</span> <span class='ocrx_word' id='word_1_2156' title='bbox 1221 3460 1244 3483; x_wconf 79' lang='lat'>3,</span> <span class='ocrx_word' id='word_1_2157' title='bbox 1258 3459 1283 3483; x_wconf 85' lang='lat'>2,</span> <span class='ocrx_word' id='word_1_2158' title='bbox 1297 3452 1332 3477; x_wconf 88' lang='lat'>66</span> <span class='ocrx_word' id='word_1_2159' title='bbox 1357 3451 1429 3476; x_wconf 83' lang='lat' dir='ltr'>Haec</span> <span class='ocrx_word' id='word_1_2160' title='bbox 1448 3450 1616 3483; x_wconf 83' lang='lat' dir='ltr'>famigeratio</span> <span class='ocrx_word' id='word_1_2161' title='bbox 1636 3456 1662 3476; x_wconf 89' lang='lat' dir='ltr'>te</span> <span class='ocrx_word' id='word_1_2162' title='bbox 1681 3450 1814 3482; x_wconf 81' lang='lat' dir='ltr'>honestet,</span> <span class='ocrx_word' id='word_1_2163' title='bbox 1830 3460 1872 3477; x_wconf 89' lang='lat' dir='ltr'>me</span> <span class='ocrx_word' id='word_1_2164' title='bbox 1895 3458 1984 3479; x_wconf 86' lang='lat' dir='ltr'>autem</span> <span class='ocrx_word' id='word_1_2165' title='bbox 2007 3455 2162 3485; x_wconf 83' lang='lat' dir='ltr'>conlutulet.</span> 
     </span>
     <span class='ocr_line' id='line_1_218' title="bbox 1123 3484 1890 3522; baseline -0.001 -10"><span class='ocrx_word' id='word_1_2166' title='bbox 1123 3489 1192 3522; x_wconf 70' lang='lat' dir='ltr'>Qeae</span> <span class='ocrx_word' id='word_1_2167' title='bbox 1207 3487 1252 3512; x_wconf 83' lang='lat' dir='ltr'>duo</span> <span class='ocrx_word' id='word_1_2168' title='bbox 1264 3488 1363 3512; x_wconf 79' lang='lat' dir='ltr'>nomina</span> <span class='ocrx_word' id='word_1_2169' title='bbox 1378 3486 1482 3512; x_wconf 80' lang='lat' dir='ltr'>Plautus</span> <span class='ocrx_word' id='word_1_2170' title='bbox 1493 3486 1542 3521; x_wconf 83' lang='lat' dir='ltr'>suo</span> <span class='ocrx_word' id='word_1_2171' title='bbox 1555 3495 1620 3512; x_wconf 81' lang='lat' dir='ltr'>more</span> <span class='ocrx_word' id='word_1_2172' title='bbox 1633 3484 1749 3520; x_wconf 65' lang='lat' dir='ltr'>effinxiffi&#39;</span> <span class='ocrx_word' id='word_1_2173' title='bbox 1769 3487 1836 3521; x_wconf 72' lang='lat' dir='ltr'>visits</span> <span class='ocrx_word' id='word_1_2174' title='bbox 1848 3484 1890 3518; x_wconf 74' lang='lat' dir='ltr'>cst.</span> 
     </span>
    </p>

    <p class='ocr_par' dir='ltr' id='par_1_58' title="bbox 1124 3519 2163 3663">
     <span class='ocr_line' id='line_1_219' title="bbox 1160 3519 2163 3563; baseline 0.002 -15"><span class='ocrx_word' id='word_1_2175' title='bbox 1160 3528 1177 3548; x_wconf 82' lang='lat' dir='ltr'>F</span> <span class='ocrx_word' id='word_1_2176' title='bbox 1186 3529 1207 3548; x_wconf 85' lang='lat' dir='ltr'>A</span> <span class='ocrx_word' id='word_1_2177' title='bbox 1218 3529 1242 3548; x_wconf 89' lang='lat' dir='ltr'>M</span> <span class='ocrx_word' id='word_1_2178' title='bbox 1250 3529 1260 3548; x_wconf 91' lang='lat'>1</span> <span class='ocrx_word' id='word_1_2179' title='bbox 1268 3528 1289 3548; x_wconf 95' lang='lat' dir='ltr'><strong>G</strong></span> <span class='ocrx_word' id='word_1_2180' title='bbox 1299 3528 1316 3547; x_wconf 81' lang='lat' dir='ltr'>E</span> <span class='ocrx_word' id='word_1_2181' title='bbox 1325 3528 1343 3547; x_wconf 87' lang='lat' dir='ltr'>R</span> <span class='ocrx_word' id='word_1_2182' title='bbox 1352 3527 1372 3547; x_wconf 87' lang='lat' dir='ltr'>A</span> <span class='ocrx_word' id='word_1_2183' title='bbox 1383 3528 1398 3547; x_wconf 85' lang='grc' dir='ltr'>Β</span> <span class='ocrx_word' id='word_1_2184' title='bbox 1408 3528 1417 3546; x_wconf 93' lang='lat'>1</span> <span class='ocrx_word' id='word_1_2185' title='bbox 1427 3528 1443 3547; x_wconf 86' lang='lat' dir='ltr'>L</span> <span class='ocrx_word' id='word_1_2186' title='bbox 1452 3527 1461 3546; x_wconf 80' lang='lat'>1</span> <span class='ocrx_word' id='word_1_2187' title='bbox 1470 3528 1482 3547; x_wconf 88' lang='lat' dir='ltr'>S</span> <span class='ocrx_word' id='word_1_2188' title='bbox 1491 3540 1499 3552; x_wconf 94' lang='lat'>,</span> <span class='ocrx_word' id='word_1_2189' title='bbox 1519 3529 1542 3546; x_wconf 87' lang='lat' dir='ltr'>e.</span> <span class='ocrx_word' id='word_1_2190' title='bbox 1580 3521 1639 3547; x_wconf 88' lang='lat' dir='ltr'>Adi.</span> <span class='ocrx_word' id='word_1_2191' title='bbox 1677 3519 1838 3555; x_wconf 50' lang='lat' dir='ltr'>[smmum]</span> <span class='ocrx_word' id='word_1_2192' title='bbox 1874 3521 1979 3548; x_wconf 65' lang='lat' dir='ltr'>Celebris</span> <span class='ocrx_word' id='word_1_2193' title='bbox 1988 3543 1995 3555; x_wconf 84' lang='lat'>,</span> <span class='ocrx_word' id='word_1_2194' title='bbox 2012 3523 2163 3563; x_wconf 51' lang='lat' dir='ltr'>clarus-‚sm</span> 
     </span>
     <span class='ocr_line' id='line_1_220' title="bbox 1124 3556 2163 3597; baseline 0.004 -14"><span class='ocrx_word' id='word_1_2195' title='bbox 1124 3566 1162 3583; x_wconf 79' lang='lat' dir='ltr'>ma</span> <span class='ocrx_word' id='word_1_2196' title='bbox 1176 3564 1256 3583; x_wconf 82' lang='lat' dir='ltr'>notus.</span> <span class='ocrx_word' id='word_1_2197' title='bbox 1292 3556 1369 3590; x_wconf 90' lang='lat' dir='ltr'>Apul.</span> <span class='ocrx_word' id='word_1_2198' title='bbox 1383 3557 1446 3582; x_wconf 85' lang='lat' dir='ltr'>Met.</span> <span class='ocrx_word' id='word_1_2199' title='bbox 1462 3564 1471 3582; x_wconf 86' lang='lat'>1</span> <span class='ocrx_word' id='word_1_2200' title='bbox 1485 3565 1508 3590; x_wconf 90' lang='lat' dir='ltr'>p.</span> <span class='ocrx_word' id='word_1_2201' title='bbox 1524 3563 1576 3589; x_wconf 74' lang='lat'>103,</span> <span class='ocrx_word' id='word_1_2202' title='bbox 1591 3559 1619 3582; x_wconf 88' lang='lat'>16</span> <span class='ocrx_word' id='word_1_2203' title='bbox 1644 3557 1711 3582; x_wconf 89' lang='lat' dir='ltr'>Dum</span> <span class='ocrx_word' id='word_1_2204' title='bbox 1727 3556 1888 3590; x_wconf 85' lang='lat' dir='ltr'>voluptatem</span> <span class='ocrx_word' id='word_1_2205' title='bbox 1902 3558 2054 3592; x_wconf 84' lang='lat' dir='ltr'>gladiatorii</span> <span class='ocrx_word' id='word_1_2206' title='bbox 2068 3563 2163 3597; x_wconf 66' lang='lat' dir='ltr'>specta.</span> 
     </span>
     <span class='ocr_line' id='line_1_221' title="bbox 1674 3591 2163 3633; baseline 0.012 -17"><span class='ocrx_word' id='word_1_2207' title='bbox 1674 3591 1804 3617; x_wconf 85' lang='lat' dir='ltr'>Praeliinn</span> <span class='ocrx_word' id='word_1_2208' title='bbox 1823 3591 2008 3627; x_wconf 83' lang='lat' dir='ltr'>famigerabile</span> <span class='ocrx_word' id='word_1_2209' title='bbox 2017 3616 2025 3628; x_wconf 86' lang='lat'>,</span> <span class='ocrx_word' id='word_1_2210' title='bbox 2038 3599 2105 3633; x_wconf 73' lang='lat' dir='ltr'>apud</span> <span class='ocrx_word' id='word_1_2211' title='bbox 2117 3601 2163 3625; x_wconf 85' lang='lat' dir='ltr'>Ze-</span> 
     </span>
     <span class='ocr_line' id='line_1_222' title="bbox 1124 3626 2058 3663; baseline 0.005 -10"><span class='ocrx_word' id='word_1_2212' title='bbox 1124 3636 1187 3653; x_wconf 92' lang='lat' dir='ltr'>non.</span> <span class='ocrx_word' id='word_1_2213' title='bbox 1225 3630 1316 3653; x_wconf 71' lang='lat' dir='ltr'>Iterum</span> <span class='ocrx_word' id='word_1_2214' title='bbox 1336 3626 1413 3661; x_wconf 91' lang='lat' dir='ltr'>Apul.</span> <span class='ocrx_word' id='word_1_2215' title='bbox 1427 3626 1512 3652; x_wconf 89' lang='lat' dir='ltr'>Miles.</span> <span class='ocrx_word' id='word_1_2216' title='bbox 1528 3636 1544 3653; x_wconf 78' lang='lat'>2</span> <span class='ocrx_word' id='word_1_2217' title='bbox 1562 3636 1586 3660; x_wconf 92' lang='lat' dir='ltr'>p.</span> <span class='ocrx_word' id='word_1_2218' title='bbox 1603 3635 1658 3657; x_wconf 85' lang='lat'>124,</span> <span class='ocrx_word' id='word_1_2219' title='bbox 1673 3634 1686 3658; x_wconf 71' lang='grc' dir='ltr'><strong><em>ς</em></strong></span> <span class='ocrx_word' id='word_1_2220' title='bbox 1706 3626 1844 3652; x_wconf 86' lang='lat' dir='ltr'>Prouincia</span> <span class='ocrx_word' id='word_1_2221' title='bbox 1858 3627 2058 3663; x_wconf 81' lang='lat' dir='ltr'>famigerabilis.</span> 
     </span>
    </p>

    <p class='ocr_par' dir='ltr' id='par_1_59' title="bbox 1122 3661 2160 3729">
     <span class='ocr_line' id='line_1_223' title="bbox 1157 3661 2160 3696; baseline 0.008 -9"><span class='ocrx_word' id='word_1_2222' title='bbox 1157 3669 1305 3692; x_wconf 79' lang='lat' dir='ltr'>FAMEL,</span> <span class='ocrx_word' id='word_1_2223' title='bbox 1325 3662 1393 3695; x_wconf 89' lang='lat' dir='ltr'>apud</span> <span class='ocrx_word' id='word_1_2224' title='bbox 1413 3663 1494 3688; x_wconf 87' lang='lat' dir='ltr'>Oscos</span> <span class='ocrx_word' id='word_1_2225' title='bbox 1508 3663 1602 3688; x_wconf 84' lang='lat' dir='ltr'>Seruus</span> <span class='ocrx_word' id='word_1_2226' title='bbox 1622 3661 1772 3688; x_wconf 83' lang='lat' dir='ltr'>dicebatur:</span> <span class='ocrx_word' id='word_1_2227' title='bbox 1794 3662 1863 3689; x_wconf 87' lang='lat' dir='ltr'>vnde</span> <span class='ocrx_word' id='word_1_2228' title='bbox 1882 3672 1909 3690; x_wconf 88' lang='lat' dir='ltr'>et</span> <span class='ocrx_word' id='word_1_2229' title='bbox 1928 3666 2040 3693; x_wconf 79' lang='lat' dir='ltr'>Familia</span> <span class='ocrx_word' id='word_1_2230' title='bbox 2059 3675 2160 3696; x_wconf 75' lang='lat' dir='ltr'>vocata.</span> 
     </span>
     <span class='ocr_line' id='line_1_224' title="bbox 1122 3697 1689 3729; baseline 0.002 -6"><span class='ocrx_word' id='word_1_2231' title='bbox 1122 3698 1223 3729; x_wconf 78' lang='lat' dir='ltr'>Festus,</span> <span class='ocrx_word' id='word_1_2232' title='bbox 1246 3706 1302 3723; x_wconf 75' lang='lat' dir='ltr'>uoce</span> <span class='ocrx_word' id='word_1_2233' title='bbox 1322 3697 1455 3723; x_wconf 86' lang='lat' dir='ltr'>Famulus.</span> <span class='ocrx_word' id='word_1_2234' title='bbox 1688 3702 1689 3705; x_wconf 79' lang='grc'>’</span> 
     </span>
    </p>

    <p class='ocr_par' dir='ltr' id='par_1_60' title="bbox 1159 3729 1802 3764">
     <span class='ocr_line' id='line_1_225' title="bbox 1159 3729 1802 3764; baseline 0 -6"><span class='ocrx_word' id='word_1_2235' title='bbox 1159 3739 1173 3758; x_wconf 67' lang='grc' dir='ltr'>κ’</span> <span class='ocrx_word' id='word_1_2236' title='bbox 1183 3740 1203 3759; x_wconf 84' lang='grc' dir='ltr'>Α</span> <span class='ocrx_word' id='word_1_2237' title='bbox 1212 3739 1262 3761; x_wconf 80' lang='lat' dir='ltr'>ME</span> <span class='ocrx_word' id='word_1_2238' title='bbox 1272 3739 1287 3757; x_wconf 85' lang='lat' dir='ltr'>L</span> <span class='ocrx_word' id='word_1_2239' title='bbox 1298 3738 1313 3757; x_wconf 84' lang='lat' dir='ltr'>L</span> <span class='ocrx_word' id='word_1_2240' title='bbox 1322 3740 1353 3759; x_wconf 84' lang='lat' dir='ltr'>A.</span> <span class='ocrx_word' id='word_1_2241' title='bbox 1391 3733 1492 3758; x_wconf 84' lang='lat' dir='ltr'>Dimin.</span> <span class='ocrx_word' id='word_1_2242' title='bbox 1517 3732 1545 3758; x_wconf 90' lang='lat' dir='ltr'>A</span> <span class='ocrx_word' id='word_1_2243' title='bbox 1557 3732 1634 3758; x_wconf 86' lang='lat' dir='ltr'>Fama</span> <span class='ocrx_word' id='word_1_2244' title='bbox 1646 3729 1704 3764; x_wconf 61' lang='lat' dir='ltr'>tel&#39;le</span> <span class='ocrx_word' id='word_1_2245' title='bbox 1717 3732 1802 3759; x_wconf 86' lang='lat' dir='ltr'>Festo.</span> 
     </span>
    </p>
   </div>
   <div class='ocr_carea' id='block_1_47' title="bbox 332 3766 1548 3805">
    <p class='ocr_par' dir='ltr' id='par_1_61' title="bbox 332 3766 1548 3805">
     <span class='ocr_line' id='line_1_226' title="bbox 332 3766 1548 3805; baseline -0.002 -10"><span class='ocrx_word' id='word_1_2246' title='bbox 332 3766 422 3792; x_wconf 86' lang='lat' dir='ltr'>Tacit.</span> <span class='ocrx_word' id='word_1_2247' title='bbox 437 3767 503 3791; x_wconf 80' lang='lat' dir='ltr'>Arm·</span> <span class='ocrx_word' id='word_1_2248' title='bbox 519 3775 553 3800; x_wconf 72' lang='lat'>15,</span> <span class='ocrx_word' id='word_1_2249' title='bbox 565 3777 599 3800; x_wconf 82' lang='lat'>49</span> <span class='ocrx_word' id='word_1_2250' title='bbox 626 3771 758 3804; x_wconf 82' lang='lat' dir='ltr'>Lucanum</span> <span class='ocrx_word' id='word_1_2251' title='bbox 779 3772 902 3805; x_wconf 87' lang='lat' dir='ltr'>propriae</span> <span class='ocrx_word' id='word_1_2252' title='bbox 915 3771 1005 3797; x_wconf 90' lang='lat' dir='ltr'>causae</span> <span class='ocrx_word' id='word_1_2253' title='bbox 1019 3779 1059 3796; x_wconf 88' lang='lat' dir='ltr'>ac·</span> <span class='ocrx_word' id='word_1_2254' title='bbox 1069 3777 1116 3796; x_wconf 89' lang='lat'>100</span> <span class='ocrx_word' id='word_1_2255' title='bbox 1159 3774 1175 3794; x_wconf 85' lang='lat' dir='ltr'><strong>F</strong></span> <span class='ocrx_word' id='word_1_2256' title='bbox 1187 3775 1208 3794; x_wconf 89' lang='lat' dir='ltr'>A</span> <span class='ocrx_word' id='word_1_2257' title='bbox 1218 3775 1242 3794; x_wconf 88' lang='lat' dir='ltr'><strong>M</strong></span> <span class='ocrx_word' id='word_1_2258' title='bbox 1252 3774 1299 3794; x_wconf 84' lang='grc' dir='ltr'>ΕΝ</span> <span class='ocrx_word' id='word_1_2259' title='bbox 1310 3789 1319 3803; x_wconf 84' lang='grc'><strong>,</strong></span> <span class='ocrx_word' id='word_1_2260' title='bbox 1355 3767 1408 3794; x_wconf 83' lang='lat' dir='ltr'>vid.</span> <span class='ocrx_word' id='word_1_2261' title='bbox 1444 3774 1460 3794; x_wconf 79' lang='lat' dir='ltr'>F</span> <span class='ocrx_word' id='word_1_2262' title='bbox 1469 3775 1489 3794; x_wconf 89' lang='lat' dir='ltr'>A</span> <span class='ocrx_word' id='word_1_2263' title='bbox 1500 3774 1518 3793; x_wconf 78' lang='lat' dir='ltr'>R</span> <span class='ocrx_word' id='word_1_2264' title='bbox 1528 3773 1548 3791; x_wconf 84' lang='lat'>1-</span> 
     </span>
    </p>
   </div>
   <div class='ocr_carea' id='block_1_48' title="bbox 1158 3801 2153 3841">
    <p class='ocr_par' dir='ltr' id='par_1_62' title="bbox 1158 3801 2153 3841">
     <span class='ocr_line' id='line_1_227' title="bbox 1158 3801 2153 3841; baseline 0.01 -19"><span class='ocrx_word' id='word_1_2265' title='bbox 1158 3809 1306 3835; x_wconf 76' lang='lat' dir='ltr'>FAMES,</span> <span class='ocrx_word' id='word_1_2266' title='bbox 1329 3803 1360 3830; x_wconf 75' lang='lat' dir='ltr'>is,</span> <span class='ocrx_word' id='word_1_2267' title='bbox 1381 3803 1400 3829; x_wconf 78' lang='lat' dir='ltr'>f,</span> <span class='ocrx_word' id='word_1_2268' title='bbox 1437 3802 1544 3836; x_wconf 73' lang='grc' dir='ltr'>[λιμὸς,</span> <span class='ocrx_word' id='word_1_2269' title='bbox 1567 3802 1652 3835; x_wconf 77' lang='grc' dir='ltr'>πεῖνα]</span> <span class='ocrx_word' id='word_1_2270' title='bbox 1688 3801 1783 3829; x_wconf 78' lang='lat' dir='ltr'>Edendi</span> <span class='ocrx_word' id='word_1_2271' title='bbox 1805 3804 1947 3839; x_wconf 59' lang='lat' dir='ltr'>cupiditas,</span> <span class='ocrx_word' id='word_1_2272' title='bbox 1976 3809 2017 3833; x_wconf 80' lang='lat' dir='ltr'>&#39;uel</span> <span class='ocrx_word' id='word_1_2273' title='bbox 2042 3805 2153 3841; x_wconf 71' lang='lat' dir='ltr'>cIefeHus</span> 
     </span>
    </p>
   </div>
   <div class='ocr_carea' id='block_1_49' title="bbox 1118 3836 2157 3944">
    <p class='ocr_par' dir='ltr' id='par_1_63' title="bbox 1118 3836 2157 3944">
     <span class='ocr_line' id='line_1_228' title="bbox 1118 3836 2157 3875; baseline 0.004 -11"><span class='ocrx_word' id='word_1_2274' title='bbox 1118 3839 1167 3865; x_wconf 74' lang='lat' dir='ltr'>cibi</span> <span class='ocrx_word' id='word_1_2275' title='bbox 1187 3838 1257 3869; x_wconf 62' lang='lat' dir='ltr'>tideo,</span> <span class='ocrx_word' id='word_1_2276' title='bbox 1276 3838 1341 3873; x_wconf 81' lang='lat' dir='ltr'>quod</span> <span class='ocrx_word' id='word_1_2277' title='bbox 1351 3838 1474 3864; x_wconf 71' lang='lat' dir='ltr'>interdum</span> <span class='ocrx_word' id='word_1_2278' title='bbox 1489 3836 1529 3869; x_wconf 77' lang='lat' dir='ltr'>fin</span> <span class='ocrx_word' id='word_1_2279' title='bbox 1550 3838 1643 3862; x_wconf 70' lang='lat' dir='ltr'>illorum</span> <span class='ocrx_word' id='word_1_2280' title='bbox 1656 3838 1832 3864; x_wconf 77' lang='lat' dir='ltr'>incommodum</span> <span class='ocrx_word' id='word_1_2281' title='bbox 1851 3839 1901 3873; x_wconf 75' lang='lat' dir='ltr'>est,</span> <span class='ocrx_word' id='word_1_2282' title='bbox 1921 3842 2043 3867; x_wconf 63' lang='lat' dir='ltr'>interdum</span> <span class='ocrx_word' id='word_1_2283' title='bbox 2055 3842 2157 3875; x_wconf 72' lang='lat' dir='ltr'>publica</span> 
     </span>
     <span class='ocr_line' id='line_1_229' title="bbox 1118 3872 2061 3906; baseline 0.001 -6"><span class='ocrx_word' id='word_1_2284' title='bbox 1118 3876 1256 3900; x_wconf 65' lang='lat' dir='ltr'>calamitas.</span> <span class='ocrx_word' id='word_1_2285' title='bbox 1290 3873 1356 3899; x_wconf 86' lang='lat' dir='ltr'>Plin.</span> <span class='ocrx_word' id='word_1_2286' title='bbox 1371 3882 1409 3905; x_wconf 89' lang='lat'>10,</span> <span class='ocrx_word' id='word_1_2287' title='bbox 1422 3880 1453 3906; x_wconf 85' lang='lat'>72</span> <span class='ocrx_word' id='word_1_2288' title='bbox 1478 3872 1531 3898; x_wconf 88' lang='lat' dir='ltr'>Nul</span> <span class='ocrx_word' id='word_1_2289' title='bbox 1546 3881 1590 3897; x_wconf 92' lang='lat' dir='ltr'>um</span> <span class='ocrx_word' id='word_1_2290' title='bbox 1604 3872 1697 3898; x_wconf 88' lang='lat' dir='ltr'>interit</span> <span class='ocrx_word' id='word_1_2291' title='bbox 1704 3873 1773 3899; x_wconf 80' lang='lat' dir='ltr'>same</span> <span class='ocrx_word' id='word_1_2292' title='bbox 1785 3880 1830 3900; x_wconf 87' lang='lat' dir='ltr'>aut</span> <span class='ocrx_word' id='word_1_2293' title='bbox 1844 3875 1884 3902; x_wconf 86' lang='lat' dir='ltr'>siti</span> <span class='ocrx_word' id='word_1_2294' title='bbox 1898 3883 2061 3902; x_wconf 79' lang='lat' dir='ltr'>venenatum.</span> 
     </span>
     <span class='ocr_line' id='line_1_230' title="bbox 1120 3907 2156 3944; baseline 0.001 -8"><span class='ocrx_word' id='word_1_2295' title='bbox 1120 3911 1191 3936; x_wconf 84' lang='lat' dir='ltr'>Fani.</span> <span class='ocrx_word' id='word_1_2296' title='bbox 1207 3918 1244 3941; x_wconf 80' lang='lat'>14,</span> <span class='ocrx_word' id='word_1_2297' title='bbox 1258 3917 1288 3942; x_wconf 88' lang='lat'>14</span> <span class='ocrx_word' id='word_1_2298' title='bbox 1313 3909 1398 3934; x_wconf 87' lang='lat' dir='ltr'>Etiam</span> <span class='ocrx_word' id='word_1_2299' title='bbox 1417 3907 1486 3933; x_wconf 89' lang='lat' dir='ltr'>illud</span> <span class='ocrx_word' id='word_1_2300' title='bbox 1504 3907 1647 3933; x_wconf 86' lang='lat' dir='ltr'>verendum</span> <span class='ocrx_word' id='word_1_2301' title='bbox 1666 3908 1718 3941; x_wconf 89' lang='lat' dir='ltr'>est,</span> <span class='ocrx_word' id='word_1_2302' title='bbox 1739 3918 1772 3935; x_wconf 87' lang='lat' dir='ltr'>ne</span> <span class='ocrx_word' id='word_1_2303' title='bbox 1792 3910 1870 3937; x_wconf 87' lang='lat' dir='ltr'>breui</span> <span class='ocrx_word' id='word_1_2304' title='bbox 1889 3917 2006 3944; x_wconf 77' lang='lat' dir='ltr'>tempore</span> <span class='ocrx_word' id='word_1_2305' title='bbox 2026 3910 2106 3937; x_wconf 85' lang='lat' dir='ltr'>fames</span> <span class='ocrx_word' id='word_1_2306' title='bbox 2128 3912 2156 3937; x_wconf 90' lang='lat' dir='ltr'>in</span> 
     </span>
    </p>
   </div>
   <div class='ocr_carea' id='block_1_50' title="bbox 2098 3878 2155 3902">
    <p class='ocr_par' dir='ltr' id='par_1_64' title="bbox 2098 3878 2155 3902">
     <span class='ocr_line' id='line_1_231' title="bbox 2098 3878 2155 3902; baseline -0.018 0"><span class='ocrx_word' id='word_1_2307' title='bbox 2098 3878 2155 3902; x_wconf 85' lang='lat' dir='ltr'>Cic.</span> 
     </span>
    </p>
   </div>
   <div class='ocr_carea' id='block_1_51' title="bbox 1307 3942 2155 4007">
    <p class='ocr_par' dir='ltr' id='par_1_65' title="bbox 1307 3942 2155 4007">
     <span class='ocr_line' id='line_1_232' title="bbox 1307 3942 2154 3980; baseline 0.002 -10"><span class='ocrx_word' id='word_1_2308' title='bbox 1307 3944 1362 3970; x_wconf 88' lang='lat' dir='ltr'>Ora</span> <span class='ocrx_word' id='word_1_2309' title='bbox 1380 3942 1478 3978; x_wconf 89' lang='lat' dir='ltr'>pallida</span> <span class='ocrx_word' id='word_1_2310' title='bbox 1495 3943 1565 3969; x_wconf 82' lang='lat' dir='ltr'>fame</span> <span class='ocrx_word' id='word_1_2311' title='bbox 1583 3943 1657 3978; x_wconf 85' lang='lat' dir='ltr'>Virg.</span> <span class='ocrx_word' id='word_1_2312' title='bbox 1672 3945 1737 3972; x_wconf 82' lang='lat' dir='ltr'>Aen.</span> <span class='ocrx_word' id='word_1_2313' title='bbox 1750 3953 1774 3977; x_wconf 79' lang='grc'>3,</span> <span class='ocrx_word' id='word_1_2314' title='bbox 1787 3953 1841 3980; x_wconf 79' lang='lat'>217.</span> <span class='ocrx_word' id='word_1_2315' title='bbox 1911 3946 1941 3971; x_wconf 75' lang='lat' dir='ltr'>ln</span> <span class='ocrx_word' id='word_1_2316' title='bbox 1960 3945 2028 3971; x_wconf 74' lang='lat' dir='ltr'>fame</span> <span class='ocrx_word' id='word_1_2317' title='bbox 2041 3945 2154 3973; x_wconf 83' lang='lat' dir='ltr'>frumen-</span> 
     </span>
     <span class='ocr_line' id='line_1_233' title="bbox 1314 3979 2155 4007; baseline 0.004 -3"><span class='ocrx_word' id='word_1_2318' title='bbox 1314 3979 1334 4004; x_wconf 78' lang='lat' dir='ltr'>F</span> <span class='ocrx_word' id='word_1_2319' title='bbox 1346 3979 1361 4004; x_wconf 90' lang='lat' dir='ltr'>f</span> <span class='ocrx_word' id='word_1_2320' title='bbox 1377 3979 1413 4004; x_wconf 84' lang='lat' dir='ltr'>ff</span> <span class='ocrx_word' id='word_1_2321' title='bbox 1445 3986 1460 4004; x_wconf 85' lang='lat'>2</span> <span class='ocrx_word' id='word_1_2322' title='bbox 2099 3987 2155 4007; x_wconf 82' lang='lat' dir='ltr'>tum</span> 
     </span>
    </p>
   </div>
  </div>
 </body>
</html>
