<?xml version="1.0" encoding="UTF-8"?>
<!DOCTYPE html PUBLIC "-//W3C//DTD XHTML 1.0 Transitional//EN"
    "http://www.w3.org/TR/xhtml1/DTD/xhtml1-transitional.dtd">
<html xmlns="http://www.w3.org/1999/xhtml" xml:lang="en" lang="en">
 <head>
  <title>
</title>
<meta http-equiv="Content-Type" content="text/html;charset=utf-8" />
  <meta name='ocr-system' content='tesseract 3.04.00' />
  <meta name='ocr-capabilities' content='ocr_page ocr_carea ocr_par ocr_line ocrx_word'/>
</head>
<body>
  <div class='ocr_page' id='page_1' title='image "./novuslinguaeeter02gesn_0376.png"; bbox 0 0 2479 4225; ppageno 0'>
   <div class='ocr_carea' id='block_1_1' title="bbox 266 141 923 209">
    <p class='ocr_par' dir='ltr' id='par_1_1' title="bbox 266 141 923 209">
     <span class='ocr_line' id='line_1_1' title="bbox 266 141 923 209; baseline -0.008 -18"><span class='ocrx_word' id='word_1_1' title='bbox 266 169 333 209; x_wconf 82' lang='lat'>723</span> <span class='ocrx_word' id='word_1_2' title='bbox 649 141 923 189; x_wconf 83' lang='lat' dir='ltr'>FoR</span> 
     </span>
    </p>
   </div>
   <div class='ocr_carea' id='block_1_2' title="bbox 267 228 1303 315">
    <p class='ocr_par' dir='ltr' id='par_1_2' title="bbox 267 228 1303 315">
     <span class='ocr_line' id='line_1_2' title="bbox 267 228 1300 274; baseline -0.021 -2"><span class='ocrx_word' id='word_1_3' title='bbox 267 245 343 273; x_wconf 79' lang='lat' dir='ltr'>dine.</span> <span class='ocrx_word' id='word_1_4' title='bbox 362 243 456 269; x_wconf 82' lang='lat' dir='ltr'>Fortax</span> <span class='ocrx_word' id='word_1_5' title='bbox 470 241 522 267; x_wconf 79' lang='lat' dir='ltr'>dici</span> <span class='ocrx_word' id='word_1_6' title='bbox 541 239 656 266; x_wconf 70' lang='lat' dir='ltr'>videtur:</span> <span class='ocrx_word' id='word_1_7' title='bbox 676 246 721 273; x_wconf 83' lang='lat' dir='ltr'>quo</span> <span class='ocrx_word' id='word_1_8' title='bbox 734 233 805 262; x_wconf 74' lang='lat' dir='ltr'>verbo</span> <span class='ocrx_word' id='word_1_9' title='bbox 823 228 930 266; x_wconf 78' lang='lat' dir='ltr'>censetur</span> <span class='ocrx_word' id='word_1_10' title='bbox 941 231 1009 274; x_wconf 45' lang='lat' dir='ltr'>{titus</span> <span class='ocrx_word' id='word_1_11' title='bbox 1021 229 1085 253; x_wconf 73' lang='lat' dir='ltr'>imus</span> <span class='ocrx_word' id='word_1_12' title='bbox 1104 228 1196 269; x_wconf 65' lang='lat' dir='ltr'>camini</span> <span class='ocrx_word' id='word_1_13' title='bbox 1212 233 1300 268; x_wconf 56' lang='lat' dir='ltr'>gyrus,</span> 
     </span>
     <span class='ocr_line' id='line_1_3' title="bbox 267 263 1303 315; baseline -0.019 -9"><span class='ocrx_word' id='word_1_14' title='bbox 267 287 291 307; x_wconf 81' lang='lat' dir='ltr'>et</span> <span class='ocrx_word' id='word_1_15' title='bbox 306 280 356 315; x_wconf 87' lang='lat' dir='ltr'>soli</span> <span class='ocrx_word' id='word_1_16' title='bbox 369 283 529 313; x_wconf 76' lang='lat' dir='ltr'>tegumentum</span> <span class='ocrx_word' id='word_1_17' title='bbox 538 278 731 311; x_wconf 79' lang='lat' dir='ltr'>pauimentatum</span> <span class='ocrx_word' id='word_1_18' title='bbox 744 276 767 296; x_wconf 78' lang='lat' dir='ltr'>et</span> <span class='ocrx_word' id='word_1_19' title='bbox 773 268 884 304; x_wconf 79' lang='lat' dir='ltr'>saxeum.</span> <span class='ocrx_word' id='word_1_20' title='bbox 904 264 992 299; x_wconf 64' lang='grc' dir='ltr'>θαρρος</span> <span class='ocrx_word' id='word_1_21' title='bbox 1009 272 1026 290; x_wconf 87' lang='lat' dir='ltr'>a</span> <span class='ocrx_word' id='word_1_22' title='bbox 1038 263 1140 289; x_wconf 69' lang='lat' dir='ltr'>Graecas</span> <span class='ocrx_word' id='word_1_23' title='bbox 1160 270 1245 288; x_wconf 69' lang='lat' dir='ltr'>vocari</span> <span class='ocrx_word' id='word_1_24' title='bbox 1264 270 1303 287; x_wconf 86' lang='grc' dir='ltr'>υι-</span> 
     </span>
    </p>
   </div>
   <div class='ocr_carea' id='block_1_3' title="bbox 270 297 1304 384">
    <p class='ocr_par' dir='ltr' id='par_1_3' title="bbox 270 297 1304 384">
     <span class='ocr_line' id='line_1_4' title="bbox 271 297 1300 348; baseline -0.02 -7"><span class='ocrx_word' id='word_1_25' title='bbox 271 316 350 342; x_wconf 80' lang='lat' dir='ltr'>detur.</span> <span class='ocrx_word' id='word_1_26' title='bbox 387 312 540 348; x_wconf 71' lang='lat' dir='ltr'>Hesjechius,</span> <span class='ocrx_word' id='word_1_27' title='bbox 563 309 667 346; x_wconf 65' lang='grc' dir='ltr'>θαῤῥός,</span> <span class='ocrx_word' id='word_1_28' title='bbox 688 306 754 332; x_wconf 67' lang='grc' dir='ltr'><em>λίθος</em></span> <span class='ocrx_word' id='word_1_29' title='bbox 779 302 791 328; x_wconf 83' lang='lat' dir='ltr'>o‘</span> <span class='ocrx_word' id='word_1_30' title='bbox 810 300 876 325; x_wconf 73' lang='grc' dir='ltr'><strong><em>καίτοι</em></strong></span> <span class='ocrx_word' id='word_1_31' title='bbox 896 299 1020 331; x_wconf 67' lang='grc' dir='ltr'><strong><em>τιθέμενος</em></strong></span> <span class='ocrx_word' id='word_1_32' title='bbox 1038 299 1059 323; x_wconf 77' lang='grc' dir='ltr'>ἒν</span> <span class='ocrx_word' id='word_1_33' title='bbox 1077 298 1112 339; x_wconf 54' lang='grc' dir='ltr'>τῷ</span> <span class='ocrx_word' id='word_1_34' title='bbox 1132 297 1191 338; x_wconf 36' lang='lat' dir='ltr'>imi?-</span> <span class='ocrx_word' id='word_1_35' title='bbox 1207 297 1229 322; x_wconf 77' lang='grc' dir='ltr'>ἔν</span> <span class='ocrx_word' id='word_1_36' title='bbox 1253 299 1300 322; x_wconf 81' lang='grc' dir='ltr'><em>τοῖς</em></span> 
     </span>
     <span class='ocr_line' id='line_1_5' title="bbox 270 330 1304 384; baseline -0.019 -8"><span class='ocrx_word' id='word_1_37' title='bbox 270 349 432 384; x_wconf 75' lang='grc' dir='ltr'>μεταλλεῦσι.</span> <span class='ocrx_word' id='word_1_38' title='bbox 471 348 537 373; x_wconf 79' lang='lat' dir='ltr'>Haec</span> <span class='ocrx_word' id='word_1_39' title='bbox 561 344 666 372; x_wconf 71' lang='lat' dir='ltr'>Turncb.</span> <span class='ocrx_word' id='word_1_40' title='bbox 681 341 764 367; x_wconf 72' lang='lat' dir='ltr'>Aduer</span> <span class='ocrx_word' id='word_1_41' title='bbox 777 357 783 362; x_wconf 92' lang='lat'>.</span> <span class='ocrx_word' id='word_1_42' title='bbox 802 345 835 366; x_wconf 83' lang='lat'>11,</span> <span class='ocrx_word' id='word_1_43' title='bbox 855 344 889 367; x_wconf 81' lang='lat'>13.</span> <span class='ocrx_word' id='word_1_44' title='bbox 926 336 980 361; x_wconf 83' lang='lat' dir='ltr'>Nec</span> <span class='ocrx_word' id='word_1_45' title='bbox 990 332 1047 370; x_wconf 79' lang='lat' dir='ltr'>post</span> <span class='ocrx_word' id='word_1_46' title='bbox 1059 332 1135 367; x_wconf 79' lang='lat' dir='ltr'>fust,</span> <span class='ocrx_word' id='word_1_47' title='bbox 1149 341 1189 368; x_wconf 84' lang='lat' dir='ltr'>qm</span> <span class='ocrx_word' id='word_1_48' title='bbox 1208 330 1304 357; x_wconf 78' lang='lat' dir='ltr'>doceret</span> 
     </span>
    </p>
   </div>
   <div class='ocr_carea' id='block_1_4' title="bbox 271 367 1342 425">
    <p class='ocr_par' dir='ltr' id='par_1_4' title="bbox 271 367 1342 425">
     <span class='ocr_line' id='line_1_6' title="bbox 271 367 1342 425; baseline -0.008 -15"><span class='ocrx_word' id='word_1_49' title='bbox 271 386 365 425; x_wconf 53' lang='lat' dir='ltr'>agelius.</span> <span class='ocrx_word' id='word_1_50' title='bbox 399 383 506 410; x_wconf 84' lang='lat' dir='ltr'>Conatus</span> <span class='ocrx_word' id='word_1_51' title='bbox 519 379 615 417; x_wconf 81' lang='lat' dir='ltr'>aliquid</span> <span class='ocrx_word' id='word_1_52' title='bbox 627 376 659 411; x_wconf 77' lang='lat' dir='ltr'>est</span> <span class='ocrx_word' id='word_1_53' title='bbox 672 378 747 402; x_wconf 77' lang='lat' dir='ltr'>Ponte</span> <span class='ocrx_word' id='word_1_54' title='bbox 767 392 773 398; x_wconf 90' lang='lat'><em>-</em></span> <span class='ocrx_word' id='word_1_55' title='bbox 787 368 891 406; x_wconf 51' lang='grc' dir='ltr'>ΗΠΒ-ἰ</span> <span class='ocrx_word' id='word_1_56' title='bbox 904 376 934 406; x_wconf 84' lang='lat' dir='ltr'>P·</span> <span class='ocrx_word' id='word_1_57' title='bbox 944 380 987 405; x_wconf 66' lang='lat'>51⁷</span> <span class='ocrx_word' id='word_1_58' title='bbox 1005 369 1069 405; x_wconf 56' lang='lat'>91‘0‘1</span> <span class='ocrx_word' id='word_1_59' title='bbox 1086 367 1185 403; x_wconf 60' lang='grc' dir='ltr'><strong><em>φόξταξ</em></strong></span> <span class='ocrx_word' id='word_1_60' title='bbox 1199 367 1305 393; x_wconf 61' lang='lat' dir='ltr'>baiulum</span> <span class='ocrx_word' id='word_1_61' title='bbox 1328 369 1342 396; x_wconf 81' lang='lat'>5</span> 
     </span>
    </p>
   </div>
   <div class='ocr_carea' id='block_1_5' title="bbox 276 439 1325 2069">
    <p class='ocr_par' dir='ltr' id='par_1_5' title="bbox 310 439 1132 484">
     <span class='ocr_line' id='line_1_7' title="bbox 310 439 1132 484; baseline -0.015 -7"><span class='ocrx_word' id='word_1_62' title='bbox 310 459 532 484; x_wconf 67' lang='lat' dir='ltr'>FORTvm-o,</span> <span class='ocrx_word' id='word_1_63' title='bbox 558 447 746 475; x_wconf 73' lang='grc' dir='ltr'>1-011Τν1τ</span> <span class='ocrx_word' id='word_1_64' title='bbox 758 448 816 472; x_wconf 87' lang='lat' dir='ltr'>vs,</span> <span class='ocrx_word' id='word_1_65' title='bbox 842 439 934 467; x_wconf 55' lang='grc' dir='ltr'>01111τ</span> <span class='ocrx_word' id='word_1_66' title='bbox 947 445 1132 467; x_wconf 79' lang='lat' dir='ltr'>ORTVNA.</span> 
     </span>
    </p>

    <p class='ocr_par' dir='ltr' id='par_1_6' title="bbox 276 473 1325 2069">
     <span class='ocr_line' id='line_1_8' title="bbox 313 473 1306 517; baseline -0.013 -6"><span class='ocrx_word' id='word_1_67' title='bbox 313 497 329 517; x_wconf 67' lang='grc' dir='ltr'>ρ</span> <span class='ocrx_word' id='word_1_68' title='bbox 340 496 386 517; x_wconf 61' lang='lat'>01&lt;</span> <span class='ocrx_word' id='word_1_69' title='bbox 399 495 420 515; x_wconf 82' lang='lat' dir='ltr'>T</span> <span class='ocrx_word' id='word_1_70' title='bbox 431 490 479 514; x_wconf 54' lang='lat' dir='ltr'>VN</span> <span class='ocrx_word' id='word_1_71' title='bbox 488 496 508 513; x_wconf 82' lang='lat' dir='ltr'>A</span> <span class='ocrx_word' id='word_1_72' title='bbox 543 493 580 511; x_wconf 84' lang='lat' dir='ltr'>ae.</span> <span class='ocrx_word' id='word_1_73' title='bbox 606 482 625 507; x_wconf 88' lang='lat' dir='ltr'>f.</span> <span class='ocrx_word' id='word_1_74' title='bbox 662 478 764 513; x_wconf 49' lang='lat' dir='ltr'>[nixib</span> <span class='ocrx_word' id='word_1_75' title='bbox 783 476 940 509; x_wconf 75' lang='grc' dir='ltr'>αὖτοματιά,</span> <span class='ocrx_word' id='word_1_76' title='bbox 953 475 1062 509; x_wconf 74' lang='grc' dir='ltr'>πότμος,</span> <span class='ocrx_word' id='word_1_77' title='bbox 1080 473 1219 509; x_wconf 61' lang='lat' dir='ltr'>ponpa-ruffin,</span> <span class='ocrx_word' id='word_1_78' title='bbox 1232 475 1306 506; x_wconf 74' lang='grc' dir='ltr'><strong><em>φιλη-</em></strong></span> 
     </span>
     <span class='ocr_line' id='line_1_9' title="bbox 276 506 1310 559; baseline -0.02 -5"><span class='ocrx_word' id='word_1_79' title='bbox 276 526 343 559; x_wconf 69' lang='grc' dir='ltr'>τίον]</span> <span class='ocrx_word' id='word_1_80' title='bbox 378 506 547 551; x_wconf 61' lang='lat' dir='ltr'>Accidentiu&#39;m</span> <span class='ocrx_word' id='word_1_81' title='bbox 560 525 638 543; x_wconf 74' lang='lat' dir='ltr'>rerum</span> <span class='ocrx_word' id='word_1_82' title='bbox 653 520 765 543; x_wconf 79' lang='lat' dir='ltr'>euentus,</span> <span class='ocrx_word' id='word_1_83' title='bbox 778 515 806 538; x_wconf 88' lang='lat' dir='ltr'>in</span> <span class='ocrx_word' id='word_1_84' title='bbox 817 518 934 548; x_wconf 81' lang='lat' dir='ltr'>quantum</span> <span class='ocrx_word' id='word_1_85' title='bbox 951 520 982 537; x_wconf 80' lang='lat' dir='ltr'>ex</span> <span class='ocrx_word' id='word_1_86' title='bbox 1001 509 1079 544; x_wconf 72' lang='lat' dir='ltr'>causis</span> <span class='ocrx_word' id='word_1_87' title='bbox 1091 509 1148 545; x_wconf 71' lang='lat' dir='ltr'>fitis</span> <span class='ocrx_word' id='word_1_88' title='bbox 1163 508 1310 544; x_wconf 76' lang='lat' dir='ltr'>praeuideri</span> 
     </span>
     <span class='ocr_line' id='line_1_10' title="bbox 277 545 1311 596; baseline -0.018 -8"><span class='ocrx_word' id='word_1_89' title='bbox 277 571 326 588; x_wconf 79' lang='lat' dir='ltr'>nou</span> <span class='ocrx_word' id='word_1_90' title='bbox 336 558 423 596; x_wconf 60' lang='lat' dir='ltr'>pottst.</span> <span class='ocrx_word' id='word_1_91' title='bbox 463 556 519 583; x_wconf 81' lang='lat' dir='ltr'>l&#39;id.</span> <span class='ocrx_word' id='word_1_92' title='bbox 538 557 611 578; x_wconf 75' lang='lat' dir='ltr'>FORS</span> <span class='ocrx_word' id='word_1_93' title='bbox 618 569 627 583; x_wconf 87' lang='lat'>,</span> <span class='ocrx_word' id='word_1_94' title='bbox 640 559 655 575; x_wconf 79' lang='lat' dir='ltr'>a</span> <span class='ocrx_word' id='word_1_95' title='bbox 668 559 713 586; x_wconf 82' lang='lat' dir='ltr'>quo</span> <span class='ocrx_word' id='word_1_96' title='bbox 726 548 824 574; x_wconf 76' lang='lat' dir='ltr'>videtur</span> <span class='ocrx_word' id='word_1_97' title='bbox 836 547 984 573; x_wconf 81' lang='lat' dir='ltr'>deriuatum.</span> <span class='ocrx_word' id='word_1_98' title='bbox 1017 547 1089 581; x_wconf 74' lang='lat' dir='ltr'>Saepe</span> <span class='ocrx_word' id='word_1_99' title='bbox 1102 554 1151 570; x_wconf 83' lang='lat' dir='ltr'>non</span> <span class='ocrx_word' id='word_1_100' title='bbox 1160 545 1311 579; x_wconf 75' lang='lat' dir='ltr'><em>peculiarem</em></span> 
     </span>
     <span class='ocr_line' id='line_1_11' title="bbox 278 580 1310 631; baseline -0.016 -9"><span class='ocrx_word' id='word_1_101' title='bbox 278 598 382 631; x_wconf 68' lang='lat' dir='ltr'>aliquem</span> <span class='ocrx_word' id='word_1_102' title='bbox 395 600 436 620; x_wconf 82' lang='lat' dir='ltr'>aut</span> <span class='ocrx_word' id='word_1_103' title='bbox 448 589 598 625; x_wconf 67' lang='lat' dir='ltr'>singularem</span> <span class='ocrx_word' id='word_1_104' title='bbox 615 592 723 611; x_wconf 71' lang='lat' dir='ltr'>euentum</span> <span class='ocrx_word' id='word_1_105' title='bbox 740 589 811 609; x_wconf 76' lang='lat' dir='ltr'>notat</span> <span class='ocrx_word' id='word_1_106' title='bbox 821 602 830 615; x_wconf 88' lang='lat'>,</span> <span class='ocrx_word' id='word_1_107' title='bbox 841 582 888 617; x_wconf 78' lang='lat' dir='ltr'>fid</span> <span class='ocrx_word' id='word_1_108' title='bbox 900 589 977 608; x_wconf 76' lang='lat' dir='ltr'>totum</span> <span class='ocrx_word' id='word_1_109' title='bbox 988 580 1084 615; x_wconf 82' lang='lat' dir='ltr'>statum</span> <span class='ocrx_word' id='word_1_110' title='bbox 1097 587 1121 606; x_wconf 82' lang='lat' dir='ltr'>et</span> <span class='ocrx_word' id='word_1_111' title='bbox 1138 580 1310 618; x_wconf 57' lang='lat' dir='ltr'>conditionem,</span> 
     </span>
     <span class='ocr_line' id='line_1_12' title="bbox 279 614 1308 668; baseline -0.017 -12"><span class='ocrx_word' id='word_1_112' title='bbox 279 641 339 668; x_wconf 78' lang='lat' dir='ltr'>quae</span> <span class='ocrx_word' id='word_1_113' title='bbox 351 640 378 656; x_wconf 70' lang='lat' dir='ltr'>ex</span> <span class='ocrx_word' id='word_1_114' title='bbox 391 626 519 659; x_wconf 75' lang='lat' dir='ltr'><em>multiplici</em></span> <span class='ocrx_word' id='word_1_115' title='bbox 530 621 678 657; x_wconf 79' lang='lat' dir='ltr'>diucrfhrum</span> <span class='ocrx_word' id='word_1_116' title='bbox 690 620 814 646; x_wconf 70' lang='lat' dir='ltr'>eueiztuum</span> <span class='ocrx_word' id='word_1_117' title='bbox 824 620 890 654; x_wconf 76' lang='lat' dir='ltr'>strie</span> <span class='ocrx_word' id='word_1_118' title='bbox 906 624 929 644; x_wconf 73' lang='lat' dir='ltr'>ct</span> <span class='ocrx_word' id='word_1_119' title='bbox 941 620 1088 644; x_wconf 68' lang='lat' dir='ltr'>connexione</span> <span class='ocrx_word' id='word_1_120' title='bbox 1106 614 1207 648; x_wconf 72' lang='lat' dir='ltr'>eszstit.</span> <span class='ocrx_word' id='word_1_121' title='bbox 1244 615 1308 640; x_wconf 86' lang='lat' dir='ltr'>Aur.</span> 
     </span>
     <span class='ocr_line' id='line_1_13' title="bbox 279 652 1311 693; baseline -0.016 -1"><span class='ocrx_word' id='word_1_122' title='bbox 279 666 351 693; x_wconf 71' lang='lat' dir='ltr'>Vift.</span> <span class='ocrx_word' id='word_1_123' title='bbox 366 664 420 689; x_wconf 86' lang='lat' dir='ltr'>Vir.</span> <span class='ocrx_word' id='word_1_124' title='bbox 434 659 511 686; x_wconf 76' lang='lat' dir='ltr'>illust.</span> <span class='ocrx_word' id='word_1_125' title='bbox 526 667 547 684; x_wconf 88' lang='lat' dir='ltr'>e.</span> <span class='ocrx_word' id='word_1_126' title='bbox 561 666 579 691; x_wconf 85' lang='lat'>4</span> <span class='ocrx_word' id='word_1_127' title='bbox 606 657 642 682; x_wconf 90' lang='lat' dir='ltr'>Vt</span> <span class='ocrx_word' id='word_1_128' title='bbox 654 656 789 682; x_wconf 90' lang='lat' dir='ltr'>fortunam</span> <span class='ocrx_word' id='word_1_129' title='bbox 802 653 866 679; x_wconf 85' lang='lat' dir='ltr'>belli</span> <span class='ocrx_word' id='word_1_130' title='bbox 880 653 1058 687; x_wconf 75' lang='lat' dir='ltr'>experiretur,</span> <span class='ocrx_word' id='word_1_131' title='bbox 1071 660 1099 677; x_wconf 86' lang='lat' dir='ltr'>ac</span> <span class='ocrx_word' id='word_1_132' title='bbox 1118 652 1282 685; x_wconf 78' lang='lat' dir='ltr'>sequeretur,</span> <span class='ocrx_word' id='word_1_133' title='bbox 1295 658 1311 676; x_wconf 87' lang='lat' dir='ltr'>a</span> 
     </span>
     <span class='ocr_line' id='line_1_14' title="bbox 280 686 1308 729; baseline -0.014 -4"><span class='ocrx_word' id='word_1_134' title='bbox 280 700 376 729; x_wconf 82' lang='lat' dir='ltr'>Tullio</span> <span class='ocrx_word' id='word_1_135' title='bbox 389 698 415 722; x_wconf 94' lang='lat' dir='ltr'>in</span> <span class='ocrx_word' id='word_1_136' title='bbox 428 693 556 720; x_wconf 87' lang='lat' dir='ltr'>auxilium</span> <span class='ocrx_word' id='word_1_137' title='bbox 569 691 709 721; x_wconf 77' lang='lat' dir='ltr'>arcessitus,</span> <span class='ocrx_word' id='word_1_138' title='bbox 724 690 806 716; x_wconf 81' lang='lat' dir='ltr'>aciem</span> <span class='ocrx_word' id='word_1_139' title='bbox 821 689 850 715; x_wconf 90' lang='lat' dir='ltr'>in</span> <span class='ocrx_word' id='word_1_140' title='bbox 863 688 958 715; x_wconf 89' lang='lat' dir='ltr'>collem</span> <span class='ocrx_word' id='word_1_141' title='bbox 971 687 1103 714; x_wconf 83' lang='lat' dir='ltr'>subduxit.</span> <span class='ocrx_word' id='word_1_142' title='bbox 1146 687 1217 712; x_wconf 89' lang='lat' dir='ltr'>Caes.</span> <span class='ocrx_word' id='word_1_143' title='bbox 1234 686 1262 712; x_wconf 83' lang='lat' dir='ltr'>B.</span> <span class='ocrx_word' id='word_1_144' title='bbox 1276 686 1308 711; x_wconf 90' lang='lat' dir='ltr'>G.</span> 
     </span>
     <span class='ocr_line' id='line_1_15' title="bbox 281 721 1311 770; baseline -0.012 -12"><span class='ocrx_word' id='word_1_145' title='bbox 281 745 298 770; x_wconf 89' lang='lat'>7</span> <span class='ocrx_word' id='word_1_146' title='bbox 321 744 329 761; x_wconf 90' lang='lat'><em>1</em></span> <span class='ocrx_word' id='word_1_147' title='bbox 360 731 498 758; x_wconf 85' lang='lat' dir='ltr'>Miseratur</span> <span class='ocrx_word' id='word_1_148' title='bbox 519 736 687 755; x_wconf 87' lang='lat' dir='ltr'>communem</span> <span class='ocrx_word' id='word_1_149' title='bbox 705 725 807 752; x_wconf 87' lang='lat' dir='ltr'>Galliae</span> <span class='ocrx_word' id='word_1_150' title='bbox 828 724 971 751; x_wconf 84' lang='lat' dir='ltr'>fortunam.</span> <span class='ocrx_word' id='word_1_151' title='bbox 1062 724 1204 750; x_wconf 78' lang='lat' dir='ltr'>Fortunam</span> <span class='ocrx_word' id='word_1_152' title='bbox 1223 721 1311 756; x_wconf 69' lang='lat' dir='ltr'>definit</span> 
     </span>
     <span class='ocr_line' id='line_1_16' title="bbox 282 755 1320 797; baseline -0.011 -4"><span class='ocrx_word' id='word_1_153' title='bbox 282 756 335 797; x_wconf 60' lang='lat' dir='ltr'>c’ic.</span> <span class='ocrx_word' id='word_1_154' title='bbox 351 767 382 792; x_wconf 93' lang='lat' dir='ltr'>de</span> <span class='ocrx_word' id='word_1_155' title='bbox 395 765 487 791; x_wconf 90' lang='lat' dir='ltr'>Diuin.</span> <span class='ocrx_word' id='word_1_156' title='bbox 503 773 526 796; x_wconf 88' lang='lat'>2,</span> <span class='ocrx_word' id='word_1_157' title='bbox 542 771 567 796; x_wconf 90' lang='lat'>15</span> <span class='ocrx_word' id='word_1_158' title='bbox 582 773 602 789; x_wconf 83' lang='lat' dir='ltr'>c.</span> <span class='ocrx_word' id='word_1_159' title='bbox 617 764 634 789; x_wconf 90' lang='lat'>6</span> <span class='ocrx_word' id='word_1_160' title='bbox 656 761 729 795; x_wconf 69' lang='lat' dir='ltr'>Quid</span> <span class='ocrx_word' id='word_1_161' title='bbox 737 760 772 786; x_wconf 87' lang='lat' dir='ltr'>est</span> <span class='ocrx_word' id='word_1_162' title='bbox 787 760 859 786; x_wconf 79' lang='lat' dir='ltr'>enim</span> <span class='ocrx_word' id='word_1_163' title='bbox 873 759 945 785; x_wconf 85' lang='lat' dir='ltr'>aliud</span> <span class='ocrx_word' id='word_1_164' title='bbox 958 759 1029 791; x_wconf 92' lang='lat' dir='ltr'>sors,</span> <span class='ocrx_word' id='word_1_165' title='bbox 1044 758 1107 793; x_wconf 88' lang='lat' dir='ltr'>quid</span> <span class='ocrx_word' id='word_1_166' title='bbox 1121 758 1236 789; x_wconf 90' lang='lat' dir='ltr'>fortuna,</span> <span class='ocrx_word' id='word_1_167' title='bbox 1246 755 1320 791; x_wconf 87' lang='lat' dir='ltr'>quid&#39;</span> 
     </span>
     <span class='ocr_line' id='line_1_17' title="bbox 280 791 1312 835; baseline -0.01 -7"><span class='ocrx_word' id='word_1_168' title='bbox 280 804 365 834; x_wconf 73' lang='lat' dir='ltr'>casus,</span> <span class='ocrx_word' id='word_1_169' title='bbox 381 800 447 835; x_wconf 87' lang='lat' dir='ltr'>quid</span> <span class='ocrx_word' id='word_1_170' title='bbox 461 806 585 831; x_wconf 84' lang='lat' dir='ltr'>euentus,</span> <span class='ocrx_word' id='word_1_171' title='bbox 597 798 645 824; x_wconf 82' lang='lat' dir='ltr'>nisi</span> <span class='ocrx_word' id='word_1_172' title='bbox 660 806 742 832; x_wconf 91' lang='lat' dir='ltr'>quum</span> <span class='ocrx_word' id='word_1_173' title='bbox 763 796 796 822; x_wconf 85' lang='lat' dir='ltr'>sic</span> <span class='ocrx_word' id='word_1_174' title='bbox 814 794 918 829; x_wconf 90' lang='lat' dir='ltr'>aliquid</span> <span class='ocrx_word' id='word_1_175' title='bbox 938 794 1046 825; x_wconf 87' lang='lat' dir='ltr'>cecidit,</span> <span class='ocrx_word' id='word_1_176' title='bbox 1060 794 1092 820; x_wconf 85' lang='lat' dir='ltr'>sie</span> <span class='ocrx_word' id='word_1_177' title='bbox 1112 793 1217 823; x_wconf 87' lang='lat' dir='ltr'>euenit,</span> <span class='ocrx_word' id='word_1_178' title='bbox 1229 798 1257 818; x_wconf 92' lang='lat' dir='ltr'>vt</span> <span class='ocrx_word' id='word_1_179' title='bbox 1269 791 1312 817; x_wconf 89' lang='lat' dir='ltr'>vel</span> 
     </span>
     <span class='ocr_line' id='line_1_18' title="bbox 278 827 1312 869; baseline -0.011 -5"><span class='ocrx_word' id='word_1_180' title='bbox 278 847 331 866; x_wconf 88' lang='lat' dir='ltr'>non</span> <span class='ocrx_word' id='word_1_181' title='bbox 349 836 438 863; x_wconf 88' lang='lat' dir='ltr'>cadere</span> <span class='ocrx_word' id='word_1_182' title='bbox 452 842 531 869; x_wconf 88' lang='lat' dir='ltr'>atque</span> <span class='ocrx_word' id='word_1_183' title='bbox 549 834 673 864; x_wconf 86' lang='lat' dir='ltr'>euenire,</span> <span class='ocrx_word' id='word_1_184' title='bbox 695 831 736 858; x_wconf 83' lang='lat' dir='ltr'>vel</span> <span class='ocrx_word' id='word_1_185' title='bbox 755 832 833 857; x_wconf 87' lang='lat' dir='ltr'>aliter</span> <span class='ocrx_word' id='word_1_186' title='bbox 845 829 936 856; x_wconf 86' lang='lat' dir='ltr'>cadere</span> <span class='ocrx_word' id='word_1_187' title='bbox 954 836 1032 864; x_wconf 89' lang='lat' dir='ltr'>atque</span> <span class='ocrx_word' id='word_1_188' title='bbox 1052 830 1159 856; x_wconf 87' lang='lat' dir='ltr'>euenire</span> <span class='ocrx_word' id='word_1_189' title='bbox 1178 827 1312 863; x_wconf 72' lang='lat' dir='ltr'>potuerit?</span> 
     </span>
     <span class='ocr_line' id='line_1_19' title="bbox 278 864 1312 901; baseline -0.012 -1"><span class='ocrx_word' id='word_1_190' title='bbox 278 875 408 901; x_wconf 76' lang='lat' dir='ltr'>Fortunae</span> <span class='ocrx_word' id='word_1_191' title='bbox 430 871 569 897; x_wconf 82' lang='lat' dir='ltr'>vocabulum</span> <span class='ocrx_word' id='word_1_192' title='bbox 581 869 684 895; x_wconf 82' lang='lat' dir='ltr'>medium</span> <span class='ocrx_word' id='word_1_193' title='bbox 699 866 747 901; x_wconf 76' lang='lat' dir='ltr'>est:</span> <span class='ocrx_word' id='word_1_194' title='bbox 771 865 853 892; x_wconf 85' lang='lat' dir='ltr'>Simul</span> <span class='ocrx_word' id='word_1_195' title='bbox 873 865 979 892; x_wconf 88' lang='lat' dir='ltr'>fortuna</span> <span class='ocrx_word' id='word_1_196' title='bbox 996 865 1120 892; x_wconf 88' lang='lat' dir='ltr'>Ciuitatis</span> <span class='ocrx_word' id='word_1_197' title='bbox 1139 873 1201 891; x_wconf 85' lang='lat' dir='ltr'>vera</span> <span class='ocrx_word' id='word_1_198' title='bbox 1213 864 1312 890; x_wconf 87' lang='lat' dir='ltr'>virtute</span> 
     </span>
     <span class='ocr_line' id='line_1_20' title="bbox 277 900 1163 943; baseline -0.01 -9"><span class='ocrx_word' id='word_1_199' title='bbox 277 908 350 943; x_wconf 82' lang='lat' dir='ltr'>eguit</span> <span class='ocrx_word' id='word_1_200' title='bbox 370 907 429 933; x_wconf 90' lang='lat' dir='ltr'>Liu.</span> <span class='ocrx_word' id='word_1_201' title='bbox 445 917 469 938; x_wconf 66' lang='lat'>4,</span> <span class='ocrx_word' id='word_1_202' title='bbox 484 915 514 938; x_wconf 83' lang='lat'>31.</span> <span class='ocrx_word' id='word_1_203' title='bbox 534 909 551 930; x_wconf 86' lang='lat' dir='ltr'>i.</span> <span class='ocrx_word' id='word_1_204' title='bbox 564 903 657 938; x_wconf 80' lang='lat' dir='ltr'>status.</span> <span class='ocrx_word' id='word_1_205' title='bbox 726 902 793 929; x_wconf 89' lang='lat' dir='ltr'>Belli</span> <span class='ocrx_word' id='word_1_206' title='bbox 805 902 912 928; x_wconf 87' lang='lat' dir='ltr'>fortuna</span> <span class='ocrx_word' id='word_1_207' title='bbox 926 901 981 927; x_wconf 85' lang='lat' dir='ltr'>Cic.</span> <span class='ocrx_word' id='word_1_208' title='bbox 994 900 1026 926; x_wconf 85' lang='lat' dir='ltr'>ad</span> <span class='ocrx_word' id='word_1_209' title='bbox 1040 901 1112 927; x_wconf 92' lang='lat' dir='ltr'>Brut.</span> <span class='ocrx_word' id='word_1_210' title='bbox 1127 909 1163 926; x_wconf 88' lang='lat'>10.</span> 
     </span>
     <span class='ocr_line' id='line_1_21' title="bbox 278 934 1314 971; baseline -0.011 -1"><span class='ocrx_word' id='word_1_211' title='bbox 278 950 304 971; x_wconf 85' lang='lat' dir='ltr'>et</span> <span class='ocrx_word' id='word_1_212' title='bbox 323 944 429 969; x_wconf 90' lang='lat' dir='ltr'>fortuna</span> <span class='ocrx_word' id='word_1_213' title='bbox 452 941 525 968; x_wconf 88' lang='lat' dir='ltr'>Idem</span> <span class='ocrx_word' id='word_1_214' title='bbox 538 940 569 966; x_wconf 87' lang='lat' dir='ltr'>de</span> <span class='ocrx_word' id='word_1_215' title='bbox 581 940 617 967; x_wconf 90' lang='lat' dir='ltr'>N.</span> <span class='ocrx_word' id='word_1_216' title='bbox 631 940 663 966; x_wconf 93' lang='lat' dir='ltr'>D.</span> <span class='ocrx_word' id='word_1_217' title='bbox 678 947 699 971; x_wconf 84' lang='lat'>1,</span> <span class='ocrx_word' id='word_1_218' title='bbox 713 947 753 971; x_wconf 81' lang='lat'>92.</span> <span class='ocrx_word' id='word_1_219' title='bbox 824 937 922 964; x_wconf 86' lang='lat' dir='ltr'>Omnia</span> <span class='ocrx_word' id='word_1_220' title='bbox 934 937 1034 962; x_wconf 84' lang='lat' dir='ltr'>summa</span> <span class='ocrx_word' id='word_1_221' title='bbox 1048 937 1198 962; x_wconf 86' lang='lat' dir='ltr'>consecutus</span> <span class='ocrx_word' id='word_1_222' title='bbox 1217 943 1243 960; x_wconf 82' lang='lat' dir='ltr'>es</span> <span class='ocrx_word' id='word_1_223' title='bbox 1260 934 1314 960; x_wconf 90' lang='lat' dir='ltr'>vir-</span> 
     </span>
     <span class='ocr_line' id='line_1_22' title="bbox 277 970 1314 1009; baseline -0.01 -4"><span class='ocrx_word' id='word_1_224' title='bbox 277 984 333 1007; x_wconf 86' lang='lat' dir='ltr'>tute</span> <span class='ocrx_word' id='word_1_225' title='bbox 346 978 427 1009; x_wconf 87' lang='lat' dir='ltr'>duee,</span> <span class='ocrx_word' id='word_1_226' title='bbox 442 977 546 1003; x_wconf 88' lang='lat' dir='ltr'>Comite</span> <span class='ocrx_word' id='word_1_227' title='bbox 559 976 666 1001; x_wconf 87' lang='lat' dir='ltr'>fortuna</span> <span class='ocrx_word' id='word_1_228' title='bbox 694 974 748 1001; x_wconf 90' lang='lat' dir='ltr'>Cic.</span> <span class='ocrx_word' id='word_1_229' title='bbox 766 973 835 1000; x_wconf 87' lang='lat' dir='ltr'>Fam.</span> <span class='ocrx_word' id='word_1_230' title='bbox 850 981 889 1004; x_wconf 82' lang='lat'>10,</span> <span class='ocrx_word' id='word_1_231' title='bbox 910 980 931 1003; x_wconf 91' lang='grc'>3.</span> <span class='ocrx_word' id='word_1_232' title='bbox 997 972 1127 998; x_wconf 81' lang='lat' dir='ltr'>Fortunae</span> <span class='ocrx_word' id='word_1_233' title='bbox 1140 979 1247 1004; x_wconf 84' lang='lat' dir='ltr'>magnae</span> <span class='ocrx_word' id='word_1_234' title='bbox 1263 970 1314 996; x_wconf 90' lang='lat' dir='ltr'>Co-</span> 
     </span>
     <span class='ocr_line' id='line_1_23' title="bbox 280 1005 1316 1042; baseline -0.01 -1"><span class='ocrx_word' id='word_1_235' title='bbox 280 1024 334 1041; x_wconf 87' lang='lat' dir='ltr'>mes</span> <span class='ocrx_word' id='word_1_236' title='bbox 346 1013 382 1040; x_wconf 89' lang='lat' dir='ltr'>est</span> <span class='ocrx_word' id='word_1_237' title='bbox 394 1013 510 1039; x_wconf 76' lang='lat' dir='ltr'>adulatio</span> <span class='ocrx_word' id='word_1_238' title='bbox 530 1011 598 1038; x_wconf 86' lang='lat' dir='ltr'>Vell.</span> <span class='ocrx_word' id='word_1_239' title='bbox 612 1019 633 1042; x_wconf 88' lang='lat'>2,</span> <span class='ocrx_word' id='word_1_240' title='bbox 648 1018 700 1042; x_wconf 88' lang='lat'>102,</span> <span class='ocrx_word' id='word_1_241' title='bbox 713 1018 734 1041; x_wconf 83' lang='grc'>3.</span> <span class='ocrx_word' id='word_1_242' title='bbox 807 1007 938 1042; x_wconf 65' lang='lat' dir='ltr'>QinEtil.</span> <span class='ocrx_word' id='word_1_243' title='bbox 957 1007 986 1033; x_wconf 88' lang='lat' dir='ltr'>in</span> <span class='ocrx_word' id='word_1_244' title='bbox 1000 1015 1118 1042; x_wconf 88' lang='lat' dir='ltr'>prooem.</span> <span class='ocrx_word' id='word_1_245' title='bbox 1133 1009 1149 1033; x_wconf 93' lang='grc'>6</span> <span class='ocrx_word' id='word_1_246' title='bbox 1176 1007 1246 1033; x_wconf 85' lang='grc' dir='ltr'>Ν3111</span> <span class='ocrx_word' id='word_1_247' title='bbox 1260 1005 1316 1031; x_wconf 88' lang='lat' dir='ltr'>fru-</span> 
     </span>
     <span class='ocr_line' id='line_1_24' title="bbox 278 1041 1314 1077; baseline -0.01 -1"><span class='ocrx_word' id='word_1_248' title='bbox 278 1050 329 1077; x_wconf 81' lang='lat' dir='ltr'>stra</span> <span class='ocrx_word' id='word_1_249' title='bbox 342 1049 410 1075; x_wconf 89' lang='lat' dir='ltr'>mala</span> <span class='ocrx_word' id='word_1_250' title='bbox 423 1049 514 1074; x_wconf 87' lang='lat' dir='ltr'>omnia</span> <span class='ocrx_word' id='word_1_251' title='bbox 527 1046 559 1074; x_wconf 90' lang='lat' dir='ltr'>ad</span> <span class='ocrx_word' id='word_1_252' title='bbox 572 1046 682 1073; x_wconf 84' lang='lat' dir='ltr'>Crimen</span> <span class='ocrx_word' id='word_1_253' title='bbox 700 1046 823 1071; x_wconf 80' lang='lat' dir='ltr'>fortunae</span> <span class='ocrx_word' id='word_1_254' title='bbox 841 1044 995 1077; x_wconf 85' lang='lat' dir='ltr'>relegamus.</span> <span class='ocrx_word' id='word_1_255' title='bbox 1066 1042 1172 1069; x_wconf 62' lang='lat' dir='ltr'>Flussus</span> <span class='ocrx_word' id='word_1_256' title='bbox 1191 1041 1314 1068; x_wconf 83' lang='lat' dir='ltr'>fortunae</span> 
     </span>
     <span class='ocr_line' id='line_1_25' title="bbox 279 1079 1056 1117; baseline -0.012 -5"><span class='ocrx_word' id='word_1_257' title='bbox 279 1085 374 1113; x_wconf 87' lang='lat' dir='ltr'>Catull.</span> <span class='ocrx_word' id='word_1_258' title='bbox 385 1086 429 1116; x_wconf 85' lang='lat'>66,</span> <span class='ocrx_word' id='word_1_259' title='bbox 445 1092 478 1115; x_wconf 83' lang='lat'>13.</span> <span class='ocrx_word' id='word_1_260' title='bbox 547 1084 624 1117; x_wconf 82' lang='lat' dir='ltr'>Inops</span> <span class='ocrx_word' id='word_1_261' title='bbox 644 1082 767 1108; x_wconf 75' lang='lat' dir='ltr'>fortunae</span> <span class='ocrx_word' id='word_1_262' title='bbox 785 1079 875 1106; x_wconf 86' lang='lat' dir='ltr'>Tacit.</span> <span class='ocrx_word' id='word_1_263' title='bbox 890 1080 956 1104; x_wconf 88' lang='lat' dir='ltr'>Anu.</span> <span class='ocrx_word' id='word_1_264' title='bbox 975 1088 1002 1112; x_wconf 85' lang='grc'>4,</span> <span class='ocrx_word' id='word_1_265' title='bbox 1016 1085 1056 1110; x_wconf 87' lang='lat'>39.</span> 
     </span>
     <span class='ocr_line' id='line_1_26' title="bbox 280 1113 1314 1153; baseline -0.01 -6"><span class='ocrx_word' id='word_1_266' title='bbox 280 1130 328 1148; x_wconf 89' lang='lat' dir='ltr'>nae</span> <span class='ocrx_word' id='word_1_267' title='bbox 347 1120 402 1147; x_wconf 87' lang='lat' dir='ltr'>Cic.</span> <span class='ocrx_word' id='word_1_268' title='bbox 418 1120 470 1145; x_wconf 86' lang='lat' dir='ltr'>Att.</span> <span class='ocrx_word' id='word_1_269' title='bbox 484 1123 507 1150; x_wconf 91' lang='lat'>8,</span> <span class='ocrx_word' id='word_1_270' title='bbox 520 1126 538 1150; x_wconf 94' lang='lat'>4</span> <span class='ocrx_word' id='word_1_271' title='bbox 553 1125 596 1153; x_wconf 83' lang='lat' dir='ltr'>pr.</span> <span class='ocrx_word' id='word_1_272' title='bbox 666 1116 713 1143; x_wconf 89' lang='lat' dir='ltr'>Ille</span> <span class='ocrx_word' id='word_1_273' title='bbox 736 1121 844 1150; x_wconf 85' lang='lat' dir='ltr'>propter</span> <span class='ocrx_word' id='word_1_274' title='bbox 874 1115 1001 1140; x_wconf 88' lang='lat' dir='ltr'>virtutem</span> <span class='ocrx_word' id='word_1_275' title='bbox 1031 1113 1155 1140; x_wconf 80' lang='lat' dir='ltr'>fortunae</span> <span class='ocrx_word' id='word_1_276' title='bbox 1177 1113 1314 1146; x_wconf 86' lang='lat' dir='ltr'>vtriusque</span> 
     </span>
     <span class='ocr_line' id='line_1_27' title="bbox 280 1148 1313 1187; baseline -0.009 -5"><span class='ocrx_word' id='word_1_277' title='bbox 280 1155 495 1186; x_wconf 81' lang='lat' dir='ltr'>Moderat1·ice1n,</span> <span class='ocrx_word' id='word_1_278' title='bbox 513 1153 556 1179; x_wconf 89' lang='lat' dir='ltr'>hic</span> <span class='ocrx_word' id='word_1_279' title='bbox 571 1157 679 1187; x_wconf 89' lang='lat' dir='ltr'>propter</span> <span class='ocrx_word' id='word_1_280' title='bbox 692 1151 850 1186; x_wconf 73' lang='lat' dir='ltr'>obsequium</span> <span class='ocrx_word' id='word_1_281' title='bbox 862 1150 984 1176; x_wconf 81' lang='lat' dir='ltr'>fortunae</span> <span class='ocrx_word' id='word_1_282' title='bbox 997 1150 1098 1183; x_wconf 79' lang='lat' dir='ltr'>semper</span> <span class='ocrx_word' id='word_1_283' title='bbox 1112 1148 1225 1175; x_wconf 87' lang='lat' dir='ltr'>fauentis</span> <span class='ocrx_word' id='word_1_284' title='bbox 1239 1149 1313 1174; x_wconf 90' lang='lat' dir='ltr'>Curt.</span> 
     </span>
     <span class='ocr_line' id='line_1_28' title="bbox 281 1183 1317 1224; baseline -0.01 -6"><span class='ocrx_word' id='word_1_285' title='bbox 281 1195 308 1224; x_wconf 92' lang='lat'>6,</span> <span class='ocrx_word' id='word_1_286' title='bbox 323 1199 345 1224; x_wconf 85' lang='lat'>5,</span> <span class='ocrx_word' id='word_1_287' title='bbox 360 1198 395 1223; x_wconf 88' lang='grc'>35.</span> <span class='ocrx_word' id='word_1_288' title='bbox 467 1188 581 1215; x_wconf 85' lang='lat' dir='ltr'>Procclla</span> <span class='ocrx_word' id='word_1_289' title='bbox 597 1188 727 1221; x_wconf 85' lang='lat' dir='ltr'>impotens</span> <span class='ocrx_word' id='word_1_290' title='bbox 739 1187 860 1214; x_wconf 81' lang='lat' dir='ltr'>fortunae</span> <span class='ocrx_word' id='word_1_291' title='bbox 877 1186 934 1212; x_wconf 83' lang='lat' dir='ltr'>Scn.</span> <span class='ocrx_word' id='word_1_292' title='bbox 949 1186 1039 1218; x_wconf 81' lang='lat' dir='ltr'>Agam.</span> <span class='ocrx_word' id='word_1_293' title='bbox 1059 1185 1077 1211; x_wconf 91' lang='lat' dir='ltr'>s.</span> <span class='ocrx_word' id='word_1_294' title='bbox 1090 1192 1116 1219; x_wconf 90' lang='lat'>7.</span> <span class='ocrx_word' id='word_1_295' title='bbox 1186 1184 1270 1210; x_wconf 87' lang='lat' dir='ltr'>Riuus</span> <span class='ocrx_word' id='word_1_296' title='bbox 1286 1183 1317 1208; x_wconf 92' lang='lat' dir='ltr'>li-</span> 
     </span>
     <span class='ocr_line' id='line_1_29' title="bbox 281 1219 1317 1261; baseline -0.009 -8"><span class='ocrx_word' id='word_1_297' title='bbox 281 1226 376 1261; x_wconf 87' lang='lat' dir='ltr'>quidus</span> <span class='ocrx_word' id='word_1_298' title='bbox 397 1225 518 1251; x_wconf 74' lang='lat' dir='ltr'>fortunae</span> <span class='ocrx_word' id='word_1_299' title='bbox 542 1225 608 1250; x_wconf 84' lang='lat' dir='ltr'>Hor.</span> <span class='ocrx_word' id='word_1_300' title='bbox 623 1223 702 1258; x_wconf 87' lang='lat' dir='ltr'>Epist.</span> <span class='ocrx_word' id='word_1_301' title='bbox 722 1231 742 1254; x_wconf 89' lang='lat'>1,</span> <span class='ocrx_word' id='word_1_302' title='bbox 764 1230 801 1254; x_wconf 89' lang='lat'>12,</span> <span class='ocrx_word' id='word_1_303' title='bbox 839 1241 846 1247; x_wconf 94' lang='lat'>.</span> <span class='ocrx_word' id='word_1_304' title='bbox 916 1221 1035 1247; x_wconf 87' lang='lat' dir='ltr'>Varietas</span> <span class='ocrx_word' id='word_1_305' title='bbox 1063 1220 1171 1254; x_wconf 85' lang='lat' dir='ltr'>propria</span> <span class='ocrx_word' id='word_1_306' title='bbox 1195 1219 1317 1245; x_wconf 82' lang='lat' dir='ltr'>fortunae</span> 
     </span>
     <span class='ocr_line' id='line_1_30' title="bbox 281 1230 836 1293; baseline -0.011 -4"><span class='ocrx_word' id='word_1_307' title='bbox 281 1263 337 1289; x_wconf 88' lang='lat' dir='ltr'>Cic.</span> <span class='ocrx_word' id='word_1_308' title='bbox 357 1261 388 1287; x_wconf 92' lang='lat' dir='ltr'>de</span> <span class='ocrx_word' id='word_1_309' title='bbox 405 1261 496 1287; x_wconf 92' lang='lat' dir='ltr'>Diuin.</span> <span class='ocrx_word' id='word_1_310' title='bbox 517 1268 540 1291; x_wconf 85' lang='lat'>2,</span> <span class='ocrx_word' id='word_1_311' title='bbox 562 1268 615 1292; x_wconf 89' lang='lat'>109.</span> <span class='ocrx_word' id='word_1_312' title='bbox 810 1230 836 1293; x_wconf 51' lang='grc' dir='ltr'><em>ξ</em></span> 
     </span>
     <span class='ocr_line' id='line_1_31' title="bbox 280 1289 1316 1330; baseline -0.008 -7"><span class='ocrx_word' id='word_1_313' title='bbox 280 1304 305 1324; x_wconf 78' lang='lat' dir='ltr'>et</span> <span class='ocrx_word' id='word_1_314' title='bbox 322 1298 354 1323; x_wconf 92' lang='lat' dir='ltr'>de</span> <span class='ocrx_word' id='word_1_315' title='bbox 366 1297 457 1330; x_wconf 87' lang='lat' dir='ltr'>Arusp.</span> <span class='ocrx_word' id='word_1_316' title='bbox 472 1296 547 1329; x_wconf 78' lang='lat' dir='ltr'>Resp.</span> <span class='ocrx_word' id='word_1_317' title='bbox 561 1303 602 1328; x_wconf 80' lang='lat'>54.</span> <span class='ocrx_word' id='word_1_318' title='bbox 675 1294 766 1328; x_wconf 89' lang='lat' dir='ltr'>Aequa</span> <span class='ocrx_word' id='word_1_319' title='bbox 785 1294 853 1319; x_wconf 90' lang='lat' dir='ltr'>Hor.</span> <span class='ocrx_word' id='word_1_320' title='bbox 873 1292 951 1327; x_wconf 84' lang='lat' dir='ltr'>Epist.</span> <span class='ocrx_word' id='word_1_321' title='bbox 971 1301 997 1324; x_wconf 89' lang='lat'>2,</span> <span class='ocrx_word' id='word_1_322' title='bbox 1011 1300 1032 1323; x_wconf 90' lang='lat'>1,</span> <span class='ocrx_word' id='word_1_323' title='bbox 1045 1300 1089 1324; x_wconf 91' lang='lat'>94.</span> <span class='ocrx_word' id='word_1_324' title='bbox 1161 1289 1316 1324; x_wconf 86' lang='lat' dir='ltr'>Aequabilis</span> 
     </span>
     <span class='ocr_line' id='line_1_32' title="bbox 281 1326 1315 1368; baseline -0.009 -9"><span class='ocrx_word' id='word_1_325' title='bbox 281 1338 458 1368; x_wconf 87' lang='lat' dir='ltr'>perpetuaque</span> <span class='ocrx_word' id='word_1_326' title='bbox 471 1331 527 1357; x_wconf 89' lang='lat' dir='ltr'>Cic.</span> <span class='ocrx_word' id='word_1_327' title='bbox 541 1330 598 1364; x_wconf 89' lang='lat' dir='ltr'>post</span> <span class='ocrx_word' id='word_1_328' title='bbox 610 1328 688 1356; x_wconf 92' lang='lat' dir='ltr'>redit.</span> <span class='ocrx_word' id='word_1_329' title='bbox 702 1329 731 1355; x_wconf 92' lang='lat' dir='ltr'>in</span> <span class='ocrx_word' id='word_1_330' title='bbox 744 1329 827 1354; x_wconf 90' lang='lat' dir='ltr'>Senat.</span> <span class='ocrx_word' id='word_1_331' title='bbox 841 1336 866 1354; x_wconf 91' lang='lat'>2.</span> <span class='ocrx_word' id='word_1_332' title='bbox 935 1328 1036 1361; x_wconf 86' lang='lat' dir='ltr'>Anceps</span> <span class='ocrx_word' id='word_1_333' title='bbox 1051 1334 1151 1360; x_wconf 81' lang='lat' dir='ltr'>pugnae</span> <span class='ocrx_word' id='word_1_334' title='bbox 1165 1326 1240 1359; x_wconf 85' lang='lat' dir='ltr'>Virg.</span> <span class='ocrx_word' id='word_1_335' title='bbox 1250 1326 1315 1351; x_wconf 89' lang='lat' dir='ltr'>Aen.</span> 
     </span>
     <span class='ocr_line' id='line_1_33' title="bbox 282 1361 1318 1403; baseline -0.008 -9"><span class='ocrx_word' id='word_1_336' title='bbox 282 1378 311 1403; x_wconf 81' lang='lat'>4,</span> <span class='ocrx_word' id='word_1_337' title='bbox 325 1370 382 1399; x_wconf 84' lang='grc'>603.</span> <span class='ocrx_word' id='word_1_338' title='bbox 453 1365 541 1393; x_wconf 84' lang='lat' dir='ltr'>Ardua</span> <span class='ocrx_word' id='word_1_339' title='bbox 562 1365 652 1392; x_wconf 88' lang='lat' dir='ltr'>Claud.</span> <span class='ocrx_word' id='word_1_340' title='bbox 667 1365 698 1390; x_wconf 90' lang='lat' dir='ltr'>de</span> <span class='ocrx_word' id='word_1_341' title='bbox 711 1365 788 1391; x_wconf 91' lang='lat' dir='ltr'>Cons.</span> <span class='ocrx_word' id='word_1_342' title='bbox 798 1365 868 1390; x_wconf 88' lang='lat' dir='ltr'>Hon.</span> <span class='ocrx_word' id='word_1_343' title='bbox 883 1371 905 1395; x_wconf 90' lang='grc'>3,</span> <span class='ocrx_word' id='word_1_344' title='bbox 920 1371 952 1395; x_wconf 86' lang='grc'>13.</span> <span class='ocrx_word' id='word_1_345' title='bbox 1020 1363 1084 1388; x_wconf 90' lang='lat' dir='ltr'>Non</span> <span class='ocrx_word' id='word_1_346' title='bbox 1097 1361 1182 1387; x_wconf 84' lang='lat' dir='ltr'>solum</span> <span class='ocrx_word' id='word_1_347' title='bbox 1196 1361 1249 1395; x_wconf 89' lang='lat' dir='ltr'>ipsa</span> <span class='ocrx_word' id='word_1_348' title='bbox 1263 1361 1318 1386; x_wconf 93' lang='lat' dir='ltr'>for-</span> 
     </span>
     <span class='ocr_line' id='line_1_34' title="bbox 282 1396 1320 1434; baseline -0.009 -4"><span class='ocrx_word' id='word_1_349' title='bbox 282 1410 345 1430; x_wconf 87' lang='lat' dir='ltr'>tuna</span> <span class='ocrx_word' id='word_1_350' title='bbox 360 1404 441 1430; x_wconf 90' lang='lat' dir='ltr'>Caeca</span> <span class='ocrx_word' id='word_1_351' title='bbox 456 1402 508 1434; x_wconf 85' lang='lat' dir='ltr'>est,</span> <span class='ocrx_word' id='word_1_352' title='bbox 524 1401 567 1428; x_wconf 88' lang='lat' dir='ltr'>sed</span> <span class='ocrx_word' id='word_1_353' title='bbox 580 1410 624 1428; x_wconf 86' lang='lat' dir='ltr'>eos</span> <span class='ocrx_word' id='word_1_354' title='bbox 636 1400 716 1427; x_wconf 90' lang='lat' dir='ltr'>etiam</span> <span class='ocrx_word' id='word_1_355' title='bbox 729 1399 883 1434; x_wconf 87' lang='lat' dir='ltr'>plerumque</span> <span class='ocrx_word' id='word_1_356' title='bbox 896 1397 974 1424; x_wconf 86' lang='lat' dir='ltr'>efficit</span> <span class='ocrx_word' id='word_1_357' title='bbox 988 1406 1087 1430; x_wconf 86' lang='lat' dir='ltr'>caecos,</span> <span class='ocrx_word' id='word_1_358' title='bbox 1103 1406 1169 1431; x_wconf 84' lang='lat' dir='ltr'>quos</span> <span class='ocrx_word' id='word_1_359' title='bbox 1183 1396 1320 1430; x_wconf 88' lang='lat' dir='ltr'>complexa</span> 
     </span>
     <span class='ocr_line' id='line_1_35' title="bbox 284 1434 1022 1470; baseline -0.008 -5"><span class='ocrx_word' id='word_1_360' title='bbox 284 1439 320 1465; x_wconf 84' lang='lat' dir='ltr'>est</span> <span class='ocrx_word' id='word_1_361' title='bbox 340 1439 393 1465; x_wconf 86' lang='lat' dir='ltr'>Cic.</span> <span class='ocrx_word' id='word_1_362' title='bbox 408 1438 439 1464; x_wconf 87' lang='lat' dir='ltr'>de</span> <span class='ocrx_word' id='word_1_363' title='bbox 453 1437 559 1464; x_wconf 88' lang='lat' dir='ltr'>Amicit.</span> <span class='ocrx_word' id='word_1_364' title='bbox 573 1444 605 1470; x_wconf 82' lang='lat'>54</span> <span class='ocrx_word' id='word_1_365' title='bbox 622 1445 643 1462; x_wconf 89' lang='lat' dir='ltr'>c.</span> <span class='ocrx_word' id='word_1_366' title='bbox 658 1445 690 1468; x_wconf 89' lang='lat'>15.</span> <span class='ocrx_word' id='word_1_367' title='bbox 727 1434 799 1461; x_wconf 90' lang='lat' dir='ltr'>Idem</span> <span class='ocrx_word' id='word_1_368' title='bbox 813 1434 924 1469; x_wconf 86' lang='lat' dir='ltr'>Philipp.</span> <span class='ocrx_word' id='word_1_369' title='bbox 940 1443 973 1466; x_wconf 87' lang='lat'>13,</span> <span class='ocrx_word' id='word_1_370' title='bbox 986 1442 1022 1460; x_wconf 86' lang='lat'>10.</span> 
     </span>
     <span class='ocr_line' id='line_1_36' title="bbox 283 1468 1319 1509; baseline -0.008 -8"><span class='ocrx_word' id='word_1_371' title='bbox 283 1475 389 1509; x_wconf 88' lang='lat' dir='ltr'>pinquis</span> <span class='ocrx_word' id='word_1_372' title='bbox 409 1473 564 1508; x_wconf 89' lang='lat' dir='ltr'>plerumque</span> <span class='ocrx_word' id='word_1_373' title='bbox 579 1473 685 1498; x_wconf 89' lang='lat' dir='ltr'>fortuna</span> <span class='ocrx_word' id='word_1_374' title='bbox 704 1470 742 1497; x_wconf 93' lang='lat' dir='ltr'>Id.</span> <span class='ocrx_word' id='word_1_375' title='bbox 756 1470 809 1497; x_wconf 86' lang='lat' dir='ltr'>Off.</span> <span class='ocrx_word' id='word_1_376' title='bbox 825 1478 844 1502; x_wconf 83' lang='lat'>1,</span> <span class='ocrx_word' id='word_1_377' title='bbox 858 1474 894 1501; x_wconf 73' lang='lat'>58.</span> <span class='ocrx_word' id='word_1_378' title='bbox 964 1469 1050 1495; x_wconf 87' lang='lat' dir='ltr'>Valer.</span> <span class='ocrx_word' id='word_1_379' title='bbox 1063 1469 1133 1495; x_wconf 85' lang='lat' dir='ltr'>Max.</span> <span class='ocrx_word' id='word_1_380' title='bbox 1147 1475 1173 1502; x_wconf 88' lang='lat'>7,</span> <span class='ocrx_word' id='word_1_381' title='bbox 1190 1477 1200 1494; x_wconf 88' lang='lat'>1</span> <span class='ocrx_word' id='word_1_382' title='bbox 1237 1468 1319 1493; x_wconf 87' lang='lat' dir='ltr'>Volu-</span> 
     </span>
     <span class='ocr_line' id='line_1_37' title="bbox 283 1503 1319 1543; baseline -0.008 -7"><span class='ocrx_word' id='word_1_383' title='bbox 283 1510 346 1537; x_wconf 84' lang='lat' dir='ltr'>bilis</span> <span class='ocrx_word' id='word_1_384' title='bbox 365 1510 486 1535; x_wconf 81' lang='lat' dir='ltr'>fortunae</span> <span class='ocrx_word' id='word_1_385' title='bbox 501 1508 636 1543; x_wconf 90' lang='lat' dir='ltr'>complura</span> <span class='ocrx_word' id='word_1_386' title='bbox 659 1505 776 1540; x_wconf 88' lang='lat' dir='ltr'>exempla</span> <span class='ocrx_word' id='word_1_387' title='bbox 793 1505 947 1535; x_wconf 85' lang='lat' dir='ltr'>retulimus,</span> <span class='ocrx_word' id='word_1_388' title='bbox 971 1504 1119 1530; x_wconf 81' lang='lat' dir='ltr'>Constantis</span> <span class='ocrx_word' id='word_1_389' title='bbox 1140 1509 1166 1530; x_wconf 91' lang='lat' dir='ltr'>et</span> <span class='ocrx_word' id='word_1_390' title='bbox 1188 1503 1319 1538; x_wconf 87' lang='lat' dir='ltr'>propitiae</span> 
     </span>
     <span class='ocr_line' id='line_1_38' title="bbox 286 1538 1321 1578; baseline -0.007 -7"><span class='ocrx_word' id='word_1_391' title='bbox 286 1545 427 1572; x_wconf 85' lang='lat' dir='ltr'>admodum</span> <span class='ocrx_word' id='word_1_392' title='bbox 447 1553 528 1578; x_wconf 86' lang='lat' dir='ltr'>pauca</span> <span class='ocrx_word' id='word_1_393' title='bbox 551 1543 652 1570; x_wconf 87' lang='lat' dir='ltr'>narrari</span> <span class='ocrx_word' id='word_1_394' title='bbox 673 1542 781 1576; x_wconf 79' lang='lat' dir='ltr'>possunt.</span> <span class='ocrx_word' id='word_1_395' title='bbox 850 1539 974 1567; x_wconf 81' lang='lat' dir='ltr'>Crudelis</span> <span class='ocrx_word' id='word_1_396' title='bbox 997 1539 1042 1566; x_wconf 90' lang='lat' dir='ltr'>Sil.</span> <span class='ocrx_word' id='word_1_397' title='bbox 1060 1548 1094 1572; x_wconf 81' lang='grc'>13,</span> <span class='ocrx_word' id='word_1_398' title='bbox 1108 1544 1162 1571; x_wconf 77' lang='grc'>382.</span> <span class='ocrx_word' id='word_1_399' title='bbox 1234 1538 1321 1565; x_wconf 88' lang='lat' dir='ltr'>Dubia</span> 
     </span>
     <span class='ocr_line' id='line_1_39' title="bbox 287 1575 1321 1611; baseline -0.008 -4"><span class='ocrx_word' id='word_1_400' title='bbox 287 1581 343 1607; x_wconf 91' lang='lat' dir='ltr'>Cic.</span> <span class='ocrx_word' id='word_1_401' title='bbox 356 1581 430 1607; x_wconf 86' lang='lat' dir='ltr'>Verr.</span> <span class='ocrx_word' id='word_1_402' title='bbox 445 1589 465 1611; x_wconf 92' lang='lat'>1,</span> <span class='ocrx_word' id='word_1_403' title='bbox 478 1585 512 1609; x_wconf 83' lang='lat'>81.</span> <span class='ocrx_word' id='word_1_404' title='bbox 582 1578 660 1605; x_wconf 83' lang='lat' dir='ltr'>Dulci</span> <span class='ocrx_word' id='word_1_405' title='bbox 674 1578 781 1604; x_wconf 87' lang='lat' dir='ltr'>fortuna</span> <span class='ocrx_word' id='word_1_406' title='bbox 793 1575 883 1602; x_wconf 86' lang='lat' dir='ltr'>ebrius</span> <span class='ocrx_word' id='word_1_407' title='bbox 905 1576 971 1602; x_wconf 85' lang='lat' dir='ltr'>Hor.</span> <span class='ocrx_word' id='word_1_408' title='bbox 986 1576 1074 1601; x_wconf 83' lang='grc'>031111.</span> <span class='ocrx_word' id='word_1_409' title='bbox 1093 1584 1113 1607; x_wconf 91' lang='grc'>1,</span> <span class='ocrx_word' id='word_1_410' title='bbox 1128 1583 1169 1610; x_wconf 83' lang='grc'>37,</span> <span class='ocrx_word' id='word_1_411' title='bbox 1184 1583 1215 1600; x_wconf 92' lang='grc'>11.</span> <span class='ocrx_word' id='word_1_412' title='bbox 1276 1575 1321 1600; x_wconf 81' lang='lat' dir='ltr'>Fa-</span> 
     </span>
     <span class='ocr_line' id='line_1_40' title="bbox 286 1610 1132 1649; baseline -0.005 -8"><span class='ocrx_word' id='word_1_413' title='bbox 286 1615 386 1641; x_wconf 84' lang='lat' dir='ltr'>cillima</span> <span class='ocrx_word' id='word_1_414' title='bbox 406 1615 480 1649; x_wconf 80' lang='lat' dir='ltr'>Virg.</span> <span class='ocrx_word' id='word_1_415' title='bbox 496 1615 559 1640; x_wconf 88' lang='lat' dir='ltr'>Aen.</span> <span class='ocrx_word' id='word_1_416' title='bbox 576 1623 609 1646; x_wconf 89' lang='lat'>11,</span> <span class='ocrx_word' id='word_1_417' title='bbox 629 1615 686 1647; x_wconf 83' lang='lat'>716.</span> <span class='ocrx_word' id='word_1_418' title='bbox 758 1611 853 1639; x_wconf 84' lang='lat' dir='ltr'>Fatalis</span> <span class='ocrx_word' id='word_1_419' title='bbox 870 1612 927 1638; x_wconf 86' lang='lat' dir='ltr'>Cic.</span> <span class='ocrx_word' id='word_1_420' title='bbox 948 1619 996 1645; x_wconf 91' lang='lat' dir='ltr'>pro</span> <span class='ocrx_word' id='word_1_421' title='bbox 1013 1610 1081 1637; x_wconf 87' lang='lat' dir='ltr'>Sext.</span> <span class='ocrx_word' id='word_1_422' title='bbox 1096 1618 1132 1644; x_wconf 86' lang='lat'>17.</span> 
     </span>
     <span class='ocr_line' id='line_1_41' title="bbox 287 1646 1323 1684; baseline -0.005 -8"><span class='ocrx_word' id='word_1_423' title='bbox 287 1650 379 1677; x_wconf 89' lang='lat' dir='ltr'>Diuin.</span> <span class='ocrx_word' id='word_1_424' title='bbox 392 1658 414 1681; x_wconf 87' lang='lat'>2,</span> <span class='ocrx_word' id='word_1_425' title='bbox 426 1655 457 1684; x_wconf 80' lang='lat'>87</span> <span class='ocrx_word' id='word_1_426' title='bbox 483 1648 641 1675; x_wconf 87' lang='lat' dir='ltr'>Carneadem</span> <span class='ocrx_word' id='word_1_427' title='bbox 655 1647 833 1674; x_wconf 85' lang='lat' dir='ltr'>Clitomachus</span> <span class='ocrx_word' id='word_1_428' title='bbox 852 1646 942 1673; x_wconf 81' lang='lat' dir='ltr'>scribit</span> <span class='ocrx_word' id='word_1_429' title='bbox 959 1646 1047 1673; x_wconf 87' lang='lat' dir='ltr'>dicere</span> <span class='ocrx_word' id='word_1_430' title='bbox 1060 1646 1180 1675; x_wconf 83' lang='lat' dir='ltr'>solitum,</span> <span class='ocrx_word' id='word_1_431' title='bbox 1194 1654 1323 1679; x_wconf 83' lang='lat' dir='ltr'>nusquam</span> 
     </span>
     <span class='ocr_line' id='line_1_42' title="bbox 289 1679 1320 1718; baseline -0.006 -6"><span class='ocrx_word' id='word_1_432' title='bbox 289 1686 315 1713; x_wconf 89' lang='lat' dir='ltr'>se</span> <span class='ocrx_word' id='word_1_433' title='bbox 326 1685 538 1711; x_wconf 83' lang='lat' dir='ltr'>Fortunatiorem</span> <span class='ocrx_word' id='word_1_434' title='bbox 557 1692 635 1718; x_wconf 89' lang='lat' dir='ltr'>quam</span> <span class='ocrx_word' id='word_1_435' title='bbox 648 1682 780 1708; x_wconf 80' lang='lat' dir='ltr'>Praeneste</span> <span class='ocrx_word' id='word_1_436' title='bbox 800 1682 891 1708; x_wconf 77' lang='lat' dir='ltr'>vidisse</span> <span class='ocrx_word' id='word_1_437' title='bbox 910 1682 1054 1708; x_wconf 89' lang='lat' dir='ltr'>fortunam.</span> <span class='ocrx_word' id='word_1_438' title='bbox 1126 1682 1220 1708; x_wconf 87' lang='lat' dir='ltr'>Grauis</span> <span class='ocrx_word' id='word_1_439' title='bbox 1240 1679 1320 1708; x_wconf 89' lang='lat' dir='ltr'>Ouid.</span> 
     </span>
     <span class='ocr_line' id='line_1_43' title="bbox 287 1716 1323 1753; baseline -0.005 -6"><span class='ocrx_word' id='word_1_440' title='bbox 287 1729 320 1747; x_wconf 83' lang='lat' dir='ltr'>ex</span> <span class='ocrx_word' id='word_1_441' title='bbox 336 1722 408 1746; x_wconf 89' lang='lat' dir='ltr'>Pont.</span> <span class='ocrx_word' id='word_1_442' title='bbox 424 1729 450 1752; x_wconf 88' lang='lat'>4,</span> <span class='ocrx_word' id='word_1_443' title='bbox 464 1729 492 1752; x_wconf 85' lang='lat'>4,</span> <span class='ocrx_word' id='word_1_444' title='bbox 506 1730 532 1753; x_wconf 86' lang='lat'>4.</span> <span class='ocrx_word' id='word_1_445' title='bbox 604 1716 780 1751; x_wconf 76' lang='lat' dir='ltr'>Indigniss&#39;una</span> <span class='ocrx_word' id='word_1_446' title='bbox 805 1717 862 1742; x_wconf 89' lang='lat' dir='ltr'>Cic.</span> <span class='ocrx_word' id='word_1_447' title='bbox 877 1717 933 1750; x_wconf 87' lang='lat' dir='ltr'>post</span> <span class='ocrx_word' id='word_1_448' title='bbox 947 1716 1023 1742; x_wconf 85' lang='lat' dir='ltr'>redit.</span> <span class='ocrx_word' id='word_1_449' title='bbox 1042 1716 1073 1742; x_wconf 89' lang='lat' dir='ltr'>ad</span> <span class='ocrx_word' id='word_1_450' title='bbox 1089 1718 1167 1749; x_wconf 84' lang='lat' dir='ltr'>Qiir.</span> <span class='ocrx_word' id='word_1_451' title='bbox 1186 1725 1211 1750; x_wconf 92' lang='lat'>7.</span> <span class='ocrx_word' id='word_1_452' title='bbox 1282 1718 1323 1743; x_wconf 88' lang='lat' dir='ltr'>Iu-</span> 
     </span>
     <span class='ocr_line' id='line_1_44' title="bbox 288 1751 1321 1787; baseline -0.006 -5"><span class='ocrx_word' id='word_1_453' title='bbox 288 1756 369 1787; x_wconf 85' lang='lat' dir='ltr'>festa,</span> <span class='ocrx_word' id='word_1_454' title='bbox 387 1755 439 1781; x_wconf 85' lang='lat' dir='ltr'>vid.</span> <span class='ocrx_word' id='word_1_455' title='bbox 461 1760 626 1781; x_wconf 77' lang='lat' dir='ltr'>1NFESTVS.</span> <span class='ocrx_word' id='word_1_456' title='bbox 697 1751 790 1778; x_wconf 85' lang='lat' dir='ltr'>Infima</span> <span class='ocrx_word' id='word_1_457' title='bbox 804 1751 922 1777; x_wconf 88' lang='lat' dir='ltr'>conditio</span> <span class='ocrx_word' id='word_1_458' title='bbox 939 1758 965 1777; x_wconf 90' lang='lat' dir='ltr'>et</span> <span class='ocrx_word' id='word_1_459' title='bbox 983 1752 1089 1776; x_wconf 89' lang='lat' dir='ltr'>fortuna</span> <span class='ocrx_word' id='word_1_460' title='bbox 1108 1753 1244 1777; x_wconf 84' lang='lat' dir='ltr'>seruorum</span> <span class='ocrx_word' id='word_1_461' title='bbox 1264 1752 1321 1777; x_wconf 85' lang='lat' dir='ltr'>Cic.</span> 
     </span>
     <span class='ocr_line' id='line_1_45' title="bbox 288 1785 1159 1823; baseline -0.007 -7"><span class='ocrx_word' id='word_1_462' title='bbox 288 1790 341 1816; x_wconf 85' lang='lat' dir='ltr'>Off.</span> <span class='ocrx_word' id='word_1_463' title='bbox 357 1799 376 1821; x_wconf 92' lang='lat'>1,</span> <span class='ocrx_word' id='word_1_464' title='bbox 390 1798 428 1822; x_wconf 91' lang='lat'>41.</span> <span class='ocrx_word' id='word_1_465' title='bbox 497 1790 591 1823; x_wconf 86' lang='lat' dir='ltr'>Iniqua</span> <span class='ocrx_word' id='word_1_466' title='bbox 604 1789 710 1815; x_wconf 88' lang='lat' dir='ltr'>fortuna</span> <span class='ocrx_word' id='word_1_467' title='bbox 723 1787 792 1813; x_wconf 88' lang='lat' dir='ltr'>laedi</span> <span class='ocrx_word' id='word_1_468' title='bbox 813 1785 892 1813; x_wconf 88' lang='lat' dir='ltr'>Ouid.</span> <span class='ocrx_word' id='word_1_469' title='bbox 907 1794 938 1811; x_wconf 86' lang='lat' dir='ltr'>ex</span> <span class='ocrx_word' id='word_1_470' title='bbox 954 1787 1026 1811; x_wconf 89' lang='lat' dir='ltr'>Pout.</span> <span class='ocrx_word' id='word_1_471' title='bbox 1039 1795 1066 1818; x_wconf 84' lang='lat'>4,</span> <span class='ocrx_word' id='word_1_472' title='bbox 1081 1788 1107 1818; x_wconf 88' lang='lat'>6,</span> <span class='ocrx_word' id='word_1_473' title='bbox 1120 1794 1159 1817; x_wconf 83' lang='grc'>39.</span> 
     </span>
     <span class='ocr_line' id='line_1_46' title="bbox 287 1822 1021 1857; baseline -0.004 -8"><span class='ocrx_word' id='word_1_474' title='bbox 287 1825 355 1850; x_wconf 91' lang='lat' dir='ltr'>Hor.</span> <span class='ocrx_word' id='word_1_475' title='bbox 370 1825 450 1849; x_wconf 85' lang='lat' dir='ltr'>Scrm.</span> <span class='ocrx_word' id='word_1_476' title='bbox 464 1832 489 1855; x_wconf 85' lang='lat'>2,</span> <span class='ocrx_word' id='word_1_477' title='bbox 505 1832 531 1857; x_wconf 87' lang='lat'>7,</span> <span class='ocrx_word' id='word_1_478' title='bbox 546 1829 582 1853; x_wconf 79' lang='lat'>88.</span> <span class='ocrx_word' id='word_1_479' title='bbox 653 1824 744 1849; x_wconf 86' lang='lat' dir='ltr'>Minax</span> <span class='ocrx_word' id='word_1_480' title='bbox 765 1822 917 1849; x_wconf 88' lang='lat' dir='ltr'>quen.Sat.</span> <span class='ocrx_word' id='word_1_481' title='bbox 933 1829 971 1853; x_wconf 88' lang='lat'>10,</span> <span class='ocrx_word' id='word_1_482' title='bbox 984 1829 1021 1853; x_wconf 87' lang='lat'>52.</span> 
     </span>
     <span class='ocr_line' id='line_1_47' title="bbox 287 1855 1321 1891; baseline -0.004 -6"><span class='ocrx_word' id='word_1_483' title='bbox 287 1858 373 1886; x_wconf 85' lang='lat' dir='ltr'>Trist.</span> <span class='ocrx_word' id='word_1_484' title='bbox 393 1866 416 1890; x_wconf 87' lang='grc'>3,</span> <span class='ocrx_word' id='word_1_485' title='bbox 434 1867 467 1889; x_wconf 89' lang='grc'>11,</span> <span class='ocrx_word' id='word_1_486' title='bbox 487 1865 524 1891; x_wconf 86' lang='grc'>71.</span> <span class='ocrx_word' id='word_1_487' title='bbox 595 1858 785 1890; x_wconf 85' lang='lat' dir='ltr'>Omnipotens,</span> <span class='ocrx_word' id='word_1_488' title='bbox 813 1856 866 1882; x_wconf 83' lang='lat' dir='ltr'>vid.</span> <span class='ocrx_word' id='word_1_489' title='bbox 892 1863 1110 1882; x_wconf 75' lang='lat' dir='ltr'>OMNIPOTENS.</span> <span class='ocrx_word' id='word_1_490' title='bbox 1182 1856 1229 1881; x_wconf 88' lang='lat' dir='ltr'>Par</span> <span class='ocrx_word' id='word_1_491' title='bbox 1252 1855 1321 1888; x_wconf 88' lang='lat' dir='ltr'>Nep.</span> 
     </span>
     <span class='ocr_line' id='line_1_48' title="bbox 288 1890 1322 1928; baseline -0.005 -8"><span class='ocrx_word' id='word_1_492' title='bbox 288 1902 312 1928; x_wconf 84' lang='lat'>5,</span> <span class='ocrx_word' id='word_1_493' title='bbox 325 1903 350 1925; x_wconf 91' lang='lat'>2,</span> <span class='ocrx_word' id='word_1_494' title='bbox 365 1902 386 1925; x_wconf 92' lang='grc'>3.</span> <span class='ocrx_word' id='word_1_495' title='bbox 407 1899 430 1918; x_wconf 77' lang='lat' dir='ltr'>et</span> <span class='ocrx_word' id='word_1_496' title='bbox 451 1897 486 1924; x_wconf 83' lang='lat'>18,</span> <span class='ocrx_word' id='word_1_497' title='bbox 507 1901 526 1923; x_wconf 91' lang='lat'>1,</span> <span class='ocrx_word' id='word_1_498' title='bbox 547 1900 564 1917; x_wconf 95' lang='lat'>1.</span> <span class='ocrx_word' id='word_1_499' title='bbox 637 1892 752 1916; x_wconf 88' lang='lat' dir='ltr'>Pronior</span> <span class='ocrx_word' id='word_1_500' title='bbox 777 1892 874 1916; x_wconf 84' lang='lat' dir='ltr'>Patere.</span> <span class='ocrx_word' id='word_1_501' title='bbox 894 1899 920 1920; x_wconf 83' lang='lat'>2,</span> <span class='ocrx_word' id='word_1_502' title='bbox 940 1894 972 1921; x_wconf 78' lang='lat'>69</span> <span class='ocrx_word' id='word_1_503' title='bbox 987 1897 1049 1915; x_wconf 74' lang='lat' dir='ltr'>extr.</span> <span class='ocrx_word' id='word_1_504' title='bbox 1121 1890 1253 1924; x_wconf 87' lang='lat' dir='ltr'>Propitia,</span> <span class='ocrx_word' id='word_1_505' title='bbox 1268 1890 1322 1915; x_wconf 82' lang='lat' dir='ltr'>vid.</span> 
     </span>
     <span class='ocr_line' id='line_1_49' title="bbox 283 1925 1324 1965; baseline -0.009 -10"><span class='ocrx_word' id='word_1_506' title='bbox 283 1929 367 1965; x_wconf 75' lang='lat' dir='ltr'>paullo</span> <span class='ocrx_word' id='word_1_507' title='bbox 384 1935 440 1954; x_wconf 69' lang='lat' dir='ltr'>ante</span> <span class='ocrx_word' id='word_1_508' title='bbox 458 1927 591 1954; x_wconf 81' lang='lat' dir='ltr'>Constans.</span> <span class='ocrx_word' id='word_1_509' title='bbox 669 1926 794 1958; x_wconf 83' lang='lat' dir='ltr'>Prospera</span> <span class='ocrx_word' id='word_1_510' title='bbox 814 1925 880 1949; x_wconf 87' lang='lat' dir='ltr'>Hor.</span> <span class='ocrx_word' id='word_1_511' title='bbox 900 1925 987 1949; x_wconf 90' lang='lat' dir='ltr'>Carm.</span> <span class='ocrx_word' id='word_1_512' title='bbox 1008 1933 1041 1956; x_wconf 82' lang='lat'>4,</span> <span class='ocrx_word' id='word_1_513' title='bbox 1062 1932 1107 1956; x_wconf 85' lang='lat'>14,</span> <span class='ocrx_word' id='word_1_514' title='bbox 1126 1931 1166 1956; x_wconf 79' lang='grc'>37.</span> <span class='ocrx_word' id='word_1_515' title='bbox 1236 1925 1324 1956; x_wconf 76' lang='lat' dir='ltr'>Rapax</span> 
     </span>
     <span class='ocr_line' id='line_1_50' title="bbox 289 1957 1161 1995; baseline -0.011 -4"><span class='ocrx_word' id='word_1_516' title='bbox 289 1965 361 1992; x_wconf 79' lang='lat' dir='ltr'>Idem</span> <span class='ocrx_word' id='word_1_517' title='bbox 375 1964 463 1990; x_wconf 86' lang='lat' dir='ltr'>Carm.</span> <span class='ocrx_word' id='word_1_518' title='bbox 486 1973 503 1995; x_wconf 80' lang='grc'>1,</span> <span class='ocrx_word' id='word_1_519' title='bbox 517 1971 558 1995; x_wconf 81' lang='grc'>34,</span> <span class='ocrx_word' id='word_1_520' title='bbox 572 1970 610 1994; x_wconf 79' lang='lat'>14.</span> <span class='ocrx_word' id='word_1_521' title='bbox 680 1960 793 1987; x_wconf 85' lang='lat' dir='ltr'>Secunda</span> <span class='ocrx_word' id='word_1_522' title='bbox 813 1960 867 1985; x_wconf 85' lang='lat' dir='ltr'>Cic.</span> <span class='ocrx_word' id='word_1_523' title='bbox 882 1957 913 1983; x_wconf 85' lang='lat' dir='ltr'>de</span> <span class='ocrx_word' id='word_1_524' title='bbox 925 1958 1016 1991; x_wconf 78' lang='lat' dir='ltr'>Arusp.</span> <span class='ocrx_word' id='word_1_525' title='bbox 1032 1959 1105 1991; x_wconf 82' lang='lat' dir='ltr'>Kesp.</span> <span class='ocrx_word' id='word_1_526' title='bbox 1121 1966 1161 1990; x_wconf 89' lang='lat'>54.</span> 
     </span>
     <span class='ocr_line' id='line_1_51' title="bbox 290 1991 1325 2033; baseline -0.008 -7"><span class='ocrx_word' id='word_1_527' title='bbox 290 1999 371 2027; x_wconf 90' lang='lat' dir='ltr'>Ouid.</span> <span class='ocrx_word' id='word_1_528' title='bbox 393 1998 470 2033; x_wconf 82' lang='lat' dir='ltr'>Epist.</span> <span class='ocrx_word' id='word_1_529' title='bbox 493 2007 516 2032; x_wconf 86' lang='grc'>3,</span> <span class='ocrx_word' id='word_1_530' title='bbox 537 2006 577 2031; x_wconf 80' lang='grc'>43.</span> <span class='ocrx_word' id='word_1_531' title='bbox 649 1997 704 2022; x_wconf 86' lang='lat' dir='ltr'>Cic.</span> <span class='ocrx_word' id='word_1_532' title='bbox 724 2004 771 2029; x_wconf 91' lang='lat' dir='ltr'>pro</span> <span class='ocrx_word' id='word_1_533' title='bbox 785 1995 880 2022; x_wconf 90' lang='lat' dir='ltr'>Milon.</span> <span class='ocrx_word' id='word_1_534' title='bbox 897 2002 926 2025; x_wconf 81' lang='grc'>93</span> <span class='ocrx_word' id='word_1_535' title='bbox 956 1994 1042 2026; x_wconf 73' lang='lat' dir='ltr'>Qiam</span> <span class='ocrx_word' id='word_1_536' title='bbox 1056 1994 1127 2026; x_wconf 85' lang='lat' dir='ltr'>Vaga</span> <span class='ocrx_word' id='word_1_537' title='bbox 1146 1991 1325 2027; x_wconf 82' lang='lat' dir='ltr'>volubilisque</span> 
     </span>
     <span class='ocr_line' id='line_1_52' title="bbox 289 2028 1325 2069; baseline -0.009 -7"><span class='ocrx_word' id='word_1_538' title='bbox 289 2036 413 2068; x_wconf 86' lang='lat' dir='ltr'>fortuna,</span> <span class='ocrx_word' id='word_1_539' title='bbox 432 2042 511 2069; x_wconf 89' lang='lat' dir='ltr'>quam</span> <span class='ocrx_word' id='word_1_540' title='bbox 524 2033 598 2059; x_wconf 90' lang='lat' dir='ltr'>varia</span> <span class='ocrx_word' id='word_1_541' title='bbox 611 2032 681 2058; x_wconf 87' lang='lat' dir='ltr'>vitae</span> <span class='ocrx_word' id='word_1_542' title='bbox 697 2030 943 2063; x_wconf 82' lang='lat' dir='ltr'>commutabilisque</span> <span class='ocrx_word' id='word_1_543' title='bbox 957 2028 1036 2055; x_wconf 84' lang='grc'>13110.</span> <span class='ocrx_word' id='word_1_544' title='bbox 1108 2029 1225 2062; x_wconf 84' lang='lat' dir='ltr'>Vtraque</span> <span class='ocrx_word' id='word_1_545' title='bbox 1252 2029 1325 2054; x_wconf 87' lang='lat' dir='ltr'>Curt.</span> 
     </span>
    </p>
   </div>
   <div class='ocr_carea' id='block_1_6' title="bbox 1079 1820 1322 1846">
    <p class='ocr_par' dir='ltr' id='par_1_7' title="bbox 1079 1820 1322 1846">
     <span class='ocr_line' id='line_1_53' title="bbox 1079 1820 1322 1846; baseline -0.004 0"><span class='ocrx_word' id='word_1_546' title='bbox 1079 1820 1229 1846; x_wconf 78' lang='lat' dir='ltr'>Miserrima</span> <span class='ocrx_word' id='word_1_547' title='bbox 1242 1820 1322 1845; x_wconf 88' lang='lat' dir='ltr'>Ouid.</span> 
     </span>
    </p>
   </div>
   <div class='ocr_carea' id='block_1_7' title="bbox 290 2063 1359 2178">
    <p class='ocr_par' dir='ltr' id='par_1_8' title="bbox 290 2063 1359 2178">
     <span class='ocr_line' id='line_1_54' title="bbox 290 2063 1326 2103; baseline -0.009 -5"><span class='ocrx_word' id='word_1_548' title='bbox 290 2074 317 2103; x_wconf 84' lang='lat'>6,</span> <span class='ocrx_word' id='word_1_549' title='bbox 332 2079 354 2102; x_wconf 88' lang='lat'>5,</span> <span class='ocrx_word' id='word_1_550' title='bbox 368 2079 403 2102; x_wconf 80' lang='grc'>35.</span> <span class='ocrx_word' id='word_1_551' title='bbox 593 2065 614 2102; x_wconf 61' lang='grc' dir='ltr'>ἢ</span> <span class='ocrx_word' id='word_1_552' title='bbox 636 2076 648 2099; x_wconf 90' lang='grc'>3</span> <span class='ocrx_word' id='word_1_553' title='bbox 690 2066 777 2093; x_wconf 59' lang='lat' dir='ltr'>Verbis.</span> <span class='ocrx_word' id='word_1_554' title='bbox 812 2065 896 2091; x_wconf 88' lang='lat' dir='ltr'>Abuti</span> <span class='ocrx_word' id='word_1_555' title='bbox 920 2065 1045 2095; x_wconf 85' lang='lat' dir='ltr'>fortuna,</span> <span class='ocrx_word' id='word_1_556' title='bbox 1069 2063 1122 2089; x_wconf 73' lang='lat' dir='ltr'>vid.</span> <span class='ocrx_word' id='word_1_557' title='bbox 1152 2071 1173 2090; x_wconf 81' lang='lat' dir='ltr'>A</span> <span class='ocrx_word' id='word_1_558' title='bbox 1183 2070 1228 2089; x_wconf 86' lang='lat' dir='ltr'>BV</span> <span class='ocrx_word' id='word_1_559' title='bbox 1238 2070 1259 2089; x_wconf 89' lang='lat' dir='ltr'>T</span> <span class='ocrx_word' id='word_1_560' title='bbox 1270 2070 1326 2089; x_wconf 84' lang='lat' dir='ltr'>OR.</span> 
     </span>
     <span class='ocr_line' id='line_1_55' title="bbox 291 2099 1326 2135; baseline -0.009 -3"><span class='ocrx_word' id='word_1_561' title='bbox 291 2107 371 2133; x_wconf 86' lang='lat' dir='ltr'>Adire</span> <span class='ocrx_word' id='word_1_562' title='bbox 385 2106 536 2135; x_wconf 82' lang='lat' dir='ltr'>fortunam,</span> <span class='ocrx_word' id='word_1_563' title='bbox 555 2103 607 2129; x_wconf 76' lang='lat' dir='ltr'>vid.</span> <span class='ocrx_word' id='word_1_564' title='bbox 627 2110 647 2129; x_wconf 79' lang='grc' dir='ltr'>Α</span> <span class='ocrx_word' id='word_1_565' title='bbox 658 2109 700 2129; x_wconf 76' lang='lat' dir='ltr'>DE</span> <span class='ocrx_word' id='word_1_566' title='bbox 710 2108 739 2127; x_wconf 92' lang='grc' dir='ltr'>Ο.</span> <span class='ocrx_word' id='word_1_567' title='bbox 827 2101 882 2126; x_wconf 90' lang='lat' dir='ltr'>Cic.</span> <span class='ocrx_word' id='word_1_568' title='bbox 899 2108 947 2132; x_wconf 89' lang='lat' dir='ltr'>pro</span> <span class='ocrx_word' id='word_1_569' title='bbox 959 2100 990 2124; x_wconf 95' lang='lat' dir='ltr'>L.</span> <span class='ocrx_word' id='word_1_570' title='bbox 1004 2099 1096 2124; x_wconf 88' lang='lat' dir='ltr'>Manil.</span> <span class='ocrx_word' id='word_1_571' title='bbox 1111 2106 1146 2132; x_wconf 88' lang='lat'>47</span> <span class='ocrx_word' id='word_1_572' title='bbox 1169 2107 1188 2123; x_wconf 89' lang='lat' dir='ltr'>c.</span> <span class='ocrx_word' id='word_1_573' title='bbox 1203 2100 1231 2123; x_wconf 90' lang='lat'>16</span> <span class='ocrx_word' id='word_1_574' title='bbox 1266 2099 1326 2124; x_wconf 88' lang='lat' dir='ltr'>Fuit</span> 
     </span>
     <span class='ocr_line' id='line_1_56' title="bbox 292 2133 1359 2178; baseline -0.009 -11"><span class='ocrx_word' id='word_1_575' title='bbox 292 2141 449 2176; x_wconf 81' lang='lat' dir='ltr'>quibusdam</span> <span class='ocrx_word' id='word_1_576' title='bbox 463 2139 570 2166; x_wconf 84' lang='lat' dir='ltr'>suminis</span> <span class='ocrx_word' id='word_1_577' title='bbox 583 2136 790 2178; x_wconf 41' lang='lat' dir='ltr'>ciris-quaedam</span> <span class='ocrx_word' id='word_1_578' title='bbox 805 2135 837 2161; x_wconf 88' lang='lat' dir='ltr'>ad</span> <span class='ocrx_word' id='word_1_579' title='bbox 850 2134 1051 2168; x_wconf 85' lang='lat' dir='ltr'>amplitudinem</span> <span class='ocrx_word' id='word_1_580' title='bbox 1070 2148 1115 2153; x_wconf 83' lang='lat'>--</span> <span class='ocrx_word' id='word_1_581' title='bbox 1133 2133 1261 2158; x_wconf 82' lang='lat' dir='ltr'>diuinitus</span> <span class='ocrx_word' id='word_1_582' title='bbox 1276 2133 1359 2165; x_wconf 78' lang='lat' dir='ltr'>Ati-55</span> 
     </span>
    </p>
   </div>
   <div class='ocr_carea' id='block_1_8' title="bbox 292 2167 1333 2667">
    <p class='ocr_par' dir='ltr' id='par_1_9' title="bbox 292 2167 1333 2667">
     <span class='ocr_line' id='line_1_57' title="bbox 292 2167 1325 2206; baseline -0.01 -4"><span class='ocrx_word' id='word_1_583' title='bbox 292 2176 382 2203; x_wconf 68' lang='grc'>11111013</span> <span class='ocrx_word' id='word_1_584' title='bbox 393 2176 506 2201; x_wconf 88' lang='lat' dir='ltr'>fortuna.</span> <span class='ocrx_word' id='word_1_585' title='bbox 577 2174 684 2200; x_wconf 82' lang='lat' dir='ltr'>Firmic.</span> <span class='ocrx_word' id='word_1_586' title='bbox 697 2181 718 2206; x_wconf 87' lang='lat'>5,</span> <span class='ocrx_word' id='word_1_587' title='bbox 732 2180 749 2206; x_wconf 89' lang='grc'>7</span> <span class='ocrx_word' id='word_1_588' title='bbox 768 2171 849 2198; x_wconf 87' lang='lat' dir='ltr'>Tunc</span> <span class='ocrx_word' id='word_1_589' title='bbox 862 2169 960 2196; x_wconf 44' lang='lat' dir='ltr'>exacuis</span> <span class='ocrx_word' id='word_1_590' title='bbox 972 2168 1048 2195; x_wconf 86' lang='lat' dir='ltr'>malis</span> <span class='ocrx_word' id='word_1_591' title='bbox 1062 2167 1201 2197; x_wconf 88' lang='lat' dir='ltr'>omnibus,</span> <span class='ocrx_word' id='word_1_592' title='bbox 1216 2167 1325 2193; x_wconf 87' lang='lat' dir='ltr'>secunda</span> 
     </span>
     <span class='ocr_line' id='line_1_58' title="bbox 293 2203 1327 2246; baseline -0.008 -9"><span class='ocrx_word' id='word_1_593' title='bbox 293 2211 450 2246; x_wconf 82' lang='lat' dir='ltr'>quandoque</span> <span class='ocrx_word' id='word_1_594' title='bbox 469 2209 579 2243; x_wconf 85' lang='lat' dir='ltr'>incipiet</span> <span class='ocrx_word' id='word_1_595' title='bbox 599 2208 793 2242; x_wconf 87' lang='lat' dir='ltr'>aliquantulum</span> <span class='ocrx_word' id='word_1_596' title='bbox 811 2206 898 2233; x_wconf 85' lang='lat' dir='ltr'>afflare</span> <span class='ocrx_word' id='word_1_597' title='bbox 912 2205 1027 2231; x_wconf 88' lang='lat' dir='ltr'>fortuna.</span> <span class='ocrx_word' id='word_1_598' title='bbox 1098 2203 1200 2237; x_wconf 87' lang='lat' dir='ltr'>Aspirat</span> <span class='ocrx_word' id='word_1_599' title='bbox 1220 2203 1327 2229; x_wconf 84' lang='lat' dir='ltr'>fortuna</span> 
     </span>
     <span class='ocr_line' id='line_1_59' title="bbox 294 2239 1327 2278; baseline -0.01 -6"><span class='ocrx_word' id='word_1_600' title='bbox 294 2245 381 2273; x_wconf 87' lang='lat' dir='ltr'>labori</span> <span class='ocrx_word' id='word_1_601' title='bbox 402 2246 476 2278; x_wconf 82' lang='lat' dir='ltr'>Virg.</span> <span class='ocrx_word' id='word_1_602' title='bbox 495 2246 559 2270; x_wconf 89' lang='lat' dir='ltr'>Aen.</span> <span class='ocrx_word' id='word_1_603' title='bbox 573 2253 595 2275; x_wconf 91' lang='lat'>2,</span> <span class='ocrx_word' id='word_1_604' title='bbox 608 2249 658 2276; x_wconf 79' lang='grc'>385.</span> <span class='ocrx_word' id='word_1_605' title='bbox 714 2244 830 2269; x_wconf 87' lang='lat' dir='ltr'>Fortuna</span> <span class='ocrx_word' id='word_1_606' title='bbox 850 2250 912 2276; x_wconf 87' lang='lat' dir='ltr'>opes</span> <span class='ocrx_word' id='word_1_607' title='bbox 925 2240 1052 2270; x_wconf 85' lang='lat' dir='ltr'>Auferre,</span> <span class='ocrx_word' id='word_1_608' title='bbox 1072 2247 1125 2264; x_wconf 92' lang='lat' dir='ltr'>non</span> <span class='ocrx_word' id='word_1_609' title='bbox 1138 2239 1255 2264; x_wconf 87' lang='lat' dir='ltr'>animum</span> <span class='ocrx_word' id='word_1_610' title='bbox 1272 2243 1327 2272; x_wconf 89' lang='lat' dir='ltr'>pot-</span> 
     </span>
     <span class='ocr_line' id='line_1_60' title="bbox 294 2273 1327 2313; baseline -0.01 -5"><span class='ocrx_word' id='word_1_611' title='bbox 294 2282 330 2308; x_wconf 86' lang='lat' dir='ltr'>est</span> <span class='ocrx_word' id='word_1_612' title='bbox 347 2282 404 2308; x_wconf 87' lang='lat' dir='ltr'>Sen.</span> <span class='ocrx_word' id='word_1_613' title='bbox 419 2280 488 2307; x_wconf 88' lang='lat' dir='ltr'>Med.</span> <span class='ocrx_word' id='word_1_614' title='bbox 502 2289 529 2306; x_wconf 80' lang='lat' dir='ltr'>v,</span> <span class='ocrx_word' id='word_1_615' title='bbox 544 2282 598 2313; x_wconf 87' lang='lat'>176.</span> <span class='ocrx_word' id='word_1_616' title='bbox 670 2279 736 2304; x_wconf 89' lang='lat' dir='ltr'>Ausa</span> <span class='ocrx_word' id='word_1_617' title='bbox 757 2278 793 2303; x_wconf 82' lang='lat' dir='ltr'>est</span> <span class='ocrx_word' id='word_1_618' title='bbox 810 2277 916 2303; x_wconf 81' lang='lat' dir='ltr'>fortuna</span> <span class='ocrx_word' id='word_1_619' title='bbox 932 2274 1034 2309; x_wconf 88' lang='lat' dir='ltr'>aliquid</span> <span class='ocrx_word' id='word_1_620' title='bbox 1052 2274 1174 2301; x_wconf 87' lang='lat' dir='ltr'>aduersus</span> <span class='ocrx_word' id='word_1_621' title='bbox 1195 2273 1327 2299; x_wconf 84' lang='lat' dir='ltr'>absentem</span> 
     </span>
     <span class='ocr_line' id='line_1_61' title="bbox 295 2316 610 2347; baseline -0.016 -3"><span class='ocrx_word' id='word_1_622' title='bbox 295 2317 387 2344; x_wconf 86' lang='lat' dir='ltr'>ducem</span> <span class='ocrx_word' id='word_1_623' title='bbox 407 2316 476 2342; x_wconf 82' lang='lat' dir='ltr'>Flor.</span> <span class='ocrx_word' id='word_1_624' title='bbox 491 2324 517 2347; x_wconf 88' lang='lat'>4,</span> <span class='ocrx_word' id='word_1_625' title='bbox 531 2323 555 2346; x_wconf 88' lang='lat'>2,</span> <span class='ocrx_word' id='word_1_626' title='bbox 572 2323 610 2346; x_wconf 85' lang='grc'>30.</span> 
     </span>
     <span class='ocr_line' id='line_1_62' title="bbox 295 2343 1327 2379; baseline -0.01 0"><span class='ocrx_word' id='word_1_627' title='bbox 295 2352 470 2379; x_wconf 86' lang='lat' dir='ltr'>Committere</span> <span class='ocrx_word' id='word_1_628' title='bbox 484 2351 508 2376; x_wconf 88' lang='lat' dir='ltr'>se</span> <span class='ocrx_word' id='word_1_629' title='bbox 520 2349 642 2376; x_wconf 85' lang='lat' dir='ltr'>timidius</span> <span class='ocrx_word' id='word_1_630' title='bbox 655 2349 775 2374; x_wconf 86' lang='lat' dir='ltr'>fortunae</span> <span class='ocrx_word' id='word_1_631' title='bbox 793 2348 849 2374; x_wconf 88' lang='lat' dir='ltr'>Cic.</span> <span class='ocrx_word' id='word_1_632' title='bbox 863 2348 915 2373; x_wconf 85' lang='lat' dir='ltr'>Att.</span> <span class='ocrx_word' id='word_1_633' title='bbox 930 2355 968 2378; x_wconf 88' lang='lat'>10,</span> <span class='ocrx_word' id='word_1_634' title='bbox 981 2356 1008 2379; x_wconf 85' lang='lat'>4.</span> <span class='ocrx_word' id='word_1_635' title='bbox 1076 2346 1172 2371; x_wconf 82' lang='lat' dir='ltr'>Patere.</span> <span class='ocrx_word' id='word_1_636' title='bbox 1189 2353 1214 2376; x_wconf 80' lang='lat'>2,</span> <span class='ocrx_word' id='word_1_637' title='bbox 1227 2351 1261 2378; x_wconf 88' lang='lat'>79</span> <span class='ocrx_word' id='word_1_638' title='bbox 1279 2343 1327 2370; x_wconf 86' lang='lat' dir='ltr'>Sed</span> 
     </span>
     <span class='ocr_line' id='line_1_63' title="bbox 294 2380 1333 2419; baseline -0.007 -5"><span class='ocrx_word' id='word_1_639' title='bbox 294 2388 383 2414; x_wconf 90' lang='lat' dir='ltr'>virum</span> <span class='ocrx_word' id='word_1_640' title='bbox 399 2387 512 2413; x_wconf 87' lang='lat' dir='ltr'>humana</span> <span class='ocrx_word' id='word_1_641' title='bbox 525 2394 575 2419; x_wconf 91' lang='lat' dir='ltr'>ope</span> <span class='ocrx_word' id='word_1_642' title='bbox 595 2383 742 2414; x_wconf 66' lang='lat' dir='ltr'>inuie&#39;tum,</span> <span class='ocrx_word' id='word_1_643' title='bbox 760 2382 876 2417; x_wconf 72' lang='lat' dir='ltr'>grauiter</span> <span class='ocrx_word' id='word_1_644' title='bbox 888 2390 920 2407; x_wconf 89' lang='lat' dir='ltr'>eo</span> <span class='ocrx_word' id='word_1_645' title='bbox 935 2387 1051 2416; x_wconf 88' lang='lat' dir='ltr'>tempore</span> <span class='ocrx_word' id='word_1_646' title='bbox 1066 2380 1171 2407; x_wconf 85' lang='lat' dir='ltr'>fortuna</span> <span class='ocrx_word' id='word_1_647' title='bbox 1189 2380 1333 2407; x_wconf 67' lang='lat' dir='ltr'>Concussit.»¹</span> 
     </span>
     <span class='ocr_line' id='line_1_64' title="bbox 295 2415 1328 2451; baseline -0.01 -1"><span class='ocrx_word' id='word_1_648' title='bbox 295 2422 445 2450; x_wconf 69' lang='lat' dir='ltr'>Coniuncta</span> <span class='ocrx_word' id='word_1_649' title='bbox 463 2421 559 2447; x_wconf 86' lang='lat' dir='ltr'>virtuti</span> <span class='ocrx_word' id='word_1_650' title='bbox 578 2420 700 2451; x_wconf 85' lang='lat' dir='ltr'>fortuna,</span> <span class='ocrx_word' id='word_1_651' title='bbox 717 2419 769 2445; x_wconf 79' lang='lat' dir='ltr'>vid.</span> <span class='ocrx_word' id='word_1_652' title='bbox 789 2423 977 2445; x_wconf 78' lang='lat' dir='ltr'>CONJVNGO.</span> <span class='ocrx_word' id='word_1_653' title='bbox 1048 2415 1192 2442; x_wconf 85' lang='lat' dir='ltr'>Constituit</span> <span class='ocrx_word' id='word_1_654' title='bbox 1211 2415 1328 2449; x_wconf 85' lang='lat' dir='ltr'>aliquem</span> 
     </span>
     <span class='ocr_line' id='line_1_65' title="bbox 295 2451 1329 2491; baseline -0.01 -6"><span class='ocrx_word' id='word_1_655' title='bbox 295 2467 412 2485; x_wconf 89' lang='lat' dir='ltr'>mearum</span> <span class='ocrx_word' id='word_1_656' title='bbox 426 2457 585 2491; x_wconf 86' lang='lat' dir='ltr'>ineptiarum</span> <span class='ocrx_word' id='word_1_657' title='bbox 598 2455 688 2481; x_wconf 85' lang='lat' dir='ltr'>testem</span> <span class='ocrx_word' id='word_1_658' title='bbox 702 2454 809 2480; x_wconf 89' lang='lat' dir='ltr'>fortuna</span> <span class='ocrx_word' id='word_1_659' title='bbox 828 2453 883 2479; x_wconf 88' lang='lat' dir='ltr'>Cic.</span> <span class='ocrx_word' id='word_1_660' title='bbox 896 2452 928 2479; x_wconf 89' lang='lat' dir='ltr'>de</span> <span class='ocrx_word' id='word_1_661' title='bbox 940 2453 1014 2478; x_wconf 88' lang='lat' dir='ltr'>Orat.</span> <span class='ocrx_word' id='word_1_662' title='bbox 1028 2460 1048 2483; x_wconf 92' lang='lat'>1,</span> <span class='ocrx_word' id='word_1_663' title='bbox 1066 2460 1099 2477; x_wconf 92' lang='grc'>12.</span> <span class='ocrx_word' id='word_1_664' title='bbox 1167 2451 1329 2484; x_wconf 76' lang='lat' dir='ltr'>Continget-e</span> 
     </span>
     <span class='ocr_line' id='line_1_66' title="bbox 294 2488 896 2528; baseline -0.01 -8"><span class='ocrx_word' id='word_1_665' title='bbox 294 2493 396 2528; x_wconf 90' lang='lat' dir='ltr'>aliquid</span> <span class='ocrx_word' id='word_1_666' title='bbox 415 2493 473 2518; x_wconf 90' lang='lat' dir='ltr'>casu</span> <span class='ocrx_word' id='word_1_667' title='bbox 492 2497 517 2517; x_wconf 91' lang='lat' dir='ltr'>et</span> <span class='ocrx_word' id='word_1_668' title='bbox 534 2491 640 2517; x_wconf 89' lang='lat' dir='ltr'>fortuna</span> <span class='ocrx_word' id='word_1_669' title='bbox 662 2489 734 2516; x_wconf 87' lang='lat' dir='ltr'>Idem</span> <span class='ocrx_word' id='word_1_670' title='bbox 746 2488 798 2516; x_wconf 78' lang='lat' dir='ltr'>Off.</span> <span class='ocrx_word' id='word_1_671' title='bbox 812 2497 837 2520; x_wconf 83' lang='lat'>2,</span> <span class='ocrx_word' id='word_1_672' title='bbox 848 2496 896 2521; x_wconf 82' lang='grc'>44.</span> 
     </span>
     <span class='ocr_line' id='line_1_67' title="bbox 294 2522 1330 2563; baseline -0.008 -8"><span class='ocrx_word' id='word_1_673' title='bbox 294 2529 331 2555; x_wconf 85' lang='lat' dir='ltr'>est</span> <span class='ocrx_word' id='word_1_674' title='bbox 348 2530 415 2563; x_wconf 87' lang='lat' dir='ltr'>Nep.</span> <span class='ocrx_word' id='word_1_675' title='bbox 432 2536 458 2562; x_wconf 91' lang='lat'>7,</span> <span class='ocrx_word' id='word_1_676' title='bbox 472 2536 498 2560; x_wconf 88' lang='lat'>9,</span> <span class='ocrx_word' id='word_1_677' title='bbox 511 2537 539 2560; x_wconf 86' lang='lat'>4.</span> <span class='ocrx_word' id='word_1_678' title='bbox 557 2529 575 2552; x_wconf 85' lang='lat' dir='ltr'>i.</span> <span class='ocrx_word' id='word_1_679' title='bbox 593 2534 674 2551; x_wconf 79' lang='lat' dir='ltr'>rerum</span> <span class='ocrx_word' id='word_1_680' title='bbox 684 2523 784 2557; x_wconf 71' lang='lat' dir='ltr'>statur,</span> <span class='ocrx_word' id='word_1_681' title='bbox 797 2524 913 2549; x_wconf 80' lang='lat' dir='ltr'>conditio.</span> <span class='ocrx_word' id='word_1_682' title='bbox 985 2523 1107 2548; x_wconf 78' lang='lat' dir='ltr'>Crescens</span> <span class='ocrx_word' id='word_1_683' title='bbox 1122 2523 1182 2549; x_wconf 87' lang='lat' dir='ltr'>Stat.</span> <span class='ocrx_word' id='word_1_684' title='bbox 1196 2522 1260 2548; x_wconf 85' lang='lat' dir='ltr'>Silu.</span> <span class='ocrx_word' id='word_1_685' title='bbox 1274 2531 1296 2554; x_wconf 82' lang='grc'>5,</span> <span class='ocrx_word' id='word_1_686' title='bbox 1311 2531 1330 2552; x_wconf 96' lang='grc'>1,</span> 
     </span>
     <span class='ocr_line' id='line_1_68' title="bbox 298 2557 1330 2597; baseline -0.008 -6"><span class='ocrx_word' id='word_1_687' title='bbox 298 2573 346 2597; x_wconf 85' lang='grc'>119.</span> <span class='ocrx_word' id='word_1_688' title='bbox 417 2564 485 2590; x_wconf 87' lang='lat' dir='ltr'>Dare</span> <span class='ocrx_word' id='word_1_689' title='bbox 505 2562 639 2588; x_wconf 90' lang='lat' dir='ltr'>fortunam</span> <span class='ocrx_word' id='word_1_690' title='bbox 671 2560 764 2593; x_wconf 75' lang='lat' dir='ltr'>Quint.</span> <span class='ocrx_word' id='word_1_691' title='bbox 784 2559 840 2585; x_wconf 86' lang='lat' dir='ltr'>Cic.</span> <span class='ocrx_word' id='word_1_692' title='bbox 855 2558 887 2585; x_wconf 90' lang='lat' dir='ltr'>de</span> <span class='ocrx_word' id='word_1_693' title='bbox 901 2557 976 2584; x_wconf 84' lang='lat' dir='ltr'>Petit.</span> <span class='ocrx_word' id='word_1_694' title='bbox 991 2558 1068 2583; x_wconf 86' lang='lat' dir='ltr'>Cons.</span> <span class='ocrx_word' id='word_1_695' title='bbox 1088 2566 1112 2590; x_wconf 89' lang='lat'>9.</span> <span class='ocrx_word' id='word_1_696' title='bbox 1180 2557 1207 2582; x_wconf 89' lang='lat' dir='ltr'>Si</span> <span class='ocrx_word' id='word_1_697' title='bbox 1234 2557 1330 2583; x_wconf 86' lang='lat' dir='ltr'>virtuti</span> 
     </span>
     <span class='ocr_line' id='line_1_69' title="bbox 294 2592 1329 2634; baseline -0.009 -8"><span class='ocrx_word' id='word_1_698' title='bbox 294 2609 341 2634; x_wconf 90' lang='lat' dir='ltr'>par</span> <span class='ocrx_word' id='word_1_699' title='bbox 356 2599 421 2626; x_wconf 87' lang='lat' dir='ltr'>Data</span> <span class='ocrx_word' id='word_1_700' title='bbox 439 2599 498 2625; x_wconf 78' lang='lat' dir='ltr'>effet</span> <span class='ocrx_word' id='word_1_701' title='bbox 517 2597 623 2623; x_wconf 88' lang='lat' dir='ltr'>fortuna</span> <span class='ocrx_word' id='word_1_702' title='bbox 650 2596 717 2630; x_wconf 85' lang='lat' dir='ltr'>Nep.</span> <span class='ocrx_word' id='word_1_703' title='bbox 740 2600 775 2627; x_wconf 78' lang='lat'>18,</span> <span class='ocrx_word' id='word_1_704' title='bbox 790 2603 809 2625; x_wconf 89' lang='lat'>1,</span> <span class='ocrx_word' id='word_1_705' title='bbox 826 2603 843 2620; x_wconf 90' lang='lat'>1.</span> <span class='ocrx_word' id='word_1_706' title='bbox 913 2593 1045 2619; x_wconf 85' lang='lat' dir='ltr'>Deucnire</span> <span class='ocrx_word' id='word_1_707' title='bbox 1064 2593 1093 2618; x_wconf 90' lang='lat' dir='ltr'>in</span> <span class='ocrx_word' id='word_1_708' title='bbox 1114 2592 1248 2618; x_wconf 88' lang='lat' dir='ltr'>fortunam</span> <span class='ocrx_word' id='word_1_709' title='bbox 1273 2593 1329 2618; x_wconf 91' lang='lat' dir='ltr'>Cic.</span> 
     </span>
     <span class='ocr_line' id='line_1_70' title="bbox 297 2626 1330 2667; baseline -0.01 -6"><span class='ocrx_word' id='word_1_710' title='bbox 297 2636 368 2662; x_wconf 85' lang='lat' dir='ltr'>Fam.</span> <span class='ocrx_word' id='word_1_711' title='bbox 382 2644 410 2667; x_wconf 87' lang='lat'>4,</span> <span class='ocrx_word' id='word_1_712' title='bbox 425 2642 446 2666; x_wconf 85' lang='lat'>5.</span> <span class='ocrx_word' id='word_1_713' title='bbox 518 2633 625 2658; x_wconf 80' lang='lat' dir='ltr'>Firmic.</span> <span class='ocrx_word' id='word_1_714' title='bbox 640 2639 662 2664; x_wconf 86' lang='lat'>5,</span> <span class='ocrx_word' id='word_1_715' title='bbox 676 2634 692 2657; x_wconf 89' lang='lat'><strong>6</strong></span> <span class='ocrx_word' id='word_1_716' title='bbox 723 2631 851 2657; x_wconf 85' lang='lat' dir='ltr'>Homines</span> <span class='ocrx_word' id='word_1_717' title='bbox 865 2635 943 2655; x_wconf 82' lang='lat' dir='ltr'>erunt</span> <span class='ocrx_word' id='word_1_718' title='bbox 955 2628 1044 2654; x_wconf 79' lang='lat' dir='ltr'>variae</span> <span class='ocrx_word' id='word_1_719' title='bbox 1057 2629 1194 2653; x_wconf 82' lang='lat' dir='ltr'>fortunae:</span> <span class='ocrx_word' id='word_1_720' title='bbox 1214 2626 1330 2660; x_wconf 90' lang='lat' dir='ltr'>quando-</span> 
     </span>
    </p>
   </div>
   <div class='ocr_carea' id='block_1_9' title="bbox 297 2661 1373 2705">
    <p class='ocr_par' dir='ltr' id='par_1_10' title="bbox 297 2661 1373 2705">
     <span class='ocr_line' id='line_1_71' title="bbox 297 2661 1373 2705; baseline -0.009 -9"><span class='ocrx_word' id='word_1_721' title='bbox 297 2680 349 2705; x_wconf 89' lang='lat' dir='ltr'>que</span> <span class='ocrx_word' id='word_1_722' title='bbox 362 2671 433 2695; x_wconf 88' lang='lat' dir='ltr'>enim</span> <span class='ocrx_word' id='word_1_723' title='bbox 446 2677 477 2695; x_wconf 85' lang='lat' dir='ltr'>ex</span> <span class='ocrx_word' id='word_1_724' title='bbox 491 2667 592 2694; x_wconf 86' lang='lat' dir='ltr'>vilibus</span> <span class='ocrx_word' id='word_1_725' title='bbox 604 2667 666 2696; x_wconf 86' lang='lat' dir='ltr'>alti,</span> <span class='ocrx_word' id='word_1_726' title='bbox 687 2665 844 2700; x_wconf 86' lang='lat' dir='ltr'>quandoque</span> <span class='ocrx_word' id='word_1_727' title='bbox 857 2674 888 2691; x_wconf 85' lang='lat' dir='ltr'>ex</span> <span class='ocrx_word' id='word_1_728' title='bbox 902 2663 1017 2690; x_wconf 87' lang='lat' dir='ltr'>dominis</span> <span class='ocrx_word' id='word_1_729' title='bbox 1030 2669 1108 2697; x_wconf 88' lang='lat' dir='ltr'>atque</span> <span class='ocrx_word' id='word_1_730' title='bbox 1122 2661 1286 2696; x_wconf 88' lang='lat' dir='ltr'>principibus</span> <span class='ocrx_word' id='word_1_731' title='bbox 1298 2661 1329 2687; x_wconf 90' lang='lat' dir='ltr'>ad</span> <span class='ocrx_word' id='word_1_732' title='bbox 1338 2664 1373 2691; x_wconf 84' lang='lat'>70</span> 
     </span>
    </p>
   </div>
   <div class='ocr_carea' id='block_1_10' title="bbox 292 2697 1335 3823">
    <p class='ocr_par' dir='ltr' id='par_1_11' title="bbox 292 2697 1335 3823">
     <span class='ocr_line' id='line_1_72' title="bbox 297 2697 1331 2735; baseline -0.008 -4"><span class='ocrx_word' id='word_1_733' title='bbox 297 2705 427 2732; x_wconf 86' lang='lat' dir='ltr'>humilem</span> <span class='ocrx_word' id='word_1_734' title='bbox 440 2703 574 2729; x_wconf 88' lang='lat' dir='ltr'>fortunam</span> <span class='ocrx_word' id='word_1_735' title='bbox 588 2701 741 2735; x_wconf 84' lang='lat' dir='ltr'>tristemque</span> <span class='ocrx_word' id='word_1_736' title='bbox 756 2700 868 2726; x_wconf 66' lang='lat' dir='ltr'>Deieeii.</span> <span class='ocrx_word' id='word_1_737' title='bbox 939 2699 1044 2725; x_wconf 78' lang='lat' dir='ltr'>Destrui</span> <span class='ocrx_word' id='word_1_738' title='bbox 1061 2707 1107 2732; x_wconf 86' lang='lat' dir='ltr'>per</span> <span class='ocrx_word' id='word_1_739' title='bbox 1120 2698 1182 2724; x_wconf 83' lang='lat' dir='ltr'>haec</span> <span class='ocrx_word' id='word_1_740' title='bbox 1195 2697 1331 2723; x_wconf 87' lang='lat' dir='ltr'>fortunam</span> 
     </span>
     <span class='ocr_line' id='line_1_73' title="bbox 298 2733 1330 2771; baseline -0.008 -5"><span class='ocrx_word' id='word_1_741' title='bbox 298 2742 370 2767; x_wconf 83' lang='lat' dir='ltr'>suam</span> <span class='ocrx_word' id='word_1_742' title='bbox 388 2740 494 2769; x_wconf 84' lang='lat' dir='ltr'>Caesar,</span> <span class='ocrx_word' id='word_1_743' title='bbox 518 2738 698 2771; x_wconf 84' lang='lat' dir='ltr'>imparemque</span> <span class='ocrx_word' id='word_1_744' title='bbox 717 2742 790 2761; x_wconf 88' lang='lat' dir='ltr'>tanto</span> <span class='ocrx_word' id='word_1_745' title='bbox 807 2735 904 2760; x_wconf 89' lang='lat' dir='ltr'>merito</span> <span class='ocrx_word' id='word_1_746' title='bbox 924 2734 1032 2762; x_wconf 80' lang='lat' dir='ltr'>rebatur</span> <span class='ocrx_word' id='word_1_747' title='bbox 1046 2733 1137 2760; x_wconf 86' lang='lat' dir='ltr'>Tacit.</span> <span class='ocrx_word' id='word_1_748' title='bbox 1158 2733 1225 2758; x_wconf 85' lang='lat' dir='ltr'>Ann.</span> <span class='ocrx_word' id='word_1_749' title='bbox 1245 2742 1273 2764; x_wconf 84' lang='lat'>4,</span> <span class='ocrx_word' id='word_1_750' title='bbox 1296 2737 1330 2762; x_wconf 86' lang='lat'>¹8-</span> 
     </span>
     <span class='ocr_line' id='line_1_74' title="bbox 299 2767 1332 2802; baseline -0.009 0"><span class='ocrx_word' id='word_1_751' title='bbox 299 2775 389 2802; x_wconf 88' lang='lat' dir='ltr'>Dilabi</span> <span class='ocrx_word' id='word_1_752' title='bbox 403 2775 536 2800; x_wconf 86' lang='lat' dir='ltr'>fortunam</span> <span class='ocrx_word' id='word_1_753' title='bbox 557 2771 633 2798; x_wconf 58' lang='lat' dir='ltr'>Auci.</span> <span class='ocrx_word' id='word_1_754' title='bbox 649 2771 680 2796; x_wconf 85' lang='lat' dir='ltr'>ad</span> <span class='ocrx_word' id='word_1_755' title='bbox 693 2772 790 2796; x_wconf 88' lang='lat' dir='ltr'>Heren.</span> <span class='ocrx_word' id='word_1_756' title='bbox 804 2778 832 2802; x_wconf 85' lang='lat'>4,</span> <span class='ocrx_word' id='word_1_757' title='bbox 846 2777 884 2801; x_wconf 89' lang='lat'>25.</span> <span class='ocrx_word' id='word_1_758' title='bbox 953 2770 1068 2795; x_wconf 86' lang='lat' dir='ltr'>Domare</span> <span class='ocrx_word' id='word_1_759' title='bbox 1083 2767 1227 2794; x_wconf 86' lang='lat' dir='ltr'>virtutibus</span> <span class='ocrx_word' id='word_1_760' title='bbox 1249 2769 1332 2794; x_wconf 90' lang='lat' dir='ltr'>fortu-</span> 
     </span>
     <span class='ocr_line' id='line_1_75' title="bbox 298 2803 1334 2837; baseline -0.007 -1"><span class='ocrx_word' id='word_1_761' title='bbox 298 2819 359 2836; x_wconf 89' lang='lat' dir='ltr'>nam</span> <span class='ocrx_word' id='word_1_762' title='bbox 372 2809 464 2837; x_wconf 85' lang='lat' dir='ltr'>Claud.</span> <span class='ocrx_word' id='word_1_763' title='bbox 477 2809 505 2834; x_wconf 92' lang='lat' dir='ltr'>in</span> <span class='ocrx_word' id='word_1_764' title='bbox 517 2809 593 2835; x_wconf 88' lang='lat' dir='ltr'>Cons.</span> <span class='ocrx_word' id='word_1_765' title='bbox 610 2805 685 2832; x_wconf 88' lang='lat' dir='ltr'>Prob.</span> <span class='ocrx_word' id='word_1_766' title='bbox 700 2813 724 2832; x_wconf 88' lang='lat' dir='ltr'>et</span> <span class='ocrx_word' id='word_1_767' title='bbox 737 2805 815 2836; x_wconf 89' lang='lat' dir='ltr'>Olyb.</span> <span class='ocrx_word' id='word_1_768' title='bbox 829 2809 864 2836; x_wconf 81' lang='grc'>38.</span> <span class='ocrx_word' id='word_1_769' title='bbox 936 2804 1051 2831; x_wconf 88' lang='lat' dir='ltr'>Fortuna</span> <span class='ocrx_word' id='word_1_770' title='bbox 1068 2804 1095 2829; x_wconf 91' lang='lat' dir='ltr'>in</span> <span class='ocrx_word' id='word_1_771' title='bbox 1109 2803 1182 2829; x_wconf 82' lang='lat' dir='ltr'>omni</span> <span class='ocrx_word' id='word_1_772' title='bbox 1201 2812 1228 2829; x_wconf 90' lang='lat' dir='ltr'>re</span> <span class='ocrx_word' id='word_1_773' title='bbox 1241 2804 1334 2830; x_wconf 86' lang='lat' dir='ltr'>Domi-</span> 
     </span>
     <span class='ocr_line' id='line_1_76' title="bbox 299 2843 702 2875; baseline -0.01 -3"><span class='ocrx_word' id='word_1_774' title='bbox 299 2853 377 2872; x_wconf 87' lang='lat' dir='ltr'>natur</span> <span class='ocrx_word' id='word_1_775' title='bbox 396 2844 494 2871; x_wconf 78' lang='lat' dir='ltr'>Sallust.</span> <span class='ocrx_word' id='word_1_776' title='bbox 508 2843 586 2870; x_wconf 91' lang='lat' dir='ltr'>Catil.</span> <span class='ocrx_word' id='word_1_777' title='bbox 601 2851 622 2868; x_wconf 92' lang='lat' dir='ltr'>c.</span> <span class='ocrx_word' id='word_1_778' title='bbox 636 2847 649 2871; x_wconf 81' lang='lat'>8</span> <span class='ocrx_word' id='word_1_779' title='bbox 661 2849 702 2875; x_wconf 83' lang='lat' dir='ltr'>pr.</span> 
     </span>
     <span class='ocr_line' id='line_1_77' title="bbox 292 2874 1333 2917; baseline -0.007 -10"><span class='ocrx_word' id='word_1_780' title='bbox 292 2881 387 2917; x_wconf 76' lang='lat' dir='ltr'>subire.</span> <span class='ocrx_word' id='word_1_781' title='bbox 425 2880 480 2906; x_wconf 86' lang='lat' dir='ltr'>Cic.</span> <span class='ocrx_word' id='word_1_782' title='bbox 495 2879 523 2904; x_wconf 90' lang='lat' dir='ltr'>in</span> <span class='ocrx_word' id='word_1_783' title='bbox 536 2879 608 2905; x_wconf 87' lang='lat' dir='ltr'>Brut.</span> <span class='ocrx_word' id='word_1_784' title='bbox 624 2886 633 2903; x_wconf 92' lang='lat'>1</span> <span class='ocrx_word' id='word_1_785' title='bbox 654 2877 769 2902; x_wconf 86' lang='lat' dir='ltr'>Fortuna</span> <span class='ocrx_word' id='word_1_786' title='bbox 788 2875 887 2910; x_wconf 87' lang='lat' dir='ltr'>optima</span> <span class='ocrx_word' id='word_1_787' title='bbox 907 2875 960 2901; x_wconf 82' lang='lat' dir='ltr'>Ess&#39;e</span> <span class='ocrx_word' id='word_1_788' title='bbox 978 2874 1082 2901; x_wconf 88' lang='lat' dir='ltr'>debent.</span> <span class='ocrx_word' id='word_1_789' title='bbox 1153 2874 1205 2900; x_wconf 80' lang='lat' dir='ltr'>Effe</span> <span class='ocrx_word' id='word_1_790' title='bbox 1226 2874 1333 2901; x_wconf 88' lang='lat' dir='ltr'>fortuna</span> 
     </span>
     <span class='ocr_line' id='line_1_78' title="bbox 300 2910 1332 2948; baseline -0.007 -5"><span class='ocrx_word' id='word_1_791' title='bbox 300 2916 456 2944; x_wconf 87' lang='lat' dir='ltr'>inferiorem</span> <span class='ocrx_word' id='word_1_792' title='bbox 470 2914 560 2948; x_wconf 89' lang='lat' dir='ltr'>aliquo</span> <span class='ocrx_word' id='word_1_793' title='bbox 581 2913 635 2939; x_wconf 90' lang='lat' dir='ltr'>Cic.</span> <span class='ocrx_word' id='word_1_794' title='bbox 651 2913 721 2938; x_wconf 88' lang='lat' dir='ltr'>Fam.</span> <span class='ocrx_word' id='word_1_795' title='bbox 735 2920 768 2943; x_wconf 80' lang='lat'>13,</span> <span class='ocrx_word' id='word_1_796' title='bbox 781 2920 801 2944; x_wconf 86' lang='lat'>5.</span> <span class='ocrx_word' id='word_1_797' title='bbox 874 2910 946 2937; x_wconf 87' lang='lat' dir='ltr'>Idem</span> <span class='ocrx_word' id='word_1_798' title='bbox 960 2910 991 2936; x_wconf 89' lang='lat' dir='ltr'>de</span> <span class='ocrx_word' id='word_1_799' title='bbox 1004 2910 1124 2936; x_wconf 89' lang='lat' dir='ltr'>Prouinc.</span> <span class='ocrx_word' id='word_1_800' title='bbox 1138 2910 1215 2936; x_wconf 89' lang='lat' dir='ltr'>Cons.</span> <span class='ocrx_word' id='word_1_801' title='bbox 1230 2919 1258 2942; x_wconf 86' lang='lat'>41</span> <span class='ocrx_word' id='word_1_802' title='bbox 1285 2911 1332 2936; x_wconf 83' lang='lat' dir='ltr'>Ex-</span> 
     </span>
     <span class='ocr_line' id='line_1_79' title="bbox 300 2945 1332 2986; baseline -0.006 -8"><span class='ocrx_word' id='word_1_803' title='bbox 300 2952 387 2986; x_wconf 83' lang='lat' dir='ltr'>cipere</span> <span class='ocrx_word' id='word_1_804' title='bbox 400 2951 548 2981; x_wconf 88' lang='lat' dir='ltr'>fortunam‚</span> <span class='ocrx_word' id='word_1_805' title='bbox 564 2948 650 2974; x_wconf 91' lang='lat' dir='ltr'>subire</span> <span class='ocrx_word' id='word_1_806' title='bbox 668 2948 724 2973; x_wconf 91' lang='lat' dir='ltr'>vim</span> <span class='ocrx_word' id='word_1_807' title='bbox 743 2952 820 2980; x_wconf 85' lang='lat' dir='ltr'>atque</span> <span class='ocrx_word' id='word_1_808' title='bbox 835 2946 959 2972; x_wconf 85' lang='lat' dir='ltr'>iniuriam</span> <span class='ocrx_word' id='word_1_809' title='bbox 973 2945 1071 2977; x_wconf 86' lang='lat' dir='ltr'>malui,</span> <span class='ocrx_word' id='word_1_810' title='bbox 1086 2952 1130 2970; x_wconf 75' lang='lat' dir='ltr'>etc.</span> <span class='ocrx_word' id='word_1_811' title='bbox 1200 2945 1332 2979; x_wconf 80' lang='lat' dir='ltr'>Elargitur</span> 
     </span>
     <span class='ocr_line' id='line_1_80' title="bbox 300 2981 1330 3016; baseline -0.007 -3"><span class='ocrx_word' id='word_1_812' title='bbox 300 2996 341 3014; x_wconf 88' lang='lat' dir='ltr'>res</span> <span class='ocrx_word' id='word_1_813' title='bbox 363 2987 470 3012; x_wconf 90' lang='lat' dir='ltr'>fortuna</span> <span class='ocrx_word' id='word_1_814' title='bbox 495 2985 550 3011; x_wconf 88' lang='lat' dir='ltr'>Cic.</span> <span class='ocrx_word' id='word_1_815' title='bbox 564 2985 633 3010; x_wconf 85' lang='lat' dir='ltr'>Fam.</span> <span class='ocrx_word' id='word_1_816' title='bbox 649 2992 668 3011; x_wconf 85' lang='lat'>1,</span> <span class='ocrx_word' id='word_1_817' title='bbox 682 2990 703 3015; x_wconf 91' lang='lat'>5.</span> <span class='ocrx_word' id='word_1_818' title='bbox 774 2983 867 3008; x_wconf 86' lang='lat' dir='ltr'>Facere</span> <span class='ocrx_word' id='word_1_819' title='bbox 890 2981 1036 3016; x_wconf 77' lang='lat' dir='ltr'>periculum</span> <span class='ocrx_word' id='word_1_820' title='bbox 1060 2981 1182 3007; x_wconf 81' lang='lat' dir='ltr'>fortunae</span> <span class='ocrx_word' id='word_1_821' title='bbox 1212 2981 1284 3007; x_wconf 89' lang='lat' dir='ltr'>Idem</span> <span class='ocrx_word' id='word_1_822' title='bbox 1298 2981 1330 3007; x_wconf 89' lang='lat' dir='ltr'>de</span> 
     </span>
     <span class='ocr_line' id='line_1_81' title="bbox 300 3022 564 3052; baseline -0.008 -4"><span class='ocrx_word' id='word_1_823' title='bbox 300 3023 421 3049; x_wconf 84' lang='lat' dir='ltr'>Prouinc.</span> <span class='ocrx_word' id='word_1_824' title='bbox 436 3022 514 3047; x_wconf 85' lang='lat' dir='ltr'>Cons.</span> <span class='ocrx_word' id='word_1_825' title='bbox 528 3027 564 3052; x_wconf 79' lang='lat'>35.</span> 
     </span>
     <span class='ocr_line' id='line_1_82' title="bbox 301 3052 1119 3087; baseline -0.009 -3"><span class='ocrx_word' id='word_1_826' title='bbox 301 3065 358 3084; x_wconf 88' lang='lat' dir='ltr'>vat:</span> <span class='ocrx_word' id='word_1_827' title='bbox 395 3056 509 3083; x_wconf 89' lang='lat' dir='ltr'>Modicis</span> <span class='ocrx_word' id='word_1_828' title='bbox 523 3055 601 3082; x_wconf 83' lang='lat' dir='ltr'>rebus</span> <span class='ocrx_word' id='word_1_829' title='bbox 615 3054 718 3087; x_wconf 74' lang='lat' dir='ltr'>longius</span> <span class='ocrx_word' id='word_1_830' title='bbox 732 3061 825 3079; x_wconf 87' lang='lat' dir='ltr'>aeuum</span> <span class='ocrx_word' id='word_1_831' title='bbox 839 3052 873 3078; x_wconf 88' lang='lat' dir='ltr'>est</span> <span class='ocrx_word' id='word_1_832' title='bbox 888 3053 945 3078; x_wconf 87' lang='lat' dir='ltr'>Sen.</span> <span class='ocrx_word' id='word_1_833' title='bbox 958 3053 1047 3086; x_wconf 77' lang='lat' dir='ltr'>Agam,</span> <span class='ocrx_word' id='word_1_834' title='bbox 1065 3060 1119 3078; x_wconf 86' lang='lat'>100.</span> 
     </span>
     <span class='ocr_line' id='line_1_83' title="bbox 302 3089 981 3126; baseline -0.009 -7"><span class='ocrx_word' id='word_1_835' title='bbox 302 3103 335 3120; x_wconf 90' lang='lat' dir='ltr'>ne</span> <span class='ocrx_word' id='word_1_836' title='bbox 355 3101 474 3126; x_wconf 83' lang='lat' dir='ltr'>magnam</span> <span class='ocrx_word' id='word_1_837' title='bbox 493 3092 625 3117; x_wconf 79' lang='lat' dir='ltr'>fortunam</span> <span class='ocrx_word' id='word_1_838' title='bbox 658 3090 724 3115; x_wconf 87' lang='lat' dir='ltr'>Hor.</span> <span class='ocrx_word' id='word_1_839' title='bbox 740 3089 826 3115; x_wconf 83' lang='lat' dir='ltr'>Carm.</span> <span class='ocrx_word' id='word_1_840' title='bbox 846 3096 868 3120; x_wconf 88' lang='grc'>3,</span> <span class='ocrx_word' id='word_1_841' title='bbox 884 3096 927 3121; x_wconf 74' lang='grc'>27,</span> <span class='ocrx_word' id='word_1_842' title='bbox 942 3095 981 3121; x_wconf 87' lang='grc'>75.</span> 
     </span>
     <span class='ocr_line' id='line_1_84' title="bbox 302 3126 783 3162; baseline -0.012 -7"><span class='ocrx_word' id='word_1_843' title='bbox 302 3129 417 3162; x_wconf 82' lang='lat' dir='ltr'>Fingunt</span> <span class='ocrx_word' id='word_1_844' title='bbox 430 3128 565 3153; x_wconf 83' lang='lat' dir='ltr'>fortunam</span> <span class='ocrx_word' id='word_1_845' title='bbox 583 3126 652 3159; x_wconf 90' lang='lat' dir='ltr'>Nep.</span> <span class='ocrx_word' id='word_1_846' title='bbox 661 3126 783 3157; x_wconf 75' lang='grc'>25,11,16.</span> 
     </span>
     <span class='ocr_line' id='line_1_85' title="bbox 301 3158 1333 3193; baseline -0.005 -3"><span class='ocrx_word' id='word_1_847' title='bbox 301 3170 358 3190; x_wconf 91' lang='lat' dir='ltr'>tum</span> <span class='ocrx_word' id='word_1_848' title='bbox 371 3163 433 3189; x_wconf 87' lang='lat' dir='ltr'>facit</span> <span class='ocrx_word' id='word_1_849' title='bbox 446 3162 519 3189; x_wconf 89' lang='lat' dir='ltr'>Publ.</span> <span class='ocrx_word' id='word_1_850' title='bbox 534 3162 589 3193; x_wconf 84' lang='lat' dir='ltr'>Syr.</span> <span class='ocrx_word' id='word_1_851' title='bbox 659 3159 773 3186; x_wconf 61' lang='lat' dir='ltr'>Functus</span> <span class='ocrx_word' id='word_1_852' title='bbox 790 3158 864 3185; x_wconf 90' lang='lat' dir='ltr'>omni</span> <span class='ocrx_word' id='word_1_853' title='bbox 878 3158 985 3184; x_wconf 88' lang='lat' dir='ltr'>fortuna</span> <span class='ocrx_word' id='word_1_854' title='bbox 1003 3158 1123 3192; x_wconf 85' lang='lat' dir='ltr'>prospere</span> <span class='ocrx_word' id='word_1_855' title='bbox 1144 3158 1198 3184; x_wconf 90' lang='lat' dir='ltr'>Cic.</span> <span class='ocrx_word' id='word_1_856' title='bbox 1214 3167 1261 3193; x_wconf 90' lang='lat' dir='ltr'>pro</span> <span class='ocrx_word' id='word_1_857' title='bbox 1274 3160 1333 3185; x_wconf 91' lang='lat' dir='ltr'>Mu-</span> 
     </span>
     <span class='ocr_line' id='line_1_86' title="bbox 302 3196 862 3227; baseline -0.011 -2"><span class='ocrx_word' id='word_1_858' title='bbox 302 3208 372 3225; x_wconf 89' lang='lat' dir='ltr'>raen.</span> <span class='ocrx_word' id='word_1_859' title='bbox 388 3207 407 3224; x_wconf 93' lang='lat'>1.</span> <span class='ocrx_word' id='word_1_860' title='bbox 479 3196 633 3223; x_wconf 87' lang='lat' dir='ltr'>Gubernans</span> <span class='ocrx_word' id='word_1_861' title='bbox 652 3196 756 3221; x_wconf 78' lang='lat' dir='ltr'>Lucret.</span> <span class='ocrx_word' id='word_1_862' title='bbox 771 3203 793 3227; x_wconf 90' lang='lat'>5,</span> <span class='ocrx_word' id='word_1_863' title='bbox 810 3199 862 3223; x_wconf 81' lang='lat'>108.</span> 
     </span>
     <span class='ocr_line' id='line_1_87' title="bbox 301 3228 1332 3267; baseline -0.008 -7"><span class='ocrx_word' id='word_1_864' title='bbox 301 3237 406 3261; x_wconf 80' lang='lat' dir='ltr'>ratione</span> <span class='ocrx_word' id='word_1_865' title='bbox 417 3232 529 3267; x_wconf 83' lang='lat' dir='ltr'>quadam</span> <span class='ocrx_word' id='word_1_866' title='bbox 543 3231 754 3258; x_wconf 86' lang='lat' dir='ltr'>Gubernabimus</span> <span class='ocrx_word' id='word_1_867' title='bbox 770 3230 826 3256; x_wconf 86' lang='lat' dir='ltr'>Cic.</span> <span class='ocrx_word' id='word_1_868' title='bbox 840 3230 892 3256; x_wconf 86' lang='lat' dir='ltr'>Att.</span> <span class='ocrx_word' id='word_1_869' title='bbox 904 3234 927 3258; x_wconf 84' lang='lat'>8,</span> <span class='ocrx_word' id='word_1_870' title='bbox 941 3236 1010 3262; x_wconf 80' lang='lat' dir='ltr'>4pr.</span> <span class='ocrx_word' id='word_1_871' title='bbox 1079 3228 1183 3254; x_wconf 84' lang='lat' dir='ltr'>Habere</span> <span class='ocrx_word' id='word_1_872' title='bbox 1198 3229 1332 3256; x_wconf 76' lang='lat' dir='ltr'>fortunam</span> 
     </span>
     <span class='ocr_line' id='line_1_88' title="bbox 303 3264 1333 3300; baseline -0.004 -5"><span class='ocrx_word' id='word_1_873' title='bbox 303 3270 384 3295; x_wconf 88' lang='lat' dir='ltr'>Ouid.</span> <span class='ocrx_word' id='word_1_874' title='bbox 399 3270 462 3295; x_wconf 84' lang='lat' dir='ltr'>Met.</span> <span class='ocrx_word' id='word_1_875' title='bbox 478 3276 566 3300; x_wconf 85' lang='grc'>3,149.</span> <span class='ocrx_word' id='word_1_876' title='bbox 635 3266 739 3292; x_wconf 89' lang='lat' dir='ltr'>Habere</span> <span class='ocrx_word' id='word_1_877' title='bbox 758 3265 890 3291; x_wconf 87' lang='lat' dir='ltr'>fortunam</span> <span class='ocrx_word' id='word_1_878' title='bbox 910 3268 1061 3290; x_wconf 85' lang='lat' dir='ltr'>reuerenter</span> <span class='ocrx_word' id='word_1_879' title='bbox 1078 3264 1174 3290; x_wconf 88' lang='lat' dir='ltr'>Ausou.</span> <span class='ocrx_word' id='word_1_880' title='bbox 1191 3265 1218 3290; x_wconf 87' lang='lat' dir='ltr'>in</span> <span class='ocrx_word' id='word_1_881' title='bbox 1234 3265 1333 3291; x_wconf 77' lang='lat' dir='ltr'>Exhor-</span> 
     </span>
     <span class='ocr_line' id='line_1_89' title="bbox 302 3298 1335 3335; baseline -0.005 -4"><span class='ocrx_word' id='word_1_882' title='bbox 302 3305 402 3330; x_wconf 83' lang='lat' dir='ltr'>tatione</span> <span class='ocrx_word' id='word_1_883' title='bbox 422 3304 453 3330; x_wconf 88' lang='lat' dir='ltr'>ad</span> <span class='ocrx_word' id='word_1_884' title='bbox 471 3302 638 3332; x_wconf 84' lang='lat' dir='ltr'>modestiam,</span> <span class='ocrx_word' id='word_1_885' title='bbox 652 3302 734 3335; x_wconf 83' lang='lat' dir='ltr'>epigr.</span> <span class='ocrx_word' id='word_1_886' title='bbox 748 3306 770 3330; x_wconf 77' lang='lat'>8.</span> <span class='ocrx_word' id='word_1_887' title='bbox 840 3299 945 3326; x_wconf 86' lang='lat' dir='ltr'>Habere</span> <span class='ocrx_word' id='word_1_888' title='bbox 962 3298 1072 3324; x_wconf 83' lang='lat' dir='ltr'>fimilem</span> <span class='ocrx_word' id='word_1_889' title='bbox 1093 3299 1180 3324; x_wconf 86' lang='lat' dir='ltr'>causae</span> <span class='ocrx_word' id='word_1_890' title='bbox 1199 3299 1335 3327; x_wconf 88' lang='lat' dir='ltr'>fortunam</span> 
     </span>
     <span class='ocr_line' id='line_1_90' title="bbox 304 3334 1332 3373; baseline -0.006 -8"><span class='ocrx_word' id='word_1_891' title='bbox 304 3340 362 3365; x_wconf 89' lang='lat' dir='ltr'>Liu.</span> <span class='ocrx_word' id='word_1_892' title='bbox 378 3349 405 3373; x_wconf 83' lang='lat'>4,</span> <span class='ocrx_word' id='word_1_893' title='bbox 420 3348 452 3371; x_wconf 83' lang='grc'>31.</span> <span class='ocrx_word' id='word_1_894' title='bbox 524 3339 666 3364; x_wconf 80' lang='lat' dir='ltr'>Fortunam</span> <span class='ocrx_word' id='word_1_895' title='bbox 696 3337 723 3362; x_wconf 94' lang='lat' dir='ltr'>in</span> <span class='ocrx_word' id='word_1_896' title='bbox 757 3335 880 3369; x_wconf 87' lang='lat' dir='ltr'>potestate</span> <span class='ocrx_word' id='word_1_897' title='bbox 911 3334 1013 3361; x_wconf 88' lang='lat' dir='ltr'>Habuit</span> <span class='ocrx_word' id='word_1_898' title='bbox 1039 3334 1105 3359; x_wconf 89' lang='lat' dir='ltr'>Cato</span> <span class='ocrx_word' id='word_1_899' title='bbox 1121 3334 1188 3359; x_wconf 85' lang='lat' dir='ltr'>Vell.</span> <span class='ocrx_word' id='word_1_900' title='bbox 1207 3343 1233 3366; x_wconf 89' lang='lat'>2,</span> <span class='ocrx_word' id='word_1_901' title='bbox 1252 3343 1288 3367; x_wconf 82' lang='lat'>35,</span> <span class='ocrx_word' id='word_1_902' title='bbox 1308 3344 1332 3361; x_wconf 83' lang='lat'>2.</span> 
     </span>
     <span class='ocr_line' id='line_1_91' title="bbox 304 3371 986 3402; baseline -0.007 -1"><span class='ocrx_word' id='word_1_903' title='bbox 304 3375 391 3401; x_wconf 85' lang='lat' dir='ltr'>Habet</span> <span class='ocrx_word' id='word_1_904' title='bbox 406 3375 460 3400; x_wconf 91' lang='lat' dir='ltr'>vim</span> <span class='ocrx_word' id='word_1_905' title='bbox 474 3373 580 3400; x_wconf 88' lang='lat' dir='ltr'>fortuna</span> <span class='ocrx_word' id='word_1_906' title='bbox 592 3373 733 3398; x_wconf 86' lang='lat' dir='ltr'>maximam</span> <span class='ocrx_word' id='word_1_907' title='bbox 753 3371 809 3397; x_wconf 89' lang='lat' dir='ltr'>Cic.</span> <span class='ocrx_word' id='word_1_908' title='bbox 824 3371 852 3396; x_wconf 94' lang='lat' dir='ltr'>in</span> <span class='ocrx_word' id='word_1_909' title='bbox 863 3371 952 3397; x_wconf 88' lang='lat' dir='ltr'>Parad.</span> <span class='ocrx_word' id='word_1_910' title='bbox 966 3377 986 3402; x_wconf 87' lang='lat'>5.</span> 
     </span>
     <span class='ocr_line' id='line_1_92' title="bbox 304 3404 1333 3439; baseline -0.005 -3"><span class='ocrx_word' id='word_1_911' title='bbox 304 3410 423 3436; x_wconf 86' lang='lat' dir='ltr'>moribus</span> <span class='ocrx_word' id='word_1_912' title='bbox 437 3411 592 3435; x_wconf 80' lang='lat' dir='ltr'>immutatur</span> <span class='ocrx_word' id='word_1_913' title='bbox 605 3408 665 3433; x_wconf 86' lang='lat' dir='ltr'>Sall.</span> <span class='ocrx_word' id='word_1_914' title='bbox 680 3406 757 3433; x_wconf 89' lang='lat' dir='ltr'>Catil.</span> <span class='ocrx_word' id='word_1_915' title='bbox 772 3415 792 3431; x_wconf 93' lang='lat' dir='ltr'>c.</span> <span class='ocrx_word' id='word_1_916' title='bbox 808 3415 829 3431; x_wconf 82' lang='lat'>2.</span> <span class='ocrx_word' id='word_1_917' title='bbox 901 3406 963 3439; x_wconf 71' lang='lat' dir='ltr'>Quo</span> <span class='ocrx_word' id='word_1_918' title='bbox 982 3405 1007 3431; x_wconf 88' lang='lat' dir='ltr'>se</span> <span class='ocrx_word' id='word_1_919' title='bbox 1020 3404 1134 3433; x_wconf 86' lang='lat' dir='ltr'>fortuna,</span> <span class='ocrx_word' id='word_1_920' title='bbox 1149 3405 1242 3430; x_wconf 84' lang='lat' dir='ltr'>eodem</span> <span class='ocrx_word' id='word_1_921' title='bbox 1255 3406 1333 3431; x_wconf 88' lang='lat' dir='ltr'>etiam</span> 
     </span>
     <span class='ocr_line' id='line_1_93' title="bbox 305 3439 1334 3473; baseline -0.003 -3"><span class='ocrx_word' id='word_1_922' title='bbox 305 3445 382 3470; x_wconf 87' lang='lat' dir='ltr'>fauor</span> <span class='ocrx_word' id='word_1_923' title='bbox 402 3445 540 3471; x_wconf 86' lang='lat' dir='ltr'>hominum</span> <span class='ocrx_word' id='word_1_924' title='bbox 560 3443 669 3470; x_wconf 90' lang='lat' dir='ltr'>Inclinat</span> <span class='ocrx_word' id='word_1_925' title='bbox 687 3442 776 3469; x_wconf 84' lang='lat' dir='ltr'>lustin.</span> <span class='ocrx_word' id='word_1_926' title='bbox 794 3449 817 3473; x_wconf 86' lang='lat'>5,</span> <span class='ocrx_word' id='word_1_927' title='bbox 832 3450 852 3473; x_wconf 89' lang='lat'>1,</span> <span class='ocrx_word' id='word_1_928' title='bbox 868 3449 898 3467; x_wconf 92' lang='lat'>11.</span> <span class='ocrx_word' id='word_1_929' title='bbox 967 3439 1090 3466; x_wconf 69' lang='lat' dir='ltr'>insectari</span> <span class='ocrx_word' id='word_1_930' title='bbox 1105 3440 1261 3466; x_wconf 89' lang='lat' dir='ltr'>miserorum</span> <span class='ocrx_word' id='word_1_931' title='bbox 1280 3441 1334 3467; x_wconf 87' lang='lat' dir='ltr'>for-</span> 
     </span>
     <span class='ocr_line' id='line_1_94' title="bbox 306 3475 1333 3511; baseline -0.002 -7"><span class='ocrx_word' id='word_1_932' title='bbox 306 3485 396 3504; x_wconf 80' lang='lat' dir='ltr'>tunam</span> <span class='ocrx_word' id='word_1_933' title='bbox 410 3480 463 3506; x_wconf 89' lang='lat' dir='ltr'>Cic.</span> <span class='ocrx_word' id='word_1_934' title='bbox 480 3479 510 3506; x_wconf 89' lang='lat' dir='ltr'>ad</span> <span class='ocrx_word' id='word_1_935' title='bbox 524 3480 596 3506; x_wconf 84' lang='lat' dir='ltr'>Brut.</span> <span class='ocrx_word' id='word_1_936' title='bbox 610 3488 636 3511; x_wconf 91' lang='lat'>4.</span> <span class='ocrx_word' id='word_1_937' title='bbox 706 3477 854 3511; x_wconf 86' lang='lat' dir='ltr'>Insequitur</span> <span class='ocrx_word' id='word_1_938' title='bbox 866 3475 954 3502; x_wconf 86' lang='lat' dir='ltr'>eadem</span> <span class='ocrx_word' id='word_1_939' title='bbox 968 3476 1075 3501; x_wconf 88' lang='lat' dir='ltr'>fortuna</span> <span class='ocrx_word' id='word_1_940' title='bbox 1087 3475 1160 3501; x_wconf 90' lang='lat' dir='ltr'>viros</span> <span class='ocrx_word' id='word_1_941' title='bbox 1179 3475 1254 3510; x_wconf 84' lang='lat' dir='ltr'>Virg.</span> <span class='ocrx_word' id='word_1_942' title='bbox 1270 3476 1333 3503; x_wconf 88' lang='lat' dir='ltr'>Aen.</span> 
     </span>
     <span class='ocr_line' id='line_1_95' title="bbox 309 3510 1334 3548; baseline -0.001 -9"><span class='ocrx_word' id='word_1_943' title='bbox 309 3522 328 3544; x_wconf 89' lang='lat'>1,</span> <span class='ocrx_word' id='word_1_944' title='bbox 344 3523 403 3545; x_wconf 85' lang='lat'>224.</span> <span class='ocrx_word' id='word_1_945' title='bbox 473 3515 601 3548; x_wconf 74' lang='lat' dir='ltr'>Qunffil.</span> <span class='ocrx_word' id='word_1_946' title='bbox 615 3515 643 3540; x_wconf 89' lang='lat' dir='ltr'>in</span> <span class='ocrx_word' id='word_1_947' title='bbox 656 3521 773 3548; x_wconf 86' lang='lat' dir='ltr'>prooem.</span> <span class='ocrx_word' id='word_1_948' title='bbox 787 3514 803 3538; x_wconf 82' lang='lat'><strong>6</strong></span> <span class='ocrx_word' id='word_1_949' title='bbox 828 3510 898 3538; x_wconf 92' lang='lat' dir='ltr'>Illud</span> <span class='ocrx_word' id='word_1_950' title='bbox 912 3519 976 3536; x_wconf 86' lang='lat' dir='ltr'>vero</span> <span class='ocrx_word' id='word_1_951' title='bbox 991 3510 1151 3542; x_wconf 85' lang='lat' dir='ltr'>Insidiantis,</span> <span class='ocrx_word' id='word_1_952' title='bbox 1171 3519 1224 3544; x_wconf 93' lang='lat' dir='ltr'>quo</span> <span class='ocrx_word' id='word_1_953' title='bbox 1236 3520 1277 3536; x_wconf 90' lang='lat' dir='ltr'>me</span> <span class='ocrx_word' id='word_1_954' title='bbox 1291 3521 1334 3538; x_wconf 89' lang='lat' dir='ltr'>va-</span> 
     </span>
     <span class='ocr_line' id='line_1_96' title="bbox 306 3547 755 3581; baseline 0.002 -8"><span class='ocrx_word' id='word_1_955' title='bbox 306 3547 386 3573; x_wconf 80' lang='lat' dir='ltr'>lidius</span> <span class='ocrx_word' id='word_1_956' title='bbox 399 3549 525 3575; x_wconf 82' lang='lat' dir='ltr'>cruciarct</span> <span class='ocrx_word' id='word_1_957' title='bbox 535 3569 542 3581; x_wconf 86' lang='lat'>‚</span> <span class='ocrx_word' id='word_1_958' title='bbox 560 3550 681 3576; x_wconf 86' lang='lat' dir='ltr'>fortunae</span> <span class='ocrx_word' id='word_1_959' title='bbox 695 3548 755 3574; x_wconf 89' lang='lat' dir='ltr'>fuit.</span> 
     </span>
     <span class='ocr_line' id='line_1_97' title="bbox 308 3581 1334 3618; baseline 0.001 -11"><span class='ocrx_word' id='word_1_960' title='bbox 308 3590 335 3616; x_wconf 88' lang='lat'>7,</span> <span class='ocrx_word' id='word_1_961' title='bbox 351 3591 386 3608; x_wconf 79' lang='lat'>10.</span> <span class='ocrx_word' id='word_1_962' title='bbox 456 3584 559 3609; x_wconf 86' lang='lat' dir='ltr'>inuidet</span> <span class='ocrx_word' id='word_1_963' title='bbox 572 3585 678 3611; x_wconf 91' lang='lat' dir='ltr'>fortuna</span> <span class='ocrx_word' id='word_1_964' title='bbox 690 3583 789 3618; x_wconf 87' lang='lat' dir='ltr'>Populo</span> <span class='ocrx_word' id='word_1_965' title='bbox 797 3583 918 3609; x_wconf 82' lang='lat' dir='ltr'>Romano</span> <span class='ocrx_word' id='word_1_966' title='bbox 936 3581 1006 3607; x_wconf 87' lang='lat' dir='ltr'>Idem</span> <span class='ocrx_word' id='word_1_967' title='bbox 1020 3590 1048 3614; x_wconf 92' lang='lat'>4,</span> <span class='ocrx_word' id='word_1_968' title='bbox 1062 3589 1087 3613; x_wconf 85' lang='lat'>2,</span> <span class='ocrx_word' id='word_1_969' title='bbox 1100 3590 1118 3607; x_wconf 89' lang='lat'>1.</span> <span class='ocrx_word' id='word_1_970' title='bbox 1189 3582 1334 3608; x_wconf 86' lang='lat' dir='ltr'>Labentem</span> 
     </span>
     <span class='ocr_line' id='line_1_98' title="bbox 307 3616 1334 3651; baseline 0 -7"><span class='ocrx_word' id='word_1_971' title='bbox 307 3618 441 3644; x_wconf 85' lang='lat' dir='ltr'>fortunam</span> <span class='ocrx_word' id='word_1_972' title='bbox 456 3619 604 3649; x_wconf 85' lang='lat' dir='ltr'>continere,</span> <span class='ocrx_word' id='word_1_973' title='bbox 622 3620 674 3645; x_wconf 75' lang='lat' dir='ltr'>vid.</span> <span class='ocrx_word' id='word_1_974' title='bbox 696 3625 810 3645; x_wconf 78' lang='lat' dir='ltr'>LABOR.</span> <span class='ocrx_word' id='word_1_975' title='bbox 879 3617 976 3651; x_wconf 86' lang='lat' dir='ltr'>Legare</span> <span class='ocrx_word' id='word_1_976' title='bbox 995 3616 1131 3649; x_wconf 90' lang='lat' dir='ltr'>fortunae,</span> <span class='ocrx_word' id='word_1_977' title='bbox 1149 3616 1202 3642; x_wconf 86' lang='lat' dir='ltr'>vid.</span> <span class='ocrx_word' id='word_1_978' title='bbox 1222 3623 1237 3642; x_wconf 72' lang='lat'>1.</span> <span class='ocrx_word' id='word_1_979' title='bbox 1248 3623 1264 3643; x_wconf 81' lang='lat' dir='ltr'>E</span> <span class='ocrx_word' id='word_1_980' title='bbox 1276 3624 1334 3646; x_wconf 80' lang='lat' dir='ltr'>Go.</span> 
     </span>
     <span class='ocr_line' id='line_1_99' title="bbox 308 3651 1334 3687; baseline 0 -8"><span class='ocrx_word' id='word_1_981' title='bbox 308 3653 364 3679; x_wconf 85' lang='lat' dir='ltr'>Cic.</span> <span class='ocrx_word' id='word_1_982' title='bbox 403 3672 409 3677; x_wconf 96' lang='lat'>.</span> <span class='ocrx_word' id='word_1_983' title='bbox 447 3671 453 3678; x_wconf 94' lang='lat'>.</span> <span class='ocrx_word' id='word_1_984' title='bbox 491 3672 497 3677; x_wconf 95' lang='lat'>.</span> <span class='ocrx_word' id='word_1_985' title='bbox 533 3653 617 3679; x_wconf 89' lang='lat' dir='ltr'>Nullo</span> <span class='ocrx_word' id='word_1_986' title='bbox 637 3654 695 3680; x_wconf 80' lang='lat' dir='ltr'>loco</span> <span class='ocrx_word' id='word_1_987' title='bbox 714 3655 810 3685; x_wconf 88' lang='lat' dir='ltr'>deer0,</span> <span class='ocrx_word' id='word_1_988' title='bbox 828 3661 914 3687; x_wconf 87' lang='lat' dir='ltr'>neque</span> <span class='ocrx_word' id='word_1_989' title='bbox 933 3651 966 3677; x_wconf 92' lang='lat' dir='ltr'>ad</span> <span class='ocrx_word' id='word_1_990' title='bbox 986 3651 1189 3684; x_wconf 80' lang='lat' dir='ltr'>consolandum,</span> <span class='ocrx_word' id='word_1_991' title='bbox 1204 3661 1289 3687; x_wconf 90' lang='lat' dir='ltr'>neque</span> <span class='ocrx_word' id='word_1_992' title='bbox 1301 3653 1334 3679; x_wconf 88' lang='lat' dir='ltr'>ad</span> 
     </span>
     <span class='ocr_line' id='line_1_100' title="bbox 308 3687 1332 3721; baseline 0.001 -7"><span class='ocrx_word' id='word_1_993' title='bbox 308 3687 460 3714; x_wconf 86' lang='lat' dir='ltr'>Leuandum</span> <span class='ocrx_word' id='word_1_994' title='bbox 474 3687 605 3713; x_wconf 86' lang='lat' dir='ltr'>fortunam</span> <span class='ocrx_word' id='word_1_995' title='bbox 618 3694 697 3714; x_wconf 86' lang='lat' dir='ltr'>tuam.</span> <span class='ocrx_word' id='word_1_996' title='bbox 749 3687 939 3715; x_wconf 86' lang='lat' dir='ltr'>Moderandum</span> <span class='ocrx_word' id='word_1_997' title='bbox 952 3687 1074 3713; x_wconf 84' lang='lat' dir='ltr'>fortunae</span> <span class='ocrx_word' id='word_1_998' title='bbox 1086 3687 1175 3714; x_wconf 86' lang='lat' dir='ltr'>Tacit.</span> <span class='ocrx_word' id='word_1_999' title='bbox 1184 3689 1250 3714; x_wconf 89' lang='lat' dir='ltr'>Ann.</span> <span class='ocrx_word' id='word_1_1000' title='bbox 1266 3697 1298 3720; x_wconf 85' lang='lat'>15,</span> <span class='ocrx_word' id='word_1_1001' title='bbox 1311 3697 1332 3721; x_wconf 95' lang='lat'>5.</span> 
     </span>
     <span class='ocr_line' id='line_1_101' title="bbox 306 3722 804 3753; baseline -0.004 -4"><span class='ocrx_word' id='word_1_1002' title='bbox 306 3724 425 3750; x_wconf 85' lang='lat' dir='ltr'>Mutatur</span> <span class='ocrx_word' id='word_1_1003' title='bbox 450 3722 570 3753; x_wconf 89' lang='lat' dir='ltr'>fortuna,</span> <span class='ocrx_word' id='word_1_1004' title='bbox 597 3723 647 3748; x_wconf 72' lang='lat' dir='ltr'>vid.</span> <span class='ocrx_word' id='word_1_1005' title='bbox 677 3730 700 3749; x_wconf 80' lang='grc' dir='ltr'>Μ</span> <span class='ocrx_word' id='word_1_1006' title='bbox 711 3731 730 3749; x_wconf 85' lang='grc' dir='ltr'><strong>ν</strong></span> <span class='ocrx_word' id='word_1_1007' title='bbox 742 3730 763 3749; x_wconf 86' lang='grc' dir='ltr'><strong>Τ</strong></span> <span class='ocrx_word' id='word_1_1008' title='bbox 776 3731 804 3750; x_wconf 85' lang='lat'>0.</span> 
     </span>
     <span class='ocr_line' id='line_1_102' title="bbox 307 3756 1334 3793; baseline 0 -8"><span class='ocrx_word' id='word_1_1009' title='bbox 307 3760 362 3785; x_wconf 90' lang='lat' dir='ltr'>Cic.</span> <span class='ocrx_word' id='word_1_1010' title='bbox 378 3759 430 3784; x_wconf 88' lang='lat' dir='ltr'>Att.</span> <span class='ocrx_word' id='word_1_1011' title='bbox 446 3765 484 3789; x_wconf 89' lang='lat'>14,</span> <span class='ocrx_word' id='word_1_1012' title='bbox 499 3764 526 3790; x_wconf 91' lang='lat'>17</span> <span class='ocrx_word' id='word_1_1013' title='bbox 555 3756 581 3782; x_wconf 91' lang='lat' dir='ltr'>Si</span> <span class='ocrx_word' id='word_1_1014' title='bbox 595 3766 648 3782; x_wconf 87' lang='lat' dir='ltr'>non</span> <span class='ocrx_word' id='word_1_1015' title='bbox 661 3758 780 3784; x_wconf 84' lang='lat' dir='ltr'>fortunae</span> <span class='ocrx_word' id='word_1_1016' title='bbox 797 3758 964 3793; x_wconf 83' lang='lat' dir='ltr'>Obsequutus</span> <span class='ocrx_word' id='word_1_1017' title='bbox 984 3758 1081 3789; x_wconf 89' lang='lat' dir='ltr'>fueris,</span> <span class='ocrx_word' id='word_1_1018' title='bbox 1097 3757 1163 3784; x_wconf 86' lang='lat' dir='ltr'>male</span> <span class='ocrx_word' id='word_1_1019' title='bbox 1177 3764 1262 3784; x_wconf 88' lang='lat' dir='ltr'>tecum</span> <span class='ocrx_word' id='word_1_1020' title='bbox 1276 3768 1334 3793; x_wconf 83' lang='lat' dir='ltr'>age-</span> 
     </span>
     <span class='ocr_line' id='line_1_103' title="bbox 305 3792 1332 3823; baseline 0 -3"><span class='ocrx_word' id='word_1_1021' title='bbox 305 3799 357 3820; x_wconf 91' lang='lat' dir='ltr'>tur.</span> <span class='ocrx_word' id='word_1_1022' title='bbox 428 3792 541 3819; x_wconf 87' lang='lat' dir='ltr'>Pendere</span> <span class='ocrx_word' id='word_1_1023' title='bbox 555 3800 586 3817; x_wconf 83' lang='lat' dir='ltr'>cx</span> <span class='ocrx_word' id='word_1_1024' title='bbox 600 3792 722 3823; x_wconf 87' lang='lat' dir='ltr'>fortuna,</span> <span class='ocrx_word' id='word_1_1025' title='bbox 740 3793 793 3818; x_wconf 74' lang='lat' dir='ltr'>vid.</span> <span class='ocrx_word' id='word_1_1026' title='bbox 813 3799 949 3820; x_wconf 71' lang='lat' dir='ltr'>PENDro.</span> <span class='ocrx_word' id='word_1_1027' title='bbox 1019 3792 1148 3819; x_wconf 84' lang='lat' dir='ltr'>Pendebat</span> <span class='ocrx_word' id='word_1_1028' title='bbox 1166 3793 1228 3820; x_wconf 91' lang='lat' dir='ltr'>belli</span> <span class='ocrx_word' id='word_1_1029' title='bbox 1248 3794 1332 3820; x_wconf 86' lang='lat' dir='ltr'>sortu-</span> 
     </span>
    </p>
   </div>
   <div class='ocr_carea' id='block_1_11' title="bbox 303 3828 1333 3931">
    <p class='ocr_par' dir='ltr' id='par_1_12' title="bbox 303 3828 1333 3931">
     <span class='ocr_line' id='line_1_104' title="bbox 305 3828 1333 3868; baseline 0.001 -13"><span class='ocrx_word' id='word_1_1030' title='bbox 305 3838 338 3855; x_wconf 91' lang='lat' dir='ltr'>na</span> <span class='ocrx_word' id='word_1_1031' title='bbox 356 3828 435 3855; x_wconf 89' lang='lat' dir='ltr'>Ouid.</span> <span class='ocrx_word' id='word_1_1032' title='bbox 450 3829 513 3867; x_wconf 80' lang='lat' dir='ltr'>Met.</span> <span class='ocrx_word' id='word_1_1033' title='bbox 534 3832 555 3856; x_wconf 84' lang='lat'>8,</span> <span class='ocrx_word' id='word_1_1034' title='bbox 576 3835 609 3852; x_wconf 75' lang='grc'>13.</span> <span class='ocrx_word' id='word_1_1035' title='bbox 685 3828 827 3859; x_wconf 80' lang='lat' dir='ltr'>Homines,</span> <span class='ocrx_word' id='word_1_1036' title='bbox 844 3829 890 3861; x_wconf 91' lang='lat' dir='ltr'>qui</span> <span class='ocrx_word' id='word_1_1037' title='bbox 908 3830 933 3855; x_wconf 88' lang='lat' dir='ltr'>se</span> <span class='ocrx_word' id='word_1_1038' title='bbox 948 3829 1087 3868; x_wconf 52' lang='lat' dir='ltr'>Pernffere</span> <span class='ocrx_word' id='word_1_1039' title='bbox 1106 3829 1241 3861; x_wconf 86' lang='lat' dir='ltr'>fortunae,</span> <span class='ocrx_word' id='word_1_1040' title='bbox 1253 3831 1333 3856; x_wconf 88' lang='lat' dir='ltr'>etiam</span> 
     </span>
     <span class='ocr_line' id='line_1_105' title="bbox 304 3861 1331 3893; baseline 0 -3"><span class='ocrx_word' id='word_1_1041' title='bbox 304 3870 426 3890; x_wconf 87' lang='lat' dir='ltr'>naturam</span> <span class='ocrx_word' id='word_1_1042' title='bbox 445 3863 580 3889; x_wconf 78' lang='lat' dir='ltr'>dediscunt</span> <span class='ocrx_word' id='word_1_1043' title='bbox 600 3861 674 3888; x_wconf 86' lang='lat' dir='ltr'>Curt.</span> <span class='ocrx_word' id='word_1_1044' title='bbox 694 3870 716 3892; x_wconf 89' lang='grc'>3,</span> <span class='ocrx_word' id='word_1_1045' title='bbox 736 3870 760 3893; x_wconf 89' lang='lat'>2,</span> <span class='ocrx_word' id='word_1_1046' title='bbox 781 3868 814 3888; x_wconf 62' lang='lat'>113.</span> <span class='ocrx_word' id='word_1_1047' title='bbox 885 3864 999 3890; x_wconf 86' lang='lat' dir='ltr'>Fortuna</span> <span class='ocrx_word' id='word_1_1048' title='bbox 1022 3872 1050 3889; x_wconf 89' lang='grc'>111</span> <span class='ocrx_word' id='word_1_1049' title='bbox 1072 3864 1146 3890; x_wconf 84' lang='grc'>0111111</span> <span class='ocrx_word' id='word_1_1050' title='bbox 1167 3873 1195 3891; x_wconf 91' lang='lat' dir='ltr'>re</span> <span class='ocrx_word' id='word_1_1051' title='bbox 1218 3865 1331 3890; x_wconf 90' lang='lat' dir='ltr'>multum</span> 
     </span>
     <span class='ocr_line' id='line_1_106' title="bbox 303 3898 615 3931; baseline -0.013 -5"><span class='ocrx_word' id='word_1_1052' title='bbox 303 3899 387 3926; x_wconf 88' lang='lat' dir='ltr'>Potest</span> <span class='ocrx_word' id='word_1_1053' title='bbox 409 3898 478 3925; x_wconf 90' lang='lat' dir='ltr'>Vell.</span> <span class='ocrx_word' id='word_1_1054' title='bbox 492 3906 518 3931; x_wconf 88' lang='lat'>2,</span> <span class='ocrx_word' id='word_1_1055' title='bbox 532 3899 583 3931; x_wconf 88' lang='lat'>116,</span> <span class='ocrx_word' id='word_1_1056' title='bbox 594 3906 615 3929; x_wconf 82' lang='lat'>3.</span> 
     </span>
    </p>
   </div>
   <div class='ocr_carea' id='block_1_12' title="bbox 840 3052 1331 3156">
    <p class='ocr_par' dir='ltr' id='par_1_13' title="bbox 840 3052 1331 3156">
     <span class='ocr_line' id='line_1_107' title="bbox 1191 3052 1331 3078; baseline 0 0"><span class='ocrx_word' id='word_1_1057' title='bbox 1191 3052 1269 3078; x_wconf 88' lang='lat' dir='ltr'>Ferre</span> <span class='ocrx_word' id='word_1_1058' title='bbox 1289 3053 1331 3078; x_wconf 90' lang='lat' dir='ltr'>be-</span> 
     </span>
     <span class='ocr_line' id='line_1_108' title="bbox 1053 3087 1331 3121; baseline 0.007 -9"><span class='ocrx_word' id='word_1_1059' title='bbox 1053 3087 1099 3113; x_wconf 69' lang='grc'>5111</span> <span class='ocrx_word' id='word_1_1060' title='bbox 1124 3087 1220 3121; x_wconf 88' lang='lat' dir='ltr'>cuique</span> <span class='ocrx_word' id='word_1_1061' title='bbox 1245 3096 1331 3114; x_wconf 87' lang='lat' dir='ltr'>mores</span> 
     </span>
     <span class='ocr_line' id='line_1_109' title="bbox 840 3122 1331 3156; baseline 0 -8"><span class='ocrx_word' id='word_1_1062' title='bbox 840 3124 954 3149; x_wconf 85' lang='lat' dir='ltr'>Fortuna</span> <span class='ocrx_word' id='word_1_1063' title='bbox 962 3122 1075 3148; x_wconf 88' lang='lat' dir='ltr'>nimium</span> <span class='ocrx_word' id='word_1_1064' title='bbox 1083 3131 1161 3156; x_wconf 87' lang='lat' dir='ltr'>quem</span> <span class='ocrx_word' id='word_1_1065' title='bbox 1171 3124 1263 3155; x_wconf 84' lang='lat' dir='ltr'>Fouet‚</span> <span class='ocrx_word' id='word_1_1066' title='bbox 1271 3123 1331 3149; x_wconf 86' lang='lat' dir='ltr'>stul-</span> 
     </span>
    </p>
   </div>
   <div class='ocr_carea' id='block_1_13' title="bbox 1365 231 2126 294">
    <p class='ocr_par' dir='ltr' id='par_1_14' title="bbox 1365 231 2126 294">
     <span class='ocr_line' id='line_1_110' title="bbox 1365 231 2126 294; baseline -0.008 -7"><span class='ocrx_word' id='word_1_1067' title='bbox 1365 231 1464 294; x_wconf 59' lang='lat' dir='ltr'>iissaiiis</span> <span class='ocrx_word' id='word_1_1068' title='bbox 1477 259 1556 285; x_wconf 87' lang='lat' dir='ltr'>inerti</span> <span class='ocrx_word' id='word_1_1069' title='bbox 1570 258 1649 289; x_wconf 85' lang='lat' dir='ltr'>luxu,</span> <span class='ocrx_word' id='word_1_1070' title='bbox 1667 264 1696 282; x_wconf 89' lang='lat' dir='ltr'>ae</span> <span class='ocrx_word' id='word_1_1071' title='bbox 1709 255 1827 290; x_wconf 85' lang='lat' dir='ltr'>prodigis</span> <span class='ocrx_word' id='word_1_1072' title='bbox 1841 254 1925 289; x_wconf 85' lang='lat' dir='ltr'>epulis</span> <span class='ocrx_word' id='word_1_1073' title='bbox 1939 254 2126 281; x_wconf 87' lang='lat' dir='ltr'>Praesumebat.</span> 
     </span>
    </p>
   </div>
   <div class='ocr_carea' id='block_1_14' title="bbox 1334 538 2060 573">
    <p class='ocr_par' dir='ltr' id='par_1_15' title="bbox 1334 538 2060 573">
     <span class='ocr_line' id='line_1_111' title="bbox 1334 538 2060 573; baseline -0.007 -5"><span class='ocrx_word' id='word_1_1074' title='bbox 1334 549 1363 568; x_wconf 90' lang='lat'>10</span> <span class='ocrx_word' id='word_1_1075' title='bbox 1372 542 1479 568; x_wconf 86' lang='lat' dir='ltr'>fortuna</span> <span class='ocrx_word' id='word_1_1076' title='bbox 1506 542 1601 573; x_wconf 88' lang='lat' dir='ltr'>etiam,</span> <span class='ocrx_word' id='word_1_1077' title='bbox 1618 545 1647 566; x_wconf 92' lang='lat' dir='ltr'>vt</span> <span class='ocrx_word' id='word_1_1078' title='bbox 1664 540 1707 572; x_wconf 86' lang='lat' dir='ltr'>fit,</span> <span class='ocrx_word' id='word_1_1079' title='bbox 1727 540 1819 566; x_wconf 84' lang='lat' dir='ltr'>Secuta</span> <span class='ocrx_word' id='word_1_1080' title='bbox 1838 538 1873 564; x_wconf 86' lang='lat' dir='ltr'>est</span> <span class='ocrx_word' id='word_1_1081' title='bbox 1898 539 1959 564; x_wconf 91' lang='lat' dir='ltr'>Liu.</span> <span class='ocrx_word' id='word_1_1082' title='bbox 1978 546 2002 570; x_wconf 87' lang='lat'>5,</span> <span class='ocrx_word' id='word_1_1083' title='bbox 2022 545 2060 570; x_wconf 90' lang='lat'>19.</span> 
     </span>
    </p>
   </div>
   <div class='ocr_carea' id='block_1_15' title="bbox 1231 894 1965 926">
    <p class='ocr_par' dir='ltr' id='par_1_16' title="bbox 1231 894 1965 926">
     <span class='ocr_line' id='line_1_112' title="bbox 1231 894 1965 926; baseline -0.008 -2"><span class='ocrx_word' id='word_1_1084' title='bbox 1231 899 1312 925; x_wconf 76' lang='lat' dir='ltr'>Casus</span> <span class='ocrx_word' id='word_1_1085' title='bbox 1320 908 1355 926; x_wconf 77' lang='lat'>20</span> <span class='ocrx_word' id='word_1_1086' title='bbox 1374 897 1475 923; x_wconf 87' lang='lat' dir='ltr'>riorem</span> <span class='ocrx_word' id='word_1_1087' title='bbox 1493 896 1601 923; x_wconf 86' lang='lat' dir='ltr'>fortuna</span> <span class='ocrx_word' id='word_1_1088' title='bbox 1616 896 1671 922; x_wconf 89' lang='lat' dir='ltr'>alio</span> <span class='ocrx_word' id='word_1_1089' title='bbox 1690 895 1738 921; x_wconf 81' lang='lat' dir='ltr'>effe</span> <span class='ocrx_word' id='word_1_1090' title='bbox 1756 894 1794 920; x_wconf 88' lang='lat' dir='ltr'>Id.</span> <span class='ocrx_word' id='word_1_1091' title='bbox 1809 894 1878 920; x_wconf 86' lang='lat' dir='ltr'>Fam.</span> <span class='ocrx_word' id='word_1_1092' title='bbox 1895 901 1928 925; x_wconf 84' lang='lat'>13,</span> <span class='ocrx_word' id='word_1_1093' title='bbox 1944 902 1965 926; x_wconf 83' lang='lat'>5.</span> 
     </span>
    </p>
   </div>
   <div class='ocr_carea' id='block_1_16' title="bbox 1122 1077 1350 1106">
    <p class='ocr_par' dir='ltr' id='par_1_17' title="bbox 1122 1077 1350 1106">
     <span class='ocr_line' id='line_1_113' title="bbox 1122 1077 1350 1106; baseline -0.009 -2"><span class='ocrx_word' id='word_1_1094' title='bbox 1122 1079 1211 1104; x_wconf 86' lang='lat' dir='ltr'>Motus</span> <span class='ocrx_word' id='word_1_1095' title='bbox 1232 1077 1315 1103; x_wconf 89' lang='lat' dir='ltr'>fortu-</span> <span class='ocrx_word' id='word_1_1096' title='bbox 1322 1080 1350 1106; x_wconf 82' lang='lat'>25</span> 
     </span>
    </p>
   </div>
   <div class='ocr_carea' id='block_1_17' title="bbox 852 1255 1360 1286">
    <p class='ocr_par' dir='ltr' id='par_1_18' title="bbox 852 1255 1360 1286">
     <span class='ocr_line' id='line_1_114' title="bbox 852 1255 1360 1286; baseline -0.01 -3"><span class='ocrx_word' id='word_1_1097' title='bbox 852 1265 865 1282; x_wconf 91' lang='grc'>2</span> <span class='ocrx_word' id='word_1_1098' title='bbox 900 1256 1016 1283; x_wconf 86' lang='lat' dir='ltr'>Aduersa</span> <span class='ocrx_word' id='word_1_1099' title='bbox 1035 1256 1092 1282; x_wconf 90' lang='lat' dir='ltr'>Cic.</span> <span class='ocrx_word' id='word_1_1100' title='bbox 1104 1256 1135 1282; x_wconf 90' lang='lat' dir='ltr'>de</span> <span class='ocrx_word' id='word_1_1101' title='bbox 1149 1255 1184 1282; x_wconf 92' lang='lat' dir='ltr'>N.</span> <span class='ocrx_word' id='word_1_1102' title='bbox 1198 1255 1228 1281; x_wconf 91' lang='lat' dir='ltr'>D.</span> <span class='ocrx_word' id='word_1_1103' title='bbox 1243 1262 1266 1286; x_wconf 85' lang='lat'>3,</span> <span class='ocrx_word' id='word_1_1104' title='bbox 1280 1256 1317 1279; x_wconf 88' lang='lat'>61.</span> <span class='ocrx_word' id='word_1_1105' title='bbox 1328 1259 1360 1283; x_wconf 83' lang='grc'>30</span> 
     </span>
    </p>
   </div>
   <div class='ocr_carea' id='block_1_18' title="bbox 1094 1433 1353 1466">
    <p class='ocr_par' dir='ltr' id='par_1_19' title="bbox 1094 1433 1353 1466">
     <span class='ocr_line' id='line_1_115' title="bbox 1094 1433 1353 1466; baseline -0.008 -7"><span class='ocrx_word' id='word_1_1106' title='bbox 1094 1433 1248 1459; x_wconf 87' lang='lat' dir='ltr'>Communis</span> <span class='ocrx_word' id='word_1_1107' title='bbox 1261 1440 1320 1466; x_wconf 88' lang='lat' dir='ltr'>pro·</span> <span class='ocrx_word' id='word_1_1108' title='bbox 1326 1438 1353 1464; x_wconf 83' lang='lat'>35</span> 
     </span>
    </p>
   </div>
   <div class='ocr_carea' id='block_1_19' title="bbox 1205 1609 1365 1640">
    <p class='ocr_par' dir='ltr' id='par_1_20' title="bbox 1205 1609 1365 1640">
     <span class='ocr_line' id='line_1_116' title="bbox 1205 1609 1365 1640; baseline -0.019 -3"><span class='ocrx_word' id='word_1_1109' title='bbox 1205 1609 1277 1637; x_wconf 88' lang='lat' dir='ltr'>Idem</span> <span class='ocrx_word' id='word_1_1110' title='bbox 1289 1609 1320 1635; x_wconf 86' lang='lat' dir='ltr'>de</span> <span class='ocrx_word' id='word_1_1111' title='bbox 1328 1616 1365 1640; x_wconf 88' lang='lat'>40</span> 
     </span>
    </p>
   </div>
   <div class='ocr_carea' id='block_1_20' title="bbox 1229 1786 1360 1814">
    <p class='ocr_par' dir='ltr' id='par_1_21' title="bbox 1229 1786 1360 1814">
     <span class='ocr_line' id='line_1_117' title="bbox 1229 1786 1360 1814; baseline 0.008 -4"><span class='ocrx_word' id='word_1_1112' title='bbox 1229 1786 1360 1814; x_wconf 76' lang='lat' dir='ltr'>Manca45</span> 
     </span>
    </p>
   </div>
   <div class='ocr_carea' id='block_1_21' title="bbox 1225 1958 1363 1988">
    <p class='ocr_par' dir='ltr' id='par_1_22' title="bbox 1225 1958 1363 1988">
     <span class='ocr_line' id='line_1_118' title="bbox 1225 1958 1363 1988; baseline -0.007 -6"><span class='ocrx_word' id='word_1_1113' title='bbox 1225 1958 1363 1988; x_wconf 79' lang='lat' dir='ltr'>Tristis50</span> 
     </span>
    </p>
   </div>
   <div class='ocr_carea' id='block_1_22' title="bbox 681 2307 1370 2341">
    <p class='ocr_par' dir='ltr' id='par_1_23' title="bbox 681 2307 1370 2341">
     <span class='ocr_line' id='line_1_119' title="bbox 681 2307 1370 2341; baseline -0.007 -2"><span class='ocrx_word' id='word_1_1114' title='bbox 681 2312 856 2339; x_wconf 80' lang='lat' dir='ltr'>Connuittere</span> <span class='ocrx_word' id='word_1_1115' title='bbox 868 2313 894 2338; x_wconf 90' lang='lat' dir='ltr'>se</span> <span class='ocrx_word' id='word_1_1116' title='bbox 905 2312 1039 2341; x_wconf 83' lang='lat' dir='ltr'>fortunae,</span> <span class='ocrx_word' id='word_1_1117' title='bbox 1058 2309 1112 2336; x_wconf 79' lang='lat' dir='ltr'>vid.</span> <span class='ocrx_word' id='word_1_1118' title='bbox 1131 2315 1325 2336; x_wconf 81' lang='lat' dir='ltr'>COMMITTO.</span> <span class='ocrx_word' id='word_1_1119' title='bbox 1335 2307 1370 2330; x_wconf 86' lang='lat'>60</span> 
     </span>
    </p>
   </div>
   <div class='ocr_carea' id='block_1_23' title="bbox 965 2484 1371 2515">
    <p class='ocr_par' dir='ltr' id='par_1_24' title="bbox 965 2484 1371 2515">
     <span class='ocr_line' id='line_1_120' title="bbox 965 2484 1371 2515; baseline 0 -3"><span class='ocrx_word' id='word_1_1120' title='bbox 965 2487 1097 2513; x_wconf 85' lang='lat' dir='ltr'>Conuersa</span> <span class='ocrx_word' id='word_1_1121' title='bbox 1116 2485 1204 2512; x_wconf 88' lang='lat' dir='ltr'>subito</span> <span class='ocrx_word' id='word_1_1122' title='bbox 1221 2486 1329 2512; x_wconf 89' lang='lat' dir='ltr'>fortuna</span> <span class='ocrx_word' id='word_1_1123' title='bbox 1341 2484 1371 2515; x_wconf 78' lang='lat'>63</span> 
     </span>
    </p>
   </div>
   <div class='ocr_carea' id='block_1_24' title="bbox 773 2837 1375 2874">
    <p class='ocr_par' dir='ltr' id='par_1_25' title="bbox 773 2837 1375 2874">
     <span class='ocr_line' id='line_1_121' title="bbox 773 2837 1375 2874; baseline -0.003 -8"><span class='ocrx_word' id='word_1_1124' title='bbox 773 2841 825 2866; x_wconf 78' lang='lat' dir='ltr'>Effe</span> <span class='ocrx_word' id='word_1_1125' title='bbox 845 2840 969 2871; x_wconf 87' lang='lat' dir='ltr'>fortuna,</span> <span class='ocrx_word' id='word_1_1126' title='bbox 988 2839 1051 2864; x_wconf 75' lang='lat' dir='ltr'>idem</span> <span class='ocrx_word' id='word_1_1127' title='bbox 1071 2837 1104 2871; x_wconf 79' lang='lat' dir='ltr'>est</span> <span class='ocrx_word' id='word_1_1128' title='bbox 1122 2839 1187 2874; x_wconf 83' lang='lat' dir='ltr'>quod</span> <span class='ocrx_word' id='word_1_1129' title='bbox 1202 2840 1331 2864; x_wconf 71' lang='lat' dir='ltr'>Fortunam</span> <span class='ocrx_word' id='word_1_1130' title='bbox 1345 2838 1375 2866; x_wconf 79' lang='lat'>75</span> 
     </span>
    </p>
   </div>
   <div class='ocr_carea' id='block_1_25' title="bbox 635 3015 1377 3057">
    <p class='ocr_par' dir='ltr' id='par_1_26' title="bbox 635 3015 1377 3057">
     <span class='ocr_line' id='line_1_122' title="bbox 635 3015 1377 3057; baseline -0.003 -14"><span class='ocrx_word' id='word_1_1131' title='bbox 635 3017 773 3057; x_wconf 71' lang='lat' dir='ltr'>Qudquid</span> <span class='ocrx_word' id='word_1_1132' title='bbox 791 3017 819 3043; x_wconf 89' lang='lat' dir='ltr'>in</span> <span class='ocrx_word' id='word_1_1133' title='bbox 837 3017 918 3043; x_wconf 90' lang='lat' dir='ltr'>altum</span> <span class='ocrx_word' id='word_1_1134' title='bbox 936 3018 1050 3043; x_wconf 88' lang='lat' dir='ltr'>Fortuna</span> <span class='ocrx_word' id='word_1_1135' title='bbox 1068 3016 1145 3048; x_wconf 89' lang='lat' dir='ltr'>tulit,</span> <span class='ocrx_word' id='word_1_1136' title='bbox 1164 3016 1268 3043; x_wconf 90' lang='lat' dir='ltr'>ruitura</span> <span class='ocrx_word' id='word_1_1137' title='bbox 1284 3018 1331 3043; x_wconf 86' lang='lat' dir='ltr'>Le-</span> <span class='ocrx_word' id='word_1_1138' title='bbox 1345 3015 1377 3041; x_wconf 88' lang='lat'>80</span> 
     </span>
    </p>
   </div>
   <div class='ocr_carea' id='block_1_26' title="bbox 932 3191 1368 3226">
    <p class='ocr_par' dir='ltr' id='par_1_27' title="bbox 932 3191 1368 3226">
     <span class='ocr_line' id='line_1_123' title="bbox 932 3191 1368 3226; baseline 0.002 -7"><span class='ocrx_word' id='word_1_1139' title='bbox 932 3193 1014 3219; x_wconf 83' lang='lat' dir='ltr'>Cuius</span> <span class='ocrx_word' id='word_1_1140' title='bbox 1027 3194 1148 3219; x_wconf 82' lang='lat' dir='ltr'>fortunae</span> <span class='ocrx_word' id='word_1_1141' title='bbox 1161 3203 1207 3219; x_wconf 83' lang='lat' dir='ltr'>nos</span> <span class='ocrx_word' id='word_1_1142' title='bbox 1221 3191 1368 3226; x_wconf 77' lang='lat' dir='ltr'>motum,85</span> 
     </span>
    </p>
   </div>
   <div class='ocr_carea' id='block_1_27' title="bbox 1056 3369 1375 3397">
    <p class='ocr_par' dir='ltr' id='par_1_28' title="bbox 1056 3369 1375 3397">
     <span class='ocr_line' id='line_1_124' title="bbox 1056 3369 1375 3397; baseline 0.009 -3"><span class='ocrx_word' id='word_1_1143' title='bbox 1056 3370 1172 3395; x_wconf 86' lang='lat' dir='ltr'>Fortuna</span> <span class='ocrx_word' id='word_1_1144' title='bbox 1186 3369 1259 3395; x_wconf 83' lang='lat' dir='ltr'>simul</span> <span class='ocrx_word' id='word_1_1145' title='bbox 1274 3379 1333 3396; x_wconf 82' lang='lat' dir='ltr'>cum</span> <span class='ocrx_word' id='word_1_1146' title='bbox 1340 3372 1375 3397; x_wconf 88' lang='lat'>90</span> 
     </span>
    </p>
   </div>
   <div class='ocr_carea' id='block_1_28' title="bbox 826 3545 1373 3580">
    <p class='ocr_par' dir='ltr' id='par_1_29' title="bbox 826 3545 1373 3580">
     <span class='ocr_line' id='line_1_125' title="bbox 826 3545 1373 3580; baseline 0.002 -9"><span class='ocrx_word' id='word_1_1147' title='bbox 826 3545 928 3572; x_wconf 66' lang='grc' dir='ltr'>111111ᾱῖ3</span> <span class='ocrx_word' id='word_1_1148' title='bbox 948 3546 1055 3572; x_wconf 80' lang='lat' dir='ltr'>fortuna</span> <span class='ocrx_word' id='word_1_1149' title='bbox 1068 3547 1206 3572; x_wconf 80' lang='lat' dir='ltr'>Caesarum</span> <span class='ocrx_word' id='word_1_1150' title='bbox 1225 3547 1295 3572; x_wconf 89' lang='lat' dir='ltr'>Flor.</span> <span class='ocrx_word' id='word_1_1151' title='bbox 1307 3557 1334 3580; x_wconf 87' lang='lat'>4,</span> <span class='ocrx_word' id='word_1_1152' title='bbox 1342 3549 1373 3575; x_wconf 84' lang='grc'>95</span> 
     </span>
    </p>
   </div>
   <div class='ocr_carea' id='block_1_29' title="bbox 686 3896 1438 3929">
    <p class='ocr_par' dir='ltr' id='par_1_30' title="bbox 686 3896 1438 3929">
     <span class='ocr_line' id='line_1_126' title="bbox 686 3896 1438 3929; baseline 0.008 -6"><span class='ocrx_word' id='word_1_1153' title='bbox 686 3896 798 3923; x_wconf 77' lang='lat' dir='ltr'>Positum</span> <span class='ocrx_word' id='word_1_1154' title='bbox 812 3896 841 3923; x_wconf 89' lang='grc'>111</span> <span class='ocrx_word' id='word_1_1155' title='bbox 852 3897 958 3925; x_wconf 86' lang='lat' dir='ltr'>fortuna</span> <span class='ocrx_word' id='word_1_1156' title='bbox 971 3907 1050 3926; x_wconf 86' lang='lat' dir='ltr'>omne</span> <span class='ocrx_word' id='word_1_1157' title='bbox 1064 3899 1200 3927; x_wconf 79' lang='lat' dir='ltr'>confilium</span> <span class='ocrx_word' id='word_1_1158' title='bbox 1212 3900 1266 3927; x_wconf 86' lang='lat' dir='ltr'>Cic.</span> <span class='ocrx_word' id='word_1_1159' title='bbox 1279 3901 1332 3926; x_wconf 87' lang='lat' dir='ltr'>Att.</span> <span class='ocrx_word' id='word_1_1160' title='bbox 1342 3898 1438 3929; x_wconf 67' lang='lat'>¹054?-</span> 
     </span>
    </p>
   </div>
   <div class='ocr_carea' id='block_1_30' title="bbox 1743 130 2394 181">
    <p class='ocr_par' dir='ltr' id='par_1_31' title="bbox 1743 130 2394 181">
     <span class='ocr_line' id='line_1_127' title="bbox 1743 130 2394 181; baseline -0.002 -10"><span class='ocrx_word' id='word_1_1161' title='bbox 1743 130 1898 171; x_wconf 88' lang='lat' dir='ltr'>FO</span> <span class='ocrx_word' id='word_1_1162' title='bbox 1991 130 2024 171; x_wconf 88' lang='lat' dir='ltr'>R</span> <span class='ocrx_word' id='word_1_1163' title='bbox 2318 141 2394 181; x_wconf 86' lang='lat'>724</span> 
     </span>
    </p>
   </div>
   <div class='ocr_carea' id='block_1_31' title="bbox 1367 217 2443 716">
    <p class='ocr_par' dir='ltr' id='par_1_32' title="bbox 1367 217 2443 716">
     <span class='ocr_line' id='line_1_128' title="bbox 1522 217 2396 254; baseline -0.009 -4"><span class='ocrx_word' id='word_1_1164' title='bbox 1522 221 1613 250; x_wconf 80' lang='lat' dir='ltr'>Tacit.</span> <span class='ocrx_word' id='word_1_1165' title='bbox 1626 219 1695 248; x_wconf 80' lang='lat' dir='ltr'>Hist.</span> <span class='ocrx_word' id='word_1_1166' title='bbox 1709 227 1730 253; x_wconf 86' lang='lat'>1,</span> <span class='ocrx_word' id='word_1_1167' title='bbox 1743 221 1777 247; x_wconf 84' lang='lat'>62</span> <span class='ocrx_word' id='word_1_1168' title='bbox 1810 218 1952 254; x_wconf 84' lang='lat' dir='ltr'>Torpebat</span> <span class='ocrx_word' id='word_1_1169' title='bbox 1969 218 2107 252; x_wconf 79' lang='lat' dir='ltr'>Vitellius,</span> <span class='ocrx_word' id='word_1_1170' title='bbox 2126 223 2152 245; x_wconf 88' lang='lat' dir='ltr'>et</span> <span class='ocrx_word' id='word_1_1171' title='bbox 2173 218 2307 246; x_wconf 85' lang='lat' dir='ltr'>fortunam</span> <span class='ocrx_word' id='word_1_1172' title='bbox 2325 217 2396 252; x_wconf 82' lang='lat' dir='ltr'>prin.</span> 
     </span>
     <span class='ocr_line' id='line_1_129' title="bbox 2198 255 2414 288; baseline 0 -8"><span class='ocrx_word' id='word_1_1173' title='bbox 2198 255 2340 288; x_wconf 83' lang='lat' dir='ltr'>Prorogata</span> <span class='ocrx_word' id='word_1_1174' title='bbox 2352 262 2399 288; x_wconf 52' lang='lat' dir='ltr'>po*</span> <span class='ocrx_word' id='word_1_1175' title='bbox 2410 257 2414 268; x_wconf 63' lang='lat'>³</span> 
     </span>
     <span class='ocr_line' id='line_1_130' title="bbox 1367 290 2077 326; baseline -0.01 -4"><span class='ocrx_word' id='word_1_1176' title='bbox 1367 295 1443 322; x_wconf 83' lang='lat' dir='ltr'>testas</span> <span class='ocrx_word' id='word_1_1177' title='bbox 1464 294 1587 321; x_wconf 87' lang='lat' dir='ltr'>fortunae</span> <span class='ocrx_word' id='word_1_1178' title='bbox 1610 293 1640 319; x_wconf 86' lang='lat' dir='ltr'>in</span> <span class='ocrx_word' id='word_1_1179' title='bbox 1659 291 1762 326; x_wconf 86' lang='lat' dir='ltr'>aliquos</span> <span class='ocrx_word' id='word_1_1180' title='bbox 1786 290 1842 316; x_wconf 88' lang='lat' dir='ltr'>Cic.</span> <span class='ocrx_word' id='word_1_1181' title='bbox 1855 291 1893 324; x_wconf 77' lang='lat' dir='ltr'>Q</span> <span class='ocrx_word' id='word_1_1182' title='bbox 1904 290 1972 316; x_wconf 86' lang='lat' dir='ltr'>Frat.</span> <span class='ocrx_word' id='word_1_1183' title='bbox 1985 298 2005 321; x_wconf 92' lang='lat'>1,</span> <span class='ocrx_word' id='word_1_1184' title='bbox 2018 298 2038 322; x_wconf 88' lang='lat'>1,</span> <span class='ocrx_word' id='word_1_1185' title='bbox 2050 299 2077 323; x_wconf 87' lang='grc'>4.</span> 
     </span>
     <span class='ocr_line' id='line_1_131' title="bbox 1368 325 2397 363; baseline -0.006 -6"><span class='ocrx_word' id='word_1_1186' title='bbox 1368 339 1446 363; x_wconf 86' lang='grc'>113111,</span> <span class='ocrx_word' id='word_1_1187' title='bbox 1461 333 1480 356; x_wconf 85' lang='grc' dir='ltr'>ι’.</span> <span class='ocrx_word' id='word_1_1188' title='bbox 1501 330 1621 357; x_wconf 76' lang='lat' dir='ltr'>Periculis</span> <span class='ocrx_word' id='word_1_1189' title='bbox 1628 328 1657 363; x_wconf 83' lang='lat' dir='ltr'>se</span> <span class='ocrx_word' id='word_1_1190' title='bbox 1670 334 1786 362; x_wconf 77' lang='lat' dir='ltr'>exponere</span> <span class='ocrx_word' id='word_1_1191' title='bbox 1800 326 1897 352; x_wconf 85' lang='lat' dir='ltr'>Lucan.</span> <span class='ocrx_word' id='word_1_1192' title='bbox 1912 334 1938 357; x_wconf 85' lang='lat'>9,</span> <span class='ocrx_word' id='word_1_1193' title='bbox 1954 330 2005 357; x_wconf 82' lang='lat'>885-</span> <span class='ocrx_word' id='word_1_1194' title='bbox 2075 325 2181 352; x_wconf 80' lang='lat' dir='ltr'>Recessit</span> <span class='ocrx_word' id='word_1_1195' title='bbox 2195 325 2303 352; x_wconf 86' lang='lat' dir='ltr'>fortuna</span> <span class='ocrx_word' id='word_1_1196' title='bbox 2325 325 2397 359; x_wconf 81' lang='lat' dir='ltr'>Virg.</span> 
     </span>
     <span class='ocr_line' id='line_1_132' title="bbox 1368 360 2398 398; baseline -0.005 -6"><span class='ocrx_word' id='word_1_1197' title='bbox 1368 366 1433 392; x_wconf 89' lang='lat' dir='ltr'>Aen.</span> <span class='ocrx_word' id='word_1_1198' title='bbox 1447 374 1470 398; x_wconf 90' lang='grc'>3,</span> <span class='ocrx_word' id='word_1_1199' title='bbox 1483 373 1517 398; x_wconf 79' lang='grc'>53.</span> <span class='ocrx_word' id='word_1_1200' title='bbox 1571 365 1647 398; x_wconf 82' lang='lat' dir='ltr'>Regit</span> <span class='ocrx_word' id='word_1_1201' title='bbox 1662 362 1768 389; x_wconf 85' lang='lat' dir='ltr'>fortuna</span> <span class='ocrx_word' id='word_1_1202' title='bbox 1780 362 1877 394; x_wconf 89' lang='lat' dir='ltr'>vitam,</span> <span class='ocrx_word' id='word_1_1203' title='bbox 1889 369 1943 387; x_wconf 92' lang='lat' dir='ltr'>non</span> <span class='ocrx_word' id='word_1_1204' title='bbox 1957 360 2082 394; x_wconf 85' lang='lat' dir='ltr'>sapientia</span> <span class='ocrx_word' id='word_1_1205' title='bbox 2093 361 2148 387; x_wconf 87' lang='lat' dir='ltr'>Cic.</span> <span class='ocrx_word' id='word_1_1206' title='bbox 2161 361 2243 388; x_wconf 88' lang='lat' dir='ltr'>Tusc.</span> <span class='ocrx_word' id='word_1_1207' title='bbox 2259 367 2281 393; x_wconf 83' lang='lat'>5,</span> <span class='ocrx_word' id='word_1_1208' title='bbox 2296 365 2326 392; x_wconf 85' lang='lat'>25</span> <span class='ocrx_word' id='word_1_1209' title='bbox 2340 368 2362 386; x_wconf 90' lang='lat' dir='ltr'>c.</span> <span class='ocrx_word' id='word_1_1210' title='bbox 2373 368 2398 393; x_wconf 90' lang='lat'>9.</span> 
     </span>
     <span class='ocr_line' id='line_1_133' title="bbox 1371 394 2417 430; baseline -0.006 -2"><span class='ocrx_word' id='word_1_1211' title='bbox 1371 401 1512 428; x_wconf 83' lang='lat' dir='ltr'>Renafcens</span> <span class='ocrx_word' id='word_1_1212' title='bbox 1531 401 1597 426; x_wconf 87' lang='lat' dir='ltr'>Hor.</span> <span class='ocrx_word' id='word_1_1213' title='bbox 1610 400 1697 425; x_wconf 88' lang='lat' dir='ltr'>Carm.</span> <span class='ocrx_word' id='word_1_1214' title='bbox 1713 407 1734 430; x_wconf 83' lang='lat'>3,</span> <span class='ocrx_word' id='word_1_1215' title='bbox 1748 406 1771 430; x_wconf 81' lang='grc'>3,</span> <span class='ocrx_word' id='word_1_1216' title='bbox 1785 399 1823 422; x_wconf 72' lang='grc'>62.</span> <span class='ocrx_word' id='word_1_1217' title='bbox 1879 396 2037 430; x_wconf 83' lang='lat' dir='ltr'>Responsare</span> <span class='ocrx_word' id='word_1_1218' title='bbox 2052 396 2175 430; x_wconf 86' lang='lat' dir='ltr'>superbae</span> <span class='ocrx_word' id='word_1_1219' title='bbox 2188 396 2311 423; x_wconf 83' lang='lat' dir='ltr'>fortunae</span> <span class='ocrx_word' id='word_1_1220' title='bbox 2327 394 2399 422; x_wconf 88' lang='lat' dir='ltr'>Idem</span> <span class='ocrx_word' id='word_1_1221' title='bbox 2415 408 2417 410; x_wconf 90' lang='lat'>·</span> 
     </span>
     <span class='ocr_line' id='line_1_134' title="bbox 1369 430 2400 470; baseline -0.005 -7"><span class='ocrx_word' id='word_1_1222' title='bbox 1369 436 1448 470; x_wconf 74' lang='lat' dir='ltr'>Epist.</span> <span class='ocrx_word' id='word_1_1223' title='bbox 1461 445 1480 467; x_wconf 88' lang='lat'>1,</span> <span class='ocrx_word' id='word_1_1224' title='bbox 1495 444 1515 468; x_wconf 92' lang='lat'>1,</span> <span class='ocrx_word' id='word_1_1225' title='bbox 1529 437 1572 470; x_wconf 88' lang='lat'>67.</span> <span class='ocrx_word' id='word_1_1226' title='bbox 1641 433 1750 468; x_wconf 87' lang='lat' dir='ltr'>Respuit</span> <span class='ocrx_word' id='word_1_1227' title='bbox 1762 431 1930 458; x_wconf 85' lang='lat' dir='ltr'>constantiam</span> <span class='ocrx_word' id='word_1_1228' title='bbox 1944 431 2027 457; x_wconf 91' lang='lat' dir='ltr'>amica</span> <span class='ocrx_word' id='word_1_1229' title='bbox 2039 431 2165 458; x_wconf 83' lang='lat' dir='ltr'>varietate</span> <span class='ocrx_word' id='word_1_1230' title='bbox 2177 432 2283 458; x_wconf 86' lang='lat' dir='ltr'>fortuna</span> <span class='ocrx_word' id='word_1_1231' title='bbox 2301 430 2357 456; x_wconf 87' lang='lat' dir='ltr'>Cic.</span> <span class='ocrx_word' id='word_1_1232' title='bbox 2369 430 2400 458; x_wconf 86' lang='lat' dir='ltr'>de</span> 
     </span>
     <span class='ocr_line' id='line_1_135' title="bbox 1371 466 2443 504; baseline -0.007 -6"><span class='ocrx_word' id='word_1_1233' title='bbox 1371 471 1408 498; x_wconf 91' lang='lat' dir='ltr'>N.</span> <span class='ocrx_word' id='word_1_1234' title='bbox 1419 472 1451 497; x_wconf 93' lang='lat' dir='ltr'>D.</span> <span class='ocrx_word' id='word_1_1235' title='bbox 1464 480 1489 502; x_wconf 88' lang='grc'>2,</span> <span class='ocrx_word' id='word_1_1236' title='bbox 1502 480 1543 504; x_wconf 85' lang='lat'>43.</span> <span class='ocrx_word' id='word_1_1237' title='bbox 1611 469 1720 504; x_wconf 81' lang='lat' dir='ltr'>seiungi</span> <span class='ocrx_word' id='word_1_1238' title='bbox 1735 477 1790 494; x_wconf 90' lang='lat' dir='ltr'>non</span> <span class='ocrx_word' id='word_1_1239' title='bbox 1801 467 1884 502; x_wconf 86' lang='lat' dir='ltr'>potest</span> <span class='ocrx_word' id='word_1_1240' title='bbox 1906 467 2013 493; x_wconf 90' lang='lat' dir='ltr'>fortuna</span> <span class='ocrx_word' id='word_1_1241' title='bbox 2030 466 2063 492; x_wconf 88' lang='lat' dir='ltr'>ab</span> <span class='ocrx_word' id='word_1_1242' title='bbox 2076 467 2248 493; x_wconf 76' lang='lat' dir='ltr'>inconstantia</span> <span class='ocrx_word' id='word_1_1243' title='bbox 2260 472 2286 492; x_wconf 89' lang='lat' dir='ltr'>et</span> <span class='ocrx_word' id='word_1_1244' title='bbox 2299 466 2414 493; x_wconf 58' lang='lat' dir='ltr'>temeri-2</span> <span class='ocrx_word' id='word_1_1245' title='bbox 2439 474 2443 491; x_wconf 78' lang='lat'>2</span> 
     </span>
     <span class='ocr_line' id='line_1_136' title="bbox 1371 501 2401 536; baseline -0.006 -2"><span class='ocrx_word' id='word_1_1246' title='bbox 1371 504 1431 533; x_wconf 67' lang='lat' dir='ltr'>tate“</span> <span class='ocrx_word' id='word_1_1247' title='bbox 1442 507 1515 533; x_wconf 85' lang='lat' dir='ltr'>Idem</span> <span class='ocrx_word' id='word_1_1248' title='bbox 1528 507 1559 533; x_wconf 92' lang='lat' dir='ltr'>de</span> <span class='ocrx_word' id='word_1_1249' title='bbox 1573 505 1607 533; x_wconf 90' lang='lat' dir='ltr'>N.</span> <span class='ocrx_word' id='word_1_1250' title='bbox 1622 505 1654 531; x_wconf 91' lang='lat' dir='ltr'>D.</span> <span class='ocrx_word' id='word_1_1251' title='bbox 1666 514 1689 536; x_wconf 85' lang='lat'>3,</span> <span class='ocrx_word' id='word_1_1252' title='bbox 1703 507 1739 532; x_wconf 89' lang='lat'>61.</span> <span class='ocrx_word' id='word_1_1253' title='bbox 1809 503 1907 530; x_wconf 84' lang='lat' dir='ltr'>Omnia</span> <span class='ocrx_word' id='word_1_1254' title='bbox 1927 503 2026 529; x_wconf 88' lang='lat' dir='ltr'>summa</span> <span class='ocrx_word' id='word_1_1255' title='bbox 2044 502 2148 528; x_wconf 89' lang='lat' dir='ltr'>ratione</span> <span class='ocrx_word' id='word_1_1256' title='bbox 2165 502 2328 536; x_wconf 81' lang='lat' dir='ltr'>consilioque</span> <span class='ocrx_word' id='word_1_1257' title='bbox 2346 501 2401 528; x_wconf 67' lang='lat' dir='ltr'>aeta</span> 
     </span>
     <span class='ocr_line' id='line_1_137' title="bbox 2130 537 2402 571; baseline 0.004 -8"><span class='ocrx_word' id='word_1_1258' title='bbox 2130 537 2243 571; x_wconf 85' lang='lat' dir='ltr'>Sequens</span> <span class='ocrx_word' id='word_1_1259' title='bbox 2268 537 2402 564; x_wconf 89' lang='lat' dir='ltr'>fortunam</span> 
     </span>
     <span class='ocr_line' id='line_1_138' title="bbox 1372 572 2442 611; baseline -0.006 -7"><span class='ocrx_word' id='word_1_1260' title='bbox 1372 578 1444 603; x_wconf 87' lang='lat' dir='ltr'>suam</span> <span class='ocrx_word' id='word_1_1261' title='bbox 1457 578 1564 609; x_wconf 81' lang='lat' dir='ltr'>Caesar,</span> <span class='ocrx_word' id='word_1_1262' title='bbox 1577 575 1715 611; x_wconf 69' lang='lat' dir='ltr'>peruectus</span> <span class='ocrx_word' id='word_1_1263' title='bbox 1734 575 1763 601; x_wconf 87' lang='lat' dir='ltr'>in</span> <span class='ocrx_word' id='word_1_1264' title='bbox 1779 574 1911 606; x_wconf 79' lang='lat' dir='ltr'>Africam,</span> <span class='ocrx_word' id='word_1_1265' title='bbox 1924 573 1965 599; x_wconf 89' lang='lat' dir='ltr'>ibi</span> <span class='ocrx_word' id='word_1_1266' title='bbox 1983 573 2072 607; x_wconf 87' lang='lat' dir='ltr'>primo</span> <span class='ocrx_word' id='word_1_1267' title='bbox 2090 573 2192 600; x_wconf 84' lang='lat' dir='ltr'>variam</span> <span class='ocrx_word' id='word_1_1268' title='bbox 2213 572 2347 600; x_wconf 85' lang='lat' dir='ltr'>fortunam</span> <span class='ocrx_word' id='word_1_1269' title='bbox 2361 581 2402 599; x_wconf 85' lang='lat' dir='ltr'>ex·</span> <span class='ocrx_word' id='word_1_1270' title='bbox 2440 579 2442 583; x_wconf 81' lang='grc'>’</span> 
     </span>
     <span class='ocr_line' id='line_1_139' title="bbox 1372 607 2417 647; baseline -0.005 -9"><span class='ocrx_word' id='word_1_1271' title='bbox 1372 612 1513 647; x_wconf 84' lang='lat' dir='ltr'>pugnauit,</span> <span class='ocrx_word' id='word_1_1272' title='bbox 1529 613 1719 645; x_wconf 88' lang='lat' dir='ltr'>inclinataeque</span> <span class='ocrx_word' id='word_1_1273' title='bbox 1733 610 1849 638; x_wconf 86' lang='lat' dir='ltr'>hostium</span> <span class='ocrx_word' id='word_1_1274' title='bbox 1863 609 1954 644; x_wconf 85' lang='lat' dir='ltr'>copiae</span> <span class='ocrx_word' id='word_1_1275' title='bbox 1988 631 1997 638; x_wconf 81' lang='grc'>,</span> <span class='ocrx_word' id='word_1_1276' title='bbox 2076 631 2084 637; x_wconf 80' lang='grc'>,</span> <span class='ocrx_word' id='word_1_1277' title='bbox 2153 608 2210 634; x_wconf 87' lang='lat' dir='ltr'>Cic.</span> <span class='ocrx_word' id='word_1_1278' title='bbox 2225 609 2252 634; x_wconf 91' lang='lat' dir='ltr'>in</span> <span class='ocrx_word' id='word_1_1279' title='bbox 2266 607 2365 634; x_wconf 88' lang='lat' dir='ltr'>Sallust.</span> <span class='ocrx_word' id='word_1_1280' title='bbox 2373 607 2417 642; x_wconf 69' lang='lat'>&#39;14&#39;</span> 
     </span>
     <span class='ocr_line' id='line_1_140' title="bbox 1371 643 2404 680; baseline -0.006 -5"><span class='ocrx_word' id='word_1_1281' title='bbox 1371 648 1415 675; x_wconf 87' lang='lat' dir='ltr'>Bis</span> <span class='ocrx_word' id='word_1_1282' title='bbox 1427 647 1459 674; x_wconf 88' lang='lat' dir='ltr'>ad</span> <span class='ocrx_word' id='word_1_1283' title='bbox 1472 648 1567 675; x_wconf 88' lang='lat' dir='ltr'>iudicii</span> <span class='ocrx_word' id='word_1_1284' title='bbox 1586 646 1705 673; x_wconf 89' lang='lat' dir='ltr'>subsellia</span> <span class='ocrx_word' id='word_1_1285' title='bbox 1718 645 1858 680; x_wconf 71' lang='grc'>3111361115,</span> <span class='ocrx_word' id='word_1_1286' title='bbox 1876 651 1994 671; x_wconf 84' lang='lat' dir='ltr'>extrema</span> <span class='ocrx_word' id='word_1_1287' title='bbox 2007 644 2115 671; x_wconf 91' lang='lat' dir='ltr'>fortuna</span> <span class='ocrx_word' id='word_1_1288' title='bbox 2127 643 2219 676; x_wconf 79' lang='lat' dir='ltr'>Stetit,</span> <span class='ocrx_word' id='word_1_1289' title='bbox 2232 649 2257 670; x_wconf 87' lang='lat' dir='ltr'>et</span> <span class='ocrx_word' id='word_1_1290' title='bbox 2273 644 2309 669; x_wconf 88' lang='lat' dir='ltr'>ita</span> <span class='ocrx_word' id='word_1_1291' title='bbox 2322 643 2404 670; x_wconf 86' lang='lat' dir='ltr'>deces-</span> 
     </span>
     <span class='ocr_line' id='line_1_141' title="bbox 1373 679 2415 716; baseline -0.006 -6"><span class='ocrx_word' id='word_1_1292' title='bbox 1373 683 1419 716; x_wconf 81' lang='lat' dir='ltr'>fit,</span> <span class='ocrx_word' id='word_1_1293' title='bbox 1436 689 1465 709; x_wconf 93' lang='lat' dir='ltr'>vt</span> <span class='ocrx_word' id='word_1_1294' title='bbox 1489 692 1544 710; x_wconf 91' lang='lat' dir='ltr'>non</span> <span class='ocrx_word' id='word_1_1295' title='bbox 1564 683 1606 709; x_wconf 90' lang='lat' dir='ltr'>hic</span> <span class='ocrx_word' id='word_1_1296' title='bbox 1629 683 1753 708; x_wconf 77' lang='lat' dir='ltr'>innocens</span> <span class='ocrx_word' id='word_1_1297' title='bbox 1774 681 1837 713; x_wconf 80' lang='lat' dir='ltr'>esse,</span> <span class='ocrx_word' id='word_1_1298' title='bbox 1864 680 1908 706; x_wconf 88' lang='lat' dir='ltr'>sed</span> <span class='ocrx_word' id='word_1_1299' title='bbox 1933 679 2033 706; x_wconf 80' lang='lat' dir='ltr'>iudices</span> <span class='ocrx_word' id='word_1_1300' title='bbox 2056 680 2180 714; x_wconf 83' lang='lat' dir='ltr'>peierasse</span> <span class='ocrx_word' id='word_1_1301' title='bbox 2202 679 2415 707; x_wconf 74' lang='lat' dir='ltr'>existimaretur..</span> 
     </span>
    </p>
   </div>
   <div class='ocr_carea' id='block_1_32' title="bbox 1338 711 2424 756">
    <p class='ocr_par' dir='ltr' id='par_1_33' title="bbox 1338 711 2424 756">
     <span class='ocr_line' id='line_1_142' title="bbox 1338 711 2424 756; baseline -0.006 -10"><span class='ocrx_word' id='word_1_1302' title='bbox 1338 730 1364 756; x_wconf 82' lang='lat'>¹5</span> <span class='ocrx_word' id='word_1_1303' title='bbox 1374 720 1450 745; x_wconf 84' lang='lat' dir='ltr'>Sum:</span> <span class='ocrx_word' id='word_1_1304' title='bbox 1474 726 1519 751; x_wconf 84' lang='lat' dir='ltr'>vt,</span> <span class='ocrx_word' id='word_1_1305' title='bbox 1532 720 1584 745; x_wconf 73' lang='lat' dir='ltr'>Ess&#39;e</span> <span class='ocrx_word' id='word_1_1306' title='bbox 1598 717 1748 749; x_wconf 87' lang='lat' dir='ltr'>infelicem,</span> <span class='ocrx_word' id='word_1_1307' title='bbox 1763 717 1887 743; x_wconf 86' lang='lat' dir='ltr'>fortunae</span> <span class='ocrx_word' id='word_1_1308' title='bbox 1899 715 1948 741; x_wconf 86' lang='lat' dir='ltr'>est:</span> <span class='ocrx_word' id='word_1_1309' title='bbox 1971 716 2020 741; x_wconf 78' lang='lat' dir='ltr'>effe</span> <span class='ocrx_word' id='word_1_1310' title='bbox 2040 714 2199 742; x_wconf 85' lang='lat' dir='ltr'>deteriorem</span> <span class='ocrx_word' id='word_1_1311' title='bbox 2208 734 2216 746; x_wconf 91' lang='lat'>,</span> <span class='ocrx_word' id='word_1_1312' title='bbox 2228 713 2405 749; x_wconf 72' lang='lat' dir='ltr'>improbitatis</span> <span class='ocrx_word' id='word_1_1313' title='bbox 2415 711 2424 724; x_wconf 91' lang='lat'><strong><em>‘</em></strong></span> 
     </span>
    </p>
   </div>
   <div class='ocr_carea' id='block_1_33' title="bbox 1373 750 2467 1956">
    <p class='ocr_par' dir='ltr' id='par_1_34' title="bbox 1373 750 2439 1002">
     <span class='ocr_line' id='line_1_143' title="bbox 1373 750 2439 785; baseline -0.007 -4"><span class='ocrx_word' id='word_1_1314' title='bbox 1373 755 1428 782; x_wconf 84' lang='lat' dir='ltr'>Cic.</span> <span class='ocrx_word' id='word_1_1315' title='bbox 1447 754 1479 781; x_wconf 90' lang='lat' dir='ltr'>de</span> <span class='ocrx_word' id='word_1_1316' title='bbox 1498 754 1618 781; x_wconf 90' lang='lat' dir='ltr'>Prouinc.</span> <span class='ocrx_word' id='word_1_1317' title='bbox 1633 753 1710 780; x_wconf 82' lang='lat' dir='ltr'>Cons-</span> <span class='ocrx_word' id='word_1_1318' title='bbox 1725 758 1747 782; x_wconf 88' lang='lat'>8.</span> <span class='ocrx_word' id='word_1_1319' title='bbox 1819 751 1889 778; x_wconf 84' lang='lat' dir='ltr'>Pelle</span> <span class='ocrx_word' id='word_1_1320' title='bbox 1906 760 2008 783; x_wconf 81' lang='lat' dir='ltr'>moras,</span> <span class='ocrx_word' id='word_1_1321' title='bbox 2028 750 2118 777; x_wconf 86' lang='lat' dir='ltr'>breuis</span> <span class='ocrx_word' id='word_1_1322' title='bbox 2137 750 2173 776; x_wconf 86' lang='lat' dir='ltr'>est</span> <span class='ocrx_word' id='word_1_1323' title='bbox 2192 750 2282 785; x_wconf 84' lang='lat' dir='ltr'>magni</span> <span class='ocrx_word' id='word_1_1324' title='bbox 2301 750 2413 777; x_wconf 55' lang='lat' dir='ltr'>fortuna*</span> <span class='ocrx_word' id='word_1_1325' title='bbox 2432 758 2439 778; x_wconf 55' lang='lat'>¹,</span> 
     </span>
     <span class='ocr_line' id='line_1_144' title="bbox 1373 785 2437 823; baseline -0.005 -7"><span class='ocrx_word' id='word_1_1326' title='bbox 1373 785 1474 817; x_wconf 75' lang='lat' dir='ltr'>fau‘oris</span> <span class='ocrx_word' id='word_1_1327' title='bbox 1491 790 1536 816; x_wconf 88' lang='lat' dir='ltr'>Sil.</span> <span class='ocrx_word' id='word_1_1328' title='bbox 1549 799 1577 822; x_wconf 86' lang='lat'>4,</span> <span class='ocrx_word' id='word_1_1329' title='bbox 1591 797 1648 823; x_wconf 85' lang='lat'>734.</span> <span class='ocrx_word' id='word_1_1330' title='bbox 1719 787 1799 814; x_wconf 91' lang='lat' dir='ltr'>Nihil</span> <span class='ocrx_word' id='word_1_1331' title='bbox 1815 787 1851 813; x_wconf 87' lang='lat' dir='ltr'>est</span> <span class='ocrx_word' id='word_1_1332' title='bbox 1870 793 1923 813; x_wconf 88' lang='lat' dir='ltr'>tam</span> <span class='ocrx_word' id='word_1_1333' title='bbox 1938 786 2102 813; x_wconf 89' lang='lat' dir='ltr'>contrarium</span> <span class='ocrx_word' id='word_1_1334' title='bbox 2120 786 2220 813; x_wconf 90' lang='lat' dir='ltr'>rationi</span> <span class='ocrx_word' id='word_1_1335' title='bbox 2245 792 2269 812; x_wconf 88' lang='lat' dir='ltr'>et</span> <span class='ocrx_word' id='word_1_1336' title='bbox 2293 785 2407 812; x_wconf 64' lang='lat' dir='ltr'>constan·-</span> <span class='ocrx_word' id='word_1_1337' title='bbox 2436 796 2437 799; x_wconf 51' lang='lat'>¹</span> 
     </span>
     <span class='ocr_line' id='line_1_145' title="bbox 1373 821 2415 861; baseline -0.004 -9"><span class='ocrx_word' id='word_1_1338' title='bbox 1373 825 1441 858; x_wconf 84' lang='lat' dir='ltr'>tiae,</span> <span class='ocrx_word' id='word_1_1339' title='bbox 1454 834 1531 861; x_wconf 88' lang='lat' dir='ltr'>quam</span> <span class='ocrx_word' id='word_1_1340' title='bbox 1544 826 1651 851; x_wconf 85' lang='lat' dir='ltr'>fortuna</span> <span class='ocrx_word' id='word_1_1341' title='bbox 1664 824 1717 850; x_wconf 90' lang='lat' dir='ltr'>Cic.</span> <span class='ocrx_word' id='word_1_1342' title='bbox 1731 823 1762 849; x_wconf 86' lang='lat' dir='ltr'>de</span> <span class='ocrx_word' id='word_1_1343' title='bbox 1774 823 1867 849; x_wconf 89' lang='lat' dir='ltr'>Diuin.</span> <span class='ocrx_word' id='word_1_1344' title='bbox 1881 831 1906 853; x_wconf 88' lang='lat'>2,</span> <span class='ocrx_word' id='word_1_1345' title='bbox 1921 828 1956 851; x_wconf 84' lang='lat'>18.</span> <span class='ocrx_word' id='word_1_1346' title='bbox 2025 823 2055 848; x_wconf 87' lang='lat' dir='ltr'>In</span> <span class='ocrx_word' id='word_1_1347' title='bbox 2068 822 2126 847; x_wconf 88' lang='lat' dir='ltr'>casu</span> <span class='ocrx_word' id='word_1_1348' title='bbox 2139 822 2197 848; x_wconf 89' lang='lat' dir='ltr'>sunt</span> <span class='ocrx_word' id='word_1_1349' title='bbox 2212 828 2291 856; x_wconf 90' lang='lat' dir='ltr'>atque</span> <span class='ocrx_word' id='word_1_1350' title='bbox 2300 821 2415 848; x_wconf 52' lang='lat' dir='ltr'>fortunas</span> 
     </span>
     <span class='ocr_line' id='line_1_146' title="bbox 1374 856 2427 895; baseline -0.006 -7"><span class='ocrx_word' id='word_1_1351' title='bbox 1374 861 1444 887; x_wconf 89' lang='lat' dir='ltr'>bona</span> <span class='ocrx_word' id='word_1_1352' title='bbox 1461 861 1580 895; x_wconf 88' lang='lat' dir='ltr'>corporis</span> <span class='ocrx_word' id='word_1_1353' title='bbox 1599 867 1624 886; x_wconf 90' lang='lat' dir='ltr'>et</span> <span class='ocrx_word' id='word_1_1354' title='bbox 1643 868 1709 894; x_wconf 88' lang='lat' dir='ltr'>quae</span> <span class='ocrx_word' id='word_1_1355' title='bbox 1729 864 1803 885; x_wconf 86' lang='lat' dir='ltr'>extra</span> <span class='ocrx_word' id='word_1_1356' title='bbox 1815 867 1910 892; x_wconf 83' lang='lat' dir='ltr'>corpus</span> <span class='ocrx_word' id='word_1_1357' title='bbox 1929 858 1987 884; x_wconf 81' lang='lat' dir='ltr'>sunt</span> <span class='ocrx_word' id='word_1_1358' title='bbox 2002 856 2077 884; x_wconf 88' lang='lat' dir='ltr'>Idem</span> <span class='ocrx_word' id='word_1_1359' title='bbox 2093 857 2176 883; x_wconf 87' lang='lat' dir='ltr'>Tusc.</span> <span class='ocrx_word' id='word_1_1360' title='bbox 2195 865 2219 890; x_wconf 95' lang='lat'>5,</span> <span class='ocrx_word' id='word_1_1361' title='bbox 2235 865 2270 890; x_wconf 89' lang='lat'>25.</span> <span class='ocrx_word' id='word_1_1362' title='bbox 2339 856 2427 886; x_wconf 63' lang='lat' dir='ltr'>Infe-·†</span> 
     </span>
     <span class='ocr_line' id='line_1_147' title="bbox 2035 892 2414 927; baseline -0.003 -8"><span class='ocrx_word' id='word_1_1363' title='bbox 2035 894 2158 927; x_wconf 82' lang='lat' dir='ltr'>Magnam</span> <span class='ocrx_word' id='word_1_1364' title='bbox 2177 893 2225 919; x_wconf 78' lang='lat' dir='ltr'>effe</span> <span class='ocrx_word' id='word_1_1365' title='bbox 2238 894 2294 919; x_wconf 89' lang='lat' dir='ltr'>vim</span> <span class='ocrx_word' id='word_1_1366' title='bbox 2313 892 2343 918; x_wconf 81' lang='lat' dir='ltr'>in</span> <span class='ocrx_word' id='word_1_1367' title='bbox 2353 892 2414 924; x_wconf 75' lang='lat' dir='ltr'>for·v</span> 
     </span>
     <span class='ocr_line' id='line_1_148' title="bbox 1375 924 2426 966; baseline -0.005 -8"><span class='ocrx_word' id='word_1_1368' title='bbox 1375 937 1438 958; x_wconf 88' lang='lat' dir='ltr'>tuna</span> <span class='ocrx_word' id='word_1_1369' title='bbox 1454 932 1482 958; x_wconf 87' lang='lat' dir='ltr'>in</span> <span class='ocrx_word' id='word_1_1370' title='bbox 1494 938 1633 966; x_wconf 86' lang='lat' dir='ltr'>vtramque</span> <span class='ocrx_word' id='word_1_1371' title='bbox 1651 937 1766 966; x_wconf 88' lang='lat' dir='ltr'>partem,</span> <span class='ocrx_word' id='word_1_1372' title='bbox 1785 929 1828 955; x_wconf 90' lang='lat' dir='ltr'>vel</span> <span class='ocrx_word' id='word_1_1373' title='bbox 1840 929 1873 955; x_wconf 86' lang='lat' dir='ltr'>ad</span> <span class='ocrx_word' id='word_1_1374' title='bbox 1886 928 2008 955; x_wconf 83' lang='lat' dir='ltr'>secundas</span> <span class='ocrx_word' id='word_1_1375' title='bbox 2021 937 2078 960; x_wconf 87' lang='lat' dir='ltr'>res,</span> <span class='ocrx_word' id='word_1_1376' title='bbox 2099 928 2140 954; x_wconf 93' lang='lat' dir='ltr'>vel</span> <span class='ocrx_word' id='word_1_1377' title='bbox 2156 928 2188 955; x_wconf 85' lang='lat' dir='ltr'>ad</span> <span class='ocrx_word' id='word_1_1378' title='bbox 2200 927 2318 954; x_wconf 85' lang='lat' dir='ltr'>aduersas</span> <span class='ocrx_word' id='word_1_1379' title='bbox 2327 948 2336 961; x_wconf 91' lang='lat'>,</span> <span class='ocrx_word' id='word_1_1380' title='bbox 2349 924 2426 962; x_wconf 62' lang='lat' dir='ltr'>quie&#39;».</span> 
     </span>
     <span class='ocr_line' id='line_1_149' title="bbox 1376 962 2410 1002; baseline -0.002 -9"><span class='ocrx_word' id='word_1_1381' title='bbox 1376 967 1495 1002; x_wconf 69' lang='lat' dir='ltr'>ignorat?</span> <span class='ocrx_word' id='word_1_1382' title='bbox 1513 968 1568 993; x_wconf 91' lang='lat' dir='ltr'>Cic.</span> <span class='ocrx_word' id='word_1_1383' title='bbox 1583 967 1635 994; x_wconf 85' lang='lat' dir='ltr'>Off.</span> <span class='ocrx_word' id='word_1_1384' title='bbox 1650 976 1674 998; x_wconf 83' lang='lat'>2,</span> <span class='ocrx_word' id='word_1_1385' title='bbox 1690 975 1726 999; x_wconf 92' lang='lat'>19.</span> <span class='ocrx_word' id='word_1_1386' title='bbox 1780 965 1875 991; x_wconf 87' lang='lat' dir='ltr'>Subire</span> <span class='ocrx_word' id='word_1_1387' title='bbox 1888 964 2022 990; x_wconf 89' lang='lat' dir='ltr'>fortunam</span> <span class='ocrx_word' id='word_1_1388' title='bbox 2040 964 2114 990; x_wconf 89' lang='lat' dir='ltr'>Idem</span> <span class='ocrx_word' id='word_1_1389' title='bbox 2126 962 2198 991; x_wconf 87' lang='lat' dir='ltr'>Fam.</span> <span class='ocrx_word' id='word_1_1390' title='bbox 2211 973 2245 996; x_wconf 83' lang='lat'>13,</span> <span class='ocrx_word' id='word_1_1391' title='bbox 2260 972 2281 996; x_wconf 91' lang='lat'>5.</span> <span class='ocrx_word' id='word_1_1392' title='bbox 2336 963 2410 991; x_wconf 57' lang='lat' dir='ltr'>Ten-v</span> 
     </span>
    </p>

    <p class='ocr_par' dir='ltr' id='par_1_35' title="bbox 1375 991 2467 1605">
     <span class='ocr_line' id='line_1_150' title="bbox 1375 991 2430 1035; baseline -0.003 -6"><span class='ocrx_word' id='word_1_1393' title='bbox 1375 1008 1431 1029; x_wconf 85' lang='lat' dir='ltr'>tare</span> <span class='ocrx_word' id='word_1_1394' title='bbox 1449 1003 1583 1029; x_wconf 84' lang='lat' dir='ltr'>fortunam</span> <span class='ocrx_word' id='word_1_1395' title='bbox 1601 1004 1697 1029; x_wconf 80' lang='lat' dir='ltr'>Lucan.</span> <span class='ocrx_word' id='word_1_1396' title='bbox 1716 1010 1739 1034; x_wconf 90' lang='grc'>3,</span> <span class='ocrx_word' id='word_1_1397' title='bbox 1758 1008 1810 1033; x_wconf 87' lang='grc'>510.</span> <span class='ocrx_word' id='word_1_1398' title='bbox 1880 999 2005 1026; x_wconf 86' lang='lat' dir='ltr'>Trahere</span> <span class='ocrx_word' id='word_1_1399' title='bbox 2024 1000 2175 1032; x_wconf 86' lang='lat' dir='ltr'>fortunam,</span> <span class='ocrx_word' id='word_1_1400' title='bbox 2186 1007 2235 1035; x_wconf 81' lang='lat' dir='ltr'>pro</span> <span class='ocrx_word' id='word_1_1401' title='bbox 2256 1001 2287 1026; x_wconf 83' lang='lat' dir='ltr'>In</span> <span class='ocrx_word' id='word_1_1402' title='bbox 2302 991 2430 1035; x_wconf 53' lang='lat' dir='ltr'>fortuna‘l‘</span> 
     </span>
     <span class='ocr_line' id='line_1_151' title="bbox 1376 1034 2420 1073; baseline -0.005 -8"><span class='ocrx_word' id='word_1_1403' title='bbox 1376 1037 1429 1071; x_wconf 67' lang='grc' dir='ltr'>ςΙῘὲ.</span> <span class='ocrx_word' id='word_1_1404' title='bbox 1463 1039 1518 1065; x_wconf 91' lang='lat' dir='ltr'>Cic.</span> <span class='ocrx_word' id='word_1_1405' title='bbox 1531 1045 1617 1073; x_wconf 89' lang='lat' dir='ltr'>anteq.</span> <span class='ocrx_word' id='word_1_1406' title='bbox 1631 1039 1682 1064; x_wconf 87' lang='lat' dir='ltr'>iret</span> <span class='ocrx_word' id='word_1_1407' title='bbox 1695 1039 1724 1063; x_wconf 91' lang='lat' dir='ltr'>in</span> <span class='ocrx_word' id='word_1_1408' title='bbox 1737 1037 1799 1062; x_wconf 77' lang='lat' dir='ltr'>exii.</span> <span class='ocrx_word' id='word_1_1409' title='bbox 1814 1043 1844 1069; x_wconf 83' lang='lat'>14</span> <span class='ocrx_word' id='word_1_1410' title='bbox 1862 1036 1900 1061; x_wconf 94' lang='lat' dir='ltr'>Vt</span> <span class='ocrx_word' id='word_1_1411' title='bbox 1918 1041 2016 1066; x_wconf 88' lang='lat' dir='ltr'>tutam,</span> <span class='ocrx_word' id='word_1_1412' title='bbox 2035 1036 2259 1070; x_wconf 89' lang='lat' dir='ltr'>tranquillamque</span> <span class='ocrx_word' id='word_1_1413' title='bbox 2275 1034 2420 1061; x_wconf 78' lang='lat' dir='ltr'>fortunam‘</span> 
     </span>
     <span class='ocr_line' id='line_1_152' title="bbox 1376 1069 2417 1108; baseline -0.004 -8"><span class='ocrx_word' id='word_1_1414' title='bbox 1376 1073 1528 1108; x_wconf 85' lang='lat' dir='ltr'>traheretis,</span> <span class='ocrx_word' id='word_1_1415' title='bbox 1541 1083 1598 1100; x_wconf 87' lang='lat' dir='ltr'>mea</span> <span class='ocrx_word' id='word_1_1416' title='bbox 1610 1073 1709 1108; x_wconf 86' lang='lat' dir='ltr'>perfeci</span> <span class='ocrx_word' id='word_1_1417' title='bbox 1722 1072 1869 1106; x_wconf 83' lang='lat' dir='ltr'>vigilantia.</span> <span class='ocrx_word' id='word_1_1418' title='bbox 1940 1072 2055 1098; x_wconf 86' lang='lat' dir='ltr'>Fortuna</span> <span class='ocrx_word' id='word_1_1419' title='bbox 2073 1071 2141 1097; x_wconf 91' lang='lat' dir='ltr'>nulli</span> <span class='ocrx_word' id='word_1_1420' title='bbox 2156 1071 2212 1105; x_wconf 86' lang='lat' dir='ltr'>plus</span> <span class='ocrx_word' id='word_1_1421' title='bbox 2232 1079 2311 1105; x_wconf 89' lang='lat' dir='ltr'>quam</span> <span class='ocrx_word' id='word_1_1422' title='bbox 2331 1069 2417 1106; x_wconf 29' lang='lat' dir='ltr'>consi-A</span> 
     </span>
     <span class='ocr_line' id='line_1_153' title="bbox 1379 1105 2420 1142; baseline -0.003 -7"><span class='ocrx_word' id='word_1_1423' title='bbox 1379 1109 1446 1135; x_wconf 86' lang='lat' dir='ltr'>lium</span> <span class='ocrx_word' id='word_1_1424' title='bbox 1466 1110 1541 1136; x_wconf 89' lang='lat' dir='ltr'>Valet</span> <span class='ocrx_word' id='word_1_1425' title='bbox 1558 1111 1584 1136; x_wconf 91' lang='lat' dir='ltr'>P.</span> <span class='ocrx_word' id='word_1_1426' title='bbox 1605 1111 1661 1142; x_wconf 86' lang='lat' dir='ltr'>Syr.</span> <span class='ocrx_word' id='word_1_1427' title='bbox 1675 1109 1751 1136; x_wconf 82' lang='lat' dir='ltr'>Mim.</span> <span class='ocrx_word' id='word_1_1428' title='bbox 1828 1105 1933 1133; x_wconf 86' lang='lat' dir='ltr'>Vexilla</span> <span class='ocrx_word' id='word_1_1429' title='bbox 1957 1106 2080 1133; x_wconf 77' lang='lat' dir='ltr'>fortunae</span> <span class='ocrx_word' id='word_1_1430' title='bbox 2104 1106 2219 1133; x_wconf 82' lang='lat' dir='ltr'>modeste</span> <span class='ocrx_word' id='word_1_1431' title='bbox 2244 1105 2420 1135; x_wconf 47' lang='lat' dir='ltr'>Summittere,</span> 
     </span>
     <span class='ocr_line' id='line_1_154' title="bbox 1379 1139 2427 1178; baseline -0.001 -8"><span class='ocrx_word' id='word_1_1432' title='bbox 1379 1145 1440 1171; x_wconf 86' lang='lat' dir='ltr'>Stat.</span> <span class='ocrx_word' id='word_1_1433' title='bbox 1453 1144 1516 1171; x_wconf 91' lang='lat' dir='ltr'>Silu.</span> <span class='ocrx_word' id='word_1_1434' title='bbox 1530 1154 1558 1178; x_wconf 87' lang='lat'>4,</span> <span class='ocrx_word' id='word_1_1435' title='bbox 1575 1154 1597 1177; x_wconf 83' lang='lat'>2,</span> <span class='ocrx_word' id='word_1_1436' title='bbox 1610 1153 1652 1178; x_wconf 82' lang='lat'>43.</span> <span class='ocrx_word' id='word_1_1437' title='bbox 1730 1142 1835 1170; x_wconf 84' lang='lat' dir='ltr'>Viderit</span> <span class='ocrx_word' id='word_1_1438' title='bbox 1859 1142 1909 1168; x_wconf 88' lang='lat' dir='ltr'>hoc</span> <span class='ocrx_word' id='word_1_1439' title='bbox 1933 1141 2055 1173; x_wconf 86' lang='lat' dir='ltr'>fortuna,</span> <span class='ocrx_word' id='word_1_1440' title='bbox 2081 1142 2208 1176; x_wconf 86' lang='lat' dir='ltr'>quoniam</span> <span class='ocrx_word' id='word_1_1441' title='bbox 2229 1141 2339 1168; x_wconf 83' lang='lat' dir='ltr'>consilio</span> <span class='ocrx_word' id='word_1_1442' title='bbox 2358 1139 2427 1171; x_wconf 57' lang='lat' dir='ltr'>noni,</span> 
     </span>
     <span class='ocr_line' id='line_1_155' title="bbox 1377 1178 2426 1213; baseline -0.001 -7"><span class='ocrx_word' id='word_1_1443' title='bbox 1377 1180 1489 1206; x_wconf 88' lang='lat' dir='ltr'>multum</span> <span class='ocrx_word' id='word_1_1444' title='bbox 1506 1181 1552 1207; x_wconf 91' lang='lat' dir='ltr'>Vti</span> <span class='ocrx_word' id='word_1_1445' title='bbox 1573 1181 1634 1206; x_wconf 89' lang='lat' dir='ltr'>licet</span> <span class='ocrx_word' id='word_1_1446' title='bbox 1652 1180 1709 1206; x_wconf 88' lang='lat' dir='ltr'>Cic.</span> <span class='ocrx_word' id='word_1_1447' title='bbox 1723 1180 1782 1206; x_wconf 87' lang='lat' dir='ltr'>Att.-</span> <span class='ocrx_word' id='word_1_1448' title='bbox 1795 1181 1821 1211; x_wconf 90' lang='lat'>6,</span> <span class='ocrx_word' id='word_1_1449' title='bbox 1833 1187 1860 1211; x_wconf 85' lang='lat'>4.</span> <span class='ocrx_word' id='word_1_1450' title='bbox 1932 1178 1981 1203; x_wconf 91' lang='lat' dir='ltr'>Vti</span> <span class='ocrx_word' id='word_1_1451' title='bbox 2000 1178 2107 1210; x_wconf 84' lang='lat' dir='ltr'>fortuna</span> <span class='ocrx_word' id='word_1_1452' title='bbox 2132 1179 2205 1213; x_wconf 85' lang='lat' dir='ltr'>Virg.</span> <span class='ocrx_word' id='word_1_1453' title='bbox 2218 1178 2284 1204; x_wconf 87' lang='lat' dir='ltr'>Aen.</span> <span class='ocrx_word' id='word_1_1454' title='bbox 2304 1185 2331 1210; x_wconf 90' lang='lat'>9,</span> <span class='ocrx_word' id='word_1_1455' title='bbox 2345 1180 2426 1211; x_wconf 57' lang='lat'>24⁰..</span> 
     </span>
     <span class='ocr_line' id='line_1_156' title="bbox 1378 1212 2423 1251; baseline -0.002 -9"><span class='ocrx_word' id='word_1_1456' title='bbox 1378 1215 1477 1242; x_wconf 87' lang='lat' dir='ltr'>Eodem</span> <span class='ocrx_word' id='word_1_1457' title='bbox 1499 1215 1542 1242; x_wconf 89' lang='lat' dir='ltr'>die</span> <span class='ocrx_word' id='word_1_1458' title='bbox 1564 1216 1622 1251; x_wconf 86' lang='lat' dir='ltr'>pari</span> <span class='ocrx_word' id='word_1_1459' title='bbox 1644 1216 1752 1242; x_wconf 89' lang='lat' dir='ltr'>fortuna</span> <span class='ocrx_word' id='word_1_1460' title='bbox 1771 1215 1800 1240; x_wconf 89' lang='lat' dir='ltr'>in</span> <span class='ocrx_word' id='word_1_1461' title='bbox 1819 1220 1887 1240; x_wconf 90' lang='lat' dir='ltr'>terra</span> <span class='ocrx_word' id='word_1_1462' title='bbox 1900 1213 1968 1239; x_wconf 89' lang='lat' dir='ltr'>Vsus</span> <span class='ocrx_word' id='word_1_1463' title='bbox 1987 1212 2023 1239; x_wconf 89' lang='lat' dir='ltr'>est</span> <span class='ocrx_word' id='word_1_1464' title='bbox 2040 1213 2109 1248; x_wconf 85' lang='lat' dir='ltr'>Nep.</span> <span class='ocrx_word' id='word_1_1465' title='bbox 2127 1221 2149 1246; x_wconf 88' lang='lat'>5,</span> <span class='ocrx_word' id='word_1_1466' title='bbox 2161 1222 2187 1246; x_wconf 89' lang='lat'>2,</span> <span class='ocrx_word' id='word_1_1467' title='bbox 2201 1222 2221 1244; x_wconf 88' lang='lat'>3.</span> <span class='ocrx_word' id='word_1_1468' title='bbox 2292 1212 2362 1239; x_wconf 56' lang='lat' dir='ltr'>Vsus*</span> <span class='ocrx_word' id='word_1_1469' title='bbox 2377 1212 2423 1249; x_wconf 58' lang='lat' dir='ltr'>est¹</span> 
     </span>
     <span class='ocr_line' id='line_1_157' title="bbox 1379 1246 2422 1286; baseline -0.003 -9"><span class='ocrx_word' id='word_1_1470' title='bbox 1379 1251 1486 1277; x_wconf 90' lang='lat' dir='ltr'>fortuna</span> <span class='ocrx_word' id='word_1_1471' title='bbox 1504 1259 1584 1278; x_wconf 89' lang='lat' dir='ltr'>nemo</span> <span class='ocrx_word' id='word_1_1472' title='bbox 1600 1251 1731 1278; x_wconf 82' lang='lat' dir='ltr'>dexterius</span> <span class='ocrx_word' id='word_1_1473' title='bbox 1749 1251 1816 1276; x_wconf 89' lang='lat' dir='ltr'>Hor.</span> <span class='ocrx_word' id='word_1_1474' title='bbox 1829 1250 1910 1276; x_wconf 88' lang='lat' dir='ltr'>Serm.</span> <span class='ocrx_word' id='word_1_1475' title='bbox 1926 1256 1944 1279; x_wconf 91' lang='lat'>1,</span> <span class='ocrx_word' id='word_1_1476' title='bbox 1958 1257 1985 1281; x_wconf 89' lang='lat'>9,</span> <span class='ocrx_word' id='word_1_1477' title='bbox 1998 1256 2039 1282; x_wconf 83' lang='lat'>45.</span> <span class='ocrx_word' id='word_1_1478' title='bbox 2193 1246 2214 1286; x_wconf 59' lang='lat' dir='ltr'><strong>ff</strong></span> <span class='ocrx_word' id='word_1_1479' title='bbox 2234 1257 2253 1282; x_wconf 83' lang='lat'>4</span> <span class='ocrx_word' id='word_1_1480' title='bbox 2288 1249 2422 1281; x_wconf 79' lang='lat' dir='ltr'>Fortuna„</span> 
     </span>
     <span class='ocr_line' id='line_1_158' title="bbox 1378 1278 2448 1323; baseline -0.002 -10"><span class='ocrx_word' id='word_1_1481' title='bbox 1378 1288 1432 1313; x_wconf 81' lang='lat' dir='ltr'>Dea</span> <span class='ocrx_word' id='word_1_1482' title='bbox 1444 1286 1537 1313; x_wconf 79' lang='lat' dir='ltr'>credita</span> <span class='ocrx_word' id='word_1_1483' title='bbox 1550 1285 1582 1320; x_wconf 79' lang='lat' dir='ltr'>est</span> <span class='ocrx_word' id='word_1_1484' title='bbox 1595 1289 1716 1323; x_wconf 79' lang='lat' dir='ltr'>antiquis.</span> <span class='ocrx_word' id='word_1_1485' title='bbox 1751 1287 1842 1311; x_wconf 91' lang='lat' dir='ltr'>quen.</span> <span class='ocrx_word' id='word_1_1486' title='bbox 1857 1285 1906 1311; x_wconf 91' lang='lat' dir='ltr'>Sat.</span> <span class='ocrx_word' id='word_1_1487' title='bbox 1921 1293 1950 1310; x_wconf 89' lang='lat'>10</span> <span class='ocrx_word' id='word_1_1488' title='bbox 1962 1291 2026 1311; x_wconf 80' lang='lat' dir='ltr'>extr.</span> <span class='ocrx_word' id='word_1_1489' title='bbox 2051 1283 2164 1312; x_wconf 91' lang='lat' dir='ltr'>Nullum</span> <span class='ocrx_word' id='word_1_1490' title='bbox 2183 1293 2280 1310; x_wconf 87' lang='lat' dir='ltr'>numen</span> <span class='ocrx_word' id='word_1_1491' title='bbox 2300 1283 2383 1315; x_wconf 80' lang='lat' dir='ltr'>abest,</span> <span class='ocrx_word' id='word_1_1492' title='bbox 2394 1283 2426 1311; x_wconf 63' lang='lat' dir='ltr'>fl*</span> <span class='ocrx_word' id='word_1_1493' title='bbox 2446 1278 2448 1289; x_wconf 57' lang='lat'><strong><em>¹</em></strong></span> 
     </span>
     <span class='ocr_line' id='line_1_159' title="bbox 1378 1306 2449 1356; baseline -0.004 -7"><span class='ocrx_word' id='word_1_1494' title='bbox 1378 1322 1408 1348; x_wconf 85' lang='lat' dir='ltr'>fit</span> <span class='ocrx_word' id='word_1_1495' title='bbox 1428 1322 1578 1356; x_wconf 89' lang='lat' dir='ltr'>prudentia:</span> <span class='ocrx_word' id='word_1_1496' title='bbox 1598 1322 1639 1348; x_wconf 89' lang='lat' dir='ltr'>sed</span> <span class='ocrx_word' id='word_1_1497' title='bbox 1659 1328 1685 1348; x_wconf 89' lang='lat' dir='ltr'>te</span> <span class='ocrx_word' id='word_1_1498' title='bbox 1720 1321 1778 1348; x_wconf 90' lang='lat' dir='ltr'>Nos</span> <span class='ocrx_word' id='word_1_1499' title='bbox 1792 1321 1902 1347; x_wconf 85' lang='lat' dir='ltr'>facimus</span> <span class='ocrx_word' id='word_1_1500' title='bbox 1917 1321 2032 1346; x_wconf 82' lang='lat' dir='ltr'>Fortuna</span> <span class='ocrx_word' id='word_1_1501' title='bbox 2045 1320 2135 1353; x_wconf 89' lang='lat' dir='ltr'>deam,</span> <span class='ocrx_word' id='word_1_1502' title='bbox 2153 1320 2278 1355; x_wconf 84' lang='lat' dir='ltr'>caeloque</span> <span class='ocrx_word' id='word_1_1503' title='bbox 2291 1306 2423 1348; x_wconf 67' lang='lat' dir='ltr'>locamuu.&#39;l</span> <span class='ocrx_word' id='word_1_1504' title='bbox 2448 1338 2449 1343; x_wconf 61' lang='lat'>.</span> 
     </span>
     <span class='ocr_line' id='line_1_160' title="bbox 1379 1343 2467 1393; baseline -0.006 -9"><span class='ocrx_word' id='word_1_1505' title='bbox 1379 1358 1511 1385; x_wconf 85' lang='lat' dir='ltr'>Fortunae</span> <span class='ocrx_word' id='word_1_1506' title='bbox 1522 1358 1596 1384; x_wconf 76' lang='lat' dir='ltr'>huius</span> <span class='ocrx_word' id='word_1_1507' title='bbox 1610 1358 1666 1384; x_wconf 78' lang='lat' dir='ltr'>deae</span> <span class='ocrx_word' id='word_1_1508' title='bbox 1678 1358 1826 1393; x_wconf 78' lang='lat' dir='ltr'>Cognomina</span> <span class='ocrx_word' id='word_1_1509' title='bbox 1838 1363 1861 1382; x_wconf 78' lang='lat' dir='ltr'>et</span> <span class='ocrx_word' id='word_1_1510' title='bbox 1879 1357 1981 1390; x_wconf 76' lang='lat' dir='ltr'>Templa</span> <span class='ocrx_word' id='word_1_1511' title='bbox 1994 1365 2111 1383; x_wconf 79' lang='lat' dir='ltr'>enarrare</span> <span class='ocrx_word' id='word_1_1512' title='bbox 2121 1356 2162 1383; x_wconf 85' lang='lat' dir='ltr'>hic</span> <span class='ocrx_word' id='word_1_1513' title='bbox 2173 1357 2270 1391; x_wconf 78' lang='lat' dir='ltr'>longum</span> <span class='ocrx_word' id='word_1_1514' title='bbox 2283 1353 2325 1388; x_wconf 63' lang='lat' dir='ltr'>ist.</span> <span class='ocrx_word' id='word_1_1515' title='bbox 2349 1343 2425 1382; x_wconf 56' lang='lat' dir='ltr'>Dilissi</span> <span class='ocrx_word' id='word_1_1516' title='bbox 2458 1355 2467 1382; x_wconf 72' lang='grc' dir='ltr'>’ς</span> 
     </span>
     <span class='ocr_line' id='line_1_161' title="bbox 1379 1380 2424 1430; baseline -0.005 -10"><span class='ocrx_word' id='word_1_1517' title='bbox 1379 1400 1465 1430; x_wconf 76' lang='lat' dir='ltr'>genter</span> <span class='ocrx_word' id='word_1_1518' title='bbox 1471 1393 1541 1428; x_wconf 85' lang='lat' dir='ltr'>satis</span> <span class='ocrx_word' id='word_1_1519' title='bbox 1552 1392 1721 1428; x_wconf 59' lang='lat' dir='ltr'>colle-&amp;asum</span> <span class='ocrx_word' id='word_1_1520' title='bbox 1730 1391 1786 1427; x_wconf 80' lang='lat' dir='ltr'>post</span> <span class='ocrx_word' id='word_1_1521' title='bbox 1800 1393 1862 1418; x_wconf 80' lang='lat' dir='ltr'>alios</span> <span class='ocrx_word' id='word_1_1522' title='bbox 1875 1394 1902 1417; x_wconf 83' lang='lat' dir='ltr'>in</span> <span class='ocrx_word' id='word_1_1523' title='bbox 1914 1392 2003 1418; x_wconf 74' lang='lat' dir='ltr'>Lexico</span> <span class='ocrx_word' id='word_1_1524' title='bbox 2021 1391 2121 1427; x_wconf 76' lang='lat' dir='ltr'>Pitzsci.</span> <span class='ocrx_word' id='word_1_1525' title='bbox 2155 1391 2249 1425; x_wconf 84' lang='lat' dir='ltr'>Ormffa</span> <span class='ocrx_word' id='word_1_1526' title='bbox 2261 1397 2341 1417; x_wconf 81' lang='lat' dir='ltr'>tamen</span> <span class='ocrx_word' id='word_1_1527' title='bbox 2354 1380 2424 1423; x_wconf 64' lang='lat' dir='ltr'>Fari?</span> 
     </span>
     <span class='ocr_line' id='line_1_162' title="bbox 1380 1420 2414 1463; baseline -0.003 -8"><span class='ocrx_word' id='word_1_1528' title='bbox 1380 1436 1443 1456; x_wconf 90' lang='lat' dir='ltr'>tuna</span> <span class='ocrx_word' id='word_1_1529' title='bbox 1456 1429 1545 1455; x_wconf 84' lang='lat' dir='ltr'>Antias</span> <span class='ocrx_word' id='word_1_1530' title='bbox 1558 1432 1639 1454; x_wconf 81' lang='lat' dir='ltr'>numis</span> <span class='ocrx_word' id='word_1_1531' title='bbox 1652 1435 1675 1454; x_wconf 83' lang='lat' dir='ltr'>et</span> <span class='ocrx_word' id='word_1_1532' title='bbox 1685 1428 1889 1463; x_wconf 65' lang='lat' dir='ltr'>inscriptionibus</span> <span class='ocrx_word' id='word_1_1533' title='bbox 1902 1427 2037 1459; x_wconf 70' lang='lat' dir='ltr'>celebrata.</span> <span class='ocrx_word' id='word_1_1534' title='bbox 2054 1428 2082 1453; x_wconf 72' lang='lat' dir='ltr'>de</span> <span class='ocrx_word' id='word_1_1535' title='bbox 2094 1436 2141 1462; x_wconf 83' lang='lat' dir='ltr'>qua</span> <span class='ocrx_word' id='word_1_1536' title='bbox 2158 1428 2223 1454; x_wconf 70' lang='lat' dir='ltr'>Phil.</span> <span class='ocrx_word' id='word_1_1537' title='bbox 2237 1437 2252 1453; x_wconf 78' lang='lat' dir='ltr'>a</span> <span class='ocrx_word' id='word_1_1538' title='bbox 2267 1428 2349 1453; x_wconf 82' lang='lat' dir='ltr'>Turre</span> <span class='ocrx_word' id='word_1_1539' title='bbox 2361 1420 2414 1459; x_wconf 64' lang='grc' dir='ltr'>Μξυῖ</span> 
     </span>
     <span class='ocr_line' id='line_1_163' title="bbox 1381 1459 2427 1499; baseline -0.003 -8"><span class='ocrx_word' id='word_1_1540' title='bbox 1381 1474 1447 1491; x_wconf 79' lang='lat' dir='ltr'>num.</span> <span class='ocrx_word' id='word_1_1541' title='bbox 1468 1466 1521 1491; x_wconf 77' lang='lat' dir='ltr'>Vct.</span> <span class='ocrx_word' id='word_1_1542' title='bbox 1535 1466 1612 1490; x_wconf 82' lang='lat' dir='ltr'>Antii</span> <span class='ocrx_word' id='word_1_1543' title='bbox 1624 1470 1654 1499; x_wconf 81' lang='lat' dir='ltr'>p.</span> <span class='ocrx_word' id='word_1_1544' title='bbox 1671 1474 1688 1498; x_wconf 85' lang='lat'><em>4</em></span> <span class='ocrx_word' id='word_1_1545' title='bbox 1700 1465 1758 1499; x_wconf 55' lang='grc' dir='ltr'>[ῃ.</span> <span class='ocrx_word' id='word_1_1546' title='bbox 1777 1469 1800 1488; x_wconf 74' lang='lat' dir='ltr'>et</span> <span class='ocrx_word' id='word_1_1547' title='bbox 1820 1464 1971 1497; x_wconf 75' lang='lat' dir='ltr'>Interpretes</span> <span class='ocrx_word' id='word_1_1548' title='bbox 1990 1462 2024 1488; x_wconf 83' lang='lat' dir='ltr'>ad</span> <span class='ocrx_word' id='word_1_1549' title='bbox 2043 1463 2103 1488; x_wconf 77' lang='lat' dir='ltr'>illud</span> <span class='ocrx_word' id='word_1_1550' title='bbox 2121 1463 2188 1488; x_wconf 83' lang='lat' dir='ltr'>Hor.</span> <span class='ocrx_word' id='word_1_1551' title='bbox 2209 1462 2259 1490; x_wconf 92' lang='lat' dir='ltr'>Od.</span> <span class='ocrx_word' id='word_1_1552' title='bbox 2275 1471 2295 1495; x_wconf 73' lang='lat'>1,</span> <span class='ocrx_word' id='word_1_1553' title='bbox 2309 1459 2427 1494; x_wconf 45' lang='lat'>35:0⁴*</span> 
     </span>
     <span class='ocr_line' id='line_1_164' title="bbox 1381 1496 2416 1534; baseline -0.003 -7"><span class='ocrx_word' id='word_1_1554' title='bbox 1381 1501 1451 1527; x_wconf 90' lang='lat' dir='ltr'>Diua</span> <span class='ocrx_word' id='word_1_1555' title='bbox 1461 1520 1469 1532; x_wconf 88' lang='lat'>,</span> <span class='ocrx_word' id='word_1_1556' title='bbox 1485 1506 1588 1534; x_wconf 85' lang='lat' dir='ltr'>gratum</span> <span class='ocrx_word' id='word_1_1557' title='bbox 1609 1507 1675 1533; x_wconf 87' lang='lat' dir='ltr'>quae</span> <span class='ocrx_word' id='word_1_1558' title='bbox 1694 1499 1763 1532; x_wconf 82' lang='lat' dir='ltr'>regis</span> <span class='ocrx_word' id='word_1_1559' title='bbox 1776 1497 1893 1524; x_wconf 86' lang='lat' dir='ltr'>Antium.</span> <span class='ocrx_word' id='word_1_1560' title='bbox 1929 1499 1966 1523; x_wconf 84' lang='lat' dir='ltr'>De</span> <span class='ocrx_word' id='word_1_1561' title='bbox 1979 1498 2095 1524; x_wconf 86' lang='lat' dir='ltr'>Fortuna</span> <span class='ocrx_word' id='word_1_1562' title='bbox 2109 1498 2228 1532; x_wconf 85' lang='lat' dir='ltr'>Equestri</span> <span class='ocrx_word' id='word_1_1563' title='bbox 2241 1507 2274 1523; x_wconf 79' lang='lat' dir='ltr'>an</span> <span class='ocrx_word' id='word_1_1564' title='bbox 2287 1496 2416 1532; x_wconf 60' lang='lat' dir='ltr'>Sequenti</span> 
     </span>
     <span class='ocr_line' id='line_1_165' title="bbox 1381 1532 2451 1570; baseline -0.002 -9"><span class='ocrx_word' id='word_1_1565' title='bbox 1381 1535 1524 1570; x_wconf 71' lang='lat' dir='ltr'>disputatur</span> <span class='ocrx_word' id='word_1_1566' title='bbox 1543 1535 1576 1561; x_wconf 82' lang='lat' dir='ltr'>ad</span> <span class='ocrx_word' id='word_1_1567' title='bbox 1588 1534 1678 1561; x_wconf 80' lang='lat' dir='ltr'>Tacit.</span> <span class='ocrx_word' id='word_1_1568' title='bbox 1692 1535 1759 1560; x_wconf 84' lang='lat' dir='ltr'>Ann.</span> <span class='ocrx_word' id='word_1_1569' title='bbox 1780 1541 1803 1565; x_wconf 82' lang='lat'>3,</span> <span class='ocrx_word' id='word_1_1570' title='bbox 1821 1541 1859 1567; x_wconf 85' lang='lat'>71·</span> <span class='ocrx_word' id='word_1_1571' title='bbox 1884 1532 1943 1559; x_wconf 83' lang='lat' dir='ltr'>Vid.</span> <span class='ocrx_word' id='word_1_1572' title='bbox 1963 1539 2151 1570; x_wconf 70' lang='lat' dir='ltr'>SEQESTER.</span> <span class='ocrx_word' id='word_1_1573' title='bbox 2206 1532 2337 1567; x_wconf 84' lang='lat' dir='ltr'>Equestris</span> <span class='ocrx_word' id='word_1_1574' title='bbox 2355 1540 2419 1560; x_wconf 84' lang='lat' dir='ltr'>tem·</span> <span class='ocrx_word' id='word_1_1575' title='bbox 2449 1541 2451 1559; x_wconf 65' lang='lat'><em>2</em></span> 
     </span>
     <span class='ocr_line' id='line_1_166' title="bbox 1381 1568 2428 1605; baseline -0.002 -9"><span class='ocrx_word' id='word_1_1576' title='bbox 1381 1572 1455 1605; x_wconf 88' lang='lat' dir='ltr'>plum</span> <span class='ocrx_word' id='word_1_1577' title='bbox 1472 1568 1506 1602; x_wconf 68' lang='lat' dir='ltr'>est</span> <span class='ocrx_word' id='word_1_1578' title='bbox 1520 1571 1627 1596; x_wconf 88' lang='lat' dir='ltr'>Vitruu.</span> <span class='ocrx_word' id='word_1_1579' title='bbox 1648 1578 1671 1601; x_wconf 91' lang='grc'>3,</span> <span class='ocrx_word' id='word_1_1580' title='bbox 1686 1578 1707 1595; x_wconf 87' lang='grc'>2.</span> <span class='ocrx_word' id='word_1_1581' title='bbox 1743 1568 1803 1594; x_wconf 87' lang='grc'>[111.</span> <span class='ocrx_word' id='word_1_1582' title='bbox 1816 1577 1859 1602; x_wconf 85' lang='grc'>42,</span> <span class='ocrx_word' id='word_1_1583' title='bbox 1873 1577 1895 1601; x_wconf 89' lang='grc'>3.</span> <span class='ocrx_word' id='word_1_1584' title='bbox 1949 1568 2026 1594; x_wconf 92' lang='lat' dir='ltr'>Diem</span> <span class='ocrx_word' id='word_1_1585' title='bbox 2039 1574 2065 1594; x_wconf 90' lang='lat' dir='ltr'>et</span> <span class='ocrx_word' id='word_1_1586' title='bbox 2078 1570 2176 1594; x_wconf 90' lang='lat' dir='ltr'>Fanum</span> <span class='ocrx_word' id='word_1_1587' title='bbox 2189 1568 2275 1595; x_wconf 77' lang='lat' dir='ltr'>Fortis</span> <span class='ocrx_word' id='word_1_1588' title='bbox 2286 1569 2428 1595; x_wconf 61' lang='lat' dir='ltr'>Fortunae*</span> 
     </span>
    </p>

    <p class='ocr_par' dir='ltr' id='par_1_36' title="bbox 1383 1604 2416 1637">
     <span class='ocr_line' id='line_1_167' title="bbox 1383 1604 2416 1637; baseline -0.003 -5"><span class='ocrx_word' id='word_1_1589' title='bbox 1383 1611 1515 1632; x_wconf 88' lang='lat' dir='ltr'>memorat</span> <span class='ocrx_word' id='word_1_1590' title='bbox 1527 1606 1613 1632; x_wconf 90' lang='lat' dir='ltr'>Varro</span> <span class='ocrx_word' id='word_1_1591' title='bbox 1627 1605 1658 1631; x_wconf 92' lang='lat' dir='ltr'>de</span> <span class='ocrx_word' id='word_1_1592' title='bbox 1671 1605 1700 1631; x_wconf 93' lang='lat' dir='ltr'>L.</span> <span class='ocrx_word' id='word_1_1593' title='bbox 1715 1604 1745 1630; x_wconf 93' lang='lat' dir='ltr'>L.</span> <span class='ocrx_word' id='word_1_1594' title='bbox 1760 1612 1782 1637; x_wconf 91' lang='lat'>5,</span> <span class='ocrx_word' id='word_1_1595' title='bbox 1796 1612 1818 1636; x_wconf 88' lang='grc'>3.</span> <span class='ocrx_word' id='word_1_1596' title='bbox 1879 1605 1997 1630; x_wconf 87' lang='lat' dir='ltr'>Donatus</span> <span class='ocrx_word' id='word_1_1597' title='bbox 2009 1604 2043 1630; x_wconf 84' lang='lat' dir='ltr'>ad</span> <span class='ocrx_word' id='word_1_1598' title='bbox 2054 1604 2122 1630; x_wconf 86' lang='lat' dir='ltr'>Ter.</span> <span class='ocrx_word' id='word_1_1599' title='bbox 2137 1604 2240 1631; x_wconf 87' lang='lat' dir='ltr'>Phorm.</span> <span class='ocrx_word' id='word_1_1600' title='bbox 2254 1611 2275 1637; x_wconf 91' lang='grc'>5,</span> <span class='ocrx_word' id='word_1_1601' title='bbox 2286 1606 2301 1629; x_wconf 90' lang='grc'><strong><em>6</em></strong></span> <span class='ocrx_word' id='word_1_1602' title='bbox 2315 1612 2325 1629; x_wconf 91' lang='grc'>1</span> <span class='ocrx_word' id='word_1_1603' title='bbox 2351 1604 2416 1630; x_wconf 71' lang='lat' dir='ltr'>For·</span> 
     </span>
    </p>

    <p class='ocr_par' dir='ltr' id='par_1_37' title="bbox 1384 1639 2418 1674">
     <span class='ocr_line' id='line_1_168' title="bbox 1384 1639 2418 1674; baseline -0.003 -7"><span class='ocrx_word' id='word_1_1604' title='bbox 1384 1642 1500 1668; x_wconf 71' lang='lat' dir='ltr'>remma</span> <span class='ocrx_word' id='word_1_1605' title='bbox 1521 1641 1572 1674; x_wconf 85' lang='lat' dir='ltr'>est,</span> <span class='ocrx_word' id='word_1_1606' title='bbox 1590 1641 1663 1667; x_wconf 85' lang='lat' dir='ltr'>cuius</span> <span class='ocrx_word' id='word_1_1607' title='bbox 1678 1641 1750 1666; x_wconf 90' lang='lat' dir='ltr'>diem</span> <span class='ocrx_word' id='word_1_1608' title='bbox 1768 1639 1864 1666; x_wconf 81' lang='lat' dir='ltr'>festum</span> <span class='ocrx_word' id='word_1_1609' title='bbox 1878 1639 1985 1671; x_wconf 87' lang='lat' dir='ltr'>colunt,</span> <span class='ocrx_word' id='word_1_1610' title='bbox 2001 1639 2047 1674; x_wconf 92' lang='lat' dir='ltr'>qui</span> <span class='ocrx_word' id='word_1_1611' title='bbox 2065 1639 2117 1665; x_wconf 90' lang='lat' dir='ltr'>fine</span> <span class='ocrx_word' id='word_1_1612' title='bbox 2136 1646 2191 1666; x_wconf 84' lang='lat' dir='ltr'>arte</span> <span class='ocrx_word' id='word_1_1613' title='bbox 2209 1640 2295 1674; x_wconf 87' lang='lat' dir='ltr'>aliqua</span> <span class='ocrx_word' id='word_1_1614' title='bbox 2312 1639 2418 1664; x_wconf 81' lang='lat' dir='ltr'>viuunt.</span> 
     </span>
    </p>

    <p class='ocr_par' dir='ltr' id='par_1_38' title="bbox 1384 1674 2420 1713">
     <span class='ocr_line' id='line_1_169' title="bbox 1384 1674 2420 1713; baseline -0.004 -10"><span class='ocrx_word' id='word_1_1615' title='bbox 1384 1677 1471 1704; x_wconf 83' lang='lat' dir='ltr'>Huius</span> <span class='ocrx_word' id='word_1_1616' title='bbox 1483 1677 1561 1713; x_wconf 80' lang='lat' dir='ltr'>aedes</span> <span class='ocrx_word' id='word_1_1617' title='bbox 1575 1683 1643 1703; x_wconf 86' lang='lat' dir='ltr'>trans</span> <span class='ocrx_word' id='word_1_1618' title='bbox 1657 1675 1787 1702; x_wconf 87' lang='lat' dir='ltr'>Tiberim</span> <span class='ocrx_word' id='word_1_1619' title='bbox 1801 1675 1846 1701; x_wconf 88' lang='lat' dir='ltr'>est.</span> <span class='ocrx_word' id='word_1_1620' title='bbox 1880 1675 1947 1701; x_wconf 84' lang='lat' dir='ltr'>Add.</span> <span class='ocrx_word' id='word_1_1621' title='bbox 1962 1675 2030 1702; x_wconf 91' lang='lat' dir='ltr'>Tac.</span> <span class='ocrx_word' id='word_1_1622' title='bbox 2044 1677 2110 1701; x_wconf 87' lang='lat' dir='ltr'>Ann.</span> <span class='ocrx_word' id='word_1_1623' title='bbox 2123 1683 2149 1708; x_wconf 86' lang='lat'>2,</span> <span class='ocrx_word' id='word_1_1624' title='bbox 2161 1684 2203 1708; x_wconf 88' lang='lat'>41.</span> <span class='ocrx_word' id='word_1_1625' title='bbox 2238 1675 2292 1701; x_wconf 87' lang='lat' dir='ltr'>Cic.</span> <span class='ocrx_word' id='word_1_1626' title='bbox 2299 1674 2330 1700; x_wconf 82' lang='lat' dir='ltr'>de</span> <span class='ocrx_word' id='word_1_1627' title='bbox 2337 1674 2420 1707; x_wconf 80' lang='lat' dir='ltr'>Legg.</span> 
     </span>
    </p>

    <p class='ocr_par' dir='ltr' id='par_1_39' title="bbox 1385 1709 2420 1746">
     <span class='ocr_line' id='line_1_170' title="bbox 1385 1709 2420 1746; baseline -0.001 -8"><span class='ocrx_word' id='word_1_1628' title='bbox 1385 1721 1408 1744; x_wconf 90' lang='lat'>2,</span> <span class='ocrx_word' id='word_1_1629' title='bbox 1422 1717 1452 1742; x_wconf 83' lang='lat'>28</span> <span class='ocrx_word' id='word_1_1630' title='bbox 1465 1722 1486 1738; x_wconf 95' lang='lat' dir='ltr'>c.</span> <span class='ocrx_word' id='word_1_1631' title='bbox 1503 1721 1525 1738; x_wconf 92' lang='lat'>11</span> <span class='ocrx_word' id='word_1_1632' title='bbox 1552 1713 1722 1746; x_wconf 81' lang='lat' dir='ltr'>Fortunaque</span> <span class='ocrx_word' id='word_1_1633' title='bbox 1743 1711 1773 1737; x_wconf 84' lang='lat' dir='ltr'>fit</span> <span class='ocrx_word' id='word_1_1634' title='bbox 1794 1711 1835 1737; x_wconf 92' lang='lat' dir='ltr'>vel</span> <span class='ocrx_word' id='word_1_1635' title='bbox 1850 1711 1966 1737; x_wconf 84' lang='lat' dir='ltr'>Huiusce</span> <span class='ocrx_word' id='word_1_1636' title='bbox 1979 1711 2035 1737; x_wconf 86' lang='lat' dir='ltr'>diei</span> <span class='ocrx_word' id='word_1_1637' title='bbox 2057 1711 2138 1743; x_wconf 80' lang='lat' dir='ltr'>(Plut.</span> <span class='ocrx_word' id='word_1_1638' title='bbox 2158 1712 2200 1738; x_wconf 69' lang='grc' dir='ltr'>τῆς</span> <span class='ocrx_word' id='word_1_1639' title='bbox 2217 1709 2306 1745; x_wconf 71' lang='grc' dir='ltr'>ἡμέρας</span> <span class='ocrx_word' id='word_1_1640' title='bbox 2328 1709 2420 1737; x_wconf 66' lang='grc' dir='ltr'>ἐκείνης-</span> 
     </span>
    </p>

    <p class='ocr_par' dir='ltr' id='par_1_40' title="bbox 1385 1743 2429 1782">
     <span class='ocr_line' id='line_1_171' title="bbox 1385 1743 2429 1782; baseline -0.005 -9"><span class='ocrx_word' id='word_1_1641' title='bbox 1385 1748 1454 1782; x_wconf 83' lang='lat' dir='ltr'>conf.</span> <span class='ocrx_word' id='word_1_1642' title='bbox 1471 1747 1536 1773; x_wconf 87' lang='lat' dir='ltr'>Plin.</span> <span class='ocrx_word' id='word_1_1643' title='bbox 1551 1756 1592 1779; x_wconf 87' lang='grc'>34,</span> <span class='ocrx_word' id='word_1_1644' title='bbox 1608 1750 1639 1778; x_wconf 83' lang='lat'>8)</span> <span class='ocrx_word' id='word_1_1645' title='bbox 1655 1756 1716 1773; x_wconf 88' lang='lat' dir='ltr'>nam</span> <span class='ocrx_word' id='word_1_1646' title='bbox 1735 1747 1805 1773; x_wconf 87' lang='lat' dir='ltr'>valet</span> <span class='ocrx_word' id='word_1_1647' title='bbox 1824 1747 1852 1772; x_wconf 95' lang='lat' dir='ltr'>in</span> <span class='ocrx_word' id='word_1_1648' title='bbox 1870 1755 1961 1772; x_wconf 89' lang='lat' dir='ltr'>omnes</span> <span class='ocrx_word' id='word_1_1649' title='bbox 1979 1746 2049 1779; x_wconf 81' lang='lat' dir='ltr'>dies,</span> <span class='ocrx_word' id='word_1_1650' title='bbox 2068 1747 2109 1773; x_wconf 86' lang='lat' dir='ltr'>vel</span> <span class='ocrx_word' id='word_1_1651' title='bbox 2125 1746 2273 1781; x_wconf 84' lang='lat' dir='ltr'>Respiciens</span> <span class='ocrx_word' id='word_1_1652' title='bbox 2291 1743 2323 1770; x_wconf 89' lang='lat' dir='ltr'>ad</span> <span class='ocrx_word' id='word_1_1653' title='bbox 2342 1752 2429 1778; x_wconf 50' lang='lat' dir='ltr'>opem¹</span> 
     </span>
    </p>

    <p class='ocr_par' dir='ltr' id='par_1_41' title="bbox 1385 1778 2431 1849">
     <span class='ocr_line' id='line_1_172' title="bbox 1386 1778 2431 1816; baseline -0.002 -10"><span class='ocrx_word' id='word_1_1654' title='bbox 1386 1782 1536 1811; x_wconf 82' lang='lat' dir='ltr'>ferendam;</span> <span class='ocrx_word' id='word_1_1655' title='bbox 1556 1782 1597 1807; x_wconf 89' lang='lat' dir='ltr'>vel</span> <span class='ocrx_word' id='word_1_1656' title='bbox 1613 1783 1692 1813; x_wconf 59' lang='lat' dir='ltr'>Fon,</span> <span class='ocrx_word' id='word_1_1657' title='bbox 1707 1782 1735 1807; x_wconf 94' lang='lat' dir='ltr'>in</span> <span class='ocrx_word' id='word_1_1658' title='bbox 1750 1791 1804 1815; x_wconf 91' lang='lat' dir='ltr'>quo</span> <span class='ocrx_word' id='word_1_1659' title='bbox 1818 1782 1911 1807; x_wconf 89' lang='lat' dir='ltr'>incerti</span> <span class='ocrx_word' id='word_1_1660' title='bbox 1926 1783 1997 1807; x_wconf 89' lang='lat' dir='ltr'>casus</span> <span class='ocrx_word' id='word_1_1661' title='bbox 2009 1781 2187 1815; x_wconf 79' lang='lat' dir='ltr'>significantur</span> <span class='ocrx_word' id='word_1_1662' title='bbox 2198 1781 2295 1816; x_wconf 79' lang='lat' dir='ltr'>magis3</span> <span class='ocrx_word' id='word_1_1663' title='bbox 2312 1778 2355 1805; x_wconf 90' lang='lat' dir='ltr'>vel</span> <span class='ocrx_word' id='word_1_1664' title='bbox 2368 1778 2431 1811; x_wconf 52' lang='lat' dir='ltr'>Pri„</span> 
     </span>
     <span class='ocr_line' id='line_1_173' title="bbox 1385 1816 2424 1849; baseline -0.001 -8"><span class='ocrx_word' id='word_1_1665' title='bbox 1385 1816 1500 1849; x_wconf 85' lang='lat' dir='ltr'>rnigenia</span> <span class='ocrx_word' id='word_1_1666' title='bbox 1513 1823 1559 1841; x_wconf 83' lang='lat' dir='ltr'>etc.</span> <span class='ocrx_word' id='word_1_1667' title='bbox 1594 1818 1632 1842; x_wconf 83' lang='lat' dir='ltr'>De</span> <span class='ocrx_word' id='word_1_1668' title='bbox 1643 1817 1803 1849; x_wconf 79' lang='lat' dir='ltr'>Primigenia</span> <span class='ocrx_word' id='word_1_1669' title='bbox 1817 1817 1933 1841; x_wconf 89' lang='lat' dir='ltr'>Fortuna</span> <span class='ocrx_word' id='word_1_1670' title='bbox 1947 1817 2005 1842; x_wconf 77' lang='lat' dir='ltr'>add.</span> <span class='ocrx_word' id='word_1_1671' title='bbox 2019 1817 2078 1842; x_wconf 91' lang='lat' dir='ltr'>Liu.</span> <span class='ocrx_word' id='word_1_1672' title='bbox 2092 1825 2135 1848; x_wconf 86' lang='lat'>29,</span> <span class='ocrx_word' id='word_1_1673' title='bbox 2152 1819 2190 1847; x_wconf 85' lang='grc'>36.</span> <span class='ocrx_word' id='word_1_1674' title='bbox 2208 1819 2237 1842; x_wconf 83' lang='lat' dir='ltr'>it.</span> <span class='ocrx_word' id='word_1_1675' title='bbox 2257 1823 2299 1847; x_wconf 84' lang='grc'>34,</span> <span class='ocrx_word' id='word_1_1676' title='bbox 2313 1822 2347 1847; x_wconf 83' lang='grc'>53.</span> <span class='ocrx_word' id='word_1_1677' title='bbox 2384 1816 2424 1841; x_wconf 76' lang='lat' dir='ltr'>De</span> 
     </span>
    </p>

    <p class='ocr_par' dir='ltr' id='par_1_42' title="bbox 1384 1794 2446 1958">
     <span class='ocr_line' id='line_1_174' title="bbox 1384 1794 2446 1897; baseline -0.001 -20"><span class='ocrx_word' id='word_1_1678' title='bbox 1384 1851 1490 1878; x_wconf 88' lang='lat' dir='ltr'>Publica</span> <span class='ocrx_word' id='word_1_1679' title='bbox 1504 1850 1584 1877; x_wconf 92' lang='lat' dir='ltr'>Ouid.</span> <span class='ocrx_word' id='word_1_1680' title='bbox 1598 1850 1661 1877; x_wconf 85' lang='lat' dir='ltr'>Fast.</span> <span class='ocrx_word' id='word_1_1681' title='bbox 1676 1860 1704 1884; x_wconf 83' lang='grc'>4,</span> <span class='ocrx_word' id='word_1_1682' title='bbox 1719 1858 1765 1885; x_wconf 89' lang='grc'>375</span> <span class='ocrx_word' id='word_1_1683' title='bbox 1777 1857 1801 1876; x_wconf 82' lang='lat' dir='ltr'>et</span> <span class='ocrx_word' id='word_1_1684' title='bbox 1814 1858 1874 1885; x_wconf 89' lang='lat'>729.</span> <span class='ocrx_word' id='word_1_1685' title='bbox 1915 1850 2020 1877; x_wconf 66' lang='lat' dir='ltr'>Videtur</span> <span class='ocrx_word' id='word_1_1686' title='bbox 2031 1851 2090 1877; x_wconf 79' lang='lat' dir='ltr'>haec</span> <span class='ocrx_word' id='word_1_1687' title='bbox 2102 1850 2181 1877; x_wconf 73' lang='lat' dir='ltr'>eadem</span> <span class='ocrx_word' id='word_1_1688' title='bbox 2194 1851 2288 1885; x_wconf 89' lang='lat' dir='ltr'>Populi</span> <span class='ocrx_word' id='word_1_1689' title='bbox 2301 1794 2446 1897; x_wconf 47' lang='lat' dir='ltr'>Romanis</span> 
     </span>
     <span class='ocr_line' id='line_1_175' title="bbox 1385 1885 2438 1922; baseline -0.001 -10"><span class='ocrx_word' id='word_1_1690' title='bbox 1385 1886 1414 1912; x_wconf 82' lang='lat' dir='ltr'>de</span> <span class='ocrx_word' id='word_1_1691' title='bbox 1435 1895 1483 1921; x_wconf 80' lang='lat' dir='ltr'>qua</span> <span class='ocrx_word' id='word_1_1692' title='bbox 1503 1885 1536 1918; x_wconf 80' lang='lat' dir='ltr'>est</span> <span class='ocrx_word' id='word_1_1693' title='bbox 1552 1887 1683 1912; x_wconf 78' lang='lat' dir='ltr'>Plutarchi</span> <span class='ocrx_word' id='word_1_1694' title='bbox 1702 1887 1812 1918; x_wconf 74' lang='lat' dir='ltr'>libellus,</span> <span class='ocrx_word' id='word_1_1695' title='bbox 1837 1893 1860 1912; x_wconf 81' lang='lat' dir='ltr'>et</span> <span class='ocrx_word' id='word_1_1696' title='bbox 1880 1886 1953 1922; x_wconf 77' lang='lat' dir='ltr'>Disp.</span> <span class='ocrx_word' id='word_1_1697' title='bbox 1973 1885 2104 1921; x_wconf 68' lang='lat' dir='ltr'>Lipsiensis</span> <span class='ocrx_word' id='word_1_1698' title='bbox 2123 1887 2188 1913; x_wconf 70' lang='lat' dir='ltr'>thl.</span> <span class='ocrx_word' id='word_1_1699' title='bbox 2207 1887 2312 1912; x_wconf 76' lang='lat' dir='ltr'>Olearii.</span> <span class='ocrx_word' id='word_1_1700' title='bbox 2349 1887 2438 1912; x_wconf 69' lang='lat' dir='ltr'>Hane-2</span> 
     </span>
     <span class='ocr_line' id='line_1_176' title="bbox 1385 1919 2433 1956; baseline 0.003 -11"><span class='ocrx_word' id='word_1_1701' title='bbox 1385 1923 1467 1945; x_wconf 71' lang='lat' dir='ltr'>numis-</span> <span class='ocrx_word' id='word_1_1702' title='bbox 1485 1921 1649 1958; x_wconf 71' lang='lat' dir='ltr'>(praesertim</span> <span class='ocrx_word' id='word_1_1703' title='bbox 1667 1922 1788 1953; x_wconf 76' lang='lat' dir='ltr'>Neruae)</span> <span class='ocrx_word' id='word_1_1704' title='bbox 1806 1921 1950 1947; x_wconf 72' lang='lat' dir='ltr'>celebratam</span> <span class='ocrx_word' id='word_1_1705' title='bbox 1967 1922 2050 1947; x_wconf 81' lang='lat' dir='ltr'>videre</span> <span class='ocrx_word' id='word_1_1706' title='bbox 2066 1923 2133 1947; x_wconf 72' lang='lat' dir='ltr'>licet.</span> <span class='ocrx_word' id='word_1_1707' title='bbox 2169 1922 2240 1946; x_wconf 77' lang='lat' dir='ltr'>Hanc</span> <span class='ocrx_word' id='word_1_1708' title='bbox 2253 1920 2327 1956; x_wconf 75' lang='lat' dir='ltr'>fhcpe</span> <span class='ocrx_word' id='word_1_1709' title='bbox 2339 1919 2433 1948; x_wconf 58' lang='grc' dir='ltr'>11101111ιῦἱ</span> 
     </span>
    </p>
   </div>
   <div class='ocr_carea' id='block_1_34' title="bbox 1385 1954 2475 3718">
    <p class='ocr_par' dir='ltr' id='par_1_43' title="bbox 1385 1954 2475 2587">
     <span class='ocr_line' id='line_1_177' title="bbox 1387 1954 2423 1992; baseline 0.003 -12"><span class='ocrx_word' id='word_1_1710' title='bbox 1387 1960 1429 1980; x_wconf 79' lang='lat' dir='ltr'>rat</span> <span class='ocrx_word' id='word_1_1711' title='bbox 1441 1954 1553 1985; x_wconf 87' lang='lat' dir='ltr'>Liuius,</span> <span class='ocrx_word' id='word_1_1712' title='bbox 1572 1963 1596 1979; x_wconf 85' lang='grc' dir='ltr'>υ.</span> <span class='ocrx_word' id='word_1_1713' title='bbox 1611 1964 1636 1989; x_wconf 83' lang='lat' dir='ltr'>g.</span> <span class='ocrx_word' id='word_1_1714' title='bbox 1658 1962 1678 1986; x_wconf 86' lang='lat'>1,</span> <span class='ocrx_word' id='word_1_1715' title='bbox 1691 1957 1737 1992; x_wconf 79' lang='grc'>46.</span> <span class='ocrx_word' id='word_1_1716' title='bbox 1752 1963 1779 1985; x_wconf 83' lang='grc'>2,</span> <span class='ocrx_word' id='word_1_1717' title='bbox 1794 1963 1839 1987; x_wconf 88' lang='grc'>40.</span> <span class='ocrx_word' id='word_1_1718' title='bbox 1859 1962 1886 1987; x_wconf 90' lang='lat'>7,</span> <span class='ocrx_word' id='word_1_1719' title='bbox 1899 1963 1941 1987; x_wconf 84' lang='grc'>34.</span> <span class='ocrx_word' id='word_1_1720' title='bbox 1965 1963 2002 1986; x_wconf 87' lang='grc'>35,</span> <span class='ocrx_word' id='word_1_1721' title='bbox 2015 1957 2041 1980; x_wconf 88' lang='grc'>6.</span> <span class='ocrx_word' id='word_1_1722' title='bbox 2076 1954 2145 1981; x_wconf 86' lang='lat' dir='ltr'>Add.</span> <span class='ocrx_word' id='word_1_1723' title='bbox 2158 1955 2249 1982; x_wconf 85' lang='lat' dir='ltr'>Tacit.</span> <span class='ocrx_word' id='word_1_1724' title='bbox 2264 1955 2330 1985; x_wconf 75' lang='lat' dir='ltr'>Hist.</span> <span class='ocrx_word' id='word_1_1725' title='bbox 2344 1965 2368 1989; x_wconf 91' lang='grc'>3,</span> <span class='ocrx_word' id='word_1_1726' title='bbox 2378 1958 2423 1990; x_wconf 88' lang='lat'>46.</span> 
     </span>
     <span class='ocr_line' id='line_1_178' title="bbox 1388 1988 2425 2026; baseline 0.003 -11"><span class='ocrx_word' id='word_1_1727' title='bbox 1388 1990 1426 2015; x_wconf 81' lang='lat' dir='ltr'>De</span> <span class='ocrx_word' id='word_1_1728' title='bbox 1439 1988 1481 2014; x_wconf 84' lang='lat' dir='ltr'>illa</span> <span class='ocrx_word' id='word_1_1729' title='bbox 1495 1988 1601 2015; x_wconf 89' lang='lat' dir='ltr'>fortuna</span> <span class='ocrx_word' id='word_1_1730' title='bbox 1614 1990 1723 2023; x_wconf 84' lang='lat' dir='ltr'>Imperii</span> <span class='ocrx_word' id='word_1_1731' title='bbox 1737 1991 1777 2015; x_wconf 75' lang='lat' dir='ltr'>vel</span> <span class='ocrx_word' id='word_1_1732' title='bbox 1787 1989 1880 2023; x_wconf 87' lang='lat' dir='ltr'>Populi</span> <span class='ocrx_word' id='word_1_1733' title='bbox 1889 1990 2003 2016; x_wconf 88' lang='lat' dir='ltr'>Romani</span> <span class='ocrx_word' id='word_1_1734' title='bbox 2013 1993 2085 2016; x_wconf 80' lang='lat' dir='ltr'>etiam</span> <span class='ocrx_word' id='word_1_1735' title='bbox 2099 1989 2232 2026; x_wconf 73' lang='lat' dir='ltr'>auspicium</span> <span class='ocrx_word' id='word_1_1736' title='bbox 2244 1991 2362 2026; x_wconf 85' lang='lat' dir='ltr'>quoddam</span> <span class='ocrx_word' id='word_1_1737' title='bbox 2374 2001 2425 2018; x_wconf 83' lang='lat' dir='ltr'>ma-</span> 
     </span>
     <span class='ocr_line' id='line_1_179' title="bbox 1385 2021 2425 2064; baseline 0.004 -15"><span class='ocrx_word' id='word_1_1738' title='bbox 1385 2021 1483 2056; x_wconf 73' lang='lat' dir='ltr'>iestatis</span> <span class='ocrx_word' id='word_1_1739' title='bbox 1502 2031 1618 2056; x_wconf 73' lang='lat' dir='ltr'>notante,</span> <span class='ocrx_word' id='word_1_1740' title='bbox 1641 2026 1740 2051; x_wconf 77' lang='lat' dir='ltr'>Gruter.</span> <span class='ocrx_word' id='word_1_1741' title='bbox 1760 2024 1830 2059; x_wconf 84' lang='lat' dir='ltr'>Disc.</span> <span class='ocrx_word' id='word_1_1742' title='bbox 1851 2024 1885 2049; x_wconf 82' lang='lat' dir='ltr'>ad</span> <span class='ocrx_word' id='word_1_1743' title='bbox 1902 2026 1963 2050; x_wconf 82' lang='lat' dir='ltr'>Tac.</span> <span class='ocrx_word' id='word_1_1744' title='bbox 1976 2035 1987 2051; x_wconf 90' lang='lat'><em>1</em></span> <span class='ocrx_word' id='word_1_1745' title='bbox 2007 2032 2031 2051; x_wconf 82' lang='lat' dir='ltr'>et</span> <span class='ocrx_word' id='word_1_1746' title='bbox 2051 2026 2157 2053; x_wconf 74' lang='lat' dir='ltr'>Boecler.</span> <span class='ocrx_word' id='word_1_1747' title='bbox 2177 2025 2204 2052; x_wconf 85' lang='lat' dir='ltr'>de</span> <span class='ocrx_word' id='word_1_1748' title='bbox 2216 2026 2334 2062; x_wconf 78' lang='lat' dir='ltr'>Auspicio</span> <span class='ocrx_word' id='word_1_1749' title='bbox 2347 2029 2425 2064; x_wconf 79' lang='lat' dir='ltr'>regio.</span> 
     </span>
     <span class='ocr_line' id='line_1_180' title="bbox 1387 2059 2461 2096; baseline 0.001 -9"><span class='ocrx_word' id='word_1_1750' title='bbox 1387 2059 1436 2087; x_wconf 71' lang='lat' dir='ltr'>Sed</span> <span class='ocrx_word' id='word_1_1751' title='bbox 1445 2062 1472 2085; x_wconf 83' lang='lat' dir='ltr'>in</span> <span class='ocrx_word' id='word_1_1752' title='bbox 1484 2059 1572 2086; x_wconf 65' lang='lat' dir='ltr'>edicio</span> <span class='ocrx_word' id='word_1_1753' title='bbox 1586 2060 1692 2086; x_wconf 87' lang='lat' dir='ltr'>Neruae</span> <span class='ocrx_word' id='word_1_1754' title='bbox 1704 2060 1771 2095; x_wconf 81' lang='lat' dir='ltr'>apud</span> <span class='ocrx_word' id='word_1_1755' title='bbox 1787 2060 1852 2086; x_wconf 87' lang='lat' dir='ltr'>Pliu.</span> <span class='ocrx_word' id='word_1_1756' title='bbox 1867 2059 1945 2094; x_wconf 82' lang='lat' dir='ltr'>Epist.</span> <span class='ocrx_word' id='word_1_1757' title='bbox 1962 2069 1998 2092; x_wconf 90' lang='lat'>10,</span> <span class='ocrx_word' id='word_1_1758' title='bbox 2014 2064 2058 2091; x_wconf 88' lang='lat'>66,</span> <span class='ocrx_word' id='word_1_1759' title='bbox 2074 2069 2092 2093; x_wconf 91' lang='lat'>9</span> <span class='ocrx_word' id='word_1_1760' title='bbox 2111 2062 2197 2094; x_wconf 80' lang='lat' dir='ltr'>Qtem</span> <span class='ocrx_word' id='word_1_1761' title='bbox 2212 2062 2327 2088; x_wconf 85' lang='lat' dir='ltr'>Fortuna</span> <span class='ocrx_word' id='word_1_1762' title='bbox 2338 2063 2423 2096; x_wconf 83' lang='lat' dir='ltr'>Impe-</span> <span class='ocrx_word' id='word_1_1763' title='bbox 2460 2079 2461 2084; x_wconf 61' lang='lat'>.</span> 
     </span>
     <span class='ocr_line' id='line_1_181' title="bbox 1387 2094 2422 2133; baseline 0.002 -13"><span class='ocrx_word' id='word_1_1764' title='bbox 1387 2095 1424 2120; x_wconf 87' lang='lat' dir='ltr'>rii</span> <span class='ocrx_word' id='word_1_1765' title='bbox 1446 2095 1559 2121; x_wconf 83' lang='lat' dir='ltr'>meliore</span> <span class='ocrx_word' id='word_1_1766' title='bbox 1573 2095 1649 2122; x_wconf 87' lang='lat' dir='ltr'>vultu</span> <span class='ocrx_word' id='word_1_1767' title='bbox 1667 2096 1797 2129; x_wconf 81' lang='lat' dir='ltr'>respexit,</span> <span class='ocrx_word' id='word_1_1768' title='bbox 1807 2094 1955 2132; x_wconf 73' lang='lat' dir='ltr'>fignificat,</span> <span class='ocrx_word' id='word_1_1769' title='bbox 1969 2099 2011 2122; x_wconf 85' lang='lat' dir='ltr'>cui</span> <span class='ocrx_word' id='word_1_1770' title='bbox 2028 2098 2166 2131; x_wconf 79' lang='lat' dir='ltr'>Imperator</span> <span class='ocrx_word' id='word_1_1771' title='bbox 2180 2103 2228 2132; x_wconf 81' lang='lat' dir='ltr'>pro</span> <span class='ocrx_word' id='word_1_1772' title='bbox 2240 2097 2289 2133; x_wconf 72' lang='lat' dir='ltr'>fica</span> <span class='ocrx_word' id='word_1_1773' title='bbox 2302 2096 2422 2133; x_wconf 59' lang='lat' dir='ltr'>potestate</span> 
     </span>
     <span class='ocr_line' id='line_1_182' title="bbox 1386 2129 2423 2168; baseline 0.006 -14"><span class='ocrx_word' id='word_1_1774' title='bbox 1386 2129 1526 2164; x_wconf 54' lang='lat' dir='ltr'>beneficium</span> <span class='ocrx_word' id='word_1_1775' title='bbox 1544 2130 1643 2157; x_wconf 81' lang='lat' dir='ltr'>tribuit.</span> <span class='ocrx_word' id='word_1_1776' title='bbox 1678 2130 1892 2167; x_wconf 69' lang='lat' dir='ltr'>AEiojigmjicatu</span> <span class='ocrx_word' id='word_1_1777' title='bbox 1910 2131 2026 2159; x_wconf 73' lang='lat' dir='ltr'>Fortuna</span> <span class='ocrx_word' id='word_1_1778' title='bbox 2039 2132 2133 2166; x_wconf 87' lang='lat' dir='ltr'>Populi</span> <span class='ocrx_word' id='word_1_1779' title='bbox 2150 2133 2225 2160; x_wconf 85' lang='lat' dir='ltr'>Rom.</span> <span class='ocrx_word' id='word_1_1780' title='bbox 2241 2136 2346 2168; x_wconf 79' lang='lat' dir='ltr'>ponitur</span> <span class='ocrx_word' id='word_1_1781' title='bbox 2361 2132 2423 2160; x_wconf 88' lang='lat' dir='ltr'>Liu.</span> 
     </span>
     <span class='ocr_line' id='line_1_183' title="bbox 1388 2165 2422 2204; baseline 0.006 -15"><span class='ocrx_word' id='word_1_1782' title='bbox 1388 2166 1415 2195; x_wconf 84' lang='lat'>6,</span> <span class='ocrx_word' id='word_1_1783' title='bbox 1430 2172 1461 2195; x_wconf 82' lang='lat'>30</span> <span class='ocrx_word' id='word_1_1784' title='bbox 1479 2173 1547 2198; x_wconf 74' lang='lat' dir='ltr'>quem</span> <span class='ocrx_word' id='word_1_1785' title='bbox 1563 2166 1645 2204; x_wconf 23' lang='lat' dir='ltr'>‘locum</span> <span class='ocrx_word' id='word_1_1786' title='bbox 1663 2165 1749 2191; x_wconf 80' lang='lat' dir='ltr'>damus</span> <span class='ocrx_word' id='word_1_1787' title='bbox 1768 2170 1795 2191; x_wconf 83' lang='lat' dir='ltr'>in</span> <span class='ocrx_word' id='word_1_1788' title='bbox 1807 2166 1862 2200; x_wconf 80' lang='lat' dir='ltr'>fine</span> <span class='ocrx_word' id='word_1_1789' title='bbox 1879 2167 1952 2193; x_wconf 75' lang='lat' dir='ltr'>huius</span> <span class='ocrx_word' id='word_1_1790' title='bbox 1970 2169 2082 2194; x_wconf 82' lang='lat' dir='ltr'>articuli.</span> <span class='ocrx_word' id='word_1_1791' title='bbox 2116 2169 2153 2194; x_wconf 84' lang='lat' dir='ltr'>De</span> <span class='ocrx_word' id='word_1_1792' title='bbox 2166 2168 2278 2194; x_wconf 83' lang='lat' dir='ltr'>Reducis</span> <span class='ocrx_word' id='word_1_1793' title='bbox 2292 2168 2422 2195; x_wconf 75' lang='lat' dir='ltr'>Fortunae</span> 
     </span>
     <span class='ocr_line' id='line_1_184' title="bbox 1388 2198 2420 2237; baseline 0.007 -14"><span class='ocrx_word' id='word_1_1794' title='bbox 1388 2199 1475 2237; x_wconf 64' lang='lat' dir='ltr'>templo</span> <span class='ocrx_word' id='word_1_1795' title='bbox 1489 2199 1604 2225; x_wconf 86' lang='lat' dir='ltr'>Martial.</span> <span class='ocrx_word' id='word_1_1796' title='bbox 1618 2205 1640 2230; x_wconf 87' lang='lat'>8,</span> <span class='ocrx_word' id='word_1_1797' title='bbox 1654 2203 1694 2232; x_wconf 86' lang='lat'>65.</span> <span class='ocrx_word' id='word_1_1798' title='bbox 1713 2207 1736 2226; x_wconf 81' lang='lat' dir='ltr'>et</span> <span class='ocrx_word' id='word_1_1799' title='bbox 1756 2201 1893 2226; x_wconf 85' lang='lat' dir='ltr'>Claudian.</span> <span class='ocrx_word' id='word_1_1800' title='bbox 1913 2203 1950 2227; x_wconf 90' lang='lat' dir='ltr'>VI</span> <span class='ocrx_word' id='word_1_1801' title='bbox 1966 2203 2044 2228; x_wconf 89' lang='lat' dir='ltr'>Cons.</span> <span class='ocrx_word' id='word_1_1802' title='bbox 2063 2204 2134 2229; x_wconf 89' lang='lat' dir='ltr'>Hon.</span> <span class='ocrx_word' id='word_1_1803' title='bbox 2150 2212 2169 2229; x_wconf 91' lang='lat'>1.</span> <span class='ocrx_word' id='word_1_1804' title='bbox 2203 2204 2334 2229; x_wconf 86' lang='lat' dir='ltr'>Fortunae</span> <span class='ocrx_word' id='word_1_1805' title='bbox 2351 2198 2420 2230; x_wconf 75' lang='lat' dir='ltr'>Seia&#39;e</span> 
     </span>
     <span class='ocr_line' id='line_1_185' title="bbox 1390 2233 2417 2271; baseline 0.007 -13"><span class='ocrx_word' id='word_1_1806' title='bbox 1390 2233 1455 2259; x_wconf 88' lang='lat' dir='ltr'>le.</span> <span class='ocrx_word' id='word_1_1807' title='bbox 1470 2237 1510 2265; x_wconf 84' lang='grc'>36,</span> <span class='ocrx_word' id='word_1_1808' title='bbox 1525 2242 1556 2259; x_wconf 84' lang='lat'>22</span> <span class='ocrx_word' id='word_1_1809' title='bbox 1576 2243 1647 2269; x_wconf 79' lang='lat' dir='ltr'>quam</span> <span class='ocrx_word' id='word_1_1810' title='bbox 1667 2243 1681 2259; x_wconf 89' lang='lat' dir='ltr'>a</span> <span class='ocrx_word' id='word_1_1811' title='bbox 1701 2235 1795 2261; x_wconf 89' lang='lat' dir='ltr'>Seruio</span> <span class='ocrx_word' id='word_1_1812' title='bbox 1813 2243 1875 2269; x_wconf 83' lang='lat' dir='ltr'>rege</span> <span class='ocrx_word' id='word_1_1813' title='bbox 1894 2236 2017 2262; x_wconf 85' lang='lat' dir='ltr'>sacratam</span> <span class='ocrx_word' id='word_1_1814' title='bbox 2031 2238 2095 2262; x_wconf 85' lang='lat' dir='ltr'>aede</span> <span class='ocrx_word' id='word_1_1815' title='bbox 2109 2246 2139 2262; x_wconf 88' lang='lat' dir='ltr'>ex</span> <span class='ocrx_word' id='word_1_1816' title='bbox 2154 2237 2278 2271; x_wconf 79' lang='lat' dir='ltr'>phengite</span> <span class='ocrx_word' id='word_1_1817' title='bbox 2292 2238 2417 2265; x_wconf 54' lang='lat' dir='ltr'>honorant&amp;</span> 
     </span>
     <span class='ocr_line' id='line_1_186' title="bbox 1390 2268 2418 2302; baseline 0.007 -8"><span class='ocrx_word' id='word_1_1818' title='bbox 1390 2268 1466 2294; x_wconf 89' lang='lat' dir='ltr'>Nero</span> <span class='ocrx_word' id='word_1_1819' title='bbox 1481 2275 1526 2296; x_wconf 81' lang='lat' dir='ltr'>etc.</span> <span class='ocrx_word' id='word_1_1820' title='bbox 1594 2269 1676 2295; x_wconf 88' lang='lat' dir='ltr'>Plaut.</span> <span class='ocrx_word' id='word_1_1821' title='bbox 1693 2269 1781 2296; x_wconf 86' lang='lat' dir='ltr'>Pseud.</span> <span class='ocrx_word' id='word_1_1822' title='bbox 1793 2278 1819 2302; x_wconf 88' lang='lat'>2,</span> <span class='ocrx_word' id='word_1_1823' title='bbox 1832 2278 1854 2302; x_wconf 85' lang='grc'>3,</span> <span class='ocrx_word' id='word_1_1824' title='bbox 1870 2278 1894 2296; x_wconf 89' lang='grc'>12</span> <span class='ocrx_word' id='word_1_1825' title='bbox 1917 2272 2030 2297; x_wconf 90' lang='lat' dir='ltr'>Centum</span> <span class='ocrx_word' id='word_1_1826' title='bbox 2043 2271 2182 2298; x_wconf 89' lang='lat' dir='ltr'>hominum</span> <span class='ocrx_word' id='word_1_1827' title='bbox 2198 2272 2305 2300; x_wconf 63' lang='lat' dir='ltr'>doctum</span> <span class='ocrx_word' id='word_1_1828' title='bbox 2318 2272 2418 2300; x_wconf 76' lang='lat' dir='ltr'>consilia</span> 
     </span>
     <span class='ocr_line' id='line_1_187' title="bbox 1389 2303 2420 2337; baseline 0.003 -8"><span class='ocrx_word' id='word_1_1829' title='bbox 1389 2303 1442 2330; x_wconf 92' lang='lat' dir='ltr'>sola</span> <span class='ocrx_word' id='word_1_1830' title='bbox 1461 2303 1524 2330; x_wconf 89' lang='lat' dir='ltr'>haec</span> <span class='ocrx_word' id='word_1_1831' title='bbox 1542 2304 1660 2331; x_wconf 88' lang='lat' dir='ltr'>deuincit</span> <span class='ocrx_word' id='word_1_1832' title='bbox 1673 2305 1727 2331; x_wconf 87' lang='lat' dir='ltr'>Dea</span> <span class='ocrx_word' id='word_1_1833' title='bbox 1737 2306 1861 2332; x_wconf 87' lang='lat' dir='ltr'>Fortuna.</span> <span class='ocrx_word' id='word_1_1834' title='bbox 1931 2306 2013 2332; x_wconf 90' lang='lat' dir='ltr'>Plaut.</span> <span class='ocrx_word' id='word_1_1835' title='bbox 2029 2307 2089 2332; x_wconf 87' lang='lat' dir='ltr'>Aul.</span> <span class='ocrx_word' id='word_1_1836' title='bbox 2105 2315 2124 2337; x_wconf 84' lang='lat'>1,</span> <span class='ocrx_word' id='word_1_1837' title='bbox 2136 2316 2160 2336; x_wconf 87' lang='lat'>2,</span> <span class='ocrx_word' id='word_1_1838' title='bbox 2172 2316 2206 2333; x_wconf 84' lang='lat'>22</span> <span class='ocrx_word' id='word_1_1839' title='bbox 2232 2308 2259 2337; x_wconf 77' lang='lat' dir='ltr'>Si</span> <span class='ocrx_word' id='word_1_1840' title='bbox 2279 2308 2348 2336; x_wconf 87' lang='lat' dir='ltr'>bona</span> <span class='ocrx_word' id='word_1_1841' title='bbox 2358 2308 2420 2336; x_wconf 79' lang='lat' dir='ltr'>For-</span> 
     </span>
     <span class='ocr_line' id='line_1_188' title="bbox 1389 2340 2475 2375; baseline 0.006 -11"><span class='ocrx_word' id='word_1_1842' title='bbox 1389 2344 1451 2365; x_wconf 89' lang='lat' dir='ltr'>tuna</span> <span class='ocrx_word' id='word_1_1843' title='bbox 1464 2340 1567 2370; x_wconf 85' lang='lat' dir='ltr'>veniat‚</span> <span class='ocrx_word' id='word_1_1844' title='bbox 1580 2350 1613 2366; x_wconf 86' lang='lat' dir='ltr'>ne</span> <span class='ocrx_word' id='word_1_1845' title='bbox 1627 2340 1811 2366; x_wconf 85' lang='lat' dir='ltr'>intromiseris.</span> <span class='ocrx_word' id='word_1_1846' title='bbox 1865 2340 1920 2367; x_wconf 90' lang='lat' dir='ltr'>Cic.</span> <span class='ocrx_word' id='word_1_1847' title='bbox 1945 2341 2058 2375; x_wconf 85' lang='lat' dir='ltr'>Philipp.</span> <span class='ocrx_word' id='word_1_1848' title='bbox 2080 2350 2113 2372; x_wconf 82' lang='lat'>13,</span> <span class='ocrx_word' id='word_1_1849' title='bbox 2135 2350 2161 2367; x_wconf 92' lang='lat'>10</span> <span class='ocrx_word' id='word_1_1850' title='bbox 2198 2342 2301 2370; x_wconf 89' lang='lat' dir='ltr'>Deinde</span> <span class='ocrx_word' id='word_1_1851' title='bbox 2314 2344 2422 2371; x_wconf 84' lang='lat' dir='ltr'>obsecro</span> <span class='ocrx_word' id='word_1_1852' title='bbox 2453 2368 2454 2374; x_wconf 69' lang='grc'>,</span> <span class='ocrx_word' id='word_1_1853' title='bbox 2472 2354 2475 2358; x_wconf 84' lang='grc'><em>·</em></span> 
     </span>
     <span class='ocr_line' id='line_1_189' title="bbox 1390 2375 2422 2414; baseline 0.005 -14"><span class='ocrx_word' id='word_1_1854' title='bbox 1390 2383 1438 2401; x_wconf 81' lang='lat' dir='ltr'>vos</span> <span class='ocrx_word' id='word_1_1855' title='bbox 1452 2376 1536 2401; x_wconf 86' lang='lat' dir='ltr'>Patres</span> <span class='ocrx_word' id='word_1_1856' title='bbox 1550 2376 1715 2409; x_wconf 63' lang='lat' dir='ltr'>Conscripd,</span> <span class='ocrx_word' id='word_1_1857' title='bbox 1732 2375 1790 2410; x_wconf 83' lang='lat' dir='ltr'>quis</span> <span class='ocrx_word' id='word_1_1858' title='bbox 1803 2375 1853 2401; x_wconf 87' lang='lat' dir='ltr'>hoc</span> <span class='ocrx_word' id='word_1_1859' title='bbox 1866 2375 1981 2402; x_wconf 79' lang='lat' dir='ltr'>vestrsmi</span> <span class='ocrx_word' id='word_1_1860' title='bbox 1994 2385 2047 2401; x_wconf 93' lang='lat' dir='ltr'>non</span> <span class='ocrx_word' id='word_1_1861' title='bbox 2060 2375 2148 2408; x_wconf 90' lang='lat' dir='ltr'>videt,</span> <span class='ocrx_word' id='word_1_1862' title='bbox 2167 2377 2237 2411; x_wconf 89' lang='lat' dir='ltr'>quod</span> <span class='ocrx_word' id='word_1_1863' title='bbox 2250 2378 2355 2404; x_wconf 86' lang='lat' dir='ltr'>fortuna</span> <span class='ocrx_word' id='word_1_1864' title='bbox 2367 2379 2422 2414; x_wconf 53' lang='lat' dir='ltr'>ipsa</span> 
     </span>
     <span class='ocr_line' id='line_1_190' title="bbox 1391 2410 2470 2447; baseline 0.004 -11"><span class='ocrx_word' id='word_1_1865' title='bbox 1391 2419 1457 2445; x_wconf 86' lang='lat' dir='ltr'>quae</span> <span class='ocrx_word' id='word_1_1866' title='bbox 1475 2411 1572 2437; x_wconf 89' lang='lat' dir='ltr'>dicitur</span> <span class='ocrx_word' id='word_1_1867' title='bbox 1592 2419 1680 2442; x_wconf 88' lang='lat' dir='ltr'>caeca,</span> <span class='ocrx_word' id='word_1_1868' title='bbox 1695 2410 1781 2437; x_wconf 74' lang='lat' dir='ltr'>vidit?</span> <span class='ocrx_word' id='word_1_1869' title='bbox 1852 2411 1967 2437; x_wconf 86' lang='lat' dir='ltr'>Domina</span> <span class='ocrx_word' id='word_1_1870' title='bbox 1984 2420 2073 2437; x_wconf 78' lang='lat' dir='ltr'>reruni</span> <span class='ocrx_word' id='word_1_1871' title='bbox 2095 2411 2201 2438; x_wconf 85' lang='lat' dir='ltr'>fortuna</span> <span class='ocrx_word' id='word_1_1872' title='bbox 2221 2412 2276 2438; x_wconf 89' lang='lat' dir='ltr'>Cic.</span> <span class='ocrx_word' id='word_1_1873' title='bbox 2289 2421 2338 2447; x_wconf 85' lang='lat' dir='ltr'>pro</span> <span class='ocrx_word' id='word_1_1874' title='bbox 2350 2413 2422 2439; x_wconf 76' lang='lat' dir='ltr'>Mat:-</span> <span class='ocrx_word' id='word_1_1875' title='bbox 2468 2415 2470 2426; x_wconf 76' lang='lat'><em>&#39;</em></span> 
     </span>
     <span class='ocr_line' id='line_1_191' title="bbox 1392 2445 2422 2480; baseline 0.004 -9"><span class='ocrx_word' id='word_1_1876' title='bbox 1392 2446 1448 2471; x_wconf 87' lang='lat' dir='ltr'>cell.</span> <span class='ocrx_word' id='word_1_1877' title='bbox 1462 2454 1479 2480; x_wconf 89' lang='lat'><strong>7</strong></span> <span class='ocrx_word' id='word_1_1878' title='bbox 1491 2456 1511 2473; x_wconf 89' lang='grc'>0.</span> <span class='ocrx_word' id='word_1_1879' title='bbox 1525 2455 1546 2472; x_wconf 87' lang='grc'>2.</span> <span class='ocrx_word' id='word_1_1880' title='bbox 1617 2447 1706 2473; x_wconf 79' lang='lat' dir='ltr'>Facies</span> <span class='ocrx_word' id='word_1_1881' title='bbox 1724 2446 1854 2472; x_wconf 85' lang='lat' dir='ltr'>inuidiosa</span> <span class='ocrx_word' id='word_1_1882' title='bbox 1869 2446 1991 2473; x_wconf 86' lang='lat' dir='ltr'>fortunae</span> <span class='ocrx_word' id='word_1_1883' title='bbox 2009 2445 2090 2473; x_wconf 88' lang='lat' dir='ltr'>Ouid.</span> <span class='ocrx_word' id='word_1_1884' title='bbox 2103 2446 2129 2472; x_wconf 91' lang='lat' dir='ltr'>in</span> <span class='ocrx_word' id='word_1_1885' title='bbox 2143 2446 2204 2473; x_wconf 91' lang='lat' dir='ltr'>Ibin</span> <span class='ocrx_word' id='word_1_1886' title='bbox 2216 2455 2269 2473; x_wconf 83' lang='grc'>122.</span> <span class='ocrx_word' id='word_1_1887' title='bbox 2336 2447 2422 2475; x_wconf 66' lang='lat' dir='ltr'>Filius</span> 
     </span>
     <span class='ocr_line' id='line_1_192' title="bbox 1391 2481 2459 2517; baseline 0.003 -10"><span class='ocrx_word' id='word_1_1888' title='bbox 1391 2481 1512 2507; x_wconf 85' lang='lat' dir='ltr'>fortunae</span> <span class='ocrx_word' id='word_1_1889' title='bbox 1527 2483 1593 2509; x_wconf 87' lang='lat' dir='ltr'>Hor.</span> <span class='ocrx_word' id='word_1_1890' title='bbox 1608 2483 1687 2508; x_wconf 81' lang='lat' dir='ltr'>Serm.</span> <span class='ocrx_word' id='word_1_1891' title='bbox 1702 2490 1727 2514; x_wconf 85' lang='lat'>2,</span> <span class='ocrx_word' id='word_1_1892' title='bbox 1742 2484 1766 2513; x_wconf 89' lang='lat'>6,</span> <span class='ocrx_word' id='word_1_1893' title='bbox 1780 2491 1824 2514; x_wconf 82' lang='lat'>49.</span> <span class='ocrx_word' id='word_1_1894' title='bbox 1842 2482 1896 2508; x_wconf 78' lang='lat' dir='ltr'>vid.</span> <span class='ocrx_word' id='word_1_1895' title='bbox 1913 2489 1955 2508; x_wconf 67' lang='lat'>1³11</span> <span class='ocrx_word' id='word_1_1896' title='bbox 1965 2489 2024 2509; x_wconf 84' lang='lat' dir='ltr'>lvs.</span> <span class='ocrx_word' id='word_1_1897' title='bbox 2093 2482 2195 2510; x_wconf 85' lang='lat' dir='ltr'>Iniuria</span> <span class='ocrx_word' id='word_1_1898' title='bbox 2209 2482 2329 2509; x_wconf 85' lang='lat' dir='ltr'>fortunae</span> <span class='ocrx_word' id='word_1_1899' title='bbox 2340 2482 2422 2510; x_wconf 82' lang='lat' dir='ltr'>Ouid.</span> <span class='ocrx_word' id='word_1_1900' title='bbox 2456 2510 2459 2517; x_wconf 73' lang='lat'>.</span> 
     </span>
     <span class='ocr_line' id='line_1_193' title="bbox 1391 2516 2424 2550; baseline 0 -8"><span class='ocrx_word' id='word_1_1901' title='bbox 1391 2517 1423 2543; x_wconf 90' lang='lat' dir='ltr'>ad</span> <span class='ocrx_word' id='word_1_1902' title='bbox 1437 2517 1496 2542; x_wconf 93' lang='lat' dir='ltr'>Liu.</span> <span class='ocrx_word' id='word_1_1903' title='bbox 1510 2526 1544 2549; x_wconf 88' lang='lat'>51.</span> <span class='ocrx_word' id='word_1_1904' title='bbox 1616 2516 1703 2543; x_wconf 89' lang='lat' dir='ltr'>Ludus</span> <span class='ocrx_word' id='word_1_1905' title='bbox 1723 2518 1845 2544; x_wconf 89' lang='lat' dir='ltr'>fortunae</span> <span class='ocrx_word' id='word_1_1906' title='bbox 1867 2518 1933 2542; x_wconf 87' lang='lat' dir='ltr'>Hor.</span> <span class='ocrx_word' id='word_1_1907' title='bbox 1948 2518 2034 2543; x_wconf 91' lang='lat' dir='ltr'>Carm.</span> <span class='ocrx_word' id='word_1_1908' title='bbox 2050 2526 2075 2549; x_wconf 82' lang='lat'>2,</span> <span class='ocrx_word' id='word_1_1909' title='bbox 2091 2526 2110 2550; x_wconf 87' lang='lat'>1,</span> <span class='ocrx_word' id='word_1_1910' title='bbox 2123 2526 2144 2549; x_wconf 87' lang='grc'>3.</span> <span class='ocrx_word' id='word_1_1911' title='bbox 2216 2517 2327 2544; x_wconf 90' lang='lat' dir='ltr'>Multari</span> <span class='ocrx_word' id='word_1_1912' title='bbox 2341 2527 2354 2544; x_wconf 92' lang='lat' dir='ltr'>a</span> <span class='ocrx_word' id='word_1_1913' title='bbox 2367 2518 2424 2545; x_wconf 83' lang='lat' dir='ltr'>for.</span> 
     </span>
     <span class='ocr_line' id='line_1_194' title="bbox 1391 2552 2426 2587; baseline 0.003 -10"><span class='ocrx_word' id='word_1_1914' title='bbox 1391 2558 1470 2584; x_wconf 81' lang='lat' dir='ltr'>tuna,</span> <span class='ocrx_word' id='word_1_1915' title='bbox 1490 2552 1542 2578; x_wconf 73' lang='lat' dir='ltr'>md.</span> <span class='ocrx_word' id='word_1_1916' title='bbox 1571 2558 1702 2578; x_wconf 80' lang='lat' dir='ltr'>MVLTA.</span> <span class='ocrx_word' id='word_1_1917' title='bbox 1772 2552 1880 2578; x_wconf 90' lang='lat' dir='ltr'>Vultum</span> <span class='ocrx_word' id='word_1_1918' title='bbox 1894 2552 1979 2578; x_wconf 72' lang='lat' dir='ltr'>struat</span> <span class='ocrx_word' id='word_1_1919' title='bbox 1991 2552 2099 2578; x_wconf 88' lang='lat' dir='ltr'>fortuna</span> <span class='ocrx_word' id='word_1_1920' title='bbox 2111 2552 2253 2587; x_wconf 87' lang='lat' dir='ltr'>benignum</span> <span class='ocrx_word' id='word_1_1921' title='bbox 2267 2553 2333 2579; x_wconf 88' lang='lat' dir='ltr'>Hor.</span> <span class='ocrx_word' id='word_1_1922' title='bbox 2347 2552 2426 2587; x_wconf 79' lang='lat' dir='ltr'>Epist.</span> 
     </span>
    </p>

    <p class='ocr_par' dir='ltr' id='par_1_44' title="bbox 1392 2587 2456 2729">
     <span class='ocr_line' id='line_1_195' title="bbox 1392 2587 2427 2623; baseline 0.002 -10"><span class='ocrx_word' id='word_1_1923' title='bbox 1392 2596 1411 2617; x_wconf 92' lang='lat'>1,</span> <span class='ocrx_word' id='word_1_1924' title='bbox 1428 2596 1460 2619; x_wconf 94' lang='lat'>11,</span> <span class='ocrx_word' id='word_1_1925' title='bbox 1475 2596 1514 2613; x_wconf 88' lang='grc'>20.</span> <span class='ocrx_word' id='word_1_1926' title='bbox 1587 2588 1704 2614; x_wconf 87' lang='lat' dir='ltr'>Fortuna</span> <span class='ocrx_word' id='word_1_1927' title='bbox 1723 2596 1811 2613; x_wconf 88' lang='lat' dir='ltr'>rerum</span> <span class='ocrx_word' id='word_1_1928' title='bbox 1832 2587 2005 2614; x_wconf 89' lang='lat' dir='ltr'>humanarum</span> <span class='ocrx_word' id='word_1_1929' title='bbox 2021 2587 2226 2623; x_wconf 88' lang='lat' dir='ltr'>diuinarumque</span> <span class='ocrx_word' id='word_1_1930' title='bbox 2245 2588 2356 2623; x_wconf 81' lang='lat' dir='ltr'>potestas</span> <span class='ocrx_word' id='word_1_1931' title='bbox 2381 2589 2427 2615; x_wconf 75' lang='lat' dir='ltr'>Pe-</span> 
     </span>
     <span class='ocr_line' id='line_1_196' title="bbox 1393 2622 2456 2659; baseline 0.003 -11"><span class='ocrx_word' id='word_1_1932' title='bbox 1393 2628 1462 2648; x_wconf 87' lang='lat' dir='ltr'>tron.</span> <span class='ocrx_word' id='word_1_1933' title='bbox 1479 2631 1563 2648; x_wconf 61' lang='lat'>0120.</span> <span class='ocrx_word' id='word_1_1934' title='bbox 1633 2624 1776 2649; x_wconf 72' lang='lat' dir='ltr'>Fortunam</span> <span class='ocrx_word' id='word_1_1935' title='bbox 1799 2624 1914 2649; x_wconf 90' lang='lat' dir='ltr'>insanam</span> <span class='ocrx_word' id='word_1_1936' title='bbox 1939 2624 1988 2649; x_wconf 81' lang='lat' dir='ltr'>effe</span> <span class='ocrx_word' id='word_1_1937' title='bbox 2001 2629 2027 2649; x_wconf 89' lang='lat' dir='ltr'>et</span> <span class='ocrx_word' id='word_1_1938' title='bbox 2046 2632 2147 2649; x_wconf 87' lang='lat' dir='ltr'>caecam</span> <span class='ocrx_word' id='word_1_1939' title='bbox 2167 2630 2192 2650; x_wconf 92' lang='lat' dir='ltr'>et</span> <span class='ocrx_word' id='word_1_1940' title='bbox 2212 2623 2317 2657; x_wconf 84' lang='lat' dir='ltr'>brutam</span> <span class='ocrx_word' id='word_1_1941' title='bbox 2339 2622 2432 2659; x_wconf 81' lang='lat' dir='ltr'>perhi-&#39;</span> <span class='ocrx_word' id='word_1_1942' title='bbox 2455 2623 2456 2626; x_wconf 71' lang='grc'>’</span> 
     </span>
     <span class='ocr_line' id='line_1_197' title="bbox 1393 2657 2433 2693; baseline 0.004 -11"><span class='ocrx_word' id='word_1_1943' title='bbox 1393 2657 1457 2683; x_wconf 85' lang='lat' dir='ltr'>bent</span> <span class='ocrx_word' id='word_1_1944' title='bbox 1473 2657 1640 2691; x_wconf 81' lang='lat' dir='ltr'>philosophi,</span> <span class='ocrx_word' id='word_1_1945' title='bbox 1659 2660 1772 2692; x_wconf 84' lang='lat' dir='ltr'>saxoque</span> <span class='ocrx_word' id='word_1_1946' title='bbox 1785 2658 1879 2684; x_wconf 85' lang='lat' dir='ltr'>instare</span> <span class='ocrx_word' id='word_1_1947' title='bbox 1893 2658 2003 2692; x_wconf 86' lang='lat' dir='ltr'>globoso</span> <span class='ocrx_word' id='word_1_1948' title='bbox 2015 2658 2167 2693; x_wconf 81' lang='lat' dir='ltr'>praedicant</span> <span class='ocrx_word' id='word_1_1949' title='bbox 2178 2658 2294 2687; x_wconf 92' lang='lat' dir='ltr'>volubili</span> <span class='ocrx_word' id='word_1_1950' title='bbox 2306 2659 2382 2686; x_wconf 64' lang='lat' dir='ltr'>Auci.</span> <span class='ocrx_word' id='word_1_1951' title='bbox 2426 2664 2433 2674; x_wconf 84' lang='lat'><strong><em>¹</em></strong></span> 
     </span>
     <span class='ocr_line' id='line_1_198' title="bbox 1393 2694 2372 2729; baseline 0.003 -11"><span class='ocrx_word' id='word_1_1952' title='bbox 1393 2694 1490 2719; x_wconf 84' lang='lat' dir='ltr'>Heren.</span> <span class='ocrx_word' id='word_1_1953' title='bbox 1505 2701 1528 2725; x_wconf 84' lang='grc'>2,</span> <span class='ocrx_word' id='word_1_1954' title='bbox 1544 2696 1574 2725; x_wconf 89' lang='grc'>36</span> <span class='ocrx_word' id='word_1_1955' title='bbox 1587 2702 1609 2719; x_wconf 83' lang='grc'>0.</span> <span class='ocrx_word' id='word_1_1956' title='bbox 1623 2702 1657 2725; x_wconf 85' lang='grc'>23.</span> <span class='ocrx_word' id='word_1_1957' title='bbox 1684 2694 1720 2720; x_wconf 78' lang='lat' dir='ltr'>Ex</span> <span class='ocrx_word' id='word_1_1958' title='bbox 1734 2694 1857 2720; x_wconf 88' lang='lat' dir='ltr'>Pacuuio.</span> <span class='ocrx_word' id='word_1_1959' title='bbox 1880 2694 1953 2728; x_wconf 84' lang='lat' dir='ltr'>Conf.</span> <span class='ocrx_word' id='word_1_1960' title='bbox 1967 2694 2032 2722; x_wconf 87' lang='lat' dir='ltr'>Plin.</span> <span class='ocrx_word' id='word_1_1961' title='bbox 2044 2703 2065 2725; x_wconf 84' lang='lat'>2,</span> <span class='ocrx_word' id='word_1_1962' title='bbox 2077 2703 2104 2729; x_wconf 86' lang='lat'>7.</span> <span class='ocrx_word' id='word_1_1963' title='bbox 2173 2694 2329 2722; x_wconf 84' lang='lat' dir='ltr'>Muneribus</span> <span class='ocrx_word' id='word_1_1964' title='bbox 2342 2695 2372 2721; x_wconf 89' lang='lat' dir='ltr'>fo</span> 
     </span>
    </p>

    <p class='ocr_par' dir='ltr' id='par_1_45' title="bbox 1393 2728 2392 2767">
     <span class='ocr_line' id='line_1_199' title="bbox 1393 2728 2392 2767; baseline 0.004 -14"><span class='ocrx_word' id='word_1_1965' title='bbox 1393 2737 1440 2754; x_wconf 88' lang='lat' dir='ltr'>nae</span> <span class='ocrx_word' id='word_1_1966' title='bbox 1454 2728 1613 2763; x_wconf 76' lang='lat' dir='ltr'>amplissimis</span> <span class='ocrx_word' id='word_1_1967' title='bbox 1627 2729 1717 2755; x_wconf 88' lang='lat' dir='ltr'>ornari</span> <span class='ocrx_word' id='word_1_1968' title='bbox 1731 2729 1788 2755; x_wconf 91' lang='lat' dir='ltr'>Cic.</span> <span class='ocrx_word' id='word_1_1969' title='bbox 1802 2729 1834 2755; x_wconf 90' lang='lat' dir='ltr'>de</span> <span class='ocrx_word' id='word_1_1970' title='bbox 1847 2729 1966 2756; x_wconf 87' lang='lat' dir='ltr'>Prouinc.</span> <span class='ocrx_word' id='word_1_1971' title='bbox 1980 2731 2058 2756; x_wconf 89' lang='lat' dir='ltr'>Cons.</span> <span class='ocrx_word' id='word_1_1972' title='bbox 2070 2738 2106 2763; x_wconf 83' lang='lat'>35.</span> <span class='ocrx_word' id='word_1_1973' title='bbox 2219 2729 2240 2767; x_wconf 61' lang='lat' dir='ltr'>q</span> <span class='ocrx_word' id='word_1_1974' title='bbox 2260 2738 2274 2763; x_wconf 83' lang='lat'>5</span> <span class='ocrx_word' id='word_1_1975' title='bbox 2310 2731 2392 2757; x_wconf 91' lang='lat' dir='ltr'>Fortu</span> 
     </span>
    </p>

    <p class='ocr_par' dir='ltr' id='par_1_46' title="bbox 1393 2764 2466 3718">
     <span class='ocr_line' id='line_1_200' title="bbox 1393 2764 2462 2802; baseline 0.001 -13"><span class='ocrx_word' id='word_1_1976' title='bbox 1393 2770 1416 2789; x_wconf 85' lang='lat' dir='ltr'>et</span> <span class='ocrx_word' id='word_1_1977' title='bbox 1431 2765 1499 2790; x_wconf 81' lang='lat' dir='ltr'>Plur.</span> <span class='ocrx_word' id='word_1_1978' title='bbox 1515 2765 1646 2790; x_wconf 86' lang='lat' dir='ltr'>Fortunae</span> <span class='ocrx_word' id='word_1_1979' title='bbox 1653 2765 1727 2800; x_wconf 75' lang='lat' dir='ltr'>saepe</span> <span class='ocrx_word' id='word_1_1980' title='bbox 1739 2764 1854 2797; x_wconf 81' lang='lat' dir='ltr'>diuitias,</span> <span class='ocrx_word' id='word_1_1981' title='bbox 1869 2772 1937 2800; x_wconf 71' lang='lat' dir='ltr'>opes,</span> <span class='ocrx_word' id='word_1_1982' title='bbox 1953 2772 1976 2791; x_wconf 78' lang='lat' dir='ltr'>et</span> <span class='ocrx_word' id='word_1_1983' title='bbox 1987 2772 2064 2792; x_wconf 78' lang='lat' dir='ltr'>totum</span> <span class='ocrx_word' id='word_1_1984' title='bbox 2077 2764 2257 2798; x_wconf 76' lang='lat' dir='ltr'>illumstatum‚</span> <span class='ocrx_word' id='word_1_1985' title='bbox 2270 2774 2316 2800; x_wconf 80' lang='lat' dir='ltr'>quo</span> <span class='ocrx_word' id='word_1_1986' title='bbox 2330 2767 2429 2802; x_wconf 64' lang='lat' dir='ltr'>emiseno.</span> <span class='ocrx_word' id='word_1_1987' title='bbox 2458 2790 2462 2800; x_wconf 49' lang='lat'><em>¹</em></span> 
     </span>
     <span class='ocr_line' id='line_1_201' title="bbox 1394 2793 2436 2839; baseline 0.004 -14"><span class='ocrx_word' id='word_1_1988' title='bbox 1394 2799 1549 2839; x_wconf 70' lang='lat' dir='ltr'>turfclices‚</span> <span class='ocrx_word' id='word_1_1989' title='bbox 1563 2807 1606 2825; x_wconf 81' lang='lat' dir='ltr'>aut</span> <span class='ocrx_word' id='word_1_1990' title='bbox 1623 2800 1751 2834; x_wconf 71' lang='lat' dir='ltr'>infelices,</span> <span class='ocrx_word' id='word_1_1991' title='bbox 1766 2807 1851 2827; x_wconf 80' lang='lat' dir='ltr'>notare</span> <span class='ocrx_word' id='word_1_1992' title='bbox 1862 2802 1935 2837; x_wconf 64' lang='lat' dir='ltr'>J‘olet.</span> <span class='ocrx_word' id='word_1_1993' title='bbox 1977 2801 2029 2827; x_wconf 88' lang='lat' dir='ltr'>Cic.</span> <span class='ocrx_word' id='word_1_1994' title='bbox 2050 2801 2083 2827; x_wconf 89' lang='lat' dir='ltr'>de</span> <span class='ocrx_word' id='word_1_1995' title='bbox 2097 2802 2203 2828; x_wconf 89' lang='lat' dir='ltr'>Amicit.</span> <span class='ocrx_word' id='word_1_1996' title='bbox 2215 2808 2245 2833; x_wconf 90' lang='lat'>59</span> <span class='ocrx_word' id='word_1_1997' title='bbox 2259 2809 2280 2826; x_wconf 88' lang='lat' dir='ltr'>c.</span> <span class='ocrx_word' id='word_1_1998' title='bbox 2295 2804 2322 2827; x_wconf 75' lang='grc'>16</span> <span class='ocrx_word' id='word_1_1999' title='bbox 2347 2793 2436 2836; x_wconf 39' lang='lat' dir='ltr'>Saepe?</span> 
     </span>
     <span class='ocr_line' id='line_1_202' title="bbox 1395 2834 2428 2870; baseline 0.005 -11"><span class='ocrx_word' id='word_1_2000' title='bbox 1395 2843 1466 2860; x_wconf 86' lang='lat' dir='ltr'>enim</span> <span class='ocrx_word' id='word_1_2001' title='bbox 1487 2843 1514 2860; x_wconf 89' lang='grc'>111</span> <span class='ocrx_word' id='word_1_2002' title='bbox 1533 2834 1690 2868; x_wconf 85' lang='lat' dir='ltr'>quibusdam</span> <span class='ocrx_word' id='word_1_2003' title='bbox 1707 2841 1752 2862; x_wconf 84' lang='lat' dir='ltr'>aut</span> <span class='ocrx_word' id='word_1_2004' title='bbox 1769 2836 1871 2862; x_wconf 84' lang='lat' dir='ltr'>animus</span> <span class='ocrx_word' id='word_1_2005' title='bbox 1884 2836 2015 2863; x_wconf 62' lang='lat' dir='ltr'>abiectior</span> <span class='ocrx_word' id='word_1_2006' title='bbox 2027 2837 2077 2868; x_wconf 84' lang='lat' dir='ltr'>est,</span> <span class='ocrx_word' id='word_1_2007' title='bbox 2096 2843 2139 2863; x_wconf 87' lang='lat' dir='ltr'>aut</span> <span class='ocrx_word' id='word_1_2008' title='bbox 2160 2838 2212 2870; x_wconf 82' lang='lat' dir='ltr'>spes</span> <span class='ocrx_word' id='word_1_2009' title='bbox 2229 2836 2428 2870; x_wconf 82' lang='lat' dir='ltr'>amplificandae</span> 
     </span>
     <span class='ocr_line' id='line_1_203' title="bbox 1393 2869 2427 2906; baseline 0.005 -11"><span class='ocrx_word' id='word_1_2010' title='bbox 1393 2870 1516 2896; x_wconf 82' lang='lat' dir='ltr'>fortunae</span> <span class='ocrx_word' id='word_1_2011' title='bbox 1531 2869 1650 2897; x_wconf 59' lang='lat' dir='ltr'>fractior.</span> <span class='ocrx_word' id='word_1_2012' title='bbox 1720 2872 1787 2897; x_wconf 86' lang='lat' dir='ltr'>I-lor.</span> <span class='ocrx_word' id='word_1_2013' title='bbox 1800 2871 1877 2906; x_wconf 80' lang='lat' dir='ltr'>Epist.</span> <span class='ocrx_word' id='word_1_2014' title='bbox 1892 2880 1911 2904; x_wconf 91' lang='lat'>1,</span> <span class='ocrx_word' id='word_1_2015' title='bbox 1925 2879 1948 2904; x_wconf 90' lang='lat'>5,</span> <span class='ocrx_word' id='word_1_2016' title='bbox 1961 2881 1988 2898; x_wconf 84' lang='lat'>12</span> <span class='ocrx_word' id='word_1_2017' title='bbox 2028 2874 2090 2905; x_wconf 69' lang='lat' dir='ltr'>Quo</span> <span class='ocrx_word' id='word_1_2018' title='bbox 2102 2871 2170 2898; x_wconf 87' lang='lat' dir='ltr'>mihi</span> <span class='ocrx_word' id='word_1_2019' title='bbox 2187 2870 2310 2904; x_wconf 86' lang='lat' dir='ltr'>fortuna,</span> <span class='ocrx_word' id='word_1_2020' title='bbox 2335 2872 2352 2898; x_wconf 83' lang='lat' dir='ltr'><strong>fi</strong></span> <span class='ocrx_word' id='word_1_2021' title='bbox 2373 2874 2427 2900; x_wconf 72' lang='lat' dir='ltr'>uoti</span> 
     </span>
     <span class='ocr_line' id='line_1_204' title="bbox 1396 2906 2427 2940; baseline 0.005 -10"><span class='ocrx_word' id='word_1_2022' title='bbox 1396 2906 1549 2933; x_wconf 84' lang='lat' dir='ltr'>conceditur</span> <span class='ocrx_word' id='word_1_2023' title='bbox 1567 2906 1625 2932; x_wconf 72' lang='lat' dir='ltr'>vti?</span> <span class='ocrx_word' id='word_1_2024' title='bbox 1694 2906 1835 2933; x_wconf 87' lang='lat' dir='ltr'>Abundare</span> <span class='ocrx_word' id='word_1_2025' title='bbox 1854 2907 1962 2933; x_wconf 88' lang='lat' dir='ltr'>fortuna</span> <span class='ocrx_word' id='word_1_2026' title='bbox 1979 2907 2107 2940; x_wconf 64' lang='lat' dir='ltr'>Quinctil.</span> <span class='ocrx_word' id='word_1_2027' title='bbox 2129 2909 2155 2938; x_wconf 83' lang='lat'>6,</span> <span class='ocrx_word' id='word_1_2028' title='bbox 2171 2914 2190 2932; x_wconf 94' lang='lat'>1.</span> <span class='ocrx_word' id='word_1_2029' title='bbox 2260 2907 2330 2933; x_wconf 92' lang='lat' dir='ltr'>Ter.</span> <span class='ocrx_word' id='word_1_2030' title='bbox 2345 2908 2427 2935; x_wconf 81' lang='lat' dir='ltr'>Andr.</span> 
     </span>
     <span class='ocr_line' id='line_1_205' title="bbox 1396 2941 2428 2976; baseline 0.004 -10"><span class='ocrx_word' id='word_1_2031' title='bbox 1396 2949 1415 2973; x_wconf 86' lang='lat'>1,</span> <span class='ocrx_word' id='word_1_2032' title='bbox 1429 2949 1447 2971; x_wconf 91' lang='lat'>1,</span> <span class='ocrx_word' id='word_1_2033' title='bbox 1462 2948 1497 2974; x_wconf 92' lang='lat'>70</span> <span class='ocrx_word' id='word_1_2034' title='bbox 1516 2941 1616 2967; x_wconf 82' lang='lat' dir='ltr'>Omnes</span> <span class='ocrx_word' id='word_1_2035' title='bbox 1633 2956 1678 2961; x_wconf 89' lang='lat'>·——</span> <span class='ocrx_word' id='word_1_2036' title='bbox 1698 2942 1804 2969; x_wconf 89' lang='lat' dir='ltr'>laudare</span> <span class='ocrx_word' id='word_1_2037' title='bbox 1817 2943 1935 2969; x_wconf 89' lang='lat' dir='ltr'>fortunas</span> <span class='ocrx_word' id='word_1_2038' title='bbox 1947 2951 2032 2974; x_wconf 89' lang='lat' dir='ltr'>meas,</span> <span class='ocrx_word' id='word_1_2039' title='bbox 2051 2941 2106 2974; x_wconf 73' lang='lat' dir='ltr'>Qui</span> <span class='ocrx_word' id='word_1_2040' title='bbox 2124 2947 2229 2976; x_wconf 83' lang='lat' dir='ltr'>gnatum</span> <span class='ocrx_word' id='word_1_2041' title='bbox 2242 2941 2364 2970; x_wconf 85' lang='lat' dir='ltr'>haberem</span> <span class='ocrx_word' id='word_1_2042' title='bbox 2379 2943 2428 2970; x_wconf 79' lang='lat' dir='ltr'>tali</span> 
     </span>
     <span class='ocr_line' id='line_1_206' title="bbox 1394 2975 2426 3016; baseline 0.003 -14"><span class='ocrx_word' id='word_1_2043' title='bbox 1394 2975 1503 3016; x_wconf 80' lang='lat' dir='ltr'>ingenio</span> <span class='ocrx_word' id='word_1_2044' title='bbox 1518 2977 1674 3010; x_wconf 86' lang='lat' dir='ltr'>praeditum.</span> <span class='ocrx_word' id='word_1_2045' title='bbox 1712 2978 1785 3014; x_wconf 82' lang='lat' dir='ltr'>Cous.</span> <span class='ocrx_word' id='word_1_2046' title='bbox 1798 2978 1894 3004; x_wconf 90' lang='lat' dir='ltr'>Donat.</span> <span class='ocrx_word' id='word_1_2047' title='bbox 1929 2977 2000 3004; x_wconf 90' lang='lat' dir='ltr'>Idem</span> <span class='ocrx_word' id='word_1_2048' title='bbox 2014 2976 2118 3003; x_wconf 89' lang='lat' dir='ltr'>Phorm.</span> <span class='ocrx_word' id='word_1_2049' title='bbox 2134 2985 2154 3008; x_wconf 90' lang='grc'>1,</span> <span class='ocrx_word' id='word_1_2050' title='bbox 2166 2986 2193 3010; x_wconf 85' lang='lat'>4,</span> <span class='ocrx_word' id='word_1_2051' title='bbox 2206 2986 2241 3011; x_wconf 85' lang='lat'>24</span> <span class='ocrx_word' id='word_1_2052' title='bbox 2266 2978 2344 3011; x_wconf 79' lang='lat' dir='ltr'>Qtod</span> <span class='ocrx_word' id='word_1_2053' title='bbox 2358 2978 2375 3005; x_wconf 82' lang='lat' dir='ltr'>fi</span> <span class='ocrx_word' id='word_1_2054' title='bbox 2390 2987 2426 3005; x_wconf 87' lang='lat' dir='ltr'>eo</span> 
     </span>
     <span class='ocr_line' id='line_1_207' title="bbox 1396 3013 2462 3046; baseline 0.003 -9"><span class='ocrx_word' id='word_1_2055' title='bbox 1396 3020 1468 3038; x_wconf 89' lang='lat' dir='ltr'>meae</span> <span class='ocrx_word' id='word_1_2056' title='bbox 1484 3015 1605 3039; x_wconf 83' lang='grc'>1011111130</span> <span class='ocrx_word' id='word_1_2057' title='bbox 1619 3013 1738 3045; x_wconf 85' lang='lat' dir='ltr'>redeunt,</span> <span class='ocrx_word' id='word_1_2058' title='bbox 1753 3020 1798 3040; x_wconf 78' lang='lat' dir='ltr'>etc.</span> <span class='ocrx_word' id='word_1_2059' title='bbox 1853 3013 1909 3039; x_wconf 88' lang='lat' dir='ltr'>Cic.</span> <span class='ocrx_word' id='word_1_2060' title='bbox 1917 3013 1997 3039; x_wconf 91' lang='lat' dir='ltr'>Tusc.</span> <span class='ocrx_word' id='word_1_2061' title='bbox 2006 3020 2025 3044; x_wconf 91' lang='lat'>1,</span> <span class='ocrx_word' id='word_1_2062' title='bbox 2062 3031 2068 3037; x_wconf 95' lang='lat'>.</span> <span class='ocrx_word' id='word_1_2063' title='bbox 2105 3032 2111 3038; x_wconf 91' lang='lat'>.</span> <span class='ocrx_word' id='word_1_2064' title='bbox 2147 3013 2238 3040; x_wconf 87' lang='lat' dir='ltr'>Plenus</span> <span class='ocrx_word' id='word_1_2065' title='bbox 2248 3013 2426 3046; x_wconf 80' lang='lat' dir='ltr'>fortunarum,</span> <span class='ocrx_word' id='word_1_2066' title='bbox 2460 3031 2462 3034; x_wconf 89' lang='lat'><em>-</em></span> 
     </span>
     <span class='ocr_line' id='line_1_208' title="bbox 1395 3047 2462 3087; baseline 0.006 -16"><span class='ocrx_word' id='word_1_2067' title='bbox 1395 3050 1427 3087; x_wconf 43' lang='lat' dir='ltr'>i..</span> <span class='ocrx_word' id='word_1_2068' title='bbox 1433 3048 1555 3074; x_wconf 81' lang='lat' dir='ltr'>Bonorum</span> <span class='ocrx_word' id='word_1_2069' title='bbox 1574 3054 1597 3072; x_wconf 75' lang='lat' dir='ltr'>et</span> <span class='ocrx_word' id='word_1_2070' title='bbox 1611 3051 1753 3083; x_wconf 77' lang='lat' dir='ltr'>pignorum.</span> <span class='ocrx_word' id='word_1_2071' title='bbox 1809 3049 1869 3075; x_wconf 91' lang='lat' dir='ltr'>Liu.</span> <span class='ocrx_word' id='word_1_2072' title='bbox 1886 3057 1909 3080; x_wconf 83' lang='lat'>3,</span> <span class='ocrx_word' id='word_1_2073' title='bbox 1922 3050 1952 3077; x_wconf 76' lang='lat'>63</span> <span class='ocrx_word' id='word_1_2074' title='bbox 1980 3047 2052 3074; x_wconf 87' lang='lat' dir='ltr'>Pleni</span> <span class='ocrx_word' id='word_1_2075' title='bbox 2077 3047 2243 3075; x_wconf 86' lang='lat' dir='ltr'>fortunarum</span> <span class='ocrx_word' id='word_1_2076' title='bbox 2268 3049 2426 3085; x_wconf 84' lang='lat' dir='ltr'>gloriaeque</span> <span class='ocrx_word' id='word_1_2077' title='bbox 2456 3049 2462 3083; x_wconf 69' lang='grc' dir='ltr'>’ς</span> 
     </span>
     <span class='ocr_line' id='line_1_209' title="bbox 1393 3081 2457 3116; baseline 0.003 -7"><span class='ocrx_word' id='word_1_2078' title='bbox 1393 3082 1583 3116; x_wconf 81' lang='lat' dir='ltr'>triumphantes</span> <span class='ocrx_word' id='word_1_2079' title='bbox 1590 3081 1698 3109; x_wconf 87' lang='lat' dir='ltr'>domum</span> <span class='ocrx_word' id='word_1_2080' title='bbox 1712 3083 1849 3110; x_wconf 87' lang='lat' dir='ltr'>redibatis.</span> <span class='ocrx_word' id='word_1_2081' title='bbox 1917 3084 1972 3109; x_wconf 91' lang='lat' dir='ltr'>Cic.</span> <span class='ocrx_word' id='word_1_2082' title='bbox 1985 3091 2033 3116; x_wconf 89' lang='lat' dir='ltr'>pro</span> <span class='ocrx_word' id='word_1_2083' title='bbox 2045 3082 2119 3108; x_wconf 87' lang='lat' dir='ltr'>Rosc.</span> <span class='ocrx_word' id='word_1_2084' title='bbox 2128 3085 2203 3110; x_wconf 92' lang='lat' dir='ltr'>Com.</span> <span class='ocrx_word' id='word_1_2085' title='bbox 2216 3092 2242 3116; x_wconf 88' lang='grc'>33</span> <span class='ocrx_word' id='word_1_2086' title='bbox 2261 3084 2337 3111; x_wconf 87' lang='lat' dir='ltr'>Tum</span> <span class='ocrx_word' id='word_1_2087' title='bbox 2351 3085 2425 3112; x_wconf 84' lang='lat' dir='ltr'>enim</span> <span class='ocrx_word' id='word_1_2088' title='bbox 2456 3081 2457 3088; x_wconf 48' lang='lat'>¹</span> 
     </span>
     <span class='ocr_line' id='line_1_210' title="bbox 1395 3117 2457 3153; baseline 0.004 -9"><span class='ocrx_word' id='word_1_2089' title='bbox 1395 3124 1503 3153; x_wconf 89' lang='lat' dir='ltr'>propter</span> <span class='ocrx_word' id='word_1_2090' title='bbox 1522 3117 1645 3152; x_wconf 85' lang='lat' dir='ltr'>Reipubl.</span> <span class='ocrx_word' id='word_1_2091' title='bbox 1670 3119 1844 3151; x_wconf 88' lang='lat' dir='ltr'>calamitates,</span> <span class='ocrx_word' id='word_1_2092' title='bbox 1867 3118 1986 3145; x_wconf 85' lang='lat' dir='ltr'>omnium</span> <span class='ocrx_word' id='word_1_2093' title='bbox 2015 3118 2172 3151; x_wconf 79' lang='lat' dir='ltr'>polsessiones</span> <span class='ocrx_word' id='word_1_2094' title='bbox 2202 3124 2276 3146; x_wconf 80' lang='lat' dir='ltr'>erant</span> <span class='ocrx_word' id='word_1_2095' title='bbox 2295 3119 2425 3148; x_wconf 71' lang='lat' dir='ltr'>incertaez</span> <span class='ocrx_word' id='word_1_2096' title='bbox 2456 3119 2457 3122; x_wconf 37' lang='lat'>¹</span> 
     </span>
     <span class='ocr_line' id='line_1_211' title="bbox 1393 3152 2427 3188; baseline 0.004 -8"><span class='ocrx_word' id='word_1_2097' title='bbox 1393 3163 1461 3180; x_wconf 86' lang='lat' dir='ltr'>nunc</span> <span class='ocrx_word' id='word_1_2098' title='bbox 1481 3152 1559 3180; x_wconf 77' lang='lat' dir='ltr'>desim</span> <span class='ocrx_word' id='word_1_2099' title='bbox 1581 3154 1770 3181; x_wconf 90' lang='lat' dir='ltr'>immortalium</span> <span class='ocrx_word' id='word_1_2100' title='bbox 1791 3154 1964 3188; x_wconf 88' lang='lat' dir='ltr'>benignitate,</span> <span class='ocrx_word' id='word_1_2101' title='bbox 1982 3154 2103 3180; x_wconf 91' lang='lat' dir='ltr'>omnium</span> <span class='ocrx_word' id='word_1_2102' title='bbox 2115 3155 2238 3181; x_wconf 88' lang='lat' dir='ltr'>fortunae</span> <span class='ocrx_word' id='word_1_2103' title='bbox 2255 3156 2313 3182; x_wconf 91' lang='lat' dir='ltr'>sunt</span> <span class='ocrx_word' id='word_1_2104' title='bbox 2327 3161 2427 3184; x_wconf 83' lang='lat' dir='ltr'>certae:</span> 
     </span>
     <span class='ocr_line' id='line_1_212' title="bbox 1395 3189 2425 3224; baseline -0.001 -8"><span class='ocrx_word' id='word_1_2105' title='bbox 1395 3189 1552 3216; x_wconf 74' lang='lat' dir='ltr'>Accessiones</span> <span class='ocrx_word' id='word_1_2106' title='bbox 1571 3189 1692 3215; x_wconf 86' lang='lat' dir='ltr'>fortunae</span> <span class='ocrx_word' id='word_1_2107' title='bbox 1708 3196 1733 3215; x_wconf 89' lang='lat' dir='ltr'>et</span> <span class='ocrx_word' id='word_1_2108' title='bbox 1744 3190 1877 3224; x_wconf 82' lang='lat' dir='ltr'>dignitatis</span> <span class='ocrx_word' id='word_1_2109' title='bbox 1897 3189 1952 3214; x_wconf 90' lang='lat' dir='ltr'>Cic.</span> <span class='ocrx_word' id='word_1_2110' title='bbox 1967 3189 2037 3214; x_wconf 88' lang='lat' dir='ltr'>Fam.</span> <span class='ocrx_word' id='word_1_2111' title='bbox 2054 3198 2078 3221; x_wconf 89' lang='lat'>2,</span> <span class='ocrx_word' id='word_1_2112' title='bbox 2092 3199 2110 3217; x_wconf 95' lang='lat'>1.</span> <span class='ocrx_word' id='word_1_2113' title='bbox 2129 3189 2133 3190; x_wconf 46' lang='lat'><em>⁷</em></span> <span class='ocrx_word' id='word_1_2114' title='bbox 2179 3190 2306 3217; x_wconf 86' lang='lat' dir='ltr'>Conditio</span> <span class='ocrx_word' id='word_1_2115' title='bbox 2324 3197 2350 3218; x_wconf 89' lang='lat' dir='ltr'>et</span> <span class='ocrx_word' id='word_1_2116' title='bbox 2370 3192 2425 3218; x_wconf 79' lang='lat' dir='ltr'>for.</span> 
     </span>
     <span class='ocr_line' id='line_1_213' title="bbox 1394 3223 2443 3259; baseline 0.004 -8"><span class='ocrx_word' id='word_1_2117' title='bbox 1394 3231 1457 3252; x_wconf 90' lang='lat' dir='ltr'>tuna</span> <span class='ocrx_word' id='word_1_2118' title='bbox 1470 3224 1607 3251; x_wconf 89' lang='lat' dir='ltr'>hominum</span> <span class='ocrx_word' id='word_1_2119' title='bbox 1621 3224 1707 3251; x_wconf 84' lang='lat' dir='ltr'>infimi</span> <span class='ocrx_word' id='word_1_2120' title='bbox 1721 3226 1823 3259; x_wconf 81' lang='lat' dir='ltr'>generis</span> <span class='ocrx_word' id='word_1_2121' title='bbox 1841 3223 1912 3250; x_wconf 87' lang='lat' dir='ltr'>Idem</span> <span class='ocrx_word' id='word_1_2122' title='bbox 1924 3232 1973 3258; x_wconf 90' lang='lat' dir='ltr'>pro</span> <span class='ocrx_word' id='word_1_2123' title='bbox 1986 3224 2080 3251; x_wconf 88' lang='lat' dir='ltr'>Milon.</span> <span class='ocrx_word' id='word_1_2124' title='bbox 2095 3234 2134 3257; x_wconf 81' lang='lat'>93.</span> <span class='ocrx_word' id='word_1_2125' title='bbox 2193 3227 2286 3252; x_wconf 83' lang='lat' dir='ltr'>Omnis</span> <span class='ocrx_word' id='word_1_2126' title='bbox 2300 3227 2426 3255; x_wconf 85' lang='lat' dir='ltr'>fortunae</span> <span class='ocrx_word' id='word_1_2127' title='bbox 2440 3249 2443 3255; x_wconf 73' lang='grc'><strong><em>,</em></strong></span> 
     </span>
     <span class='ocr_line' id='line_1_214' title="bbox 1396 3259 2443 3291; baseline 0.002 -4"><span class='ocrx_word' id='word_1_2128' title='bbox 1396 3261 1522 3287; x_wconf 88' lang='lat' dir='ltr'>mulieres</span> <span class='ocrx_word' id='word_1_2129' title='bbox 1541 3269 1568 3286; x_wconf 91' lang='lat' dir='ltr'>ac</span> <span class='ocrx_word' id='word_1_2130' title='bbox 1589 3260 1642 3286; x_wconf 88' lang='lat' dir='ltr'>loci</span> <span class='ocrx_word' id='word_1_2131' title='bbox 1665 3260 1704 3286; x_wconf 88' lang='lat' dir='ltr'>ld.</span> <span class='ocrx_word' id='word_1_2132' title='bbox 1719 3262 1747 3286; x_wconf 89' lang='lat' dir='ltr'>in</span> <span class='ocrx_word' id='word_1_2133' title='bbox 1760 3261 1843 3286; x_wconf 86' lang='lat' dir='ltr'>Pison.</span> <span class='ocrx_word' id='word_1_2134' title='bbox 1863 3267 1900 3291; x_wconf 87' lang='lat'>52.</span> <span class='ocrx_word' id='word_1_2135' title='bbox 1971 3259 2100 3287; x_wconf 87' lang='lat' dir='ltr'>Defensor</span> <span class='ocrx_word' id='word_1_2136' title='bbox 2126 3261 2292 3288; x_wconf 86' lang='lat' dir='ltr'>fortunarum</span> <span class='ocrx_word' id='word_1_2137' title='bbox 2311 3259 2443 3289; x_wconf 39' lang='lat' dir='ltr'>alicuius¹</span> 
     </span>
     <span class='ocr_line' id='line_1_215' title="bbox 1395 3293 2442 3329; baseline 0.002 -7"><span class='ocrx_word' id='word_1_2138' title='bbox 1395 3297 1451 3323; x_wconf 92' lang='lat' dir='ltr'>Cic.</span> <span class='ocrx_word' id='word_1_2139' title='bbox 1466 3296 1528 3322; x_wconf 91' lang='lat' dir='ltr'>Diu.</span> <span class='ocrx_word' id='word_1_2140' title='bbox 1544 3297 1621 3322; x_wconf 86' lang='lat' dir='ltr'>Verr.</span> <span class='ocrx_word' id='word_1_2141' title='bbox 1635 3304 1675 3329; x_wconf 87' lang='lat'>54.</span> <span class='ocrx_word' id='word_1_2142' title='bbox 1747 3297 1814 3322; x_wconf 87' lang='lat' dir='ltr'>Hor.</span> <span class='ocrx_word' id='word_1_2143' title='bbox 1831 3293 1863 3319; x_wconf 89' lang='lat' dir='ltr'>de</span> <span class='ocrx_word' id='word_1_2144' title='bbox 1883 3295 1945 3320; x_wconf 90' lang='lat' dir='ltr'>Arte</span> <span class='ocrx_word' id='word_1_2145' title='bbox 1959 3295 2028 3321; x_wconf 79' lang='lat' dir='ltr'>Po&#39;et.</span> <span class='ocrx_word' id='word_1_2146' title='bbox 2050 3304 2095 3328; x_wconf 88' lang='lat'>109</span> <span class='ocrx_word' id='word_1_2147' title='bbox 2118 3297 2224 3323; x_wconf 87' lang='lat' dir='ltr'>Format</span> <span class='ocrx_word' id='word_1_2148' title='bbox 2241 3297 2312 3323; x_wconf 84' lang='lat' dir='ltr'>enim</span> <span class='ocrx_word' id='word_1_2149' title='bbox 2331 3298 2442 3325; x_wconf 57' lang='lat' dir='ltr'>natura?</span> 
     </span>
     <span class='ocr_line' id='line_1_216' title="bbox 1396 3330 2458 3365; baseline 0.005 -9"><span class='ocrx_word' id='word_1_2150' title='bbox 1396 3332 1467 3365; x_wconf 78' lang='lat' dir='ltr'>prius</span> <span class='ocrx_word' id='word_1_2151' title='bbox 1482 3341 1529 3357; x_wconf 89' lang='lat' dir='ltr'>nos</span> <span class='ocrx_word' id='word_1_2152' title='bbox 1547 3332 1616 3357; x_wconf 83' lang='lat' dir='ltr'>intus</span> <span class='ocrx_word' id='word_1_2153' title='bbox 1633 3331 1665 3357; x_wconf 89' lang='lat' dir='ltr'>ad</span> <span class='ocrx_word' id='word_1_2154' title='bbox 1677 3339 1783 3357; x_wconf 84' lang='lat' dir='ltr'>omnem</span> <span class='ocrx_word' id='word_1_2155' title='bbox 1817 3330 1992 3356; x_wconf 86' lang='lat' dir='ltr'>Fortunarum</span> <span class='ocrx_word' id='word_1_2156' title='bbox 2007 3330 2135 3358; x_wconf 87' lang='lat' dir='ltr'>habitum.</span> <span class='ocrx_word' id='word_1_2157' title='bbox 2206 3333 2354 3359; x_wconf 81' lang='lat' dir='ltr'>Periculum</span> <span class='ocrx_word' id='word_1_2158' title='bbox 2368 3334 2425 3360; x_wconf 87' lang='lat' dir='ltr'>for·</span> <span class='ocrx_word' id='word_1_2159' title='bbox 2457 3338 2458 3362; x_wconf 60' lang='grc' dir='ltr'>ξ</span> 
     </span>
     <span class='ocr_line' id='line_1_217' title="bbox 1394 3364 2459 3404; baseline 0.002 -11"><span class='ocrx_word' id='word_1_2160' title='bbox 1394 3374 1518 3394; x_wconf 87' lang='lat' dir='ltr'>tunarum</span> <span class='ocrx_word' id='word_1_2161' title='bbox 1531 3366 1659 3399; x_wconf 64' lang='lat' dir='ltr'>Quinc&#39;til.</span> <span class='ocrx_word' id='word_1_2162' title='bbox 1675 3375 1696 3397; x_wconf 85' lang='lat'>2,</span> <span class='ocrx_word' id='word_1_2163' title='bbox 1731 3385 1737 3392; x_wconf 93' lang='lat'>.</span> <span class='ocrx_word' id='word_1_2164' title='bbox 1776 3384 1783 3392; x_wconf 93' lang='lat'>.</span> <span class='ocrx_word' id='word_1_2165' title='bbox 1817 3364 1884 3391; x_wconf 81' lang='lat' dir='ltr'>Add.</span> <span class='ocrx_word' id='word_1_2166' title='bbox 1904 3365 1939 3391; x_wconf 87' lang='lat' dir='ltr'>Id.</span> <span class='ocrx_word' id='word_1_2167' title='bbox 1959 3376 1986 3398; x_wconf 89' lang='lat'>4,</span> <span class='ocrx_word' id='word_1_2168' title='bbox 2001 3375 2026 3398; x_wconf 86' lang='lat'>2,</span> <span class='ocrx_word' id='word_1_2169' title='bbox 2039 3375 2089 3393; x_wconf 82' lang='lat'>122.</span> <span class='ocrx_word' id='word_1_2170' title='bbox 2264 3365 2285 3404; x_wconf 57' lang='lat' dir='ltr'><strong>ff</strong></span> <span class='ocrx_word' id='word_1_2171' title='bbox 2314 3371 2331 3394; x_wconf 89' lang='lat'><strong>6</strong></span> <span class='ocrx_word' id='word_1_2172' title='bbox 2365 3371 2424 3404; x_wconf 76' lang='lat' dir='ltr'>Epi·</span> <span class='ocrx_word' id='word_1_2173' title='bbox 2457 3369 2459 3398; x_wconf 68' lang='grc' dir='ltr'><strong><em>ξ</em></strong></span> 
     </span>
     <span class='ocr_line' id='line_1_218' title="bbox 1395 3401 2424 3432; baseline 0.003 -4"><span class='ocrx_word' id='word_1_2174' title='bbox 1395 3404 1462 3428; x_wconf 76' lang='lat' dir='ltr'>theta</span> <span class='ocrx_word' id='word_1_2175' title='bbox 1475 3410 1498 3429; x_wconf 71' lang='lat' dir='ltr'>et</span> <span class='ocrx_word' id='word_1_2176' title='bbox 1517 3403 1602 3428; x_wconf 75' lang='lat' dir='ltr'>Verba.</span> <span class='ocrx_word' id='word_1_2177' title='bbox 1640 3401 1731 3428; x_wconf 88' lang='lat' dir='ltr'>Tacit.</span> <span class='ocrx_word' id='word_1_2178' title='bbox 1745 3402 1811 3427; x_wconf 88' lang='lat' dir='ltr'>Ann.</span> <span class='ocrx_word' id='word_1_2179' title='bbox 1827 3408 1860 3432; x_wconf 81' lang='lat'>¹3,</span> <span class='ocrx_word' id='word_1_2180' title='bbox 1875 3409 1897 3426; x_wconf 80' lang='lat'>:1</span> <span class='ocrx_word' id='word_1_2181' title='bbox 1927 3401 1983 3427; x_wconf 84' lang='lat' dir='ltr'>Nec</span> <span class='ocrx_word' id='word_1_2182' title='bbox 2002 3401 2020 3427; x_wconf 85' lang='lat' dir='ltr'>si</span> <span class='ocrx_word' id='word_1_2183' title='bbox 2040 3402 2137 3428; x_wconf 80' lang='lat' dir='ltr'>Iturius</span> <span class='ocrx_word' id='word_1_2184' title='bbox 2155 3407 2181 3428; x_wconf 86' lang='lat' dir='ltr'>et</span> <span class='ocrx_word' id='word_1_2185' title='bbox 2194 3402 2322 3430; x_wconf 77' lang='lat' dir='ltr'>Caluisius</span> <span class='ocrx_word' id='word_1_2186' title='bbox 2336 3404 2424 3431; x_wconf 73' lang='lat' dir='ltr'>Adelis</span> 
     </span>
     <span class='ocr_line' id='line_1_219' title="bbox 1395 3435 2439 3473; baseline 0.002 -9"><span class='ocrx_word' id='word_1_2187' title='bbox 1395 3437 1519 3464; x_wconf 88' lang='lat' dir='ltr'>omnibus</span> <span class='ocrx_word' id='word_1_2188' title='bbox 1533 3437 1657 3467; x_wconf 87' lang='lat' dir='ltr'>fortunis,</span> <span class='ocrx_word' id='word_1_2189' title='bbox 1669 3443 1714 3462; x_wconf 77' lang='lat' dir='ltr'>etc.</span> <span class='ocrx_word' id='word_1_2190' title='bbox 1733 3435 1786 3461; x_wconf 77' lang='lat' dir='ltr'>vid.</span> <span class='ocrx_word' id='word_1_2191' title='bbox 1801 3442 1822 3460; x_wconf 80' lang='grc' dir='ltr'>Α</span> <span class='ocrx_word' id='word_1_2192' title='bbox 1832 3441 1850 3460; x_wconf 87' lang='lat' dir='ltr'>D</span> <span class='ocrx_word' id='word_1_2193' title='bbox 1859 3442 1875 3462; x_wconf 78' lang='grc' dir='ltr'>Ε</span> <span class='ocrx_word' id='word_1_2194' title='bbox 1884 3442 1901 3461; x_wconf 88' lang='lat' dir='ltr'>D</span> <span class='ocrx_word' id='word_1_2195' title='bbox 1910 3443 1939 3462; x_wconf 89' lang='lat' dir='ltr'>o.</span> <span class='ocrx_word' id='word_1_2196' title='bbox 2010 3437 2184 3471; x_wconf 78' lang='lat' dir='ltr'>Amplissiniae</span> <span class='ocrx_word' id='word_1_2197' title='bbox 2202 3439 2257 3465; x_wconf 91' lang='lat' dir='ltr'>Cic.</span> <span class='ocrx_word' id='word_1_2198' title='bbox 2267 3440 2343 3466; x_wconf 87' lang='lat' dir='ltr'>Verr.</span> <span class='ocrx_word' id='word_1_2199' title='bbox 2358 3448 2380 3473; x_wconf 82' lang='lat'>5,</span> <span class='ocrx_word' id='word_1_2200' title='bbox 2397 3438 2439 3469; x_wconf 63' lang='grc' dir='ltr'>ιε’</span> 
     </span>
     <span class='ocr_line' id='line_1_220' title="bbox 1397 3470 2448 3507; baseline 0.004 -9"><span class='ocrx_word' id='word_1_2201' title='bbox 1397 3482 1419 3498; x_wconf 85' lang='lat' dir='ltr'>c.</span> <span class='ocrx_word' id='word_1_2202' title='bbox 1434 3478 1455 3502; x_wconf 80' lang='lat'>8.</span> <span class='ocrx_word' id='word_1_2203' title='bbox 1511 3472 1685 3506; x_wconf 82' lang='lat' dir='ltr'>Ampliuscula</span> <span class='ocrx_word' id='word_1_2204' title='bbox 1704 3470 1779 3504; x_wconf 82' lang='lat' dir='ltr'>Apul.</span> <span class='ocrx_word' id='word_1_2205' title='bbox 1796 3470 1871 3504; x_wconf 85' lang='lat' dir='ltr'>Apol.</span> <span class='ocrx_word' id='word_1_2206' title='bbox 1903 3491 1908 3498; x_wconf 95' lang='lat'>.</span> <span class='ocrx_word' id='word_1_2207' title='bbox 2040 3473 2158 3507; x_wconf 86' lang='lat' dir='ltr'>Ancipiti</span> <span class='ocrx_word' id='word_1_2208' title='bbox 2170 3473 2296 3501; x_wconf 89' lang='lat' dir='ltr'>Suet.Iul.</span> <span class='ocrx_word' id='word_1_2209' title='bbox 2310 3483 2331 3500; x_wconf 92' lang='lat' dir='ltr'>c.</span> <span class='ocrx_word' id='word_1_2210' title='bbox 2343 3478 2384 3507; x_wconf 90' lang='grc'>36,</span> <span class='ocrx_word' id='word_1_2211' title='bbox 2397 3483 2423 3502; x_wconf 91' lang='grc'>2.</span> <span class='ocrx_word' id='word_1_2212' title='bbox 2444 3490 2448 3496; x_wconf 76' lang='lat'>.</span> 
     </span>
     <span class='ocr_line' id='line_1_221' title="bbox 1396 3506 2449 3541; baseline 0 -7"><span class='ocrx_word' id='word_1_2213' title='bbox 1396 3508 1582 3534; x_wconf 83' lang='lat' dir='ltr'>Florentiffima</span> <span class='ocrx_word' id='word_1_2214' title='bbox 1609 3507 1665 3532; x_wconf 89' lang='lat' dir='ltr'>Cic.</span> <span class='ocrx_word' id='word_1_2215' title='bbox 1685 3506 1766 3532; x_wconf 87' lang='lat' dir='ltr'>Tusc.</span> <span class='ocrx_word' id='word_1_2216' title='bbox 1789 3513 1812 3537; x_wconf 88' lang='lat'>5,</span> <span class='ocrx_word' id='word_1_2217' title='bbox 1832 3514 1866 3538; x_wconf 84' lang='lat'>25.</span> <span class='ocrx_word' id='word_1_2218' title='bbox 1921 3508 2088 3541; x_wconf 85' lang='lat' dir='ltr'>Immundae,</span> <span class='ocrx_word' id='word_1_2219' title='bbox 2113 3507 2166 3534; x_wconf 82' lang='lat' dir='ltr'>vid.</span> <span class='ocrx_word' id='word_1_2220' title='bbox 2190 3515 2424 3537; x_wconf 79' lang='lat' dir='ltr'>IMMVNDVS.</span> <span class='ocrx_word' id='word_1_2221' title='bbox 2448 3531 2449 3534; x_wconf 74' lang='grc'>,</span> 
     </span>
     <span class='ocr_line' id='line_1_222' title="bbox 1396 3541 2424 3578; baseline 0.002 -9"><span class='ocrx_word' id='word_1_2222' title='bbox 1396 3543 1487 3570; x_wconf 88' lang='lat' dir='ltr'>Infima</span> <span class='ocrx_word' id='word_1_2223' title='bbox 1506 3543 1612 3568; x_wconf 87' lang='lat' dir='ltr'>fortuna</span> <span class='ocrx_word' id='word_1_2224' title='bbox 1629 3541 1748 3567; x_wconf 87' lang='lat' dir='ltr'>homines</span> <span class='ocrx_word' id='word_1_2225' title='bbox 1768 3542 1822 3567; x_wconf 89' lang='lat' dir='ltr'>Cic.</span> <span class='ocrx_word' id='word_1_2226' title='bbox 1836 3542 1867 3568; x_wconf 89' lang='lat' dir='ltr'>de</span> <span class='ocrx_word' id='word_1_2227' title='bbox 1880 3542 1937 3570; x_wconf 90' lang='lat' dir='ltr'>Fin.</span> <span class='ocrx_word' id='word_1_2228' title='bbox 1952 3552 1973 3576; x_wconf 87' lang='lat'>5,</span> <span class='ocrx_word' id='word_1_2229' title='bbox 1988 3551 2026 3575; x_wconf 86' lang='lat'>52.</span> <span class='ocrx_word' id='word_1_2230' title='bbox 2096 3542 2167 3569; x_wconf 89' lang='lat' dir='ltr'>Idem</span> <span class='ocrx_word' id='word_1_2231' title='bbox 2182 3552 2231 3578; x_wconf 86' lang='lat' dir='ltr'>pro</span> <span class='ocrx_word' id='word_1_2232' title='bbox 2243 3545 2305 3571; x_wconf 89' lang='lat' dir='ltr'>Sull.</span> <span class='ocrx_word' id='word_1_2233' title='bbox 2319 3551 2350 3578; x_wconf 85' lang='lat'>89</span> <span class='ocrx_word' id='word_1_2234' title='bbox 2370 3545 2424 3572; x_wconf 83' lang='lat' dir='ltr'>Hie</span> 
     </span>
     <span class='ocr_line' id='line_1_223' title="bbox 1396 3576 2445 3613; baseline 0.003 -9"><span class='ocrx_word' id='word_1_2235' title='bbox 1396 3588 1444 3604; x_wconf 83' lang='lat' dir='ltr'>vos</span> <span class='ocrx_word' id='word_1_2236' title='bbox 1458 3584 1514 3605; x_wconf 91' lang='lat' dir='ltr'>orat</span> <span class='ocrx_word' id='word_1_2237' title='bbox 1527 3576 1625 3603; x_wconf 83' lang='lat' dir='ltr'>Iudices</span> <span class='ocrx_word' id='word_1_2238' title='bbox 1644 3584 1755 3610; x_wconf 87' lang='lat' dir='ltr'>paruus,</span> <span class='ocrx_word' id='word_1_2239' title='bbox 1774 3583 1802 3602; x_wconf 88' lang='lat' dir='ltr'>vt</span> <span class='ocrx_word' id='word_1_2240' title='bbox 1816 3578 1839 3602; x_wconf 90' lang='lat' dir='ltr'>se</span> <span class='ocrx_word' id='word_1_2241' title='bbox 1852 3577 2009 3612; x_wconf 84' lang='lat' dir='ltr'>aliquando,</span> <span class='ocrx_word' id='word_1_2242' title='bbox 2026 3577 2044 3604; x_wconf 83' lang='lat' dir='ltr'><strong>fi</strong></span> <span class='ocrx_word' id='word_1_2243' title='bbox 2062 3587 2116 3604; x_wconf 92' lang='lat' dir='ltr'>non</span> <span class='ocrx_word' id='word_1_2244' title='bbox 2135 3579 2238 3613; x_wconf 81' lang='lat' dir='ltr'>Integra</span> <span class='ocrx_word' id='word_1_2245' title='bbox 2258 3581 2379 3610; x_wconf 89' lang='lat' dir='ltr'>fortuna,</span> <span class='ocrx_word' id='word_1_2246' title='bbox 2396 3586 2425 3607; x_wconf 89' lang='lat' dir='ltr'>at</span> <span class='ocrx_word' id='word_1_2247' title='bbox 2442 3603 2445 3606; x_wconf 63' lang='lat'>.</span> 
     </span>
     <span class='ocr_line' id='line_1_224' title="bbox 1397 3611 2425 3648; baseline -0.002 -10"><span class='ocrx_word' id='word_1_2248' title='bbox 1397 3614 1493 3640; x_wconf 72' lang='lat' dir='ltr'>affli6ia</span> <span class='ocrx_word' id='word_1_2249' title='bbox 1509 3613 1577 3648; x_wconf 88' lang='lat' dir='ltr'>patri</span> <span class='ocrx_word' id='word_1_2250' title='bbox 1594 3612 1640 3637; x_wconf 92' lang='lat' dir='ltr'>suo</span> <span class='ocrx_word' id='word_1_2251' title='bbox 1653 3611 1775 3645; x_wconf 89' lang='lat' dir='ltr'>gratulari</span> <span class='ocrx_word' id='word_1_2252' title='bbox 1789 3611 1882 3640; x_wconf 77' lang='lat' dir='ltr'>finatis.</span> <span class='ocrx_word' id='word_1_2253' title='bbox 1952 3614 2067 3640; x_wconf 84' lang='lat' dir='ltr'>Secunda</span> <span class='ocrx_word' id='word_1_2254' title='bbox 2079 3619 2123 3640; x_wconf 90' lang='lat' dir='ltr'>aut</span> <span class='ocrx_word' id='word_1_2255' title='bbox 2134 3614 2239 3642; x_wconf 86' lang='lat' dir='ltr'>aduersa</span> <span class='ocrx_word' id='word_1_2256' title='bbox 2251 3614 2324 3642; x_wconf 85' lang='lat' dir='ltr'>cadat</span> <span class='ocrx_word' id='word_1_2257' title='bbox 2339 3615 2425 3642; x_wconf 78' lang='lat' dir='ltr'>fortu.</span> 
     </span>
     <span class='ocr_line' id='line_1_225' title="bbox 1396 3647 2466 3683; baseline 0.002 -8"><span class='ocrx_word' id='word_1_2258' title='bbox 1396 3658 1429 3675; x_wconf 88' lang='lat' dir='ltr'>na</span> <span class='ocrx_word' id='word_1_2259' title='bbox 1443 3650 1516 3683; x_wconf 85' lang='lat' dir='ltr'>Virg.</span> <span class='ocrx_word' id='word_1_2260' title='bbox 1532 3649 1594 3674; x_wconf 86' lang='lat' dir='ltr'>Aen.</span> <span class='ocrx_word' id='word_1_2261' title='bbox 1612 3655 1638 3679; x_wconf 93' lang='lat'>9,</span> <span class='ocrx_word' id='word_1_2262' title='bbox 1652 3651 1705 3677; x_wconf 80' lang='lat'>283.</span> <span class='ocrx_word' id='word_1_2263' title='bbox 1774 3647 1883 3674; x_wconf 83' lang='lat' dir='ltr'>Sordida</span> <span class='ocrx_word' id='word_1_2264' title='bbox 1902 3649 1958 3675; x_wconf 87' lang='lat' dir='ltr'>Sen.</span> <span class='ocrx_word' id='word_1_2265' title='bbox 1973 3650 2050 3675; x_wconf 88' lang='lat' dir='ltr'>Herc.</span> <span class='ocrx_word' id='word_1_2266' title='bbox 2064 3649 2114 3675; x_wconf 84' lang='lat' dir='ltr'>fur.</span> <span class='ocrx_word' id='word_1_2267' title='bbox 2129 3657 2150 3680; x_wconf 87' lang='grc'>3.</span> <span class='ocrx_word' id='word_1_2268' title='bbox 2220 3651 2324 3677; x_wconf 56' lang='lat' dir='ltr'>Attii&amp;</span> <span class='ocrx_word' id='word_1_2269' title='bbox 2342 3652 2425 3677; x_wconf 84' lang='lat' dir='ltr'>alicu·</span> <span class='ocrx_word' id='word_1_2270' title='bbox 2464 3651 2466 3653; x_wconf 67' lang='grc'><strong><em>’</em></strong></span> 
     </span>
     <span class='ocr_line' id='line_1_226' title="bbox 1396 3681 2424 3718; baseline 0.001 -7"><span class='ocrx_word' id='word_1_2271' title='bbox 1396 3685 1436 3711; x_wconf 85' lang='grc'>1115</span> <span class='ocrx_word' id='word_1_2272' title='bbox 1451 3685 1506 3711; x_wconf 90' lang='lat' dir='ltr'>Cic.</span> <span class='ocrx_word' id='word_1_2273' title='bbox 1521 3691 1569 3717; x_wconf 88' lang='lat' dir='ltr'>pro</span> <span class='ocrx_word' id='word_1_2274' title='bbox 1581 3681 1642 3708; x_wconf 89' lang='lat' dir='ltr'>Sull.</span> <span class='ocrx_word' id='word_1_2275' title='bbox 1657 3689 1696 3715; x_wconf 79' lang='grc'>37.</span> <span class='ocrx_word' id='word_1_2276' title='bbox 1769 3683 1872 3710; x_wconf 69' lang='grc' dir='ltr'>Α1111813</span> <span class='ocrx_word' id='word_1_2277' title='bbox 1884 3690 1910 3710; x_wconf 86' lang='lat' dir='ltr'>et</span> <span class='ocrx_word' id='word_1_2278' title='bbox 1923 3684 1990 3711; x_wconf 86' lang='lat' dir='ltr'>mala</span> <span class='ocrx_word' id='word_1_2279' title='bbox 2011 3684 2082 3711; x_wconf 90' lang='lat' dir='ltr'>Idem</span> <span class='ocrx_word' id='word_1_2280' title='bbox 2095 3683 2165 3710; x_wconf 85' lang='lat' dir='ltr'>Fam.</span> <span class='ocrx_word' id='word_1_2281' title='bbox 2182 3693 2202 3717; x_wconf 87' lang='grc'>1,</span> <span class='ocrx_word' id='word_1_2282' title='bbox 2215 3694 2241 3718; x_wconf 92' lang='lat'>9.</span> <span class='ocrx_word' id='word_1_2283' title='bbox 2312 3687 2424 3712; x_wconf 83' lang='lat' dir='ltr'>Amitte-</span> 
     </span>
    </p>
   </div>
   <div class='ocr_carea' id='block_1_35' title="bbox 883 3717 2422 3755">
    <p class='ocr_par' dir='ltr' id='par_1_47' title="bbox 883 3717 2422 3755">
     <span class='ocr_line' id='line_1_227' title="bbox 883 3717 2422 3755; baseline 0 -7"><span class='ocrx_word' id='word_1_2284' title='bbox 883 3723 968 3750; x_wconf 86' lang='lat' dir='ltr'>Nutat</span> <span class='ocrx_word' id='word_1_2285' title='bbox 990 3722 1112 3753; x_wconf 86' lang='lat' dir='ltr'>fortuna,</span> <span class='ocrx_word' id='word_1_2286' title='bbox 1131 3723 1185 3748; x_wconf 76' lang='lat' dir='ltr'>vid.</span> <span class='ocrx_word' id='word_1_2287' title='bbox 1214 3730 1236 3749; x_wconf 89' lang='lat' dir='ltr'>N</span> <span class='ocrx_word' id='word_1_2288' title='bbox 1246 3730 1265 3748; x_wconf 93' lang='lat' dir='ltr'>v</span> <span class='ocrx_word' id='word_1_2289' title='bbox 1275 3731 1296 3750; x_wconf 88' lang='lat' dir='ltr'>T</span> <span class='ocrx_word' id='word_1_2290' title='bbox 1306 3728 1387 3750; x_wconf 83' lang='lat'>0,100</span> <span class='ocrx_word' id='word_1_2291' title='bbox 1395 3730 1423 3748; x_wconf 89' lang='lat' dir='ltr'>re</span> <span class='ocrx_word' id='word_1_2292' title='bbox 1438 3720 1558 3746; x_wconf 86' lang='lat' dir='ltr'>secundas</span> <span class='ocrx_word' id='word_1_2293' title='bbox 1570 3717 1704 3748; x_wconf 80' lang='lat' dir='ltr'>fortunas,</span> <span class='ocrx_word' id='word_1_2294' title='bbox 1723 3722 1747 3743; x_wconf 92' lang='lat' dir='ltr'>et</span> <span class='ocrx_word' id='word_1_2295' title='bbox 1766 3719 1794 3744; x_wconf 89' lang='lat' dir='ltr'>in</span> <span class='ocrx_word' id='word_1_2296' title='bbox 1811 3718 1923 3745; x_wconf 82' lang='lat' dir='ltr'>aduersis</span> <span class='ocrx_word' id='word_1_2297' title='bbox 1937 3719 1989 3745; x_wconf 84' lang='lat' dir='ltr'>fine</span> <span class='ocrx_word' id='word_1_2298' title='bbox 2009 3719 2064 3746; x_wconf 92' lang='lat' dir='ltr'>vllo</span> <span class='ocrx_word' id='word_1_2299' title='bbox 2076 3719 2195 3746; x_wconf 87' lang='lat' dir='ltr'>remedio</span> <span class='ocrx_word' id='word_1_2300' title='bbox 2213 3729 2364 3755; x_wconf 85' lang='lat' dir='ltr'>permanere</span> <span class='ocrx_word' id='word_1_2301' title='bbox 2383 3720 2422 3748; x_wconf 86' lang='lat' dir='ltr'>Id.</span> 
     </span>
    </p>
   </div>
   <div class='ocr_carea' id='block_1_36' title="bbox 1396 3752 2314 3819">
    <p class='ocr_par' dir='ltr' id='par_1_48' title="bbox 1396 3752 2314 3819">
     <span class='ocr_line' id='line_1_228' title="bbox 1396 3752 2314 3792; baseline 0 -10"><span class='ocrx_word' id='word_1_2302' title='bbox 1396 3765 1445 3791; x_wconf 92' lang='lat' dir='ltr'>pro</span> <span class='ocrx_word' id='word_1_2303' title='bbox 1458 3754 1520 3782; x_wconf 84' lang='lat' dir='ltr'>Sull.</span> <span class='ocrx_word' id='word_1_2304' title='bbox 1533 3754 1575 3792; x_wconf 80' lang='lat'>⁶⁶:</span> <span class='ocrx_word' id='word_1_2305' title='bbox 1646 3752 1812 3786; x_wconf 84' lang='lat' dir='ltr'>Amplificare</span> <span class='ocrx_word' id='word_1_2306' title='bbox 1826 3755 1958 3781; x_wconf 88' lang='lat' dir='ltr'>fortunam</span> <span class='ocrx_word' id='word_1_2307' title='bbox 1972 3755 2027 3781; x_wconf 90' lang='lat' dir='ltr'>Cic.</span> <span class='ocrx_word' id='word_1_2308' title='bbox 2041 3754 2072 3780; x_wconf 89' lang='lat' dir='ltr'>de</span> <span class='ocrx_word' id='word_1_2309' title='bbox 2080 3755 2185 3781; x_wconf 90' lang='lat' dir='ltr'>Amicit.</span> <span class='ocrx_word' id='word_1_2310' title='bbox 2199 3763 2229 3789; x_wconf 84' lang='lat'>59</span> <span class='ocrx_word' id='word_1_2311' title='bbox 2243 3765 2263 3782; x_wconf 90' lang='lat' dir='ltr'>c.</span> <span class='ocrx_word' id='word_1_2312' title='bbox 2278 3758 2314 3782; x_wconf 92' lang='lat'>16.</span> 
     </span>
     <span class='ocr_line' id='line_1_229' title="bbox 1396 3788 1838 3819; baseline 0 -3"><span class='ocrx_word' id='word_1_2313' title='bbox 1396 3791 1452 3816; x_wconf 69' lang='grc'>61115</span> <span class='ocrx_word' id='word_1_2314' title='bbox 1473 3789 1604 3819; x_wconf 82' lang='lat' dir='ltr'>fortunis,</span> <span class='ocrx_word' id='word_1_2315' title='bbox 1623 3788 1674 3813; x_wconf 82' lang='lat' dir='ltr'>vid.</span> <span class='ocrx_word' id='word_1_2316' title='bbox 1697 3796 1716 3814; x_wconf 77' lang='grc' dir='ltr'>Λ</span> <span class='ocrx_word' id='word_1_2317' title='bbox 1726 3795 1774 3816; x_wconf 76' lang='lat' dir='ltr'>vo</span> <span class='ocrx_word' id='word_1_2318' title='bbox 1784 3796 1800 3815; x_wconf 81' lang='lat' dir='ltr'><em>E</em></span> <span class='ocrx_word' id='word_1_2319' title='bbox 1809 3796 1838 3816; x_wconf 91' lang='grc' dir='ltr'>ο.</span> 
     </span>
    </p>
   </div>
   <div class='ocr_carea' id='block_1_37' title="bbox 1395 3828 1576 3852">
    <p class='ocr_par' dir='ltr' id='par_1_49' title="bbox 1395 3828 1576 3852">
     <span class='ocr_line' id='line_1_230' title="bbox 1395 3828 1576 3852; baseline -0.022 0"><span class='ocrx_word' id='word_1_2320' title='bbox 1395 3828 1576 3852; x_wconf 82' lang='lat' dir='ltr'>CONCREDO.</span> 
     </span>
    </p>
   </div>
   <div class='ocr_carea' id='block_1_38' title="bbox 1392 3757 2472 3928">
    <p class='ocr_par' dir='ltr' id='par_1_50' title="bbox 1392 3757 2472 3895">
     <span class='ocr_line' id='line_1_231' title="bbox 2368 3757 2472 3782; baseline 0 0"><span class='ocrx_word' id='word_1_2321' title='bbox 2368 3757 2422 3782; x_wconf 85' lang='lat' dir='ltr'>Au.</span> <span class='ocrx_word' id='word_1_2322' title='bbox 2469 3760 2472 3765; x_wconf 82' lang='grc'>’</span> 
     </span>
     <span class='ocr_line' id='line_1_232' title="bbox 1909 3789 2421 3823; baseline 0.004 -7"><span class='ocrx_word' id='word_1_2323' title='bbox 1909 3790 2073 3817; x_wconf 87' lang='lat' dir='ltr'>Concredere</span> <span class='ocrx_word' id='word_1_2324' title='bbox 2101 3789 2183 3816; x_wconf 88' lang='lat' dir='ltr'>alicui</span> <span class='ocrx_word' id='word_1_2325' title='bbox 2207 3791 2342 3823; x_wconf 86' lang='lat' dir='ltr'>fortunas,</span> <span class='ocrx_word' id='word_1_2326' title='bbox 2367 3790 2421 3818; x_wconf 81' lang='lat' dir='ltr'>vid.</span> 
     </span>
     <span class='ocr_line' id='line_1_233' title="bbox 1462 3824 2421 3863; baseline 0.006 -16"><span class='ocrx_word' id='word_1_2327' title='bbox 1462 3858 1467 3863; x_wconf 38' lang='grc' dir='ltr'>Ι</span> <span class='ocrx_word' id='word_1_2328' title='bbox 1544 3857 1549 3861; x_wconf 43' lang='grc' dir='ltr'>Ι</span> <span class='ocrx_word' id='word_1_2329' title='bbox 1590 3857 1595 3861; x_wconf 39' lang='lat'><strong>¹</strong></span> <span class='ocrx_word' id='word_1_2330' title='bbox 1652 3824 1781 3851; x_wconf 84' lang='lat' dir='ltr'>Conferre</span> <span class='ocrx_word' id='word_1_2331' title='bbox 1800 3825 1934 3859; x_wconf 87' lang='lat' dir='ltr'>spoliatam</span> <span class='ocrx_word' id='word_1_2332' title='bbox 1954 3826 2085 3851; x_wconf 87' lang='lat' dir='ltr'>fortunam</span> <span class='ocrx_word' id='word_1_2333' title='bbox 2105 3825 2216 3852; x_wconf 87' lang='lat' dir='ltr'>alicuius</span> <span class='ocrx_word' id='word_1_2334' title='bbox 2232 3836 2291 3852; x_wconf 89' lang='lat' dir='ltr'>cum</span> <span class='ocrx_word' id='word_1_2335' title='bbox 2311 3827 2421 3853; x_wconf 83' lang='lat' dir='ltr'>florente</span> 
     </span>
     <span class='ocr_line' id='line_1_234' title="bbox 1392 3858 2420 3895; baseline 0.001 -9"><span class='ocrx_word' id='word_1_2336' title='bbox 1392 3859 1500 3886; x_wconf 78' lang='lat' dir='ltr'>alterius</span> <span class='ocrx_word' id='word_1_2337' title='bbox 1518 3858 1573 3883; x_wconf 78' lang='lat' dir='ltr'>Cic.</span> <span class='ocrx_word' id='word_1_2338' title='bbox 1588 3866 1615 3883; x_wconf 82' lang='lat' dir='ltr'>in</span> <span class='ocrx_word' id='word_1_2339' title='bbox 1628 3858 1712 3885; x_wconf 89' lang='lat' dir='ltr'>Pison.</span> <span class='ocrx_word' id='word_1_2340' title='bbox 1727 3865 1764 3891; x_wconf 77' lang='grc'>38.</span> <span class='ocrx_word' id='word_1_2341' title='bbox 1835 3861 1972 3895; x_wconf 91' lang='lat' dir='ltr'>Conqueri</span> <span class='ocrx_word' id='word_1_2342' title='bbox 1991 3860 2109 3887; x_wconf 88' lang='lat' dir='ltr'>fortunas</span> <span class='ocrx_word' id='word_1_2343' title='bbox 2122 3861 2180 3887; x_wconf 84' lang='lat' dir='ltr'>suas</span> <span class='ocrx_word' id='word_1_2344' title='bbox 2198 3861 2278 3888; x_wconf 86' lang='lat' dir='ltr'>Plaut.</span> <span class='ocrx_word' id='word_1_2345' title='bbox 2293 3862 2351 3888; x_wconf 87' lang='lat' dir='ltr'>Mil.</span> <span class='ocrx_word' id='word_1_2346' title='bbox 2365 3871 2386 3894; x_wconf 86' lang='grc'>2,</span> <span class='ocrx_word' id='word_1_2347' title='bbox 2401 3870 2420 3892; x_wconf 79' lang='lat'>1,</span> 
     </span>
    </p>

    <p class='ocr_par' dir='ltr' id='par_1_51' title="bbox 1508 3892 2427 3928">
     <span class='ocr_line' id='line_1_235' title="bbox 1508 3892 2427 3928; baseline 0.005 -10"><span class='ocrx_word' id='word_1_2348' title='bbox 1508 3892 1650 3921; x_wconf 87' lang='lat' dir='ltr'>Consulere</span> <span class='ocrx_word' id='word_1_2349' title='bbox 1663 3894 1794 3927; x_wconf 80' lang='lat' dir='ltr'>fortunis,</span> <span class='ocrx_word' id='word_1_2350' title='bbox 1827 3896 1993 3923; x_wconf 79' lang='lat' dir='ltr'>conturbare</span> <span class='ocrx_word' id='word_1_2351' title='bbox 2007 3895 2140 3928; x_wconf 75' lang='lat' dir='ltr'>fortunas,</span> <span class='ocrx_word' id='word_1_2352' title='bbox 2159 3906 2185 3923; x_wconf 86' lang='grc' dir='ltr'>υ.</span> <span class='ocrx_word' id='word_1_2353' title='bbox 2200 3897 2241 3925; x_wconf 85' lang='lat' dir='ltr'>hh.</span> <span class='ocrx_word' id='word_1_2354' title='bbox 2256 3905 2299 3924; x_wconf 82' lang='lat' dir='ltr'>vv.</span> <span class='ocrx_word' id='word_1_2355' title='bbox 2371 3893 2427 3923; x_wconf 82' lang='lat' dir='ltr'>De-&#39;</span> 
     </span>
    </p>
   </div>
   <div class='ocr_carea' id='block_1_39' title="bbox 2315 3938 2419 3960">
    <p class='ocr_par' dir='ltr' id='par_1_52' title="bbox 2315 3938 2419 3960">
     <span class='ocr_line' id='line_1_236' title="bbox 2315 3938 2419 3960; baseline 0 -2"><span class='ocrx_word' id='word_1_2356' title='bbox 2315 3938 2419 3960; x_wconf 67' lang='lat' dir='ltr'>Gemi-‘fe</span> 
     </span>
    </p>
   </div>
   <div class='ocr_carea' id='block_1_40' title="bbox 2148 289 2479 319">
    <p class='ocr_par' dir='ltr' id='par_1_53' title="bbox 2148 289 2479 319">
     <span class='ocr_line' id='line_1_237' title="bbox 2148 289 2479 319; baseline -0.003 -3"><span class='ocrx_word' id='word_1_2357' title='bbox 2148 290 2296 316; x_wconf 87' lang='lat' dir='ltr'>Prouocare</span> <span class='ocrx_word' id='word_1_2358' title='bbox 2315 289 2398 316; x_wconf 80' lang='lat' dir='ltr'>foi-tu·</span> <span class='ocrx_word' id='word_1_2359' title='bbox 2436 310 2437 314; x_wconf 59' lang='grc'>,</span> <span class='ocrx_word' id='word_1_2360' title='bbox 2478 314 2479 319; x_wconf 69' lang='grc'>,</span> 
     </span>
    </p>
   </div>
   <div class='ocr_carea' id='block_1_41' title="bbox 2435 145 2478 733">
    <p class='ocr_par' dir='ltr' id='par_1_54' title="bbox 2435 145 2478 733">
     <span class='ocr_line' id='line_1_238' title="bbox 2435 145 2478 733; baseline 0 3492"><span class='ocrx_word' id='word_1_2361' title='bbox 2435 145 2478 733; x_wconf 95' lang='lat' dir='ltr'> </span> 
     </span>
    </p>
   </div>
   <div class='ocr_carea' id='block_1_42' title="bbox 2445 2703 2479 3784">
    <p class='ocr_par' dir='ltr' id='par_1_55' title="bbox 2445 2703 2479 3784">
     <span class='ocr_line' id='line_1_239' title="bbox 2445 2703 2479 3784; baseline 0 0"><span class='ocrx_word' id='word_1_2362' title='bbox 2445 2703 2479 3784; x_wconf 95' lang='lat' dir='ltr'> </span> 
     </span>
    </p>
   </div>
  </div>
 </body>
</html>
