2479 4225
226 187 308 226 1199

230 295 517 357 ιηίῗξᾶξἚζΊ-ᾸΤΟ,
550 326 617 352 Αᾱῃ,
654 320 823 357 [dicastis-ms]
848 316 915 346 ,Sine
926 314 1077 350 testamento.
1114 315 1170 343 Cic.
1183 312 1215 339 de
1228 313 1269 339 In·
1336 317 1382 355 setr
1454 315 1591 346 intimari,
1606 321 1654 349 pro
1674 313 1792 348 ingredi.-
1816 313 1921 339 Solinus
1942 322 1962 338 c.
1978 320 2005 345 35
2031 312 2150 339 Ditionis
2164 312 2375 353 Aegyptiaeess'e

231 373 302 394 vent.
317 374 332 391 2
359 370 402 396 148
416 373 436 389 c.
454 370 485 396 50
502 363 528 389 Si
541 356 727 397 paterfamilias
741 355 861 382 intestato
875 352 1007 386 moritur,
1026 350 1137 383 familia,
1151 348 1271 384 pecunia·
1337 351 1431 385 incipit
1443 360 1458 379 a
1471 352 1568 384 Syene,
1582 351 1609 376 in
1630 357 1680 383 qua
1701 349 1764 375 fines
1779 348 1956 382 Aethiopum:
1976 353 2002 374 et
2014 347 2075 374 inde
2086 349 2230 383 vsquedum
2250 357 2318 376 mari
2335 348 2376 375 in-

231 410 282 437 que
296 385 350 427 01115
364 404 519 434 agnatorum
532 397 723 432 gentiliumque
731 391 795 417 esto.
860 388 1000 420 Scaeuola,
1017 388 1136 414 l.Titius
1149 385 1272 412 intestato
1298 388 1312 415 ς
1337 387 1461 420 timatur,
1479 387 1542 414 Nili
1554 393 1651 412 nomen
1664 389 1744 411 tenet.
1775 384 1834 413 Vid.
1849 384 1980 410 Ammian.
1995 391 2030 418 15,
2043 385 2079 410 16.
2104 390 2128 411 et
2139 384 2257 412 Tertull.
2271 384 2303 411 de
2316 384 2375 410 Res.

233 437 388 464 moriturus.
464 434 507 461 Sic
520 432 619 459 Paullus
656 448 663 455 .
701 447 707 453 .
743 446 749 452 .
786 425 822 451 Vt
832 424 933 458 legata,
946 433 1014 458 quae
1028 424 1053 449 ei
1064 422 1188 451 dederat,
1205 421 1272 447 inte-
1334 423 1413 450 Carn.
1433 431 1456 448 c.
1474 431 1495 454 3.

233 473 298 500 stato
311 470 427 497 moriens
440 469 588 496 restitueret
659 462 716 489 Vid.
731 461 748 488 l.
763 467 795 494 45
807 458 831 497 §.
844 469 854 486 1
869 460 901 486 D.
916 459 947 486 de
959 460 1018 486 iure
1033 458 1097 484 fisci.
1172 457 1191 482 1.
1205 464 1222 491 7
1237 456 1272 482 D.
1371 463 1496 484 INT1M
1507 463 1530 484 A
1543 463 1564 485 Τ
1574 463 1633 488 VS,
1653 464 1676 486 a,
1696 463 1751 481 um.
1770 455 1839 482 Part.
1875 454 2040 482 Donationes
2056 454 2206 486 intimatae,
2225 457 2244 481 i.
2265 454 2378 489 Insinua-

233 508 266 534 de
279 507 333 534 diu.
347 515 401 541 reg.
417 507 470 532 Iur.
539 500 607 528 Add.
619 498 675 525 Cic.
689 497 721 523 de
733 497 806 523 Orat.
821 504 841 527 1,
856 503 908 527 143.
945 501 968 521 et
980 496 1059 521 Verr.
1075 502 1095 526 1,
1109 501 1158 525 114·
1335 499 1376 521 tae
1389 493 1408 519 1.
1421 501 1450 525 19
1461 495 1538 528 inpr.
1560 502 1581 518 c.
1595 491 1627 517 de
1641 492 1732 518 sacros.
1753 491 1841 518 eccles.
1912 491 1960 517 Per
1980 490 2100 517 auctores
2117 490 2255 522 intimata,
2277 493 2295 516 i.
2316 492 2378 518 Pro-

270 549 281 568 1
292 548 315 568 Ν
326 548 347 567 Τ
357 548 395 568 iss
405 547 456 567 TA
466 536 503 566 Bi'
511 544 526 562 L
537 543 546 562 1
557 543 579 566 s,
599 543 621 560 e.
642 532 704 560 Adi.
739 531 819 558 Caius
833 530 862 558 in
874 531 968 558 LCum
981 530 1040 564 lege
1052 530 1084 556 D.
1093 528 1126 554 de
1138 526 1276 554 testamen·
1336 528 1392 555 dita
1406 531 1532 555 memoriae
1546 528 1674 563 Spartian.
1690 528 1762 553 Vero
1776 536 1798 553 c.
1813 534 1838 561 7.
1909 526 2008 552 Literis
2026 526 2147 553 intimata
2165 525 2254 552 Treb.
2269 525 2334 555 PoII.
2348 525 2379 552 in

233 578 282 610 tis,
299 579 390 611 Qium
405 576 461 608 lege
473 572 532 607 quis
543 568 697 597 intestabilis
710 567 818 593 issbefflf
830 567 888 598 effe,
908 575 941 593 e0
949 567 1074 600 pertine&
1087 572 1121 590 ne
1133 563 1190 590 eius
1203 561 1274 588 testi·
1286 567 1317 587 10
1337 564 1451 591 Gallien.
1465 573 1486 590 c.
1500 566 1536 590 16.
1607 562 1656 588 His
1668 562 1788 589 breuiter
1801 560 1929 588 intimatis
1948 562 2026 588 Mart.
2042 561 2170 596 Capella5
2187 570 2212 596 p.
2227 563 2282 600 169.

232 614 523 676 ῗιὶιῖῃίιεᾚῗηξὲιῖ11111ι1ῗυΐ,
583 640 688 674 leian.
706 639 735 665 in
754 638 772 665 1.
794 639 819 664 Is
832 637 876 663 cui
888 637 947 671 lege
959 638 991 663 D.
1003 637 1035 664 de
1048 633 1226 669 testamentis,
1246 632 1275 659 Si
1338 635 1470 664 excursus.
1505 634 1578 670 Conf,
1593 634 1610 660 1.
1626 641 1653 665 23
1666 633 1683 658 l.
1701 632 1733 659 de
1745 633 1866 660 Testam.

232 694 386 747 ilntestabilis
400 714 444 746 fit,
467 721 530 746 ergo
544 720 592 738 nec
603 710 787 737 testamentum
800 709 886 735 facere
899 708 1014 742 poterit,
1034 715 1083 733 nec
1095 705 1126 732 ad
1138 705 1275 732 testamen—
1335 707 1470 735 Pertinace
1487 714 1509 731 c.
1523 713 1560 732 10.

232 761 289 782 tum
302 750 422 778 adhiberi
435 748 515 775 testis.
581 745 673 773 lfidor.
693 745 741 772 lib.
755 753 785 770 10
806 743 887 776 lit.1‚
914 743 996 769 Cuius
1016 741 1199 770 testimoninm
1219 747 1276 765 non
1294 745 1320 772 15
1375 747 1577 773 1N'r1ivunvs,
1597 749 1627 772 a,
1643 748 1697 766 um.
1719 730 1780 765 Adi.
1816 739 1883 765 Saxo
1897 740 2041 766 Grammat.
2061 747 2087 771 2,
2099 747 2135 773 24
2153 744 2202 774 pro
2221 747 2269 764 non
2282 737 2381 764 timido.

230 789 341 818 valet,et
352 784 422 819 quod
436 783 535 810 dixerit
547 782 656 809 irritum
670 779 905 815 improbatumque
920 778 959 805 sit.
997 776 1018 816 ff
1038 787 1053 805 2
1074 779 1143 804 Hinc
1153 776 1277 813 generati·
1375 784 1417 804 IN
1427 783 1448 803 T
1460 784 1470 803 1
1479 783 1504 803 M
1513 782 1559 803 OR
1568 783 1589 803 Α
1598 783 1619 802 T
1629 782 1657 802 Ε,
1682 774 1749 801 Adu.
1784 774 1921 810 [ἅφάβως]
1959 776 2015 802 sine
2028 781 2102 801 metu,
2127 774 2187 802 Vct,
2201 773 2316 808 Interpr,
2327 774 2382 801 Ire-

231 831 269 850 ην
305 819 476 853 [maxx-⁹235]
527 815 710 849 roDctestabili
722 826 730 841 :
764 814 905 849 Improbus
923 819 949 841 et
966 813 1123 840 intestabilis
1144 811 1204 838 Sall.
1217 812 1274 844 lug.
1338 813 1399 841 naci
1417 822 1437 845 1,
1452 821 1460 838 1
1479 812 1634 838 Intimorate
1646 811 1736 837 omnia
1748 816 1899 844 operantur.

231 868 252 885 c.
267 860 296 888 67
311 857 362 882 LL.
375 856 424 882 XII
440 825 530 881 Tabg,
544 860 583 888 ap.
597 853 667 878 Gell.
682 853 707 883 6,
722 859 748 886 7.
818 849 892 876 Idem
906 859 929 882 7,
944 854 969 880 ¹8
996 850 1046 875 Eos
1060 855 1165 880 tamen,
1180 846 1227 882 qui
1241 846 1273 872 ad
1375 849 1498 881 1,ΝΤ“1“Μ
1508 854 1564 880 VS,
1586 848 1767 883 chperlatiuum
1778 845 1808 871 ab
1820 846 1900 872 Intra.
1930 844 1989 872 Vid.
2008 851 2149 871 INTRA.

230 891 387 920 Annibalem
401 899 455 916 non
468 889 616 919 rediiffent,
635 895 719 922 vsque
732 885 798 912 adeo
816 885 994 917 intestabiles,
1014 885 1168 919 inuisosque
1187 882 1274 914 fuisse,
1374 890 1384 909 1
1397 889 1419 910 N
1429 890 1499 910 TIN
1510 887 1575 914 GO,
1594 882 1679 915 tinxi,
1706 880 1838 913 tinctum,
1866 884 1919 908 ere.
1963 879 2134 914 [ἒμζοέπτω]
2177 879 2340 942 Μαᾱεζαεενε
2358 885 2383 907 ει

229 934 259 955 vt
270 927 384 954 taedium
397 926 468 952 vitae
482 924 632 958 coeperint,
649 930 791 956 necemque
804 920 854 947 fibi
866 920 1054 947 consciuerint.
1126 919 1231 953 leian.
1245 918 1275 943 in
1287 926 1324 945 20
1336 917 1486 948 humeffare.
1541 918 1606 945 Plin.
1629 927 1672 950 20,
1693 926 1721 952 17
1741 916 1768 943 de
1787 917 1872 953 amjsb,
1897 916 2006 948 Viride,
2019 915 2158 942 aridumue
2172 917 2246 942 omni
2269 925 2297 942 us
2314 923 2383 950 quae

230 964 247 990 1.
264 971 295 989 ex
309 961 434 988 Cornelia
447 961 479 986 D.
492 959 524 985 de
536 959 659 991 iniuriis,
677 959 705 984 Si
719 957 907 984 condemnatus
921 956 950 982 fit
963 956 995 988 is,
1010 956 1059 990 qui
1074 954 1176 982 librum
1190 953 1221 980 ad
1234 953 1275 979 in·
1338 955 1516 985 condiuntur,
1540 962 1660 989 quaeque
1677 953 1862 987 intinguntur,
1879 951 2060 978 defideratum.
2133 951 2201 978 Cato
2214 960 2236 978 c.
2250 953 2293 984 156
2315 953 2383 984 Cruq

228 999 337 1025 famiam
350 996 461 1023 alicuius
473 996 647 1030 pertinentem
660 993 777 1027 scripfit,
796 992 960 1027 composuit,
978 991 1072 1022 edidit,
1091 998 1137 1017 etc.
1171 989 1276 1017 intesta·
1339 991 1398 1018 dam
1419 990 1438 1016 fi
1458 989 1535 1021 edas,
1555 990 1584 1016 in
1610 996 1713 1016 acetum
1733 988 1860 1022 intingito
1874 1008 1882 1020 ,
1907 987 2022 1014 mirifice
2041 987 2194 1021 concoquit.
2221 986 2250 1013 de
2270 985 2384 1022 braffica.

228 1033 291 1062 bilis
303 1042 334 1059 cx
348 1033 405 1067 lege
419 1032 466 1058 esse
481 1031 598 1057 iubetur.
691 1029 758 1056 Plin.
774 1037 813 1061 30,
829 1037 841 1054 2
861 1028 890 1054 de
904 1035 958 1054 arte
971 1030 1082 1064 magica,
1109 1025 1224 1052 Proinde
1237 1024 1274 1051 ita
1338 1028 1478 1054 Calamum
1491 1024 1636 1059 intingere,
1650 1026 1679 1051 de
1694 1024 1818 1052 Scribeme
1831 1023 1899 1050 dixit
1912 1022 2046 1057 Qintffil.
2062 1031 2100 1055 ιο,
2113 1031 2136 1055 3,
2149 1031 2176 1055 31
2203 1022 2284 1058 Qrod
2303 1022 2384 1050 imin.

228 1069 377 1104 persuasum
394 1068 441 1100 lit,
461 1066 654 1098 intestabilem,
672 1064 795 1095 irritam,
816 1064 921 1090 inanem
939 1063 1004 1095 effe,
1025 1062 1166 1089 habentem
1185 1067 1274 1088 tamen
1337 1068 1435 1098 guntur
1448 1060 1556 1092 calami,
1567 1067 1705 1087 morantur
1717 1068 1833 1086 manum.

226 1104 350 1139 quasdam
364 1103 483 1130 veritatis
495 1102 610 1129 vmbras.
703 1101 770 1126 Hor.
783 1100 865 1125 Serm.
879 1108 905 1133 2,
918 1105 986 1131 3,1>31
1022 1113 1068 1118 —-
1104 1099 1170 1124 Vter
1183 1096 1276 1123 aedilis
1291 1105 1320 1133 ²5
1374 1104 1417 1125 1N
1431 1103 1452 1123 T
1465 1104 1474 1122 1
1486 1102 1508 1122 Ν
1520 1101 1537 1122 c
1548 1102 1618 1124 'rvs
1628 1115 1637 1129 ,
1660 1105 1690 1129 a,
1710 1105 1765 1123 um.
1798 1095 1866 1121 Part.
1903 1093 1960 1120 Cic.
1981 1092 2014 1120 de
2027 1094 2101 1121 Orat.
2116 1102 2139 1126 2,
2159 1102 2206 1120 120
2228 1102 2250 1120 c.
2266 1102 2300 1126 ⁷²7
2319 1099 2386 1121 extr.

228 1141 346 1168 fueritne
389 1136 512 1165 Vestrum
531 1137 654 1169 Praetor,
674 1136 695 1162 is
713 1134 868 1162 intestabilis
889 1140 915 1161 et
930 1135 999 1160 sacer
1014 1133 1077 1160 esto.
1151 1133 1200 1160 Vbi
1214 1133 1276 1158 Por·
1339 1134 1459 1161 Alterum
1478 1131 1549 1167 quod
1568 1137 1654 1158 totum
1674 1138 1729 1158 arte
1748 1130 1891 1157 intinctum
1905 1129 2027 1161 videtur,
2043 1129 2144 1157 tametfi
2161 1134 2246 1156 artem
2259 1129 2386 1164 requirit,

228 1176 335 1210 phyrio,
354 1175 465 1208 Antiqui
475 1182 529 1205 eos,
543 1181 610 1207 quos
624 1172 652 1198 in
665 1171 849 1197 testimonium
862 1170 964 1197 dimitti
981 1169 1124 1202 nolebant,
1144 1167 1279 1195 intestabi-
1337 1176 1426 1196 tamen
1445 1167 1599 1203 prudentiae
1619 1167 1656 1193 est
1674 1166 1833 1198 mediocris,
1859 1165 1924 1200 quid
1941 1165 2084 1191 dicendum
2103 1164 2134 1192 fit
2152 1164 2254 1192 videre.
2303 1165 2385 1197 Hodie

227 1212 265 1238 les
288 1210 432 1243 vocabant,
458 1208 623 1235 detestabiles
643 1207 756 1239 scilicet,
783 1215 901 1242 quorum
922 1205 1105 1232 testimonium
1126 1204 1226 1231 malum
1250 1208 1277 1229 ct.
1338 1204 1474 1233 Tinctum
1487 1202 1673 1235 editur,eadem
1686 1201 1929 1238 sententia,uerbo,
1942 1200 2115 1236 artificiofitm.
2184 1199 2266 1227 Ouid.
2282 1200 2387 1235 Fasta,
2431 1197 2446 1211 ⁴‘

228 1246 401 1273 execrandum
436 1245 504 1271 effer.
601 1243 693 1270 Tacit.
724 1244 792 1269 Ann.
820 1244 865 1274 16,
893 1249 921 1275 55
961 1241 1122 1267 Intestabilis
1152 1246 1178 1266 et
1214 1248 1276 1266 con·
1339 1243 1386 1274 63⁴
1411 1239 1522 1267 Nutriat
1539 1238 1666 1265 intinetos
1686 1238 1760 1264 missa
1778 1237 1874 1271 patella
1892 1236 1975 1262 cibos.
2017 1236 2074 1262 Vid.
2090 1236 2127 1262 ibi
2140 1236 2227 1272 Heius:
2252 1236 2332 1263 Add.
2347 1236 2387 1264 Id.

203 1307 207 1312 ,
227 1282 373 1309 sceleratus.
478 1280 553 1306 Idem
567 1279 634 1306 Hist.
649 1288 677 1311 4,
692 1287 737 1311 42,
753 1287 781 1305 1o
810 1279 903 1311 Quini
924 1277 1033 1304 interim
1054 1275 1232 1303 intestabilior
1251 1280 1277 1301 et
1292 1287 1325 1310 30
1340 1278 1406 1304 Met.
1419 1284 1447 1310 7,
1460 1277 1520 1302 260.
1553 1274 1683 1301 Intinehis
1690 1282 1740 1309 pro
1753 1274 1889 1307 Baptizato
1903 1272 1970 1308 apud
1981 1271 2101 1299 Tertull.
2115 1271 2147 1297 de
2160 1271 2262 1299 Poenit.
2277 1274 2303 1298 c.
2316 1274 2342 1298 6.

227 1317 331 1344 saeuior
344 1321 450 1343 exortus
464 1315 509 1342 est.
579 1315 607 1340 Si
627 1315 703 1348 peior
722 1319 801 1349 atque
815 1312 993 1340 intestabilior
1008 1319 1080 1339 metu
1092 1311 1180 1339 vestro
1194 1310 1278 1337 fuerit
1377 1320 1387 1339 1
1397 1317 1419 1337 N
1429 1317 1524 1338 TINC
1534 1315 1556 1337 T
1565 1317 1624 1342 ys,
1647 1308 1685 1336 us.
1706 1318 1742 1336 m.
1787 1306 1955 1342 [ἕμέαμμει]
1991 1307 2176 1334 Condimentnm
2196 1307 2230 1334 ad
2249 1306 2387 1334 condienda

227 1353 287 1380 5³¹1·
301 1354 402 1386 Fragm·
416 1360 438 1378 c·
452 1359 473 1383 3·
545 1350 603 1377 Cum
616 1350 733 1377 Ablcm'flo
742 1360 749 1375 ·'
775 1349 868 1376 Tacit·
883 1351 950 1375 Atm-
965 1350 982 1375 6
987 1348 1036 1384 sub
1040 1348 1091 1383 fin·
1114 1346 1276 1373 Intestabilis
1338 1348 1438 1384 opsonia
1446 1366 1454 1378 ,
1464 1346 1627 1382 flue-Liquor,
1638 1348 1666 1371 in
1678 1354 1747 1381 quem
1755 1345 1863 1379 reliquos
1873 1343 1939 1370 cibos
1950 1346 2101 1380 intingimus
2114 1342 2148 1369 ad
2153 1343 2256 1378 saporis
2269 1351 2388 1370 commen-

226 1388 337 1416 saeuitia
347 1387 487 1415 Tiberirm.
667 1383 687 1422 fi
708 1394 720 1417 3
757 1385 874 1421 Lasciuia
891 1387 984 1411 comica
997 1382 1156 1411 intestabilis
1170 1389 1221 1420 pro
1241 1391 1278 1415 w,
1338 1385 1477 1413 dationem,
1494 1391 1523 1408 ac
1534 1382 1606 1418 gulae
1617 1384 1811 1408 irritamentum.
1848 1378 1914 1405 PIin.
1926 1386 1961 1411 13,
1975 1387 2009 1411 29
2029 1378 2181 1413 Eademque
2190 1379 2297 1413 origine
2310 1386 2395 1413 apros
2431 1373 2437 1382 ⁵

225 1427 270 1461 qui
281 1422 401 1457 usticuh‘s
408 1425 527 1458 priuatus
540 1419 574 1454 est
587 1421 755 1448 Plaut.Curc.
770 1429 790 1453 1,
806 1429 825 1452 1,
839 1429 880 1453 3ο.
895 1427 920 1447 et
934 1420 992 1446 Mil.
1006 1429 1027 1453 5,
1042 1428 1060 1450 1,
1073 1428 1117 1452 24.
1338 1427 1399 1446 rum
1420 1419 1497 1453 sapor
1522 1416 1721 1443 commendatur
1734 1434 1741 1446 ,
1766 1414 1922 1449 plerumque
1948 1413 1980 1440 ad
2003 1414 2130 1440 intinctus
2155 1409 2252 1445 additis
2283 1413 2387 1447 myrtis.

262 1467 302 1486 IN
312 1466 333 1486 T
343 1466 359 1485 F.
369 1467 381 1486 s
393 1465 414 1484 Τ
427 1464 458 1484 is
468 1478 476 1490 ‚
493 1466 515 1483 e.
536 1457 596 1484 Adi.
632 1458 684 1492 Qui
698 1463 766 1483 caret
777 1455 888 1489 testibus,
903 1454 1034 1489 castratus.
1060 1453 1183 1487 Arnob.5
1196 1463 1221 1488 p.
1230 1455 1277 1480 160
1290 1459 1319 1487 35
1339 1454 1414 1483 Idem
1428 1462 1470 1485 20,
1485 1462 1510 1485 9.
1546 1452 1620 1487 ‚Quod
1638 1449 1843 1484 laudatas-Apim
1856 1457 1878 1481 3,
1893 1454 1918 1479 18
1943 1449 2041 1475 Hieme
2055 1449 2163 1476 intubae
2182 1459 2213 1476 ex
2228 1450 2389 1477 embamma.

225 1495 347 1521 Acdestin
361 1494 515 1520 consecrasse
529 1501 623 1527 corpus
637 1492 736 1519 Attinis
750 1492 778 1518 in
786 1491 940 1524 Peffinunte,
953 1491 1124 1518 caerimoniis
1132 1489 1236 1520 annuis,
1249 1495 1276 1516 et
1339 1496 1382 1524 te,
1400 1490 1426 1516 h.
1441 1499 1464 1516 e.
1485 1488 1600 1515 intinetu
1615 1488 1743 1518 eduntur,
1760 1485 1837 1512 verba
1850 1484 1876 1511 h.
1891 1493 1914 1510 c.
1929 1484 2045 1511 intinctu
2057 1484 2120 1520 sunt
2131 1483 2208 1521 glqffiz
2220 1488 2352 1512 recentior.

226 1531 390 1557 sacerdotum
403 1528 540 1557 intestibus
552 1528 703 1559 honorasse,
724 1530 742 1554 i.
754 1527 928 1564 sacerdotibus
946 1525 1080 1560 castratis:
1107 1535 1178 1562 quam
1190 1523 1277 1552 lcc‘b'o-
1376 1532 1465 1552 1NT1
1478 1531 1553 1551 NCT
1563 1531 1573 1549 1
1583 1530 1602 1550 O
1612 1543 1620 1555 ,
1642 1523 1709 1549 onis.
1737 1521 1757 1547 f.
1793 1520 1912 1547 Tertull.
1934 1520 1966 1546 de
1981 1521 2083 1547 Poenit.
2104 1528 2125 1545 c.
2139 1529 2155 1546 2
2184 1521 2289 1547 Prae-ire
2305 1520 2387 1548 intin-

226 1576 280 1592 nem
292 1575 308 1592 a
320 1566 349 1600 se
361 1568 500 1596 inuentam,
517 1571 541 1591 et
552 1562 714 1600 ficbstitutam
734 1564 802 1600 vulg.
815 1563 977 1590 antistitibus
994 1561 1110 1598 defendit
1127 1560 1230 1597 Salmas.
1243 1560 1278 1587 ad
1338 1561 1456 1589 &ionem
1470 1559 1651 1595 poenitentiae
1665 1557 1742 1584 iuffit.
1786 1557 1817 1582 Et
1831 1565 1852 1582 c.
1868 1564 1895 1582 12
1920 1555 1978 1582 Post
1991 1556 2076 1589 prima
2089 1555 2259 1583 intinctionis
2273 1555 2389 1583 domini-

227 1601 348 1629 Tertull.
362 1601 394 1627 de
407 1600 489 1627 Pallio
503 1609 528 1634 p.
542 1608 599 1626 202.
1338 1607 1384 1624 cae
1416 1596 1590 1623 monimenta.
1616 1597 1635 1623 i.
1661 1591 1898 1628 Post>bapnjmilnu
1946 1592 2005 1619 Via.
2026 1591 2093 1618 ibid.
2113 1600 2135 1617 c.
2156 1594 2181 1618 6.
2212 1592 2310 1625 Barth.
2333 1591 2388 1619 Ad.
2430 1616 2436 1620 ,
2450 1588 2458 1605 ”

260 1638 460 1662 ,1ΝΤΕςΤῑΝ
470 1643 489 1660 v
498 1642 540 1667 M,
559 1635 579 1660 i.
599 1643 627 1660 n.
646 1641 669 1660 et
684 1635 753 1661 Plur.
777 1633 903 1660 Intestina
915 1633 1051 1665 dicuntur,
1065 1633 1135 1668 Qae
1152 1631 1319 1668 1‘7zferiori4o
1335 1633 1402 1669 vers.
1419 1642 1460 1664 13,
1480 1635 1519 1658 16.
2130 1659 2134 1660 ⁷

228 1674 341 1706 corporis
353 1677 429 1707 parte
448 1669 612 1700 clauduntur,
627 1676 651 1694 et
670 1669 796 1704 inferiora
806 1670 868 1704 sunt
878 1689 885 1700 ,
905 1678 965 1703 quae
987 1672 1060 1694 etiam
1074 1670 1213 1695 Interanea
1232 1674 1276 1702 ap·
1376 1677 1385 1695 1
1394 1676 1415 1695 N
1425 1675 1446 1695 T
1455 1674 1474 1694 o
1484 1674 1500 1693 L
1513 1672 1530 1693 E
1539 1672 1558 1692 R
1569 1671 1591 1691 A
1600 1665 1676 1692 Bi'Li
1685 1671 1697 1691 s
1707 1684 1715 1697 ,
1736 1672 1759 1690 e.
1779 1661 1840 1690 Adi.
1876 1660 2022 1697 [demon-os,
2036 1662 2164 1696 ἄτλητος]
2199 1663 2274 1699 and
2284 1662 2390 1690 tolerari

224 1708 362 1742 pellantur.
415 1705 482 1732 Cels.
497 1713 525 1736 4,
540 1713 570 1736 14
578 1711 621 1738 pr.
649 1705 672 1730 A
686 1704 833 1730 visceribus
854 1704 886 1729 ad
907 1704 1029 1730 intestina
1047 1703 1211 1730 veniendum
1228 1703 1273 1729 est.
1336 1704 1442 1740 etserri
1455 1712 1504 1728 non
1542 1701 1609 1735 otgsi.
1645 1699 1827 1727 Intolerabilis
1840 1697 1920 1726 dolor
1938 1698 1994 1725 Cic.
2009 1698 2087 1725 Acad.
2102 1707 2131 1731 4,
2145 1707 2171 1731 23
2186 1704 2237 1728 c.8.
2293 1697 2389 1726 Foedi-

230 1741 302 1768 Mihi
326 1741 455 1767 inanitate
475 1739 631 1766 iamdudum
654 1739 776 1765 intestina
797 1744 966 1765 murmurant
991 1739 1076 1764 Plaut.
1088 1739 1146 1764 Cas.
1161 1748 1188 1771 4,
1210 1742 1276 1770 356.
1336 1746 1376 1767 tas
1389 1739 1482 1766 odoris
1502 1739 1513 1763 1
1534 1747 1575 1764 em
1590 1736 1707 1763 deN.D.
1723 1744 1735 1762 2
1750 1744 1771 1761 c.
1786 1743 1817 1768 50
1829 1741 1894 1761 extr.
1967 1735 2061 1769 Frigus
2081 1733 2120 1760 Id.
2135 1743 2183 1768 pro
2203 1735 2278 1761 Rosc.
2298 1736 2387 1762 Amer.

229 1778 285 1804 Cic.
298 1776 330 1802 de
344 1777 380 1802 N.
395 1776 426 1801 D.
442 1782 520 1808 2,137
535 1783 556 1800 c.
571 1782 598 1807 55
626 1774 662 1799 Ex
680 1773 811 1799 intestinis
829 1779 918 1799 autem
936 1779 962 1798 et
977 1773 1038 1799 aluo
1053 1774 1166 1799 secretus
1186 1782 1200 1798 a
1214 1773 1277 1798 reli·
1340 1783 1387 1805 13¹·
1459 1772 1602 1798 Insolentia
1627 1772 1683 1798 Cic.
1707 1772 1742 1804 Q
1767 1771 1836 1797 Frat.
1855 1778 1874 1800 1,
1895 1779 1915 1802 1,
1937 1779 1976 1803 14.
2049 1770 2119 1796 Mala
2144 1771 2248 1796 Lucret.
2272 1773 2298 1803 6,
2323 1772 2389 1804 1156.
2421 1788 2425 1796 .

230 1821 284 1846 quo
297 1811 359 1837 cibo
373 1811 460 1836 succus
473 1810 575 1843 is‚quo
589 1809 702 1840 alimur,
712 1814 846 1842 permanat
861 1809 892 1835 ad
908 1809 983 1835 iecur
998 1816 1044 1842 per
1057 1808 1182 1842 quasdam
1195 1816 1209 1833 a
1224 1816 1277 1833 me-
1285 1808 1455 1839 45¹‘Saenitia
1474 1807 1534 1832 Liu.
1549 1815 1569 1839 1,
1582 1815 1619 1838 53.
1690 1805 1810 1832 Tributa
1831 1806 1937 1838 exigere
1957 1805 2013 1831 Cic.
2028 1805 2101 1831 Fam.
2120 1813 2144 1837 3,
2157 1814 2183 1840 7.
2275 1807 2390 1841 Compar.

228 1848 275 1874 dio
287 1845 412 1873 intestino
425 1845 507 1878 vsque
526 1843 559 1869 ad
578 1848 666 1877 portas
679 1843 784 1869 iecoris.
801 1843 834 1868 fic
848 1844 919 1868 enim
939 1843 1072 1877 appellant
1091 1843 1180 1869 ducias
1198 1848 1223 1869 et
1237 1842 1276 1868 di·
1338 1843 1412 1870 Idem
1427 1843 1501 1870 Fam.
1511 1850 1540 1874 4,
1553 1850 1565 1874 3
1592 1841 1680 1867 Multo
1693 1840 1892 1866 intolerabilior
1912 1840 2027 1866 futurus.
2049 1846 2054 1854 ⁸
2082 1842 2115 1866 Et
2127 1842 2218 1866 quen.
2233 1841 2282 1868 Sat.
2296 1844 2323 1873 6,
2338 1849 2390 1875 459

229 1882 311 1910 rectas
324 1882 395 1912 vias,
416 1888 483 1914 quae
498 1879 631 1913 pertinent
644 1877 675 1903 ad
687 1878 775 1908 iecur,
793 1878 873 1910 eique
892 1877 1044 1905 adhaerent.
1100 1878 1222 1903 Medium
1237 1878 1278 1903 in-
1337 1877 1537 1905 Intolerabilius
1557 1876 1626 1902 nihil
1640 1875 1676 1901 est
1689 1884 1770 1909 quam
1784 1875 1884 1901 femina
1898 1874 1982 1908 diues.
2072 1876 2244 1902 Contumelia
2264 1877 2390 1904 intolera.

229 1918 353 1944 testinum
365 1923 438 1942 vocat
451 1914 564 1945 Cicero,
576 1912 641 1949 quod
654 1913 743 1939 Graeci
755 1912 954 1938 Mesenterium.
991 1911 1060 1938 Add.
1075 1911 1112 1937 ib.
1127 1919 1167 1943 138
1187 1922 1208 1937 c.
1223 1912 1275 1938 eod.
1337 1913 1423 1940 bilior
1437 1912 1547 1944 Euinen.
1562 1912 1655 1943 Paneg.
1670 1909 1819 1935 Constantii
1835 1918 1856 1934 c.
1874 1917 1911 1934 10.
2104 1908 2125 1946 fl
2146 1920 2162 1936 2
2199 1912 2295 1937 Αέὶίυε
2308 1913 2391 1939 etjam

229 1953 355 1980 Rofiones
378 1950 563 1978 intestinorum
595 1948 660 1974 Plin.
680 1957 724 1980 20,
742 1956 775 1974 21.
848 1947 984 1973 Laborare
1002 1955 1034 1972 ex
1054 1946 1186 1971 intestinis
1217 1946 1275 1972 Cic.
1338 1947 1446 1981 ponitur
1466 1954 1515 1979 pro
1529 1945 1637 1978 Eo,qui
1654 1944 1768 1969 tolerare
1788 1943 1900 1976 nequit,
1920 1943 1963 1969 seu
1983 1943 2131 1977 impatiens.
2187 1946 2311 1972 Afranius
2323 1947 2392 1982 apud

230 1990 302 2016 Fam.
316 1996 343 2022 7,
354 1989 396 2014 26.
451 1985 572 2019 Prolapsa
586 1983 709 2010 intestina
722 1982 841 2010 Scribon.
854 1985 912 2008 206.
966 1981 1056 2008 Soluta
1071 1981 1156 2008 intest.
1170 1980 1208 2006 Id.
1218 1983 1277 2013 236.
1290 1988 1323 2014 50
1338 1983 1412 2009 Non.
1426 1989 1450 2012 2,
1463 1988 1509 2013 435
1536 1979 1563 2005 Si
1576 1979 1691 2005 fecissem
1710 1977 1800 2012 paullo
1814 1978 1931 2013 saepius,
1946 1978 2074 2006 didicisset
2087 1980 2109 2006 is
2122 1980 2211 2014 ferre,
2230 1988 2256 2008 et
2271 1991 2326 2009 non
2340 1983 2391 2010 effe

229 2023 368 2051 Direetum
385 2021 540 2048 intestinum
560 2019 598 2045 Id.
619 2028 672 2052 142.
735 2019 887 2045 Extremum
908 2017 1061 2044 intestinum
1081 2016 1233 2050 prolabitur
1251 2021 1277 2042 et
1340 2015 1529 2044 intolerabilis.

229 2059 336 2089 excidit,
350 2056 440 2092 prodit
458 2056 497 2082 Id.
510 2064 566 2088 232.
639 2054 753 2089 Metaph.
770 2055 896 2080 Perurere
914 2053 1036 2080 intestina
1058 2052 1168 2078 alicuius
1182 2051 1279 2078 Catuli.
1378 2058 1421 2079 IN
1431 2059 1452 2078 T
1461 2058 1480 2078 O
1489 2057 1529 2077 LE
1540 2056 1560 2076 R
1572 2056 1618 2076 AB
1629 2057 1637 2075 1
1648 2057 1664 2075 L
1674 2046 1740 2075 fTE
1750 2056 1778 2075 R.
1806 2047 1875 2075 Adu.
1913 2048 2065 2084 [οἷτλῆτως]
2100 2051 2232 2079 (ζοῐιηῃρι,
2248 2061 2265 2084 1,
2278 2063 2297 2087 4
2322 2054 2389 2081 Sunt

230 2097 301 2130 76,3
320 2102 391 2130 aegre
406 2092 504 2133 facere.
575 2089 665 2115 Celsus
678 2099 704 2122 4,
723 2092 751 2115 16
781 2090 812 2115 In
832 2089 884 2115 hoc
904 2089 998 2122 vtique
1021 2088 1148 2114 adhibere
1171 2092 1278 2122 oportet
1340 2087 1469 2124 quaedam
1488 2086 1554 2115 loca,
1567 2093 1634 2120 quae
1649 2084 1767 2111 solstitiis
1784 2085 1873 2110 minus
1891 2085 2085 2117 concalescunt,
2106 2087 2150 2113 sed
2166 2088 2315 2124 frigoribus
2332 2089 2391 2117 hie.

230 2129 447 2164 comprimentia,
468 2135 523 2161 quo
542 2125 647 2152 facilius
666 2123 774 2151 tenendi
789 2123 893 2158 aliquid
911 2124 1042 2150 intestiniS
1058 2124 1099 2149 vis
1118 2122 1156 2149 fit.
1230 2123 1278 2148 La·
1341 2124 1393 2151 mis
1406 2121 1615 2149 intolerabiliter
1628 2120 1747 2151 horrent.
1817 2120 1930 2155 Compar.
1950 2121 2019 2148 Suet.
2033 2123 2104 2148 Caes.
2118 2132 2140 2149 c.
2150 2129 2190 2158 78.

230 2172 287 2193 tum
304 2164 456 2190 intestinum
470 2160 603 2188 interdum
611 2159 765 2194 glutinatur
779 2159 846 2186 Cels.
859 2167 886 2193 7,
900 2161 937 2186 16.
993 2159 1070 2186 idem
1083 2167 1106 2190 2,
1120 2167 1130 2185 1
1151 2158 1277 2184 Tenuio-
1293 2157 1323 2184 55
1378 2166 1389 2184 1
1399 2166 1420 2184 Ν
1431 2164 1453 2184 Τ
1467 2164 1487 2183 o
1499 2164 1515 2182 L
1525 2164 1541 2183 E
1551 2164 1599 2183 ΚΑ
1609 2163 1642 2183 BI
1653 2163 1668 2181 L
1679 2163 1688 2181 1
1700 2161 1751 2182 TA
1760 2162 1773 2182 s
1782 2175 1791 2187 2
1808 2156 1866 2182 atis.
1892 2155 1911 2182 f.
1946 2156 2100 2188 οἰνυποιςότης
2114 2159 2193 2185 6101Γ.
2206 2159 2263 2186 Lat.
2277 2161 2324 2187 Gr.

233 2201 272 2229 ris
285 2200 400 2227 intestini
414 2198 539 2230 morbus,
558 2205 638 2231 quem
652 2195 723 2221 ileon
737 2196 885 2221 nominant.
1379 2201 1388 2220 1
1400 2200 1422 2219 N
1431 2200 1453 2220 ‘r
1462 2199 1481 2219 o
1491 2199 1508 2218 1.
1519 2197 1535 2218 E
1547 2199 1566 2218 R
1576 2199 1597 2218 A
1607 2198 1630 2217 Ν
1642 2198 1661 2217 D
1671 2198 1691 2217 V
1702 2198 1730 2223 S,
1748 2200 1775 2222 a,
1793 2200 1846 2217 um.
1874 2191 1935 2218 Adi.
1971 2192 2127 2229 [ἀφόρητος]
2164 2195 2230 2222 Idem
2243 2196 2309 2231 quod
2320 2197 2390 2223 [nto.

267 2243 277 2262 1
287 2243 308 2261 N
318 2242 339 2261 '1'
350 2241 416 2262 EST
427 2237 463 2259 ῐΝ
476 2240 495 2258 v
505 2240 534 2265 s,
553 2233 572 2259 i.
595 2241 630 2258 m.
669 2231 733 2257 Plin.
748 2239 780 2261 11,
792 2238 824 2265 37
837 2231 855 2256 s.
869 2235 901 2264 78
927 2228 1069 2255 Intestinus
1083 2227 1156 2253 enim
1171 2226 1280 2261 quibus·
1340 2229 1462 2256 [erabilis.
1500 2228 1557 2253 Cic.
1571 2228 1648 2254 Verr.
1662 2235 1683 2260 5,
1702 2234 1741 2256 118
1766 2228 1790 2252 O
1804 2236 1927 2261 magnum
1946 2234 2025 2263 atque
2039 2229 2237 2258 intolerandum
2256 2231 2390 2260 dolorem.

232 2271 291 2298 dam
305 2271 337 2297 ab
352 2279 398 2297 ore
414 2267 678 2304 incipiens,quadam
692 2267 736 2293 via
751 2265 845 2292 eodem
858 2265 1015 2296 reflectitur,
1029 2269 1056 2290 vt
1066 2263 1158 2297 sepiae,
1171 2263 1279 2297 polypo·
1341 2264 1480 2291 Barbaries
1493 2263 1618 2294 immanis
1631 2269 1709 2297 atque
1721 2262 1886 2289 intoleranda
1906 2263 1962 2289 Cic.
1977 2273 2027 2297 pro
2041 2265 2116 2292 Font.
2129 2274 2163 2300 34
2176 2276 2197 2293 c.
2213 2269 2250 2293 16.
2322 2269 2398 2295 Cru-*

232 2309 324 2342 Nempe
343 2305 499 2332 intestinum
517 2304 615 2340 viscus,
636 2302 775 2329 Intestinus
795 2303 901 2328 canalis.
937 2299 979 2334 Est
994 2304 1058 2326 enim
1074 2296 1236 2326 Adieffnmm
1251 2304 1281 2324 ve
1343 2301 1424 2326 riatur
1437 2297 1601 2324 intolerandi
1619 2298 1680 2324 Liu.
1695 2306 1741 2332 24,
1755 2306 1776 2330 5.
1848 2298 1958 2331 Frigora
1978 2299 2052 2325 Idem
2063 2309 2105 2333 22,
2119 2309 2137 2326 1.
2190 2302 2193 2303 ⁷
2208 2303 2302 2328 Hiems
2318 2303 2388 2329 into-

222 2341 314 2376 statim
328 2342 471 2368 uidebimus.
1195 2368 1200 2373 ῃ
1292 2331 1327 2356 60
1343 2335 1448 2362 leranda
1468 2333 1652 2369 prodigiisque
1668 2333 1768 2360 diuinis
1789 2333 1879 2360 similis
1897 2334 1957 2359 Liu.
1972 2342 1995 2366 ς,
2010 2342 2048 2367 14.
2061 2330 2071 2343 ⁸
2120 2336 2265 2370 Imperium
2286 2338 2387 2364 Sallust.
2412 2360 2417 2361 .

268 2385 308 2404 lN
322 2384 344 2404 Τ
355 2384 372 2404 Ε
383 2383 396 2403 s
408 2384 429 2403 T
439 2379 481 2403 ῐΝ
491 2382 550 2407 vs,
568 2383 598 2405 a,
616 2383 670 2401 um.
692 2373 752 2400 Adi.
788 2373 837 2400 Pro
852 2373 983 2398 interiore.
1000 2370 1124 2397 Intestina
1139 2369 1226 2404 pestm,
1238 2375 1279 2403 ap.
1343 2371 1422 2398 Catil.
1436 2379 1457 2396 c.
1471 2378 1506 2395 10.
1580 2369 1679 2396 Libido
1700 2369 1759 2396 Liu.
1773 2377 1813 2403 27,
1829 2378 1862 2401 31.
1935 2368 2008 2395 Idem
2025 2378 2051 2401 9,
2067 2378 2076 2395 1
2086 2376 2130 2405 pr.
2154 2371 2201 2397 Dii
2214 2371 2333 2399 vindices
2346 2372 2387 2398 in-

231 2413 342 2440 Liuium
379 2432 385 2439 .
423 2431 430 2438 .
463 2419 510 2447 pro
521 2411 695 2437 conjuratione
713 2411 821 2435 maxima
842 2414 864 2434 et
880 2406 1089 2442 periculosifflma.
1124 2407 1164 2436 Et,
1178 2404 1280 2431 Intessi-
1341 2405 1494 2433 tolerandae
1514 2406 1668 2439 Superbiae.
1745 2404 1959 2435 Intolerandum,
1983 2404 2184 2432 Aduerbialiter¹:
2202 2407 2288 2443 ,Gell.
2308 2415 2354 2442 17,
2373 2409 2402 2438 ε’

231 2458 264 2475 113
278 2447 425 2479 discordia,
439 2447 506 2483 apud
523 2446 622 2472 eundem
637 2455 661 2480 9,
682 2465 688 2471 .
710 2467 715 2472 .
731 2452 781 2480 pro
799 2444 875 2470 Ciuili
895 2436 1029 2478 disborde'a.
1101 2441 1204 2467 Bellum
1220 2439 1277 2466 Cic.
1342 2442 1403 2468 Olla
1417 2443 1477 2468 oleo
1492 2441 1608 2474 indiget,
1622 2447 1660 2471 et,
1673 2446 1702 2467 vt
1715 2440 1797 2467 video
1811 2440 2008 2467 intolerandum
2021 2440 2118 2467 feruet,

231 2485 309 2511 Catil.
324 2493 348 2515 2,
365 2489 391 2513 28
405 2492 426 2509 c.
442 2491 476 2515 ¹3·
548 2482 634 2508 Dolor
655 2480 728 2507 Idem
742 2481 814 2506 Fam.
829 2488 857 2512 4,
871 2486 892 2512 ς.
965 2479 996 2504 Et
1009 2477 1041 2504 ad
1053 2478 1126 2504 Brut.
1147 2485 1184 2508 10,
1200 2484 1208 2501 1
1236 2477 1278 2501 ln-
1378 2484 1387 2502 1
1398 2483 1449 2502 NT
1459 2483 1478 2502 o
1489 2482 1503 2501 L
1515 2482 1530 2500 E
1540 2482 1588 2501 ΒΑ
1598 2482 1618 2500 N
1630 2483 1660 2507 s,
1675 2476 1751 2501 antis.
1774 2476 1834 2502 Adi.
1872 2475 2025 2511 [ἄτλητῶν]
2060 2477 2113 2511 Qui
2125 2477 2230 2503 tolerare
2242 2485 2291 2502 non
2299 2474 2392 2511 potest,

232 2520 360 2555 grauescit
380 2519 453 2544 enim
470 2518 498 2544 in
512 2517 567 2544 dies
582 2516 734 2543 intestinum
747 2515 869 2547 Malum,
889 2522 936 2540 nec
955 2513 1070 2540 externis
1089 2512 1206 2539 hostibus
1224 2519 1278 2536 ma-
1295 2510 1327 2542 6,-
1343 2513 1496 2547 Impaticns,
1509 2514 1645 2545 impotens,
1660 2518 1689 2536 vt
1702 2509 1822 2536 indicens
1836 2518 1859 2536 et
1869 2510 1974 2543 similia.
2031 2511 2091 2537 Liu.
2105 2520 2132 2544 9,
2148 2517 2172 2542 18
2200 2513 2231 2539 Et
2251 2512 2390 2546 loquimur

233 2556 272 2591 gis
287 2564 366 2590 quam
382 2553 530 2580 domesticis
544 2553 703 2579 laboramus.
775 2551 835 2577 Liu.
849 2559 874 2582 2,
888 2558 917 2582 23
927 2556 970 2584 pr.
1002 2549 1104 2575 Ciuitas
1124 2549 1209 2574 secum
1224 2547 1279 2581 ipsa
1343 2547 1375 2573 de
1390 2547 1539 2573 Alexandro
1553 2545 1672 2571 nondum
1684 2546 1768 2572 merso
1782 2545 1899 2571 secundis
1911 2545 2007 2577 rebus,
2026 2555 2138 2581 quarum
2150 2556 2230 2573 nemo
2244 2548 2389 2574 intoleran-

232 2592 330 2618 discors
344 2589 469 2617 intestino
488 2589 557 2614 inter
569 2589 654 2614 Patres
674 2586 832 2621 plebemque
850 2586 977 2620 flagrabat
990 2584 1071 2611 Odio.
1127 2583 1199 2610 Idem
1214 2591 1232 2612 Ι.
1246 2588 1280 2614 48
1342 2584 1398 2610 tior
1419 2582 1479 2609 fuit.
1516 2581 1589 2617 Conf.
1607 2581 1662 2608 Val.
1673 2582 1743 2607 Max.
1759 2587 1878 2616 4,7⁴ext.
1891 2589 1915 2607 2.
1969 2582 2054 2607 Curae
2073 2581 2259 2615 intoleranter,
2279 2586 2298 2610 i.
2321 2585 2391 2611 Into.

231 2626 271 2654 Ni
286 2626 366 2653 scelus
385 2624 540 2652 intestinum
553 2622 705 2650 liberandae
718 2623 816 2657 patriae
836 2621 944 2648 consilia
956 2619 1073 2655 agitandi
1094 2619 1280 2646 interueniffet.
1343 2618 1458 2647 Ierandae
1473 2619 1551 2644 Laeu-
1566 2618 1633 2651 apud
1653 2616 1720 2642 Gell.
1742 2624 1780 2649 19,
1800 2625 1826 2651 7.
1894 2617 2016 2650 Corpora
2033 2617 2133 2644 laboris
2155 2619 2390 2651 intolerantissima,

234 2663 323 2698 Opus,
345 2661 416 2698 de
431 2658 536 2697 fastum
555 2657 588 2691 Ψ
601 2669 630 2684 ex
643 2660 712 2694 ligno
724 2658 873 2693 fabrorum:
891 2656 991 2682 duston,
1005 2656 1110 2683 Batiam.
1147 2654 1235 2680 Varro
1249 2654 1280 2679 de
1344 2655 1369 2682 h.
1384 2664 1403 2680 c.
1426 2653 1640 2688 Impatientsffima
1654 2653 1713 2678 Liu.
1730 2660 1768 2684 10,
1783 2657 1819 2681 28.
1846 2652 1930 2688 ·C0⁷²f·
1950 2652 1988 2678 Id.
2009 2660 2032 2684 5,
2051 2662 2095 2686 49.
2168 2655 2256 2681 Tacit.
2279 2657 2347 2681 Ann.
2367 2663 2393 2688 3,

235 2698 266 2725 R.
281 2699 311 2724 R.
327 2707 350 2730 3,
364 2706 374 2724 1
398 2698 489 2730 Quum
509 2695 602 2721 villam
624 2693 732 2720 haberes
752 2702 832 2728 opere
846 2692 979 2721 10810110,
1000 2698 1026 2718 ct
1041 2689 1182 2721 intestino,
1197 2699 1225 2716 ac
1239 2698 1280 2723 pa·
1294 2698 1330 2723 70
1344 2698 1376 2724 45
1397 2691 1504 2724 Qianto
1520 2684 1706 2715 intolerantior
1720 2687 1838 2714 Seruitus
1851 2688 1950 2714 iterum
1962 2687 2050 2714 viffls.
2087 2688 2154 2715 Add.
2168 2689 2207 2716 Id.
2221 2689 2259 2717 ib.
2275 2699 2306 2722 11,
2321 2698 2391 2724 1055.
2435 2711 2443 2719 .

235 2734 359 2760 vimentis
390 2731 529 2759 nobilibus
554 2729 712 2757 lithostrotis
736 2728 911 2763 spectandam.
953 2726 1012 2754 Via.
1033 2726 1135 2762 Salmas.
1156 2729 1185 2753 in
1203 2726 1281 2753 Solin.
1346 2726 1413 2753 Gell.
1429 2734 1462 2757 13,
1477 2730 1490 2755 8
1510 2723 1589 2751 Nihil
1604 2724 1662 2750 fieri
1677 2724 1744 2759 poll'e
1760 2723 1895 2758 indignius
1916 2732 2002 2758 neque
2017 2724 2211 2752 intolerantius,

235 2778 261 2805 p.
281 2776 341 2803 727,
353 2768 381 2795 b,
1381 2769 1390 2788 1
1401 2769 1421 2788 N
1431 2769 1452 2787 T
1463 2768 1481 2787 0
1493 2767 1507 2786 L
1518 2767 1533 2786 i:
1546 2767 1562 2785 R
1573 2767 1594 2786 A
1604 2767 1625 2786 N
1636 2766 1656 2785 T
1668 2766 1683 2785 F.
1693 2765 1721 2785 R.
1745 2758 1813 2785 Adu.
1850 2758 2010 2794 [daupja-os)
2048 2762 2206 2795 Impotcuter.
2241 2761 2297 2788 Cic.
2305 2761 2390 2790 Ture.

274 2811 284 2830 1
293 2810 344 2831 NT
353 2811 368 2831 E
378 2812 396 2831 x
405 2811 440 2836 o,
462 2801 556 2834 texui,
576 2806 676 2827 textum
685 2819 694 2832 ,
719 2800 772 2826 ere.
808 2798 956 2831 [ἕννφαίνω]
998 2797 1072 2824 Telae
1090 2796 1193 2827 addere,
1207 2802 1231 2822 ct
1244 2805 1283 2832 ge·
1346 2806 1372 2829 2,
1385 2806 1415 2823 22
1429 2806 1449 2823 c.
1464 2805 1492 2822 io
1513 2795 1688 2822 intoleranter
1702 2794 1801 2822 dolere.
1868 2795 1981 2830 Compar.
2000 2795 2072 2821 Idem
2089 2796 2120 2822 de
2132 2797 2206 2824 Orat.
2218 2805 2243 2829 2,
2255 2805 2308 2830 209
2326 2807 2348 2824 c.
2359 2805 2390 2828 52

236 2842 317 2866 nerali
329 2840 470 2876 metaphora
480 2835 620 2867 inmane,
633 2836 765 2861 inuoluere.
801 2834 857 2860 Cic.
873 2835 902 2860 in
916 2833 1006 2860 Partit.
1022 2841 1050 2858 12
1064 2842 1085 2858 c.
1099 2842 1118 2865 4
1142 2832 1221 2858 Laeta
1236 2833 1283 2859 tri·
1346 2832 1532 2859 Intolerantius
1545 2832 1571 2857 se
1586 2831 1693 2858 iac‘lare.
1761 2831 1855 2866 Superi.
1872 2831 1928 2857 Cic.
1944 2831 1972 2857 in
1981 2831 2070 2857 Vatin.
2086 2841 2116 2864 29
2129 2841 2149 2858 c.
2166 2841 2191 2859 12
2216 2834 2248 2859 Et
2261 2833 2389 2867 quonjam
2433 2835 2443 2859 j

236 2875 328 2906 stibus,
343 2875 512 2902 incredibilia
526 2870 712 2908 probabilibus
724 2870 878 2896 inteximus.
951 2868 1027 2895 Fac'ta
1040 2868 1150 2894 alicuius
1167 2869 1283 2894 intexere
1296 2871 1329 2899 75
1347 2869 1469 2904 pecunias
1480 2868 1595 2894 aliorum
1609 2867 1733 2900 despicis,
1750 2865 1782 2892 de
1795 2867 1847 2892 tuis
1862 2866 1966 2892 diuitiis
1983 2867 2353 2902 intolerantiffimegloriaris.

238 2911 336 2937 chartis
349 2911 458 2937 Tibull.
473 2919 499 2943 4,
513 2918 534 2941 1,
548 2916 569 2941 ς.
642 2909 745 2941 Proprie
763 2906 828 2931 Pliu.
842 2914 874 2936 13,
890 2912 911 2930 11
938 2905 970 2931 Et
983 2911 1071 2930 tamen
1084 2903 1168 2930 adhuc
1181 2904 1282 2930 malunt
1383 2912 1391 2930 1
1403 2912 1421 2930 N
1432 2911 1453 2929 Τ
1464 2910 1482 2930 0
1492 2909 1533 2929 LE
1542 2910 1561 2929 R
1570 2910 1591 2929 Α
1601 2910 1623 2928 N
1634 2910 1655 2929 T
1666 2910 1674 2928 1
1685 2909 1705 2928 Α
1714 2921 1723 2934 ,
1742 2911 1781 2928 ae.
1803 2902 1822 2928 f.
1860 2902 1953 2936 Paffiue
1965 2905 2079 2937 capitur,
2093 2903 2160 2939 quast
2172 2911 2200 2930 tu
2213 2902 2389 2930 intolerabili-

237 2946 328 2973 Parthi
340 2946 453 2972 vestibus
467 2946 569 2972 Litcras
583 2944 711 2970 intexere.
781 2942 837 2968 Cic.
852 2941 905 2966 Att.
922 2949 954 2972 13,
969 2948 995 2966 12
1013 2940 1065 2965 Scis
1079 2949 1121 2965 me
1135 2945 1208 2965 antea
1223 2948 1282 2965 ora·
1345 2945 1425 2966 tatem
1441 2939 1541 2965 diceres.
1579 2939 1634 2965 Cic.
1650 2947 1697 2972 pro
1713 2937 1818 2964 Clueut.
1835 2946 1875 2964 112
1890 2948 1911 2964 c.
1926 2946 1962 2970 40
1983 2938 2050 2971 Qus
2063 2948 2124 2965 eum
2137 2948 2197 2965 cum
2209 2938 2255 2964 illa
2269 2938 2390 2972 superbia

238 2981 324 3008 tiones
337 2988 381 3008 aut
400 2980 503 3016 aliquid
521 2979 550 3006 id
568 2988 648 3014 genus
666 2977 774 3004 solitum
794 2976 924 3007 scribere,
945 2981 974 3002 vt
987 2977 1136 3002 Varronem
1155 2984 1284 3010 nusquam
1346 2981 1425 3009 atque
1444 2974 1614 3000 intolerantia
1635 2974 1705 3000 ferre
1726 2974 1864 3007 potuisset?
1919 2974 1992 2999 Idem
2007 2975 2038 2999 de
2053 2974 2081 3000 L.
2091 2974 2200 3009 Agraria
2214 2982 2225 2999 2
2240 2983 2261 2999 c.
2275 2982 2296 3005 13
2322 2974 2390 3001 Νοη

539 611 566 633 et
578 613 611 631 eo
623 603 737 639 amplius
756 606 802 635 (vt
817 601 925 636 quidam
934 604 1044 636 putant)
1063 608 1131 626 neue
1144 598 1191 633 ipfl
1205 597 1274 624 dica·
1375 606 1416 626 IN
1426 605 1449 626 'r
1458 605 1468 624 1
1477 603 1563 626 MA'r
1572 605 1583 624 1
1594 604 1612 624 o
1623 618 1631 630 ‚
1651 598 1719 624 onis.
1740 598 1759 624 f.
1795 597 2032 632 Martian.Capella
2044 605 2071 630 9,
2108 617 2115 623 .
2153 616 2160 623 .
2196 594 2379 623 Intimationis

252 684 292 711 uis
306 683 340 709 ob
353 679 482 707 famosum
494 676 594 702 crimen
605 676 761 706 danmetur,
773 673 1002 700 Senatusconsulto
1015 671 1159 705 expressum
1173 669 1225 701 est,
1244 673 1275 694 vt
1375 678 1415 697 ΙΝ
1426 676 1449 697 ¹1·
1459 675 1503 696 1M
1512 671 1587 696 ᾹΤΟ
1597 676 1632 701 R,
1653 669 1717 694 oris.
1742 677 1779 695 m.
1815 668 1914 696 Stultus
1934 676 2025 695 rerum
2037 667 2177 695 intimator
2195 666 2340 701 capitolin.
2352 665 2382 693 in
2423 659 2433 691 ἶ»
2456 661 2458 665 ’

622 158 892 205 ΙΝΤ
1739 150 2008 192 INT
2219 166 2407 194 ·1zoo-

230 263 261 290 Et
291 260 309 287 si
337 258 471 286 intestatus
503 264 558 283 non
581 253 649 282 abeo
681 253 760 285 hinc,
776 251 842 278 bene
872 247 962 282 agitur
993 253 1044 280 pro
1068 244 1156 272 1101113.
1226 241 1270 270 Sic
1311 236 1316 237 ⁷
1334 244 1375 271 tio
1386 244 1484 272 etenim
1498 252 1530 271 ex
1543 240 1706 282 indulgentia
1719 241 1861 277 principali
1880 240 1964 273 faeta,
1977 240 2087 275 perinde
2103 239 2174 270 valet
2186 241 2255 277 apud
2273 246 2377 276 praeto·
2421 255 2425 258 >

1333 289 1392 307 rem
1404 280 1447 308 vel
1460 279 1600 315 praesidem
1614 279 1752 310 intimata,
1768 287 1796 304 ac
1811 277 1828 303 fi
1848 285 1893 311 per
1911 277 2040 312 populum
2053 277 2112 304 iure
2130 278 2243 313 antiquo
2257 276 2326 304 fafita
2339 278 2377 304 es·
2413 298 2418 303 .

239 3018 335 3051 possem
355 3018 482 3044 intexere.
502 3019 521 3043 1“.
541 3016 599 3042 Eum
617 3016 750 3050 loquentem
769 3012 896 3043 inducere,
910 3018 938 3038 vt
957 3010 987 3045 fit
1008 3014 1035 3037 in
1054 3013 1179 3051 Diaiogis.
1211 3011 1284 3038 Alibi
1346 3012 1513 3045 priuatorum
1529 3010 1674 3043 insuniam,
1688 3010 1730 3035 scd
1744 3009 1941 3035 intolerantiam
1955 3018 2046 3043 regum
2060 3010 2108 3036 esse
2121 3009 2220 3036 dicetis.
2278 3010 2389 3037 Morum
2424 3028 2426 3031 ψ
2443 3014 2466 3044 a).

238 3053 376 3079 Includere
397 3054 473 3079 dixit.
528 3050 621 3077 Eidem
639 3059 670 3081 13,
692 3057 725 3076 22
749 3048 796 3075 Te
818 3054 907 3073 autem
928 3045 1085 3080 οἷσμενέςατα
1105 3047 1224 3080 urtexui,
1245 3047 1282 3073 fa·
1299 3043 1332 3069 80
1346 3046 1516 3073 intolerantia
1530 3045 1598 3072 Suet.
1611 3045 1708 3071 Tiber.
1724 3053 1745 3071 c.
1759 3053 1794 3077 51.
1829 3044 1885 3070 isid.
1900 3044 1967 3071 Gell.
1983 3053 2022 3079 17,
2038 3053 2074 3077 ¹9·

239 3088 361 3123 ciamque
376 3088 502 3116 crebrius.
526 3088 564 3114 De
576 3084 796 3120 Academicissuis
808 3083 889 3110 libris.
1384 3089 1426 3108 IN
1440 3089 1461 3108 T
1473 3089 1491 3107 o
1505 3088 1519 3106 L
1531 3088 1590 3110 Lo,
1615 3083 1668 3107 erc.
1711 3080 1822 3113 Touere,
1838 3080 1959 3107 extollere.
1995 3080 2074 3116 Apul.
2092 3080 2156 3106 Met.
2178 3085 2192 3109 8
2213 3088 2237 3113 p.
2254 3087 2298 3113 213
2329 3081 2390 3108 Cla·
2455 3075 2458 3078 ⁴

278 3131 286 3149 1
300 3130 319 3148 Ν
332 3130 353 3151 Τ
365 3131 408 3150 Ex
421 3132 436 3150 E
447 3132 467 3150 N
478 3131 489 3150 s
499 3142 506 3153 ,
525 3121 600 3148 entis.
621 3121 713 3148 Partic.
752 3119 826 3153 Virg.
836 3119 899 3145 Aen.
915 3124 940 3151 7,
954 3122 1001 3150 488
1021 3117 1150 3143 Mollibus
1164 3117 1282 3144 intexens
1344 3126 1431 3145 mores
1445 3116 1556 3143 absonos
1571 3116 1707 3142 intollunt.
2436 3114 2437 3117 ’

241 3159 351 3185 ornabat
371 3168 469 3188 cornua
489 3158 573 3186 sertis.
629 3159 660 3184 Et
680 3156 732 3183 Ecl.
753 3163 778 3187 2,
797 3163 832 3189 49
858 3153 926 3180 Aliis
946 3152 1063 3178 intexens
1081 3153 1204 3179 suauibus
1225 3153 1284 3179 her·
1385 3159 1484 3180 1NTO
1496 3160 1515 3178 N
1527 3158 1544 3178 D
1556 3158 1571 3177 F
1583 3159 1617 3182 ο,
1638 3151 1682 3183 di,
1710 3152 1784 3186 sun-1,
1808 3154 1861 3177 ere.
1898 3150 2054 3186 [περικάρω]
2088 3150 2126 3175 Ex
2140 3155 2216 3186 parte
2233 3151 2319 3186 aliqua
2335 3157 2391 3177 ton-

241 3194 298 3226 bis,
316 3202 362 3221 etc.
1349 3188 1414 3215 dere.
1451 3188 1583 3215 Columel.
1597 3196 1623 3219 2,
1638 3195 1648 3219 3
1680 3188 1714 3213 Vt
1733 3193 1792 3213 ante
1811 3195 1892 3220 quam
1911 3186 2062 3213 translatum
2074 3184 2203 3219 deponas,
2215 3194 2307 3213 omnes
2319 3187 2392 3214 radi-

278 3237 287 3255 1
297 3237 318 3256 N
327 3236 347 3255 Τ
358 3237 374 3257 13
384 3238 403 3257 x
415 3236 436 3256 T
448 3236 469 3255 V
478 3236 491 3256 S
500 3249 507 3262 ,
525 3237 539 3255 a
548 3248 556 3260 ‚
574 3236 627 3254 um.
652 3228 720 3253 Part.
755 3224 813 3252 Cic.
827 3224 858 3250 de
872 3224 908 3251 N.
923 3224 956 3250 D.
969 3232 995 3255 2,
1011 3228 1049 3255 138
1063 3231 1085 3249 c.
1098 3230 1125 3261 55
1151 3223 1285 3257 Vtracque
1298 3225 1328 3254 85
1347 3225 1416 3251 culas
1430 3229 1562 3259 amputes,
1577 3229 1601 3249 et
1614 3222 1740 3249 fibrarum
1754 3223 1865 3249 stumnas
1878 3228 1962 3256 partes
1976 3219 2120 3247 intondeas.
2140 3221 2168 3247 de
2176 3228 2262 3256 porro.
2389 3242 2391 3244 .

243 3271 330 3291 autem
343 3265 449 3292 crebrae
462 3264 612 3298 multaeque
625 3268 684 3289 toto
704 3269 817 3295 corpore
833 3261 957 3291 intextae,
970 3266 1015 3285 cte.
1043 3280 1046 3282 .
1074 3259 1193 3284 Britanni
1209 3259 1284 3293 Virg.
1387 3266 1486 3287 111Το
1498 3267 1517 3286 Ν
1528 3267 1540 3286 s
1550 3266 1570 3284 v
1580 3267 1592 3286 s
1603 3278 1610 3291 ,
1635 3267 1663 3290 a,
1687 3267 1740 3284 um.
1767 3257 1825 3284 Adi.
1863 3256 2002 3291 [Alma-ror]
2041 3257 2097 3281 Non
2111 3257 2205 3291 tonsus.
2242 3257 2306 3283 Plin.
2320 3259 2345 3288 6,
2360 3263 2390 3289 28
2434 3267 2436 3271 ’
2466 3264 2469 3271 ¹

244 3300 342 3335 Georg.
357 3309 375 3333 3,v
391 3308 429 3333 25.
500 3300 625 3330 chlamys
640 3298 739 3324 intexta
756 3296 838 3323 variis
852 3295 989 3322 coloribus
1010 3293 1084 3320 Au&-
1098 3294 1129 3319 nd
1145 3294 1243 3319 Heren-
1256 3304 1284 3327 4,
1348 3296 1448 3322 Arabes
1463 3296 1562 3321 mitrati
1576 3295 1688 3329 degunt,
1702 3299 1747 3319 aut
1759 3293 1865 3319 intonso
1878 3293 1951 3319 crine
1964 3290 2044 3317 barba
2057 3290 2192 3318 abraditur
2205 3299 2390 3327 praeterquam
2434 3291 2435 3295 ’

243 3338 278 3362 60
292 3345 312 3362 c.
328 3344 372 3370 47.
409 3337 484 3370 Opus
504 3336 635 3361 intextum
647 3333 727 3359 tauris
746 3332 823 3366 Virg.
839 3332 903 3357 Aen.
919 3339 957 3363 10,
971 3335 1026 3365 785.
1065 3329 1131 3356 Add.
1147 3329 1184 3355 ib.
1199 3337 1221 3361 5,
1236 3338 1285 3363 ²55·
1348 3332 1377 3358 in
1398 3329 1535 3365 superiore
1555 3330 1639 3357 labro.
1712 3328 1792 3355 Ouid.
1807 3328 1872 3355 Fast.
1888 3337 1910 3359 2,
1923 3335 1953 3359 3ο
1986 3327 2044 3352 Hoc
2064 3327 2132 3360 apud
2154 3327 2270 3353 intonsos
2290 3337 2389 3356 nomen

280 3378 289 3396 1
299 3378 375 3398 NTE
385 3379 403 3398 x
413 3377 433 3396 T
444 3379 463 3397 v
473 3377 503 3403 s,
522 3369 560 3396 sis.
585 3379 622 3396 111.
657 3366 722 3395 Psin.
736 3376 761 3400 2,
776 3372 789 3396 8
814 3368 917 3393 Intextu
932 3370 1075 3392 concretus.
1348 3366 1461 3392 habebat
1475 3375 1547 3392 auos.
1582 3366 1692 3391 Veteres
1709 3365 1780 3390 enim
1799 3368 1908 3398 propter
1924 3362 2089 3387 seueritatem
2110 3361 2205 3389 hirfiiti
2224 3370 2314 3396 erant,
2331 3363 2391 3398 teste

283 3413 352 3433 iNT
364 3413 382 3432 11
393 3413 411 3433 R
423 3412 443 3434 ο
453 3413 473 3432 Ν
483 3413 562 3438 izo,
586 3409 639 3432 are.
683 3402 854 3430 Sollemnitcr
891 3401 1086 3428 inthronizatus
1120 3399 1155 3426 est
1188 3399 1285 3427 Sarisb.
1299 3410 1335 3433 90
1349 3401 1545 3436 Porphyrione:
1573 3400 1641 3427 vnde
1654 3401 1783 3426 Catonem
1802 3398 1933 3425 intonsum
1948 3398 2032 3427 (Hor.
2047 3397 2096 3424 Od.
2111 3406 2133 3430 2,
2148 3406 2183 3430 15,
2197 3401 2237 3430 11)
2255 3399 2389 3426 dixerunt.

246 3440 323 3474 Epist.
343 3451 399 3474 299.
538 3463 541 3465 .
1114 3464 1118 3467 ,
1350 3438 1452 3464 Primus
1471 3444 1558 3464 autem
1577 3437 1711 3463 tonsorem
1737 3436 1765 3461 in
1784 3433 1884 3461 Vrbem
1903 3431 1976 3458 duxit
1995 3433 2091 3467 Scipio.
2134 3433 2191 3459 th.
2213 3435 2335 3461 Brouckh.
2356 3435 2393 3462 ad

284 3482 556 3510 INTirunLIVM,
575 3476 596 3503 i.
616 3485 642 3501 n.
685 3473 751 3502 Vrbs
772 3473 908 3509 Liguriae,
932 3481 996 3498 nunc
1012 3470 1193 3506 Vintimiglia.
1230 3470 1286 3497 Cic.
1350 3473 1418 3499 Tib.
1440 3482 1463 3501 2,
1480 3482 1498 3504 1,
1512 3482 1552 3505 34.
1621 3471 1718 3505 Capilli
1738 3472 1804 3497 Hor.
1819 3467 1899 3502 Epod.
1921 3476 1955 3499 ις,
1975 3478 1998 3500 9.
2070 3470 2154 3503 Caput
2172 3469 2253 3496 Ouid.
2274 3470 2339 3496 Fast.
2359 3479 2389 3503 4,

247 3509 318 3535 Fam.
336 3518 357 3542 8,
372 3520 404 3543 ¹5-
1352 3512 1404 3540 653.
1441 3510 1498 3535 Scn.
1518 3507 1596 3543 Epist.
1616 3515 1638 3540 5.
1710 3507 1793 3532 Coma
1814 3505 1866 3530 cic,
1882 3503 1962 3529 'ruse
1977 3513 1988 3536 3
2010 3513 2030 3530 c.
2044 3506 2078 3530 26
2096 3514 2125 3530 cx
2138 3505 2226 3530 Accio.
2297 3506 2388 3532 Crinis

284 3551 326 3571 IN
339 3552 361 3571 Τ
372 3554 379 3570 1
390 3554 457 3573 MID
468 3552 494 3572 Ε.
516 3546 603 3573 Adu.-
619 3545 732 3580 Compar.
751 3543 884 3571 Ammian.
900 3546 941 3573 26,
957 3551 986 3576 17
1005 3542 1075 3568 Hinc
1090 3541 1286 3568 intimidiusin-
1350 3544 1458 3570 Tibull.
1473 3553 1492 3576 1,
1507 3554 1534 3576 4,
1550 3552 1589 3576 34.
1656 3542 1726 3568 Deus
1746 3539 1824 3568 Ouid.
1841 3538 1924 3565 'I'riit
1947 3547 1969 3571 3,
1991 3548 2009 3570 1,
2031 3541 2074 3565 60.
2147 3540 2276 3566 Homines
2291 3538 2387 3567 intonsi

247 3579 350 3606 cedenti
369 3589 414 3607 nec
433 3582 562 3608 resistebat
582 3581 709 3616 populus,
723 3589 770 3606 nec
788 3579 903 3606 fauebat.
944 3578 1002 3606 Vni.
1017 3578 1144 3604 Hadrian.
1164 3577 1243 3612 Voles.
1259 3580 1287 3602 in
1300 3581 1332 3607 93
1350 3586 1375 3605 et
1389 3579 1482 3605 inculti
1496 3580 1555 3605 ΜΗ,
1570 3587 1604 3610 η,
1616 3585 1643 3609 32
1665 3578 1693 3603 de
1705 3578 1816 3611 Alpinis.
1886 3574 2020 3601 Columcl.
2034 3583 2058 3609 7,
2073 3583 2085 3607 3
2103 3575 2203 3609 Igitur,
2217 3582 2246 3601 vt
2260 3575 2326 3608 dixi,
2338 3576 2388 3603 mi.

242 3615 402 3651 fiepplcmcnt.
421 3616 454 3641 ad
469 3624 592 3644 comment.
609 3619 709 3644 Fratris
722 3617 837 3643 chrici.
1350 3615 1449 3642 raberis
1464 3616 1536 3641 Oues
1549 3614 1662 3641 intonsas
1672 3633 1680 3645 ,
1698 3612 1797 3639 variam
1813 3615 1837 3635 ct
1851 3618 1939 3636 canam
1952 3619 2055 3636 comam
2069 3611 2243 3645 improbabis.

284 3658 323 3676 [N
334 3658 354 3677 T
365 3650 452 3682 ἴΜΟ,
476 3655 527 3677 ’ἴῃ-0.
563 3653 764 3686 [παραγγέλλω]
807 3651 969 3677 Denuntiare.
1007 3648 1148 3679 Intimare,
1167 3649 1284 3682 γνωρίσαι,
1388 3658 1428 3677 1N
1440 3650 1488 3677 Τό
1500 3657 1517 3675 Ν
1531 3656 1550 3676 0
1562 3670 1570 3682 ‚
1591 3649 1684 3679 tonui,
1709 3653 1760 3673 Ere.
1796 3644 1973 3679 [ἕμέροντοίω]
2011 3645 2078 3672 Idem
2096 3646 2160 3681 qumi
2183 3648 2294 3678 Tonare,
2310 3653 2333 3672 et
2344 3646 2388 3680 fi).

250 3686 394 3724 ἐμφανίσω,
414 3687 552 3720 (varnerium.
573 3688 680 3713 intimat
698 3688 834 3722 παρέχεται
847 3687 907 3712 Vct.
923 3684 1001 3710 Gloss.
1055 3683 1115 3710 Liu.
1137 3692 1165 3716 4,
1181 3687 1216 3717 46
1243 3685 1284 3709 111-
1349 3696 1405 3711 imm
1425 3690 1541 3712 enn'tterr.
1577 3685 1719 3710 Intonuere
1737 3681 1808 3715 poli,
1825 3688 1850 3706 et
1863 3680 1962 3708 crebris
1977 3681 2056 3707 micat
2070 3681 2175 3715 ignibus
2194 3681 2284 3707 aether
2310 3682 2387 3716 Virg.

249 3722 347 3747 nmaffe
361 3721 433 3751 filio,
445 3727 472 3747 vt
493 3721 590 3747 milites
609 3722 742 3749 scriberet.
780 3723 810 3749 In
824 3719 990 3754 vetusttffimis
1002 3719 1126 3745 codicibus
1139 3720 1230 3755 legitur
1244 3720 1285 3745 In·
1350 3722 1415 3748 Aen.
1432 3731 1448 3751 1,
1463 3731 1506 3754 90.
1577 3720 1632 3747 Cic.
1647 3718 1679 3744 de
1694 3717 1783 3743 Diuiu.
1798 3726 1817 3748 1,
1834 3719 1879 3742 106
1895 3726 1915 3742 c.
1929 3725 1963 3749 42
1993 3717 2110 3743 Partibus
2129 3717 2246 3743 intonuit
2265 3717 2330 3742 caeli
2345 3725 2387 3751 pa·
2407 3743 2409 3745 ,

249 3753 346 3782 stitisse.
402 3756 525 3783 Martian.
539 3757 643 3790 Capella
658 3767 666 3784 1
698 3759 770 3784 Haec
789 3766 871 3791 quum
889 3757 956 3782 Iuno
969 3753 1044 3781 affixa
1059 3755 1133 3785 Ioui,
1150 3755 1389 3783 acclinatis100ter
1403 3758 1456 3792 ipse
1475 3755 1591 3783 finistris.
1612 3756 1647 3780 Ex
1661 3755 1744 3779 Poeta.
1810 3752 1891 3778 Canis
1911 3752 2028 3778 intonuit
2048 3752 2149 3786 ingenti
2169 3751 2264 3777 latratu
2282 3752 2348 3779 Plin.
2363 3757 2388 3784 8,

249 3790 307 3828 eius
326 3791 433 3830 auribus
453 3792 595 3818 intimaret.
666 3793 844 3819 Praedeceffor
863 3801 937 3818 meus
951 3791 1110 3825 perennitati
1129 3789 1227 3816 vestrae
1247 3799 1287 3816 ra·
1350 3801 1395 3825 40.
1468 3791 1579 3825 metaph.
1600 3791 1714 3815 Fortuna
1729 3787 1800 3814 timul
1816 3787 2078 3822 intonuit,proxima
2087 3789 2204 3822 quaeque
2219 3786 2290 3821 fugat
2304 3786 2387 3814 Ouid.
2427 3787 2431 3794 “

251 3827 350 3851 tionem
370 3826 466 3852 dicitur
485 3827 612 3854 intimaffe
628 3827 772 3859 Symmach.
787 3829 832 3862 Ep.
853 3836 892 3859 10,
908 3836 953 3860 40.
1024 3826 1077 3852 Sub
1097 3825 1137 3851 his
1156 3832 1285 3860 quantum
1350 3829 1470 3854 ex-Pout.
1484 3836 1507 3858 ς,
1521 3834 1544 3858 3,
1558 3833 1602 3857 24.
1637 3823 1703 3850 Add.
1725 3823 1760 3849 ld.
1775 3823 1860 3850 Trist.
1881 3832 1899 3854 1,
1917 3833 1944 3856 4,
1959 3831 1995 3855 29.
2053 3823 2174 3850 Iracunde
2188 3822 2280 3855 dicere,
2295 3830 2317 3848 rt
2333 3832 2387 3849 cum
2429 3837 2431 3845 ι
2447 3827 2452 3837 ³

252 3858 335 3886 Roma
360 3862 515 3900 profecerit,
538 3862 657 3889 breuiter
681 3863 812 3889 intimabo
834 3863 857 3889 S.
878 3863 939 3889 Rus.
963 3871 985 3888 c.
1004 3870 1025 3893 3.
1061 3861 1135 3896 Cous.
1161 3861 1283 3887 Ambros.
1348 3864 1451 3898 quodam
1463 3865 1529 3888 vocis
1543 3863 1633 3894 impetu
1645 3860 1711 3894 loqui
1725 3859 1781 3885 Liu.
1798 3867 1818 3889 3,
1858 3878 1863 3884 -
1901 3878 1907 3884 ·
1946 3859 2001 3884 Cic·
2016 3867 2064 3892 pro
2077 3859 2195 3885 Muraen·
2210 3863 2234 3887 81
2249 3867 2271 3883 ‹⁸-
2284 3859 2386 3891 3813111

252 3900 318 3919 cont.
334 3897 421 3921 Arian.
440 3905 460 3921 c.
475 3902 496 3925 8.
539 3899 680 3932 Capitolini.
698 3899 726 3924 in
746 3899 807 3924 Ver.
828 3908 849 3924 c.
865 3906 883 3924 1.
920 3897 1051 3924 Annnian.
1072 3905 1114 3927 21,
1135 3905 1165 3922 11.
1221 3898 1283 3923 Am·
1348 3899 1420 3924 enim
1433 3897 1550 3924 hesterna
1561 3894 1687 3920 concione
1702 3895 1818 3921 intonuit
1832 3902 1884 3920 vox
1898 3894 2044 3929 perniciosa
2056 3892 2180 3929 designati
2191 3892 2324 3928 Collegae,
2338 3893 2388 3926 tui,

252 3927 339 3960 plexus
358 3930 479 3958 intimare
492 3932 567 3966 Apul.
581 3934 609 3959 in
623 3933 767 3960 Anechorn.
785 3933 803 3959 l.
817 3942 832 3960 2
846 3934 875 3960 C.
891 3933 930 3959 De
946 3931 1152 3967 adoptionibus,
1166 3932 1283 3967 Adroga-
1296 3936 1340 3963 [ος
1348 3941 1394 3960 etc.
1463 3931 1550 3959 Minas
1565 3930 1686 3958 intonare
1701 3929 1782 3957 Ouid.
1797 3931 1889 3957 Amor.
1904 3938 1924 3962 1,
1939 3936 1966 3964 7,
1980 3931 2026 3963 46.
2366 3960 2378 3968 υ

2295 3969 2388 3991 ΙΝΤΟ-
