2479 4225
270 198 334 240 275
653 168 921 215 DVC
1741 143 2016 188 DVC
2329 138 2403 189 276

274 275 307 301 G,
318 283 339 306 ι,
352 281 381 305 14
415 269 465 296 His
477 267 570 294 Caesar
588 265 625 292 ita
641 261 791 298 respondit,
811 267 843 285 eo
858 246 908 284 ¹sibi
926 252 1013 280 minus
1032 245 1206 278 dubitationis
1226 242 1298 270 dari:
1367 243 1464 278 Georg.
1478 250 1506 276 4,
1520 249 1581 276 207.
1652 239 1721 267 Hor.
1736 234 1814 270 Epist.
1830 242 1852 266 ε,
1866 243 1892 267 2,
1906 242 1954 261 202
1982 234 2047 261 Non
2065 238 2153 259 tamen
2165 228 2278 257 aduersis
2290 232 2403 254 aetatem
2448 257 2450 260 ‚

276 308 345 344 quod
358 315 399 333 eas
412 314 462 337 reS,
475 310 519 329 etc.
543 300 601 329 Viti.
622 305 675 326 Do.
746 296 864 323 Eximere
877 289 1069 316 dubitationem
1082 281 1210 318 Qiinctil.
1225 289 1244 311 ¹,
1260 287 1297 304 10-
1366 279 1486 305 ducimus
1502 278 1609 304 Austris.
1681 274 1737 300 Cic.
1751 272 1784 299 de
1799 270 1857 296 Fin.
1872 277 1893 302 ς,
1906 279 1938 304 43
1964 271 2025 303 Qto
2038 268 2124 294 studio
2138 265 2338 299 Aristophanem
2353 270 2403 297 pu-

276 345 331 371 Cic.
346 343 376 368 de
390 341 447 367 Fin.
468 346 490 372 ς,
510 345 544 372 27
580 335 659 369 Qiod
680 337 827 366 quanquam
852 324 1046 351 dubitationem
1068 329 1121 347 non
1142 316 1233 343 habet:
1262 314 1299 340 cst
1366 319 1450 340 tamus
1463 315 1581 340 Aetatem
1595 314 1624 338 in
1644 309 1729 336 literis
1744 306 1851 334 duxiss'e.
1921 306 1991 331 Deus
2006 304 2080 330 duxit
2100 311 2194 328 aeuum
2208 309 2253 335 pei·
2273 301 2333 325 suos
2347 305 2404 332 gra-

313 379 317 383 '
410 395 416 402 .
471 374 522 400 Hic
542 372 614 398 locus
629 379 655 396 ni

276 387 357 447 {maii
371 383 408 402 etc
422 410 534 436 Iniicerc
548 404 736 433 dubitationem
750 399 787 426 Id.
801 406 847 431 pro
860 396 965 422 Cluent.
979 396 1012 428 76
1027 402 1048 419 c.
1061 396 1100 420 28.
1157 387 1212 413 Cic.
1227 386 1298 411 Fam.
1326 389 1341 415 5
1369 383 1452 410 Tusc.
1468 391 1491 415 2,
1527 402 1533 409 .
1569 402 1576 409 .
1612 384 1702 415 Qium
1715 379 1784 406 aestu
1798 383 1893 410 magno
1907 375 2005 409 Agmen
2018 373 2136 403 ducebat,
2151 371 2295 397 laborabat.
2341 368 2404 395 Ala-

280 435 305 477 13
328 456 353 474 21
387 445 496 473 Nullam
516 444 585 469 enim
603 437 792 465 dubitationem
811 430 879 465 apud
893 439 935 456 me
948 427 1088 463 reliquisti,
1110 427 1238 458 quantum
1257 428 1300 446 nie
1368 427 1427 454 pam
1442 417 1491 443 sibi
1502 418 1576 444 duxit
1590 426 1697 452 grauem
1711 416 1794 442 caluus
1808 411 1911 447 muscam
1924 412 2074 444 opprimere
2088 414 2190 442 captans
2204 404 2297 432 Phaed.
2310 411 2333 437 ς,
2347 412 2370 436 3,
2377 411 2403 429 2.

280 467 389 511 aiiiares.
459 480 532 506 Sum:
551 483 593 507 vt,
607 472 744 500 Dubitatio
756 467 827 494 nulla
846 467 874 493 in
891 474 920 493 re
937 470 992 492 erat
1009 463 1081 490 Idem
1099 460 1130 486 de
1144 458 1201 484 Fin.
1223 464 1245 488 ς,
1259 457 1299 481 26.
1367 453 1435 481 Add.
1455 452 1601 487 colaphum
1615 453 1718 478 ducere.
1776 448 1873 475 Aluum
1888 445 1997 476 ducere,
2017 445 2070 472 vid.
2090 451 2111 470 A
2122 448 2195 468 va
2206 449 2228 469 s.
2290 442 2402 466 Amores

278 519 393 547 Tollere
406 514 596 542 dubitationem
613 506 740 540 Quinctil.
756 511 778 536 ς,
791 511 815 535 9.
837 501 895 529 Vid.
916 506 1030 528 ToLio.
1100 491 1301 521 Dubitationem
1367 490 1470 516 nostros
1490 488 1519 513 in
1539 489 1647 522 longum
1667 486 1741 513 ducis
1768 485 1843 518 Virg.
1860 481 1912 508 Ecl.
1926 489 1954 514 9,
1966 482 2005 512 56·
2074 478 2227 506 Anhelitum
2242 484 2274 503 ex
2295 475 2404 501 cursura

280 562 388 582 omnem
407 550 487 578 alicui
503 547 593 574 tollere
605 543 660 569 Cic.
674 542 726 567 Att.
740 547 765 571 2,
778 540 803 564 6.
875 535 1028 565 Dubitatio,
1041 532 1108 559 Color
1127 528 1226 564 quidam
1239 526 1302 553 Rhe·
1368 525 1450 551 Plaut.
1469 523 1536 549 Asin.
1557 532 1579 555 2,
1596 532 1619 555 2,
1638 525 1677 549 61.
1751 520 1813 547 Liu.
1828 520 1854 550 6,
1868 525 1896 552 17
1933 516 1964 542 Iti
1981 514 2094 542 tenebris
2113 513 2258 540 obnoxiam
2273 509 2405 538 carnificis

278 592 373 617 roricus
402 588 488 613 Graece
507 580 643 614 διαπόρησις.
663 586 687 602 v.
699 585 724 611 g·
741 572 871 607 Quinctil.
888 581 915 605 9,
928 581 950 604 3,
964 576 1004 603 89.
1318 566 1349 585 ιο
1369 558 1483 586 arbitrio
1503 557 1596 584 ducere
1609 557 1751 584 Animam?
1768 559 1786 582 i.
1807 557 1898 581 viuere.
1971 551 2027 577 Cic.
2040 550 2068 576 in
2077 551 2150 577 Orat.
2171 556 2217 582 107
2245 548 2285 573 Ita
2296 546 2404 577 viuunt,

319 608 522 651 DvdITANT
532 622 583 642 ER·
620 611 686 639 Adss·
722 610 778 636 Cic·
797 608 829 635 de
842 609 945 634 Inuent.
962 615 985 637 2,
1000 612 1028 630 10
1046 611 1068 628 C·
1082 610 1094 633 3
1121 597 1204 625 Simul
1223 604 1302 631 quae·
1369 595 1432 621 dum
1446 593 1561 628 potsunt,
1575 598 1604 619 vt
1623 593 1717 619 ducere
1731 592 1854 618 Animam
1869 588 1900 614 de
1914 586 1985 613 caelo
1999 594 2054 611 non
2067 591 2170 620 queant.
2205 584 2243 609 De
2258 579 2405 617 parricida-

283 666 368 689 remes
396 656 541 683 dubitanter
568 644 774 681 vnumquodque
803 644 926 670 dicemus.
968 638 1040 674 Conf.
1061 636 1092 663 de
1109 636 1184 661 Orat.
1204 641 1231 665 2,
1251 639 1302 658 202
1368 641 1423 657 rum
1436 630 1560 665 supplicio
1577 629 1706 664 loquitur,
1722 630 1765 662 qui
1782 626 1860 661 insuti
1872 625 1936 650 culeo
1949 620 2126 648 abiiciebantur
2140 623 2275 654 inaquam.
2324 624 2327 626 ·
2346 615 2405 642 Cic.
2447 635 2450 638 .

282 704 349 732 quem
364 693 444 719 damus
458 691 483 714 in
498 688 674 713 DvaATio
688 687 732 715 pr.
769 678 839 706 Asin.
853 679 908 705 Cic.
921 678 992 704 Fam.
1001 683 1038 706 10,
1051 680 1076 705 31
1096 671 1171 698 Plane
1185 667 1302 703 pericula
1370 666 1402 692 de
1420 666 1455 692 N.
1472 666 1504 691 D.
1525 673 1545 695 2,
1566 671 1604 695 133
1640 660 1951 702 Excipiatque-Animam
1972 666 2048 687 eam,
2064 663 2130 690 quae
2145 655 2230 695 ‘duela'
2249 652 2279 679 sit
2299 651 2406 687 spiritu,

284 739 336 758 non
350 727 495 754 dubitanter
507 721 569 748 adii.
610 719 634 744 V
633 717 667 743 id.
680 714 749 742 eund.
763 714 796 740 de
809 713 879 740 Clar.
891 714 965 740 Orat.
979 716 1019 744 87.
1031 715 1055 735 cc
1067 707 1101 735 ad
1112 706 1206 733 octau.
1370 701 1531 734 eandemque
1544 708 1558 725 a
1570 696 1744 734 pulmonibus
1757 698 1867 730 respiret
1885 700 1911 721 et
1929 692 2029 720 reddat.
2102 690 2211 716 Animos
2223 698 2251 715 in
2262 697 2320 716 reni
2332 694 2406 722 prae-

318 769 364 791 Dv
376 764 556 788 BiTATlM.
586 752 653 780 Adu.
698 751 763 777 Idem
793 749 858 785 quod
887 748 1046 775 Dubitanter.
1089 741 1162 768 Cael.
1181 737 1274 767 Annal.
1291 744 1304 768 3
1325 744 1350 771 ις
1371 738 1469 764 sentem
1481 736 1575 762 ducere
1589 731 1722 767 Qiincffil.
1737 734 1764 765 6,
1778 741 1789 758 1
1809 731 1853 758 dos
1869 732 1985 757 oratoris.
2016 725 2075 754 Vid.
2094 732 2258 753 ANIMVS.
2329 722 2407 756 Virg-

283 802 424 833 Impci·ator
438 793 579 820 conclamat
596 788 628 814 de
640 786 743 818 medio,
759 790 787 811 vt
799 785 893 810 velites
905 792 920 810 e
938 781 1040 808 sinistro
1050 786 1137 818 ,cornu
1151 780 1305 802 reniouean-
1369 773 1466 807 Georg.
1482 779 1502 803 ι,
1519 772 1536 797 6
1683 801 1693 809 Α
2401 764 2403 769 .

283 842 340 865 tur,
358 838 382 857 et
394 829 475 856 Gallis
488 835 541 852 non
559 823 701 851 dubitatim
714 820 897 848 immittantur.
933 820 969 844 Ex
982 817 1076 843 Nomo
1091 822 1117 846 2,
1132 820 1181 844 231.
1599 804 1655 830 ves
1677 811 1695 828 o
1716 801 1851 828 clariffima
1869 800 1965 828 mundi

318 875 335 894 D
345 874 365 892 V
375 873 390 892 Β
400 871 436 891 lT
446 868 560 891 ATOR,
577 859 641 886 oris.
666 867 701 884 ni.
736 855 854 883 Tertull.
868 853 928 880 adu.
941 853 1048 878 Haeret.
1061 859 1082 875 c.
1097 857 1134 880 33.
1374 850 1375 853 ’
1524 841 1657 870 Lumina,
1674 837 1807 863 labentem
1827 837 1901 864 caelo
1925 844 1994 871 quae
2013 832 2109 861 ducitis
2128 833 2243 864 Annum,

316 909 334 928 D
345 909 363 928 V
374 908 389 927 B
398 908 406 926 Ι
416 906 437 925 T
446 906 468 924 Α
478 905 493 924 Β
503 895 514 923 ἶ
523 904 538 923 L
547 903 557 923 1
566 901 580 922 S
589 915 598 928 ,
617 904 640 921 e.
677 892 736 920 Adi.
771 888 919 923 [admoneris]
953 886 1034 914 Ouid.
1048 885 1113 912 Met.
1127 891 1161 915 13,
1174 890 1201 908 21
1220 880 1307 913 Atque
1526 876 1609 903 Liber
1627 880 1653 900 et
1678 873 1747 899 alma
1766 873 1854 898 Ceres,

281 947 344 973 ego,
363 935 380 962 sl
393 935 476 961 VltfflS
490 933 518 958 in
529 940 571 958 me
584 928 738 957 dubitabilis
753 927 819 952 esset.
872 923 945 950 Idem
960 931 980 954 ¹2
995 929 1041 953 223
1068 920 1125 946 Nec
1139 918 1190 944 erit
1204 914 1307 941 dubita·
1323 926 1358 944 20
1373 916 1393 941 i.
1409 924 1429 941 e.
1449 915 1573 947 Qioruui
1586 911 1661 937 cursu
1676 915 1796 943 tempora
1810 912 2004 941 computantur.
2040 906 2111 932 Nam
2126 902 2290 938 perLunam,
2301 896 2410 926 meniis:

279 974 336 1001 bile
354 979 456 997 verum.
510 966 611 994 Amne.
628 964 767 991 Credentes
784 970 844 987 nam
858 958 976 986 Christus
995 961 1077 983 amat:
1097 950 1244 981 dubitabile
1265 957 1308 984 pe·
1375 950 1513 985 perSolem
1527 956 1609 975 annus
1622 944 1779 972 ostenditur.
1801 943 1916 969 Seruius.
1985 942 2153 971 Scribon.133
2178 936 2410 970 LargiterAquam

282 1009 338 1035 <Slus
351 1006 402 1033 Sub
415 1003 545 1031 titubante
559 1001 609 1028 fide
621 1000 714 1034 refugo
728 996 872 1025 contemnit
885 994 988 1021 honore
1006 991 1083 1018 Prud.
1098 987 1194 1024 Apoth.
1207 991 1264 1026 580·
1282 1019 1287 1024 ¹
1376 985 1463 1017 ducit,
1482 984 1511 1010 de
1525 983 1699 1010 medicamento
1718 979 1752 1005 ad
1764 978 1914 1013 Hydropem.
1984 978 2040 1004 Cic.
2054 978 2093 1011 Q
2102 976 2170 1001 Frat.
2184 981 2207 1005 3,
2222 981 2241 1004 1,
2256 980 2266 997 1
2295 970 2411 1004 Aquam-

316 1045 617 1070 DVBi'rATivvs‚
642 1045 672 1067 a,
695 1044 748 1061 um.
793 1032 853 1059 Adi.
895 1031 945 1061 Vt,
965 1026 1122 1053 Dubitatiua
1154 1019 1309 1050 coniunctio
1378 1029 1529 1055 que,quam
1549 1019 1571 1046 ii
1585 1016 1715 1044 ducebant
1733 1023 1787 1041 non
1805 1014 1884 1047 longe
1903 1022 1918 1039 a
1938 1012 2017 1044 villa,
2034 1013 2103 1038 belle
2123 1011 2180 1036 sane
2200 1009 2325 1034 fluentem
2342 1002 2412 1030 vidi-

283 1077 405 1106 Diomed.
417 1076 506 1103 Gram.
555 1073 645 1099 Sensus
658 1068 776 1097 Tertull.
789 1068 848 1094 adu.
863 1067 943 1092 Marc.
957 1072 979 1096 ε,
994 1069 1033 1095 23.
1378 1057 1426 1083 Per
1440 1055 1552 1081 fundum
1570 1053 1679 1080 alterius
1698 1050 1770 1077 Idem
1790 1049 1857 1075 ibid.
1878 1057 1901 1081 3,
1920 1057 1940 1074 1.
2008 1049 2086 1074 Arces
2106 1045 2251 1078 Cyclopum
2271 1038 2414 1067 sudoribus
2457 1059 2459 1063 .

317 1115 582 1142 ΒνΒιΤΑΤινΕ.
607 1107 674 1133 Adu.
711 1104 830 1132 Tertull.
843 1102 874 1129 de
889 1102 972 1128 Carne
986 1096 1087 1125 Christi
1099 1105 1121 1123 c.
1135 1102 1174 1126 23·
1331 1104 1359 1131 25
1380 1090 1490 1124 duciae,
1505 1093 1523 1117 i.
1545 1088 1645 1117 eduftae
1669 1087 1732 1113 Stat.
1750 1085 1845 1112 Theb.
1867 1093 1896 1117 4,
1932 1103 1939 1109 .
1976 1102 1983 1109 .
2052 1083 2127 1117 Virg.
2144 1082 2206 1107 Aen.
2225 1085 2252 1113 7,
2269 1079 2320 1109 634
2357 1075 2413 1101 Aut

1380 1127 1478 1153 laeueis
1498 1134 1585 1152 ocreas
1605 1125 1678 1150 leuto
1697 1122 1796 1148 ducunt
1816 1121 1942 1154 Argeum.
1963 1121 1980 1145 i.
2001 1118 2100 1145 Flexil'i
2125 1120 2236 1150 argento
2258 1109 2414 1139 extendunt.

656 1179 686 1211 D
784 1178 813 1207 V
909 1174 936 1206 C
1379 1162 1495 1189 Seruius.
1567 1162 1728 1194 Argumenta
1747 1166 1779 1183 ex
1795 1156 1853 1191 ipsis
1872 1154 2033 1190 positionum
2053 1153 2127 1180 vitiis
2147 1150 2267 1177 ducimus
2282 1145 2415 1180 Quinctil.

1378 1207 1403 1230 2,
1418 1206 1457 1224 10.
1526 1196 1604 1230 Virg.
1616 1197 1681 1221 Aen.
1696 1199 1719 1225 8,
1733 1201 1760 1226 55
1796 1192 1835 1218 Hi
1848 1191 1947 1217 Bellum
1966 1189 2059 1215 allidue
2077 1189 2175 1214 ducunt
2194 1195 2254 1212 cum
2271 1189 2349 1218 gente
2365 1181 2416 1208 La-

318 1261 366 1283 Dv
376 1260 393 1281 C
404 1255 522 1283 A'rvs,
539 1255 584 1275 etc-
626 1247 684 1274 Vid.
704 1253 751 1273 DV
761 1251 777 1272 C
788 1251 816 1271 0.
1378 1235 1450 1266 tina,
1470 1241 1518 1258 non
1529 1231 1673 1267 simpliciter
1684 1236 1731 1264 pro
1744 1233 1854 1262 gerunt3
1873 1224 1905 1259 est
1920 1229 1983 1251 eni-m
1999 1224 2148 1256 Producere,
2163 1220 2321 1248 Protrahere.
2366 1217 2427 1244 Bes

320 1297 338 1317 D
348 1296 416 1317 vei:
426 1296 446 1314 N
457 1293 478 1313 Τ
490 1294 499 1312 1
509 1305 517 1317 ‚
527 1293 565 1316 ae,
579 1293 602 1310 a.
624 1281 771 1316 [διακόσιοι]
809 1279 874 1306 Plin.
889 1286 929 1312 14,
943 1285 962 1312 4
981 1278 1138 1310 Durantque
1151 1272 1236 1300 adhuc
1248 1271 1311 1298 vina
1332 1285 1364 1309 30
1379 1268 1558 1296 neuolentiam
1570 1276 1585 1293 a
1603 1266 1720 1301 personis
1739 1264 1858 1290 ducimus
1878 1260 2009 1295 Quinffil.
2027 1269 2054 1294 4,
2070 1268 2088 1286 1.
2158 1257 2281 1284 Caelum:
2300 1260 2345 1284 vt,
2357 1252 2415 1287 Ipse

283 1326 398 1353 ducentis
412 1324 465 1349 fere
478 1320 560 1347 annis.
615 1319 671 1345 Cic.
686 1320 722 1350 Q
733 1317 802 1342 Frat.
815 1323 841 1348 2,
878 1334 885 1341 .
923 1333 929 1339 .
965 1314 1029 1340 Sane
1042 1312 1193 1346 frequentes
1211 1308 1311 1334 fuimus
1380 1305 1428 1340 qui
1439 1304 1564 1335 Caelum,
1580 1301 1742 1335 nebulasque
1761 1299 1850 1330 ducit,
1874 1301 1893 1324 i.
1912 1298 2022 1331 Iupiter,
2035 1294 2101 1330 apud
2120 1294 2177 1320 Sen.
2191 1290 2302 1326 Hippoi.
2318 1290 2336 1315 s.
2355 1297 2376 1321 3.
2394 1290 2415 1314 ι’.

282 1361 392 1387 omnino
411 1357 442 1384 ad
462 1357 592 1382 ducentos.
663 1353 743 1379 Annis
760 1350 879 1377 ducentis
898 1354 957 1376 ante
970 1347 1105 1375 excidium
1118 1345 1223 1372 Troiae
1243 1343 1310 1369 Plin.
1378 1343 1454 1377 regit.
1525 1339 1582 1365 Cic.
1597 1339 1675 1364 Verr.
1691 1345 1712 1369 ς,
1724 1338 1759 1371 76
1793 1336 1883 1369 Qiuni
1898 1333 1930 1359 de
1944 1332 2006 1358 foro
2026 1332 2053 1357 in
2066 1329 2231 1365 Capitolium
2249 1334 2356 1352 currum
2370 1324 2416 1349 fle·
2455 1347 2459 1349 .

283 1404 317 1429 15,
329 1404 369 1428 45.
439 1391 547 1418 Paffibus
561 1390 629 1417 Caes.
643 1389 670 1415 B.
683 1389 714 1413 G.
729 1396 750 1419 1,
763 1395 805 1420 43.
841 1385 909 1414 Adai.
929 1384 966 1411 ib.
981 1393 1006 1416 2,
1021 1389 1046 1413 18
1059 1390 1104 1409 etc.
1379 1376 1450 1403 &ere
1463 1374 1610 1409 incipiunt,
1628 1373 1689 1399 illos
1703 1371 1764 1397 duci
1776 1370 1805 1396 in
1818 1370 1957 1396 Carcereni
1970 1367 2071 1393 iubent.
2109 1366 2150 1392 Sic
2163 1365 2267 1391 Ducere
2280 1361 2309 1387 in
2323 1360 2418 1387 vincu-

317 1437 335 1456 D
346 1435 390 1456 vc
401 1435 417 1455 E
427 1435 449 1454 N
459 1433 553 1453 TiEs.
590 1424 656 1451 Adu.
692 1420 871 1456 [διακοσιοὲκις]
908 1421 968 1446 Liu.
986 1425 1023 1451 38,
1039 1426 1066 1452 55
1089 1416 1180 1444 Potius
1200 1412 1310 1449 quadra·
1379 1412 1405 1438 la
1419 1411 1493 1438 Idem
1507 1411 1536 1436 in
1548 1409 1624 1436 Catil.
1640 1418 1668 1441 4,
1683 1415 1707 1441 7.
1745 1405 1835 1439 Omiſjb
1851 1408 1924 1431 etiam
1940 1403 2060 1430 Carceris
2071 1404 2166 1427 nomine
2179 1398 2329 1434 fimpliciter
2341 1396 2418 1431 pom·-

281 1466 335 1500 gies
355 1472 432 1499 quam
446 1463 578 1488 ducenties
592 1459 744 1494 quadragies
765 1457 840 1483 litem
860 1455 1030 1482 aestimatam.
1066 1452 1217 1483 Ducenties,
1231 1450 1310 1476 intell.
1330 1459 1358 1485 35
1378 1455 1435 1475 tur:
1456 1453 1486 1473 vt
1498 1455 1524 1471 n.
1537 1454 1553 1472 2
1572 1448 1621 1471 iam
1635 1444 1663 1469 de
1670 1444 1799 1481 supplicio
1808 1443 1943 1477 generatim
1956 1437 2110 1471 ostendimus.
2147 1435 2203 1462 Cic.
2218 1435 2246 1460 in
2260 1434 2337 1459 Vei-r.
2351 1439 2378 1463 2,
2390 1438 2420 1462 3ι

281 1503 387 1528 centenis
404 1498 509 1524 millibus
522 1494 667 1529 Stflcrmim.
705 1494 746 1520 Sic
759 1493 815 1519 Cic.
835 1490 947 1524 Philipp.
962 1499 987 1522 2,
1003 1498 1039 1522 40
1059 1498 1081 1514 c.
1097 1490 1126 1514 16
1165 1488 1220 1520 Ego
1240 1485 1313 1511 enim
1379 1493 1401 1510 c.
1416 1492 1440 1509 12
1480 1482 1591 1508 Decreta
1606 1478 1752 1505 eiusmodi:
1776 1477 1803 1503 Si
1817 1485 1869 1502 non
1882 1475 1994 1508 accipit,
2009 1473 2082 1508 quod
2101 1478 2127 1499 te
2141 1471 2237 1498 debere
2251 1468 2331 1499 dicis,
2344 1474 2420 1492 accu-

281 1536 392 1570 amplius
405 1533 535 1559 ducenties
548 1535 679 1565 acceptum
694 1526 884 1555 hereditatibus
896 1525 985 1552 retuli.
1022 1523 1139 1550 Martial.
1152 1529 1175 1554 ς,
1190 1526 1217 1553 38
1236 1518 1312 1552 Qid
1380 1520 1432 1545 ses:
1450 1518 1468 1544 si
1487 1517 1602 1551 petitur,
1622 1514 1706 1540 ducas.
1743 1512 1774 1538 C.
1793 1510 1923 1538 Fuficium
1944 1510 2005 1535 duci
2022 1508 2089 1535 iuffit
2108 1514 2153 1534 etc.
2190 1503 2321 1541 ‚Quidquid
2333 1501 2372 1537 fit
2387 1500 2427 1530 de,
2444 1498 2457 1518 Υ

282 1572 330 1598 ess'e
347 1570 443 1596 fortius
462 1567 551 1594 nostro
568 1565 649 1601 potest
668 1565 762 1591 Paeto?
792 1561 932 1589 Ducenties
951 1560 1050 1594 accepit
1076 1559 1195 1592 (mortua
1214 1555 1314 1588 υκαι-ε)
1380 1555 1431 1580 loco
1455 1552 1561 1590 obscuro
1567 1551 1646 1586 sime,
1666 1547 1793 1575 tenendum
1810 1545 1860 1579 est,
1876 1545 1940 1580 quod
1957 1551 2038 1571 mmm
2055 1543 2197 1574 Asconius,
2217 1540 2330 1570 Melum,
2356 1535 2419 1563 duci
2438 1543 2442 1560 ῐ

284 1612 311 1634 et
327 1613 412 1633 tamen
430 1602 512 1630 viuit!
1381 1587 1466 1620 iussit,
1486 1588 1515 1613 in
1536 1584 1642 1612 vincula
1659 1583 1702 1610 vel
1721 1583 1750 1608 in
1763 1583 1917 1612 Carenem,
1936 1579 2124 1614 intelligimus,
2145 1585 2240 1612 quam,
2260 1574 2323 1601 duci
2342 1571 2418 1604 iuffiss

322 1646 417 1668 nvcE
426 1646 475 1665 NT
484 1644 503 1663 v
514 1644 548 1664 M.
568 1635 658 1663 Indecl.
694 1632 816 1661 Efficiunt
831 1631 906 1658 mille
925 1630 1068 1657 ducentum
1081 1633 1107 1656 et
1125 1625 1225 1662 viginti
1238 1624 1316 1660 quin·
1325 1634 1362 1660 40
1383 1622 1528 1650 damnauit.
1563 1618 1604 1654 fst
1616 1627 1698 1654 nempe
1711 1628 1739 1643 ex
1750 1616 1809 1652 ipfis
1822 1617 1871 1643 XII
1885 1615 2003 1649 legibus,
2020 1614 2087 1650 apud
2099 1613 2166 1640 Gell.
2181 1621 2224 1643 20,
2243 1619 2253 1638 1
2273 1611 2305 1636 In
2318 1609 2360 1634 ius
2372 1607 2418 1634 du-

286 1685 335 1713 que
348 1674 477 1703 Coluinel.
491 1680 513 1706 3,
526 1681 547 1705 3,
561 1679 587 1706 7.
1383 1660 1447 1685 cito.
1483 1658 1523 1684 Ni
1541 1656 1686 1683 iudicatum
1707 1653 1771 1680 facit
1790 1667 1835 1672 —
1852 1651 1940 1678 secum
1958 1649 2065 1683 ducito,
2076 1649 2179 1676 vincito
2198 1654 2244 1674 etc.
2281 1645 2349 1670 Hinc
2361 1642 2414 1669 Cic·

323 1718 340 1738 D
350 1718 369 1736 V
378 1718 394 1738 C
404 1717 419 1736 Ε
429 1717 450 1735 Ν
461 1715 483 1735 Τ
494 1715 529 1734 Es
539 1705 583 1733 i'M
591 1713 611 1732 v
620 1713 649 1737 S,
669 1713 693 1737 a,
713 1713 766 1730 um.
807 1701 876 1729 Vnde
1383 1704 1432 1729 pro
1445 1693 1537 1720 Flacco
1550 1700 1583 1726 45
1595 1701 1616 1717 c.
1631 1699 1659 1723 19
1681 1687 1832 1716 Heraclides
1840 1695 1934 1722 ,quem
1946 1685 2091 1713 iudicatum
2104 1685 2148 1710 hic
2161 1682 2235 1709 duxit
2248 1678 2416 1711 Hermippus·

320 1754 340 1774 D
349 1753 369 1772 v
379 1752 396 1772 c
408 1752 424 1771 E
434 1752 455 1770 N
464 1751 484 1770 T
494 1751 509 1769 E
518 1751 531 1769 s
540 1750 548 1768 i
557 1749 581 1767 M
590 1748 610 1766 A
619 1757 627 1769 2
645 1749 683 1766 ae.
707 1740 726 1766 f.
769 1739 812 1770 Vt,
826 1735 974 1769 Centesima,
990 1732 1115 1769 vestigat.
1140 1731 1232 1758 Tacit.
1247 1730 1315 1756 Ann.
1383 1730 1425 1756 Sic
1439 1728 1495 1753 Cic.
1509 1729 1585 1753 Verr.
1600 1735 1626 1757 2,
1640 1728 1671 1757 63
1692 1734 1714 1750 c.
1728 1726 1761 1751 26
1797 1723 1952 1749 Heraclium
1971 1721 2076 1748 restitui
2094 1720 2198 1745 iusserat
2212 1719 2317 1744 Praetor
2331 1710 2420 1739 Metel·

285 1791 310 1815 ι,
323 1790 368 1814 42,
382 1788 398 1814 7
429 1780 546 1812 Regnum
563 1776 582 1808 (
585 1776 704 1802 Archelai
718 1773 884 1809 Cappadociae
895 1772 948 1806 R.)
962 1772 990 1797 in
1002 1768 1168 1804 prouinciam
1181 1765 1317 1792 redaehim
1382 1765 1438 1789 lus.-
1459 1770 1513 1788 non
1531 1760 1718 1787 restituebatur
1736 1768 1751 1785 a
1764 1759 1855 1785 Senatu
1869 1757 2035 1791 Syracusano:
2053 1754 2174 1789 quisquis
2194 1758 2250 1780 erat
2268 1747 2377 1777 edqus
2388 1746 2424 1772 ’ὑὶ

284 1817 335 1849 est,
355 1814 536 1846 fructibusque
552 1812 609 1837 eius
628 1810 713 1836 leuari
733 1809 801 1843 posse
818 1807 971 1834 centesimae
989 1806 1093 1839 (rerum
1109 1803 1249 1831 venalium,
1263 1798 1317 1825 vid.
1333 1809 1366 1836 45
1384 1798 1502 1824 indicium
1514 1797 1641 1822 Praetoris
1654 1794 1763 1819 Senator
1775 1792 1947 1823 Syracusanus
1963 1790 1996 1816 ab
2010 1791 2154 1820 Heraclio,
2172 1788 2234 1814 duci
2247 1783 2355 1812 iubebat
2368 1780 2424 1807 Me·

284 1853 331 1879 An.
346 1860 365 1883 1,
379 1852 427 1884 78)
441 1846 551 1882 ve&igal
569 1846 695 1881 professus
715 1845 807 1871 Caesar
820 1842 984 1878 (Tiberius)
1005 1838 1206 1867 ducentesimam
1227 1836 1257 1862 in
1271 1842 1317 1869 po·
1384 1833 1470 1864 tellus,
1489 1838 1518 1857 vt
1531 1829 1570 1865 fic
1583 1835 1677 1865 cogeret
1687 1829 1810 1855 Senatum.
1846 1828 1939 1860 Itaque
1953 1824 2079 1859 permulti
2093 1823 2166 1849 ducti
2180 1823 2246 1847 sunt.
2299 1817 2374 1844 Idem
2387 1814 2423 1841 de

284 1888 379 1914 sterum
392 1885 486 1911 statuit.
527 1883 584 1909 Via.
598 1881 676 1916 Ryck.
689 1880 758 1905 adh.
774 1880 792 1905 l.
1385 1869 1416 1895 L.
1432 1868 1523 1901 Agrar.
1536 1875 1562 1898 2,
1578 1874 1619 1891 101
1642 1873 1663 1889 c.
1677 1865 1723 1890 vlt.
1763 1863 1817 1896 Ego
1832 1862 1854 1887 is
1874 1861 1965 1887 consul
1984 1873 2028 1880 --
2048 1859 2096 1892 qui
2115 1858 2239 1886 timeam,
2254 1863 2287 1880 ne
2305 1852 2375 1879 mihi
2393 1851 2425 1876 in

322 1928 368 1948 DV
379 1927 395 1947 C
406 1922 424 1947 1}
435 1927 454 1945 N
467 1926 487 1945 v
496 1926 508 1946 s
518 1938 526 1951 ,
550 1927 581 1949 a,
616 1925 671 1942 um.
688 1914 747 1940 Adi.
762 1912 865 1939 distrib.
901 1911 949 1937 sed
962 1910 1064 1946 saepius
1086 1909 1208 1935 Ducena,
1222 1904 1247 1939 s
1272 1905 1317 1929 Bis
1386 1911 1489 1928 cai-cere
1502 1899 1675 1926 habitandum
1690 1898 1733 1927 sit,
1753 1897 1771 1923 fi
1786 1897 1909 1923 tribunus
1928 1897 1963 1930 pl.
1978 1895 2039 1921 duci
2053 1893 2161 1921 iussiss'et.
2215 1892 2329 1918 Carmen
2340 1884 2425 1913 Ouid.

287 1963 398 1984 centum:
415 1961 442 1980 vt
461 1953 560 1980 Duceni
578 1952 662 1985 pedes.
698 1948 762 1976 Plin.
777 1949 802 1978 6,
815 1949 857 1973 26.
893 1945 992 1971 Librae
1010 1943 1048 1969 Id.
1063 1951 1090 1974 9,
1106 1946 1143 1972 38.
1185 1937 1318 1965 Coluniel.
1385 1935 1472 1962 Trist.
1488 1942 1510 1966 ς,
1525 1943 1559 1963 12,
1570 1936 1600 1965 63
1620 1940 1649 1958 vt
1666 1933 1760 1957 dicitur
1774 1932 1872 1956 Lanam
1891 1930 2002 1962 ducere,
2024 1929 2088 1955 vnde
2104 1931 2201 1962 petitur
2221 1927 2280 1952 haec
2292 1922 2425 1958 formula-²

288 2001 311 2026 5,
327 2001 339 2018 ε
365 1991 405 2017 Sic
418 1987 615 2022 multiplicabis,
634 1986 729 2012 centies
748 1984 830 2009 vicies
849 1980 945 2007 duceni
958 1976 1119 2013 quadrageni
1138 1974 1205 1999 fiunt
1221 1971 1320 2005 viginti
1338 1984 1370 2010 50
1387 1970 1428 1996 Ad
1441 1977 1499 1995 mea
1519 1974 1647 2004 perpetuo
1665 1965 1786 1991 deducite
1804 1966 1924 1998 tempora
1943 1970 2029 1990 FILO.
2071 1961 2261 1989 Vid.Brouckh.
2274 1955 2425 1984 adTibull.

290 2027 352 2054 ofto
370 2025 463 2052 millia.
514 2024 553 2049 Sic
565 2021 666 2047 Duceni
682 2019 775 2046 armati
797 2018 857 2044 Liu.
873 2025 910 2048 22,
930 2020 969 2044 28.
1006 2014 1051 2043 Et,
1064 2012 1171 2038 Ducena
1190 2008 1316 2043 quinqua·
1386 2013 1410 2037 2,
1427 2013 1445 2035 1,
1460 2012 1500 2037 54.
1572 2003 1641 2029 Cera
1655 2001 1745 2027 eadem
1763 1998 1831 2025 aliae
1845 2006 1924 2033 atque
1938 1999 2004 2024 aliae
2018 1999 2122 2024 formae
2135 1997 2198 2023 duci
2208 1994 2294 2022 solent
2313 1991 2426 2027 Qinfi’t.

290 2071 356 2099 gena
368 2060 452 2087 millia
465 2058 578 2093 capitum
593 2065 618 2088 9,
631 2064 666 2088 19.
702 2053 851 2087 Quinquies
864 2051 964 2077 'ducena
979 2046 1095 2076 Martial.
1110 2054 1145 2078 12,
1158 2046 1202 2078 76.
1387 2049 1427 2072 10,
1442 2048 1465 2072 ς,
1479 2048 1504 2072 9.
1575 2037 1733 2065 Cicatricem
1750 2034 1880 2061 Columel.
1895 2043 1917 2066 3,
1932 2039 1966 2064 18.
2023 2033 2085 2059 Liu.
2106 2040 2147 2065 29,
2161 2040 2191 2064 32
2231 2030 2286 2056 Vbi
2305 2030 2441 2064 primunr

327 2104 373 2125 DV
384 2102 401 2122 C
413 2103 428 2122 Ε
438 2102 502 2125 NA,
521 2101 559 2120 ae.
578 2092 597 2118 f.
634 2089 731 2116 Gradus
743 2089 781 2114 vel
792 2089 827 2113 Di
847 2089 913 2111 nitas
927 2091 996 2116 crat,
1010 2087 1037 2110 in
1051 2082 1135 2110 Schola
1149 2081 1274 2116 agentium
1293 2079 1320 2102 in
1387 2075 1466 2103 ducia
1478 2074 1611 2105 Cicatrix,
1631 2073 1739 2107 patique
1759 2070 1827 2104 posse
1847 2070 1903 2096 visa
1916 2070 1951 2096 est
1965 2068 2145 2095 iactationem.
2198 2065 2279 2092 Ouid.
2293 2073 2325 2092 ex
2338 2065 2424 2090 Ponto

291 2133 371 2161 rebus.
396 2130 452 2157 Vid.
467 2132 517 2156 Iac.
531 2125 697 2161 Gothofredus
709 2123 742 2149 ad
752 2124 781 2149 L.
796 2131 808 2154 3
822 2096 888 2148 god.
901 2119 1010 2147 Theod.
1023 2118 1054 2144 de
1068 2116 1197 2143 cohortal.
1208 2113 1321 2149 princip.
1390 2121 1410 2143 i,
1425 2120 1447 2144 3,
1460 2118 1485 2144 ¹5
1505 2110 1644 2144 Tempore
1665 2108 1775 2134 ducetur
1792 2105 1873 2139 longo
1892 2105 1997 2130 fortaise
2011 2103 2138 2130 Cicatrix.
2205 2100 2355 2136 Colaphum
2373 2099 2427 2127 tibi

294 2166 420 2196 cornicul.
440 2163 648 2198 Primipilaribus
667 2159 723 2195 post
738 2157 873 2184 emeritam
893 2155 1019 2181 militiam
1031 2151 1257 2189 perfectissimatus
1278 2149 1321 2174 vel
1341 2154 1368 2180 55
1389 2147 1499 2179 ducam,
1517 2151 1543 2172 et
1561 2143 1704 2171 formulam
1723 2140 1851 2170 scribam,
1867 2139 1941 2174 quod
1963 2145 2038 2174 caput
2059 2138 2157 2164 durum
2175 2137 2271 2164 habeas
2292 2134 2427 2170 Quintffil.

293 2206 415 2232 Ducenae
428 2201 468 2227 vel
483 2201 613 2226 centenae
627 2196 668 2223 vel
682 2195 826 2228 egregiatus
841 2191 899 2218 dari
913 2191 1026 2225 dignitas
1041 2188 1132 2224 potest.
1168 2186 1237 2213 Add.
1255 2184 1290 2210 ib.
1305 2183 1322 2209 l.
1390 2186 1417 2215 6,
1431 2191 1453 2214 3,
1468 2187 1495 2214 83
1513 2187 1542 2207 vt
1555 2180 1679 2213 Alapam‚
1692 2179 1808 2211 Pugnum
1820 2176 1926 2202 ducere.
1998 2176 2072 2209 Virg.
2091 2174 2144 2200 Ecl.
2158 2182 2184 2206 9,
2197 2181 2234 2207 49
2253 2172 2358 2198 Astrum
2371 2179 2428 2206 quo

295 2249 325 2265 20
338 2239 369 2265 de
383 2239 472 2271 Agent.
492 2236 519 2261 in
537 2233 593 2262 reb.
663 2232 782 2259 Ducenae
803 2228 912 2263 gradum
929 2226 1050 2252 uieruiss'e
1068 2225 1086 2251 l.
1099 2224 1147 2250 vlt.
1160 2223 1189 2249 C.
1209 2220 1270 2248 Iust.
1289 2219 1321 2245 de
1391 2219 1487 2252 segetes
1504 2216 1645 2251 gauderent
1663 2213 1801 2247 frugibus,
1818 2217 1844 2238 et
1861 2220 1916 2246 quo
1943 2210 2057 2237 Duceret
2078 2210 2173 2244 apricis
2193 2210 2222 2235 in
2241 2207 2355 2234 collibus
2373 2215 2426 2234 vua

295 2276 386 2310 Agent.
404 2274 432 2299 in
446 2271 502 2298 reb.
1390 2253 1526 2280 Colorem.
1576 2252 1617 2278 Sic
1630 2251 1720 2275 quen.
1734 2248 1785 2274 Sat.
1799 2255 1820 2278 2,
1834 2252 1859 2277 81
1886 2247 2000 2280 Vuaque
2018 2245 2156 2280 conspet‘h
2167 2244 2296 2271 Liuorem
2310 2242 2383 2269 ducit
2393 2241 2429 2269 ab
2467 2238 2468 2241 ’

332 2316 350 2336 D
361 2314 488 2335 VCENA
498 2313 516 2332 R
525 2312 564 2331 IV
573 2311 586 2331 S
600 2323 609 2336 ,
632 2312 663 2335 a,
687 2311 740 2328 um.
778 2299 838 2326 Adi.
874 2299 885 2330 [
898 2295 1033 2324 διακοσιαῒος
1045 2295 1059 2329 ]
1100 2294 1152 2325 Vt,
1176 2290 1323 2319 Ducenaria
1389 2297 1450 2315 vua.
1471 2287 1496 2314 h.
1509 2296 1529 2313 e.
1550 2286 1651 2316 Bibere,
1664 2284 1774 2310 haurire.
1800 2282 1858 2309 Via.
1870 2283 1944 2317 plura
1956 2282 2045 2318 infra,
2059 2288 2082 2308 et
2089 2279 2189 2321 Casaub.
2203 2279 2237 2306 ad
2248 2279 2315 2319 Pers.
2329 2287 2354 2313 p.
2363 2285 2429 2313 274.
2467 2290 2468 2293 ¹

296 2345 410 2380 pondera
429 2343 493 2369 Plin.
507 2349 533 2376 7,
547 2349 590 2368 20.
609 2339 633 2366 h.
647 2348 665 2364 ε.
685 2340 848 2364 Dacentarum
866 2334 993 2373 librarum.
1148 2325 1170 2365 fl
1193 2336 1205 2368 a
1217 2363 1223 2367 Ι
1241 2327 1324 2353 Duce·
1341 2327 1375 2352 60
1390 2323 1455 2363 ῙξΙὶη.
1469 2327 1507 2354 28,
1519 2330 1536 2355 9
1549 2322 1566 2347 s.
1580 2330 1617 2354 40
1642 2319 1769 2346 Taurino
1782 2318 1839 2344 felli
1852 2317 1991 2352 praecipua
2004 2323 2140 2352 potentia,
2159 2316 2240 2342 etiam
2259 2323 2289 2341 in
2303 2322 2364 2341 aere
2376 2312 2431 2349 pel-

295 2381 397 2410 narius,
418 2378 541 2404 dicebatur
561 2378 650 2407 etiam,
665 2373 721 2407 Qii
735 2372 796 2398 duas
818 2376 965 2400 centurias,
984 2370 1002 2394 i.
1026 2365 1152 2391 ducentos
1165 2363 1264 2389 milites
1278 2361 1323 2386 du-
1391 2358 1513 2392 libusque
1526 2356 1626 2383 Colore
1643 2363 1724 2381 aureo
1743 2354 1877 2380 ducendis.
1951 2353 2218 2380 Conimendationem
2231 2350 2348 2378 ineuntis
2360 2355 2430 2375 aeta·

295 2416 370 2442 cebat
387 2415 415 2440 in
429 2414 485 2439 acie
508 2410 632 2442 secunda,
652 2411 698 2443 qui
718 2408 816 2442 primus
831 2405 941 2431 hastatus
956 2400 1137 2437 appellabatur
1150 2399 1241 2431 Veget.
1258 2405 1284 2427 2,
1299 2400 1321 2424 8.
1391 2395 1425 2421 tis
1438 2393 1470 2419 ab
1490 2392 1625 2427 impietate
1640 2397 1665 2417 et
1680 2391 1775 2417 scelere
1795 2389 1891 2416 ducere
1914 2389 1970 2415 Cic.
1986 2398 2035 2423 pro
2049 2389 2138 2415 Deiot.
2151 2396 2177 2414 2.
2248 2386 2322 2413 Idem
2334 2384 2368 2411 de
2381 2384 2444 2411 Di·—

297 2493 347 2513 tres
362 2484 478 2511 iudicum
492 2482 607 2508 decurias
621 2486 738 2515 quartam
753 2477 854 2504 addidit
865 2485 897 2502 ex
910 2474 1041 2501 inferiore
1054 2470 1147 2500 censu,
1166 2475 1233 2502 quae
1247 2466 1324 2491 duce·
1390 2464 1490 2497 Stoici,
1510 2463 1655 2498 quidquam
1675 2460 1837 2496 fignificant‚
1856 2460 1905 2487 nisi
1923 2469 2033 2486 acumen
2051 2459 2193 2486 hominum
2205 2466 2238 2484 ex
2256 2454 2429 2483 similitudine
2456 2473 2457 2477 ,

296 2449 317 2489 q
335 2459 347 2483 3
383 2448 590 2476 Ducenariorum
612 2445 729 2471 iudicum
751 2442 870 2468 decuria:
905 2441 975 2466 Suet.
996 2439 1026 2464 in
1045 2433 1153 2468 August.
1175 2441 1196 2458 c.
1217 2440 1248 2463 32
1282 2429 1323 2456 Ad
1391 2429 1447 2455 vin.
1460 2437 1487 2463 2,
1501 2435 1545 2461 145
1584 2427 1624 2453 An
1638 2435 1678 2458 ea,
1691 2434 1758 2460 quae
1773 2425 1845 2458 dixi,
1861 2430 1887 2451 et
1902 2424 2109 2451 innumerabilia
2122 2431 2189 2458 quae
2201 2421 2312 2449 collecta
2330 2420 2430 2447 habent
2445 2422 2449 2434 '¹

296 2522 432 2549 uariorum
448 2524 602 2548 vocaretur,
619 2516 799 2548 iudicaretque
819 2513 851 2539 de
870 2509 1018 2538 leuioribus
1037 2504 1153 2532 summis.
1190 2504 1269 2536 Qcam
1283 2507 1324 2535 ap·
1344 2507 1375 2538 65
1390 2500 1480 2534 aliqua
1493 2498 1680 2526 Conieciuram
1693 2496 1775 2523 modo
1795 2496 1861 2528 huc,
1878 2496 1960 2522 niodo
1973 2495 2037 2521 illue
2051 2494 2221 2521 ducentium?
2291 2493 2323 2519 Ee
2336 2491 2370 2518 de
2382 2439 2465 2566 Di‹;

297 2558 463 2593 pellationem,
480 2563 526 2579 mm
539 2563 553 2578 a
566 2552 690 2588 causarum
704 2549 883 2582 atstimatione,
892 2547 939 2582 sed
957 2553 972 2569 a
995 2541 1065 2577 censu
1079 2542 1164 2575 fotius
1177 2544 1256 2563 ortam
1271 2536 1324 2569 fffi's
1390 2536 1448 2562 Vin·
1463 2543 1487 2566 2,
1502 2542 1550 2570 147
1586 2535 1623 2560 Ex
1643 2533 1740 2568 quibus
1753 2531 1914 2559 Coniectura
1933 2530 2062 2565 quaedam
2075 2530 2199 2560 ducitur,
2222 2527 2241 2553 fi
2260 2526 2432 2560 quemadmo-

300 2594 353 2618 viri
371 2589 437 2616 dosii
456 2595 565 2621 monent,
584 2594 613 2614 vt
624 2587 727 2623 suerint
747 2584 882 2611 ducenarii
899 2580 1013 2609 iudices,
1033 2578 1074 2611 qui
1095 2573 1224 2600 dimidium
1240 2572 1324 2606 ceasia
1392 2571 1466 2602 dum,
1481 2577 1526 2596 etc.
1598 2569 1712 2596 Confilia
1725 2569 1753 2594 in
1766 2567 1839 2602 peius
1852 2566 1983 2593 ducuntur
1996 2563 2128 2599 Qiinekil.
2140 2572 2167 2596 2,
2182 2564 2220 2589 16.
2274 2561 2331 2587 Cic.
2345 2560 2432 2587 Tusc.
2451 2583 2455 2588 ,

300 2625 415 2663 equestris
441 2623 598 2660 poljr'debant.
791 2617 811 2657 q
832 2628 851 2652 4
886 2618 1069 2644 Procuratores
1087 2608 1223 2636 ducenarii
1255 2608 1324 2633 Suet.
1394 2615 1418 2638 2,
1433 2614 1468 2638 42
1498 2607 1536 2632 Ita
1556 2614 1598 2631 me
1618 2604 1651 2631 ad
1665 2602 1831 2631 Credendum
1848 2607 1893 2628 tua
1912 2600 1985 2628 ducit
2003 2600 2101 2627 oratio.
2173 2596 2267 2624 Tacit.
2284 2597 2351 2622 Ann.
2371 2596 2399 2626 6,
2416 2600 2433 2628 ς

301 2661 394 2689 Claud.
421 2670 442 2686 c.
462 2668 506 2690 24.
532 2662 550 2685 i.
576 2661 618 2694 qui
625 2656 776 2692 str'pfndium
797 2655 954 2680 ducentorum
968 2646 1137 2686 fisterft'orum
1157 2643 1325 2684 aqcvpiehant:
1393 2642 1456 2669 Neu
1471 2641 1654 2668 conuiualium
1672 2639 1824 2667 fabularum
1847 2637 1997 2672 simplicitas
2014 2636 2043 2662 in
2056 2635 2165 2662 Crimen
2177 2632 2332 2663 duceretur,
2345 2629 2438 2665 postuffi,

300 2698 353 2724 vid.
367 2696 399 2723 ad
410 2697 434 2722 h.
450 2697 466 2722 I.
479 2694 578 2729 Cafizub.
590 2700 613 2719 ct
630 2694 745 2719 Tot-rent.
765 2693 795 2717 it.
816 2687 917 2723 Salmas.
936 2685 970 2711 ad
988 2681 1100 2722 Capitol.
1121 2681 1218 2706 Pertiu.
1240 2688 1263 2712 p.
1279 2685 1326 2710 123.
1343 2691 1379 2720 70
1394 2677 1470 2704 lauit.
1541 2677 1614 2711 Virg.
1627 2676 1690 2702 Aen.
1704 2682 1727 2708 ς,
1741 2679 1786 2707 528
1817 2673 1979 2706 Crinemque
1992 2670 2110 2697 volantia
2123 2667 2205 2695 sidera
2219 2666 2325 2694 ducunt.
2378 2665 2437 2692 Cu·-

302 2731 324 2770 Ἲ
345 2740 357 2765 ς
392 2730 532 2758 Ducenarii
551 2732 622 2755 etiam
646 2728 801 2758 dicebantur,
823 2725 873 2759 Qu·
897 2720 1077 2758 ducentefiqmm
1094 2715 1223 2751 exigebant
1235 2733 1251 2754 ,ι
1268 2722 1327 2754 qyae
1394 2722 1452 2740 rani
1465 2721 1497 2738 ex
1511 2712 1616 2742 animo,
1626 2717 1675 2746 pro
1688 2712 1803 2737 Abiicere
1821 2708 1903 2735 Plaut.
1915 2706 2000 2734 Calin.
2016 2715 2043 2739 2,
2055 2707 2080 2737 6,
2092 2711 2129 2738 23.
2199 2702 2286 2730 Eodem
2298 2699 2430 2728 intellectu.

304 2767 412 2803 vtc‘iigal
429 2773 489 2792 erat.
525 2766 554 2791 L.
568 2773 578 2791 1
592 2765 623 2791 C.
638 2763 670 2790 de
682 2762 764 2789 exa&
778 2759 869 2788 tribut.
894 2758 1045 2792 Ducenarii¹
1055 2758 1080 2778 et
1096 2752 1253 2791 *Centenarn
1274 2750 1327 2787 siue
1396 2750 1464 2775 Hor.
1477 2747 1555 2781 Epist.
1576 2756 1596 2779 1,
1612 2755 1634 2778 2,
1648 2755 1673 2778 31
1707 2745 1748 2772 Ad
1766 2744 1903 2778 strepitum
1933 2741 2049 2768 citharae
2074 2741 2195 2767 cessatum
2220 2737 2317 2764 ducere
2341 2737 2434 2764 curas.

305 2802 468 2836 sexagenarii
499 2810 551 2827 non
582 2800 653 2834 prius
680 2798 776 2824 debent
801 2796 916 2829 aliquem
935 2798 967 2817 ex
986 2786 1155 2815 debitoribus
1175 2791 1328 2810 conuenire.
1398 2783 1446 2810 Sed
1458 2783 1514 2808 uide
1527 2791 1582 2808 mox
1597 2783 1700 2807 Ducere
1717 2781 1848 2806 somnum.
1919 2776 2070 2803 Declinatio
2083 2775 2189 2802 ducitur
2202 2781 2248 2807 per
2260 2773 2331 2798 casus
2347 2769 2439 2803 Quin-

313 2838 369 2865 Vul-
389 2837 468 2872 l'zsat.
483 2836 511 2861 de
528 2837 587 2862 Not.
602 2836 671 2861 Rom.
688 2832 795 2860 Turneb.
809 2828 914 2864 Λάαν-[ζ
929 2836 968 2861 29,
984 2827 1022 2851 16-
1399 2817 1455 2842 Stil.
1477 2825 1497 2847 ¹,
1516 2824 1541 2848 9.
1614 2815 1692 2841 Diem
1719 2813 1792 2839 ducit
1816 2812 1939 2844 Lucifer,
1964 2814 1983 2838 i.
2007 2811 2121 2839 Addua-it
2151 2809 2225 2842 Virg.
2245 2807 2309 2832 Aen·
2328 2814 2354 2838 2,
2375 2810 2424 2835 802

342 2878 588 2902 DVCENARiA,
607 2879 646 2896 ae.
671 2869 691 2894 f.
727 2869 922 2895 Ducerzariorum
938 2862 1062 2899 dignitas.
1100 2855 1177 2891 Apul.
1190 2854 1255 2880 Met.
1268 2859 1285 2886 7
1306 2860 1330 2885 p.
1348 2855 1380 2883 75
1399 2852 1478 2878 Diem
1490 2851 1583 2876 somno
1602 2850 1660 2875 Sen.
1673 2848 1786 2880 Thyest.
1800 2849 1863 2879 466.
1883 2850 1901 2873 i.
1924 2846 2082 2882 Tranfigere.
2151 2841 2271 2876 Effigiem
2290 2842 2364 2875 Virg.
2379 2840 2450 2867 Ecls

308 2917 362 2941 190.
402 2907 508 2934 Tumzch.
528 2909 546 2933 1.
564 2916 585 2932 c.
1220 2925 1225 2930 .
1295 2923 1310 2927 ..
1400 2892 1423 2916 8.
1438 2893 1477 2920 73.
1547 2884 1617 2911 Ensis
1635 2884 1730 2918 vagina
1754 2883 1798 2910 Sil.
1819 2887 1843 2915 8,
1863 2891 1921 2916 342.
1946 2883 1970 2910 h.
1986 2892 2006 2909 e.
2026 2881 2153 2907 Educitur.
2189 2877 2255 2904 Add.
2277 2876 2315 2903 Id.
2332 2885 2360 2909 9,
2379 2874 2446 2909 3¹4·'

347 2944 461 2974 DVCQ
479 2943 521 2973 Χῖ,
539 2942 625 2972 &mus
644 2941 697 2965 ἓῐθ-
732 2936 818 2971 [ἔγω
837 2935 954 2968 ’istm-⁶011,
973 2927 1121 2964 rfysAaovzu'w]
1151 2926 1251 2951 Pr‘fflrc
1264 2922 1333 2951 ahts,
1400 2922 1458 2947 Sen.
1474 2919 1541 2947 Oed.
1557 2921 1613 2951 936.
1684 2918 1766 2945 Ouid.
1779 2919 1845 2944 Met.
1859 2923 1881 2949 8,
1894 2919 1935 2944 161
1962 2917 2041 2942 Ducit
2054 2915 2082 2941 in
2094 2915 2217 2940 Errorcm
2233 2912 2370 2939 variarum
2381 2915 2446 2938 arn-*¹

310 2985 333 3005 et
345 2978 446 3013 facere,
466 2985 494 3003 υι
512 2979 532 3002 ii
543 2976 693 3012 sequantur:
707 2974 847 3008 plerumque
866 2977 946 2995 tamen
965 2971 1016 2993 vim
1030 2963 1152 2993 excludit,
1169 2959 1335 2994 plerumque,
1401 2956 1467 2990 bage
1486 2955 1606 2986 viarum,
1625 2960 1671 2980 etc.
1708 2953 1782 2990 Coris.
1802 2953 1872 2987 Nep.
1888 2960 1925 2984 23,
1939 2959 1965 2985 9,
1980 2959 2002 2983 3.
2073 2949 2212 2982 Exsequias
2237 2948 2303 2974 Plin.
2317 2947 2396 2983 Epist.
2410 2955 2453 2979 3,,

310 3014 429 3047 inquam:
450 3022 505 3038 nam
520 3011 579 3037 duci
592 3013 664 3036 ctiam
678 3012 704 3033 in
719 3007 853 3043 Jicppliciir
865 3006 940 3030 locum
953 3003 1037 3029 habt-re
1055 2998 1199 3026 videbimus.
1235 2994 1337 3019 Interea
1405 2993 1443 3023 16,
1456 2999 1483 3023 4.
1519 2989 1586 3017 Add.
1602 2990 1660 3015 Val.
1672 2990 1741 3015 Max.
1756 2998 1783 3022 4,
1797 2998 1825 3022 4,
1840 2996 1860 3014 1.
1884 2986 1941 3013 Vid.
1955 2985 2038 3021 paullo
2048 2983 2119 3020 post,
2131 2985 2217 3011 Funus
2234 2983 2325 3010 alicui.
2385 2983 2436 3009 Ex-

311 3050 366 3075 Scn.
382 3048 459 3082 Epist.
480 3056 525 3081 107
563 3047 666 3072 Ducunt
685 3044 818 3069 volentem
835 3041 903 3071 fata,
932 3038 1066 3064 nolentem
1082 3033 1197 3060 trahunt.
1267 3027 1336 3053 Ter.
1356 3031 1388 3056 80
1404 3026 1517 3053 ercitum
1538 3025 1566 3051 in
1580 3024 1689 3051 Sabinos
1704 3025 1776 3051 Caes.
1790 3025 1817 3050 B.
1833 3024 1865 3049 G.
1880 3031 1900 3054 i,
1913 3022 1998 3058 ¹0fi⁷¹·
2018 3021 2075 3046 Cic.
2093 3029 2142 3055 pro
2155 3020 2273 3046 Muraen.
2289 3027 2330 3045 20.
2385 3019 2436 3045 Ex·
2449 3041 2465 3047 4,

312 3084 391 3111 Andr.
406 3093 432 3115 4,
444 3085 470 3114 6,
483 3091 512 3113 23
549 3081 604 3106 Duc
617 3087 658 3105 me
674 3077 705 3104 ad
720 3085 775 3103 eain
785 3095 793 3107 ,
812 3074 916 3109 quando
929 3074 978 3099 huc
997 3071 1061 3097 veni
1074 3075 1101 3096 vt
1115 3067 1227 3094 videam.
1282 3062 1337 3088 Cic·
1404 3062 1515 3088 ercitum
1529 3061 1557 3087 in
1571 3068 1637 3094 quae
1651 3060 1722 3091 vult,
1735 3059 1807 3085 ducit
1825 3057 1955 3091 Qiinffll.
1969 3065 1992 3089 2,
2007 3058 2044 3082 16.
2114 3055 2169 3082 Cic.
2184 3054 2214 3081 de
2228 3053 2321 3090 Legib.
2335 3061 2358 3086 1,
2387 3071 2394 3080 .
2427 3071 2436 3080 .

312 3120 394 3146 Tusc.
411 3127 419 3144 ι
435 3127 456 3142 c.
470 3125 498 3149 41
535 3116 590 3148 Qii
609 3113 734 3140 maximas
752 3110 840 3144 copias
862 3109 936 3134 duxit
956 3107 988 3133 ad
1005 3106 1130 3133 Troiam.
1201 3101 1338 3127 Ducuntur
1405 3098 1427 3123 A
1441 3097 1496 3130 lege
1509 3095 1656 3122 ducendum
1670 3095 1705 3120 cst
1719 3095 1784 3121 iuris
1799 3093 1952 3120 Exordium.
2004 3090 2078 3117 Idem
2093 3090 2126 3117 de
2138 3092 2195 3117 Fin.
2210 3098 2232 3123 5,
2247 3095 2273 3120 18
2296 3090 2319 3116 A
2331 3097 2383 3124 qua
2396 3093 2437 3115 to·
2464 3097 2465 3104 ¹

314 3156 402 3180 omn-m
411 3152 562 3181 demumst-⁶
575 3151 710 3185 chuntm·.
731 3144 1032 3172 L„114dntti»2Plaut.Merc.
1055 3139 1100 3166 Sed
1112 3137 1145 3170 est
1159 3139 1185 3163 in
1193 3136 1268 3171 scena
1278 3132 1338 3193 sig-
1405 3133 1459 3158 tius
1480 3132 1549 3157 vitae
1569 3130 1645 3157 ducat
1669 3129 1823 3156 Exordium.
1895 3128 1998 3154 Lucret.
2016 3135 2039 3159 2,
2058 3134 2112 3161 477
2149 3127 2257 3161 Pergam
2279 3123 2436 3152 connetSRere

310 3189 424 3224 pusitii-ia
436 3184 490 3221 post
503 3195 529 3218 4,
541 3191 606 3218 5pr.
647 3182 726 3208 Plaut.
743 3179 835 3213 Ampli-
849 3187 875 3211 4,
888 3187 910 3209 3,
926 3183 938 3207 8
968 3177 1038 3203 Nam
1052 3176 1105 3201 iam
1120 3172 1152 3199 ad
1167 3179 1255 3204 regem
1268 3176 1296 3208 rc
1325 3174 1339 3191 a
1406 3176 1476 3198 rem,
1491 3175 1557 3201 quae
1587 3167 1622 3192 Ex
1637 3165 1688 3191 hoc
1703 3171 1762 3199 apta
1778 3164 1871 3190 Fidem
1886 3163 1966 3189 ducit.
2038 3162 2161 3196 Figuram
2178 3161 2254 3194 veri,
2271 3164 2290 3187 i.
2309 3160 2443 3196 Apparere*

317 3233 358 3250 mc
373 3223 480 3250 ducam,
498 3227 607 3251 remque
626 3223 654 3242 vt
673 3216 741 3242 simia
762 3215 796 3240 cst
806 3234 812 3244 ,
829 3214 947 3247 eloquar.
1018 3212 1119 3236 Ducere
1138 3208 1163 3233 se
1176 3206 1208 3233 ab
1219 3202 1341 3231 aedibus:
1356 3209 1386 3236 ες
1407 3210 1522 3238 tanquam
1538 3211 1576 3228 rcs
1590 3210 1648 3227 vera
1661 3200 1753 3226 Claud.
1767 3199 1798 3225 de
1810 3200 1885 3233 Rapt.
1897 3199 2013 3232 Proserp.
2026 3205 2052 3229 2,
2066 3206 2107 3230 43.
2143 3199 2264 3233 Loquitur
2276 3195 2305 3222 de
2316 3199 2365 3223 tela
2377 3196 2438 3222 Pro-

319 3261 391 3284 fixjrc
411 3257 520 3285 domum,
541 3254 579 3278 vel
596 3251 678 3291 egredi
699 3251 770 3276 Idem
787 3249 874 3275 Bacch.
890 3258 918 3280 4,
933 3256 958 3278 2,
973 3255 1004 3271 ii.
1075 3245 1143 3270 Ter.
1165 3243 1229 3268 Hec.
1248 3248 1276 3271 4,
1292 3246 1311 3268 Ι,
1325 3243 1341 3270 7
1401 3238 1526 3274 serpinae.
1599 3235 1756 3262 Centctimas
1772 3241 1900 3269 perpetuo
1914 3234 2015 3260 Fenore
2029 3233 2083 3259 Cic.
2097 3234 2150 3259 Att.
2165 3241 2187 3266 ς,
2198 3232 2281 3268 zifin.
2317 3231 2384 3258 Add.
2398 3230 2438 3257 ib.

320 3294 392 3318 onr
414 3306 458 3311 --
479 3288 554 3315 duxit
568 3287 592 3312 se
605 3289 684 3312 toras.
753 3285 853 3310 Ducere
873 3284 898 3309 se
918 3282 1039 3308 deorsum
1058 3279 1090 3305 de
1110 3277 1220 3307 arbore,
1240 3273 1341 3308 Descen-
1410 3276 1436 3305 6,
1451 3282 1468 3299 ι.
1538 3272 1598 3298 Liu.
1614 3280 1637 3303 3,
1674 3290 1680 3296 .
1719 3291 1724 3296 .
1762 3270 1886 3296 Clamore
1899 3268 2000 3294 sublato
2013 3275 2071 3295 ante
2084 3269 2109 3294 se
2123 3277 2256 3303 quemque
2269 3267 2364 3294 ducere
2378 3265 2440 3293 Fos-

321 3328 374 3353 derc
395 3327 423 3352 <le
442 3325 526 3351 arbore
552 3322 632 3347 Plaut.
649 3320 708 3346 Aul.
720 3329 748 3352 4,
762 3325 785 3350 8,
800 3325 821 3348 8.
892 3318 961 3344 Asin.
981 3316 1012 3342 ad
1030 3316 1085 3341 Cic.
1106 3315 1176 3339 Fam.
1199 3320 1235 3341 io,
1255 3317 1283 3340 32
1300 3313 1343 3341 pr.
1410 3309 1462 3334 sani
1474 3313 1498 3334 et
1512 3308 1595 3333 iacere
1615 3305 1722 3332 vallum.
1791 3306 1873 3332 Frena
1895 3313 1973 3330 manu
1986 3304 2065 3331 Ouid.
2079 3305 2142 3330 Met.
2157 3311 2182 3336 ις
2205 3312 2258 3336 519-
2280 3303 2306 3329 h.
2319 3311 2338 3328 e.
2357 3301 2440 3328 Redu-

322 3362 416 3389 Bnlbus
431 3358 550 3394 quaestor
568 3372 612 3376 -Μ
632 3355 706 3381 dux-it
721 3355 744 3379 se
765 3364 778 3379 c
791 3354 916 3379 Gadibus,
986 3351 1041 3377 Cic.
1056 3350 1139 3375 Tusc.
1153 3356 1175 3378 2,
1190 3354 1225 3379 42
1250 3345 1288 3369 Ita
1300 3351 1343 3367 me
1410 3353 1469 3369 cere.
1543 3342 1613 3368 Idem
1633 3342 1696 3367 Met.
1712 3350 1749 3372 io,
1763 3349 1808 3373 192
1843 3341 1874 3366 Et
1900 3340 2010 3365 arborea
2036 3339 2128 3373 Frigus
2154 3324 2263 3366 discebat
2284 3338 2317 3364 ab
2335 3336 2439 3365 vmbra.
2463 3337 2464 3344 ¹

322 3398 354 3423 ad
370 3395 525 3422 credendum
540 3398 583 3417 tua
601 3391 671 3417 ducit
686 3389 780 3415 oratic.
849 3389 919 3414 Idem
933 3386 984 3414 Off.
999 3395 1016 3417 i,
1030 3390 1054 3415 18
1094 3385 1192 3409 Omnes
1208 3379 1278 3406 enim
1295 3384 1345 3403 tra·
1361 3390 1395 3413 90
1411 3380 1510 3404 Funeni
1525 3379 1592 3403 Hor.
1606 3378 1682 3411 Epist.
1704 3385 1722 3406 1,
1735 3385 1771 3405 10,
1784 3380 1825 3408 48.
1877 3375 1964 3401 Funus
1978 3375 2057 3401 alicui
2076 3375 2141 3401 Plin.
2156 3383 2170 3401 2
2194 3383 2248 3407 109.
2282 3373 2355 3400 Idem
2368 3376 2382 3402 8
2403 3379 2441 3405 42

323 3432 414 3458 himm-
429 3435 453 3455 ct
467 3427 587 3453 ducimur
601 3426 632 3452 ad
652 3425 810 3459 cognitionis
822 3429 846 3448 ct
861 3423 981 3449 scientiae
995 3419 1172 3454 cupiditatem.
1242 3412 1346 3439 Facilli-
1412 3414 1468 3440 Rex
1495 3412 1620 3439 defuncto
1652 3412 1676 3438 ei
1702 3411 1777 3437 duxit
1802 3411 1944 3445 exsequias.
1982 3411 2056 3445 Virg.
2070 3394 2214 3444 Georg.'4,
2232 3410 2285 3441 256.
2320 3391 2440 3442 Ciss’pro

324 3477 366 3493 me
380 3465 412 3492 ad
425 3462 636 3490 consentiendum
651 3460 770 3487 homines
783 3460 913 3484 ducuntur
930 3454 1116 3491 experimentis
1143 3449 1271 3485 Qiinc'til.
1287 3456 1308 3479 3,
1323 3452 1345 3476 8.
1413 3449 1505 3481 Quint.
1519 3457 1557 3479 30.
1595 3449 1685 3474 quen.
1700 3448 1750 3473 Sat.
1766 3455 1786 3478 1,
1800 3449 1855 3478 146.
1892 3447 1972 3472 Etiam
1985 3446 2089 3482 absolute
2103 3446 2168 3472 Pers.
2184 3454 2197 3470 2
2221 3453 2251 3478 ¹4
2278 3443 2366 3469 Nerio
2385 3444 2440 3470 iam

326 3502 364 3527 Ad
379 3501 404 3526 id
419 3498 583 3532 responsum,
603 3497 673 3530 quod
688 3494 846 3521 eliciendum
860 3493 925 3523 erit,
945 3500 990 3526 per
1004 3490 1096 3524 gradus
1110 3487 1184 3514 ducet
1199 3485 1270 3511 Idem
1286 3491 1308 3515 ς,
1320 3491 1346 3516 7.
1413 3484 1490 3510 tertia
1503 3483 1607 3509 ducitur
1621 3491 1695 3508 vxor,
1731 3482 1800 3507 Cem-
1819 3484 1856 3507 im
1869 3484 2046 3516 interpretatur
2059 3481 2166 3508 Seruius
2180 3465 2212 3506 aa
2227 3480 2324 3513 Georg·
2339 3489 2367 3512 4,
2382 3480 2440 3511 256.

326 3536 365 3563 Ad
387 3542 476 3569 pctora
494 3533 597 3558 iuuenes
616 3531 692 3558 laude
711 3531 840 3556 ducuntur
863 3528 900 3554 Id.
920 3535 942 3559 ς,
961 3535 996 3552 12.
1067 3525 1114 3549 Per
1134 3530 1212 3556 parua
1231 3520 1346 3553 aliquem
1412 3519 1457 3546 Sal
1470 3517 1547 3553 potest
1567 3521 1639 3543 ctiam
1654 3517 1761 3553 intelligi
1771 3516 1953 3552 Jigyiificationc
1967 3517 2096 3543 ordmaria
2127 3523 2156 3542 vt
2168 3513 2442 3552 secundaintelligatur

325 3571 420 3598 ducere
434 3566 562 3607 Qtiiifiil.
577 3575 643 3606 1,,16,
713 3566 788 3599 Virg.
804 3565 868 3590 Aen.
881 3565 907 3595 6,
921 3564 965 3595 565
986 3561 1041 3594 Ipsa
1055 3557 1133 3584 desim
1148 3565 1240 3591 poenas
1248 3554 1347 3595 docuit,
1362 3560 1393 3585 95
1413 3562 1522 3580 mortua:
1541 3553 1604 3588 quod
1620 3552 1773 3587 plan-ruffi
1793 3561 1841 3577 non
1862 3551 1888 3577 de
1902 3552 2077 3578 hei-cdttatibus
2094 3537 2264 3586 c'onfi’quendr's
2275 3550 2356 3584 sermo
2369 3548 2424 3582 e-ſjgff
2434 3558 2442 3565 .

326 3614 423 3642 perque
438 3611 526 3630 omma
547 3601 635 3634 duxit,
653 3601 680 3626 dc
695 3601 786 3635 Sibylla
807 3606 830 3626 ct
847 3600 938 3626 Aenea.
1009 3596 1056 3621 Per
1080 3593 1176 3627 singula
1195 3591 1255 3617 duci
1284 3590 1346 3615 Stat.
1413 3590 1491 3616 tertia
1504 3596 1582 3614 autem
1598 3596 1664 3613 vxor
1678 3588 1770 3613 domum
1785 3586 1846 3613 duci
1857 3587 2015 3622 etiampoflbt
2029 3586 2086 3623 post
2099 3585 2357 3619 diuortium-secundae
2390 3569 2448 3611 Par*

327 3641 391 3681 Silu.
410 3649 436 3671 2,
451 3647 473 3678 2,
486 3646 526 3670 43.
547 3671 551 3676 ,
685 3633 718 3675 ff
744 3645 756 3661 2
792 3636 830 3662 De
841 3634 974 3670 ficppliciit
987 3630 1133 3665 simpliciter
1147 3630 1259 3663 ponitur.
1276 3661 1280 3665 ι
1296 3625 1347 3663 Du-
1414 3624 1447 3658 ⁶st
1467 3627 1548 3654 ratio,
1560 3622 1586 3657 Ji
1615 3622 1693 3648 dotem
1714 3629 1795 3657 optet,
1812 3625 1854 3657 qui
1873 3623 1913 3648 hie
1938 3623 2073 3649 inducitur.
2143 3619 2261 3646 Gemitus
2281 3619 2312 3646 de
2334 3604 2441 3654 pectore

328 3683 394 3707 cite,
407 3674 439 3701 ad
459 3679 600 3707 imperium
621 3669 740 3696 dominae
760 3669 917 3696 sulcabimus
936 3675 1029 3701 agros,
1048 3665 1111 3691 Nou
1129 3672 1177 3697 ego
1193 3671 1235 3688 me
1256 3659 1349 3687 vinclis
1416 3661 1489 3694 Virg.
1506 3660 1569 3685 Aen.
1589 3667 1610 3692 2,
1630 3663 1683 3687 288.
1755 3658 1836 3683 Ouid.
1852 3658 1914 3684 Met.
1929 3660 1955 3690 6,
1970 3666 2022 3693 427
2058 3659 2089 3684 Et
2108 3664 2186 3690 genus
2203 3663 2217 3680 a
2235 3664 2330 3689 magno
2349 3655 2442 3681 ducen-

328 3710 535 3743 verberibsssque
548 3715 614 3746 ¹¹ng
627 3705 731 3731 lessll·
746 3714 770 3737 2,
784 3714 803 3736 3,
816 3711 856 3737 84.
928 3704 949 3729 Λ
961 3702 1036 3728 caluo
1055 3699 1086 3726 ad
1105 3699 1207 3725 ‘aluum
1221 3696 1279 3722 duci
1301 3696 1349 3720 iffi·
1415 3702 1468 3722 tem
1485 3696 1553 3721 forte
1563 3693 1688 3719 Gradiuo.
1761 3694 1835 3719 Hora
1846 3692 1947 3719 blandis
1961 3694 2067 3720 ducitur
2085 3691 2153 3718 dolis
2182 3690 2297 3724 Propert.
2314 3699 2326 3722 3
2350 3699 2378 3721 23
2406 3694 2442 3719 ¹8·

327 3746 428 3782 perauit
442 3745 512 3771 Suet.
526 3742 608 3775 Calig.
622 3749 642 3766 c.
657 3748 698 3773 27.
718 3744 736 3766 i.
753 3740 948 3775 adsupplicium.
1018 3736 1211 3762 Perseuerantcs
1226 3731 1284 3757 duci
1301 3731 1348 3755 ius-
1361 3734 1406 3751 100
1417 3732 1502 3757 Horas
1517 3739 1563 3756 nos
1576 3728 1663 3755 flendo
1678 3728 1796 3754 ducimus
1809 3729 1882 3762 Virg.
1897 3730 1960 3755 Aen.
1974 3732 1991 3754 6
2014 3737 2067 3761 539.
2120 3725 2234 3751 Martial.
2248 3734 2266 3758 4
2290 3711 2337 3760 73,
2350 3710 2442 3758 Qg’lum

329 3783 359 3810 fit
372 3781 436 3808 Plin.
450 3781 495 3814 Ep.
511 3787 547 3808 10,
559 3784 602 3815 97.
672 3777 825 3801 innocentes
843 3775 902 3800 duci
920 3773 1043 3800 iubentur
1069 3769 1140 3797 Lac't.
1155 3767 1186 3795 dc
1198 3768 1278 3794 Mort.
1293 3766 1349 3791 Pcr-
1418 3767 1505 3800 grauis
1525 3771 1652 3790 extremas
1669 3763 1787 3789 Vestinus
1806 3763 1910 3790 duceret
1925 3749 2020 3790 Horis.
2039 3764 2063 3789 h.
2076 3771 2095 3787 e.
2122 3745 2287 3796 Propinquur'n
2301 3759 2344 3793 effe
2359 3762 2435 3787 morti

327 3819 376 3844 sec,
393 3826 414 3842 ς,
429 3824 488 3854 40,¹
515 3813 588 3847 conj.
607 3810 665 3837 Scn.
680 3810 711 3836 de
724 3812 765 3836 Ira
779 3819 799 3842 ι,
815 3812 849 3835 16.
870 3816 891 3835 et
911 3809 942 3835 de
954 3809 1077 3841 Tranqu.
1095 3814 1136 3832 an.
1155 3813 1177 3830 c.
1203 3811 1239 3835 ¹4·
1277 3800 1349 3835 Conf.
1418 3802 1466 3827 Ilia
1482 3802 1547 3826 Hor.
1559 3799 1636 3833 Epist.
1653 3807 1672 3831 1,
1687 3807 1705 3830 i,
1722 3807 1745 3829 9.
1767 3799 1795 3824 a'e
1807 3809 1817 3824 e
1836 3809 1863 3825 uo
1877 3798 2027 3832 asthmatico.
2087 3795 2143 3822 Cic.
2158 3797 2210 3821 Att.
2225 3804 2250 3828 9,
2264 3804 2286 3822 11
2307 3790 2364 3822 Nec
2377 3777 2443 3822 νει-ἆ

327 3863 383 3880 mox
401 3851 465 3878 Duci
482 3858 509 3875 in
522 3849 668 3874 Carcerem.
821 3843 841 3880 ἢ
862 3853 874 3876 3
911 3842 1074 3875 Siibslantiua,
1087 3851 1115 3867 ac
1125 3842 1232 3875 primum
1245 3837 1296 3866 illa,
1310 3836 1352 3861 vbi
1419 3835 1523 3867 dubito,
1537 3836 1601 3869 quin
1615 3835 1755 3860 exitiosum
1776 3809 1873 3860 belium
1891 3833 2053 3869 impendeat,
2080 3831 2153 3856 cuius
2173 3831 2284 3856 Initium
2302 3831 2411 3857 ducetur
2427 3837 2444 3856 ⁸
2466 3817 2469 3850 i

325 3888 369 3914 illa
379 3890 460 3921 prima
472 3887 539 3910 notio
551 3884 627 3908 Iocum
641 3880 721 3912 hahet,
738 3881 777 3905 vel
785 3882 896 3914 proprie,
903 3880 942 3904 uc!
950 3878 1059 3913 fimplici
1071 3875 1219 3910 metaphora.
1255 3873 1350 3899 nerem
1419 3871 1496 3897 fame.
1567 3869 1639 3896 Idem
1653 3870 1684 3896 de
1699 3869 1737 3897 N.
1749 3870 1779 3895 D.
1792 3879 1817 3902 z,
1833 3878 1863 3902 50
1896 3871 1935 3896 Ita
1947 3877 1978 3894 ex
1992 3873 2106 3902 quatuor
2123 3872 2272 3899 temporum
2292 3864 2449 3892 mutationi·-

325 3923 418 3958 spiritu
437 3922 530 3947 ducere
553 3918 608 3945 Cic.
623 3915 654 3943 de
672 3916 708 3943 N.
722 3915 753 3942 D.
767 3923 791 3948 2,
805 3920 838 3945 ιε.
910 3912 995 3941 Aestas
1014 3913 1120 3947 septima
1138 3909 1243 3937 ducitur
1274 3907 1349 3942 Virg.
1364 3911 1407 3937 103
1419 3905 1480 3939 bus,
1498 3905 1620 3933 omnium
1632 3913 1698 3938 quae
1713 3912 1781 3932 terra
1798 3906 1919 3941 marique
1932 3905 2089 3940 gignuntur,
2104 3901 2183 3928 Initia
2196 3901 2336 3936 causaeque
2348 3890 2444 3928 ducun-

2391 3942 2442 3963 tur.

650 369 695 394 'hil
715 366 791 392 habet
808 359 997 391 dubitationis,
1012 357 1086 392 quin,
1100 361 1144 380 cte.
1160 351 1232 377 Idem
1245 349 1298 376 Off.
1369 349 1416 374 dus
1435 349 1492 376 Sen.
1508 348 1617 383 Hippol.
1631 354 1687 379 432-
1743 344 1843 377 Agmcn
1862 339 1970 372 ducere,
1986 342 2076 366 Ducem
2089 337 2131 370 effi’
2149 337 2213 362 Plin.
2229 344 2267 367 10,
2279 343 2325 368 44.
2345 333 2403 360 Cic.
2446 347 2447 353 ι

2450 1549 2456 1563 Ι
