2479 4225
454 176 719 217 DES

63 266 163 306 equites
177 264 298 292 DiSfflor
310 264 431 298 aduolat,
451 264 579 291 obtestans
593 271 620 292 vt
633 265 695 292 fesso
707 264 758 290 iam
780 262 866 297 pedite
887 260 1038 288 descendant
1060 268 1092 287 ex

63 193 125 230 105

64 309 145 336 cquis.
208 301 262 327 Cic.
279 300 310 326 de
324 301 424 327 Sene&
437 309 469 333 34
488 302 577 334 Quun
590 301 710 335 ingressus
722 300 772 325 iter
787 297 894 332 pedibus
903 298 940 328 lit,
956 298 982 323 in
995 306 1092 330 equum

63 336 173 363 omnino
185 345 239 362 non
252 335 388 362 ascendere
402 347 407 362 τ
431 345 512 371 quum
525 345 609 370 equo,
630 344 660 362 ex
673 342 740 368 equo
753 342 806 359 non
819 332 980 359 descendere.
1000 332 1028 358 de
1037 334 1093 358 Ma-

57 370 153 406 simffr.
223 372 279 397 Cic.
294 371 375 397 Tusc.
390 380 415 404 2,
432 380 447 403 9
462 370 483 397 c.
497 380 508 403 3
526 372 583 398 Post
596 369 731 398 meridiem
747 368 774 394 in
788 368 952 394 Academiam
965 367 1093 394 descendi-

66 416 132 433 mus.
201 407 231 432 In
246 406 327 433 rostra
347 407 402 433 Cic.
416 406 468 433 Off.
483 416 505 439 3,
521 412 552 437 80
567 416 587 433 c.
600 414 638 432 20.
674 405 701 431 Si
713 412 772 429 vera
792 402 825 436 est
836 402 924 433 lessio,
948 399 1048 439 respicit
1062 402 1096 428 ad
1116 411 1130 437 ς

66 452 109 474 ra,
133 450 191 477 quae
204 441 233 467 de
240 442 302 477 foro
316 441 384 468 modo
396 442 510 469 diximus.
546 440 656 476 Sedfimt
668 439 727 465 libri
738 439 803 471 boni,
816 442 859 474 qni
873 439 960 465 habent
978 437 1095 464 escende-

66 482 137 507 rent,
174 477 220 502 uod
231 480 327 503 omnino
337 477 527 513 praeferendum
540 475 645 503 viderur.
714 475 744 500 In
757 474 839 500 altum
848 494 856 506 ‚
881 481 904 500 et
924 474 990 506 alte,
1007 473 1095 499 dicun-

64 519 107 538 tur
120 520 149 538 ra
170 512 231 538 iccs.
265 512 394 539 Columel.
412 522 467 546 ¹¹‚3
488 512 623 540 Subiacens
637 508 685 535 soli
699 509 814 542 duritia,
837 518 890 535 nou
906 510 1002 543 patitur
1017 509 1043 534 111
1058 508 1094 534 al-

66 553 122 573 tum
135 546 297 574 descendere.
368 548 432 574 Plin,
450 556 484 582 13,
495 556 520 579 3¹
538 543 652 579 Quidam
666 553 718 570 non
731 544 808 571 altius
821 544 974 571 descendere
987 544 1097 575 radices,

67 591 145 617 quain
160 583 221 609 solis
234 582 305 609 calor
318 584 461 617 tepefaciat.

66 619 107 645 Ita
136 621 208 644 etiam
225 621 266 653 qui
279 618 383 653 ftciaendo
396 619 499 654 flumine
517 618 630 650 nauigat,
643 615 737 641 dicitur
757 614 919 642 descendere.
990 616 1096 641 Sueton.

68 652 136 678 Tib.
159 663 179 679 c.
198 662 226 679 10
244 661 307 679 extr.
333 655 439 681 Relieffls
456 653 554 678 Romae
568 652 656 676 onre
668 656 693 677 et
707 650 777 676 Filio
791 651 927 677 confestim
942 650 1040 677 Ostiam
1054 650 1096 675 de-

70 687 177 714 scendit.
249 689 407 716 Descendere
417 685 565 723 praedatum
580 686 607 712 in
619 695 695 720 agros
717 686 776 712 Liu.
786 695 808 719 3,
844 707 850 713 .
889 706 895 712 .
933 685 1098 712 Descendunt

70 724 98 749 in
112 723 185 757 plana
198 724 317 756 corylus,
337 732 444 754 cornus,
463 727 508 748 etc.
532 724 551 747 ι’.
571 722 688 758 Crescunt
700 724 726 747 in
736 723 822 756 planis
833 723 895 748 Iocis
923 721 989 747 Plin.
1004 723 1047 752 16,
1063 726 1095 750 18·

70 758 229 785 Descendere
242 759 328 786 radice
340 759 452 786 dicuntur
464 756 579 783 arbores.

68 802 178 828 corpore
192 795 304 827 eminet,
320 800 417 821 tantum
431 792 518 818 radice
531 791 672 818 descendit.
762 793 826 818 Plin.
839 800 880 826 37,
894 800 910 824 9
935 793 1050 818 Multum
1063 791 1096 818 ab

68 837 96 855 ca
112 828 188 856 distat
203 829 367 862 hyacinthos,
385 835 470 854 tamen
482 836 496 853 e
508 828 598 854 vicino
613 827 774 854 descendens.
865 827 920 853 Cic.
942 826 974 852 dc
986 828 1060 853 Orat.
1075 835 1097 859 3,

68 872 116 896 225
137 865 177 890 Est
197 866 260 891 item
281 871 367 891 contra
392 862 518 897 quiddam
558 863 587 889 in
614 863 760 889 remillione
784 863 976 897 grauissimum,
992 871 1097 897 quoque

67 905 190 934 tanquam
204 901 323 927 sonorum
335 897 457 932 gradibus
469 898 642 925 descenditur.
714 899 779 925 Plin.
802 898 880 932 Epist.
919 918 925 924 .
963 917 969 924 .
1005 900 1097 932 Ingen-

68 935 140 961 tibus
155 937 224 961 cnim
237 935 310 962 rimis
323 933 453 960 descendit
466 941 491 960 et
506 933 561 960 hiat
576 944 581 960 ε

69 971 166 1003 molle,
189 971 240 997 siue
253 970 315 1004 lapis
329 969 381 1003 ipse
395 969 500 1003 gracilis
513 975 539 996 et
551 970 643 1003 putris.
714 970 769 995 Cic.
790 968 822 994 de
836 970 937 995 Inueut.
953 977 974 999 2,
1012 988 1017 994 .
1056 988 1061 995 .

70 1008 130 1039 Qia
142 1006 170 1032 in
183 1015 210 1032 rc
224 1005 264 1032 vel
277 1003 418 1031 concedere
432 1005 525 1037 alteri,
544 1005 585 1031 vel
602 1005 634 1031 ad
647 1004 828 1031 conditionem
842 1005 949 1031 alterius
964 1002 1099 1030 descende-

69 1050 112 1074 re,
133 1042 196 1068 etin
208 1040 348 1075 praesentia
361 1040 511 1074 quiescere,
531 1046 609 1075 atque
627 1040 698 1068 aliud
718 1045 818 1074 tempus
838 1040 975 1074 expectare
996 1046 1100 1074 oporte-

70 1076 118 1103 bit.
188 1075 256 1102 Caes.
277 1075 304 1101 B.
318 1076 347 1101 C.
361 1084 381 1107 1,
396 1084 411 1108 9
444 1076 492 1102 Sed
512 1082 599 1102 tamen
611 1076 644 1102 ad
661 1076 751 1102 omnia
764 1076 789 1101 se
803 1075 956 1102 descendere
970 1083 1098 1109 paratum,

69 1118 147 1146 atque
159 1111 209 1145 pati
223 1110 345 1144 Reipubl.
359 1112 440 1137 causa.

71 1147 138 1174 mihi
151 1146 195 1172 ista
209 1145 322 1172 defensio
339 1145 474 1173 descendo.
493 1149 511 1172 i.
531 1146 673 1182 Acquiefto.
744 1146 898 1178 Descendit,
919 1149 937 1172 i.
957 1145 1098 1180 Pffluit‚ex-

69 1183 140 1208 cidit.
192 1182 245 1207 Cic.
259 1181 346 1207 Sonm.
361 1182 427 1218 Scip.
443 1182 503 1208 init.
539 1202 545 1209 .
583 1202 588 1208 .
626 1182 710 1208 Cuius
725 1191 774 1217 ego
788 1183 897 1208 nomine
912 1182 968 1215 ipso
982 1191 1100 1214 recreor,

69 1218 105 1244 ita
118 1225 246 1251 nunquam
260 1225 290 1243 ex
304 1217 394 1243 animo
408 1226 467 1243 meo
480 1216 609 1244 descendit
629 1218 725 1252 optimi
744 1218 796 1244 viri
817 1219 955 1244 memoria.
1044 1218 1100 1243 Cic.

69 1261 116 1288 pro
127 1253 228 1283 Clueut.
265 1271 271 1278 .
309 1272 315 1278 .
351 1253 387 1278 Ex
399 1262 452 1287 quo
466 1253 580 1287 intelligi
600 1253 688 1287 poffir,
700 1252 814 1279 debuisse
827 1254 980 1280 Cluentium
994 1261 1101 1287 magno-

67 1296 128 1322 pere
147 1288 234 1314 causae
252 1287 401 1320 considere,
419 1288 492 1323 quod
509 1288 653 1315 certiss'imis
674 1288 832 1316 criminibus
853 1294 878 1315 et
897 1288 1006 1314 testibus
1019 1289 1101 1315 fretus
1115 1295 1147 1320 30
1165 1287 1256 1318 asciis,
1276 1286 1358 1318 se6ia,
1377 1285 1479 1316 dolata,
1498 1291 1544 1310 etc.

67 1323 100 1350 ad
111 1323 279 1348 accusandum
292 1323 461 1350 descenderit.

533 1324 573 1350 Ad
585 1324 775 1350 accusationem
796 1325 852 1351 Cic.
866 1333 914 1358 pro
922 1324 1013 1350 Caelio
1049 1343 1056 1350 .

68 1359 98 1384 In
110 1359 209 1390 aciem,
229 1358 280 1385 vid.
302 1366 399 1386 sames.

117 1394 122 1398 ᾖ
471 1359 546 1386 Valla
562 1368 584 1392 ς,
600 1362 630 1392 36
650 1360 783 1386 Descendo
797 1361 824 1385 in
839 1359 982 1394 praelium,
1001 1358 1102 1385 descen-

68 1393 103 1420 do
115 1402 141 1419 m
155 1394 258 1426 forum,
279 1393 404 1421 descendo
418 1395 446 1420 in
459 1404 578 1429 campum
593 1395 696 1422 dicimus
711 1406 718 1420 :
754 1405 802 1422 non
816 1398 875 1431 quia
889 1395 917 1421 cle
931 1396 982 1421 loco
989 1396 1104 1430 superio-

66 1438 92 1454 re
103 1431 130 1454 in
141 1428 284 1464 infimiorem
298 1430 479 1469 descendimus,
486 1430 534 1466 sed
545 1433 603 1466 quia
615 1431 705 1458 deloco
723 1437 777 1458 tuto
797 1434 824 1457 in
842 1432 918 1458 locum
936 1430 1104 1466 discriminIs:

529 581 558 606 In
571 589 642 606 mare
655 579 785 606 descendit
793 580 895 612 Tybris
914 581 1095 614 Lucan.6‚77.
1112 586 1141 605 10

649 757 714 783 Plin.
731 760 768 789 16,
783 766 806 789 31
828 757 950 783 Aesculus
970 763 1096 791 quantum
1116 765 1140 790 ις

617 934 669 960 siue
681 934 709 960 in
723 934 796 960 causa
810 934 894 960 solum
913 932 1052 959 humidum
1073 940 1097 960 et
1107 942 1144 960 20

510 1112 625 1147 Absolute
637 1121 645 1135 .·
682 1111 737 1137 Cic.
753 1112 829 1137 Verr.
845 1110 902 1138 A&
916 1119 936 1142 1,
951 1118 996 1145 177
1016 1111 1099 1137 Placet
1113 1117 1144 1143 25
1162 1110 1248 1141 rasim,
1268 1108 1392 1135 desectus.

1554 172 1590 212 D
1670 171 1704 213 E
1787 172 1812 211 S
2115 173 2182 209 1c6

1155 270 1191 294 2²,
1200 269 1222 293 31
1240 261 1313 288 Prius
1327 270 1404 295 quam
1419 261 1446 288 in
1458 260 1634 289 continentem
1649 258 1823 287 descensiones
1838 260 1961 292 facerent,
1982 263 1999 287 i.
2007 257 2181 296 descenderent.

1155 298 1260 323 Gronau.
1290 297 1476 324 Exsccnsioncs.
2117 304 2119 307 ·

1191 338 1388 364 Desc1sco,
1416 335 1467 363 fui,
1498 335 1580 364 itum,
1612 332 1664 358 ὅτε.
1701 328 1843 364 [dois-nm]
1890 330 2011 364 Deficere,
2029 329 2134 362 transire
2154 328 2186 354 ad

1156 367 1296 394 deteriorem
1314 375 1424 403 partem,
1441 371 1575 403 relinquere
1593 368 1701 393 meliora.
1751 366 1808 391 Liu.
1822 374 1852 396 2,
1866 372 1892 397 19
1912 365 2043 391 Praeneste
2058 374 2071 391 a
2086 364 2186 390 Latinis
2206 376 2209 379 ·

1156 402 1187 428 ad
1202 404 1333 429 Romanos
1347 400 1466 429 desciuit.
1538 402 1578 429 Ab
1594 403 1704 429 excitata
1718 401 1825 427 fortuna
1837 400 1868 426 ad
1883 400 2048 431 inclinatam,
2066 407 2090 426 et
2105 407 2186 434 prope

1158 438 1283 464 iacentem
1304 438 1443 465 desciscere
1461 436 1515 464 Cic.
1530 439 1600 464 Fam.
1619 447 1651 470 2,
1675 439 1712 463 16.
1783 436 1938 470 Eloquentia
1954 442 1978 461 ct
1992 443 2106 461 caeterae
2120 442 2186 461 artes

1157 473 1320 500 desciuerunt
1345 474 1377 500 ab
1400 473 1445 499 ista
1464 479 1551 499 vetere
1572 474 1657 508 gloria
1681 469 1748 499 Dial.
1768 471 1800 497 de
1820 472 1887 497 caus.
1906 478 1973 496 corr.
1994 471 2079 504 eloqu.
2107 479 2127 496 c.
2149 475 2187 499 28.

1157 509 1301 535 Desciscere
1313 518 1327 535 a
1342 508 1528 534 consuetudine
1542 515 1676 542 parentum
1689 507 1754 534 Plin.
1767 506 1844 541 Epist.
1858 514 1880 539 3,
1893 513 1932 532 20.
1981 506 2030 537 Sic,
2043 506 2188 531 Dcsciscere

1158 544 1190 570 ab
1203 546 1310 578 antiqua
1323 544 1487 570 institutione
1502 543 1556 570 Cic.
1572 544 1602 569 de
1618 544 1673 570 Fin.
1682 553 1709 578 4,
1723 551 1751 575 19
1772 551 1792 567 c.
1808 547 1830 571 8.
1901 542 1923 567 A
1934 546 2026 566 natura
2040 541 2095 566 Cic.
2105 541 2187 566 Tusc.

1159 588 1179 611 3,
1193 589 1204 611 3
1225 589 1246 605 c.
1260 589 1284 606 2.
1355 579 1455 605 Gellius
1470 587 1492 611 3,
1507 581 1533 604 16
1560 579 1621 604 Eam
1642 588 1697 605 rem
1711 577 1856 605 Caecilium
1876 584 1930 603 non
1944 575 2130 601 inconsiderate
2150 575 2189 601 di-

1159 616 1236 645 xisse,
1254 623 1340 649 neque
1355 621 1453 641 temere
1472 623 1486 640 a
1501 614 1662 646 Menandro,
1680 621 1756 648 atque
1774 622 1788 639 a
1801 612 1946 638 multorum
1959 611 2132 645 opinionibus
2147 610 2189 636 de·

1159 651 1266 676 sciuiffe.
1338 651 1359 676 A
1375 650 1517 684 Republica
1535 650 1590 675 Cic.
1605 658 1651 683 pro
1667 649 1755 675 Rabir.
1769 655 1807 680 23.
1863 647 1935 673 Idem
1947 647 1998 673 Att.
2013 655 2036 678 2,
2049 654 2076 678 19
2095 645 2190 679 Neque

1158 694 1273 720 vnquain
1289 685 1355 711 mihi
1371 687 1459 711 veniet
1475 685 1502 710 in
1516 691 1646 718 mentem,
1665 686 1751 711 Crasso
1771 681 1891 710 inuidere
1905 692 1910 708 ε
1941 690 2027 716 neque
2045 682 2191 716 poenitere,

1159 721 1231 756 quod
1254 729 1268 746 a
1282 730 1325 746 mc
1338 721 1391 754 ipse
1406 729 1458 746 uon
1471 720 1632 746 desciuerim.
1704 720 1744 746 Ab
1758 719 1877 745 societate
1892 717 1958 744 Vell.
1971 726 2002 749 2,
2016 726 2070 748 100,
2085 724 2108 742 2.

1158 757 1269 782 veritate
1283 757 1338 782 Cic.
1349 756 1425 782 Acad.
1440 765 1468 788 4,
1481 759 1524 788 46.
1581 756 1601 781 A
1615 756 1667 781 vita
1677 774 1684 787 ,
1706 755 1822 781 Exceilcre
1835 763 1846 779 e
1859 755 1914 779 vita
1928 753 1998 779 Idem
2013 753 2044 778 de
2052 752 2108 778 Fin.
2120 758 2141 782 3,
2154 752 2193 776 61.

1159 793 1181 818 A
1195 792 1294 825 Populo
1306 792 1426 817 Romano
1440 792 1470 817 ad
1485 791 1615 824 Illcrgetes
1628 791 1685 816 Liu.
1700 796 1737 821 28,
1751 798 1791 821 29.
1861 788 2007 815 Desciscere
2025 792 2112 821 aperte
2130 786 2191 812 Liu.

1159 835 1180 859 1,
1216 845 1222 852 .
1260 845 1265 851 .
1336 827 1401 852 Plin.
1418 831 1452 858 18,
1466 829 1492 852 16
1514 826 1539 852 Si
1554 826 1582 852 lit
1598 825 1736 851 humidum
1751 825 1845 856 solum,
1861 823 2046 854 herbosumue,
2068 822 2193 850 vincitur,

1160 868 1185 888 ct
1199 861 1315 888 desciscit
1329 862 1356 888 in
1370 869 1481 896 pratum.
1535 862 1602 896 Apes
1622 861 1754 887 desciuere
1772 860 1840 885 fanis
1860 858 1994 885 Claudian.
2010 858 2043 885 de
2057 858 2101 884 VI.
2114 858 2192 883 Cons.

1160 899 1263 924 Honor.
1294 900 1347 923 261.

1196 939 1240 958 DE
1250 938 1262 957 S
1273 938 1336 958 CIT
1346 938 1399 958 VM
1410 952 1418 964 ,
1446 932 1551 966 imperf.
1572 931 1630 966 pass.
1666 928 1828 963 [οἶφές-αται]
1871 928 1931 955 Liu.
1951 929 1995 960 26,
2032 947 2038 954 .
2077 947 2084 954 .
2121 928 2193 960 Qu>-

1160 977 1220 995 rum
1243 967 1274 994 de
1295 968 1421 993 sententia
1443 968 1556 993 maxime
1582 965 1709 992 descitum
1733 972 1747 989 a
1764 964 1890 989 Romanis
1917 963 2056 990 constabat.
2130 963 2195 989 Non

1160 1003 1257 1064 8111111111,
1277 1003 1319 1028 sed
1333 1003 1470 1037 praecipiti
1486 1003 1561 1029 cursu
1581 1010 1594 1027 a
1609 1000 1708 1027 virtute
1722 999 1863 1030 descitum,
1883 999 1914 1024 ad
1932 998 1999 1024 vitia
2020 999 2195 1024 transcursum

1162 1040 1200 1065 Ve
1223 1059 1229 1064 .
1243 1047 1268 1070 2,
1287 1047 1306 1070 1,
1324 1047 1343 1064 1.

1199 1072 1516 1103 υΕεεόΒιΝΑΤνς,
1536 1080 1558 1102 a,
1578 1079 1632 1097 um.
1670 1066 1730 1096 Adi.

1447 1109 1487 1135 Sic
1501 1107 1573 1134 Non.
1590 1115 1614 1138 z,
1630 1107 1674 1137 236
1695 1105 1804 1139 explicat
1814 1103 1876 1129 illud
1890 1102 2033 1134 Varronis,
2051 1103 2096 1128 Sin
2109 1108 2198 1128 autem

1162 1144 1345 1171 deled‘tationis
1358 1143 1430 1170 causa
1445 1142 1590 1174 venamini,
1604 1145 1702 1175 quanto
1717 1139 1796 1165 satius
1808 1138 1844 1165 est
1858 1138 1935 1164 saluis
1949 1137 2071 1164 cruribus
2085 1137 2112 1163 in
2126 1138 2198 1163 circo

1162 1179 1326 1214 exspectare,
1344 1188 1421 1214 quam
1437 1179 1477 1204 his
1490 1176 1664 1204 descobinatis
1677 1176 1704 1201 in
1717 1175 1781 1201 silua
1793 1182 1884 1200 curare
1898 1174 1907 1199 3
1959 1172 2059 1199 Arnob.
2073 1174 2089 1197 6
2109 1181 2133 1206 p.
2146 1180 2198 1198 200

1164 1216 1309 1242 Simulacra
1334 1216 1380 1241 isla
1416 1230 1460 1234 —
1496 1211 1650 1240 fornacibus
1671 1209 1774 1237 incoc‘ia
1797 1209 1930 1243 figulinis,
1958 1215 1989 1234 ex
2011 1207 2149 1234 incudibus
2174 1212 2199 1233 et

1164 1251 1267 1278 malleis
1285 1257 1360 1283 nata,
1378 1249 1462 1276 tornis
1481 1249 1553 1281 rasa,
1572 1246 1740 1273 descobinata
1754 1246 1784 1271 de
1800 1245 1888 1277 limis,
1908 1242 2002 1276 serris,
2019 1242 2201 1277 perspi-aculis,

1585 1283 1678 1309 Thema
1693 1280 1724 1314 est
1739 1281 1826 1307 Scobs.
1867 1279 1924 1306 Vid.
1941 1283 2132 1305 mscomno.

1202 1329 1220 1348 D
1231 1329 1246 1348 E
1257 1329 1269 1348 S
1278 1329 1294 1349 C
1305 1329 1322 1348 R
1333 1323 1344 1347 Ϊ
1355 1328 1370 1348 Β
1380 1328 1414 1352 O,
1439 1321 1472 1355 pil
1481 1340 1489 1352 ,
1505 1326 1577 1354 ptum
1586 1337 1594 1351 ,
1616 1320 1669 1344 ere.
1706 1316 1874 1352 [ἅπαγριέφω,
1888 1313 2026 1350 διαγράφω,
2040 1311 2202 1348 καταγράφων,

1165 1357 1309 1393 ὑπογράφω,
1328 1355 1474 1391 ἓπιγροὶφω]
1509 1357 1612 1389 Proprie
1626 1351 1676 1385 cst,
1694 1351 1758 1387 quod
1773 1353 1874 1377 barbare
1892 1352 1966 1386 vulgo
1982 1351 2082 1385 Copiare
2099 1349 2202 1378 daecitur,

1165 1395 1321 1428 Exemplare,
1341 1393 1380 1418 uel
1392 1390 1580 1426 Transsumer.=‚
1597 1395 1641 1415 aut
1652 1387 1852 1423 Traizsfiribere.
1887 1385 1942 1412 Cic.
1952 1386 2002 1411 Att.
2013 1394 2037 1417 2,
2057 1404 2063 1411 .
2086 1404 2091 1410 .
2112 1383 2203 1410 Edicta

1167 1429 1223 1455 eius
1240 1434 1264 1455 et
1277 1428 1417 1454 conciones
1432 1425 1597 1457 describunt,
1615 1430 1639 1450 et
1653 1423 1752 1457 legunt.
1822 1421 1976 1448 Describere
1989 1421 2088 1446 librum
2107 1419 2140 1446 ab
2155 1419 2203 1445 ali-

1768 1066 1977 1102 [κατεξυσμένος]
2011 1065 2116 1093 Saucius
2126 1086 2132 1097 ,
2153 1067 2195 1093 ab·

64 1466 160 1498 opinor,
174 1464 238 1500 quod
252 1468 294 1500 qui
312 1469 339 1491 in
357 1467 407 1492 loco
425 1467 555 1503 celsior-ese
566 1473 646 1499 tener,
662 1473 771 1503 pugnam
784 1465 921 1493 detreHare
934 1464 1105 1498 existimatur.-
1120 1468 1149 1494 35
1167 1473 1238 1498 quo,
1257 1462 1324 1490 aad
1335 1463 1456 1498 exemplar
1470 1461 1534 1497 quod
1546 1462 1636 1495 aliquis
1650 1460 1720 1485 habet
1733 1468 1740 1483 :
1767 1457 1823 1484 CiC.
1839 1458 1891 1483 An.
1908 1464 1943 1489 13,
1957 1464 1984 1483 21
2010 1455 2113 1489 Scripsit
2130 1455 2203 1481 enim

65 1507 132 1534 quem
146 1509 216 1534 quum
229 1502 360 1536 relinquit,
380 1509 403 1527 ct
415 1504 530 1528 inlocum
544 1511 644 1537 aequum
658 1505 740 1534 venit,
759 1509 831 1538 atque
845 1501 985 1537 discendit,
1003 1501 1116 1527 mentem‘

58 1535 88 1570 se
99 1535 230 1574 pugnandi
241 1535 327 1562 habere
342 1537 460 1564 declarat.
496 1537 597 1572 Ideoque
609 1547 657 1563 non
663 1538 723 1574 sere
735 1538 829 1564 dicitur
850 1538 878 1563 in
893 1537 983 1563 forum
1003 1537 1105 1562 deseen-

67 1569 145 1602 dere,
163 1572 208 1603 nisi
225 1574 267 1606 qui
279 1572 412 1607 pugnandi
432 1579 455 1598 ee
474 1571 640 1608 defendendae
659 1577 715 1599 litis
732 1573 805 1609 causa
815 1576 885 1598 venit
898 1575 924 1598 in
930 1572 1032 1608 forum,
1056 1581 1104 1597 non

65 1614 145 1631 rerum
169 1608 292 1641 venustum
311 1611 417 1633 coemtor
436 1617 466 1633 ac
479 1611 626 1644 negotiator.
699 1610 730 1635 Et
750 1609 779 1634 in
801 1617 921 1642 campum
950 1606 1105 1632 descendere

67 1650 116 1666 non
132 1640 178 1674 nist
190 1643 233 1676 qui
246 1643 317 1675 litis,
337 1643 502 1683 digyzitatlszce
518 1644 588 1679 causa
602 1642 683 1677 (ficut
695 1647 722 1669 in
734 1651 818 1678 campo
832 1641 1037 1677 Martiofiebat)
1055 1650 1105 1666 cer·
1115 1647 1151 1672 40
1167 1649 1208 1666 cas
1218 1659 1225 1671 ,
1252 1646 1300 1674 pro
1321 1638 1408 1665 Verbis
1424 1639 1525 1663 Latinis
1543 1645 1584 1662 eas

65 1682 164 1702 taturus
178 1677 257 1702 vadit.
315 1680 367 1704 Nec
382 1687 409 1704 in
428 1678 557 1712 praelium
572 1687 719 1712 pugnamue
738 1678 906 1709 descendere,
924 1676 988 1712 quod
1008 1679 1034 1702 in
1055 1677 1107 1702 loca

67 1711 192 1752 {vistripra
206 1712 342 1746 descendat.
382 1716 438 1739 Non
453 1717 514 1739 enim
527 1715 592 1739 locus
607 1713 638 1746 est
648 1721 750 1748 pugna,
769 1720 792 1739 ct
800 1714 935 1748 praelium,
957 1721 1028 1746 quum
1041 1711 1107 1736 nihil

66 1747 164 1778 mtetsst
178 1749 257 1785 qualis
270 1748 335 1773 locus
342 1747 397 1781 stt,
410 1749 518 1783 planus,
535 1759 566 1774 an
581 1751 731 1782 montuosus,
749 1752 775 1773 in
789 1748 894 1782 quemfi
910 1746 1017 1780 confert,
1026 1747 1068 1779 qui
1079 1747 1106 1768 in

63 1787 175 1815 pugnam
195 1781 332 1815 descendum
350 1783 452 1808 dicitur.
493 1785 527 1808 Vr
545 1782 611 1816 apud
632 1782 706 1814 Virg.
728 1783 792 1807 Aen.
811 1790 843 1811 11,
857 1788 907 1812 450
928 1780 1013 1814 (finis
1026 1785 1106 1803 aurem

1168 1499 1261 1527 Balbus
1279 1498 1311 1525 ad
1325 1507 1384 1530 me,
1409 1498 1435 1524 se
1454 1506 1469 1524 a
1483 1503 1507 1523 te
1518 1497 1640 1531 quintum
1656 1494 1687 1520 de
1701 1493 1810 1520 Finibus
1830 1492 1928 1518 librum
1942 1490 2110 1525 descripsisse,
2132 1492 2149 1516 i.
2165 1489 2204 1515 de-

1160 1534 1318 1571 scribendum
1338 1532 1437 1566 curaſje.
1503 1533 1544 1559 Sic
1562 1531 1679 1561 Ibidem,
1707 1528 1821 1554 Mirifice
1844 1526 1946 1553 Cerelia
1971 1526 2056 1552 studio
2077 1525 2203 1552 videlicet

1168 1568 1352 1605 philosophiae
1365 1566 1633 1602 flagrans‚·describit
1648 1573 1662 1590 a
1676 1564 1736 1589 tuis.
1795 1564 1882 1596 Qiem
1895 1560 1994 1587 librum
2006 1561 2038 1587 ad
2052 1566 2077 1587 te
2090 1562 2204 1591 mittam,

1168 1606 1185 1631 fi
1200 1604 1381 1638 descripserint
1393 1603 1498 1628 librarii
1510 1601 1583 1628 Idem
1597 1601 1740 1632 Att.12‚14.
1795 1596 1948 1623 Describere
1963 1595 2113 1621 comoedias
2124 1594 2204 1620 Grae-

1602 1638 1748 1668 exprimere‚
1768 1639 1792 1657 et
1807 1631 1840 1657 ad
1858 1633 1989 1665 exemplum
2007 1639 2087 1656 earum
2100 1628 2206 1663 fimilrs,

1167 1674 1315 1709 eiusdemque
1333 1675 1473 1710 argumenti
1492 1678 1630 1705 componere
1654 1674 1726 1694 amm
1745 1667 1787 1700 ..ffi
1804 1666 1870 1700 apud
1887 1666 1956 1691 Ter.
1977 1666 2005 1691 in
2023 1664 2092 1691 Prol.
2110 1665 2174 1690 Eun.
2187 1671 2205 1697 7

1170 1710 1225 1742 Qii
1242 1709 1308 1734 bene
1323 1707 1467 1739 vertendo,
1488 1712 1512 1732 et
1527 1714 1568 1732 eas
1582 1701 1754 1730 describendo
1773 1703 1858 1733 male,
1892 1701 1912 1726 E
1925 1700 2031 1726 Graecis
2046 1700 2139 1732 bonis,
2158 1700 2205 1725 La.-

1538 1741 1595 1767 Alii
1605 1741 1689 1765 aliter.
1727 1737 1773 1763 scd
1786 1740 1874 1771 optime
1890 1737 1970 1762 Remi.
1992 1741 2018 1761 et
2029 1735 2130 1762 casdem
2146 1735 2206 1761 scri-

1562 1774 1691 1810 fideliter‚
1714 1772 1813 1799 verbum
1834 1781 1845 1798 e
1863 1771 1936 1797 verlo
1956 1769 2083 1797 vertendo
2104 1770 2208 1796 easdem

1169 1746 1236 1770 tinas
1250 1744 1313 1770 fecit
1328 1753 1382 1770 non
1398 1743 1487 1769 bonas.

1170 1778 1268 1804 bendo.
1325 1780 1394 1804 Bene
1412 1780 1487 1803 nimis
1514 1782 1538 1802 et

66 1817 115 1839 crit
128 1817 154 1838 in
169 1824 195 1839 νε·
205 1819 334 1848 perspicua
348 1826 420 1841 unum
433 1817 565 1849 exemplum
573 1816 725 1849 protulilii‘)
744 1814 886 1840 instructos
899 1814 955 1839 acie
962 1812 1106 1844 Tyberino
1120 1814 1153 1840 45
1170 1813 1238 1838 male
1252 1812 1359 1847 scripsit,
1373 1815 1450 1839 malus
1458 1812 1570 1848 scriptor
1582 1811 1688 1836 Latinus
1696 1807 1764 1844 ficit,
1781 1808 1872 1842 puerili
1885 1813 1908 1832 et
1915 1807 2006 1842 seruili
2016 1807 2059 1832 illa
2072 1804 2206 1838 industria.

67 1856 81 1873 a
97 1848 205 1873 flumine
220 1849 356 1886 Teucros,
392 1850 617 1884 Tyrrhenamque
630 1858 736 1875 manum
749 1849 812 1875 totis
826 1847 980 1874 descendere
999 1848 1105 1882 campis.

66 1881 194 1909 Hactenus
214 1883 293 1923 isa-lla.
355 1885 395 1910 sic
413 1884 473 1910 Liu.
489 1891 515 1918 7,
553 1904 559 1911 .
596 1904 602 1910 .
638 1885 729 1910 Primo
748 1883 853 1910 credere
873 1883 950 1910 duces
967 1883 1106 1909 Gallorum

66 1917 231 1958 descensuros
246 1927 273 1944 in
286 1927 398 1953 aequum
413 1919 555 1946 Romanos.
628 1920 684 1946 Cic.
698 1920 780 1946 Tusc.
795 1928 819 1952 2,
833 1921 866 1945 62
887 1919 1001 1945 Nullum
1016 1918 1048 1945 ab
1061 1919 1104 1950 iis,

67 1961 113 1988 qui
133 1961 160 1979 111
173 1953 199 1979 id
212 1959 343 1980 certamen
356 1954 523 1988 descendant,
545 1954 662 1982 deuitari
681 1954 804 1982 dolorem
818 1956 827 1982 3
898 1955 939 1981 Sic
951 1955 1022 1981 Caes.
1038 1955 1066 1980 B.
1075 1954 1106 1980 C.

1170 1847 1339 1880 Dea-tibere,
1358 1855 1422 1882 pro,
1442 1851 1468 1873 in
1488 1847 1586 1872 rabulas
1604 1844 1637 1871 ad
1654 1843 1832 1877 custodiendam
1851 1851 1989 1868 memoriam
2007 1840 2103 1877 referre
2116 1850 2123 1865 .·
2152 1841 2206 1866 vid.

1170 1884 1309 1910 Burmann.
1323 1882 1356 1908 ad
1368 1883 1440 1917 Calp.
1454 1882 1535 1909 Flacc.
1549 1879 1739 1915 Declam.fi1bi.
1755 1876 1877 1913 Qinbiil.
1892 1884 1920 1911 p.
1933 1886 1992 1910 794.
2061 1876 2116 1902 Cic.
2128 1874 2207 1902 Acad.

1170 1929 1198 1952 4,
1236 1938 1242 1944 .
1279 1938 1285 1945 .
1322 1919 1392 1944 Haec
1411 1927 1492 1953 quum
1511 1925 1573 1943 vera
1587 1916 1634 1941 esse
1654 1915 1816 1944 concessero,
1837 1912 1854 1938 si
1871 1911 1995 1937 adiiciam
2013 1911 2207 1942 iusiurandum,

1170 1955 1347 1988 sapientemne
1369 1954 1443 1988 prius
1462 1962 1540 1987 quam
1561 1949 1730 1977 Archimedes
1749 1957 1782 1974 eo
1799 1947 1959 1981 inspectante
1980 1947 2095 1972 rationes
2116 1955 2206 1972 omnes

19 1992 21 1996 ‘
65 1997 90 2021 3,
105 1988 120 2020 9
145 1990 234 2023 Quum
257 1990 335 2016 essent
356 1990 458 2016 infirmi
476 1990 508 2017 ad
528 1990 711 2022 resistendum,
731 1997 839 2025 propter
851 1990 1007 2024 paucitatem
1021 1988 1107 2015 1101111-
1124 1998 1156 2024 5¹0
1171 1988 1335 2023 descripserit
1349 1998 1405 2021 eas,
1426 1988 1523 2023 quihus
1539 1985 1660 2016 efficitur,
1675 1984 1765 2011 multis
1778 1983 1895 2017 partibus
1915 1981 1994 2007 solem
2016 1982 2143 2007 maiorem
2159 1982 2208 2006 effe

67 2033 147 2057 num,
166 2024 265 2051 crebris
279 2025 395 2051 confecti
407 2026 581 2059 vulneribus,
602 2025 634 2053 ad
655 2031 801 2052 extremum
820 2025 950 2052 auxilium
970 2023 1107 2051 descende-

65 2066 142 2090 runt,
165 2060 308 2095 seruosque
321 2069 411 2087 omncs
424 2061 534 2095 puberes
549 2062 738 2088 liberauerunt.
811 2062 906 2088 Brutus
925 2061 981 2087 Cic.
1020 2079 1026 2087 .
1065 2079 1071 2085 .

66 2095 91 2122 si
105 2094 221 2130 pellimus
234 2097 304 2122 casus
318 2096 410 2129 fuerit,
418 2096 449 2123 ad
463 2097 598 2123 nouissima
612 2097 712 2123 auxilia
725 2096 918 2123 descendemus,
1009 2094 1049 2121 Ad
1063 2102 1106 2120 ex-

66 2135 182 2192 tri-emtum
205 2131 351 2158 Consilium
378 2132 449 2158 Caes.
469 2132 497 2158 B.
517 2132 549 2158 G.
568 2141 591 2165 3,
611 2141 654 2165 29.
726 2133 766 2159 Ad
780 2138 896 2159 extrema
921 2130 990 2157 Asin.
1002 2130 1034 2156 ad
1047 2130 1105 2156 Cic.

90 2174 141 2192 am.
158 2174 194 2197 10,
207 2175 245 2198 32.

69 2209 187 2234 campum
202 2202 308 2236 petitor.
376 2203 431 2230 Cic.
446 2203 498 2230 Att.
505 2208 528 2235 8,
537 2212 546 2229 1
567 2204 629 2237 Qio
643 2203 730 2230 minus
743 2204 848 2234 mirere,
861 2202 879 2229 fi
892 2202 992 2228 inuitus
1007 2201 1035 2227 in
1047 2209 1105 2227 eam

67 2237 168 2262 eausam
182 2237 323 2269 descendo,
336 2238 374 2278 ,111
388 2247 439 2273 qua
451 2247 535 2274 neque
549 2240 634 2273 pacis,
654 2248 740 2274 neque
754 2238 886 2266 mesori-'xe
904 2237 973 2264 ratio
993 2235 1106 2272 quaesita

67 2280 182 2311 ynquam
197 2272 240 2299 est.
311 2273 370 2300 Liu.
383 2276 423 2307 36,
459 2294 466 2302 .
504 2294 510 2301 .
547 2275 573 2301 Si
587 2275 664 2301 semel
678 2275 707 2301 in
725 2276 826 2301 causam
844 2273 1021 2305 descenderit,
1037 2271 1107 2299 nihil

66 2313 200 2368 integrum
214 2308 334 2335 suturuin
346 2309 391 2336 est.
463 2311 494 2337 In
514 2309 715 2337 dimicationem
734 2311 805 2338 vitae
819 2319 867 2345 pro
881 2309 965 2344 patria
985 2308 1061 2335 Aufr.
1074 2307 1107 2334 ad

95 2350 164 2369 eren.
178 2352 206 2376 4,
243 2363 249 2370 .
288 2363 295 2370 .

68 2376 142 2404 ribus
173 2378 266 2410 dicbus
303 2388 358 2406 non
387 2380 518 2408 descendit
548 2381 638 2413 aluus,
663 2381 739 2409 docet
769 2387 814 2408 aut
839 2380 953 2407 subitam
980 2379 1038 2406 deie
1068 2379 1106 2405 io-

67 2422 143 2453 nem,
162 2420 206 2441 aut
219 2414 378 2442 febriculam
391 2416 496 2443 instare.
568 2418 627 2444 Sen.
642 2417 674 2444 de
688 2418 778 2444 Benef.
794 2426 825 2449 2,
846 2425 871 2449 31
912 2417 942 2442 111
961 2414 1108 2441 amicitiam

66 2455 164 2483 autem,
172 2459 239 2490 quae
252 2450 346 2491 similes
361 2451 448 2486 iungit
457 2472 464 2484 ‚
483 2461 537 2479 non
549 2452 711 2479 descendam.
780 2454 849 2479 Hor.
863 2452 891 2478 in
906 2452 968 2477 Arte
981 2452 1051 2477 Po'et.
1061 2455 1108 2484 387

74 2514 78 2515 ⁷
102 2499 147 2505 —
183 2486 210 2511 Si
233 2485 299 2526 qiud
317 2491 405 2513 tamen
425 2487 492 2514 olim
528 2488 679 2523 Scripseris,
700 2488 729 2514 in
752 2488 833 2516 Metii
850 2486 986 2513 descendat
1009 2485 1106 2512 iudicis

69 2527 153 2546 aures.
225 2521 307 2548 Cibus
327 2522 448 2549 celeriter
468 2523 601 2550 descendit
621 2524 688 2550 Cels.
704 2532 724 2556 1,
738 2525 764 2550 6.

67 2559 194 2595 terutram
209 2555 240 2582 ad
253 2556 442 2585 Condicionem
455 2558 610 2586 descendere
620 2559 678 2586 vult
693 2560 802 2592 Caesar,
821 2564 850 2585 vt
863 2563 925 2590 aut,
945 2564 990 2584 etc.
1039 2555 1105 2582 Plin.

68 2590 145 2624 Epist.
162 2600 200 2623 10,
211 2600 257 2632 40,
271 2601 281 2618 1
299 2592 372 2619 Salua
384 2593 566 2629 magnitudine
579 2601 622 2621 tua
632 2615 640 2627 ‚
664 2594 801 2621 descendas
814 2599 920 2629 oportet
934 2592 965 2620 ad
979 2600 1048 2618 meas
1057 2592 1108 2618 Cu-

69 2633 126 2657 sas,
149 2635 230 2660 quum
244 2635 284 2653 ius
297 2628 366 2654 mihi
379 2628 482 2656 dederis
495 2630 629 2657 referendi
643 2630 674 2656 ad
687 2637 712 2657 te
728 2629 759 2656 de
778 2630 874 2664 quibus
895 2628 996 2655 iudico.
1044 2628 1106 2653 Pro-

70 2666 136 2693 pert.
150 2669 172 2693 3,
185 2670 206 2693 3,
220 2664 254 2696 67
284 2663 324 2688 An
342 2662 402 2689 fieta
420 2665 448 2690 in
466 2666 574 2691 miseras
587 2665 719 2692 descendit
734 2665 832 2691 Fabula
845 2669 949 2698 gentes,
983 2664 1013 2688 Et
1026 2662 1109 2688 timor

490 2342 511 2387 ff
532 2355 549 2373 2
587 2347 712 2373 Formulae
726 2348 798 2373 aliae.
834 2345 902 2372 Cels.
917 2351 963 2379 3,7
981 2344 1035 2370 Vbi
1069 2343 1106 2369 lu-
1120 2345 1156 2370 60
1171 2344 1243 2369 Idem
1257 2350 1305 2377 pro
1318 2341 1409 2368 Rabir.
1423 2341 1490 2367 Post.
1526 2359 1533 2366 .
1571 2359 1578 2366 .

837 2523 892 2549 Cic.
907 2523 978 2548 Fam.
993 2526 1016 2554 8,
1031 2526 1044 2551 8
1064 2520 1106 2546 Al·
1121 2518 1153 2550 65
1171 2519 1247 2546 classis
1263 2519 1456 2559 descripsissem.

1170 2033 1249 2059 quam
1261 2031 1374 2056 terram,
1394 2024 1541 2050 iuraturum
1556 2021 1648 2056 putas3
1843 2015 1864 2049 q
1885 2025 1902 2043 2
1937 2016 2108 2049 Describere,
2139 2014 2207 2049 [διοι-

1330 2059 1455 2094 Dcfinire,
1476 2065 1499 2083 et
1513 2058 1628 2092 partiri,
1647 2053 1701 2087 fiue
1716 2052 1834 2079 Diuidere
1853 2059 1876 2077 et
1889 2050 2050 2084 Distribucre.
2110 2051 2170 2077 Liu.
2188 2060 2209 2084 1,

1169 2059 1294 2093 ’‘M“Bm]
1791 2087 1847 2113 Cic.
1862 2087 1939 2113 Verr.
1954 2095 1979 2118 Ι,
1998 2094 2041 2120 215
2067 2087 2148 2120 QOd
2162 2086 2209 2112 nisi

1172 2103 1200 2127 19
1229 2096 1259 2121 In
1276 2095 1325 2120 XII
1344 2095 1443 2120 menses
1464 2101 1561 2119 annum
1578 2087 1720 2123 descripsit.

1170 2130 1257 2156 omnis
1270 2129 1403 2155 frumenti
1421 2129 1508 2159 ratio,
1530 2135 1562 2152 ex
1579 2123 1745 2159 temporibus
1764 2123 1840 2155 esset,
1858 2129 1883 2149 et
1903 2131 2019 2153 annona,
2040 2131 2094 2148 non
2113 2131 2143 2148 ex
2161 2131 2209 2148 nu-

313 2168 381 2195 Hor.
390 2167 444 2194 Od.
460 2176 483 2200 3,
496 2176 516 2200 1,
531 2176 553 2194 11
589 2182 633 2187 -
670 2168 722 2194 Hic
737 2167 888 2202 generosior
922 2165 1064 2193 Descendat
1078 2165 1107 2191 in
1124 2171 1152 2197 55
1170 2173 1261 2197 mero,
1281 2173 1367 2198 neque
1386 2172 1417 2190 ex
1431 2165 1529 2189 summa
1542 2159 1741 2191 consideranda,
1759 2166 1894 2192 nunquam
1909 2164 1961 2184 tam
1975 2157 2043 2192 grati
2057 2158 2097 2184 his
2112 2158 2209 2192 sesqui-

1169 2199 1256 2226 modii
1270 2201 1305 2233 Q
1318 2198 1440 2226 Hortensi
1458 2198 1575 2224 fuissent:
1596 2205 1661 2231 quos
1674 2201 1711 2227 tu,
1725 2203 1806 2228 quum
1826 2193 1857 2220 ad
1871 2194 2006 2219 mensurae
2021 2199 2073 2219 tam
2087 2194 2209 2227 exiguam

1171 2236 1301 2263 rationem
1316 2235 1418 2269 Populo
1431 2235 1551 2260 Romano
1566 2233 1593 2259 in
1607 2231 1690 2266 capita
1704 2229 1886 2263 descripsisses,
1903 2228 2071 2262 gratissimum
2086 2228 2210 2255 omnibus

1170 2271 1264 2298 fecisti.
1336 2272 1366 2297 Et
1383 2269 1415 2296 de
1428 2270 1498 2304 Lege
1511 2270 1573 2303 Agr.
1587 2276 1613 2300 2,
1627 2272 1661 2300 84
1680 2275 1701 2292 c.
1715 2274 1740 2297 31
1761 2265 1887 2298 Adiungit
1901 2265 2033 2291 Stellatem
2047 2273 2167 2298 campiun
2180 2267 2210 2290 in

1169 2316 1234 2342 agro
1247 2308 1382 2340 Campano
1391 2326 1399 2338 ‚
1418 2311 1443 2331 et
1456 2305 1483 2331 in
1495 2313 1527 2331 eo
1541 2302 1662 2330 duodena
1674 2301 1797 2328 describit
1808 2300 1836 2326 in
1850 2300 1962 2334 singulos
1975 2299 2095 2326 homines
2110 2300 2209 2334 iugera.

1615 2359 1621 2365 .
1659 2338 1788 2371 Qiaeque
1801 2336 1878 2362 multi
1893 2335 2014 2362 homines
2026 2336 2159 2361 necessarii
2175 2336 2210 2361 se-

1171 2377 1262 2404 cundis
1275 2377 1390 2403 Postumi
1407 2376 1485 2402 rebus
1499 2375 1641 2409 descripta,
1663 2372 1853 2402 sustinuerunt,
1871 2380 1939 2398 nune
1959 2371 2014 2397 eius
2034 2370 2137 2397 afflictis
2154 2371 2210 2396 for-

1169 2414 1240 2440 tunis
1254 2413 1377 2439 vniuersa
1390 2412 1511 2444 sustinet,
1531 2413 1549 2437 i.
1563 2413 1630 2436 inter
1637 2409 1666 2445 se
1674 2411 1774 2444 partita
1788 2416 1811 2433 er
1824 2407 1913 2443 diuisa.
1984 2404 2056 2433 Caes.
2070 2406 2132 2432 Bell.
2148 2405 2208 2431 Ciu.

1171 2457 1193 2481 3,
1206 2457 1239 2482 42
1258 2447 1389 2474 Veciuras
1407 2446 1535 2473 frumenti
1554 2445 1676 2471 finitimis
1696 2443 1849 2469 ciuitatibus
1868 2441 2007 2475 descripsit.
2059 2442 2099 2468 Sic
2117 2440 2208 2466 Iustin.

1262 2485 1352 2517 Qium
1367 2482 1538 2510 Athenienses
1557 2481 1634 2508 vikiis
1648 2479 1742 2510 Persis,
1760 2478 1885 2504 Graeciae
1905 2477 2033 2502 tributum
2053 2476 2082 2501 in
2098 2475 2208 2501 tutelam

1493 2517 1566 2553 Conf.
1583 2518 1670 2542 Gracu.
1688 2514 1722 2539 ad
1734 2514 1789 2539 Cic.
1805 2514 1858 2537 Att.
1871 2520 1893 2543 2,
1907 2519 1916 2536 1
1941 2520 1965 2544 p.
1981 2517 2036 2544 170.
2105 2511 2208 2536 Descri-

1170 2555 1232 2582 bcre
1252 2563 1405 2589 pecuniam,
1428 2554 1468 2580 vel
1486 2553 1616 2582 sumtum,
1640 2555 1684 2575 aut
1698 2547 1810 2580 vectigal
1829 2544 1877 2579 est,
1904 2547 1978 2571 Hanc
1994 2547 2066 2576 huic,
2085 2546 2148 2572 banc
2167 2545 2208 2572 illi

1171 2486 1208 2516 16,
1223 2492 1234 2516 3

1161 2591 1281 2627 flamniam
1293 2592 1427 2624 pecuniae,
1447 2590 1518 2623 quam*
1532 2587 1627 2621 fhluere
1642 2583 1740 2614 debeat,
1758 2581 1858 2617 definire
1872 2591 1882 2610 ,⁴
1907 2581 1947 2620 ¹²¹7
1965 2580 2029 2616 quod
2040 2583 2067 2606 in
2081 2581 2208 2621 exigendis

1168 2626 1272 2652 tributis
1283 2624 1431 2659 fierifhlet:
1451 2622 1507 2648 Cic.
1524 2629 1572 2655 pro
1585 2619 1666 2645 Flacc.
1680 2626 1710 2650 32
1735 2625 1756 2643 e.
1773 2626 1802 2649 14
1820 2618 1850 2642 In
1864 2625 1918 2650 quo
1932 2617 2016 2650 igitur
2028 2616 2157 2642 Praetoris
2171 2616 2207 2642 est

1170 2660 1309 2694 diligentia
1328 2657 1485 2693 requirenda
1499 2657 1508 2683 3
1534 2657 1561 2682 in
1574 2662 1685 2681 numero
1703 2653 1824 2682 nauium,
1844 2657 1870 2677 et
1883 2652 1911 2677 in
1924 2651 2098 2686 descriptione
2114 2660 2207 2686 aequa·

69 2701 114 2720 aut
127 2695 194 2721 vltra
207 2705 286 2731 quam
298 2706 377 2730 rogus
391 2699 438 2723 esse
451 2700 550 2731 potest?
587 2701 783 2732 Escendit‚alii:
796 2699 848 2725 vid.
858 2698 1007 2732 Brouckhus.
1043 2698 1106 2722 Fer·
1121 2700 1157 2727 70
1170 2695 1220 2721 bili
1234 2695 1332 2720 sumtus
1346 2695 1355 2720 3
1380 2692 1523 2719 dimidium
1536 2691 1592 2716 eius
1605 2697 1659 2723 quo
1672 2687 1811 2721 Pompeius
1825 2692 1880 2713 erat
1892 2687 1951 2713 vsus
1960 2707 1967 2719 ,
1985 2687 2137 2721 imperauit,
2153 2696 2207 2713 non

69 2739 129 2770 runi
145 2729 278 2757 descendit
290 2732 318 2757 in
331 2732 377 2758 ilia
402 2732 481 2759 Ouid.
495 2734 559 2760 Met.
572 2742 595 2765 3,
609 2737 652 2768 67.
723 2734 762 2759 Ad
781 2733 938 2759 Inimicitias
954 2730 1108 2757 descendere

70 2765 126 2791 Cic.
141 2775 189 2799 pro
203 2767 321 2806 Mur-aen.
335 2769 374 2799 56.
446 2768 538 2794 Claud.
553 2768 586 2794 de
599 2769 627 2795 B.
642 2769 700 2795 Get.
717 2771 764 2795 601
796 2769 881 2794 Altius
903 2767 972 2794 haud
992 2775 1109 2801 vnquam

69 2806 127 2826 toto
142 2799 323 2828 descendimus
336 2803 394 2828 ense
428 2804 459 2828 In
473 2803 594 2837 Iugulum
608 2803 735 2835 Scythiae.
807 2803 847 2831 Ad
867 2803 935 2829 Iuris
947 2802 1034 2828 ciuilis
1051 2809 1108 2835 per-

71 2835 187 2861 discendi
202 2838 402 2871 occupationem
428 2839 483 2870 Cic„
497 2838 530 2864 de
543 2838 618 2865 Orat.
635 2847 655 2870 1,
669 2846 723 2871 252.
814 2838 880 2864 Plin.
894 2838 922 2863 in
935 2838 1027 2870 Paneg.
1041 2845 1062 2861 c.
1078 2840 1106 2867 85

1169 2730 1256 2765 potuit
1275 2729 1386 2764 parcius.
1449 2725 1589 2760 Descripsit
1607 2730 1694 2750 autem
1714 2723 1851 2757 pecuniam
1870 2722 1901 2749 ad
1922 2723 2040 2756 Pompeii
2060 2723 2208 2755 rationem,

1169 2773 1235 2799 quae
1248 2765 1300 2790 fuit
1313 2762 1508 2789 accommodata
1522 2762 1550 2787 L.
1564 2760 1649 2787 Sullae
1662 2759 1845 2793 descriptioni:
1868 2758 1916 2793 qui
1932 2767 2012 2792 quum
2030 2767 2120 2784 omnes
2135 2758 2207 2784 Asiae

1168 2800 1288 2826 ciuitates
1300 2799 1474 2833 proportione
1488 2798 1516 2823 111
1529 2795 1680 2831 prouincias
1694 2793 1866 2828 descripfiffet‚
1886 2793 1957 2819 illam
1971 2794 2103 2820 rationem
2118 2794 2145 2819 in
2159 2793 2207 2819 iin-

1170 2834 1284 2870 perando
1303 2835 1404 2865 sumtu,
1424 2839 1448 2860 et
1466 2832 1605 2867 Pompeius
1624 2837 1650 2857 et
1663 2830 1766 2857 Flaccus
1787 2831 1908 2864 sequutus
1929 2828 1973 2855 est.
2029 2828 2069 2854 Ad
2087 2829 2206 2863 Pompeii

69 2870 207 2898 Descendis
222 2872 248 2897 in
263 2873 354 2898 onmia
367 2873 556 2900 familiaritatis
569 2871 679 2906 Officia,
695 2879 720 2899 et
734 2873 761 2899 in
774 2873 889 2899 amicum
902 2880 933 2898 ex
947 2872 1108 2906 imperatore
1120 2874 1152 2902 75
1168 2871 1300 2897 rationem
1309 2889 1316 2901 ‚
1336 2872 1355 2896 i.
1362 2869 1495 2905 ficundum
1507 2869 1615 2902 Pompeii
1627 2866 1828 2902 descriptionem:
1849 2865 1905 2891 Cic.
1913 2864 1991 2899 Epist.
2006 2873 2042 2896 12,
2053 2873 2062 2891 1
2079 2865 2207 2891 Pecuniae

70 2906 240 2933 submitteris.
312 2908 403 2934 Tacit.
416 2910 482 2935 Ann.
499 2917 534 2942 15,
546 2917 576 2941 32
599 2909 683 2943 Igitur
709 2909 756 2935 vbi
780 2908 924 2935 coniuratis
943 2902 1106 2942 praefeftum

71 2951 177 2977 quoque
191 2943 317 2983 Praetorii
332 2943 360 2969 in
373 2944 460 2970 Partes
474 2944 627 2971 descendisse
636 2964 644 2977 ,
663 2944 757 2971 crebro
771 2944 848 2979 ipsius
862 2944 982 2970 sermone
996 2942 1063 2969 faeta
1078 2941 1106 2968 fi-

72 2979 296 3018 den-promtius,
317 2985 342 3005 et
356 2986 465 3006 caetera.
555 2980 695 3007 Descendit
715 2980 808 3011 Pestis,
826 2979 854 3006 id
873 2979 924 3011 est,
944 2977 1107 3009 incendium,

71 3013 176 3040 Seruius
192 3024 198 3040 :
233 3015 307 3049 Virg.
330 3015 394 3041 Aen.
423 3024 445 3048 5,
469 3017 524 3047 683.
597 3015 637 3042 Ad
650 3017 738 3042 Preces
751 3015 904 3041 descendere
917 3014 1027 3046 dicitur,
1046 3015 1107 3048 Qui,

71 3058 143 3084 quum
152 3049 249 3085 poscere
261 3050 358 3085 aliquid
363 3050 447 3086 poffit,
455 3058 479 3077 et
486 3058 536 3086 pro
543 3051 589 3087 fico
600 3054 653 3078 iure
665 3054 794 3086 imperare,
811 3058 892 3077 tamen
904 3053 940 3076 ita
947 3048 976 3086 Ji,
990 3049 1110 3081 demittit,
1123 3050 1155 3076 80
1169 3049 1285 3081 tuerint,
1310 3047 1381 3082 quod
1401 3047 1434 3073 lis
1452 3046 1597 3081 aequaliter
1617 3044 1687 3071 Sulla
1705 3043 1880 3076 descripserat.

71 3091 100 3110 vt
111 3087 182 3110 malit
194 3084 258 3111 illud
268 3095 385 3118 exorare,
405 3094 428 3112 et
442 3087 671 3122 inferiorifiaepplex
683 3086 725 3121 effi
754 3087 811 3113 Sen.
826 3085 935 3121 Hippol.
950 3087 1012 3118 669.
1066 3084 1106 3110 Ad

72 3120 170 3162 lJugnas
189 3121 275 3147 Valer.
289 3122 386 3155 Argon.
401 3130 423 3154 3,
436 3128 485 3155 ς18,
556 3123 716 3150 Descendere
728 3123 757 3149 in
770 3123 841 3153 Sese,
868 3125 886 3148 i.
907 3120 1063 3155 Considerare
1078 3119 1107 3155 fi

72 3156 157 3197 ipsum.
193 3156 259 3182 Pers.
267 3165 295 3189 4,
307 3165 336 3188 23
355 3158 389 3184 Vt
402 3166 479 3184 nemo
495 3158 523 3184 in
529 3158 586 3185 Sese
599 3164 680 3185 tentat
692 3158 855 3184 descendere.
911 3156 993 3192 Qiod,
1006 3158 1056 3183 alia
1070 3156 1108 3182 di-

74 3190 140 3216 cendi
149 3190 262 3231 formula
272 3211 281 3224 ,
297 3192 388 3218 Secum
402 3192 520 3220 habitare
533 3194 635 3220 dicitur.
706 3194 785 3228 Quod
794 3193 915 3220 Verbum
928 3192 956 3218 in
968 3192 1057 3227 pce’ius
1065 3193 1108 3218 Iu-

77 3225 180 3258 gurthae
193 3226 279 3267 altius,
291 3236 370 3262 quam
383 3229 523 3264 quisquam
537 3236 618 3262 ratus,
632 3229 764 3256 descendit
782 3229 840 3256 Sall.
854 3230 909 3263 Iug.
922 3237 953 3260 11,
962 3236 987 3262 7.

77 3267 123 3285 nus
135 3259 263 3288 deseendit
276 3271 371 3297 magno
382 3263 457 3290 hiatu
472 3265 532 3291 Stat.
546 3265 639 3292 Theb.
656 3274 691 3298 12,
711 3274 770 3298 340.
866 3264 950 3297 Lapsu
969 3263 1046 3289 molli
1066 3263 1108 3289 de·

78 3294 196 3322 scendunt
208 3297 318 3338 Zephyri
339 3299 425 3326 Valer.
439 3301 537 3335 Argon.
552 3309 570 3332 1,
584 3303 643 3333 686.
714 3301 779 3327 Ρ1111.
794 3307 833 3334 37,
846 3307 862 3332 9
882 3300 1003 3325 Alterum
1016 3307 1109 3325 carum

78 3330 297 3373 gcnusdcscendit
310 3333 341 3360 ad
354 3334 519 3366 hyacinthos.
590 3337 622 3363 Ει
632 3336 714 3371 paullo
722 3335 795 3372 post,
813 3335 943 3368 Quintum
962 3333 994 3360 ad
1012 3335 1108 3361 vicini-

78 3373 119 3390 am
152 3365 259 3396 crystalli
287 3368 425 3397 descendit.
528 3371 568 3398 Ad
595 3373 701 3398 minora
731 3371 886 3397 descendere
918 3369 1025 3403 Qiine't.
1047 3379 1072 3402 2,
1087 3379 1108 3402 3.

52 3442 55 3446 .
76 3398 250 3441 Desfendei‘e,
260 3409 306 3437 pro
321 3406 408 3437 Oriri3
428 3407 511 3442 nasi-i,
529 3407 596 3443 apud
614 3407 771 3442 leianum,
792 3413 816 3432 et
834 3412 950 3432 caeteros.

68 3435 146 3477 “hylus
158 3441 211 3460 ’¹³11
226 3435 430 3477 descendentium
444 3445 539 3468 nomine
552 3445 670 3475 veniunt,
687 3445 729 3478 qui
740 3452 794 3469 cum
808 3439 1005 3468 ascendentibus
1016 3439 1110 3467 restam

77 3472 167 3497 lmeam
183 3468 341 3511 constiti-ium,
360 3476 388 3502 de
400 3486 446 3512 qua
458 3478 584 3514 vulgatum
597 3477 674 3511 illud,
695 3478 791 3504 Nullos
809 3476 973 3504 ascendentes
996 3477 1065 3503 inter
1083 3478 1108 3503 se

76 3507 145 3540 posse
165 3505 325 3545 (Jonmlbfflm
346 3512 507 3539 contrahere.
579 3512 699 3546 Permista
725 3513 821 3540 tandem
841 3515 965 3548 reperitur
984 3512 1042 3539 haec
1059 3520 1107 3538 vox

76 3549 130 3568 'cum
144 3540 283 3567 Dlscedere
302 3545 339 3569 vel
354 3545 484 3575 Decedere
497 3559 504 3575 ε
546 3549 603 3576 Vici.
620 3550 705 3576 Burm.
720 3549 753 3575 ad
765 3549 871 3575 Nemes.
886 3556 912 3580 2,
926 3553 966 3581 89.

1040 3227 1106 3253 Vul-
1124 3225 1153 3254 85
1170 3227 1275 3261 Tranq.
1291 3227 1339 3252 An.
1359 3235 1379 3251 c.
1394 3234 1431 3251 10.

1007 3406 1074 3431 Hinc
1094 3415 1113 3432 oe
1122 3408 1157 3432 90
1170 3413 1218 3431 nos
1231 3405 1342 3431 dicimus
1362 3409 1476 3430 mortem
1487 3403 1495 3428 3

1169 2908 1300 2932 maximae
1318 2904 1514 2934 describuntur,
1533 2906 1550 2929 i.
1567 2902 1730 2939 affignantur.
1800 2901 1866 2927 Ter.
1881 2900 1987 2926 Phorm.
2000 2907 2023 2932 5,
2037 2905 2060 2932 8,
2074 2909 2105 2932 3ο
2126 2898 2207 2933 Quod

1169 2951 1202 2968 ne
1218 2950 1267 2976 ego
1280 2940 1400 2975 descripsi
1413 2949 1494 2975 porro
1509 2939 1561 2965 illis
1571 2958 1578 2971 ,
1598 2937 1693 2972 quibus
1705 2935 1795 2963 debui.
1832 2935 1957 2972 Sedfimzt,
1977 2938 2018 2971 qui
2035 2942 2139 2971 utroque
2156 2938 2206 2962 loco

1169 2979 1254 3013 legant
1272 2975 1407 3010 Descripfi.
1477 2975 1532 3002 Cic.
1555 2974 1587 3000 ad
1608 2975 1646 3006 Q
1662 2974 1744 2999 Fratr.
1764 2980 1789 3003 1,
1808 2980 1818 2998 1
1849 2972 1957 2997 Nomen
1972 2978 2058 2996 autem
2073 2971 2207 3005 publicani

1170 3013 1302 3048 aspernari
1314 3021 1368 3038 non
1381 3010 1545 3046 poliimt,qui
1559 3008 1671 3044 pendere
1683 3007 1729 3042 ipfi
1744 3007 1856 3040 vectigal
1870 3006 1921 3032 sine
1934 3006 2074 3041 publicano
2094 3015 2147 3032 non
2161 3015 2206 3040 po-

1403 3047 1407 3052 '
1951 3041 2051 3067 Orbem
2070 3041 2146 3067 radio
2164 3042 2206 3066 de-

1169 3084 1283 3111 scribere
1297 3083 1392 3117 Virgil.
1406 3081 1459 3108 Ecl.
1473 3090 1501 3114 3,
1514 3090 1554 3115 41.
1574 3081 1625 3107 h.e.
1639 3081 1731 3106 metiri.
1770 3080 1899 3112 Proprium
1908 3077 2138 3103 Mathematicorum
2151 3085 2205 3102 ver-

1169 3120 1233 3146 bum.
1287 3119 1359 3145 Idem
1376 3119 1440 3144 Aen.
1455 3120 1482 3150 6,
1501 3122 1551 3150 849
1586 3131 1632 3135 —
1667 3114 1793 3148 Caelique
1812 3119 1911 3138 meatus
1947 3111 2100 3139 Describent
2120 3110 2203 3137 radio.

1170 3156 1261 3189 Quum
1273 3154 1341 3181 mihi
1356 3153 1469 3180 siderum
1482 3153 1538 3179 vias
1552 3151 1628 3178 radio
1641 3149 1799 3177 describeres
1813 3147 1904 3174 Bo'e'th.
1913 3147 1989 3174 Cons.
1998 3147 2060 3181 phil.
2072 3156 2081 3173 1
2099 3147 2168 3172 Pros.
2177 3156 2204 3180 4.

1170 3191 1285 3225 Exiguae
1298 3191 1372 3225 saepe
1384 3198 1460 3216 areae
1474 3189 1503 3215 in
1514 3187 1610 3214 multos
1622 3187 1680 3212 vsus
1693 3184 1862 3211 describentis
1879 3189 1934 3209 arte
1948 3189 2053 3217 patuere
2064 3182 2158 3208 rSenec.
2173 3181 2205 3207 de

1535 3224 1590 3250 Cic.
1604 3222 1635 3248 de
1650 3220 1748 3247 Senec'l.
1763 3228 1798 3253 49
1822 3228 1843 3245 c.
1858 3228 1888 3253 14
1914 3218 1988 3244 Mori
2007 3216 2159 3243 videbamus
2176 3216 2206 3243 in

1170 3262 1257 3288 studio
1269 3261 1425 3288 dimetiendi
1436 3259 1502 3286 caeli
1515 3265 1592 3293 atque
1606 3263 1691 3284 terrae
1706 3257 1736 3282 C.
1751 3255 1871 3286 Gallum,
1888 3254 2045 3280 familiarem
2060 3253 2139 3286 patris
2154 3253 2205 3284 tui,

1169 3298 1266 3332 Scipio.
1304 3297 1417 3330 Quoties
1432 3295 1508 3322 illum
1523 3295 1566 3320 lux
1579 3293 1658 3319 noctu
1673 3289 1775 3326 aliquid
1796 3289 1941 3316 describere
1966 3289 2119 3321 ingressum,
2139 3296 2205 3322 quo-

1169 3334 1218 3360 ties
1231 3341 1283 3359 nox
1297 3331 1433 3367 oppreffit,
1453 3340 1511 3357 cum
1524 3329 1643 3363 coepisset
1656 3336 1741 3353 mane.
1811 3326 1869 3352 Scn.
1884 3324 1962 3363 Epist.
1974 3331 2018 3354 109
2044 3323 2108 3349 Non
2120 3322 2205 3349 credis

1170 3369 1269 3395 animas
1284 3369 1312 3395 in
1324 3368 1375 3395 alia
1387 3375 1498 3401 corpora
1510 3371 1588 3399 atque
1600 3364 1650 3390 alia
1664 3361 1793 3393 describi,
1816 3367 1842 3387 et
1859 3361 2044 3393 migrationem
2056 3359 2103 3385 esse
2124 3367 2204 3393 quam

1549 3403 1586 3427 De
1599 3399 1663 3426 ‘cribi
1680 3405 1795 3432 tauquam
1815 3406 1829 3422 a
1840 3402 1970 3425 metatore,
1984 3398 2027 3428 qui
2033 3394 2107 3429 suum
2119 3397 2204 3429 cuique

1169 3440 1301 3476 hospitium
1317 3439 1430 3476 affigmt.
1500 3436 1654 3463 Describere
1668 3432 1755 3460 officia
1770 3432 1826 3458 Cic.
1839 3429 1917 3456 Acad.
1929 3438 1957 3462 4,
1970 3437 2020 3462 114.
2091 3430 2150 3456 Iura
2165 3429 2204 3455 Id.

1170 3477 1246 3502 Verr.
1260 3485 1283 3508 3,
1302 3482 1342 3510 27.
1383 3475 1423 3501 Sic
1435 3471 1590 3499 Describere
1610 3471 1672 3497 iusl'a
1692 3468 1809 3503 populis,
1826 3465 1892 3501 apud
1910 3464 2007 3504 eundem
2024 3463 2057 3491 de
2071 3463 2162 3499 Legib.
2179 3473 2204 3499 2,

1207 3531 1214 3538 .
1256 3531 1263 3537 .
1341 3509 1504 3537 Ciuitatibus
1528 3516 1577 3542 pro
1603 3513 1717 3538 numero
1737 3503 1870 3532 militum,
1900 3508 2070 3535 pecuniarum
2094 3501 2206 3527 summas

1172 3547 1229 3573 Cic.
1246 3548 1324 3573 Verr.
1339 3555 1362 3578 3,
1375 3548 1412 3572 61.
1483 3543 1563 3569 Vrbis
1576 3548 1658 3577 partes
1678 3540 1709 3566 ad
1724 3537 1842 3565 incendia
1853 3535 1925 3562 Idem
1938 3535 1967 3561 in
1980 3536 2059 3562 Catil.
2075 3544 2094 3567 1,
2106 3544 2123 3570 9
2143 3546 2165 3562 c.
2177 3544 2204 3568 4.

1123 3582 1155 3608 95
1172 3582 1227 3608 Cic.
1242 3581 1274 3608 de
1287 3583 1361 3608 Orat.
1375 3589 1402 3613 2,
1415 3584 1460 3610 288
1481 3578 1529 3605 Sed
1543 3578 1606 3604 haec
1619 3577 1671 3611 ipsa
1683 3575 1770 3601 minus
1783 3571 1851 3598 mihi
1867 3571 1960 3598 videor
1972 3572 2054 3598 multa
2067 3571 2095 3597 in
2109 3580 2205 3606 genera

113 3617 131 3637 D
139 3618 155 3638 E
166 3618 178 3637 s
188 3616 204 3636 c
213 3617 229 3637 E
239 3618 261 3636 N
271 3618 289 3638 D
299 3618 315 3638 E
325 3618 347 3638 N
357 3619 369 3639 s
377 3632 384 3645 ‚
404 3617 477 3644 entis.
511 3619 604 3646 Panic.
640 3618 853 3655 [κατερχόμενος]
890 3618 946 3645 Cic.
961 3626 1009 3653 pro
1022 3617 1107 3644 Plane.

67 3655 138 3716 ᾖξ’
153 3647 449 3715 ῐῖιΡᾸξΝῃ-ἃίέῒὸεὲἓξυυηι
464 3653 632 3688 descendens,
652 3662 697 3682 etc.
803 3653 872 3682 Add.
887 3654 962 3688 Virg.
977 3654 1109 3687 Georg.z‚

113 3724 132 3743 D
141 3724 156 3743 E
166 3724 178 3743 S
186 3723 203 3744 C
212 3724 227 3743 Ε
236 3725 257 3744 N
266 3726 279 3745 S
288 3726 307 3744 V
317 3725 340 3751 s,
360 3727 373 3744 ἃ
381 3739 389 3751 ,
402 3712 469 3759 tum.
479 3722 546 3751 Part.
580 3724 701 3753 Prudent.
717 3725 814 3761 Apoth.
835 3734 861 3752 v.
876 3731 941 3759 1007
966 3723 1107 3750 Descensos

75 3751 203 3779 nascendo
218 3754 310 3787 gradus
325 3760 428 3780 retent.

112 3794 223 3815 DESCE
235 3795 256 3829 {⁸³
267 3797 345 3831 Sys,
362 3789 400 3815 ὓς-
420 3799 456 3816 m·
474 3790 606 3827 [κάθοδος]
628 3795 702 3830 Virg.
717 3796 780 3822 Aen.
795 3796 820 3825 6,
835 3796 879 3821 126
897 3793 993 3820 Facilis
1006 3793 1108 3820 descen-

77 3823 264 3892 ξὲἰῐυὲειὲεὲηι,
286 3835 304 3851 ι.
329 3824 363 3851 ad
387 3827 520 3852 Auernum.
581 3829 647 3857 Plin.
669 3834 706 3864 16,
732 3833 763 3857 26
790 3831 850 3865 Ipso
882 3829 1004 3856 descensu
1035 3829 1108 3855 Iouis

116 3899 229 3921 Di-:scE
241 3900 263 3920 N
276 3901 288 3921 s
302 3901 312 3920 1
322 3902 358 3928 o,
377 3896 445 3922 onis.
481 3895 500 3922 f.
536 3896 704 3933 [uas-dcam]
740 3901 816 3927 Idem.
853 3900 919 3926 Plin.
933 3908 974 3932 20,
989 3907 1018 3935 17
1040 3900 1107 3926 Item

78 3927 110 3955 ad
129 3928 257 3992 stabile&
275 3931 454 3993 prlupiginem,
474 3932 577 3966 psoras,
597 3932 625 3959 in
640 3933 799 3963 descensione
817 3935 977 3963 balnearum.

1170 3617 1333 3651 descripsisse.
1388 3616 1453 3642 Plin.
1475 3623 1504 3646 2,
1524 3621 1549 3649 7.
1643 3609 1791 3643 Descriptus
1810 3606 1921 3642 populus
1941 3607 2034 3639 censu,
2054 3605 2206 3638 ordinibus,

1170 3652 1316 3685 aetatibus,
1342 3651 1398 3686 plus
1417 3650 1524 3677 adhibet
1545 3649 1573 3675 iu
1591 3646 1740 3679 suffragium
1764 3642 1879 3673 consilii,
1898 3651 1976 3677 quam
1996 3643 2053 3668 fuse
2073 3642 2101 3668 in
2118 3641 2205 3668 tribus

1169 3693 1329 3714 ‘conuocatus
1344 3687 1400 3714 Cic.
1414 3686 1445 3712 de
1458 3685 1550 3719 Legib.
1564 3692 1584 3715 3,
1598 3690 1642 3715 44.
1668 3683 1685 3705 i.
1695 3683 1809 3714 partitus
1821 3685 1844 3704 et
1857 3676 1973 3714 digestus.
2031 3713 2037 3717 Ι
2087 3712 2092 3717 ,
2153 3674 2173 3714 q
2193 3685 2205 3708 3

1171 3723 1340 3756 Dcscribere,
1372 3719 1574 3757 [καταγράφειν]
1605 3715 1638 3749 2st
1657 3715 1788 3751 aliquando
1801 3716 1949 3749 Depinqere.
1984 3712 2114 3746 QunChl.
2131 3721 2168 3744 10,
2181 3720 2205 3742 2,

1115 3761 1187 3785 1006
1206 3766 1293 3786 contra
1306 3761 1460 3788 imitatores,
1478 3751 1707 3788 Qiemadmodum
1721 3749 1827 3785 quidam
1845 3744 1958 3784 piciores
1973 3749 2001 3775 in
2015 3748 2041 3774 id
2057 3748 2142 3773 solum
2155 3748 2204 3772 stu-

1170 3794 1248 3827 dent,
1268 3800 1297 3821 vt
1310 3793 1456 3820 describere
1473 3789 1573 3816 tabulas
1590 3787 1717 3813 mensuris
1731 3795 1758 3812 ac
1774 3785 1850 3812 lineis
1869 3785 1957 3811 sciant.
1995 3785 2092 3821 Nempe·
2106 3783 2205 3817 γράφειν

1170 3833 1242 3857 etiam
1258 3831 1359 3856 Graecis
1372 3835 1394 3854 et
1406 3830 1492 3853 literas
1503 3827 1624 3860 pingere,
1646 3825 1665 3848 i.
1673 3822 1798 3857 scribere,
1814 3828 1837 3847 et
1845 3820 1946 3856 formos
1958 3822 2059 3855 pingere
2066 3818 2203 3854 significat.

1170 3867 1239 3891 Hinc
1251 3868 1324 3891 etiam
1337 3862 1469 3897 metaphor.
1478 3863 1583 3895 ponitur
1596 3857 1764 3888 Describere,
1778 3864 1826 3892 pro
1842 3858 1992 3890 Exprimere,
2012 3861 2035 3880 et
2044 3854 2205 3887 proprietati-

1168 3901 1212 3927 bus
1226 3899 1366 3935 quibusdam
1383 3895 1449 3932 quast
1470 3895 1573 3930 quadam
1589 3891 1707 3929 piffiira,
1725 3900 1781 3919 ante
1801 3893 1881 3918 oculos
1892 3898 1990 3926 ponere.
2043 3888 2122 3913 Plaut.
2137 3885 2205 3912 Asin.

1046 3935 1199 3967 Liu.¹0⁵2,
1216 3944 1245 3968 3,
1264 3943 1293 3961 21
1324 3931 1499 3960 Truculentis
1517 3929 1617 3963 oculis,
1644 3928 1783 3956 commoda
1802 3926 1917 3958 statura,
1946 3923 2012 3951 tristi
2033 3923 2129 3949 fronte.
2169 3927 2204 3946 Μ.

1480 3966 1506 3993 Ο
2141 3955 2206 3985 Non
