2479 4225
40 235 110 282 425
413 227 448 268 E
545 227 704 267 VE
1298 261 1305 267 „
1536 230 1816 275 EVE
2093 246 2172 293 426

78 320 176 345 nvnc
186 321 277 349 Tvs‚
299 316 336 343 sis.
357 325 392 343 m.
428 316 590 352 [ἔκκὸμισις]
625 317 648 345 h.
664 326 682 343 e.
704 313 789 342 metio
801 316 956 350 etportatio,
969 321 1029 354 qieae
1041 312 1073 349 fit
1139 317 1235 345 bitatio
1247 318 1331 350 bona,
1345 318 1440 349 fausta,
1456 320 1521 346 felix
1541 321 1622 347 Plant.
1636 321 1719 349 Trin.
1737 331 1755 353 1,
1770 332 1791 355 2,
1804 333 1827 356 3.
1920 330 2010 357 Homo
2025 332 2174 361 alicuieue-

44 353 83 380 vel
93 351 192 378 nauibus
204 353 243 378 vel
254 353 368 378 curo-‚but
381 355 408 378 in
421 354 524 387 aliquem
538 355 623 379 locum.
658 353 722 379 Plin.
744 355 812 389 18,5
836 351 871 376 Vt
888 358 1074 385 operariorum
1140 354 1196 379 nii-e
1216 354 1318 380 decitur.
1355 354 1471 394 Pro-pert.
1493 364 1512 387 3,
1532 362 1554 389 s,
1576 365 1606 383 20
1637 358 1764 385 Hostibus
1784 360 1889 388 eueniat
1910 363 1978 392 lenta
1997 369 2081 400 puella
2097 371 2172 396 meis-

43 387 116 421 eopia
140 395 220 421 prope
238 386 284 419 sit,
303 387 483 422 oppidumque
503 387 621 414 validum
635 398 640 413 :
659 386 702 413 vvt
723 386 895 419 nauigioruni
909 386 1016 412 euectus
1031 385 1074 411 vel
1140 388 1312 416 incommoda
1324 396 1450 415 eueniunt
1466 391 1594 424 improbis
1615 393 1671 420 Cic.
1685 394 1716 420 de
1732 395 1788 421 Fin.
1802 403 1821 425 1,
1834 403 1860 428 53
1868 407 1889 423 c.
1900 401 1936 424 16.
2007 404 2059 431 [m-
2072 410 2100 431 vt
2114 406 2173 432 ,περ

42 422 167 451 itinerum
181 432 187 447 :
222 429 251 449 vt
271 422 339 449 bene
351 423 500 449 aedificatus
517 430 542 450 ct
558 423 649 451 cultus.
686 421 714 447 de
725 429 795 456 agro.
1054 455 1059 460 -
1142 423 1169 449 in
1185 424 1311 451 Lemnum
1325 425 1429 450 senibus
1442 427 1569 453 ambobus
1583 429 1671 455 euenit
1691 429 1760 457 Ter.
1774 430 1878 458 Phorm.
1892 441 1910 462 1,
1923 441 1947 464 z,
1962 442 1995 467 15.
2082 440 2173 467 Tacit·

77 463 94 484 E
106 463 151 484 VE
162 463 209 485 CT
220 464 229 483 1
241 464 281 491 ο,
300 459 368 484 onis.
395 458 415 485 f.
452 458 598 493 [ἓξκγωγὴ]
633 457 711 491 Apul.
735 457 798 482 Met.
824 463 847 488 5,
874 457 920 488 169
947 455 1074 482 Sublimis
1097 468 1112 494 5
1143 460 1208 484 Anu.
1226 467 1258 491 ις,
1270 469 1303 494 34
1322 461 1355 486 Vt
1368 460 1438 499 ipsc,
1450 461 1591 494 prouidum
1606 465 1707 498 potius,
1727 471 1751 492 ct
1763 466 1878 493 secundis
1891 470 2043 498 numinibus
2058 477 2174 503 euenire,

42 491 153 520 euee’tio.
348 491 369 531 Ἴ
393 502 406 520 2
443 495 596 520 Eueekiones
610 492 883 525 dicimturDiplomata,
891 492 978 526 quibus
986 493 1074 526 sucul—
1141 495 1247 520 Occaiio
1281 495 1363 521 Plaut.
1378 495 1427 525 Mss
1454 515 1474 527 ..‚
1489 505 1505 525 1,
1519 505 1552 527 31.
1645 500 1710 526 Plin.
1725 506 1763 533 28,
1777 507 1789 531 8
1808 503 1903 530 Rursus
1919 504 1965 530 tali
1978 505 2071 534 finitivi
2084 511 2174 538 cinere

39 534 82 555 tas
101 527 172 564 cursu
189 527 290 563 publico
312 529 399 555 utendi
421 529 569 556 conceditur.
609 529 639 555 V.
651 536 678 563 g.
706 526 723 552 1.
736 536 747 558 3
763 528 793 553 C.
807 525 839 553 de
854 527 939 552 Cursu
954 526 1073 560 publicO,
1141 529 1249 556 decocto
1264 540 1322 556 cum
1337 531 1459 564 sanguine
1473 532 1595 559 mustelae
1609 536 1748 568 pcrunftos
1764 538 1888 565 omnibus
1899 539 1964 566 odio
1978 543 2094 569 euenire.
2130 548 2174 572 Le-

41 562 197 590 Eueffiones
216 563 249 590 ab
271 564 394 591 omnibus
417 565 595 599 postulentur:
630 568 656 589 et
677 567 731 588 tam
743 562 842 588 iudices
857 570 935 596 quam
949 561 1074 593 custodie,
1138 568 1209 601 giem·
1233 572 1256 591 et
1276 566 1382 593 Venire.
1455 566 1549 599 Optata
1569 570 1693 597 eueniunt
1726 572 1806 603 Ouid.
1830 574 1895 600 Met.
1910 576 1934 605 6,
1948 582 2005 610 370.
2077 580 2175 613 Partus,

41 604 85 625 etc.
125 597 183 625 Vid.
197 599 285 626 Sauar.
298 599 333 626 ad
345 600 435 627 Sidon.
450 600 526 634 Epist.
541 606 564 633 5,
576 607 615 624 20.
651 597 719 624 Add.
732 597 878 630 Symmach.
892 598 937 632 Ep.
953 606 972 629 1,
986 606 1010 623 21
1024 598 1073 636 (ul.
1140 601 1204 626 clam
1230 606 1330 640 patrem
1358 601 1426 627 Ter.
1447 602 1511 627 Hec.
1533 610 1554 641 3⁴.
1578 612 1600 642 3¹,
1622 607 1660 636 36.
1730 607 1841 635 Potestas
1853 609 1965 636 alicuius
1978 611 2017 638 rei
2035 613 2174 642 faciundae

0 649 1 652 ,
39 635 91 664 22.)
106 639 130 660 η
141 642 169 666 4,
183 635 208 660 6,
244 641 268 661 et
281 642 308 669 7,
321 640 362 668 48,
432 637 480 663 Ber
498 638 541 661 ier.
554 633 583 659 de
602 634 660 660 Viis
676 634 735 659 Mil.
750 643 765 667 4
779 635 808 665 5.
816 643 849 667 15,
863 643 883 659 1.
918 640 941 659 et
954 632 1074 666 Baccho,
1092 646 1121 664 ιο
1139 636 1221 661 Plaut.
1237 636 1298 662 (ist.
1309 647 1326 668 1,
1337 645 1356 667 2,
1367 642 1400 665 18.
1472 637 1725 668 Prouincias-uenire
1739 643 1820 669 alicui
1832 644 1925 672 dicitur
1934 656 1941 670 :
1959 647 2077 684 vid.quos
2090 650 2176 677 laudat

40 669 187 702 mnwffl,
203 668 371 703 μεταχρμώἧ,
390 672 473 704 §malua
487 670 515 702 ἢ,
529 668 673 703 πράγματος
692 669 750 694 Vet.
764 668 841 694 Gloii:
1138 671 1438 706 Cort.adSall.lug.43‚1
1459 673 1566 698 Metello
1577 674 1704 702 Numidia
1714 685 1845 705 euenerat.
1897 681 1952 707 Cic.
1967 691 2015 716 pro
2030 684 2122 718 Qiint.
2138 694 2175 719 49

74 710 92 732 E
101 710 122 729 V
131 711 147 730 Ε
156 711 202 731 CT
211 710 231 731 0
241 725 250 738 ,
263 709 315 732 Ere.
335 707 472 740 Frequent.
508 704 586 730 Gloss'.
601 705 658 731 Vet.
672 703 772 730 Ευεὲὶο
785 704 920 736 §nox-ilum.
1016 738 1020 743 .
1141 707 1210 732 Nam
1226 708 1289 740 quid
1304 707 1408 732 homini
1422 708 1502 740 petest
1518 710 1619 743 turpius
1628 730 1634 741 ,
1649 712 1715 746 quid
1728 722 1792 740 vero
1808 715 1929 742 miserius
1941 724 1986 744 aut
1997 719 2116 746 acerbius
2126 722 2174 748 vsu

47 768 49 770 .
76 745 93 765 E
102 745 169 766 VEL
179 746 200 766 Α
210 747 260 767 TV
269 748 307 772 M,
322 748 371 777 pro
384 740 568 768 Euentilflfflm·
605 738 679 765 Vflde
695 739 808 767 Velabra
821 739 961 770 dicuntur,
976 737 1074 772 qulbuss
1140 741 1232 768 venire
1248 743 1256 767 ἑ
1291 743 1361 777 quod
1375 748 1474 782 tantum
1488 746 1596 770 euenire
1609 746 1718 774 dedecus
1727 768 1733 779 ‚
1753 758 1821 783 quae
1832 757 1901 778 tanta
1915 753 2044 780 calamitas
2058 755 2176 783 inueniri

41 772 172 801 frumenta
184 776 348 804 ventilantur
364 776 456 804 Festus.
492 775 565 810 Conf.
579 781 763 801 EVALLARE.
963 808 968 812 ¹
1140 777 1244 811 potest?
1272 812 1276 816 ἱ
1317 779 1373 803 Cic,
1387 782 1418 803 de
1432 778 1491 817 .F¹”·
1506 788 1526 819 5,
1541 790 1559 812 4
1573 790 1593 806 ς,
1610 789 1625 807 2
1655 783 1710 817 Ego
1722 791 1810 811 amem
1828 787 1880 813 tibi
1900 788 1957 814 Piso
1972 790 2109 823 &semion
2129 793 2175 818 vsu

75 816 120 836 Ev
129 816 145 836 E
154 817 219 837 LLE
228 818 246 837 R
255 819 275 838 o
284 832 291 843 ,
307 817 359 839 are.
396 812 450 837 Hoc
461 810 560 836 verbum
573 810 693 836 Barthius
709 810 826 836 attribuit
838 809 910 836 Guil.
926 809 990 835 Brit.
998 815 1025 842 7,
1034 814 1075 841 189
1095 825 1120 850 ¹5
1140 814 1189 839 hoc
1202 821 1324 844 euenire,
1343 820 1371 839 vt
1385 822 1470 839 acrius
1483 815 1620 849 aliquanto
1633 824 1659 843 et
1677 821 1801 846 attentius
1821 821 1853 847 de
1873 822 1950 850 claris
1970 825 2035 851 viris
2055 826 2175 854 locorum

38 843 108 870 Dum
120 844 196 879 lupus
210 846 266 873 eius
278 857 356 874 ouem
369 846 455 873 dumis
467 845 592 872 euellerat
605 846 696 880 aspris.
731 843 866 881 Scdpoust
879 844 987 880 intelllgi
1006 846 1075 870 Pluf-
1139 847 1277 874 admonitu
1290 849 1445 882 cogitemus,
1639 851 1659 890 q
1687 863 1698 885 3
1735 856 1837 890 Obstru·
1872 858 1980 889 Euenit,
2009 862 2110 897 Imperfi
2126 869 2176 897 ΡΜ

35 881 174 916 fuamPfrf·
188 892 204 908 α
216 882 288 909 υῑὛῦθ
300 882 378 909 9146Πο-
1140 885 1181 910 Ita
1195 883 1291 909 cecidst.
1329 884 1396 923 Ter.
1410 884 1490 924 Andr.
1506 894 1528 921 5,
1541 894 1569 919 4,
1581 896 1600 919 4
1620 889 1693 921 Qiid
1708 895 1735 916 tu
1751 890 1864 918 Athenas
1878 893 1991 920 insolens
2007 896 2016 921 3
2039 904 2063 923 c.
2077 899 2174 925 euenit.

72 921 233 949 EVELLO,
251 918 329 950 velli,
345 915 425 948 vulfi,
444 915 562 947 vulsum,
584 917 637 942 ere.
674 916 819 950 [ἔκτῖλλω]
860 916 893 942 Vi
905 914 1010 951 quadam
1023 916 1073 941 vel·
1140 920 1254 950 Euenat,
1285 927 1333 952 pro
1366 920 1495 946 hueniat:
1530 923 1684 956 Antiquum.
1721 926 1818 952 Ennius
1845 928 1970 961 Hecuba,
2007 932 2087 958 Senex
2105 935 2176 960 sum:

0 979 1 982 Ἴ
36 948 171 984 lerc‚flue
184 953 329 980 extrahere.-
364 958 408 984 vt,
428 951 547 978 Euellere
569 949 619 977 fibi
641 951 766 986 capillum
786 951 858 977 1116111
879 952 936 991 Cic.
951 951 1033 976 Tusc.
1050 960 1072 983 3,
1136 955 1237 994 vtinam
1270 960 1384 980 mortem
1416 962 1537 996 oppetam
1550 977 1558 988 ,
1598 960 1749 993 priusquam
1794 969 1905 994 tenenat,
1942 966 2022 998 Qiod
2054 968 2080 994 in
2114 978 2176 1003 pau.

84 1004 90 1011 .
127 986 200 1014 Idem
213 989 264 1014 Att.
280 994 344 1021 15,4
363 987 453 1013 Excisa
464 987 535 1013 enim
548 987 584 1013 est
597 986 687 1019 arbor,
699 996 753 1013 non
766 986 868 1013 euulsa:
888 992 978 1021 itaque
992 995 1071 1020 quam
1091 999 1210 1024 20per1e
1239 998 1296 1016 mea
1337 990 1412 1016 senex
1446 998 1562 1025 grauiter
1594 1002 1704 1027 gemam.
1748 995 1853 1022 Nonius
1882 1007 1913 1030 9,
1935 1008 1974 1025 20.
2046 1003 2173 1036 Euenire,

35 1019 179 1049 fniticetur
193 1023 273 1049 vides.
365 1022 485 1048 Euellere
496 1023 548 1049 sese
561 1031 592 1049 ex
608 1031 691 1048 coeno
706 1022 772 1049 Plin.
789 1027 813 1054 8,
826 1030 870 1055 42.
949 1023 1004 1062 Cic.
1019 1023 1071 1048 Att.
1135 1029 1154 1052 i.
1161 1026 1240 1061 foras
1253 1027 1344 1065 venire.
1382 1028 1525 1067 Laudatur.
1543 1027 1625 1055 Plaut.
1656 1028 1739 1056 Calin.
1768 1040 1790 1061 Ξ,
1823 1037 1845 1061 3,
1878 1040 1887 1058 1
1929 1034 1989 1061 Sine
2021 1039 2102 1065 modo
2133 1050 2177 1066 rus

36 1063 61 1088 Β,
74 1064 91 1088 9
110 1058 266 1085 Versabatur
277 1056 345 1084 mihi
357 1062 460 1092 tempus
475 1058 541 1084 illud
553 1064 612 1084 ante
624 1058 730 1090 oculos,
749 1066 832 1092 quum
846 1058 892 1084 ille
906 1064 950 1084 aut
964 1058 1072 1084 heloi-es
1137 1061 1256 1092 eueniat,
1269 1066 1402 1087 remittam
1417 1062 1448 1088 ad
1462 1070 1486 1088 te
1498 1071 1596 1092 Virum.
1633 1065 1679 1089 Sed
1692 1067 1802 1091 meliores
1815 1067 1921 1093 veniat:
1957 1072 2020 1104 quod
2039 1073 2176 1102 „Memfim-

36 1091 200 1126 dimitterer,
216 1097 260 1119 aut
271 1092 430 1119 euelleretur
442 1102 473 1119 ex
489 1094 626 1128 complexu
646 1101 715 1119 meo.
802 1093 934 1120 Arborem
948 1093 1072 1120 radicitus
1136 1103 1160 1122 et
1171 1103 1247 1122 metro
1262 1100 1384 1122 conuenit.
1420 1099 1513 1124 Melius
1527 1098 1573 1124 huc
1585 1099 1684 1134 referas
1696 1101 1758 1127 illud
1771 1102 1838 1128 Hor.
1853 1102 1941 1130 Canu.
1955 1115 1982 1138 4,
1996 1116 2022 1139 4,
2030 1110 2060 1139 65
2080 1110 2176 1137 Mers&

35 1127 142 1161 leian.
155 1129 183 1154 in
194 1128 211 1154 1.
226 1128 320 1154 furtim
331 1126 356 1164 §.
371 1137 378 1154 1
392 1128 423 1154 Ι).
437 1129 534 1156 Arbor.
545 1129 641 1155 furtim
653 1129 795 1155 caesarum.
872 1128 960 1155 Castra
975 1129 1071 1155 obsess'a
1135 1132 1283 1166 profundo,
1297 1132 1434 1165 pulchrior
1449 1133 1556 1159 euenin

36 1162 84 1188 Sil.
97 1170 123 1197 7,
137 1171 186 1196 335.
202 1162 319 1196 obsidione
330 1163 443 1191 liberare.
539 1165 635 1191 Femur
648 1164 765 1198 puellae,
780 1165 873 1199 pulex,
888 1164 979 1190 suellis
996 1165 1069 1191 Pseu·
1087 1179 1118 1206 25
1170 1174 1187 1194 E
1196 1173 1216 1192 ν
1225 1173 1241 1193 E
1251 1174 1271 1193 N
1284 1173 1305 1192 'r
1318 1167 1338 1193 x?
1347 1174 1364 1193 R
1376 1175 1394 1193 v
1405 1175 1433 1199 s,
1447 1177 1475 1199 a,
1493 1178 1547 1194 um.
1574 1168 1666 1195 Partic.
1703 1168 1917 1207 [αἶποβησᾶμενος]
1954 1174 2049 1202 Nostra
2063 1178 2177 1211 interest,

35 1196 164 1226 do-Ouid.
176 1198 208 1224 de
219 1199 272 1225 Pul.
286 1207 321 1225 12.
334 1200 378 1226 Al.
385 1199 487 1227 anellis.
578 1199 709 1234 Linguam
723 1200 805 1226 alicui
822 1200 878 1226 Cic.
888 1209 936 1234 pro
951 1201 1070 1226 Sext.60.
1133 1201 1200 1228 scire
1224 1211 1291 1238 quae
1312 1210 1440 1230 euentura
1459 1205 1517 1230 sunt
1541 1204 1599 1230 Cic.
1621 1205 1740 1232 Diuinat.
1762 1214 1772 1232 1
1791 1215 1812 1232 c.
1827 1216 1862 1241 51.
1935 1210 2036 1238 Precari
2051 1220 2179 1243 euentura

33 1233 109 1260 Idem
122 1233 155 1261 de
167 1235 239 1261 Orat.
253 1242 274 1266 3,
287 1244 306 1268 4
319 1243 340 1260 c.
356 1243 365 1261 1
386 1236 456 1262 Haec
470 1234 522 1261 tibi
536 1235 626 1269 lingua
638 1235 782 1262 excidenda
798 1235 834 1261 est
843 1255 851 1267 ,
870 1244 921 1269 qua
942 1237 981 1261 vel
995 1235 1068 1261 cuul-
1131 1237 1230 1265 Tibul.
1247 1246 1339 1271 2‚1,25.
1359 1242 1376 1265 i.
1390 1240 1423 1265 Vt
1437 1242 1559 1271 eueniant,
1572 1249 1633 1275 quae
1645 1248 1763 1276 opramus.
1835 1243 1933 1270 Videre
1946 1247 2038 1280 procul
2051 1257 2179 1277 euentura

26 1268 76 1299 Ia,
96 1276 142 1296 etc.
211 1269 327 1296 Plantam
340 1279 424 1297 coeno
443 1271 508 1296 Hor.
520 1270 601 1297 Serm.
614 1279 640 1303 2,
653 1279 679 1305 7,
693 1278 736 1305 27.
803 1270 912 1297 Radices
937 1272 993 1297 Cic.
1013 1273 1067 1297 Att.
1130 1273 1229 1300 Tibul.
1244 1282 1265 1305 ρ,
1281 1284 1301 1306 5,
1317 1281 1348 1300 11.

34 1311 74 1337 ιο,
89 1312 123 1336 13.
192 1304 261 1331 Tela
276 1306 386 1332 confixis
399 1305 523 1332 membris
542 1306 638 1332 Lucan.
646 1309 732 1340 6,255.
803 1308 850 1332 Per
863 1308 1066 1333 translationem.-
1169 1315 1271 1336 EvEN
1281 1316 1302 1336 'r
1312 1315 1332 1334 v
1342 1316 1354 1336 s
1363 1329 1371 1341 ,
1392 1308 1430 1336 sis.
1452 1319 1487 1336 m.
1514 1310 1667 1345 [α’πόβασις,
1680 1311 1828 1348 σύμβαμα]
1864 1316 1938 1349 Quod
1948 1316 2005 1353 casp
2018 1325 2060 1344 aut
2066 1319 2179 1354 fortuna

33 1346 80 1372 vt,
98 1339 215 1367 Euellere
236 1340 285 1367 fibi
305 1341 455 1376 scrupulum
474 1350 505 1367 ex
526 1343 618 1367 animo
647 1342 703 1368 Cic.
723 1350 772 1376 pro
791 1342 968 1368 Rosc.A1ner.
981 1346 997 1368 6
1011 1352 1032 1368 c.
1048 1351 1068 1368 2.
1082 1360 1114 1384 30
1133 1344 1204 1371 nobis
1216 1347 1304 1371 euenit.
1343 1345 1423 1372 Flaut.
1438 1346 1506 1372 Rud.
1516 1355 1538 1378 2,
1556 1355 1607 1378 1,11
1629 1347 1673 1373 Sin
1686 1355 1793 1374 euentus
1807 1359 1858 1375 non
1873 1353 1955 1377 venit.
1993 1353 2047 1380 Cic.
2055 1355 2087 1380 dc
2096 1356 2176 1390 Legg.

33 1373 109 1403 Idem
123 1384 170 1410 pro
184 1376 249 1402 Sext.
264 1384 292 1409 33
312 1377 338 1403 Si
351 1376 498 1412 appellandi
511 1378 567 1403 sunt
581 1377 722 1408 Consules,
742 1386 807 1411 quos
820 1386 898 1403 nemo
912 1378 949 1404 est
961 1378 1071 1412 quinon
1135 1389 1161 1409 2,
1174 1389 1205 1413 43
1226 1380 1334 1406 Sceleris
1349 1381 1384 1407 est
1398 1390 1483 1415 poena
1497 1382 1594 1413 tristis,
1615 1389 1640 1408 et
1654 1390 1756 1417 praeter
1769 1392 1814 1410 eos
1832 1393 1940 1413 euentus
1961 1389 2007 1422 qui
2025 1390 2179 1424 sequuntur,

34 1410 117 1437 modo
145 1419 176 1437 ex
206 1412 348 1445 memoria,
386 1412 428 1438 sed
458 1413 537 1438 etiam
570 1421 601 1439 ex
615 1413 687 1439 fastis
720 1412 871 1439 euellendos
902 1422 957 1439 non
988 1419 1070 1448 putet.
1136 1425 1183 1450 per
1195 1416 1220 1442 se
1236 1416 1288 1448 ipsa
1301 1416 1415 1443 maxima
1428 1417 1472 1443 est.
1509 1417 1567 1443 Liu.
1578 1426 1616 1450 10,
1654 1438 1660 1444 .
1699 1439 1705 1445 .
1742 1420 1856 1446 Euentus
1869 1424 2041 1450 comit.oru1n
2057 1426 2179 1457 incertus,

35 1445 139 1472 Cin-ude
151 1447 223 1473 Orat.
238 1455 257 1478 1,
272 1456 319 1479 230
333 1457 355 1474 c.
368 1455 395 1479 53
420 1449 532 1474 Omnem
552 1457 646 1475 eorum
665 1449 896 1482 importunitatem
916 1457 947 1475 ex
970 1449 1071 1474 intimis
1137 1451 1220 1478 Ouid.
1235 1452 1314 1485 Epist.
1329 1461 1353 1485 2,
1367 1455 1397 1482 86
1433 1468 1479 1473 —
1516 1454 1609 1479 Careat
1626 1454 1773 1480 successibus
1788 1463 1851 1490 opto
1886 1459 2015 1492 Qisquis
2030 1460 2061 1487 ab
2081 1468 2178 1489 euentu

32 1481 165 1507 mentibus
177 1482 302 1510 euelliffet
313 1483 355 1509 vis
367 1483 496 1510 orationis
508 1490 576 1510 tuae.
647 1485 703 1511 Cic.
718 1483 749 1509 de
762 1483 820 1510 Fin.
834 1493 862 1517 4,
875 1489 907 1518 78
934 1484 1022 1511 Verba
1036 1490 1072 1510 te·
1137 1486 1206 1513 facia
1223 1489 1335 1513 notanda
1351 1493 1432 1522 putat.
1539 1489 1652 1515 Euentus
1667 1490 1804 1516 stultorum
1819 1493 1940 1525 magister
1954 1495 1988 1520 est
2008 1496 2067 1523 Liu.
2083 1506 2124 1530 22,
2138 1506 2179 1530 39.

30 1521 95 1542 nent
108 1516 250 1544 mordicus.
303 1520 379 1552 Quae
390 1520 479 1546 rursus
494 1519 556 1545 dum
569 1518 618 1545 fibi
630 1519 712 1545 euelli
725 1528 757 1545 cx
769 1518 864 1545 ordine
879 1520 991 1552 nolunt,
1013 1520 1074 1546 hor·
1093 1532 1118 1559 35
1139 1523 1254 1548 Euentus
1267 1522 1378 1555 accidit,
1401 1522 1451 1548 eid.
1465 1528 1602 1549 Aecum.
1718 1525 1820 1552 Euentu
1836 1528 1938 1562 aliquid
1951 1531 2109 1565 comeciam,
2124 1533 2178 1560 vid.

29 1552 145 1579 tidini-es
158 1553 446 1588 euadunt,asperiores,
454 1554 574 1581 duriores
589 1560 615 1580 et
627 1555 750 1581 oratione
763 1560 788 1580 et
801 1555 930 1581 moribus.
1001 1556 1075 1581 Eucl-
1140 1558 1286 1590 60111εᾶ0,
1307 1568 1334 1583 ιη
1349 1564 1389 1586 CO
1398 1567 1402 1583 ;
1411 1565 1507 1584 (nelo.
1574 1559 1639 1585 Plin.
1653 1559 1728 1593 Epist.
1744 1568 1764 1592 ς,
1778 1570 1808 1587 20
1829 1563 1876 1597 Egi
1888 1573 1936 1598 ego
1949 1574 1998 1598 pso
2011 1567 2115 1594 Vareno
2124 1577 2180 1595 „on

31 1586 86 1614 lere
99 1587 217 1614 aculeum
232 1590 394 1622 seueritatis,
408 1590 461 1616 vid.
475 1596 631 1616 ACVLEVS.
739 1590 811 1617 Mala
823 1590 949 1616 radicitus
967 1591 1073 1617 Lucret.
1140 1592 1192 1618 fine
1215 1599 1333 1618 euentu:
1370 1593 1436 1619 benc
1463 1602 1496 1619 an
1517 1594 1605 1625 male,
1629 1594 1697 1621 liber
1722 1595 1857 1624 iudicabit.
1887 1602 1904 1624 i.
1927 1601 2044 1634 Prospero
2060 1602 2177 1637 [αα-4111.

29 1630 55 1656 3,
68 1631 115 1654 311.
192 1624 310 1651 Odorem
323 1633 337 1650 e
350 1625 416 1651 turis
429 1625 513 1659 glebis
536 1625 639 1651 Lucret.
653 1632 675 1656 3,
689 1630 741 1656 328.
845 1625 1010 1659 Opinionem
1027 1626 1076 1651 ali·
1139 1628 1196 1654 Cic.
1211 1636 1259 1662 pro
1275 1628 1357 1654 Corn.
1373 1628 1445 1654 Palb.
1462 1640 1474 1661 ι,
1493 1629 1582 1661 Quini
1597 1631 1675 1655 eiiam
1692 1631 1744 1663 ipse
1752 1633 1830 1658 Casus
1846 1640 2007 1668 euentusque
2021 1644 2109 1662 rerum
2123 1646 2179 1664 non

13 1667 113 1693 squam
125 1667 157 1684 ex
170 1660 265 1685 animis
276 1659 417 1686 hominum
436 1661 492 1686 Cic.
506 1668 554 1694 pro
567 1661 672 1686 Cluent.
687 1671 705 1694 4
718 1669 740 1686 c.
754 1668 780 1686 2.
863 1661 980 1687 Inserere
991 1669 1074 1686 nouas
1139 1662 1215 1689 duces
1224 1683 1232 1695 ,
1254 1663 1297 1689 sed
1312 1664 1422 1689 comites
1437 1664 1493 1689 eius
1508 1663 1677 1690 consiliorum
1688 1665 1797 1691 fuerint.
1874 1669 2002 1694 Amorum
2018 1678 2126 1698 euentus
2140 1674 2179 1699 in-

32 1694 189 1727 opiniones,
209 1695 326 1721 euellere
339 1695 425 1722 infitas
446 1696 502 1722 Cic.
518 1696 546 1721 in
561 1696 635 1722 Orat.
647 1703 691 1729 97.
795 1696 862 1721 Hor.
876 1695 955 1730 Epist.
972 1704 992 1727 1,
1006 1705 1045 1728 14,
1060 1704 1119 1730 540
1138 1704 1239 1728 certus,
1260 1698 1313 1724 uid,
1329 1705 1504 1736 lNCERTVs3
1589 1699 1705 1738 Propere.
1720 1706 1825 1732 3,25‚18
1847 1702 1976 1729 Euenum,
1985 1705 2097 1733 Formae
2109 1708 2179 1734 disce

0 1731 1 1736 ¹
31 1728 266 1764 Certemusspinas
280 1731 404 1757 animone
417 1739 466 1764 ego
480 1731 592 1763 fortius,
612 1739 645 1756 an
657 1737 686 1756 tu
722 1730 824 1756 Euellas
837 1739 917 1764 agro,
937 1736 963 1757 et
976 1731 1073 1757 melior
1138 1733 1233 1758 timere
1247 1738 1315 1759 tuae.
1433 1732 1526 1758 Manil.
1543 1741 1562 1763 1,
1599 1752 1606 1758 .
1643 1752 1651 1759 .
1686 1734 1800 1772 ltuentus
1808 1737 1925 1771 Fruguui
1936 1740 2025 1766 varios
2040 1748 2065 1767 et
2079 1747 2179 1777 tempo-

0 1763 3 1793 Ξ
31 1763 64 1790 fit
77 1764 220 1797 Horatius,
241 1774 273 1791 an
285 1775 335 1793 res.
431 1766 526 1792 Euellit
538 1769 566 1791 in
579 1768 717 1792 Praeterito
732 1766 804 1791 habet
823 1766 931 1791 Curtius
943 1775 971 1797 4,
985 1767 1017 1795 6,
1033 1773 1070 1798 17.
1136 1775 1166 1791 ra
1177 1767 1272 1792 dicent.
1341 1768 1396 1802 Cic.
1405 1767 1436 1792 de
1446 1769 1518 1793 Orat.
1528 1775 1545 1798 1,
1555 1775 1585 1805 30
1613 1768 1647 1793 Vt
1655 1776 1723 1793 enim
1733 1771 1845 1804 quisque
1852 1773 1952 1806 optime
1965 1775 2079 1806 dicit‚ita
2096 1778 2178 1805 maxi-

31 1798 164 1825 Phacdrus
177 1809 204 1832 2,
217 1809 240 1830 2,
254 1808 282 1826 10
302 1803 388 1828 Canos
401 1801 510 1834 puella,
521 1801 611 1833 nigros
623 1808 687 1825 anus
701 1800 834 1824 euellerat.
925 1798 998 1832 Conf.
1014 1800 1071 1823 Cic.
1134 1808 1177 1825 me
1192 1799 1296 1826 dicendi
1310 1800 1489 1827 difficultatem
1505 1810 1644 1835 variosque
1658 1811 1766 1830 euentus
1774 1806 1910 1834 Orationis
1922 1808 2114 1847 hominumque
2122 1823 2179 1848 per.

31 1833 63 1859 de
76 1834 149 1859 Orat.
163 1843 184 1864 1,
198 1843 251 1865 230.
337 1835 424 1861 Euulfi
443 1837 575 1860 Praeterit.
594 1834 726 1858 barbarum
740 1832 851 1865 censetur
864 1841 873 1856 .-
915 1831 974 1856 Vid.
985 1832 1072 1866 Heius.
1134 1835 1256 1860 timescit,
1327 1836 1383 1861 Cic,
1399 1837 1430 1861 de
1447 1837 1535 1862 Dium,
1550 1845 1569 1868 1,
1583 1843 1610 1868 58
1632 1838 1752 1871 Mihique
1764 1850 1778 1866 a
1792 1844 1884 1876 pernis
1897 1845 1925 1869 in
1945 1846 2002 1871 Μὴ
2015 1850 2177 1880 praedidhlm

29 1867 65 1894 ad
85 1867 166 1893 Ouid.
191 1868 270 1901 Epist.
293 1870 319 1899 6,
343 1876 399 1899 104.
472 1874 497 1892 et
518 1869 582 1893 Met.
602 1871 626 1898 8,
647 1872 695 1899 584
716 1866 781 1900 quod
791 1865 923 1900 confirmae
938 1866 1024 1892 Burm.
1039 1866 1113 1904 ad45
1134 1868 1180 1900 est,
1195 1869 1255 1895 fore
1270 1877 1315 1895 eos
1329 1877 1436 1896 euentus
1453 1872 1552 1897 Rerum
1568 1872 1614 1906 qui
1627 1875 1785 1902 acciderunt.
1893 1879 1948 1905 Cic.
1962 1883 1993 1906 de
2009 1882 2131 1918 Diuina,
2144 1893 2178 1911 22

28 1896 158 1937 Qiintffil.
174 1902 246 1927 Decl.
260 1910 293 1933 12,
306 1907 320 1930 8
331 1910 356 1935 p.
370 1906 430 1934 248.
1133 1904 1159 1930 Si
1172 1903 1205 1930 ab
1221 1904 1393 1931 adolescentia
1407 1907 1497 1942 stiffi-t,
1510 1916 1575 1941 quos
1590 1917 1696 1935 euentus
1710 1911 1854 1938 senectutis
1861 1915 1920 1940 esset
1936 1914 2081 1948 habiturus,
2133 1921 2176 1947 In-

65 1943 82 1963 Ε
91 1943 185 1963 VELL
194 1943 211 1964 E
220 1943 242 1963 N
252 1944 282 1969 s,
291 1937 368 1963 entis.
385 1936 477 1963 Partie.
513 1936 570 1963 Sen.
583 1935 650 1962 Oed.
659 1942 706 1968 592
724 1935 822 1962 Luctus
834 1935 949 1962 euellens
957 1944 1068 1963 comam.
1133 1945 1218 1965 certus
1231 1940 1377 1974 Temporis
1398 1942 1453 1967 Cic.
1462 1951 1509 1975 pro
1518 1944 1610 1975 Quint.
1625 1953 1646 1969 c.
1655 1947 1693 1970 26.
1798 1948 1878 1975 Ouid.
1895 1950 1959 1977 Fast.
1976 1958 2003 1984 5,
2019 1957 2070 1980 266
2094 1955 2176 1983 Poma

35 1990 39 1994 .
65 1978 164 1998 EVVL
175 1978 188 1997 S
201 1980 259 2004 VS,
279 1981 309 2004 a,
329 1981 382 1999 um.
403 1972 497 1999 Partic.
533 1972 708 2006 [incumbis]
745 1971 808 1997 Sinu
821 1971 912 1997 matris
925 1972 1006 1997 euulsi
1020 1972 1071 1998 filii
1134 1983 1241 2009 quoque
1255 1982 1379 2002 euentum
1387 1976 1533 2010 Temporis
1547 1978 1622 2003 huius
1637 1978 1740 2006 habent.
1777 1982 1823 2008 Sed
1836 1987 1884 2010 iam
1895 1987 1923 2011 in
1936 1989 2048 2023 vulgatis
2060 1991 2177 2017 editioni-

32 2007 89 2036 sen.
103 2007 171 2034 Med.
187 2016 249 2041 949.
285 2008 333 2034 Sed
347 2009 424 2035 Gron.
438 2007 528 2033 Auulfi
541 2016 555 2032 e
569 2006 632 2033 linu.
739 2006 843 2038 Exeisa,
863 2015 918 2033 non
931 2007 1019 2033 euulsa
1031 2016 1071 2034 ar·
1132 2009 1175 2035 but
1189 2013 1327 2045 reperitur,
1360 2012 1491 2046 Pomaque
1501 2021 1664 2045 prouentum
1676 2018 1802 2050 temporis
1816 2018 1894 2045 huius
1909 2020 2014 2049 habent.
2118 2023 2138 2062 ί]
2159 2035 2177 2053 2

31 2043 83 2072 bor
101 2043 155 2070 Cic.
170 2044 222 2070 Ati.
238 2051 273 2076 ις,
284 2052 311 2077 4.
427 2043 535 2070 Trunci
556 2043 623 2069 Hor.
638 2043 726 2069 earm.
740 2050 762 2074 3,
776 2051 804 2075 4,
818 2050 854 2074 53.
1078 2055 1111 2081 50
1133 2046 1249 2080 Epitheta
1265 2056 1273 2071 .·
1309 2046 1384 2081 Virg.
1402 2048 1464 2073 Aen.
1479 2051 1505 2080 6,
1524 2054 1563 2081 158
1598 2064 1643 2069 —
1679 2051 1831 2087 Caecosque
1850 2055 1953 2083 volutat
1988 2058 2102 2086 Euentus
2120 2061 2178 2088 ani-

68 2085 186 2106 EVVLs
196 2086 250 2112 10,
270 2079 337 2105 onis.
358 2078 377 2105 f.
414 2080 560 2114 [tizan-mas,
579 2078 675 2112 τίλσις]
710 2078 766 2104 Cic.
780 2077 812 2103 de
829 2078 865 2104 N.
880 2078 912 2104 D.
925 2086 945 2110 3,
960 2085 992 2112 57
1007 2086 1069 2104 e.22
1132 2089 1178 2106 mo
1194 2082 1294 2113 secum,
1314 2085 1332 2107 i.
1347 2084 1468 2115 incertos,
1489 2085 1601 2111 hiienses.
1709 2087 1789 2114 Ouid.
1804 2097 1835 2115 cx
1849 2091 1920 2117 Pont.
1936 2100 1961 2125 2,
1972 2101 1998 2125 2,
2010 2102 2041 2126 32
2062 2095 2131 2122 Nam
2143 2097 2176 2124 ti-

34 2115 87 2149 Qui
109 2115 206 2150 primus
227 2116 397 2150 purgationes
419 2114 491 2148 alui,
517 2114 656 2149 dentisque
692 2113 854 2140 euulfionem
885 2113 999 2140 inuenit.
1041 2113 1070 2139 de
1132 2124 1194 2142 mor
1205 2122 1313 2142 euentus
1326 2118 1473 2144 Deterioris
1487 2118 1566 2145 abest.
1659 2120 1853 2159 Cic.deAn=sp.
1867 2127 1967 2161 Resp.6
1985 2129 2010 2155 P.
2025 2130 2071 2156 ille
2087 2132 2175 2167 Scipio

33 2149 178 2187 Aesculapio.
1132 2157 1207 2178 natus
1221 2151 1290 2178 mihi
1304 2152 1411 2180 videtur
1422 2153 1453 2179 ad
1466 2154 1603 2181 interitum
1616 2156 1780 2192 exitiumque
1794 2160 1963 2196 Cathagjnss,
1973 2166 2019 2198 qui
2033 2166 2104 2192 inam
2127 2174 2174 2196 ite,

70 2183 274 2214 EVEMERVS
284 2206 292 2218 ‚
306 2186 331 2222 s
350 2192 450 2213 EVHE
460 2191 588 2213 MERVS
599 2205 608 2217 ‚
637 2183 656 2211 i.
683 2192 719 2210 m.
755 2182 909 2219 [Εδήμερος]
946 2180 1070 2224 Ηίβρζίςί
1135 2187 1205 2222 quasi
1220 2188 1302 2214 Fatali
1316 2195 1412 2215 euentu
1426 2189 1495 2215 solus
1509 2191 1613 2217 euertit.
1722 2194 1815 2221 Claud.
1830 2199 1861 2223 de
1875 2199 1950 2232 Rapt.
1969 2200 2086 2235 Proserp.
2101 2187 2126 2235 i,
2139 2212 2176 2236 42.

38 2230 134 2254 nomen,
149 2220 230 2258 dequo
244 2221 394 2248 Lactantius
408 2231 427 2255 1,
441 2230 507 2255 ¹1:33
528 2221 660 2255 Antiquus
674 2219 769 2246 auGior
782 2220 943 2252 Euemerns,
962 2228 1009 2254 qui
1016 2223 1069 2245 tuit
1084 2232 1113 2259 53
1132 2224 1278 2258 Nunquam
1291 2224 1406 2251 Felicior
1418 2226 1469 2251 arti
1505 2226 1626 2259 Contigit
1638 2235 1756 2255 euentus.
1823 2232 2076 2269 Ouid.Met.13‚5c6
2091 2239 2175 2266 Euen-

37 2263 69 2282 ex
82 2257 184 2284 ciuitate
196 2258 325 2290 Meffene,
341 2267 382 2284 res
396 2257 476 2292 gestas
492 2258 580 2287 Iouis,
600 2263 626 2282 et
638 2256 869 2290 caeterorum‚qui
882 2255 921 2281 dii
936 2261 1069 2295 putantur,
1132 2264 1214 2293 tuque
1237 2260 1320 2285 Grani
1342 2259 1417 2286 finita
1439 2260 1475 2287 est
1497 2260 1602 2295 publica
1613 2262 1705 2291 clades,
1811 2267 1903 2295 Tacit.
1919 2269 1944 2295 ᾖ,
1962 2272 2021 2298 Vita
2035 2273 2124 2307 Agric·
2139 2283 2174 2301 22

2 2271 5 2327 l
33 2290 149 2326 collegit,
169 2291 361 2328 historiamque
382 2294 518 2319 contexuit
541 2301 573 2318 ex
594 2292 680 2318 titulis
704 2299 730 2318 et
752 2290 969 2326 inscriptionibus
983 2291 1068 2331 sacris,
1131 2295 1204 2327 Quia
1217 2295 1288 2321 soliti
1301 2295 1455 2331 plerumque
1469 2296 1562 2324 damna
1576 2298 1680 2325 aestatis
1690 2300 1818 2328 Hibernis
1831 2304 1969 2332 euentibus
1983 2309 2106 2342 pensare,
2117 2315 2174 2338 tum

32 2334 96 2361 quae
109 2327 137 2354 in
150 2328 331 2363 antiquissimis
343 2329 448 2363 templis
462 2329 626 2355 habebantur
660 2342 706 2347 --
742 2328 817 2353 Hanc
831 2327 969 2354 historiam
987 2333 1068 2354 mter-
1130 2331 1240 2362 aestate,
1260 2336 1339 2364 atque
1353 2331 1441 2358 hieme
1455 2332 1526 2359 iuxta
1539 2333 1714 2367 pellebantur.
1830 2339 1895 2366 Plin.
1912 2342 2026 2376 Epist.4‚
2037 2352 2064 2377 ¹9
2078 2345 2174 2379 Dispo-

30 2367 141 2398 pretatus
157 2364 193 2390 est
207 2364 319 2397 Ennius,
345 2371 370 2390 et
385 2365 506 2399 sequutus
520 2371 565 2390 etc.
604 2365 664 2390 Sunt
679 2365 742 2388 enim
760 2364 846 2389 multa.
1130 2366 1171 2392 nit
1184 2366 1232 2401 qui
1244 2366 1367 2394 nuntient
1381 2367 1440 2400 fibi,
1451 2377 1531 2402 quem
1555 2376 1680 2396 euentum
1697 2371 1795 2399 Iudicii
1811 2374 1916 2402 tulerim
1947 2380 1965 2403 i.
1987 2382 2028 2404 An
2038 2379 2172 2415 fecundum

3 2411 5 2433 ¹.
65 2400 474 2435 EVEN0R‚oris.m.[E=323m,o]
483 2400 570 2426 Pictor
578 2398 1110 2432 fuitillustrisParrhasiipateretprae-60
1131 2411 1182 2434 me,
1201 2411 1234 2429 an
1258 2411 1315 2429 uero
1332 2410 1420 2429 contra
1441 2413 1478 2429 me
1495 2403 1630 2430 iudicatum
1640 2405 1681 2438 sit.
1784 2409 1882 2437 Incerti
1893 2420 1982 2438 rerum
1997 2421 2105 2441 euentus
2125 2416 2172 2442 Sil.

29 2439 118 2469 ceptor
130 2435 240 2461 maximi
254 2435 379 2468 pictoris,
401 2436 545 2469 floruitque
559 2434 722 2467 nonagesima
736 2433 894 2468 Olympiade
913 2433 979 2459 Plin.
994 2441 1066 2473 3539.
1131 2443 1167 2477 3,.
1189 2456 1196 2463 .
1232 2457 1239 2464 .
1295 2438 1425 2465 Secundus
1438 2446 1546 2466 euentus
1565 2440 1626 2467 Stat.
1639 2441 1731 2468 Theb.
1746 2447 1772 2475 6,
1785 2449 1839 2473 80..
1905 2448 1977 2482 Virg.
1994 2450 2057 2476 Aen.
2073 2458 2110 2482 ιο,
2125 2453 2172 2477 160

4 2467 5 2470 Ἴ
64 2476 109 2496 EV
118 2477 134 2496 E
143 2477 164 2496 N
174 2477 183 2494 1
194 2476 214 2496 O
224 2490 232 2501 ‚
249 2470 309 2501 cni,
329 2476 436 2502 cutum,
456 2473 504 2495 ire.
540 2469 679 2502 [οἷπσβιιίνω
688 2490 696 2502 ,
709 2469 850 2502 συμβαίνοι]
885 2477 908 2504 q.
918 2469 941 2494 d.
954 2469 1069 2504 adfinem
1131 2474 1183 2500 Hic
1200 2482 1308 2506 magnus
1328 2473 1398 2500 sedet
1419 2476 1518 2501 Aeneas
1528 2495 1536 2507 ‚
1552 2477 1691 2511 secumque
1711 2478 1813 2505 voltum
1848 2482 1961 2508 Euentus
1984 2483 2046 2510 bem
2068 2486 2170 2515 Varios.

3 2494 5 2539 ,i
27 2509 127 2536 venire,
153 2507 244 2529 exitum
257 2504 359 2536 habere,
377 2509 525 2540 contingere.
562 2504 645 2529 Plaut.
660 2503 727 2530 Asin.
741 2512 761 2535 3,
775 2512 798 2536 3,
808 2512 851 2536 130
870 2505 939 2538 Opta
950 2504 988 2537 id,
996 2504 1068 2538 quod
1131 2507 1151 2544 q
1171 2516 1184 2540 3
1223 2510 1348 2535 formulae
1361 2521 1368 2534 :
1405 2510 1536 2543 Qiinc‘til.
1546 2520 1596 2544 4,2
1618 2512 1724 2546 Semper
1737 2520 1823 2539 tamen
1836 2524 1895 2542 eum
1911 2517 2023 2544 habuisse
2032 2520 2170 2553 Animum,

3 2540 6 2578 y'
27 2545 57 2565 vt
71 2539 205 2573 contingat
217 2538 270 2565 tibi
282 2538 332 2565 vis.
368 2546 419 2565 AR.
434 2539 507 2572 Qud
522 2539 541 2565 fi
551 2547 645 2574 optaro
660 2540 669 2565 3
706 2546 751 2565 LE.
772 2540 890 2565 Eueniet.
997 2540 1066 2566 Ter.
1131 2544 1178 2578 qui
1193 2543 1223 2570 fit
1236 2551 1332 2570 euentu
1349 2545 1532 2578 deprehensus.
1602 2547 1717 2573 Consilia
1732 2549 1863 2582 primum,
1881 2552 1977 2578 deinde
1989 2554 2061 2587 a6ta,
2081 2556 2170 2591 postea

28 2574 126 2600 Heaut.
147 2582 168 2606 1,
189 2582 209 2605 1,
229 2582 272 2603 1ος
296 2574 376 2607 Qiod
394 2574 411 2600 fi
426 2575 485 2601 esset
497 2574 609 2604 factum.
628 2574 691 2600 haec
705 2583 838 2610 nunquam
850 2575 991 2603 euenissent
1005 2575 1065 2602 tibi.
1079 2580 1110 2612 65
1132 2585 1241 2605 euentus
1257 2580 1439 2614 exspec'tantur
1460 2581 1513 2607 Cic.
1523 2580 1554 2605 de
1562 2581 1637 2607 Orat.
1650 2591 1672 2613 ε,
1688 2585 1717 2614 63
1732 2592 1752 2608 c.
1769 2591 1802 2616 ις.
1879 2587 1952 2613 Idem
1966 2589 2019 2616 Art.
2033 2598 2059 2623 9,
2074 2593 2091 2616 6
2104 2599 2169 2619 extr.

29 2610 86 2636 Cic.
100 2610 237 2641 Fam.6‚2t
255 2609 400 2637 Timebam
408 2611 489 2643 enim,
499 2620 531 2636 ne
544 2610 681 2636 euenirent
695 2619 735 2642 ea,
748 2619 814 2645 quae
829 2610 987 2638 acciderunt.
1025 2611 1064 2637 Id.
1131 2615 1260 2646 Quemuis
1274 2622 1398 2640 euentum
1411 2616 1507 2640 foi-tius
1520 2615 1699 2651 ferain‚quani
1714 2617 1783 2644 hunc
1796 2619 1925 2648 dolorem.
2039 2625 2079 2651 Ad
2092 2635 2171 2654 euen-

30 2644 61 2671 de
79 2644 170 2671 Diuin.
191 2653 212 2676 ι,
234 2652 275 2678 125
314 2646 349 2672 Vt
374 2654 456 2680 quum
477 2646 611 2678 euenerit,
635 2646 672 2672 ita
685 2646 773 2678 cadat,
792 2652 820 2672 vt
844 2645 1008 2680 praedidstum
1025 2646 1064 2672 iit.
1129 2654 1185 2674 tum
1198 2648 1320 2674 festinare
1339 2651 1406 2675 Hor.
1421 2650 1449 2675 in
1464 2651 1526 2676 Arte
1539 2651 1610 2676 Poe't.
1626 2657 1679 2684 148·
1785 2656 1892 2683 Habere
1905 2663 2045 2692 euentum,
2066 2661 2171 2695 1027„st

28 2681 124 2707 Euenit
135 2688 167 2706 ex
181 2680 305 2706 sententia
322 2680 390 2707 Tel·-
403 2683 498 2708 Heifflf·
514 2691 541 2714 4⁷
554 2689 575 2713 5,
587 2689 624 2715 ¹7·
688 2681 783 2706 Euenit
797 2686 899 2714 praeter
912 2681 1066 2719 sententiam
1129 2682 1193 2718 quod
1206 2684 1305 2708 Exitum
1320 2683 1406 2710 habere
1424 2685 1478 2711 Cic.
1492 2686 1563 2711 Fam.
1579 2692 1602 2718 8,
1639 2706 1646 2713 .
1683 2706 1690 2714 .
1747 2689 1859 2716 Euentus
1879 2695 2016 2727 prosperos
2029 2695 2168 2725 habiturae

29 2722 55 2742 et
68 2717 137 2749 spem
159 2715 241 2741 Plaut.
255 2717 338 2741 Merc.
375 2734 382 2741 .
419 2735 425 2741 .
482 2716 537 2741 Cic.
551 2716 623 2741 Fam.
634 2724 657 2746 2,
672 2723 701 2740 10
721 2716 757 2740 Ex
772 2723 826 2748 quo
840 2722 935 2740 vereor
950 2723 982 2740 ne
995 2714 1064 2740 1deru
1128 2717 1331 2751 compositiones
1349 2719 1469 2747 Scribon.
1483 2721 1598 2747 Perorat.
1732 2724 1786 2750 uid.
1799 2726 1863 2754 Met.
1880 2736 1918 2760 12,
1931 2737 1977 2762 575
2011 2745 2057 2751 -—
2093 2734 2127 2759 vt
2142 2739 2169 2761 eg

22 2752 135 2777 veueniat
150 2751 178 2776 in
190 2759 260 2776 meas
273 2750 370 2777 literas.
390 2750 414 2776 h.
427 2759 446 2776 e.
463 2752 529 2776 Meis
543 2752 638 2781 lucris,
656 2751 695 2775 vel
706 2752 733 2775 in
747 2758 851 2775 mearum
865 2750 995 2775 literarum
1008 2756 1066 2784 per·
1072 2761 1108 2789 70
1129 2753 1182 2787 ipsa
1196 2754 1267 2780 Iouis
1281 2754 1448 2789 coniunxque
1461 2757 1589 2790 sororque
1624 2757 1737 2784 Euentus
1746 2760 1882 2788 Hecubam
1897 2764 2020 2792 Meruisse
2033 2769 2170 2802 negauerit

26 2789 129 2816 meieni,
149 2795 178 2811 ηε
200 2786 315 2812 videlicet
337 2787 487 2822 negligentia
507 2785 688 2812 tabellariorum
709 2785 756 2810 tibi
777 2794 840 2810 meae
862 2794 909 2810 non
922 2784 1066 2824 reddantur,
1128 2789 1197 2814 illos.
1303 2790 1408 2816 Paratus
1420 2791 1476 2817 sum
1488 2791 1520 2817 ad
1534 2800 1641 2817 omnem
1656 2801 1779 2821 euentum
1796 2797 1852 2823 Cic.
1869 2799 1940 2826 Fani.
1955 2803 1981 2833 6,
1996 2810 2029 2828 21.
2102 2805 2168 2832 Pon-

46 2820 224 2848 nemadmodum
248 2830 291 2847 nei:
314 2828 370 2847 tuae
390 2821 452 2847 mihi
463 2820 519 2855 fine
535 2821 655 2847 redditae.
763 2820 848 2846 Aliter
867 2828 975 2846 euenire
995 2820 1064 2847 Ter.
1129 2824 1217 2850 dei-ari
1230 2832 1283 2850 non
1298 2826 1413 2858 euentis,
1432 2825 1475 2851 sed
1489 2826 1581 2859 faffls,
1600 2828 1726 2863 cuiusque
1739 2831 1874 2859 fortunam
1909 2836 1964 2862 Cic.
1985 2837 2013 2862 in
2026 2838 2110 2866 Pison.
2126 2846 2166 2873 98.

12 2857 13 2861 ’
26 2831 97 2884 grul.
109 2857 190 2883 Andr.
205 2865 232 2888 4.
348 2858 415 2883 Cato
428 2856 460 2882 de
473 2858 503 2883 R.
518 2857 549 2883 R.
565 2865 616 2889 141,
631 2864 646 2882 2
664 2858 691 2881 in
701 2857 817 2889 precibus
829 2854 929 2888 rusticis
940 2855 974 2895 qd
991 2856 1064 2882 Mar-
1128 2858 1239 2885 Probari
1253 2868 1284 2885 ex
1298 2868 1393 2886 euentu
1406 2861 1478 2887 Balb.
1492 2862 1548 2888 Cic.
1562 2862 1608 2890 sub
1622 2865 1674 2890 Att.
1689 2873 1714 2897 9,
1729 2871 1750 2895 8.
1822 2869 1895 2904 Conf.
1911 2871 1968 2897 Cic.
1984 2881 2031 2906 pro
2045 2875 2109 2901 Rab.
2124 2885 2145 2902 c.
2155 2885 2167 2903 Ι
2200 2871 2203 2874 ’

27 2899 90 2923 tem,
111 2892 212 2926 Vtique
227 2898 255 2917 tu
268 2891 374 2926 fruges,
390 2892 537 2924 frumenta,
555 2892 658 2922 vineta,
676 2890 844 2925 virgultaque
863 2891 1003 2931 grandire,
1021 2890 1064 2917 be·
1122 2901 1167 2930 pr.
1211 2894 1292 2921 Plaut.
1307 2896 1395 2922 Pseud.
1410 2905 1435 2929 2,
1448 2906 1470 2929 3,
1486 2898 1557 2933 15sq.
1629 2899 1773 2927 Procedcre
1786 2902 1892 2931 dicendi
1904 2914 2028 2934 euentum
2040 2918 2092 2936 non
2106 2911 2166 2938 satis

27 2936 114 2963 neque
127 2928 236 2954 euenire
249 2927 322 2953 sinas.
418 2928 474 2954 Cic.
488 2937 535 2962 pro
543 2928 663 2954 Muraen.
679 2935 688 2952 1
706 2927 742 2952 Vt
755 2935 784 2952 ea
797 2935 837 2952 res
850 2925 920 2966 mihi
933 2926 1065 2966 magistra·
1076 2938 1109 2966 75
1127 2939 1160 2957 ex
1171 2931 1296 2957 sententia
1319 2932 1376 2959 Cic.
1390 2932 1422 2958 de
1436 2934 1509 2959 Orat.
1524 2941 1543 2965 1,
1558 2942 1602 2965 123.
1692 2936 1835 2966 Reseruare
1852 2941 1907 2975 spei
1927 2942 2043 2971 fruQum
2057 2947 2167 2973 enenffli

12 2972 14 2975 ¹
28 2963 122 2998 tuique
134 2972 212 2995 meo,
228 2962 342 2997 Populo,
361 2962 486 2997 plebique
499 2964 619 2989 Romano
633 2961 698 2988 bene
710 2967 788 2996 atque
802 2962 1064 3002 feliciter-eueniret.
1127 2966 1200 2992 Idem
1214 2965 1326 3002 Philipp.
1343 2976 1382 3000 14,
1395 2976 1416 3001 5.
1489 2969 1560 2995 Scire
1573 2978 1663 2997 rerum
1676 2978 1783 2998 euentus
1803 2975 1898 3002 Lucan.
1912 2985 1935 3010 5,
1973 2999 1980 3005 .
2018 2999 2024 3006 .
2072 2981 2165 3009 secun-

29 2999 133 3026 Petron.
146 3008 167 3025 c.
182 3006 223 3032 117
239 2999 289 3024 His
302 2998 338 3024 ita
351 2998 496 3031 ordinatis,
515 3008 581 3034 quae
593 2998 660 3024 bene
671 2997 839 3032 feliciterque
853 3004 991 3024 euenirent
1007 3007 1064 3038 pref
1127 3001 1189 3028 dare
1202 3009 1311 3029 euentus
1327 3004 1400 3037 Virg.
1414 3003 1510 3038 Georg.
1525 3014 1552 3038 4,
1566 3013 1622 3040 397.
1728 3009 1830 3043 Pugnae
1848 3018 1944 3039 euentu
1958 3014 2104 3048 suspensum
2118 3019 2166 3045 eise

32 3034 84 3060 eati
96 3034 173 3066 deos,
192 3034 263 3060 viam
275 3034 449 3068 ingredimur.
566 3035 632 3060 Hor.
647 3033 727 3059 Serm.
742 3042 762 3073 1,
775 3041 798 3073 3,
813 3038 844 3064 28
878 3048 924 3053 --
958 3034 992 3074 git
1012 3033 1064 3060 tibi
1126 3038 1171 3064 Sil.
1184 3047 1195 3070 3
1208 3044 1232 3064 ct
1246 3046 1269 3071 5,
1307 3058 1314 3064 .
1351 3059 1357 3065 .
1413 3040 1484 3074 Virg.
1501 3041 1564 3066 Aen.
1577 3046 1600 3072 8,
1615 3043 1652 3067 16.
1854 3049 1874 3081 ἢ
1896 3057 1914 3081 4
1950 3049 2036 3076 Bonus
2048 3052 2164 3079 Euentu„

32 3074 123 3095 contra
157 3070 264 3102 Euenit,
283 3070 419 3104 inquirant
432 3070 498 3096 vitia
511 3075 540 3096 vt
551 3075 596 3096 tua
608 3070 695 3096 rursus
710 3074 735 3095 et
747 3069 798 3095 1111.
904 3069 991 3095 Facile
1005 3078 1064 3096 eue-
1127 3083 1213 3099 numen
1226 3072 1360 3107 rusticum,
1380 3074 1443 3110 quod
1452 3074 1506 3110 post
1519 3077 1570 3102 alia
1583 3079 1682 3103 inuocat
1695 3079 1779 3106 Varro
1793 3080 1823 3107 R.
1837 3082 1868 3108 R.
1884 3091 1904 3115 1,
1918 3092 1938 3115 1,
1952 3087 1967 3109 6
1993 3085 2050 3111 Nec
2062 3095 2115 3113 non
2127 3093 2163 3114 et-

32 3097 73 3130 nit
91 3103 149 3130 Liu.
165 3112 186 3136 1,
221 3125 228 3132 .
263 3125 270 3132 .
305 3106 361 3132 Cic.
372 3105 404 3132 de
417 3106 492 3133 Orat.
509 3114 530 3138 2,
546 3114 593 3138 224
606 3114 627 3131 c.
642 3112 669 3137 55
689 3105 767 3130 Forte
779 3104 868 3130 euenit
880 3110 908 3130 vt
922 3105 949 3144 in
962 3106 1064 3132 Priuer·
1084 3110 1116 3135 80
1127 3109 1179 3135 iam
1212 3118 1306 3143 precor
1335 3110 1497 3144 Lympham,
1518 3120 1547 3138 ac
1578 3112 1678 3139 Bonum
1702 3114 1848 3149 Euentum,
1874 3119 1999 3152 quoniam
2021 3121 2073 3147 line
2095 3131 2162 3157 aqua

32 3139 88 3165 nati
100 3139 211 3166 essemus.
311 3141 385 3168 Idem
398 3141 430 3167 de
445 3142 480 3168 N.
495 3142 527 3169 D.
542 3150 564 3173 3,
582 3147 608 3170 81
647 3141 708 3166 Dies
720 3139 831 3172 deficiat,
845 3140 863 3166 fi
876 3140 958 3166 velini
971 3150 1062 3167 nume·
1127 3144 1280 3179 (Lympha)
1301 3145 1388 3172 omnis
1407 3147 1479 3172 arida
1499 3155 1529 3173 ac
1548 3148 1642 3174 misera
1661 3150 1835 3184 agricultura,
1856 3152 1908 3178 fine
1929 3155 2036 3182 successu
2049 3165 2076 3183 ac
2090 3157 2162 3185 bono

32 3182 108 3206 rare,
127 3174 221 3208 quibus
232 3174 308 3202 bonis
322 3177 390 3204 male
404 3177 524 3204 euenerit
538 3187 543 3202 :
578 3185 625 3203 nec
637 3176 724 3202 minus
740 3175 757 3203 fi
771 3184 988 3209 commemorem,
1001 3177 1060 3212 qui·
1127 3186 1224 3206 euentu
1245 3180 1381 3207 frustratio
1401 3181 1435 3207 est
1445 3201 1454 3214 ‚
1473 3191 1527 3208 non
1546 3183 1657 3210 cultura-
1727 3186 1791 3212 Plin·
1812 3196 1861 3220 34,
1875 3194 1888 3218 8
1902 3190 1919 3215 s·
1936 3199 1974 3222 19,
1990 3193 2018 3217 16
2036 3194 2100 3218 inter
2112 3194 2163 3220 Eu-

33 3208 82 3235 bus
105 3209 232 3244 improbis
254 3212 361 3245 optime.
466 3213 538 3239 Male
560 3212 614 3239 illis
635 3212 741 3238 eueniat
768 3211 849 3238 Plaut.
864 3212 941 3238 Curc.
957 3221 976 3244 1,
991 3221 1010 3244 1,
1024 3221 1062 3245 39.
1126 3215 1265 3250 phranoris
1279 3223 1351 3251 opera
1363 3217 1444 3253 refert
1462 3217 1627 3245 simulacrum
1641 3220 1707 3246 Boni
1721 3221 1847 3253 Euentus,
1867 3224 1956 3251 dextra
1968 3233 2092 3260 pateram,
2105 3228 2163 3255 fini.

33 3245 135 3271 Petron.
148 3254 169 3271 c.
182 3254 219 3279 44
243 3246 345 3274 Aediles
365 3249 434 3275 male
455 3249 575 3280 eueniat,
596 3248 643 3281 qui
667 3256 726 3274 cum
748 3246 892 3282 pistoribus
913 3247 1063 3275 colludunt:
1127 3251 1176 3278 stra
1190 3252 1285 3285 spicam
1298 3260 1327 3278 ac
1347 3261 1460 3287 papauer
1479 3260 1575 3280 tenens.
1647 3257 1738 3290 Nempe
1757 3257 1789 3288 fic
1803 3260 1908 3286 Romani
1925 3263 2161 3296 into-pretabbntur.

0 3297 1 3303 .
28 3279 74 3316 fid
91 3283 119 3304 in
133 3279 240 3314 sermone
257 3282 360 3309 homi-nis
374 3285 471 3319 plebeii.
586 3284 641 3310 Cic.
656 3284 727 3310 Fam.
739 3292 762 3316 3,
776 3292 803 3309 12
834 3284 888 3317 Ego
902 3292 968 3309 vero
980 3284 1062 3310 velim
1078 3285 1107 3314 85
1127 3288 1216 3313 Graeci
1223 3287 1297 3322 forte
1315 3289 1640 3325 Triptolemumstgnabam.
1680 3292 1754 3317 Tales
1766 3303 1849 3320 numos·
1865 3296 1922 3321 Titi
1933 3304 1955 3321 et
1974 3298 2046 3323 Getae
2059 3297 2162 3331 exstare,

0 3315 4 3318 '
32 3314 101 3342 mihi
110 3335 118 3346 ,
137 3315 295 3351 Tulliaeque
306 3327 378 3346 meae
391 3319 471 3352 (ficut
486 3325 515 3347 tu
528 3319 676 3345 amiciffime
689 3325 715 3346 et
735 3318 879 3345 suauiffime
892 3322 983 3353 optas)
1003 3329 1062 3353 pro-
1117 3322 1231 3358 figuram
1242 3326 1338 3349 iuuenis
1350 3333 1402 3349 cum
1415 3323 1471 3357 istts
1482 3327 1616 3361 insignibus
1628 3327 1781 3362 exhibentes,
1795 3337 1875 3356 monet
1888 3331 2033 3358 Hardm'nus
2047 3343 2054 3358 .·
2089 3343 2112 3360 et
2123 3335 2163 3361 ob-

31 3352 106 3385 spere
119 3350 226 3381 euenire
233 3360 271 3384 ea,
284 3362 348 3387 quae
356 3375 364 3387 ,
382 3363 428 3382 etc,
534 3355 627 3381 Euenit
640 3361 668 3381 vt
681 3361 831 3381 moreretur
843 3354 889 3380 ille
909 3354 964 3381 Cic.
978 3355 1061 3382 Tusc.
1118 3358 1237 3394 seruarat
1257 3360 1291 3385 A.
1311 3358 1466 3396 Augustinus
1492 3362 1561 3386 01:11.
1582 3371 1598 3395 4
1609 3368 1634 3396 p.
1648 3365 1677 3394 65
1689 3363 1714 3389 d.
1786 3367 1882 3391 Mentio
1902 3369 1953 3391 eius
1965 3370 2038 3394 etiam
2050 3371 2077 3394 in
2090 3371 2162 3398 Vett.

33 3395 56 3419 1,
91 3406 98 3412 .
136 3405 142 3412 .
179 3386 219 3412 Sic
237 3386 267 3413 de
284 3389 388 3417 Amicii.
407 3397 439 3420 30
470 3390 515 3417 Sin
533 3391 584 3416 tale
600 3390 702 3425 aliquid
721 3390 857 3422 euenerit‚
878 3395 907 3416 vt
920 3390 1061 3417 exstinctae
1124 3394 1255 3428 Inscriptt.
1276 3404 1301 3420 υ.
1321 3405 1346 3431 g.
1368 3396 1432 3421 Grut
1460 3404 1483 3429 p.
1505 3404 1554 3428 101,
1569 3403 1586 3431 7
1593 3401 1635 3432 Jq.
1709 3400 1789 3425 Etiam
1804 3401 1867 3426 Plin.
1879 3404 1920 3433 36,
1932 3410 1945 3433 ς
1957 3403 1974 3427 s.
1988 3412 2015 3436 4,
2029 3412 2041 3436 ς
2060 3405 2160 3432 Romae

30 3421 119 3457 potius
131 3421 275 3454 amicitiae,
295 3432 370 3458 quam
382 3427 512 3460 oppressae
524 3426 671 3454 videantur.
775 3426 830 3452 Cic.
844 3434 892 3460 pro
905 3426 989 3453 Plane.
1000 3435 1024 3459 15
1038 3436 1060 3454 c.
1125 3430 1262 3456 Praxitelis
1280 3439 1360 3465 opera
1381 3432 1453 3461 sunt,
1474 3431 1551 3458 Flora
1588 3447 1633 3452 ——
1668 3433 1733 3459 Boni
1755 3435 1866 3461 Euentus
1886 3442 1911 3461 et
1929 3437 2015 3464 Bonae
2029 3440 2160 3468 Fortunae

32 3459 50 3484 6
70 3456 164 3488 Nihil,
184 3462 212 3482 vt
226 3456 376 3493 plerumque
390 3462 493 3494 euenit,
510 3468 613 3496 praeter
627 3461 783 3496 opinionem
798 3461 905 3488 accidet.
995 3463 1060 3489 Eue-
1074 3464 1110 3490 90
1125 3465 1258 3492 fimulacra
1272 3466 1299 3491 in
1313 3467 1458 3501 Capitolio.
1529 3468 1660 3495 Ammian.
1674 3470 1790 3495 Marcell.
1806 3479 1834 3501 29
1849 3479 1914 3496 extr.
1939 3472 2063 3501 Claudius
2087 3478 2161 3504 Prae-

18 3493 110 3523 ‚niunt
124 3501 153 3518 ea
166 3500 180 3518 a
193 3497 236 3517 me
249 3491 299 3518 tibi
317 3494 394 3521 Plane.
406 3497 478 3532 Capt,
492 3506 516 3532 2,
529 3507 549 3530 3,
564 3506 600 3530 55.
716 3497 780 3523 Non
796 3496 857 3523 haec
878 3497 931 3523 fine
950 3499 1059 3525 numine
1125 3501 1209 3527 scotus
1231 3501 1328 3533 (vrbi)
1366 3517 1409 3522 —
1445 3502 1576 3536 porticum
1595 3505 1719 3530 excitauit
1737 3505 1883 3539 ingentem,
1905 3506 2009 3535 lauacro
2030 3511 2161 3547 Agrippae

33 3527 126 3554 diusim
139 3527 265 3553 eueniunt
283 3527 356 3563 Virg.
369 3531 432 3558 Aen.
446 3542 468 3565 2,
475 3540 534 3567 778·
637 3531 667 3558 Id
680 3533 769 3559 euenit
783 3533 818 3558 ob
833 3541 889 3558 eain
904 3542 969 3566 rem,
979 3534 1061 3568 quod,
1123 3537 1288 3570 contiguam,
1307 3538 1420 3563 Euentus
1435 3536 1498 3564 Boni
1514 3540 1740 3572 cognominatam,
1757 3549 1786 3565 ea
1803 3549 1831 3566 re
1854 3541 1925 3575 quod
1943 3542 2022 3570 huius
2041 3548 2158 3574 nominis

0 3575 2 3594 ;
31 3569 77 3589 etc.
96 3563 150 3590 Cic.
166 3564 218 3589 Att.
233 3564 267 3592 ιζ,
280 3564 305 3589 6.
409 3568 504 3594 Omnia
522 3569 577 3595 fere
595 3573 701 3600 contra,
721 3577 749 3594 ac
768 3568 837 3594 dieta
856 3569 928 3600 sunt,
947 3570 1060 3595 euenisse
1124 3573 1179 3606 (an
1194 3573 1340 3599 Numinis?
1358 3576 1368 3604 )
1390 3583 1470 3608 prope
1483 3574 1575 3600 visitur
1587 3575 1722 3608 templum.
1762 3577 1816 3600 Non
1830 3578 2024 3614 autemfialorum
2038 3585 2160 3619 agrlcola.

33 3598 87 3624 Cic.
101 3598 133 3624 de
145 3598 234 3624 Diuin.
250 3606 275 3630 2,
289 3605 324 3631 53.
428 3603 514 3636 Qra're
527 3604 617 3630 euenit
630 3610 675 3636 vt,
694 3609 740 3630 etc.
770 3607 787 3630 i.
802 3605 883 3639 Qare
893 3604 926 3640 fit
959 3605 1014 3630 Cic.
1028 3604 1059 3630 de
1123 3617 1177 3634 rum
1190 3606 1232 3640 qli.
1268 3608 1395 3642 Apuleius
1407 3609 1488 3643 asinus
1504 3609 1532 3635 de
1539 3614 1568 3645 se
1581 3619 1592 3641 3
1606 3619 1629 3643 p.
1645 3618 1697 3643 143,
1710 3612 1726 3635 6
1744 3609 1824 3636 Tunc
1837 3612 1961 3640 inuocato
1973 3614 2059 3643 hilaro
2078 3625 2159 3654 atque

33 3633 132 3660 Inuent.
146 3643 164 3663 1,
179 3636 221 3659 60.
321 3633 397 3660 Idem
411 3637 442 3662 ad
454 3638 526 3665 Brut.
539 3649 558 3673 4
577 3639 655 3666 Nihil
668 3640 720 3665 iam
733 3648 817 3674 neque
831 3640 1000 3674 opinantibus
1015 3646 1059 3666 aut
1071 3645 1104 3671 95
1123 3643 1249 3677 prospero
1262 3644 1363 3670 Euentu
1379 3645 1454 3671 cursu
1468 3653 1510 3671 me
1523 3645 1627 3671 concito
1640 3645 1769 3683 proripio.
1806 3647 1917 3674 Habetur
1928 3652 1955 3675 in
1971 3651 2158 3681 Commentariis

0 3674 3 3682 ¹
33 3669 187 3702 patientibus
206 3668 297 3699 nobis,
314 3668 414 3695 aduersi
433 3673 538 3700 euenire
555 3675 653 3709 potest,
673 3675 702 3701 in
721 3684 773 3710 quo
793 3684 847 3701 non
866 3685 925 3701 cum
938 3675 1058 3701 omnium
1120 3678 1267 3704 Academiae
1282 3681 1474 3715 liz-scriptionum
1494 3682 1547 3706 Vol.
1559 3691 1575 3713 4
1583 3686 1611 3714 p.
1624 3686 1656 3713 78
1675 3679 1738 3712 D‘ff·
1754 3682 1866 3710 Moram*
1884 3684 1912 3710 de
1927 3686 2067 3715 Malaturri
2079 3690 2157 3722 (Mo.

34 3704 120 3738 eulpa,
137 3711 193 3731 tum
206 3705 344 3739 praecipue
358 3711 401 3731 tua
414 3705 500 3733 futura
518 3709 555 3735 sit.
749 3708 770 3747 fl
796 3719 808 3736 ε
847 3713 1004 3737 Nominatiai
1023 3720 1058 3736 to·
1120 3723 1178 3739 reau
1211 3713 1239 3739 de
1270 3715 1423 3749 Mocutour)
1453 3716 1482 3741 de
1513 3717 1564 3741 Deo
1595 3716 1661 3740 Bono
1692 3723 1777 3742 euentu
1802 3724 1826 3744 et
1842 3724 1936 3752 tzumis,
1951 3725 1993 3757 qui
2014 3723 2049 3750 ad
2066 3727 2157 3751 cultum

23 3747 102 3772 ⁴mem,
121 3749 178 3776 quae
191 3741 298 3768 euenire
311 3740 434 3767 dicamur.
480 3743 598 3777 Auspicia
613 3745 722 3772 secunda
734 3752 880 3772 euenerunt
900 3746 953 3772 Cic.
967 3745 998 3772 de
1012 3746 1058 3773 Di·
1118 3748 1186 3775 illius
1201 3752 1338 3784 pertinent.
1741 3750 1747 3755 '

36 3773 88 3807 vin.
101 3784 118 3805 1,
134 3783 172 3811 27.
277 3777 367 3802 Tacit.
381 3777 447 3803 Ann.
461 3785 498 3809 14,
508 3786 536 3809 52
553 3779 723 3808 Obiiciebant
734 3782 813 3808 etiam
827 3781 993 3816 eloquentiae
1003 3781 1056 3808 lau-
1156 3790 1201 3810 Fv
1211 3791 1257 3810 EN
1268 3792 1289 3811 'r
1299 3793 1368 3816 VM,
1389 3785 1407 3811 i.
1441 3794 1467 3810 n.
1503 3783 1667 3818 [σῦμβαμα]
1703 3786 1757 3813 Cic.
1776 3787 1804 3814 in
1825 3789 1913 3817 Partit.
1929 3800 1958 3823 32
1987 3793 2012 3819 Si
2028 3794 2155 3828 cuiusque

12 3813 15 3866 Ι
40 3806 93 3835 (lem
102 3811 147 3837 vni
162 3810 209 3837 fibi
223 3811 379 3843 adsciscere,
398 3818 423 3838 et
436 3812 550 3838 carmina
562 3814 676 3842 crebrius
697 3817 832 3849 faGtitare,
852 3817 987 3851 postquam
1003 3817 1111 3844 Ne-roo
1121 3818 1183 3845 faeti
1197 3826 1223 3845 et
1236 3821 1324 3847 euenti
1339 3821 1410 3847 causa
1424 3825 1543 3853 ponetur.
1614 3820 1776 3854 ExspeC‘tatio
1790 3826 1879 3852 euenti
1899 3826 1997 3853 Sallust.
2012 3830 2067 3862 lug.
2077 3838 2154 3861 44‚3.

40 3840 98 3870 roni
109 3853 180 3873 amor
194 3856 286 3873 eorum
300 3849 431 3874 euenisset.
525 3848 697 3878 Commodum
712 3853 801 3878 euenit
815 3853 855 3879 illi
872 3853 940 3879 Ter.
962 3854 1057 3881 Heaut.
1120 3855 1207 3881 Dubia
1221 3862 1313 3882 euenta
1326 3865 1413 3882 reinm
1429 3856 1576 3880 suturarum
1604 3856 1659 3881 Cic.
1675 3858 1762 3884 Partit-
1777 3868 1790 3885 c
1811 3868 1853 3894 27.
1947 3862 2018 3888 Idem
2032 3865 2085 3889 Att.
2098 3873 2125 3897 9,
2140 3872 2153 3896 ς

39 3885 66 3910 4,
79 3886 99 3911 3,
111 3887 135 3914 7-
201 3883 280 3909 Plaut.
295 3884 370 3917 Epid.
382 3893 402 3915 t,
416 3892 434 3912 1.
449 3892 460 3908 2
482 3883 657 3917 Exspeatando
669 3888 764 3914 exedor
778 3889 871 3920 miser,
891 3895 969 3922 atque
981 3898 1057 3915 exen-
1120 3890 1225 3923 Semper
1238 3892 1326 3917 causae
1340 3897 1494 3917 eucntorum
1511 3891 1591 3923 tragis
1606 3900 1726 3923 mouent,
1745 3903 1823 3928 quam
1837 3896 1890 3930 ipsa
1908 3905 2008 3923 euenta-
2115 3899 2153 3925 Id·

29 3917 251 3950 ,teror-‚quomodo
264 3919 331 3944 mihi
347 3918 449 3954 Epidici
464 3918 557 3944 blanda
570 3918 637 3944 dieta
651 3922 779 3949 eueniant.
816 3925 855 3950 Sic
867 3924 945 3950 Most.
953 3933 976 3956 2,
986 3930 1053 3957 1,48.
1119 3926 1148 3952 in
1163 3927 1284 3952 Hortens.
1298 3934 1338 3961 ap.
1354 3927 1425 3953 Non.
1440 3933 1460 3956 3,
1476 3931 1503 3957 κς
1525 3925 1571 3951 Tu
1585 3935 1627 3953 nie
1643 3934 1668 3953 et
1682 3929 1744 3954 alias
1755 3939 1953 3965 nonnunquam,
1968 3940 1993 3958 et
2006 3933 2095 3965 paullo
2109 3943 2153 3960 an-

14 3983 15 3986 *
35 3947 159 3986 Damnum
171 3953 314 3979 maximnm
330 3955 368 3981 illi
389 3955 469 3981 Plaut.
483 3954 561 3980 Stich.
577 3963 594 3984 1,
611 3963 630 3986 3.
645 3962 684 3988 57.
752 3959 871 3985 Discessio
891 3960 958 3987 Ter.
970 3960 1052 3987 Andr.
1119 3967 1144 3988 te
1159 3961 1310 3988 adhortatus
1323 3970 1364 3991 es,
1380 3961 1493 3986 aliorum
1510 3960 1576 3987 faela
1590 3970 1615 3988 et
1628 3971 1721 3990 euenta
1735 3967 1899 4001 conquirere.
1988 3968 2026 3992 Id.
2039 3968 2070 3993 de
2077 3969 2152 3996 Orat.

14 3992 15 4015 l
31 3990 55 4022 32’
67 3989 140 4019 3236.
210 3989 327 4016 Diuitiae
339 3991 382 4018 illi
396 3999 507 4018 euenere
521 3991 649 4017 maximae
667 3990 949 4031 Plaut.Men.Prol.67.
998 3997 1098 4029 Ha-1‘05
1118 4016 1125 4023 .
1163 4017 1169 4023 .
1206 4017 1213 4022 .
1249 3996 1286 4023 Ex
1299 3996 1412 4023 aliorum
1428 3994 1519 4028 fae-is,
1539 4003 1584 4024 aut
1611 3998 1706 4033 dietis,
1725 4007 1771 4028 aut
1802 4002 1911 4029 eueniis.
1981 4002 2056 4030 Idem
2078 4003 2148 4031 Fam.

178 4030 263 4055 voi..
297 4026 337 4053 11.
1303 4041 1305 4046 ¹
1386 4042 1389 4049 ·
1420 4031 1445 4058 H
1465 4030 1518 4059 hh
2082 4047 2150 4071 saa
