2479 4225
26 205 96 244 277
403 180 675 223 Dvc

28 287 80 311 tur.
116 278 171 307 Cic.
188 277 220 305 de
231 277 302 311 Lege
316 274 378 308 Agr.
392 280 414 304 2,
429 278 456 305 17
474 279 496 297 c.
509 277 531 310 7.
553 270 604 297 Hic
624 277 733 310 quaero,
745 274 824 302 quam
840 264 876 308 οξ
891 266 992 293 causam
1005 267 1058 293 Ini-

29 319 96 346 tium
116 322 204 342 reruni
225 320 252 339 ac
274 313 362 345 legum
383 308 486 334 suarum
506 305 567 332 lunc
586 306 699 332 duxerit.
769 303 836 330 Ter.
857 303 922 328 hun.
940 312 968 335 4,
985 304 1011 334 6,
1026 311 1056 335 30

30 353 58 380 Si
71 351 124 378 vim
141 349 233 379 faciet,
253 347 281 373 in
300 347 342 372 Ins
361 343 451 370 ducito
470 342 615 368 hominem.
684 339 819 365 Lannnam
838 337 969 377 anc'iil.
990 346 1014 370 2,
1028 349 1055 371 4,

29 387 140 417 Lanam,
155 386 234 411 Nerr:
255 381 307 408 vid.
322 382 405 407 Hurm.
421 377 454 404 ad
468 378 571 404 Petron.
586 386 607 402 c.
619 383 655 408 133
670 383 693 408 p.
709 375 763 412 633.
800 374 881 398 Ouid.
896 373 959 412 Met.
975 382 1002 405 4,
1020 382 1055 405 33.

29 423 133 450 Lateres
154 419 261 448 ducere,
277 425 325 452 pro
348 416 476 441 Formas-r.-
498 420 526 438 vt
550 414 619 446 Opus
646 408 752 447 ductile.
776 407 843 442 apud
872 409 1019 448 vitrum-z,
1034 417 1054 449 3.

31 459 52 485 Α
72 457 131 483 elles
150 460 254 488 arrepto
274 450 397 487 penicillo
409 450 517 476 Lincam
538 456 568 474 ex
585 445 673 472 colore
692 443 766 482 dimit
786 444 901 469 summae
922 449 1056 471 tenuitatis

29 467 86 521 Psin
110 498 137 524 3¹
163 498 190 516 10
202 490 219 515 s.
234 490 275 521 36.
345 485 417 513 Idem
433 493 469 517 33,
485 493 511 509 10
532 479 616 517 Apelli
631 479 684 518 fuit
696 478 800 513 alioqui
814 484 937 512 perpetua
949 480 1055 505 consue-

29 511 94 555 tudd
125 508 260 560 nimquam
275 529 328 550 tam
347 527 498 555 occupatam
512 518 580 545 diem
593 513 702 553 agendi,
721 519 751 539 vt
770 522 825 553 non¹
839 514 946 555 Lincam
962 514 1056 541 ducen-

29 563 63 589 do
76 547 209 588 exiemeret
223 567 319 586 artem:
347 557 417 592 quod
434 556 466 582 ab
481 563 512 580 eo
527 555 554 579 in
572 549 744 585 prouerbium
765 554 847 575 venit.
917 551 982 576 Lina
1002 550 1056 576 duo

28 597 100 624 ducit
118 606 177 624 acus
192 595 258 622 Cels.
272 601 299 629 7,
312 601 338 628 7.

28 633 118 660 Litera
135 641 192 659 rara
212 630 285 656 meis.
355 628 414 654 Stat.
429 626 490 653 Silu.
503 633 529 657 4,
541 631 561 654 1,
576 623 607 648 26
643 621 793 654 Lucemque
815 629 831 646 a
848 621 962 647 Consule
982 621 1054 647 ducit

30 668 123 695 Omnis
142 668 236 694 honos.
307 664 374 690 Ter.
389 663 490 689 Phorm.
509 667 528 689 1,
541 666 566 690 2,
585 664 611 689 33
648 654 769 682 Restabat
794 655 866 682 aliud
893 657 978 687 nihil,
1006 657 1053 696 niti

30 704 120 730 oculos
139 703 248 737 pascere.
293 698 391 726 sectari
414 698 441 723 in
462 694 564 721 Ludum
584 692 678 732 ducere
703 697 728 717 et
751 691 885 718 reducere.
956 693 1055 732 Marici·-

30 740 118 774 pium:
146 737 269 765 Sollemnis
289 737 446 761 Romanorum
460 729 582 765 formula.
618 728 673 753 Cic.
693 727 725 752 de
744 728 817 754 Orat,
838 736 864 760 2,
883 735 928 759 253
954 730 1054 760 (Lm-„m

30 773 166 801 addictus?
185 772 257 798 mille
270 769 392 796 numum:
410 765 477 792 nihil
496 763 579 795 addo,
593 763 669 789 ducas
684 762 753 788 licet.
791 761 929 798 Sp0nfi0nis
940 763 978 798 se.
994 764 1055 798 for·
1085 772 1111 799 ις
1123 765 1233 799 captiuis
1245 765 1320 792 Sorte
1333 764 1419 791 duciis
1438 766 1499 792 Liu.
1512 774 1540 798 4,
1552 774 1592 799 34.

31 819 70 836 nm
82 808 116 835 ad
135 818 205 844 quam
218 806 318 833 videtur
336 802 438 842 alliidert·
449 801 504 826 Sen.
518 800 549 825 de
566 804 650 825 morte
664 798 756 824 Claud.
796 818 803 824 .
827 817 848 839 Ι.
885 817 891 823 .
927 799 967 824 Ad
988 800 1055 846 sum-

29 853 101 871 mum
122 844 174 870 tria
192 842 272 870 verba
289 841 343 867 Silo
360 838 425 864 dicat
443 841 469 862 et
488 836 591 861 seruum
606 834 652 860 Me
672 833 757 860 ducat.
798 832 855 873 Ιζιά.
878 833 970 873 δἐΙαριι.
987 834 1051 874 Iyod.

29 881 85 906 Cic.
101 888 126 911 2,
142 888 180 911 14.
250 876 322 903 Idem
340 881 386 908 pro
401 871 504 898 Cluent.
518 878 559 902 ης
572 876 595 896 rt
609 871 655 895 126
688 869 787 895 Sassiam
808 877 836 894 m
850 868 1052 897 Matrimonium

30 914 137 945 ducere,
164 914 257 940 Habiti
274 915 380 938 matrem
404 907 493 938 illam,
518 913 563 932 etc.
637 906 667 931 Et
687 913 734 944 pro
755 905 827 930 Rosc.
846 904 922 930 Com.
960 925 965 931 .
1006 926 1011 931 .

29 950 105 977 Vnde
117 951 165 976 hoc
186 956 268 975 totum
285 944 391 971 dudium
409 947 435 968 et
448 942 589 968 conflatum
601 940 769 966 Mendacium
785 939 829 965 cst.
1006 978 1014 982 .
1037 979 1040 982 ι

28 987 57 1012 in
70 984 253 1013 conscientiam
266 980 322 1008 Sall.
335 980 391 1013 lug.
405 983 442 1010 83,
455 980 505 1017 26..
547 976 587 1002 Ad
602 977 716 1002 Mortem
732 975 800 1015 Nep..
814 983 852 1007 ¹9,
865 983 892 1008 4,
905 984 929 1002 2„
997 978 1055 1004 ΕΜ,

30 1022 85 1056 gite
113 1028 141 1047 vt
156 1020 241 1047 Mores
261 1023 362 1043 teneros
383 1023 429 1040 ceu
443 1012 537 1047 pollice
551 1011 636 1038 ducat.
671 1012 706 1037 Vt
718 1010 735 1036 fi
750 1019 815 1050 quis¹
825 1019 883 1037 cera
901 1011 1003 1039 vultum
1018 1013 1054 1039 sa-

29 1058 66 1083 ‘it
90 1041 214 1083 ’quenaL
231 1060 256 1087 7,
269 1059 322 1086 237.
393 1049 561 1075 Mucronem:
582 1054 630 1082 pro
649 1046 754 1072 Educere
785 1048 857 1081 Virg.
873 1047 937 1073 Aen.
957 1057 993 1080 12,
1009 1054 1054 1083 378

28 1093 77 1119 Ille
95 1089 281 1122 tamenclipeo
300 1085 407 1112 obieeto
419 1104 427 1117 ‚
451 1084 590 1110 conuersus
610 1082 637 1108 in
657 1081 757 1107 hostem
796 1082 869 1114 Ibat,
883 1088 908 1108 et
924 1085 1054 1110 auxilium

30 1128 111 1155 duc'to
126 1128 249 1153 Mucrone
265 1121 375 1157 petebat.

30 1165 87 1190 Cic.
102 1163 133 1189 de
144 1163 215 1188 Orat.
229 1168 247 1188 ι,
261 1163 309 1190 ι83.

34 1199 92 1225 Vid.
114 1193 257 1229 Brouclchus.
276 1193 309 1219 ad
327 1193 443 1226 Propert.
457 1200 476 1224 1,
490 1199 515 1226 7,
530 1199 549 1216 1.
840 1225 845 1228 .

28 1242 115 1261 runem
128 1231 189 1258 ludo
202 1231 274 1263 Virg.
286 1230 350 1255 Aen.
366 1237 392 1261 9,
405 1229 459 1253 166.
501 1226 572 1253 Idem
588 1225 686 1258 Georg.
700 1233 722 1256 3,
736 1232 785 1258 379
810 1225 847 1250 Ηι
862 1225 976 1265 Nnotstem
991 1226 1054 1252 ludo

27 1269 133 1296 ducunt.
184 1266 228 1292 Sil.
243 1273 276 1296 11,
291 1272 333 1296 4¹1
373 1265 426 1289 Aut
439 1261 527 1289 nostro
541 1261 634 1295 vigiles
657 1262 733 1286 ducat
754 1259 801 1299 sub
820 1269 929 1287 numine
944 1261 1053 1288 Noe'tes.

28 1305 86 1331 Sen.
101 1301 209 1335 Thyest.
222 1302 274 1333 466
296 1299 447 1333 Bacchoque
461 1306 512 1323 nox
527 1296 641 1323 ducenda
656 1295 782 1331 peruigili
800 1294 884 1336 datur.
974 1333 979 1336 ι

28 1339 92 1366 ludo
111 1337 200 1365 Claud.
219 1336 248 1361 in
260 1334 374 1369 Epithal.
389 1332 482 1360 Pallad.
497 1340 539 1367 97.
605 1332 726 1372 'Nocte-m
741 1331 855 1366 querelis
874 1332 930 1358 Sen.
945 1333 1054 1372 Hippol.

25 1384 66 1410 ⁴³‘
107 1371 238 1435 &Nffleil
253 1369 557 1432 ’ἴῗῗὲῗῗὲέηἷῖξὲᾞὲἒῗὲἰ
573 1368 648 1430 {3:321
658 1367 736 1429 Eil'ssli‘
749 1370 866 1438 5'332'3'
908 1367 1056 1430 εῑῗοᾸῖἷ-,Ἇε

25 1411 104 1478 {bjx
125 1416 230 1477 {gignor
241 1416 320 1468 cetiam
334 1450 431 1467 nomen
443 1440 493 1466 hoc
511 1439 628 1465 duxerat.
651 1423 657 1429 Ι
700 1420 800 1465 N'oiz’im
815 1424 881 1466 l‘lor.
895 1424 982 1466 Carm.
998 1450 1024 1473 4,
1037 1425 1059 1471 2⁸,

379 1157 487 1188 Muros,
511 1158 529 1181 i.
547 1155 645 1181 struere
658 1160 681 1178 et
693 1155 785 1188 erigere
799 1153 872 1187 Virg.
887 1155 951 1180 Aen.
964 1163 983 1187 1,
997 1164 1055 1187 423.

622 1188 737 1214 Νοᾶὶειιι
758 1188 872 1214 custodia
892 1189 964 1216 ducit
985 1191 1056 1216 Inso-

23 1489 65 1514 59.
140 1477 270 1512 Qiindssl.
284 1486 315 1509 ιι,
330 1486 342 1509 3
380 1475 428 1502 Sed
449 1475 476 1501 in
494 1475 550 1509 ipso
568 1475 644 1501 vultu
657 1474 801 1508 plurimum
816 1475 902 1502 valent
916 1475 997 1506 oculi,
1013 1484 1058 1510 per
1067 1487 1095 1514 33

25 1523 91 1550 quos
110 1515 224 1541 maxime
243 1514 346 1539 animus
364 1517 481 1543 emanat,
507 1516 535 1537 vt
554 1510 620 1536 citra
637 1519 740 1536 morum
758 1519 863 1545 quoque
882 1516 907 1537 et
926 1510 1059 1538 hilaritate

23 1551 180 1582 enitescant,
199 1554 224 1575 et
243 1548 350 1574 tristitia
369 1547 501 1582 quoddam
515 1546 648 1572 Nubilum
662 1545 771 1578 ducant,
789 1549 807 1572 i.
830 1546 959 1573 Obducanc
976 1555 1000 1573 et
1020 1547 1057 1573 ob-

23 1586 134 1615 tendant.
171 1584 282 1611 Obliuia
295 1592 395 1618 poenae
404 1583 491 1609 Valcr.
501 1582 599 1615 Argon.
613 1590 639 1614 4,
648 1583 704 1615 657.
740 1582 780 1607 Sic
789 1583 855 1607 Hor.
864 1581 946 1608 Serm.
957 1591 983 1615 2,
992 1584 1019 1615 6,
1027 1585 1057 1609 62

137 1621 162 1647 O
176 1629 219 1646 rus
233 1619 337 1654 quando
349 1627 398 1652 ego
411 1624 436 1644 te
451 1617 608 1651 adspiciam?
626 1615 785 1651 quandoque
798 1616 889 1642 licebit

138 1656 218 1683 Nunc
234 1661 352 1682 veterum
374 1654 465 1685 libris,
485 1661 552 1678 nunc
566 1652 657 1678 sonmo
671 1657 696 1677 et
716 1651 845 1678 inertibus
858 1652 931 1678 horis

139 1692 241 1718 Ducere
258 1690 384 1717 sollicitae
405 1687 517 1714 incunda
530 1687 639 1714 Obliuia
652 1687 738 1713 vitae?

25 1729 46 1753 i.
66 1726 186 1762 obliuisci
199 1730 276 1751 vitam
290 1726 414 1761 solicitam
429 1731 452 1750 rt
466 1732 547 1749 curas.
617 1723 685 1756 Opes
701 1722 733 1748 ab
746 1722 836 1757 aliquo
850 1723 917 1749 Hor.
931 1724 1059 1762 Carm34,

1081 417 1095 443 ς
1126 410 1197 436 inani
1214 412 1382 445 persuasione.

897 926 1054 968 Modestiani
1065 951 1099 969 20

447 1120 588 1146 Mulierem
606 1117 721 1151 aliquam
740 1117 768 1142 in
786 1117 947 1144 concubinae
968 1119 1093 1150 loc1111125

939 1297 1054 1323 Nofiem
1064 1309 1095 1333 50

1067 1663 1105 1690 40
1126 1654 1221 1680 Versus
1242 1659 1267 1680 et
1285 1654 1362 1688 cupio
1374 1653 1515 1679 nonnullos
1529 1653 1609 1680 Ouid.
1623 1652 1708 1678 Trist.
1724 1660 1747 1684 ς,
1761 1661 1794 1684 ι3,
1808 1661 1843 1684 13.

1492 180 1531 222 D
1621 180 1780 222 VC
2097 193 2167 235 278

1126 277 1190 295 vum
1203 277 1245 295 me
1259 268 1335 295 ducat
1346 269 1403 296 Sen.
1417 270 1449 297 de
1462 270 1551 298 Morte
1563 269 1680 298 Claudii.
1752 271 1848 298 Scirum
1864 273 1945 300 Plaut.
1957 273 2113 301 Poemproi.
2122 283 2165 302 20.

1128 304 1332 331 Similitudinem
1346 314 1361 331 e
1374 314 1402 331 re
1421 306 1510 341 aliqua
1529 307 1584 334 Cic.
1599 307 1626 332 in
1640 307 1714 333 Orat.
1727 314 1752 339 9.
1825 309 1955 340 Quinem.
1970 319 1990 342 1,
2006 319 2018 336 2
2034 311 2165 337 vExcitan-

1128 340 1159 365 ‹la
1177 349 1266 372 mens,
1285 346 1310 367 et
1334 342 1476 368 attollenda
1500 343 1599 377 semper
1623 341 1674 373 est,
1691 350 1759 376 quae
1778 341 1807 367 in
1827 341 1981 371 huiusmodi
1997 346 2101 372 secretis
2118 351 2166 373 aut

1127 375 1266 409 languescit
1279 383 1304 402 et
1317 375 1444 410 quendam
1458 378 1531 404 velut
1549 379 1576 404 in
1589 387 1673 412 opaco
1680 378 1764 404 Situm
1777 377 1866 409 ducit,
1885 385 1928 404 aut
1941 387 2031 407 contra
2045 382 2166 408 tumescit

1454 413 1525 447 Virg.
1540 414 1603 440 Aen.
1617 422 1644 446 4,
1658 415 1705 446 560
1738 413 1810 440 Nate
1822 412 1870 438 dea
1883 419 1956 446 potes
1975 415 2023 441 hoc
2044 417 2090 443 sub
2103 419 2163 444 casu

1127 445 1221 472 ducere
1242 447 1366 474 Somnos?
1391 449 1409 472 i.
1432 446 1545 476 dormo-r,
1598 449 1644 476 Sed
1662 450 1726 475 alias
1744 448 1840 484 allicere
1853 448 1954 483 somnos
1966 450 2111 486 fignificat,
2134 459 2166 479 ιιι

1128 482 1193 508 Ηοι·.
1207 481 1288 516 Epod.
1304 491 1344 515 14,
1358 482 1485 514 3.Pocul‹·1
1510 484 1604 510 Leteos
1624 490 1653 512 vt
1677 483 1695 511 fi
1716 483 1845 511 Ducentia
1856 483 1966 510 Somnos
1979 486 2074 512 Arente
2088 488 2164 515 fauce

1126 519 1260 544 traxerim.
1332 518 1389 544 Sen.
1403 518 1548 544 Hereum.
1564 522 1614 552 643
1638 520 1731 554 Cespcs
1749 520 1842 552 Tyrio
1864 519 1974 546 mollior
1995 520 2067 548 ostro
2091 523 2164 550 Solet

1126 552 1274 587 impauidos
1293 553 1395 579 Ducere
1413 553 1532 579 Somnos.
1572 556 1638 581 Hinc
1658 556 1783 582 Bentleius
1800 556 1870 582 Hor.
1882 553 1960 589 Epist.
1982 563 2003 587 1,
2023 564 2045 587 2,
2060 565 2084 587 31
2101 560 2165 594 legit

407 589 488 619 Ouid.
501 596 532 615 ex
544 588 627 613 Ponto
641 594 669 618 4,
683 593 709 617 2,
725 593 757 617 34
791 585 904 611 Ducitur
921 591 947 612 et
966 586 1056 619 digitis
1084 598 1112 615 10
1125 588 1165 614 Ad
1179 588 1315 622 strepitum
1329 587 1443 615 citharae
1462 589 1595 614 cess'antcm
1609 590 1710 616 Ducere
1721 591 1863 622 Somnum,
1874 597 1923 626 pro
1937 591 2076 626 vulgatiore
2089 595 2164 620 cessa.

1125 629 1180 650 tum
1193 623 1386 651 ducereCuras.
1457 623 1595 650 Somnium
1615 624 1685 651 ducit
1705 626 1792 660 imago
1811 635 1878 653 vana
1899 626 1967 653 Hor.
1980 627 2067 652 Carni.
2081 635 2103 659 3,
2123 636 2163 663 27,

1124 667 1166 691 42.
1238 659 1365 693 Soporem
1381 658 1486 685 Tibull.
1503 668 1521 689 1,
1537 668 1556 691 1,
1569 662 1609 692 65.
1629 663 1647 686 i.
1672 663 1815 694 conciliare,
1834 661 1886 688 vid.
1902 663 1924 688 1.
1941 662 1967 688 F.
1981 661 2090 689 Gronau.
2104 664 2163 699 Obfi

1124 704 1148 726 2,
1163 703 1183 720 1.
1237 694 1356 726 Sortem,
1369 703 1417 728 pro
1431 694 1565 726 statuere,
1577 696 1643 730 apud
1656 696 1729 730 Vir-g.
1743 697 1807 722 Aen.
1823 706 1848 730 9,
1857 699 1902 727 268
1925 697 2041 724 Seruius.
2103 698 2164 725 sor-

1124 736 1176 756 tem
1185 749 1193 761 ‚
1207 730 1301 757 Sortiri
1310 741 1317 755 .·
1338 730 1413 764 Virg.
1422 731 1488 756 Aen.
1503 732 1529 762 6,
1543 739 1576 756 22
1602 731 1655 757 Stat
1668 731 1754 758 duc‘tis
1768 732 1888 759 Sortibus
1902 742 1975 759 vrna.
2047 731 2163 768 Singulis

1663 768 1719 793 Cic.
1733 767 1764 793 de
1777 768 1868 794 Diuin.
1888 777 1958 801 1,34
1985 769 2021 795 At
2041 769 2113 795 enim
2133 769 2162 795 id

1124 801 1208 835 ipsum
1223 799 1300 826 habet
1314 800 1415 835 aliquid
1429 801 1531 834 diuini,
1554 810 1620 836 quae
1632 803 1728 836 cuique
1740 802 1825 829 hostia
1841 803 1977 838 obtingat,
1996 810 2118 839 tanquam
2133 805 2164 832 in

1124 835 1243 863 Sortibus
1264 845 1330 870 quae
1352 836 1397 862 cui
1419 836 1536 864 ducatur.
1605 838 1733 872 Spiritum
1750 847 1796 871 per
1808 838 1882 866 siccas
1902 839 2005 872 fauces,
2031 839 2164 876 Respirare

1124 872 1182 899 Sen.
1196 871 1227 897 de
1243 871 1332 897 Benef.
1348 880 1370 903 3,
1385 877 1407 901 8.
1464 872 1565 899 Auctor
1576 873 1608 899 ad
1622 875 1720 900 Heren.
1735 883 1763 906 4,
1801 894 1808 899 .
1845 895 1852 902 .
1886 875 1979 909 Itaque
1991 875 2115 902 anhelans
2130 885 2165 904 ex

1124 907 1185 933 imis
1205 906 1375 941 pulmonibus
1396 916 1456 941 prae
1471 917 1531 934 cura
1545 909 1673 943 Spiritus,
1689 908 1840 935 ducebatur.
1910 910 2053 944 Spiritum,
2070 914 2164 938 Aura-

1122 943 1193 969 here:
1212 949 1234 968 et
1247 949 1294 978 per
1305 944 1507 975 translatmncm,
1527 945 1629 970 ls'iuere:
1655 943 1756 969 Auc'tor
1767 943 1798 969 ad
1813 945 1912 971 Hei-en.
1925 955 1953 978 4,
1964 954 1997 979 45
2025 947 2095 974 Nam
2109 947 2164 975 hoc

1124 978 1247 1013 quidem,
1266 977 1419 1012 fiSpiritum
1433 979 1522 1012 ducit,
1540 980 1628 1011 viuit‚
1648 985 1694 1005 etc.
1751 979 1807 1005 Cic.
1824 980 1895 1006 Fam.
1911 989 1950 1013 10,
1965 990 1973 1006 1
1997 983 2098 1010 Ducere
2113 983 2165 1018 spi-

1123 1015 1206 1040 ritum
1224 1013 1340 1040 naribus.
1378 1015 1464 1041 Varro
1479 1014 1510 1040 de
1522 1015 1553 1041 R.
1567 1015 1597 1041 R.
1611 1024 1633 1044 2,
1646 1022 1668 1046 3.
1704 1012 1765 1040 Liu.
1777 1022 1825 1048 44,
1862 1034 1869 1040 .
1907 1034 1914 1041 .
1951 1017 2006 1044 Cic.
2028 1018 2059 1044 dc
2077 1019 2112 1046 N.
2128 1020 2163 1046 D.

1124 1058 1147 1081 2,
1160 1055 1194 1079 18.
1266 1048 1381 1075 Stamina
1394 1048 1488 1076 ducere
1506 1049 1586 1077 Ouid.
1602 1050 1665 1076 Met.
1678 1057 1706 1082 4,
1720 1057 1769 1075 221.
1841 1050 1892 1075 Sub
1904 1050 2003 1084 iignum
2019 1053 2100 1080 Plaut.
2113 1056 2163 1081 Ca-

1122 1084 1168 1110 fin.
1183 1092 1205 1116 3,
1220 1086 1245 1116 6,
1260 1092 1279 1110 ι.
1349 1084 1414 1110 Plin.
1436 1093 1473 1120 17,
1487 1094 1519 1112 22.
1558 1085 1635 1112 Vltro
1655 1084 1775 1118 citroque
1795 1083 1883 1110 Sulcos
1902 1093 2041 1120 perpetuos
2061 1089 2164 1117 ducito..

1123 1120 1163 1146 Ad
1181 1120 1346 1154 Supplicium
1364 1120 1420 1147 Cic.
1434 1121 1511 1147 Catil.
1528 1127 1590 1156 lpr.
1625 1120 1696 1146 Suet.
1710 1119 1778 1146 Tib.
1798 1128 1819 1146 c.
1840 1128 1880 1155 57.
1948 1123 2064 1150 Martial.
2082 1133 2112 1155 ιι,
2125 1135 2164 1158 40

1124 1156 1262 1189 Corripis,
1288 1155 1428 1188 obseruas,
1454 1158 1591 1191 quereris,
1609 1155 1725 1190 Suspiria
1752 1155 1834 1182 duciS.
1890 1156 1970 1183 Ouid.
1983 1159 2054 1189 ‚Men
2073 1168 2093 1189 1,
2112 1162 2163 1192 656

1124 1191 1185 1217 Alto
1205 1198 1305 1217 tantum
1327 1191 1442 1225 Suspiria
1462 1192 1534 1218 ducis
1571 1191 1687 1218 Pee]ore.
1759 1192 1815 1218 Cic.
1836 1191 1868 1218 de
1887 1193 1991 1219 Inuent.
2013 1202 2035 1226 2,
2055 1203 2086 1227 29
2125 1196 2165 1222 Ex

1124 1226 1196 1253 faf‘to
1213 1232 1304 1252 ,autem
1319 1226 1374 1260 ipso
1390 1227 1552 1261 Suspiciones
1571 1226 1713 1257 ducentur,
1725 1226 1758 1259 fi,
1774 1234 1818 1253 etc.
1838 1231 1856 1254 i.
1878 1229 2016 1264 Concipere.
2087 1229 2165 1258 Idem

1122 1264 1200 1289 Verr.
1215 1271 1234 1293 1,
1247 1271 1278 1294 3ο
1304 1262 1405 1288 Deinde
1425 1263 1461 1289 ita
1473 1263 1595 1298 Tempus
1608 1263 1763 1295 duceretur,
1778 1268 1808 1289 vt
1821 1272 1836 1289 a
1847 1264 1885 1290 M.
1900 1263 2044 1291 Glabrione
2058 1265 2167 1293 Praeto-

1124 1306 1168 1329 re,
1187 1304 1213 1323 et
1226 1307 1240 1323 a
1253 1306 1345 1331 magna
1364 1305 1434 1332 parte
1449 1298 1545 1325 horum
1560 1298 1691 1330 Indicum,
1708 1296 1740 1324 ad
1751 1299 1898 1325 Praetorem
1911 1300 1993 1326 alium
2007 1300 2165 1337 Iudicesque

1124 1333 1190 1360 alios
1209 1334 1368 1360 veniremus.
1389 1334 1462 1368 Conf.
1482 1343 1508 1360 n.
1530 1342 1552 1366 ς.
1622 1334 1702 1360 Tura
1722 1333 1830 1360 naribus
1853 1336 1919 1361 Hor.
1939 1336 2028 1363 Carni.
2049 1346 2077 1369 4,
2093 1346 2114 1368 1,
2127 1347 2164 1365 21.

1125 1369 1192 1396 Plin.
1208 1377 1248 1403 34,
1264 1378 1276 1401 3
1305 1369 1421 1395 Primum
1435 1370 1562 1396 inuexiffe
1573 1368 1731 1403 Triumpho
1744 1370 1790 1395 suo
1810 1379 1887 1404 quem
1908 1369 1983 1398 duxit
1996 1371 2076 1398 Vrbis
2093 1382 2164 1400 anno

1125 1407 1183 1439 567.
1253 1405 1326 1431 Idem
1341 1413 1377 1436 η,
1393 1413 1434 1437 125
1462 1405 1621 1439 Clarumque
1634 1404 1707 1431 dietu
1727 1413 1741 1430 a
1755 1406 1880 1441 Pompeio
1899 1407 2035 1441 magnoin
2047 1406 2166 1435 Trium-

1126 1440 1179 1476 plio
1193 1439 1300 1467 arbores
1316 1449 1424 1475 quoque
1440 1440 1572 1466 duximus.
1643 1440 1762 1467 Turmas
1778 1442 1852 1476 Virg.
1867 1442 1930 1469 Aen.
1944 1451 1967 1475 ς,
1983 1451 2036 1475 ςςο.
2100 1445 2163 1472 Liu.

1126 1485 1150 1510 ς,
1188 1496 1193 1501 .
1231 1495 1237 1502 .
1273 1476 1395 1508 Vallum,
1408 1476 1567 1511 fossamque,
1580 1475 1692 1510 ingentis
1712 1482 1850 1511 Vtramque
1863 1485 1919 1504 rem
1934 1479 2037 1512 operis,
2051 1480 2096 1513 'per
2107 1487 2165 1507 tan..

1126 1518 1182 1539 tum
1196 1511 1272 1546 spatii
1286 1511 1425 1537 duxerunt.
1476 1513 1542 1538 Vasa
1554 1520 1568 1538 e
1582 1511 1638 1537 luto
1658 1511 1788 1545 Quinetil.
1804 1521 1826 1545 2,
1842 1520 1878 1547 17.
1898 1515 1909 1539 z·
1938 1515 2049 1550 Fingere.
2105 1517 2165 1542 cic.

1127 1548 1159 1574 de
1174 1547 1243 1574 clar.
1258 1548 1332 1574 Orat.
1345 1555 1379 1580 92
1405 1547 1463 1573 Nec
1476 1556 1542 1573 vero
1555 1546 1639 1573 vllum
1653 1552 1698 1573 aut
1713 1546 1824 1580 durum,
1844 1554 1888 1574 aut
1903 1549 2032 1582 insolens,
2052 1556 2097 1577 aut
2115 1550 2166 1578 hu-

1126 1584 1207 1616 mile,
1227 1589 1271 1608 aut
1285 1583 1312 1608 in
1332 1582 1436 1616 longius
1451 1581 1574 1614 dutS'tum,
1587 1590 1615 1607 ac
1630 1591 1683 1608 non
1701 1584 1808 1616 propria
1822 1583 1908 1609 Verba
1925 1593 2030 1617 rerum,
2049 1585 2090 1611 sed
2110 1587 2168 1620 ple-

1125 1627 1213 1654 raque.
1227 1618 1364 1648 translata,
1378 1625 1423 1644 etc.
1478 1617 1565 1644 Verba
1589 1617 1616 1642 in
1638 1617 1743 1650 longam
1765 1627 1869 1644 moram
1900 1619 2017 1652 Propert.
2038 1629 2057 1653 1,
2079 1628 2117 1653 10,
2137 1623 2166 1648 6.

1914 1654 2045 1686 Qiinffll.
2060 1663 2083 1687 3,
2095 1663 2122 1690 7,
2137 1663 2166 1689 13

1126 1689 1175 1716 Sed
1193 1697 1248 1715 non
1267 1698 1316 1716 vna
1332 1698 1378 1723 per
1396 1688 1446 1714 hoc
1466 1697 1531 1722 opus
1544 1688 1594 1713 Via
1612 1687 1731 1718 ducitur,
1751 1690 1769 1712 i.
1790 1696 1838 1712 non
1859 1696 1909 1713 vna
1928 1692 2024 1715 ratione
2041 1690 2086 1716 hoc
2105 1698 2167 1726 opus

1122 1724 1264 1759 perficitur.
1336 1725 1410 1757 Virg.
1425 1724 1488 1750 Aen.
1503 1732 1522 1755 1,
1538 1731 1586 1756 4οι
1624 1723 1655 1748 Et
1668 1730 1719 1756 qua
1738 1727 1763 1747 te
1782 1721 1854 1748 ducit
1868 1723 1919 1748 Via
1936 1723 2023 1758 dirige
2043 1726 2166 1759 gressum.

25 1770 55 1794 4,
71 1770 111 1795 54.
183 1762 266 1796 Opus,
280 1767 308 1786 vt
323 1759 489 1789 caelandum,
508 1767 562 1784 non
575 1767 605 1784 ex
620 1759 722 1791 integro
735 1757 918 1783 fabricandum
932 1758 961 1782 fit
975 1759 1059 1794 Qun·
1128 1759 1184 1784 Cic.
1198 1767 1246 1797 pro
1263 1759 1333 1798 Lege
1347 1759 1439 1785 Manil.
1454 1767 1482 1798 33
1499 1767 1520 1797 c.
1534 1766 1562 1784 12.
1597 1758 1687 1797 Qunn
1704 1757 1803 1797 vestros
1822 1763 1928 1792 portus,
1948 1766 2027 1794 atque
2040 1769 2085 1787 eos
2105 1771 2168 1802 por-

25 1797 81 1823 etii.
96 1805 133 1830 ιο,
146 1806 168 1829 3,
184 1801 217 1826 18.
288 1796 344 1822 Cic.
358 1804 406 1829 pro
417 1796 534 1820 Muraen.
549 1795 579 1818 62
608 1792 672 1830 Non
688 1801 717 1817 re
731 1792 822 1816 duc'tus
836 1800 876 1829 es,
892 1791 933 1816 sed
947 1792 1058 1823 Opinio-
1129 1793 1293 1831 tus,-quibus
1302 1787 1389 1832 Vitam
1403 1799 1428 1820 et
1440 1794 1568 1828 Spiritum
1582 1792 1695 1825 ducitis,
1719 1802 1748 1832 ιη
1764 1793 1926 1834 praedonum
1946 1796 2071 1829 potestate
2090 1797 2168 1837 fuisse

23 1840 66 1857 ne.
136 1831 208 1856 Idem
222 1831 254 1856 de
266 1831 356 1856 Diuin·
376 1839 395 1858 1,
413 1837 446 1860 34
483 1827 565 1853 Cuius
584 1835 686 1859 genens
705 1825 818 1851 Orat-‘1¹1³
837 1830 916 1849 etlam
940 1824 1057 1849 habenda
1066 1833 1099 1859 45
1126 1828 1223 1852 sciam.
1295 1829 1368 1861 Virg.
1385 1829 1450 1855 Aen.
1463 1837 1490 1860 2,
1504 1830 1553 1860 641
1574 1829 1619 1854 Me
1631 1827 1649 1853 fi
1663 1828 1800 1855 caelicolae
1814 1829 1952 1856 voluissent
1966 1831 2059 1857 ducere
2072 1839 2168 1860 Vitam.

22 1866 81 1891 sunt
94 1872 148 1889 non
160 1873 199 1895 ea,
214 1872 278 1897 quae
291 1864 407 1896 aequatis
422 1861 536 1887 sortibus
555 1860 703 1890 ducuntur,
721 1859 762 1884 sed
779 1858 839 1888 illa?
849 1867 914 1892 quae
931 1857 1057 1884 instinc'tu

21 1898 117 1925 diuino
130 1899 268 1932 afflatuque
287 1897 443 1923 funduntur.
516 1896 547 1921 Et
560 1895 587 1920 in
600 1895 674 1920 Orat.
689 1901 727 1926 135
753 1894 806 1920 Aut
819 1893 851 1920 ab
864 1893 959 1920 eodem
972 1893 1057 1921 verbo

20 1934 126 1961 ducitur
140 1933 238 1967 saepius
248 1933 352 1959 Oratio.
422 1930 551 1963 Ordines,
569 1937 592 1956 et
605 1929 742 1960 ordinem,
765 1928 818 1955 vid.
844 1936 915 1955 ORD
925 1936 952 1955 o.
989 1929 1057 1956 Add.

20 1971 77 1997 Cic.
91 1969 203 2003 Philipp.
218 1976 243 2001 2,
256 1977 297 1995 20.
368 1967 442 2001 Virg.
457 1967 521 1992 Aen.
535 1973 562 2001 7,
574 1968 624 2001 276
650 1964 781 1993 Omnibus
795 1964 928 1999 extemplo
941 1965 1058 1992 Teucris

21 2005 98 2032 iubet
110 2004 211 2031 Ordine
225 2004 293 2031 duci.
349 2004 447 2030 Rerum
461 2002 562 2029 Ordine
576 2002 654 2028 ducar
668 2001 748 2028 Ouid.
763 2003 827 2028 Met.
843 2011 875 2034 13,
890 2003 939 2028 161.

21 2041 110 2078 ginem
130 2041 237 2068 auetore
255 2039 287 2067 ab
309 2038 357 2065 illo
376 2039 449 2065 ducis
474 2039 542 2064 Hor.
557 2038 644 2067 Carni.
658 2046 679 2069 3,
697 2045 734 2072 17,
750 2044 771 2070 ς,
841 2039 922 2064 Ortus
935 2037 967 2064 ab
981 2037 1056 2065 Elide

25 2078 142 2105 ducimus
172 2076 252 2104 Ouid.
266 2077 330 2102 Met.
350 2083 371 2107 ς,
390 2083 455 2107 494.
524 2074 560 2099 Os
577 2073 711 2107 exquisitis
730 2072 817 2099 modis
850 2073 980 2107 Qunam,
995 2083 1022 2106 4,
1034 2082 1056 2106 3.

28 2113 87 2140 Vid.
109 2120 160 2145 os,
174 2112 237 2139 oris.
313 2110 376 2137 Otia
395 2109 475 2136 Ouid.
489 2118 519 2135 cx
532 2110 616 2139 Ponto
632 2117 650 2139 1,
666 2116 688 2141 3,
700 2117 741 2140 43.
829 2109 885 2135 Cic.
898 2118 945 2143 pro
961 2109 1056 2135 Milon.

23 2151 60 2183 76
80 2149 135 2182 Qu
147 2149 275 2174 Parietem
286 2146 318 2172 fic
332 2153 377 2180 per
389 2144 547 2171 vestibulum
559 2144 659 2177 sororis
678 2143 789 2170 instituit
803 2144 897 2170 ducere
906 2164 914 2177 ‚
934 2144 966 2169 fic
979 2153 1057 2178 agere

25 2183 202 2215 fundamenta,
222 2189 250 2209 vt
264 2183 381 2208 sororem
395 2189 448 2206 non
458 2178 538 2206 modo
553 2179 685 2206 vestibulo
694 2180 819 2213 priuaret,
841 2179 884 2205 scd
897 2180 971 2206 omni
983 2180 1055 2205 aditu

24 2227 51 2246 et
64 2218 172 2245 lumine.
242 2219 273 2244 In
292 2218 393 2248 Partes,
411 2218 429 2242 i.
450 2217 479 2242 In
493 2212 633 2251 fastiones.
668 2215 757 2241 Tacit.
773 2215 839 2240 Ann.
855 2224 887 2247 ις,
899 2223 924 2248 51
965 2215 1056 2241 Accin-

23 2261 130 2289 gerctur
143 2253 239 2285 modo,
256 2258 364 2279 nauaret
376 2260 497 2286 operam,
519 2256 544 2277 et
559 2250 677 2276 militum
690 2251 832 2277 acerrimos
845 2251 950 2277 duceret
963 2251 989 2276 in
998 2251 1056 2277 Par-

22 2296 71 2316 tes,
140 2288 232 2315 Festus
250 2288 359 2314 alicuius
378 2287 407 2313 in
425 2287 556 2313 contraria
580 2286 658 2313 Ouid.
672 2287 763 2312 Amor.
784 2294 807 2318 3,
823 2295 853 2316 ιι,
866 2295 902 2319 33.
975 2287 1056 2312 Plaut.

23 2325 106 2352 Merc.
119 2333 142 2357 3,
154 2333 183 2358 4,
198 2329 210 2353 8
237 2324 294 2349 Nec
309 2322 478 2357 podagricus,
497 2330 544 2347 nec
559 2321 722 2348 articularius
738 2321 788 2354 es’t,
809 2330 887 2356 quem
902 2331 945 2348 rus
958 2322 1055 2348 ducunt

23 2359 110 2387 Pedes.
181 2360 258 2386 Pensa
270 2368 348 2385 manu
361 2360 453 2384 quen.
468 2358 519 2384 Sat.
536 2366 571 2392 12,
585 2360 625 2390 65.

25 2401 61 2426 18,
73 2400 127 2430 587.
196 2395 313 2429 Propert.
328 2403 354 2426 2,
371 2403 396 2426 9,
410 2402 438 2420 21
467 2394 541 2426 Qiin
553 2393 634 2419 etiam
652 2392 738 2418 multo
758 2392 856 2420 duxisti
876 2394 969 2419 Pocula
984 2393 1056 2419 luxu.

27 2431 86 2458 Vid.
103 2431 178 2466 plura
191 2430 272 2464 infra.
340 2430 463 2463 Pompam
477 2428 558 2455 Ouid.
572 2428 650 2463 Epist.
665 2437 700 2459 12,
714 2431 775 2460 699.
846 2429 962 2455 Praemia
982 2428 1056 2455 Idem

22 2467 88 2494 Met.
103 2475 140 2498 10,
154 2467 210 2495 680.
225 2468 243 2490 i.
259 2466 372 2499 Accepit.
443 2462 555 2496 Scclqliae
569 2464 680 2489 mollitiei
697 2463 829 2498 descriptio
843 2464 959 2490 quenal.
974 2467 998 2495 6,
1014 2469 1058 2496 238

23 2501 136 2529 Abditus
156 2500 263 2529 jnterea
281 2500 342 2526 latet
365 2498 492 2525 arceffitus
514 2498 616 2525 adulter
634 2499 827 2532 Impatiensque
842 2508 931 2526 morae
954 2499 1010 2525 filet
1028 2509 1057 2526 ac

25 2536 163 2569 Praeputia
176 2534 255 2561 ducit.

25 2571 100 2606 pium
114 2569 220 2597 duetum
231 2570 280 2596 ess'e
292 2579 307 2596 a
324 2570 349 2596 se
363 2569 491 2603 diligendi
509 2570 557 2595 sui.
612 2570 643 2595 In
657 2570 844 2596 probationem
856 2570 958 2605 aliquid
972 2571 1058 2605 Qiin-

27 2606 83 2633 etii.
98 2613 118 2639 5,
134 2614 169 2632 12.
238 2606 392 2639 Progeniem
405 2605 530 2632 Troiano
548 2613 563 2631 a
581 2605 705 2639 sanguine
725 2604 787 2631 duci
822 2606 949 2633 Audierat
980 2607 1056 2640 Virg.

27 2643 92 2668 Aen.
106 2650 127 2673 1,
141 2649 175 2673 23.
209 2640 300 2667 Tacit.
308 2641 373 2667 Anu.
388 2649 411 2672 3,
425 2645 452 2673 38
474 2640 580 2666 Porrosi
593 2639 623 2666 hi
635 2639 928 2673 diixiffcntProiiixicias,
937 2651 984 2667 cur
996 2642 1059 2667 Dia-

28 2677 99 2704 libus
120 2675 147 2702 id
165 2677 295 2702 vetitum?
367 2677 485 2709 Pugnum
501 2675 610 2706 ducere,
628 2675 730 2701 Caedere
745 2683 845 2710 pugno:
869 2677 949 2702 Paull.
964 2677 982 2701 l.
994 2685 1012 2708 4
1025 2677 1057 2701 D.

28 2712 61 2739 de
75 2711 196 2744 iniuriis,
215 2712 243 2738 Si
255 2719 338 2745 quum
356 2711 431 2743 seruo
444 2718 504 2735 meo
515 2710 632 2742 Pugnum
646 2709 740 2735 ducere
761 2710 872 2742 vellem,
893 2711 922 2736 in
936 2711 1058 2744 proximo
1069 2718 1104 2745 70

27 2753 54 2774 te
66 2747 175 2774 stantem
192 2747 291 2773 inuitus
312 2744 477 2780 percufferim
498 2744 657 2769 iniuriarum
669 2752 724 2770 non
744 2750 843 2771 teneor.
898 2746 938 2772 Sic
953 2745 1059 2779 Alapam

25 2781 130 2808 ducere.
204 2781 376 2815 Qiaestiones
394 2788 484 2806 omnes
501 2787 532 2804 ex
554 2779 663 2813 persona
687 2779 807 2814 petitoris
833 2780 910 2814 ipsius
937 2780 1059 2807 duximus

27 2817 159 2851 (Quinctil.
180 2824 207 2850 7,
228 2826 249 2843 ε.
321 2816 459 2842 Rationem
479 2814 588 2848 ducere,
604 2814 689 2850 sumta
706 2825 721 2841 a
739 2817 840 2841 calculis
851 2815 955 2851 phrasi,
975 2817 1061 2851 quibus

27 2852 144 2879 ducendis
162 2852 262 2888 ficrfiaem
288 2852 398 2887 deorsum
407 2857 452 2877 etc.
473 2850 598 2881 rationes,
616 2852 633 2875 i.
655 2854 860 2885 computationes,
885 2852 1059 2886 conficiuntur.

31 2889 90 2916 Vid.
107 2889 183 2914 Varr.
197 2888 227 2914 R.
243 2888 274 2913 R.
289 2896 312 2919 3,
327 2889 363 2919 16,
378 2895 408 2913 11.
863 2921 868 2925 .

26 2924 90 2952 Inde
103 2924 219 2956 suscepto
231 2922 319 2954 bello,
339 2931 420 2956 quum
436 2922 503 2956 pacis
518 2920 682 2947 conditiones
697 2920 729 2947 ad
742 2927 766 2947 te
781 2921 885 2953 afferri,
906 2930 919 2947 a
934 2927 1011 2956 teque
1027 2923 1059 2948 ad

27 2968 59 2987 ea
79 2958 225 2986 honorifice
247 2964 273 2984 et
291 2957 362 2992 large
383 2956 536 2990 responderi
557 2956 692 2988 viderem,
716 2956 780 2982 duxi
800 2957 941 2983 Rationem
963 2966 1058 2990 meam,

45 3003 105 3022 uam
118 2994 168 3021 tibi
187 2993 264 3020 facile
281 3002 323 3019 me
336 2993 508 3028 probaturum
522 3001 569 3026 pro
590 2998 637 3018 tuo
655 2992 683 3017 in
700 3001 741 3018 me
754 2992 883 3018 beneficio
901 2992 1058 3020 arbitrabar.

43 3030 101 3057 dem
113 3031 189 3056 Verr.
207 3038 226 3062 1,
240 3030 290 3055 126.
345 3030 376 3055 Et
387 3029 457 3055 Fam.
472 3033 495 3060 8,
510 3035 522 3060 5
554 3028 628 3054 Hanc
644 3034 729 3053 autem
742 3037 819 3054 nemo
832 3027 905 3054 ducit
916 3030 1058 3061 rationem,

3 3087 7 3096 .
29 3061 75 3092 sed
88 3065 176 3092 'omnia
189 3064 365 3091 desiderantur
379 3064 411 3090 ab
425 3072 467 3096 eo,
477 3069 600 3098 tanquam
615 3063 682 3089 nihil
696 3063 848 3097 denegatum
864 3063 903 3090 fit.
940 3065 1004 3091 Non
1022 3065 1058 3091 vl-
1074 3069 1106 3095 80

33 3099 84 3126 lius
95 3101 231 3127 Rationem
245 3101 285 3126 sui
300 3099 435 3126 commodi
455 3099 536 3125 ducit.
590 3099 645 3125 Cic.
658 3107 706 3133 pro
718 3100 792 3126 Rosc.
807 3100 895 3126 Amer.
910 3105 950 3129 128
969 3100 1060 3127 Officii

0 3142 1 3148 ¹
33 3135 158 3163 rationem
169 3136 273 3162 ducere.
325 3135 398 3162 Idem
411 3144 458 3170 pro
475 3135 542 3161 Sext.
555 3143 583 3166 23
609 3134 738 3169 Dignitati
749 3136 797 3161 css'e
810 3135 986 3166 seruiendum,
1000 3137 1059 3163 Rei-

34 3169 95 3204 pub.
107 3171 305 3204 consulendum,
324 3170 405 3199 officii
418 3170 556 3197 Rationem
571 3171 599 3196 iu
622 3170 696 3196 omni
717 3171 771 3197 vita
787 3180 842 3197 non
857 3170 993 3197 commodi
1012 3173 1060 3198 esse

36 3203 182 3232 ducendam.
236 3207 267 3233 Et
281 3207 352 3232 Fam.
363 3215 389 3241 7,
402 3215 414 3238 3
453 3205 551 3232 Pudori
571 3212 658 3232 tamen
675 3206 773 3237 malui,
798 3207 937 3241 famaeque
957 3207 1060 3239 cedere,

37 3284 58 3301 c.
77 3277 112 3301 ι’).
130 3283 152 3301 ec
164 3277 231 3303 Fam.
245 3286 267 3309 3,
282 3284 344 3312 ςρν.
399 3278 466 3304 Cels.
481 3277 508 3303 in
522 3286 639 3311 prooem.
654 3286 663 3303 1
691 3277 728 3303 Ex
742 3277 783 3303 his
795 3286 866 3303 enun
880 3277 1061 3313 similibusque

37 3311 111 3344 saepe
123 3319 189 3337 noua
201 3313 306 3338 curandi
320 3313 398 3340 Ratio
413 3312 529 3339 ducenda
545 3312 589 3339 est.
628 3314 759 3348 Inprimis
769 3317 878 3347 pertinet
889 3313 923 3339 ad
933 3313 1062 3348 usurarum

34 3349 163 3373 rationem.
205 3347 258 3373 Cic.
271 3349 322 3374 Aet.
338 3352 363 3381 6,
377 3357 388 3381 3
411 3350 533 3382 Magnam
548 3348 685 3382 pecuniam
699 3349 916 3380 confeceram,vt
929 3349 1061 3376 soluerent

37 3380 189 3408 Centesimis
208 3382 319 3409 sexennii
339 3384 423 3410 duffis
443 3394 503 3410 cum
529 3384 701 3410 renouatione
733 3384 895 3418 singulorum
920 3393 1060 3413 annorum.

36 3452 121 3488 petuis
131 3471 139 3483 ‚
161 3450 203 3476 sed
219 3454 346 3479 renouatis
358 3456 497 3489 quotannis
509 3455 714 3481 numerabantur
726 3455 810 3481 numi.
847 3455 954 3486 DuGtis,
968 3459 986 3482 i.
1001 3458 1059 3491 Sup-

30 3490 131 3524 putaris
149 3493 172 3512 et
187 3488 318 3520 imputatis.
352 3491 382 3515 Et
391 3491 472 3525 paullo
485 3489 554 3526 post,
574 3491 632 3517 Nisi
650 3490 721 3516 forte
734 3490 763 3516 id
777 3491 898 3517 volumus
912 3492 991 3518 armis
1006 3491 1060 3519 effi-

37 3531 94 3549 cere
105 3542 111 3553 ,
131 3527 160 3548 vt
179 3521 253 3546 fenus
273 3525 401 3554 quaternis
413 3526 574 3553 1Centefimis
595 3525 696 3552 ducant.
766 3525 847 3552 Ouid.
862 3535 893 3552 ex
908 3528 991 3553 Ponto
1003 3537 1021 3558 1,
1034 3530 1060 3560 6,

36 3567 73 3592 40
103 3557 152 3584 Nil
173 3556 221 3582 fibi
240 3565 299 3595 cum
313 3557 394 3593 pelagi
405 3560 469 3591 dicit
489 3562 548 3588 fore
560 3562 701 3595 naufragus
714 3561 803 3593 vndiS,
824 3563 854 3589 Et
868 3563 940 3588 ducit
955 3564 1060 3590 Remos.

38 3602 89 3628 qua
108 3591 187 3619 modo
207 3597 281 3617 nauit
300 3600 373 3625 aqua.
438 3597 517 3623 Ouid.
530 3598 594 3623 Met.
609 3605 643 3629 13,
657 3606 702 3630 922

37 3629 158 3655 ducentia
170 3628 246 3654 Retia
265 3627 352 3661 pisces.
419 3630 530 3658 Ruinam
537 3633 594 3658 Seu.
602 3633 681 3659 Herc.
691 3633 749 3659 Oct.
764 3633 781 3658 s.
797 3642 820 3665 ι3
841 3633 870 3659 dc
884 3643 971 3668 quercu
983 3635 1061 3669 caesii.

37 3664 112 3698 Virg.
127 3665 189 3689 Aen.
205 3668 227 3695 8,
241 3665 289 3695 665
314 3661 402 3702 Castae
414 3664 537 3693 ducebant
548 3668 622 3694 Sacra
640 3677 686 3702 per
700 3668 809 3701 vrbem,
844 3669 951 3695 Pilentis
966 3675 1061 3695 matres

33 3700 66 3727 in
84 3698 216 3725 mollibus.
286 3698 440 3731 Sanguinem
457 3700 550 3728 ducere
567 3703 686 3730 Scribon.
703 3709 751 3735 158.
821 3704 955 3734 Scortum,
969 3711 997 3730 vt
1015 3703 1061 3730 du-

38 3735 122 3766 ἅδῃ-ρ,
135 3735 215 3761 Plaut.
229 3733 312 3760 Calin.
328 3741 340 3765 ς
355 3733 448 3766 Grex5
464 3736 535 3762 Clam
547 3747 657 3765 vxorem
671 3738 746 3765 ducat
754 3739 871 3765 Scortum
880 3740 979 3774 semper
988 3739 1061 3774 quod

37 3770 120 3797 volet.
155 3768 222 3796 Add.
237 3768 350 3795 Mostell-
366 3777 383 3798 Ι,
397 3776 417 3800 Ι,
430 3775 465 3800 33-
531 3772 664 3800 Senefftam
680 3774 756 3808 Virg.
771 3775 835 3800 Aen.
850 3784 888 3806 ιο,
903 3780 952 3804 182.

37 3806 147 3840 tentiam
160 3804 253 3831 ducere
266 3805 294 3830 in
309 3804 335 3830 id
352 3803 424 3838 quod
437 3804 514 3835 velit,
532 3807 567 3833 est
579 3810 708 3835 orationis
724 3809 855 3836 iudicialis
869 3810 978 3844 Qun&-
991 3820 1013 3843 2,
1028 3818 1061 3843 ις.

4 3870 5 3874 ¹
41 3840 170 3866 Sentinam
183 3840 277 3866 ducere
289 3839 405 3866 dicuntur
417 3842 443 3864 in
456 3843 515 3864 naui
520 3841 662 3875 foramina,
680 3854 738 3880 quae
751 3855 837 3880 aquam
850 3849 989 3881 recipiunt,
999 3846 1062 3872 vnde

4 3881 5 3896 l
35 3875 134 3911 sentina
153 3876 280 3909 conficitur
298 3876 356 3901 Sen.
376 3875 406 3900 de
421 3876 462 3900 Ira
483 3883 505 3906 2,
541 3894 547 3901 .
582 3895 589 3902 .

4 3959 5 3963 =
40 3945 154 3981 quodam
166 3945 256 3973 duetus
268 3946 388 3975 exordio.

994 2002 1057 2028 Ori·
1065 2012 1098 2039 50

681 2358 778 2383 Piscem
793 2357 871 2384 hamo
884 2357 964 2384 Ouid.
977 2358 1056 2392 Epist.
1066 2361 1101 2384 60

327 2534 383 2561 Cic.
398 2534 429 2566 de
443 2534 500 2560 Fin.
516 2543 538 2566 3,
552 2536 581 2560 16
610 2534 647 2560 Ex
661 2543 714 2568 quo
728 2534 842 2569 intelligi
857 2535 944 2567 debet,
959 2535 1055 2562 Princi-
1071 2538 1102 2570 65

464 2886 519 2912 Cic.
537 2885 567 2911 ad
588 2886 704 2919 Pompei.
725 2885 770 2911 sub
791 2887 842 2912 Att.
864 2891 884 2917 8,
900 2895 921 2912 11
940 2886 1059 2919 secunda,
1073 2890 1104 2918 73

37 3248 114 3274 quam
126 3241 210 3267 salutis
221 3250 292 3268 meae
306 3243 446 3269 Rationem
461 3241 566 3267 ducere.
586 3244 604 3267 i.
622 3241 723 3268 Habere.
752 3242 882 3282 Qus-,ld-
904 3251 951 3276 pro
964 3243 1058 3276 Quint.
1070 3245 1098 3273 85

34 3417 91 3443 Eid.
104 3415 163 3441 ibid.
188 3415 235 3441 Sed
242 3417 389 3446 Centefimis
400 3419 484 3446 ductis
497 3429 511 3446 a
524 3420 642 3454 proxima
657 3418 765 3454 quidem
777 3420 932 3454 syngrapha,
945 3429 991 3446 nec
1005 3429 1060 3455 per·
1069 3428 1104 3452 90

742 3598 811 3623 Nam
833 3598 913 3624 modo
934 3597 1060 3624 ducebam
1070 3605 1102 3632 95

1003 3775 1062 3801 Sen-
1072 3784 1119 3802 100
1131 3777 1200 3803 dem.

655 3880 710 3906 Cic.
724 3880 806 3907 Tusc.
821 3890 844 3913 2,
859 3890 887 3907 10
917 3882 958 3908 Est
980 3883 1064 3916 igitur

4 3922 5 3934 l
39 3910 229 3936 ambulantibus
248 3911 279 3936 ad
298 3910 367 3937 hunc
385 3910 493 3936 modum
509 3909 600 3936 Sermo
618 3911 663 3938 ille
681 3915 758 3942 nobis
777 3916 925 3948 institutus,
944 3923 970 3944 et
988 3927 1002 3944 a
1017 3918 1064 3944 tali

440 3944 481 3974 Ad
493 3946 624 3975 summum
636 3948 686 3976 ⁸¹1³
697 3949 780 3982 verba
793 3952 847 3981 Silo
861 3951 947 3990 dicat,
969 3959 995 3982 ct
1007 3954 1065 3984 Ser·
1076 3959 1121 3986 105·
1130 3959 1261 3983 amantem
1279 3954 1397 3986 Propert.
1411 3961 1435 3984 2,
1450 3961 1487 3990 17,
1501 3963 1522 3984 ι,

1127 1862 1216 1888 Vitam
1231 1861 1333 1888 dulcem
1344 1863 1450 1890 Luci-et.
1463 1872 1489 1895 2,
1501 1866 1544 1890 66.
1616 1862 1656 1889 Ad
1670 1863 1832 1890 Vmbilicum
1853 1864 1948 1891 ducere
1967 1866 2067 1901 quidam
2079 1869 2168 1903 legunt

1126 1898 1194 1924 Hor.
1209 1897 1291 1932 Epod.
1305 1906 1343 1931 14,
1357 1902 1379 1928 8.
1414 1898 1460 1925 Sed
1476 1898 1545 1925 hodie
1559 1898 1654 1934 summo
1665 1899 1780 1935 consinsit
1797 1899 1878 1925 editur
1889 1900 2028 1928 adducere.
2101 1904 2167 1930 Vm-

1125 1933 1201 1960 bram
1219 1933 1322 1960 Lucret.
1341 1942 1369 1967 4,
1390 1942 1446 1965 140.
1466 1934 1495 1960 de
1515 1934 1617 1960 nubibus
1638 1935 1756 1969 loquitur.
1825 1935 1893 1962 Hor.
1913 1935 1941 1962 in
1960 1938 2023 1963 Arte
2035 1938 2107 1964 poet.
2121 1944 2167 1971 318

1125 1969 1263 2003 Respicere
1282 1969 1414 2003 exemplar
1426 1969 1498 1995 vitae
1517 1978 1675 2003 morumque
1693 1968 1794 1996 iubebo
1805 1970 1920 1997 Doe'tum
1938 1971 2119 2006 imitatorem,
2138 1979 2168 2001 et

1125 2005 1199 2031 viuas
1218 2004 1279 2031 hinc
1295 2004 1389 2031 ducere
1404 2005 1494 2030 Voces.
1564 2005 1594 2030 ln
1611 2004 1702 2031 fletum
1719 2005 1794 2038 Virg.
1810 2006 1874 2031 Aen.
1888 2015 1917 2040 4,
1930 2009 1994 2040 464.
2060 2009 2116 2035 Cic.
2130 2009 2166 2036 de

1126 2041 1183 2068 Fin.
1198 2049 1221 2073 ς,
1257 2061 1262 2067 .
1300 2061 1306 2067 .
1344 2039 1417 2073 Qtid
1433 2049 1515 2074 quum
1533 2038 1605 2065 fictas
1622 2039 1737 2070 tabulas,
1751 2049 1765 2066 e
1785 2040 1883 2074 quibus
1898 2042 2003 2068 Vtilitas
2016 2043 2088 2070 nulla
2102 2044 2169 2072 duci

1127 2077 1226 2111 pooest,
1251 2086 1312 2103 cum
1344 2075 1481 2111 voluptate
1504 2075 1632 2110 legimus?
1702 2075 1829 2107 Vultum,
1844 2083 1893 2110 pro
1913 2077 2062 2105 Contrahere
2080 2090 2169 2115 rugas.

1127 2112 1242 2138 Martial.
1257 2121 1277 2144 1,
1290 2121 1321 2146 41
1350 2112 1406 2145 Qii
1420 2112 1493 2138 ducis
1508 2111 1612 2142 Vultus,
1626 2115 1651 2137 et
1664 2119 1719 2137 non
1733 2110 1798 2145 legis
1811 2111 1858 2137 ista
1872 2111 1996 2145 libenter,
2032 2115 2167 2143 Omnibus

1125 2147 1243 2173 inuideas
1263 2147 1362 2179 liuide,
1380 2156 1458 2174 nemo
1477 2146 1537 2174 tibi.
1573 2148 1657 2173 Aliter
1671 2147 1746 2182 Virg.
1760 2147 1825 2173 Aen.
1839 2149 1866 2179 6,
1878 2153 1929 2182 849
1967 2149 2051 2176 Viuos
2070 2150 2168 2178 ducent

1126 2181 1158 2208 de
1170 2191 1302 2209 marmore
1323 2182 1419 2209 vultus.
1441 2183 1466 2209 h.
1480 2192 1500 2209 e.
1522 2184 1663 2217 Exprimere
1682 2186 1753 2210 uiuos
1773 2184 1857 2210 vultus
1874 2186 1901 2209 in
1921 2194 2056 2212 marmorea
2076 2185 2168 2223 effigie.

1131 2218 1283 2244 vairam.
1295 2218 1329 2244 ad
1342 2218 1452 2251 Qiineh
1466 2227 1491 2251 2,
1505 2227 1534 2251 14
1550 2225 1593 2253 pr.
1636 2218 1702 2245 Plin.
1716 2226 1743 2254 7,
1758 2227 1787 2254 37
1811 2218 1883 2245 Idem
1895 2219 1938 2251 hic
1952 2220 2097 2255 imperator
2111 2222 2169 2249 edi-

1125 2254 1173 2286 xit,
1182 2262 1213 2279 ne
1228 2254 1286 2288 quis
1297 2254 1381 2288 ipsum
1394 2254 1459 2280 alius
1473 2263 1552 2288 quam
1567 2253 1668 2288 Apelles
1675 2255 1809 2289 pingeret,
1819 2264 1897 2289 quam
1905 2256 2054 2291 Pyrgoteles
2067 2258 2168 2293 sculpe-

1124 2296 1180 2320 ret,
1199 2298 1277 2324 quam
1291 2289 1415 2323 Lysippus
1428 2298 1459 2315 cx
1474 2298 1534 2316 aere
1546 2289 1668 2316 duceret.
1719 2290 1795 2325 Apul.
1810 2291 1882 2317 Flor.
1898 2300 1907 2317 ι
1921 2301 1946 2326 p.
1961 2301 2022 2326 344,
2035 2301 2064 2319 ιο
2091 2294 2168 2327 Quin

1126 2325 1195 2351 solus
1210 2333 1266 2351 eam
1281 2324 1425 2357 Polycletus
1443 2334 1504 2351 aere
1518 2325 1632 2351 duceret.
1705 2327 1778 2352 Noua
1791 2327 1955 2361 metaphora,
1976 2329 2167 2364 Artificemque

1125 2366 1171 2387 tuo
1185 2360 1257 2387 ducit
1271 2360 1317 2386 sub
1331 2361 1426 2395 pollice
1436 2361 1547 2387 Vultum
1560 2361 1663 2387 animus
1678 2361 1744 2388 Pers.
1760 2369 1782 2395 ς,
1796 2371 1840 2395 40.
1857 2363 1966 2389 Casaub.
1980 2365 2025 2399 leg.
2039 2365 2167 2391 Artificis-

1125 2404 1193 2430 que,
1213 2399 1231 2421 i.
1251 2396 1342 2422 trahit.
1413 2396 1469 2422 Cic.
1484 2405 1533 2430 pro
1548 2396 1615 2422 Sext.
1631 2399 1647 2422 6
1667 2397 1698 2422 In
1711 2398 1801 2424 onre
1813 2397 1946 2428 ducenda,
1959 2399 1987 2425 in
2001 2399 2092 2425 liberis
2105 2409 2167 2434 pro-

1125 2431 1250 2458 creandis.
1307 2432 1376 2457 Ter.
1392 2432 1456 2458 Eun.
1473 2440 1494 2464 ς,
1507 2440 1533 2464 2,
1548 2440 1584 2464 49
1605 2432 1727 2459 Emoriar
1740 2433 1758 2459 fi
1774 2442 1828 2459 non
1841 2433 1908 2460 hanc
1922 2435 2041 2460 onrem
2056 2435 2166 2462 duxero.

1125 2467 1205 2493 Plant.
1219 2466 1306 2493 Aulul.
1322 2475 1346 2499 2,
1360 2471 1386 2499 6,
1401 2477 1420 2501 4
1456 2467 1520 2494 Vult
1539 2468 1603 2494 hanc
1622 2468 1780 2501 Megadorus
1799 2468 1944 2495 indotatam
1958 2468 2061 2495 ducere.
2106 2470 2168 2498 ls'id.

1125 2503 1194 2529 Ter.
1209 2502 1283 2528 Adel.
1298 2511 1327 2535 4,
1340 2510 1367 2536 7,
1383 2511 1414 2529 11.
1484 2504 1559 2529 onr
1573 2503 1624 2529 tibi
1638 2503 1743 2528 ducitur
1764 2503 1837 2536 Virg.
1852 2503 1905 2529 Ecl.
1920 2508 1943 2534 8,
1955 2511 1998 2535 29.
2070 2505 2165 2532 Nubas

1125 2538 1237 2564 ducasue
1258 2538 1366 2569 licebit,
1390 2539 1534 2571 Nunquam
1549 2544 1632 2564 mater
1644 2538 1710 2567 eris,
1730 2546 1863 2571 nunquam
1877 2543 1949 2572 pater
1967 2538 2058 2566 Claud.
2073 2541 2102 2566 in
2116 2542 2169 2567 Eu·
2184 2540 2185 2547 ¹

1125 2579 1193 2607 trop.
1216 2582 1236 2605 1,
1248 2582 1295 2604 223
1315 2572 1343 2598 de
1361 2573 1475 2598 eunucho.
1511 2574 1615 2599 Dicitur
1632 2578 1710 2598 autem
1724 2572 1826 2598 Ducere
1845 2574 1960 2600 onrem
1975 2576 2101 2611 praecise,
2115 2583 2169 2611 pro

1127 2610 1228 2635 Ducere
1249 2616 1359 2634 vxorem
1380 2607 1498 2633 domum.
1566 2607 1692 2641 Pompon.
1712 2607 1729 2633 l.
1745 2608 1888 2635 Mulierem
1909 2609 1941 2635 D.
1960 2610 1992 2636 de
2011 2611 2064 2637 ritu
2091 2618 2166 2646 nupt.

1125 2643 1268 2670 Mulierem
1286 2650 1352 2676 quae
1371 2641 1480 2673 abesset,
1497 2640 1559 2667 duci
1577 2650 1591 2668 a
1609 2642 1706 2668 marito
1725 2651 1780 2669 non
1800 2644 1877 2677 posse.
1914 2644 2080 2673 Deductione
2093 2649 2168 2675 enim

1127 2687 1192 2712 opus
1207 2678 1255 2702 ess'e
1269 2677 1296 2702 in
1309 2677 1419 2709 Mariti,
1437 2686 1492 2702 non
1510 2677 1539 2703 in
1553 2677 1642 2703 vxoris
1655 2677 1781 2711 domum,
1800 2679 1870 2713 quasi
1886 2679 1914 2705 in
1931 2679 2098 2708 domicilium
2112 2693 2168 2710 ma-

1128 2712 1259 2739 trimonii.
1296 2713 1398 2738 Ducere
1406 2713 1524 2738 onrem
1538 2713 1645 2746 proprie
1658 2712 1756 2740 dicitur
1769 2714 1970 2748 paterfamilias:
1990 2723 2016 2743 at
2029 2717 2167 2745 filiusfam.

1128 2757 1182 2774 non
1207 2754 1259 2773 tam
1284 2747 1357 2773 ducit
1375 2756 1500 2779 vxorem,
1519 2756 1598 2782 quam
1618 2756 1632 2776 a
1652 2753 1724 2783 patre
1742 2750 1850 2784 accipit:
1880 2751 1976 2786 quippe
1994 2762 2075 2787 quum
2097 2755 2168 2788 patri

1129 2784 1310 2810 committatur
1323 2783 1409 2817 puella
1422 2783 1509 2817 potius
1522 2783 1551 2809 in
1570 2782 1724 2810 huiusmodi
1742 2785 1956 2819 conditionibus,
1968 2797 2047 2822 quam
2060 2790 2166 2816 marito.

1127 2820 1196 2845 Haec
1210 2819 1327 2844 Donatus
1341 2819 1369 2844 in
1382 2817 1488 2844 Phorm.
1504 2818 1572 2845 Ter.
1628 2819 1685 2855 Obs.
1713 2821 1761 2847 Vir
1773 2820 1860 2847 doHus
1866 2829 1943 2857 putat
1957 2823 2024 2850 Duci
2039 2828 2112 2850 ctiam
2126 2826 2169 2853 vi-

1126 2862 1170 2880 ros
1183 2862 1197 2879 a
1209 2853 1325 2880 feminis.
1363 2855 1484 2880 prouocat
1502 2853 1537 2880 ad
1553 2854 1637 2889 versus
1650 2864 1662 2880 e
1680 2855 1837 2892 Tragoedia,
1861 2861 1904 2893 qui
1921 2859 2055 2886 laudantur
2069 2861 2101 2887 ad
2115 2862 2170 2888 He-

1126 2897 1181 2916 ren.
1197 2897 1219 2921 2,
1232 2894 1260 2921 38
1273 2898 1294 2915 c.
1308 2897 1351 2922 24.
1390 2889 1436 2916 Sed
1454 2898 1502 2915 non
1520 2889 1629 2916 attendit
1641 2890 1676 2917 ad
1691 2900 1771 2918 eorum
1785 2892 1943 2928 sententiam.
1985 2897 2106 2931 Dialogus
2123 2895 2167 2928 est.

1129 2926 1210 2957 Filia,
1225 2926 1325 2959 Mei-ope
1340 2931 1418 2959 puto,
1427 2928 1500 2959 patri
1516 2928 1569 2957 ait,
1590 2925 1659 2952 Nam
1674 2925 1692 2952 si
1708 2928 1859 2962 improbum
1875 2929 2064 2964 Cresphontem
2079 2932 2168 2958 existi-

1126 2968 1263 2992 maueraS,
1287 2961 1341 2986 Cur
1355 2968 1397 2986 me
1413 2960 1473 2986 huic
1486 2960 1588 2987 locabas
1606 2963 1705 2996 nuptiis
1714 2963 1729 2992 3,
1749 2963 1886 2998 Respondet
1895 2971 1984 2999 pater:
2020 2966 2091 2993 Duxi
2107 2977 2168 3002 pro-

1126 2995 1191 3022 bum
1201 3014 1208 3026 ‚
1225 2999 1243 3023 i.
1261 2999 1364 3030 putaui:
1385 2996 1495 3028 Erraui,
1505 2996 1560 3030 post
1573 2998 1686 3031 cognoui
1699 3004 1725 3024 et
1732 2999 1809 3033 fugio
1816 3000 1960 3033 cognitum.
2031 2999 2052 3038 fl
2066 3011 2085 3035 4
2108 3005 2167 3029 For-

1126 3033 1203 3057 mulae
1216 3033 1292 3057 aliae:
1307 3032 1363 3057 Cic.
1373 3030 1451 3057 Acad.
1464 3040 1492 3064 4,
1510 3051 1517 3058 .
1538 3051 1544 3058 .
1581 3034 1616 3059 Vt
1623 3033 1669 3067 qui
1683 3032 1917 3067 audient,rationc
1930 3035 2104 3071 potiusquam
2113 3040 2168 3064 Au-

1127 3067 1250 3093 &oritate
1263 3066 1406 3098 ducantur,
1416 3070 1464 3093 int.
1477 3070 1503 3093 in
1510 3067 1659 3103 sententiam
1666 3068 1827 3104 disputantis.
1868 3070 1940 3096 Idem
1949 3070 1980 3096 de
1988 3072 2063 3098 Orat.
2081 3082 2101 3104 3,
2127 3093 2133 3099 .
2158 3093 2166 3099 .

1129 3103 1177 3128 Vel
1196 3101 1267 3136 quod
1283 3102 1304 3128 is
1320 3102 1367 3136 qui
1380 3102 1469 3135 audit,
1489 3103 1550 3129 Alio
1564 3103 1669 3130 ducitur
1677 3105 1853 3138 Cogitatione.
1890 3107 1920 3131 Et
1928 3106 2036 3133 deClar.
2046 3108 2119 3135 Orat.
2134 3110 2167 3140 56

1128 3137 1208 3164 Nihil
1236 3138 1295 3163 sane
1317 3137 1385 3164 mihi
1409 3138 1496 3172 legiffe
1519 3138 1628 3172 videor,
1648 3141 1832 3166 tantummodo
1851 3141 2011 3168 Coniectura
2032 3142 2113 3169 ducor
2131 3143 2166 3169 ad

1128 3173 1319 3207 suspicandum.
1389 3174 1541 3208 Cupiditate
1555 3176 1679 3209 pecuniae
1692 3180 1737 3201 aut
1749 3176 1849 3210 gloriae
1863 3176 1923 3202 duci
1937 3177 2107 3212 Scribonssp.
2129 3199 2135 3205 .
2158 3199 2165 3205 .

1128 3209 1184 3235 Cic.
1196 3217 1245 3243 pro
1257 3208 1340 3234 Flacc.
1353 3210 1385 3242 6,-
1418 3209 1491 3243 Qid
1509 3219 1591 3244 porro
1612 3211 1641 3236 in
1655 3212 1756 3237 Graeco
1775 3213 1894 3238 sermone
1906 3218 1960 3238 tam
1980 3213 2071 3239 tritum
2086 3220 2167 3248 atque

1129 3243 1291 3271 celebratum
1307 3244 1358 3276 cst,
1379 3253 1459 3279 quam
1478 3245 1495 3271 si
1516 3246 1575 3280 quis
1596 3246 1745 3280 Despicatui
1767 3246 1888 3279 ducitur,
1907 3254 1936 3275 vt
1949 3249 2084 3279 Mysorum
2104 3249 2167 3275 vlti-

1129 3289 1186 3305 nms
1199 3281 1247 3306 cfl‘e
1259 3279 1377 3306 dicatur3
1449 3280 1534 3307 Dictis
1546 3282 1597 3307 suis
1609 3281 1725 3316 aliquem
1737 3283 1805 3309 Ter.
1818 3282 1899 3309 Andr.
1914 3292 1942 3316 4,
1958 3291 1977 3314 1,
1992 3292 2033 3310 20.
2093 3285 2165 3312 Ter.

1129 3315 1234 3342 Phorm.
1250 3324 1272 3347 3,
1285 3324 1308 3346 2,
1324 3324 1354 3348 14
1390 3315 1498 3342 Adeone
1510 3323 1536 3343 te
1550 3318 1598 3343 ess'e
1610 3317 1798 3351 incogitantem
1811 3324 1889 3352 atque
1902 3318 2077 3352 impudentem
2086 3320 2167 3347 Phae-

1129 3351 1204 3384 dria,
1240 3352 1277 3377 Vt
1298 3350 1438 3385 phaleratis
1454 3352 1538 3378 Dictis
1558 3352 1633 3378 ducas
1652 3362 1710 3383 me,
1730 3359 1755 3379 ct
1773 3362 1859 3379 -meani
1879 3353 1968 3379 duc‘ies
1982 3355 2079 3388 gratis?
2133 3357 2166 3383 In

1129 3387 1232 3413 diuersa
1244 3387 1305 3412 duci
1323 3387 1454 3420 Qiinffll.
1468 3396 1491 3418 2,
1504 3393 1526 3417 8.
1597 3388 1678 3415 Plaut.
1693 3390 1759 3415 Pers.
1773 3399 1800 3422 4,
1813 3398 1837 3420 3,
1853 3397 1875 3414 ιι
1913 3389 1989 3414 Hunc
2009 3398 2058 3423 ego
2076 3390 2166 3418 homi-

1128 3431 1189 3448 nem
1213 3422 1295 3448 hodie
1316 3423 1343 3448 in
1368 3423 1533 3449 transennam
1560 3423 1646 3449 doctis
1670 3424 1762 3450 ducam
1783 3424 1866 3450 Dolis.
1937 3425 1994 3450 Cic.
2005 3425 2057 3451 Off.
2076 3435 2098 3459 1,
2119 3432 2167 3461 148

1129 3458 1186 3484 Nec
1209 3466 1368 3492 quemquam
1391 3457 1441 3484 hoc
1454 3459 1552 3485 Errore
1571 3459 1632 3485 duci
1651 3466 1772 3494 oportet,
1795 3465 1823 3485 vt
1843 3458 1860 3484 fi
1883 3459 1947 3493 quid
1966 3460 2101 3494 Socrates,
2120 3470 2166 3489 etc.

1128 3493 1234 3520 Gaudio
1248 3494 1314 3520 falso
1327 3493 1395 3519 Ter.
1411 3494 1491 3520 Andr.
1505 3503 1522 3524 1,
1537 3503 1560 3525 2,
1574 3503 1599 3527 9.
1641 3496 1688 3521 Vbi
1706 3496 1836 3525 Donatus,
1850 3494 1968 3527 Ducere,
1982 3496 2018 3522 est
2031 3497 2166 3532 Exspecta-

1127 3529 1202 3555 tione
1221 3529 1293 3564 longi
1311 3529 1436 3563 temporis
1451 3530 1550 3556 malum
1569 3529 1711 3564 prolatare:
1729 3530 1770 3555 vel
1788 3529 1895 3560 Induci,
1906 3536 1936 3556 vt
1949 3531 2026 3558 Feras
2041 3533 2068 3559 in
2087 3534 2165 3560 retia..

1128 3565 1184 3591 Cic.
1201 3566 1277 3591 Verr.
1292 3574 1317 3597 z,
1332 3573 1374 3597 143
1409 3566 1439 3591 Et
1458 3565 1475 3591 si
1489 3566 1548 3600 quis
1561 3574 1650 3592 earum
1668 3565 1808 3591 statuarum
1824 3564 1927 3592 honore
1945 3575 1974 3593 ac
1988 3566 2080 3595 Gloria
2093 3569 2168 3596 duci-

1128 3605 1180 3626 tur.
1202 3602 1220 3626 i.
1241 3601 1268 3627 Si
1297 3603 1336 3626 uis
1350 3600 1410 3635 quid
1420 3600 1502 3635 facit,
1516 3608 1544 3627 vt
1557 3603 1660 3637 gloriam
1674 3600 1840 3635 consequatur.
1857 3621 1859 3623 v
1908 3601 2060 3629 Trahimur
2072 3613 2167 3631 omnes

1128 3635 1212 3661 laudis
1231 3635 1270 3662 stu
1292 3636 1336 3668 io,
1355 3641 1380 3662 et
1398 3636 1514 3670 optimus
1535 3637 1646 3671 quisque
1664 3636 1777 3661 maxime
1796 3636 1890 3663 Gloria
1908 3636 2013 3664 ducit-ur
2037 3640 2093 3666 Cic.
2115 3649 2165 3675 pro

1129 3670 1208 3696 Arch.
1223 3680 1244 3696 c.
1260 3679 1292 3697 11.
1364 3672 1472 3706 Ineptiis
1485 3681 1512 3698 ac
1526 3671 1630 3698 Fabulis
1643 3669 1716 3696 Idem
1729 3679 1777 3705 pro
1788 3671 1896 3698 Cluent.
1933 3693 1941 3699 .
1979 3693 1985 3699 .
2021 3694 2029 3701 .
2092 3677 2166 3702 Cura

1131 3705 1222 3731 Claud.
1243 3706 1271 3731 in
1291 3706 1343 3732 Sec.
1356 3707 1433 3733 Cons.
1449 3707 1504 3733 Stil.
1520 3717 1546 3740 4.
1614 3706 1672 3731 Cic.
1685 3706 1713 3732 in
1726 3707 1799 3733 Orat.
1815 3715 1853 3740 115
1893 3708 1962 3742 Ergo
1983 3718 2044 3736 eum
2064 3712 2166 3742 censeo,

1131 3741 1179 3775 qui
1199 3741 1367 3776 eloquentiae
1383 3742 1471 3768 Laude
1489 3742 1615 3772 ducatur,
1635 3749 1688 3767 non
1708 3743 1757 3768 eise
1778 3751 1868 3769 earum
1888 3753 1978 3770 rerum
1996 3747 2108 3772 omnino
2122 3756 2166 3772 ru-

1256 3776 1326 3803 Libo
1344 3778 1477 3808 fumante,
1496 3780 1513 3802 i.
1534 3776 1648 3803 Deleftor
1663 3778 1730 3804 Hor.
1743 3777 1824 3805 Serui.
1839 3787 1861 3811 2,
1875 3786 1901 3813 7,
1918 3785 1966 3809 182.
2017 3781 2072 3807 Cic.
2088 3783 2164 3808 Verr.

1133 3820 1155 3845 ς,
1170 3820 1217 3845 124
1253 3814 1287 3839 At
1302 3820 1369 3838 nunc
1382 3822 1428 3847 per
1438 3821 1480 3838 me
1491 3812 1610 3845 spoliati,
1631 3820 1698 3839 naue
1710 3822 1726 3840 a
1736 3814 1914 3849 praedonibus
1928 3814 2053 3847 abducta,
2069 3816 2116 3851 ipsi
2136 3817 2166 3843 in

1133 3847 1250 3874 hostium
1268 3856 1379 3874 numero
1398 3848 1521 3882 Locoque
1541 3847 1684 3875 ducemini.
1761 3849 1882 3877 Mercede
1901 3850 1971 3876 Iden·
1985 3851 2034 3876 Off.
2048 3859 2074 3882 2,
2111 3871 2118 3877 .
2156 3869 2165 3876 .

1133 3883 1236 3910 Natura
1268 3882 1398 3916 Qiinc‘til.
1414 3891 1440 3914 9,
1453 3892 1480 3915 4.
1507 3883 1560 3910 vid.
1585 3890 1795 3912 ORGANVM.
1866 3885 1939 3912 Odio
1958 3886 2014 3911 Cic.
2030 3887 2083 3911 Att.
2100 3895 2117 3916 1,
2131 3894 2164 3911 ιι.

1133 3919 1254 3945 Praemio
1283 3918 1355 3944 Idem
1375 3917 1427 3943 Off.
1447 3926 1472 3950 2,
1508 3938 1515 3945 .
1553 3939 1560 3947 .
1631 3920 1742 3947 Mentiri
1768 3921 1890 3952 notitem,
1910 3920 2036 3946 Proniiffis
2069 3921 2167 3946 ducere

1589 3955 1644 3984 Cic.
1661 3956 1743 3986 Tusc.
1761 3964 1785 3992 ς,
1796 3959 1816 3986 6
1843 3956 1899 3984 Alii
1917 3955 2021 3981 emendi
2039 3961 2083 3982 aut
2102 3964 2166 3981 ven-

1323 3989 1354 4019 M
1374 3997 1401 4019 m
1436 3996 1453 4019 2-
2084 3990 2167 4017 dendi
