2479 4225
46 220 115 274 837
413 218 697 261 GRA

44 315 114 341 uim,
132 308 184 335 vid.
201 306 254 344 post
272 313 389 336 ΜιΝοκ.
461 307 564 335 Accidit
576 308 644 336 mihi
657 306 724 335 illud
737 311 855 342 gratum,
873 306 925 334 vid.
943 311 1072 334 Accmo.

45 345 138 373 Facere
159 344 240 370 alicui
259 350 379 379 gratum,
398 346 417 370 ι’.
441 345 500 371 Rem
519 351 618 380 gratam
640 345 696 370 Cic.
710 345 761 370 Att.
777 351 809 374 13,
820 349 860 376 45.
905 343 978 378 Conf.
1000 343 1072 370 Idem

6 378 9 414 ζ
46 380 115 411 Fam.
135 387 167 411 13,
187 381 216 410 36
229 386 252 405 et
263 387 293 414 37
311 385 334 405 et
346 388 382 413 40
401 386 425 406 et
437 388 482 412 44.
523 381 604 406 Etiam
622 380 730 406 homines
748 378 814 412 grati
831 377 963 410 dicuntur,
987 379 1072 413 quibat

8 443 14 447 ,
44 416 90 443 alii
97 413 126 450 se
138 413 348 450 deberefintiunt.
383 415 474 441 Tacit.
487 414 554 441 Ann.
570 424 588 445 1,
602 421 631 444 28
654 414 760 440 Accitur
770 412 887 438 centurio
900 412 1020 440 Clemens
1029 436 1036 448 ,
1049 420 1074 441 et

47 445 65 478 ii
78 449 123 476 alii
144 448 221 475 bonis
234 450 334 476 artibus
352 450 421 485 grati
435 450 462 476 in
480 450 582 484 vulgus.
619 451 659 477 Sic
672 449 806 476 Comitum
820 447 973 481 gratissimus
992 450 1073 477 Ouid.

46 485 108 513 Met.
122 492 160 517 14,
176 493 229 511 221.
298 486 353 512 Cic.
368 486 399 511 de
413 486 476 512 Fato
489 495 510 511 c.
527 494 540 511 2
580 484 767 514 Gratiffimum,
781 487 808 508 et
827 488 934 508 tuorum
950 485 1071 512 omnium

45 519 141 548 fimile!
181 521 234 555 Vox
252 520 418 555 hicmavzssitne
433 521 602 557 respondentis
613 520 705 546 oblatae
716 518 746 544 ab
757 518 833 544 altero
847 521 949 552 optioni.

81 561 223 582 GRATE.
259 556 326 582 Adu.
361 556 543 591 [εὗγνωμόνως]
577 557 613 582 Ex
630 560 703 591 grato
715 555 810 579 animo:
835 553 910 578 Cuius
922 559 1073 582 contrarium

12 603 13 607 =
44 588 78 624 cst
91 591 202 624 Ingrate.
242 592 269 617 A
279 591 392 617 librariis
405 592 537 627 miscentur
552 591 646 618 Gratus
665 595 688 616 et
700 588 807 627 Graius:
826 588 960 628 Dralzcnb.
977 590 1010 616 ad
1029 591 1073 618 Sil.

41 627 71 657 16,
84 628 140 658 326.
176 626 256 652 Grate
271 627 373 653 exsolui
389 627 474 653 Valer.
487 628 556 653 Max.
571 631 592 657 8,
607 631 681 660 15pr.
717 623 855 650 Aestimari
867 623 923 650 Sen.
937 625 968 651 de
983 627 1072 653 Bcncf.

12 666 14 682 ἱ
45 669 67 692 2,
79 670 106 694 4.
160 661 275 688 Secunda
295 669 367 696 grate
384 662 481 696 excipit
501 661 667 694 modesteque
691 658 748 685 Sen.
762 658 839 698 lipist.
855 666 896 693 97.
949 661 1004 687 Cic.
1025 659 1073 695 pro

44 696 128 723 Planc.
141 701 172 729 98
187 705 208 722 c.
221 705 250 729 41
280 698 359 724 Grate
373 703 398 723 ct
415 698 458 732 pie
470 697 563 723 facere.
613 694 684 721 Idem
698 694 730 720 de
745 695 801 720 Fm.
816 702 824 720 1
839 703 860 720 c.
875 702 902 726 19
932 695 1073 724 Praeterita

45 737 116 766 grate
129 731 248 758 memini.
303 734 369 759 Hor.
383 733 460 767 Epist.
473 741 495 763 2,
508 741 530 763 2,
544 739 587 757 210
606 730 712 757 Natales
728 735 799 764 grate
811 738 940 757 numeras.
995 732 1074 758 Grate

43 767 143 794 olentes
158 775 249 793 coenas
262 768 365 794 laudant
378 778 407 794 ex
419 767 496 802 Apul.
510 773 534 792 et
545 774 595 792 vna
608 775 664 792 voce
677 771 930 792 GRATEOLENTES
944 765 1074 801 scribunt:

3 803 13 813 ·’
37 801 86 839 sed
100 803 205 828 Elmenh.
220 812 244 836 p.
259 810 304 837 74,
318 812 347 835 23
368 801 578 838 graueolentibus
596 801 694 827 coenis.
730 801 761 826 Ετ
772 799 812 834 fic
826 802 899 826 etiam
915 801 1008 827 Florid.
1034 804 1074 830 Ab

42 837 108 866 Atdo
121 835 154 870 esi
168 844 240 872 grate
259 839 401 865 olentibus.
468 837 573 863 Gratius
587 836 635 862 libi
648 836 723 862 illum
736 836 868 862 fa6hirum
886 835 941 862 Cic.
955 835 986 863 de
1000 838 1073 865 Orat.

43 880 58 899 Β
71 882 91 899 c.
106 880 150 907 74.
221 873 315 908 Superl.
335 874 399 900 Plin.
413 880 439 907 7,
451 875 469 899 6
491 873 587 898 Munus
599 872 737 906 gratislime
751 875 884 905 acceptum
896 871 941 897 est.

9 918 13 928 =
80 913 159 934 GRA
168 915 207 934 T1
220 915 236 934 F
248 910 283 937 i'c
294 916 312 936 o
322 916 339 936 R
348 929 356 941 ,
374 909 422 935 ari.
445 908 511 941 Dep.
532 907 700 942 [χαρίζομαι]
719 908 777 933 Rem
784 906 983 942 gratamsacere,
997 914 1019 934 et
1028 910 1071 935 Be.

44 942 157 978 neficium
170 943 229 970 dare
242 942 515 980 aliquavidofignificat.
550 943 606 969 Cic.
616 944 686 969 Fam.
701 950 720 974 1,
736 950 745 967 1
767 941 846 974 Qiod
857 942 982 976 Pompeio
994 945 1073 977 grati.

11 982 13 986 “
43 977 116 1005 ficari
136 980 162 1005 se
181 985 280 1013 putant.
352 979 465 1005 Honeste
484 978 564 1004 alicui
582 978 655 1004 Idem
670 977 701 1003 de
710 976 802 1010 Legib.
815 984 838 1009 3,
850 985 892 1008 29.

42 1013 184 1048 gratificari
196 1023 244 1048 pro
258 1015 347 1049 aliquo
361 1015 418 1040 Liu.
434 1022 469 1046 21,
482 1022 498 1046 9
512 1020 576 1040 extr.
646 1011 812 1039 Gratificatur
829 1012 897 1038 mihi
911 1013 981 1046 gestu
1001 1023 1071 1041 accu-

10 1071 13 1082 ,
42 1049 112 1075 sator
129 1050 184 1076 Cic.
198 1059 246 1084 pro
261 1050 340 1076 Corn.
354 1049 435 1076 Balbo
449 1056 478 1081 14
491 1058 512 1075 c.
526 1051 542 1074 6
552 1055 595 1083 pr.
665 1049 719 1074 Cur
739 1047 789 1074 tibi
808 1046 858 1073 hoc
871 1057 925 1074 non
941 1050 1071 1082 gratificer

10 1087 13 1119 ᾗ
41 1085 130 1111 nescio
149 1085 220 1111 Idem
235 1085 302 1110 Fam.
318 1094 336 1114 1,
350 1093 385 1110 10.
456 1084 526 1110 Deus
540 1082 701 1117 gratificatur
713 1082 884 1115 hominibus,
900 1093 946 1109 non
967 1092 1070 1119 gratum

6 1122 12 1143 ,ἔ
41 1119 113 1146 facit.
150 1120 205 1146 Cic.
220 1119 251 1146 de
264 1120 300 1146 N.
314 1121 344 1146 D.
361 1128 380 1152 1,
396 1128 442 1153 ¹24
471 1119 548 1145 Nihil
563 1118 685 1152 cuiquam
697 1117 873 1150 tribuentem,
885 1119 952 1145 nihil
971 1122 1069 1154 gratifi-

10 1156 11 1161 ’
40 1162 157 1187 cantem,
175 1156 284 1181 omnino
297 1155 365 1181 nihil
387 1155 535 1184 curantem,
555 1153 622 1179 nihil
641 1154 777 1187 agentem?

10 1187 11 1198 ¹
39 1198 72 1222 42
87 1199 108 1216 c.
124 1198 148 1223 ις
167 1191 257 1225 Deque
271 1199 302 1217 eo
315 1190 386 1225 quod
396 1190 455 1225 ipsis
463 1190 579 1223 superat,
591 1188 650 1214 aliis
664 1188 807 1222 gratificari
819 1189 922 1216 volunt.

39 1232 60 1255 ι’,
74 1233 103 1256 23
137 1226 168 1251 In
187 1225 282 1260 quibus
302 1232 390 1252 autem
405 1225 490 1252 maior
504 1223 539 1250 est
556 1224 674 1255 animus,
693 1224 722 1250 in
741 1223 782 1250 his
797 1225 922 1258 pecuniae
940 1227 1068 1261 cupiditas

33 1259 134 1297 ,spectat
147 1260 180 1286 ad
195 1269 270 1295 opes,
297 1267 322 1288 ct
339 1260 371 1287 ad
383 1259 545 1295 gratificandi
558 1259 716 1285 facultatem.
734 1262 751 1287 i.
779 1261 813 1286 Vt
830 1268 931 1296 gratos,
944 1262 1069 1296 obnoxios,

9 1318 11 1326 .
37 1300 61 1321 et
73 1294 201 1321 deuinffos
212 1295 258 1327 libi
271 1296 369 1322 reddere
376 1294 480 1331 pqffi’nt.
551 1294 651 1321 Sallust.
665 1295 692 1321 in
704 1295 823 1329 Iugurth.
836 1305 857 1322 c.
871 1304 883 1328 3
910 1297 1012 1324 Frustra
1025 1307 1069 1324 au-

976 1193 1006 1218 Et
1015 1193 1067 1219 Off.

11 1389 12 1392 ,
27 1361 183 1396 'ficmentiae
200 1366 251 1396 est3
276 1366 326 1392 nisi.
342 1366 412 1392 forte
430 1374 507 1400 quem
522 1365 660 1392 inhonesta
678 1371 704 1392 et
722 1367 869 1400 perniciosa
883 1367 969 1394 libido
991 1375 1070 1401 tener,

6 1428 9 1432 ,
33 1398 49 1407 '¹
55 1401 168 1428 otentiae
182 1409 323 1434 paucorum
338 1401 414 1427 decus
427 1409 505 1435 atque
519 1400 667 1427 libertatem
681 1401 834 1435 gratificari.
904 1403 1009 1430 Lubido
1029 1414 1070 1439 pa-

11 1436 12 1439 ’
35 1449 39 1455 ·
55 1435 72 1467 γ’
88 1444 101 1462 e
120 1435 283 1469 gratificandi
302 1436 374 1463 Idem
388 1437 424 1463 de·
436 1437 501 1463 Ord.
515 1437 577 1470 ch.
592 1437 664 1463 Orat.
679 1445 692 1462 2
713 1444 777 1464 extr.
848 1438 948 1466 Sallust.
969 1439 1000 1465 de
1020 1441 1069 1466 Re-

1 1483 4 1492 *
35 1469 97 1506 pub.
110 1471 204 1497 Ordin.
219 1471 250 1498 ad
265 1472 402 1498 Caesarem
422 1481 442 1504 1,
455 1479 472 1506 7
499 1472 595 1506 Neque
613 1472 691 1498 aliter
704 1472 844 1507 quisquam
863 1474 988 1501 extollere
1009 1476 1068 1507 sese,

66 1541 151 1573 udiis,
169 1543 259 1569 animo
273 1543 427 1576 indulgens,
447 1551 501 1568 non
515 1542 676 1573 assentando,
694 1551 778 1576 neque
791 1545 930 1578 concupita
943 1547 1066 1579 praeben-

0 1605 3 1612 ,
51 1585 82 1609 o,
95 1579 243 1612 pertici-sam
257 1578 366 1611 gratiam
381 1577 540 1611 gratificans:
563 1577 605 1603 scd
620 1577 648 1602 in
662 1577 766 1609 labore,
780 1580 921 1612 patientia,
936 1580 1068 1616 bonisque

0 1623 5 1642 i
31 1613 193 1647 praeceptis,
208 1620 233 1639 et
252 1613 328 1640 factis
346 1613 460 1639 fortibus
479 1612 654 1638 exercitando.
739 1614 788 1639 Pro
804 1615 909 1648 Faucre,
927 1623 950 1641 et
969 1626 1067 1644 ornare.

0 1655 9 1670 t
31 1648 89 1674 Cic.
104 1648 135 1673 de
149 1648 241 1682 Legib.
256 1657 277 1680 3,
290 1656 323 1679 29
350 1648 451 1682 Populo
470 1647 580 1682 potestas
594 1647 699 1674 honeste
711 1647 788 1674 bonis
803 1650 965 1682 gratificandi
982 1651 1067 1679 datur.

33 1717 143 1744 deantur
156 1717 287 1751 prodesse,
307 1727 361 1744 non
374 1719 500 1750 benefici,
518 1727 603 1753 neque
616 1718 755 1750 liberales,
775 1719 816 1745 sed
836 1721 973 1753 perniciosi
989 1723 1067 1749 assen-

0 1784 2 1788 .
31 1758 128 1779 tator-es
140 1752 274 1779 iudicandi
289 1754 354 1780 sunt.
425 1754 556 1780 Liberalis
570 1754 733 1788 gratificandi
746 1754 868 1780 voluntas
882 1757 937 1781 Cic.
951 1755 1027 1782 Offic.
1041 1766 1066 1787 2,

29 1795 64 1819 51.
139 1789 234 1814 Partic.
259 1788 357 1815 Sallust.
370 1788 403 1815 de
416 1790 480 1823 Rep.
494 1788 560 1815 0τά.
576 1797 594 1819 ι,
608 1797 625 1821 7
658 1790 808 1814 Peruersam
832 1791 942 1822 gratiam
968 1791 1067 1823 gratifi-

27 1829 96 1853 cans,
111 1827 156 1847 etc.
175 1822 228 1848 vid.
236 1823 324 1857 supra.
485 1821 506 1859 ff
526 1832 542 1849 2.
578 1821 639 1848 Ᾱὲῗ.
667 1823 745 1855 Vulg.
763 1824 873 1856 Interpr.
894 1823 984 1857 Ephes.
1009 1833 1030 1856 1,
1050 1826 1067 1850 6

29 1855 195 1883 Gratificauit
207 1865 254 1882 nos
269 1858 298 1882 in
311 1856 408 1882 dilc8m
422 1856 479 1883 filio
496 1858 551 1883 suo.

63 1897 175 1918 GRAT
187 1897 387 1921 1F1CATVS,
405 1900 433 1921 a,
452 1900 506 1918 um.
544 1890 643 1924 Sistibi
661 1889 819 1924 gratificatus
836 1896 909 1918 tutor
924 1892 1004 1919 soluit
1018 1893 1035 1919 1.
1048 1895 1066 1920 6

18 1923 50 1963 ·§.
63 1935 76 1952 2
89 1926 120 1952 D.
134 1925 167 1952 de
181 1926 237 1952 reb.
252 1926 320 1952 auct.
337 1926 394 1953 Iud.
408 1927 469 1961 pois.
491 1926 518 1953 Si
530 1927 619 1954 videas
632 1925 686 1954 tibi
700 1925 820 1953 blandius
835 1928 971 1963 quippiam
984 1930 1064 1964 grati-

27 1961 169 1996 ficatusque
183 1961 272 1988 Sidon.
287 1961 364 1996 Epist.
380 1969 402 1994 5,
417 1970 454 1988 10.

61 2004 82 2025 G
90 2004 109 2024 R
118 2003 169 2024 AT
178 2003 210 2023 11³
222 2003 232 2023 1
244 2004 260 2024 C
268 2004 290 2023 A
299 2004 320 2024 Τ
328 2005 337 2023 1
347 2003 366 2023 O
374 2017 383 2029 ,
406 1998 473 2023 bnis.
506 1997 526 2024 f.
562 1997 716 2032 ['svxoefa;·e'oc
730 1997 809 2024 Gloss‘.
824 1998 880 2023 Lat.
894 1998 940 2023 Gr.
950 2000 961 2030 ]
1003 1999 1061 2025 Cic.

3 2055 197 2097 (titicationem
217 2074 243 2094 et
262 2067 474 2094 beneuolentiam
494 2068 609 2103 ponitis?

3 2098 11 2121 q
680 2067 820 2103 Impudens
838 2068 892 2094 Cic.
908 2068 939 2094 de
952 2069 982 2095 L.
997 2071 1059 2103 Agr.

29 2113 51 2167 ἰ,
61 2106 77 2132 6
89 2112 110 2131 c.
124 2112 146 2136 3.
215 2103 338 2130 Scaeuola
352 2103 368 2129 l.
381 2104 428 2130 vlt.
444 2104 475 2130 D.
491 2104 522 2130 de
541 2103 685 2138 religiosis,
697 2110 722 2130 et
735 2103 842 2129 sumtib.
856 2103 942 2129 funer.
964 2104 990 2129 Si
1004 2105 1060 2138 plu.

18 2150 19 2154 *
45 2139 172 2175 {praedia
187 2139 246 2174 quis
262 2138 399 2170 habuerit,
420 2146 445 2166 et
459 2139 580 2166 omnium
593 2138 789 2165 vfinnfruehnn
803 2139 939 2172 separatim
959 2139 1060 2173 legaue-

30 2171 78 2238 ἴέἓι
94 2175 190 2210 ρὀιειίῐ
209 2175 238 2201 in
250 2184 332 2201 vnum
349 2174 460 2208 inferri,
473 2181 499 2202 et
517 2174 613 2202 electio
628 2174 680 2206 erit
696 2172 816 2206 heredis,
831 2179 856 2199 et
873 2173 1061 2208 gratificationi

70 2219 105 2238 us.

44 2258 52 2278 ‚⁴
63 2251 135 2276 GRA
144 2251 212 2273 T1F
223 2253 232 2271 1
242 2252 258 2273 C
269 2247 321 2272 ᾹΤ
330 2238 392 2277 Οχῐι,
409 2245 474 2271 oris.
499 2253 534 2270 m.
571 2243 709 2278 Augustin.
747 2263 753 2270 .
792 2263 800 2270 .
837 2263 845 2270 .

10 2287 12 2298 ¹
26 2282 29 2283 ⁷
57 2285 80 2307 G
89 2288 107 2307 R
117 2288 139 2307 A
151 2287 173 2307 'r
185 2289 194 2307 1
204 2287 221 2306 F
232 2280 297 2308 i'cv
307 2287 336 2312 s,
355 2289 386 2312 a,
407 2290 461 2306 um.
496 2279 556 2305 Adi.
591 2279 682 2306 Isidor.
703 2279 845 2306 Gratiticus
863 2277 896 2305 ab
915 2287 963 2312 eo,
985 2279 1059 2315 quod

10 2315 102 2376 {stratis-
114 2316 192 2342 faciat
203 2315 311 2342 bonum.
346 2315 472 2351 Porphyr.
487 2316 581 2350 Pancg.
596 2323 616 2347 1,
630 2323 643 2348 5
664 2314 805 2342 Gratificus
820 2315 951 2342 dominus.
988 2316 1058 2347 Add.

3 2372 11 2380 .
23 2351 238 2380 Pauliinffletroc.
252 2352 269 2377 l.
285 2360 301 2377 2.
316 2357 380 2378 extr.

1091 635 1119 654 10
1140 627 1196 653 Act.
1218 636 1238 658 1,
1259 635 1283 659 ¹9
1303 636 1324 652 c.
1338 636 1360 658 7.

964 979 1071 1013 Aliquid
1082 990 1118 1008 20
1132 980 1199 1006 vitas
1213 980 1281 1005 fame
1295 978 1404 1005 laborat.
1414 979 1568 1018 *subauditur
1583 979 1680 1005 Nobis.

6 1333 11 1358 ,¹
35 1334 89 1359 tem
111 1330 178 1362 niti,
195 1339 282 1365 neque
298 1331 368 1357 aliud
386 1332 411 1357 se
430 1329 579 1363 fatigando,
599 1330 647 1356 nili
661 1331 752 1357 odium
771 1340 914 1365 quaerere,
939 1340 1069 1360 extremae
1087 1341 1118 1365 30
1130 1332 1257 1367 gratulor.

1080 1863 1114 1889 45
1128 1855 1274 1888 tulatione,
1293 1865 1370 1891 quam
1388 1863 1434 1882 tuo
1448 1857 1558 1882 nomine
1570 1856 1601 1882 ad
1615 1857 1705 1883 omnia
1718 1856 1828 1884 deorum
1841 1859 1936 1893 templa
1948 1860 2070 1888 fecimus.

5 2032 58 2061 &de
70 2033 105 2060 N.
120 2034 152 2059 D.
163 2041 187 2065 ι,
201 2041 239 2065 123
268 2033 322 2058 Vos
335 2030 421 2059 aut'em
434 2032 498 2067 quid
516 2033 579 2059 mali
590 2032 671 2064 datis,
680 2040 763 2067 quum
776 2031 993 2064 imbecillitatem,
1006 2042 1063 2068 gra·
1077 2039 1109 2066 50

1077 2212 1106 2240 53

1504 221 1660 262 GR
1752 226 1790 264 A
2095 236 2165 281 838

1134 306 1167 342 1st
1180 308 1325 345 felicitato
1344 313 1368 334 ct
1387 309 1517 344 aliquando
1537 313 1610 336 etiam
1621 310 1689 346 apud
1701 311 1832 347 nosipsos,
1848 313 1876 338 ob
1887 314 2038 349 solicitata-m
2057 318 2165 352 aliquam

1136 354 1194 380 quae
1207 346 1275 371 nobis
1284 344 1353 379 sorte
1367 352 1481 380 contigit.
1517 346 1573 372 Cic.
1587 346 1657 374 Fam.
1671 355 1696 378 2,
1711 354 1726 379 9
1737 353 1777 381 pr.
1812 347 1926 374 Primum
1947 351 2013 383 tibi,
2027 359 2054 378 vt
2068 352 2164 384 debeo,

1137 380 1268 412 gratulor,
1285 381 1419 413 laetorque
1437 386 1490 405 tum
1513 382 1655 414 praesenti,
1679 388 1734 408 tum
1752 382 1831 409 etiam
1850 383 1946 416 sperata
1967 394 2009 412 tua
2028 387 2164 420 dignitate.

1137 416 1175 442 De
1189 416 1275 442 reditu
1288 413 1397 441 alicuius
1409 415 1535 448 gratulari
1550 417 1681 444 IdcmAtt.
1696 426 1721 450 4.
1735 425 1754 443 1.
1791 418 1820 443 Et
1834 417 1865 443 de
1873 418 1926 444 tilia
1940 420 2019 446 alicui
2033 423 2165 456 Fam.1‚7.

1097 452 1110 478 5
1137 451 1257 477 Aducntu
1276 450 1386 476 alicuius
1410 450 1536 483 gratulari
1566 452 1620 478 Cic.
1641 454 1669 479 in
1687 452 1785 479 Sallust.
1807 461 1844 479 10.
1915 453 2031 480 Nomine
2052 457 2165 484 alicuius

1138 486 1262 520 gratulari
1279 486 1349 512 Idem
1365 484 1474 518 Philipp.
1492 494 1511 517 ι,
1524 494 1554 517 30
1569 496 1590 511 c.
1604 496 1637 513 12.
1707 489 1805 515 Omnes
1820 488 1923 522 publice
1936 489 1968 516 ad
1983 498 2023 515 me
2039 498 2165 519 venerunt

1138 521 1294 556 gratulatum
1315 521 1351 548 Id.
1366 521 1394 545 in
1408 521 1491 545 Pison.
1512 530 1532 546 c.
1547 529 1588 546 22.
1658 522 1738 549 Ouid.
1751 523 1835 550 Trist.
1855 533 1875 555 1,
1887 530 1908 555 8,
1922 532 1954 557 54
1990 525 2165 559 thuoniam

1136 566 1199 583 vera
1211 557 1261 588 est,
1277 562 1331 583 tota
1344 555 1394 593 tibi
1415 561 1516 587 mente,
1536 556 1656 590 mihique
1691 558 1831 591 Gratulor,
1845 558 1981 593 ingenium
2000 569 2052 585 non
2069 561 2166 588 latuiire

1116 595 1118 598 '
1137 598 1221 618 tuum.
1293 590 1418 618 Gratulor
1432 590 1482 616 tibi
1502 590 1565 616 lianc
1583 600 1637 617 rem
1665 592 1744 619 Plaut.
1760 595 1834 628 Capt.
1848 602 1869 627 3,
1883 603 1908 627 2,
1922 604 1942 627 3.
2012 596 2069 622 Cic.
2090 597 2166 622 Vcrr.

1431 626 1548 659 Appellat
1568 625 1715 657 hominem,
1743 634 1768 655 et
1789 630 1813 655 ci
1846 638 1910 656 voce
1941 630 2053 657 maxima
2084 630 2167 657 viiio.

1137 662 1204 689 riam
1218 662 1370 696 gratulatur.
1442 661 1522 687 Ouid.
1536 660 1567 687 de
1582 662 1644 688 Arte
1659 663 1715 689 Am.
1731 672 1751 695 3,
1765 672 1809 690 122
1829 665 1911 691 Prisca
1925 665 2016 692 iuuent
2028 666 2104 696 alim,
2118 674 2168 700 ego

1139 706 1180 724 me
1199 706 1266 723 nunc
1282 696 1395 730 denique
1414 704 1503 722 natum
1539 697 1672 723 Gratulor.
1744 699 1812 725 Ter.
1826 700 1889 726 Eun.
1911 709 1936 733 2,
1950 709 1975 730 2,
1990 706 2016 731 28
2038 701 2168 734 Saluiam,

1137 733 1169 759 ad
1183 741 1289 759 coenam
1303 736 1414 763 vocant,
1433 732 1575 758 aduentum
1591 733 1760 766 gratulantur.
1830 736 1919 769 Quini
1941 738 2087 770 oppressum
2099 737 2169 763 Seia-

1138 777 1200 794 num
1212 766 1279 802 apud
1290 766 1394 793 eosdem
1410 767 1584 800 gratularetur
1598 768 1768 795 Suet.Claud.
1782 771 1838 796 οὔ.
1909 772 2035 799 Gratulor
2049 772 2099 799 tibi
2113 771 2167 799 affi-

1097 809 1124 836 15
1136 804 1217 830 nitate
1230 803 1283 829 viri
1301 802 1397 836 optimi
1415 803 1468 828 Cic.
1483 804 1554 829 Fam.
1568 808 1591 835 8,
1605 811 1638 835 13.
1710 803 1782 830 Idem
1796 804 1868 831 Fam.
1888 814 1906 838 1,
1921 814 1937 840 7
1964 806 2042 840 Qiod
2055 807 2124 834 mihi
2135 807 2168 834 de

1136 840 1192 865 fllia
1211 844 1236 864 et
1252 837 1284 864 de
1303 836 1448 870 Craffipcdc
1467 838 1618 871 gratularis,
1643 840 1754 872 agnosco
1776 839 1964 868 humanitatem
1985 850 2064 868 tuam.
2135 844 2167 870 Et

1136 875 1204 900 Fam.
1217 876 1243 906 6,
1258 881 1279 899 ιι
1307 874 1366 905 Qia
1383 873 1410 898 in
1424 882 1453 898 rc
1468 873 1517 899 tibi
1538 874 1656 907 gratulor
1670 874 1705 900 ita
1720 874 1896 902 vehementer.
1967 878 2092 904 Gratulor
2106 877 2168 905 huic

1135 915 1235 940 terrae,
1256 909 1326 943 quod
1342 907 1412 934 abest
1431 909 1583 941 regionibus
1603 908 1655 935 illis
1670 910 1750 936 Ouid.
1768 911 1830 937 Met.
1853 920 1891 944 10,
1906 914 1963 944 306.
2036 914 2166 947 Qiinc‘lil.

1134 945 1162 971 in
1178 944 1249 970 Pastu
1263 943 1490 977 cadaueruni,Jim·
1504 944 1643 969 Det-laniat.
1660 953 1683 975 ¹3
1709 945 1877 973 Gratulcmur
1890 948 1961 981 quod
1979 949 2031 974 iam
2049 949 2119 975 nulla
2133 950 2169 976 ci-

1590 1014 1595 1018 .
1751 981 1807 1006 Cic.
1824 982 1894 1007 Fam.
1910 991 1944 1015 ις,
1958 992 1987 1016 ι4
2013 983 2061 1010 Sed
2081 991 2169 1011 tamen

1133 1021 1159 1041 ct
1171 1014 1222 1040 feci
1237 1020 1311 1046 ante,
1331 1020 1356 1040 et
1369 1014 1439 1040 facio
1451 1024 1534 1046 minc,
1547 1014 1651 1048 tibique
1664 1023 1724 1039 cum
1744 1024 1793 1048 pro
1808 1025 1897 1042 rerum
1912 1019 2091 1051 magnitudine
2103 1029 2168 1054 quas

1133 1050 1241 1084 geffisti,
1260 1055 1314 1075 tum
1328 1058 1377 1083 pro
1390 1050 1585 1083 opportunitate
1598 1050 1725 1083 temporis
1738 1051 1870 1084 gratulor,
1890 1054 1960 1085 quod
1975 1060 2000 1078 te
2015 1053 2046 1080 dc-
2061 1056 2167 1088 prouin-

1133 1086 1173 1111 cia
1192 1084 1361 1111 decedentem
1380 1086 1479 1111 summa
1498 1084 1553 1110 laus
1572 1090 1597 1110 et
1616 1085 1714 1110 summa
1734 1085 1817 1118 gratia
1836 1087 1989 1120 prouinciae
2010 1091 2168 1124 prosequuta

1132 1121 1177 1147 est.
1248 1120 1432 1154 Temporibus
1451 1120 1546 1146 nostris
1557 1119 1686 1153 gratulare
1705 1129 1752 1153 pro
1765 1120 1874 1155 ingenio
1887 1122 1934 1148 tali
1953 1123 2019 1149 Plin.
2032 1124 2078 1158 Ep.
2092 1136 2120 1158 4,
2132 1135 2168 1158 27.

846 1154 918 1180 Idem
929 1155 961 1181 de
974 1156 1030 1182 Fin.
1046 1165 1069 1189 ς,
1087 1165 1118 1191 25
1133 1155 1264 1189 Quinctil.
1285 1158 1301 1182 6
1315 1164 1358 1190 pr.
1375 1161 1387 1185 8
1418 1157 1478 1189 Qia
1495 1162 1602 1190 propter
1619 1154 1660 1181 illi
1675 1155 1780 1188 dolori,
1798 1165 1877 1191 quem
1890 1166 1922 1184 ex
1936 1164 2019 1184 matre
2041 1174 2087 1179 —
2107 1169 2169 1194 pau-

1132 1201 1175 1218 cos
1189 1196 1248 1218 ante
1263 1191 1362 1216 menses
1376 1199 1505 1225 ceperam,
1517 1190 1648 1224 gratulor:
1669 1193 1688 1216 7'.
1702 1191 1804 1226 gaudeo,
1816 1198 1844 1218 vt
1858 1195 1885 1218 in
1898 1194 1979 1224 malit,
1993 1200 2094 1220 matrem
2105 1204 2169 1221 mar-

1130 1233 1196 1253 tuam
1210 1225 1252 1260 eff}
1262 1232 1329 1259 ante,
1341 1235 1412 1261 quam
1423 1226 1620 1262 suriiisfiliifici
1631 1225 1740 1257 v1'deret,
1754 1233 1782 1252 υτ
1795 1227 1904 1254 Gratum
1918 1228 1962 1255 esl'.
2005 1229 2063 1255 Vid.
2086 1235 2170 1257 GRA-

1133 1269 1193 1289 TVS
1214 1271 1240 1287 n.
1254 1270 1273 1288 2.
1471 1259 1491 1298 fl
1514 1271 1526 1287 2
1564 1261 1713 1292 Gratulari,
1732 1262 1834 1288 Gratias
1849 1272 1941 1297 agere,
1962 1267 2044 1300 inquit
2063 1265 2169 1292 Nonius

1131 1306 1154 1329 2,
1167 1299 1224 1329 369.
1280 1297 1377 1323 Ennius
1391 1296 1514 1330 Hecuba,
1531 1297 1649 1330 Iuppiter
1668 1296 1719 1322 tibi
1736 1297 1836 1323 summe
1854 1299 1958 1325 tandem
1972 1300 2040 1326 male
2057 1309 2087 1326 re
2100 1301 2169 1334 gesta

1313 1332 1433 1359 Naeuius
1447 1331 1509 1359 belli
1523 1332 1613 1358 Punici
1626 1340 1638 1364 3
1669 1333 1745 1366 Isque
1764 1333 1863 1360 sursum
1881 1334 1913 1361 ad
1934 1335 2033 1361 caelum
2053 1337 2109 1362 suas
2127 1345 2169 1363 res

1132 1367 1270 1394 Ammulus
1284 1367 1465 1401 gratulabatur
1483 1367 1562 1394 diuis.
1616 1367 1684 1393 Ter.
1698 1369 1793 1394 Heaut.
1808 1376 1830 1401 ς,
1844 1378 1863 1401 ι,
1877 1372 1893 1396 6
1929 1369 2004 1403 Ohe,
2018 1371 2069 1397 iam
2083 1372 2168 1398 desine

1130 1403 1192 1429 deos
1206 1412 1273 1429 vxor
1286 1402 1440 1437 gratulando
1453 1402 1599 1429 obtundere
1611 1407 1682 1429 tuam
1695 1404 1742 1428 css‘e
1755 1403 1887 1430 inuentam
1902 1412 2019 1439 gnatam,
2031 1414 2076 1433 etc.
2116 1408 2168 1434 Sci-

1130 1439 1175 1473 pio
1191 1438 1247 1464 Afr.
1258 1438 1323 1473 apud
1338 1438 1405 1464 Gell.
1419 1447 1447 1471 4,
1462 1443 1486 1467 18
1506 1439 1600 1464 Eamus
1614 1439 1674 1464 Ioui
1687 1438 1720 1465 O.
1734 1439 1771 1464 M.
1783 1440 1951 1473 gratulatum.
2023 1443 2091 1468 Hinc
2104 1443 2169 1469 Gra.

1129 1474 1224 1500 tulatio
1243 1472 1275 1506 ist
1294 1473 1358 1500 idem
1370 1483 1399 1500 ac
1411 1474 1561 1508 Supplicatio
1579 1475 1620 1499 vel
1638 1474 1782 1499 Gratiarum
1801 1474 1882 1505 afi'io,
1900 1483 1930 1502 υτ
1947 1485 2002 1502 mox
2022 1475 2169 1509 ostendetur.

33 1511 61 1532 et
70 1505 162 1533 diuina
175 1507 294 1534 mortalis
310 1508 438 1542 attingere
454 1507 552 1541 potest,
572 1506 620 1532 nisi
633 1507 729 1533 omissis
747 1509 886 1542 pecuniae,
909 1516 934 1536 et
948 1512 1067 1545 corporis
1085 1519 1113 1544 35
1131 1511 1197 1535 Haec
1213 1511 1336 1544 primaria
1354 1515 1377 1534 et
1392 1511 1499 1544 propria
1511 1511 1580 1535 vocis
1590 1507 1765 1544 significarim·
1783 1509 1841 1536 Vid.
1856 1512 1961 1539 Gronau.
1976 1512 2032 1548 Obs.
2047 1522 2070 1544 2,
2083 1522 2120 1547 19.
2144 1520 2169 1540 et

1130 1546 1245 1571 perizon.
1261 1544 1294 1570 ad
1308 1542 1391 1571 SanH.
1406 1545 1515 1570 Mineru.
1530 1554 1550 1574 1,
1561 1553 1573 1570 1
1593 1547 1635 1579 qui
1655 1545 1758 1570 alteram
1775 1545 1805 1571 ab
1824 1546 1870 1572 bac
1887 1545 1930 1579 effi!
1943 1546 2080 1574 deriuatam
2093 1546 2170 1581 osten-

1128 1579 1198 1605 dunt.
1235 1581 1327 1614 Nempe
1347 1583 1390 1614 qui
1407 1579 1524 1616 gaudium
1543 1579 1572 1605 de
1588 1581 1692 1606 alterius
1709 1580 1750 1606 vel
1760 1580 1810 1616 fita
1822 1581 1953 1618 felicitate
1962 1581 2109 1618 fignificat,
2128 1583 2169 1610 ille

1128 1616 1232 1642 Gratias
1246 1616 1295 1641 Deo
1309 1618 1364 1651 agit
1377 1622 1421 1641 etc.

1167 1657 1187 1677 G
1198 1657 1215 1676 R
1224 1657 1245 1676 A
1254 1657 1275 1677 Τ
1284 1657 1304 1675 V
1315 1657 1331 1676 L
1339 1656 1391 1677 AT
1401 1657 1438 1676 10
1446 1669 1454 1682 ,
1474 1649 1541 1676 onis.
1559 1649 1581 1675 f.
1615 1648 1785 1683 [ἔπῖχαρμοι]
1821 1648 1976 1684 significatio
1989 1650 2077 1685 gaudii
2091 1651 2120 1676 de
2133 1653 2170 1678 al-

31 1683 103 1709 Idem
117 1683 168 1709 Off.
182 1691 201 1715 1,
215 1691 250 1715 42
269 1682 324 1716 Qui
337 1683 516 1717 gratificantur
530 1683 739 1717 cuipiam,quod
752 1683 818 1710 obfit
831 1685 933 1718 illi‚cui
946 1687 1013 1713 velle
1028 1688 1066 1714 vi·
1074 1696 1112 1720 40
1128 1689 1207 1711 terius
1216 1685 1358 1720 fl'licitate:
1372 1687 1480 1719 propriej
1487 1687 1627 1720 gratiarum
1640 1683 1719 1713 ustio,
1733 1691 1762 1709 υτ
1775 1684 1804 1708 de
1815 1684 1892 1709 Verbo
1906 1684 2033 1711 Gratulor
2046 1686 2114 1711 modo
2129 1686 2169 1712 ob.

1121 1720 1251 1755 seruatum
1264 1718 1306 1751 est.
1343 1721 1427 1754 Igitur
1439 1719 1563 1753 frequens
1576 1716 1610 1749 est
1622 1717 1650 1742 de
1664 1727 1699 1747 ea,
1709 1726 1770 1752 quac
1776 1717 1937 1751 snpplicatio
1949 1722 2014 1745 alias
2024 1719 2078 1746 dici
2093 1721 2168 1756 fhlet,

1129 1764 1181 1779 cum
1195 1754 1309 1788 sollemni
1323 1756 1377 1779 ritu
1388 1755 1477 1786 templa
1490 1753 1611 1778 adeuntur
1625 1752 1653 1777 ab
1664 1761 1714 1777 rem
1733 1752 1789 1777 bena
1799 1750 1906 1787 gestam,
1923 1755 1987 1790 quod
1998 1758 2041 1789 qui
2053 1755 2169 1791 faciunt,

1121 1787 1198 1820 fimul
1209 1787 1325 1822 gaudium
1331 1787 1405 1821 suum
1418 1785 1539 1818 testamur
1551 1786 1579 1812 ob
1590 1794 1629 1811 res
1635 1786 1758 1821 fteundas
1771 1790 1804 1812 im
1822 1791 1944 1822 cratoris,
1963 1793 2033 1816 cuius
2049 1791 2169 1826 auspiciis

1128 1830 1169 1847 res
1176 1821 1297 1855 ficundae
1309 1825 1474 1857 contigerunt.
1510 1821 1566 1847 Cic.
1581 1821 1653 1847 Fam.
1668 1829 1700 1853 ιι,
1714 1826 1737 1851 ι8
1762 1822 1793 1848 Sc
1830 1829 1916 1849 tamen
1931 1831 1983 1850 tam
1997 1827 2095 1853 recenti
2109 1835 2167 1861 gra-

2125 1862 2167 1889 Sic

1128 1891 1275 1918 Decernere
1296 1892 1498 1925 gratulationem
1523 1891 1601 1917 Catil.
1619 1901 1647 1924 4,
1666 1900 1709 1918 20.
1786 1892 1858 1919 Mihi
1882 1894 1996 1928 Populus
2014 1896 2092 1922 Rom.
2111 1906 2166 1924 non

1126 1927 1205 1953 vnius
1219 1926 1275 1953 diei
1287 1926 1505 1960 gratulationem,
1527 1925 1570 1952 sed
1588 1927 1769 1953 aeternitatem
1789 1927 2068 1965 immortalitatemque
2086 1931 2166 1959 dona-

1126 1962 1167 1987 vit
1179 1962 1234 1988 Cic.
1249 1962 1278 1987 in
1288 1962 1372 1988 Pison.
1385 1971 1406 1988 c.
1420 1970 1442 1993 3.
1514 1961 1609 1988 Gratae
1620 1961 1722 1988 nostrae
1741 1962 1792 1989 diis
1805 1963 2001 1992 immortalibus
2013 1967 2166 1999 gratulatio.

1126 2005 1171 2022 nes
1186 2002 1278 2028 erunt,
1303 2003 1390 2030 gratae
1409 1995 1535 2022 viffimae
1558 1996 1630 2023 Idem
1645 1996 1710 2023 Phil.
1724 2006 1753 2030 14
1771 2007 1791 2024 c.
1805 2007 1825 2030 3.
1898 2001 1929 2026 In
1946 2001 2166 2034 gratulationibus

1126 2037 1244 2058 mentum
1258 2031 1378 2058 Herculis
1392 2032 1506 2057 osculari
1519 2031 1636 2058 solebant
1652 2031 1691 2058 1d.
1708 2034 1784 2060 Verr.
1800 2042 1818 2066 4
1831 2042 1853 2059 c.
1868 2043 1909 2067 43.
1981 2036 2103 2064 Abolitio
2118 2048 2164 2072 pu.

1126 2067 1194 2097 blice
1206 2067 1235 2097 fit
1248 2066 1284 2096 ob
1297 2067 1369 2093 diem
1384 2067 1509 2101 insignem
1525 2073 1568 2093 aut
1584 2067 1715 2101 publicam
1733 2069 1937 2102 gratulationem
1951 2070 1968 2097 l.
1984 2077 1997 2101 8
2011 2073 2042 2098 D.
2056 2072 2087 2099 ad
2104 2074 2162 2100 SCt.

1123 2103 1235 2138 Turpil.
1291 2104 1384 2131 Iterum
1404 2103 1459 2128 Cic.
1474 2102 1505 2128 de
1518 2103 1640 2128 Prouinc.
1655 2103 1731 2129 Cons.
1751 2106 1785 2130 26
1814 2104 1872 2131 Diis
1891 2106 2086 2134 immortalibus
2108 2117 2163 2136 non

1124 2144 1179 2164 erat
1199 2139 1292 2172 exigua
1314 2137 1405 2166 eadem
1424 2137 1581 2171 gratulatio,
1601 2146 1668 2171 quae
1686 2147 1716 2165 ex
1735 2140 1858 2166 maximis
1878 2140 1962 2168 bellis.
2036 2144 2067 2169 Et
2085 2145 2163 2171 Hunc

1124 2172 1196 2199 diem
1209 2174 1261 2199 tuis
1274 2173 1396 2200 maximis
1408 2172 1628 2207 gratulationibus
1641 2173 1700 2200 iure
1719 2182 1858 2210 antepones
1873 2177 1928 2203 Cic.
1943 2186 1991 2211 pro
2004 2178 2085 2204 Marc.
2101 2188 2122 2205 c.
2134 2189 2163 2214 4.

1123 2208 1195 2235 Idem
1210 2209 1262 2235 Att.
1278 2219 1306 2242 4,
1320 2218 1348 2235 10
1376 2210 1468 2243 Itaque
1483 2208 1533 2236 hoc
1550 2208 1603 2235 tibi
1621 2218 1684 2236 vere
1703 2209 1824 2244 affirmo,
1844 2212 1872 2237 in
1891 2213 2006 2240 maxima
2024 2213 2124 2240 laetitia
2136 2220 2164 2242 et

1123 2244 1311 2278 exoptatislima
1335 2244 1527 2279 gratulatione,
1552 2253 1634 2271 vnum
1654 2244 1686 2271 ad
1707 2246 1892 2273 cumulandum
1911 2247 2036 2282 gaudium
2057 2251 2162 2284 conspe.

1122 2279 1209 2311 etum,
1229 2286 1273 2306 aut
1291 2281 1379 2315 potius
1393 2280 1559 2315 complexum
1580 2280 1648 2307 mihi
1665 2286 1741 2310 tuum
1753 2281 1870 2308 defuisse.
1940 2283 2001 2311 Sera
2021 2285 2162 2319 gratulatio

1121 2314 1280 2349 reprehendi
1298 2325 1352 2342 non
1370 2316 1447 2346 solet,
1468 2316 1620 2350 praesertim
1639 2315 1658 2341 fi
1670 2316 1742 2342 nulla
1759 2316 1918 2351 negligentia
1935 2321 2110 2353 praetermissa
2124 2321 2162 2348 cst

1121 2351 1177 2377 Cic.
1193 2351 1263 2377 Fam.
1278 2360 1299 2384 2,
1313 2354 1338 2378 6.
1410 2352 1461 2377 Hic
1475 2351 1577 2385 parenti
1592 2352 1638 2378 suo
1651 2360 1747 2385 magno
1760 2352 1914 2381 adiumento
1927 2354 1955 2380 in
1968 2356 2109 2389 periculis,
2123 2357 2162 2384 so.

0 2379 11 2410 i
43 2392 223 2419 ›GRATES‚
242 2387 262 2414 f.
285 2385 423 2421 [χάριτες]
441 2387 549 2412 Numero
561 2391 657 2411 tantum
673 2387 788 2418 PIuraIi,
809 2391 834 2411 cr
852 2388 879 2411 in
898 2385 944 2412 bac
962 2393 1059 2413 tantum
1076 2386 1111 2412 60
1121 2386 1186 2413 latio
1201 2386 1229 2412 in
1247 2386 1399 2417 laboribus,
1418 2386 1588 2420 gratulationi
1601 2387 1631 2412 in
1649 2387 1763 2413 vic‘loria
1776 2388 1828 2414 fuit
1842 2388 1914 2415 Idem
1928 2398 1977 2424 pro
1989 2392 2107 2418 Muraen.
2123 2401 2161 2419 12.

10 2425 207 2454 Ἰτενηιίηατίοηε,
222 2429 270 2458 pro
291 2424 389 2448 Gratiis
407 2430 467 2455 quae
486 2420 581 2455 referri
599 2420 685 2446 debent
698 2428 747 2455 pro
765 2427 863 2456 accepto
882 2421 1012 2456 beneficio:
1034 2429 1059 2449 et

15 2457 117 2485 »videtur
139 2468 154 2484 a
173 2459 258 2484 Poetis
275 2463 371 2489 ortum,
391 2465 444 2481 cum
458 2455 550 2481 Gratia
570 2456 666 2482 rebellet
688 2457 836 2482 Hexametro
858 2463 882 2482 et
903 2458 1057 2484 Pentamerro

10 2492 92 2528 'paene
104 2492 214 2519 omnibus
224 2491 324 2525 cafibus.
379 2491 452 2526 Virg.
467 2491 531 2516 Aen.
552 2492 570 2521 ι’,
583 2493 637 2524 604
671 2491 764 2518 Grates
789 2492 941 2527 persoluere
967 2493 1057 2528 dignas

11 2535 72 2554 ‘mon
84 2529 143 2563 opis
160 2527 197 2554 est
208 2527 311 2553 nostrae
330 2526 410 2553 Dido.
463 2526 535 2553 Idem
550 2527 613 2552 Aen.
634 2535 655 2557 2,
668 2534 713 2561 537
924 2527 927 2528 ⁷

173 2563 207 2589 At
225 2562 278 2589 tibi
295 2560 344 2596 prb
363 2562 460 2588 scelere
475 2561 620 2588 exclamant
637 2570 686 2596 pro
704 2561 800 2589 talibus
819 2561 886 2589 ausis

172 2598 219 2624 Dii
239 2597 274 2630 (si
293 2606 344 2632 qua
364 2597 401 2624 est
420 2597 492 2624 caelo
511 2596 592 2631 pietas
610 2606 678 2632 quae
696 2597 758 2624 talia
773 2600 865 2629 curet)

172 2633 324 2660 Persoluant
343 2638 427 2668 grates
446 2632 551 2667 dignas,
569 2638 595 2659 et
615 2634 730 2666 praemia
749 2633 859 2660 reddant

5 2688 7 2690 v
171 2668 277 2695 Debita.
477 2668 525 2695 Vbi
537 2668 643 2694 Seruius
656 2671 707 2694 ait:
728 2669 836 2700 Grates,
849 2671 929 2702 prout
940 2675 982 2693 res
996 2667 1053 2694 fue-

0 2705 52 2737 {aeit
61 2725 68 2737 ,
85 2704 128 2731 vel
141 2704 171 2731 in
185 2704 262 2731 bonis
281 2703 323 2730 vel
336 2703 364 2730 in
382 2703 459 2730 malis
471 2703 610 2734 dicuntur,
623 2708 651 2729 vt
663 2703 796 2734 Praemia;
816 2702 849 2728 sic
868 2701 936 2736 apud
949 2702 1054 2728 Teren-

1121 2422 1213 2455 Aegris
1227 2422 1370 2455 gratulatio
1383 2422 1426 2453 fit,
1447 2431 1528 2456 quum
1548 2422 1574 2448 se
1591 2422 1638 2457 ipsi
1653 2431 1745 2456 aegros
1758 2424 1806 2449 esse
1824 2425 1956 2452 senserunt
1970 2426 2026 2452 Sen.
2041 2427 2119 2460 Epist.
2133 2429 2160 2453 6.

1120 2459 1215 2484 Mutua
1247 2457 1424 2490 gratulatione
1451 2458 1526 2491 fungi
1556 2458 1631 2485 Curt.
1651 2464 1677 2492 7,
1692 2466 1715 2488 2,
1732 2466 1775 2491 24.
1847 2459 2000 2487 Efferuescit
2018 2461 2160 2495 gratulatio

1120 2494 1175 2519 Cic.
1190 2493 1260 2520 Fam.
1274 2501 1300 2526 9,
1312 2502 1337 2519 2.
1407 2493 1514 2520 Florere
1532 2492 1709 2527 gratulatione
1724 2493 1796 2520 Idem
1809 2503 1858 2528 pro
1870 2495 1938 2521 Sext.
1954 2504 2000 2527 131.
2070 2497 2159 2524 Habe-

1118 2537 1148 2555 re
1165 2529 1369 2563 gratulationem
1394 2528 1432 2556 Id.
1453 2537 1502 2565 pro
1522 2528 1618 2557 Milon.
1633 2536 1668 2563 99
1685 2537 1706 2554 c.
1728 2535 1765 2563 35.
1837 2529 1988 2566 Significare
2005 2532 2158 2566 gratulatio-

1073 2564 1104 2596 65
1119 2573 1179 2590 nem
1200 2563 1237 2589 Id.
1253 2565 1306 2591 Att.
1320 2574 1348 2598 4,
1364 2573 1382 2590 1.

1155 2603 1537 2629 GRATVLABVNDVS,
1559 2606 1589 2629 a,
1611 2606 1665 2624 um.
1691 2597 1753 2624 Adi.
1790 2598 1963 2634 [συγχαίρω]
2001 2601 2068 2627 Idem
2093 2603 2159 2638 quod

1119 2635 1266 2660 Gratularis.
1302 2634 1370 2660 Gell.
1384 2642 1406 2665 3,
1421 2640 1446 2665 15
1473 2634 1616 2667 Quimque
1628 2633 1739 2667 populus
1751 2634 1969 2668 gratulabundus,
1989 2637 2068 2663 flores
2080 2638 2156 2664 vndi-

1117 2676 1170 2702 que
1184 2669 1212 2694 in
1226 2676 1287 2695 eum
1300 2668 1404 2694 iaceret.
1464 2668 1525 2693 Liu.
1541 2675 1568 2702 7,
1581 2676 1607 2700 33
1621 2675 1686 2694 extr.
1707 2670 1770 2702 Qio
1788 2670 1814 2695 se
1829 2671 1916 2696 omnis
1936 2671 2080 2699 multitudo
2100 2682 2157 2708 gra-

1117 2702 1259 2730 tulabunda
1285 2703 1386 2731 effudit.
1440 2703 1531 2731 lustin.
1550 2706 1576 2734 6,
1595 2709 1608 2733 8
1642 2704 1722 2731 Velut
1747 2704 1953 2739 gratulabundus
1984 2709 2084 2742 patriae
2112 2717 2157 2736 cx-

0 2740 84 2776 icium
91 2740 210 2767 Gratiam
224 2739 326 2766 referre
337 2739 372 2765 est
381 2739 481 2765 Malum
495 2747 544 2773 pro
555 2738 628 2764 malo
640 2737 790 2772 rependere.
814 2737 871 2763 llid.
880 2737 960 2772 supra
974 2743 1054 2764 GRA·
1067 2743 1102 2770 70
1115 2739 1234 2773 spirauit.

157 2776 187 2802 Et
199 2780 297 2810 grates,
312 2775 416 2809 inquit,
436 2773 488 2801 tibi
502 2782 551 2808 ago
567 2774 667 2800 summe
680 2773 722 2799 Sol
736 2774 792 2800 Cic.
807 2772 836 2799 in
848 2773 937 2799 Somn.
950 2773 1017 2807 scip.
1034 2782 1053 2799 1.

0 2817 8 2853 f.
20 2811 93 2838 Curt.
107 2819 129 2843 3,
143 2813 170 2844 6,
184 2820 207 2844 17
232 2812 323 2837 Grates
337 2809 469 2836 habebant
482 2809 554 2836 velut
568 2808 695 2844 praesenti
707 2808 765 2835 deo.
834 2808 925 2835 Tacit.
938 2808 1007 2834 Hist.
1024 2818 1052 2842 4,

19 2847 54 2880 64
74 2847 123 2873 Sed
137 2847 279 2881 praecipuo
293 2846 404 2872 deorum
418 2845 499 2871 Marti
512 2850 597 2879 grates
609 2844 718 2878 agimus.
788 2844 896 2870 Meritas
909 2842 987 2878 agere
1006 2844 1054 2870 ali-

0 2875 3 2906 f
19 2881 60 2908 eui
76 2882 156 2908 Ouid.
170 2882 199 2909 in
213 2883 273 2908 Ibin
288 2890 324 2914 25.
396 2881 578 2908 Decernuntur
595 2885 679 2914 grates
692 2878 747 2906 deis
768 2879 859 2906 Tacit.
873 2880 940 2905 Ann.
957 2887 993 2912 15,
1008 2887 1052 2914 74.

5 2916 157 2952 „Exsoluere
173 2919 260 2944 saeuas
277 2917 338 2943 Stat.
352 2917 418 2943 Silu.
437 2924 458 2949 5,
478 2924 500 2949 5,
519 2923 560 2948 45.

19 2958 44 2985 ετ
61 2961 84 2985 3,
98 2955 124 2988 6,
136 2960 174 2988 17.
247 2952 362 2979 Pendere
381 2952 472 2986 dignas
491 2951 552 2977 Stat.
571 2949 662 2977 Theb.
676 2959 708 2982 11,
722 2959 772 2982 ²²3·
843 2951 953 2977 Referre
977 2949 1052 2979 Idem

0 2987 107 3015 iTheb.
127 2997 149 3021 7,
169 2993 223 3021 380.
259 2989 334 3015 Curt.
356 2997 379 3020 5,
401 2996 435 3020 13,
448 2995 490 3019 29.
577 2985 728 3020 Rependere
749 2986 809 3013 Stat.
830 2985 894 3013 Silu.
916 2993 939 3019 3,
959 2994 980 3018 3,
1000 2994 1050 3019 155.

24 3020 151 3059 Laudibus
164 3023 335 3058 gratibusque
348 3023 476 3049 Venerari
489 3021 579 3048 Tacit.
599 3022 664 3047 Ann.
680 3030 716 3054 12,
730 3028 770 3056 37,
782 3031 809 3055 4.

0 3071 2 3073 >
61 3060 160 3086 GRAT
171 3066 190 3086 ο
200 3067 234 3091 R,
253 3060 301 3086 ari.
320 3059 385 3093 Dep.
401 3057 569 3091 [εὖχαριςέω]
590 3058 736 3088 Gratulari,
755 3060 772 3082 ι’.
794 3057 898 3083 Gratias
909 3065 981 3093 agere
991 3059 1052 3084 Diis¹

0 2778 85 2803 l³T1A.

25 3094 48 3115 ll
60 3089 126 3125 quast
133 3093 283 3131 §applicare-

25 3133 76 3160 que
90 3125 152 3152 colis
163 3130 301 3162 penetralia
314 3130 423 3163 Vestae,
450 3129 576 3158 Graiam,
594 3127 680 3154 Iliacis
692 3133 801 3162 turaque
814 3136 882 3162 pone
892 3127 970 3155 focis.
1004 3128 1052 3155 Sed

1 3174 8 3185 ι.
23 3160 105 3186 editur
122 3160 186 3189 hodie
196 3166 313 3198 Cratera.
352 3163 392 3199 Est
410 3172 489 3191 autem
503 3163 609 3191 Gratari
628 3163 732 3199 gaudere
751 3164 780 3189 de
795 3163 856 3190 bono
871 3167 991 3199 proprio,
1009 3165 1051 3190 vel

0 3204 3 3227 ἕ
24 3197 136 3235 alferius.
185 3200 256 3234 Virg.
271 3203 335 3227 Aen.
349 3210 375 3234 4,
388 3205 440 3235 478
473 3199 567 3226 Inueni
586 3207 708 3233 germana
725 3199 813 3232 viam,
832 3205 934 3234 gratare
952 3200 1048 3225 sorori.

23 3231 83 3257 1⁴¹⁰·
99 3237 163 3263 7213
182 3241 241 3260 extr.
279 3237 354 3263 Tum
373 3236 480 3262 vincere
497 3235 631 3269 cupimus,
649 3239 705 3260 tum
725 3233 789 3261 duce
807 3240 833 3261 te
854 3235 975 3265 vincere,
995 3234 1048 3261 tibi

0 3304 2 3314 '
22 3306 132 3340 cluentes
146 3306 339 3335 currum,10uis
352 3306 626 3342 Opt.Max.templuin
637 3310 780 3339 gratantes,
792 3311 953 3340 ouantesque
965 3305 1048 3331 adire.

0 3342 1 3347 ¹
23 3336 115 3362 'sa—'1‘-
131 3336 197 3375 Λῐῖῃ·
209 3338 235 3368 ⁶2
250 3346 274 3363 2¹
297 3341 372 3368 Tum
386 3342 536 3377 complexus
550 3350 610 3368 eum
624 3341 769 3373 Tiberius,
783 3342 926 3375 praescium
946 3341 1049 3375 pericu.

0 3364 3 3403 i
22 3371 109 3397 lorum
125 3376 149 3396 et
164 3371 322 3410 incolumem
333 3376 388 3403 fore
401 3384 525 3412 gratatur.
595 3377 719 3403 Gratatur
732 3377 838 3403 reduces
858 3378 933 3411 Virg.
948 3377 1012 3405 Aen,
1027 3383 1049 3409 5,

0 3405 4 3454 ’ἰ
21 3416 67 3447 4:⁰1
137 3406 219 3432 offld·
235 3407 297 3446 ΜΨ·
311 3411 336 3447 6,,
347 3420 395 3448 534
421 3413 528 3440 Gratata
545 3412 581 3439 est
594 3412 692 3438 scilicet
706 3412 757 3438 illis
776 3412 904 3439 Thracia.
974 3411 1047 3438 Idem

0 3458 2 3478 ;
21 3441 99 3476 Epist.
117 3450 148 3471 ιι,
164 3444 194 3474 65
221 3441 294 3475 Qud
306 3443 357 3469 tibi
367 3449 488 3478 gratatis?

0 3491 7 3499 »·
18 3477 88 3519 :Arm
105 3485 143 3511 14,
158 3482 180 3507 8·
216 3476 284 3503 Add-
299 3477 376 3518 Ouid.
391 3481 452 3508 Met.
465 3491 491 3518 7,
506 3492 559 3517 ¹42·
595 3483 717 3510 Prudent.
730 3482 805 3509 Cath.
825 3492 857 3514 11,
873 3490 905 3516 15.

12 3512 14 3523 ³
57 3519 264 3543 GRA‘rANS,
288 3518 362 3538 anus.
381 3515 468 3544 Panic.
504 3520 631 3555 [χαίρων]
668 3518 759 3545 Tacit.
779 3519 846 3545 Ann.
864 3527 890 3551 2,
909 3525 940 3552 75
977 3518 1048 3544 Inter

661 3553 742 3581 Ouid.
761 3555 826 3581 Met.
845 3563 868 3587 7,
890 3557 932 3580 162
969 3552 1047 3579 Abest

0 3546 4 3571 '-
20 3554 187 3580 venerantes,
214 3553 394 3582 gratantesque
410 3551 504 3587 adspici
523 3555 608 3581 solita.

0 3583 179 3621 gigratantibus
192 3585 285 3610 Aeson.

0 3658 2 3711 ἶ
18 3652 659 3722 {5353}stss¹¹{xi'su‘2sie'²⁶¹i2ffi‡'‘iz‘saciffis?
673 3667 701 3700 ³³·
716 3671 767 3722 3¹14·
822 3660 953 3722 A3³¹¹¹³³f¹'
966 3666 1003 3720 ¹2⁷1:
1016 3661 1047 3720 ²13

0 3743 2 3746 ψ
19 3733 35 3751 a
46 3724 139 3752 Senatu
151 3700 282 3760 grataeitcr
294 3730 411 3759 acceptus
426 3709 494 3751 esset..
528 3713 600 3762 Coris.
612 3704 847 3765 ξζῷῗὲῃςὴῗΐὲῥὶῆ,
862 3704 953 3765 ¹7³2?
1005 3703 1018 3721 r

35 3766 76 3800 ..G
86 3767 102 3786 R
112 3768 134 3787 Α
143 3768 163 3787 Τ
172 3768 194 3787 Α
202 3769 223 3788 Τ
233 3768 251 3788 o
260 3768 294 3787 RI
305 3767 324 3785 v
334 3767 345 3785 s
355 3780 362 3791 ,
381 3768 411 3792 a,
434 3768 488 3786 um.
524 3761 583 3788 Adi.
617 3765 705 3792 Sidon.
727 3767 805 3801 Epist.
825 3774 849 3800 ς,
867 3769 896 3792 16
926 3766 1047 3792 Gratato-

18 3802 66 3821 rtis
78 3796 195 3830 apicibus
210 3795 362 3823 inscribere.

54 3836 75 3856 G
85 3838 133 3858 RA
142 3838 192 3858 TA
202 3838 218 3858 Β
229 3840 248 3859 ν
257 3840 279 3858 N
290 3838 308 3857 D
318 3839 337 3857 v
347 3838 359 3858 s
368 3851 376 3863 ‚
396 3839 425 3860 a,
447 3839 500 3856 nm.
515 3829 605 3870 fidi„
628 3833 795 3872 [cumulem]
831 3837 923 3864 Tacit,
942 3835 1010 3864 Hist,
1027 3843 1046 3866 ι,

4 3869 44 3895 ¹18
62 3867 92 3892 Et
107 3867 222 3901 proximi
235 3867 352 3894 militum
367 3864 523 3899 gratabundt
535 3866 698 3899 respondent.

53 3907 73 3928 G
85 3908 102 3927 R
112 3909 133 3929 A
144 3909 164 3929 Τ
174 3901 195 3929 x?
204 3909 220 3928 1.
231 3909 250 3929 o
262 3910 291 3935 R,
305 3903 352 3928 ari.
371 3902 435 3936 Dep.
454 3902 597 3936 [συγχαίρω
605 3920 613 3932 ,
628 3901 771 3939 συνήδομαι]
789 3904 1046 3943 Primo'figm'ficabat

19 3939 110 3970 gratias
123 3946 194 3973 agere
213 3937 263 3972 (de
276 3947 323 3974 qua
337 3941 433 3964 ratione
446 3946 471 3963 n.
486 3939 518 3968 2)
532 3936 617 3962 deinde
629 3936 748 3970 obtinuit,
761 3946 790 3966 vt
807 3941 862 3974 affin*
879 3943 962 3969 munbi,-
975 3940 1045 3975 usta.

12 3973 53 4004 “¹⁵2
61 3971 90 4008 se
102 3972 208 4009 gaudere
216 3973 328 4010 sortzma
343 3980 366 4000 et
371 3972 501 4010 felicitate
512 3973 635 4005 asurim,
652 3971 718 4008 apud
730 3981 780 4000 eum
789 3976 868 4012 nasum
880 3980 924 4015 qui
934 3976 1044 4012 affec‘sus
1055 3983 1099 4010 105
1107 3976 1166 4004 ritis
1178 3975 1267 4011 grauis
1275 3995 1284 4010 ,
1297 3977 1393 4002 Plenus.
1430 3975 1505 4010 Virg.
1517 3975 1582 4002 Aen.
1595 3983 1617 4007 1,
1630 3982 1670 4009 155
1699 3975 1778 4003 Tum
1791 3974 1887 4001 Pietate
1904 3979 2026 4004 grauem,
2039 3979 2067 3997 ac

2 3283 5 3285 Δ
23 3265 139 3291 lauream
158 3266 277 3301 insignem
290 3271 409 3305 deferre,
426 3277 513 3298 tecum
527 3269 717 3304 triumphantes
730 3271 822 3296 vrbem
842 3270 911 3297 inire
924 3276 999 3296 tuum
1013 3271 1049 3296 se·
1066 3266 1095 3296 85
1111 3272 1190 3295 vitate
1198 3272 1307 3305 pretium
1321 3269 1417 3296 habent.

559 3447 598 3475 Ad
615 3446 768 3482 gratandum
784 3448 809 3474 se
822 3447 946 3482 expedire
957 3447 1048 3474 Tacit.
1069 3453 1104 3478 90
1112 3447 1213 3474 validos
1227 3446 1382 3477 inueniunt,
1398 3449 1415 3472 i.
1437 3445 1558 3472 inhabiles
1569 3445 1603 3472 ad
1610 3452 1721 3481 pugnam
1732 3452 1756 3471 et
1767 3445 1870 3485 fugam.

1155 2779 1176 2800 G
1187 2781 1205 2800 R
1216 2781 1237 2801 A
1247 2781 1268 2800 T
1277 2780 1297 2799 v
1307 2781 1322 2800 L
1331 2774 1406 2800 ᾸΤο
1415 2780 1433 2800 R
1443 2793 1452 2805 ‚
1472 2773 1536 2800 aris.
1557 2782 1592 2800 m.
1625 2773 1685 2804 Cic.
1699 2773 1731 2801 de
1745 2774 1802 2802 Fin.
1811 2784 1859 2804 ac.
1871 2784 1898 2809 33
1919 2777 1959 2805 Ita
1972 2776 2016 2810 fit,
2029 2784 2058 2805 vt
2070 2784 2157 2813 gratu·

1116 2809 1186 2836 lator
1199 2809 1296 2837 laetior
1308 2809 1337 2835 sit
1346 2828 1354 2840 ,
1374 2818 1452 2843 quam
1466 2808 1488 2835 is
1497 2829 1506 2841 ,
1527 2810 1569 2835 cui
1584 2809 1737 2843 gratulatur.

1153 2845 1469 2876 GRATVLATnzx,
1487 2844 1544 2871 icis.
1565 2844 1584 2871 f.
1621 2844 1710 2872 Sidon.
1749 2864 1757 2871 .
1794 2865 1801 2872 .
1838 2865 1846 2873 .

1154 2885 1524 2912 GRATVLATORIVS,
1544 2889 1574 2911 a,
1594 2889 1649 2907 um.
1685 2879 1746 2907 Adi.
1783 2881 1899 2916 Capitol.
1916 2881 1946 2910 in
1963 2883 2035 2910 Max.
2055 2888 2082 2912 et
2098 2884 2155 2912 Bal-

630 2914 736 2942 Habere
748 2914 828 2941 alicui
848 2915 922 2941 Curt.
936 2923 963 2947 9,
975 2917 1001 2945 6,
1013 2921 1050 2949 17.
1070 2918 1102 2946 75
1116 2914 1173 2942 bin.
1186 2925 1207 2941 c.
1221 2923 1249 2950 17
1270 2915 1478 2942 Gratulatoriam
1491 2915 1628 2950 epistolam
1642 2915 1755 2944 subdidi.

1153 2957 1486 2978 GRATVLATORIE.
1523 2950 1593 2977 Adu.
1629 2951 1737 2985 August.
1775 2971 1782 2978 .
1819 2971 1826 2978 .
1863 2972 1871 2979 .

1151 2992 1362 3017 GRATlTO,
1385 2991 1437 3012 are.
1480 2986 1537 3012 Vid.
1566 2992 1784 3014 GRAcc1‘ro.

1152 3027 1382 3054 GRAVEsco,
1404 3027 1635 3054 GRAVIDVS,
1655 3029 1700 3048 etc.
1726 3020 1850 3057 Vid.post
1872 3028 2038 3051 GRAVIS.

1153 3063 1174 3083 G
1182 3064 1201 3083 R
1210 3064 1231 3084 A
1239 3064 1260 3082 v
1269 3064 1279 3083 1
1289 3062 1301 3081 s
1310 3076 1317 3087 ,
1342 3066 1366 3083 e.
1401 3056 1463 3083 Adi.
1499 3056 1594 3092 [βαρύς
1602 3077 1609 3088 ,
1633 3057 1757 3091 ἐπαχθής,
1782 3055 1866 3091 demis]
1909 3059 1992 3084 Primo
2006 3058 2041 3084 ad
2052 3058 2152 3094 pondus

329 3093 457 3120 Laudatur
467 3092 547 3120 Ouid.
556 3092 621 3119 Fast.
636 3100 716 3133 33417
734 3092 861 3127 Qiisquis
874 3092 945 3125 ades,
959 3093 1050 3119 castae-
1069 3092 1101 3118 80
1114 3092 1226 3128 refertur
1243 3101 1376 3127 magnum,
1395 3098 1418 3118 et
1432 3099 1538 3127 portatu
1557 3091 1658 3127 difficile
1667 3104 1674 3118 .·
1701 3093 1759 3119 binc
1771 3094 1847 3118 aliam
1860 3095 1933 3118 etiam
1944 3091 2115 3126 difficultatem
2127 3100 2152 3121 et

1114 3127 1259 3154 molestiam
1274 3128 1354 3162 (quae
1373 3134 1396 3153 et
1414 3127 1468 3163 ipsa
1481 3137 1496 3154 a
1507 3128 1580 3155 mole
1596 3135 1619 3154 et
1631 3128 1766 3154 moliendo
1779 3125 1849 3153 dicia
1862 3125 1916 3161 est)
1927 3127 1954 3161 fi
1972 3127 2072 3163 nificat:
2097 3135 2152 3155 tum

1112 3172 1172 3199 quae
1183 3166 1273 3200 grauia
1279 3165 1357 3199 sunt,
1375 3163 1426 3189 Ioco
1445 3173 1493 3189 non
1503 3163 1586 3199 facile
1599 3170 1740 3192 mouentum
1765 3163 1823 3188 hinc
1837 3163 1923 3196 grauis
1935 3137 1970 3195 τῇ
1983 3166 2089 3190 virtutis
2108 3173 2151 3191 no-

1112 3208 1179 3229 men,
1198 3204 1316 3234 quatenus
1329 3199 1358 3233 fi
1377 3198 1424 3225 huc
1442 3199 1500 3224 illuc
1518 3199 1624 3234 impelli,
1637 3208 1667 3225 ac
1686 3198 1807 3224 demoueri
1817 3207 1865 3223 non
1874 3200 1991 3233 patitur:
2013 3200 2076 3225 tales
2087 3199 2151 3235 siant

1111 3237 1185 3260 etiam
1198 3233 1363 3264 venerabt'lcs,
1381 3240 1405 3259 et
1416 3237 1506 3260 maiori
1523 3237 1550 3260 in
1562 3237 1661 3270 pretio,
1680 3240 1709 3259 vt
1722 3242 1807 3259 aurum
1822 3240 1846 3259 et
1858 3235 1910 3260 alia
1922 3232 2018 3259 metalla
2024 3240 2074 3270 pro
2090 3244 2149 3270 gra.

1460 3269 1552 3305 Vbique
1563 3276 1643 3295 autem
1656 3269 1735 3295 Leuis
1749 3271 1900 3295 contrarium
1917 3268 2051 3305 fignificat.
2078 3271 2107 3296 V.
2142 3291 2148 3297 .

1111 3305 1167 3331 Cic.
1180 3314 1228 3339 pro
1243 3305 1317 3331 Rosc.
1332 3306 1408 3331 Com.
1423 3307 1440 3331 6
1466 3304 1546 3338 Qiod
1560 3305 1640 3330 etiam
1653 3304 1721 3337 apud
1738 3312 1828 3330 omnes
1841 3303 1899 3330 leue
1914 3310 1938 3331 ct
1952 3303 2088 3331 infirmum
2102 3280 2148 3338 eg,

1112 3340 1140 3367 id
1153 3340 1222 3375 apud
1241 3340 1355 3366 iudicem
1374 3348 1454 3374 graue
1467 3346 1492 3366 et
1512 3339 1628 3365 sancium
1647 3340 1696 3365 effe
1711 3339 1835 3366 ducetur?
1871 3339 1918 3366 Scd
1930 3339 2148 3376 videamusprimo

1111 3376 1253 3408 Ablatiuos,
1265 3376 1350 3411 quibus
1361 3378 1475 3411 iungitur
1483 3395 1490 3406 ,
1509 3378 1552 3410 qui
1563 3376 1714 3408 varietatem!
1720 3375 1788 3401 illam
1800 3375 1900 3410 pulchre
1911 3374 2033 3401 indicam.
2087 3376 2148 3403 Liu.

1113 3420 1150 3441 10,
1164 3420 1192 3443 34
1218 3411 1321 3446 Ingressi
1335 3411 1432 3437 milites
1445 3410 1566 3438 refra&is
1578 3409 1697 3442 foribus,
1714 3418 1810 3445 paucos
1822 3418 1913 3443 graues
1927 3411 2033 3443 Aetate,
2050 3419 2095 3438 aut
2108 3412 2148 3439 in-

1941 3446 2032 3472 Aetate
2045 3455 2074 3472 ac
2091 3456 2148 3474 cor-

1111 3491 1176 3516 pore
1190 3482 1277 3516 grauis
1291 3482 1358 3508 Vell.
1371 3483 1466 3507 Paterc.
1480 3489 1505 3513 2,
1518 3483 1558 3513 76.
1629 3482 1720 3507 Aetate
1733 3486 1759 3507 et
1772 3479 1873 3506 Viribus
1886 3481 1994 3513 grauior
2006 3481 2066 3508 Liu.
2080 3488 2147 3515 2,18,

1110 3517 1182 3543 Cibo
1196 3527 1304 3552 graues,
1319 3518 1396 3551 sopiti
1411 3516 1528 3542 iacebant
1547 3515 1620 3542 Idem
1633 3524 1669 3548 31,
1683 3525 1721 3549 41.
1790 3515 1865 3542 Alios
1877 3515 1925 3542 effe
1943 3515 2005 3542 cibo
2019 3517 2159 3551 pleniore.¹

1110 3553 1177 3578 alios
1209 3554 1319 3587 exiguo:
1353 3553 1541 3587 grauioresque
1566 3551 1665 3583 factos,
1692 3550 1739 3585 qui
1759 3550 1785 3577 se
1809 3550 1949 3584 implerent
1977 3552 2044 3578 Cels.
2062 3554 2146 3587 praef-

1109 3587 1192 3614 Plaut.
1200 3588 1290 3615 Bacch.
1305 3597 1326 3620 3,
1334 3597 1361 3622 4,
1369 3596 1398 3619 23
1419 3587 1466 3613 Sed
1479 3594 1538 3613 ante
1545 3596 1624 3621 quam
1632 3586 1677 3612 illa
1690 3594 1804 3620 vnquam
1818 3587 1883 3612 meis
1894 3586 2037 3620 opulentiis
2044 3597 2146 3615 ramen-

56 3625 316 3646 GRATANTER.
353 3617 420 3645 ΜΠ·
457 3622 519 3657 Vsus
537 3622 570 3657 est*
586 3624 751 3659 Capitolinus
762 3624 864 3661 sa'epius
882 3630 905 3650 et
922 3624 968 3650 alii
981 3623 1047 3658 firi·
1060 3627 1093 3653 95
1109 3628 1135 3649 ta
1151 3623 1203 3649 fuit
1221 3624 1330 3657 grauior
1346 3629 1390 3649 aut
1408 3622 1576 3663 propensior,
1593 3622 1663 3647 mori
1683 3630 1724 3647 me
1743 3620 1835 3647 malim
1854 3622 1948 3648 misera
1968 3624 2146 3650 excruciatum

1110 3658 1210 3692 inopia.
1283 3658 1348 3699 Fide
1366 3666 1490 3692 grauiora
1515 3657 1596 3697 Ouid.
1616 3657 1702 3717 'griffi
1718 3666 1747 3690 4,
1769 3664 1789 3688 1,
1807 3659 1849 3682 66.
1927 3658 2050 3698 Humore
2068 3659 2146 3685 auide

1109 3692 1202 3755 ¹355?ss
1214 3695 1465 3763 {{2.¹.¹1¹.⁵.C.-¹.¹‘}'..⁷.'.·.3.3
1481 3693 1723 3760 m..{⁷.³.'g.³mp5.'32..¹'
1741 3692 1909 3754 ²iiffl¹1³i32¹c¹if
1921 3701 2012 3761 {52⁰²
2023 3694 2143 3755 {33¹5ae

1109 3764 1180 3790 sucta
1202 3773 1294 3798 graues
1311 3764 1448 3791 tentabunt
1466 3762 1558 3797 pabula
1575 3761 1668 3787 foetas.
1739 3762 1814 3797 Virg.
1828 3764 1923 3797 Geor-g.
1936 3772 1959 3796 3,
1971 3766 2006 3796 96
2031 3763 2084 3789 Vbi
2098 3768 2143 3789 aut

1054 3809 1101 3828 100
1110 3799 1208 3825 morbo
1221 3800 1325 3833 grauis,
1344 3805 1387 3826 aut
1401 3800 1453 3825 iarn
1470 3797 1575 3830 segnior
1586 3797 1661 3823 annis
1686 3797 1795 3829 Deficit,
1808 3798 1874 3825 abde
1889 3799 1976 3824 domo.
1997 3801 2015 3823 i.
2034 3798 2143 3833 Langui-

1108 3834 1162 3861 dus.
1233 3834 1305 3861 Natu
1323 3835 1432 3868 grauior
1451 3832 1543 3859 Claud.
1557 3831 1589 3858 de
1607 3832 1634 3858 B.
1648 3833 1706 3859 Get.
1719 3839 1777 3866 485.
1848 3835 1916 3861 Ter.
1936 3834 2028 3859 Heaut.
2044 3841 2072 3864 4,
2085 3841 2104 3864 1,
2119 3841 2142 3864 31

1108 3870 1150 3896 Mi
1165 3868 1293 3901 Chreme,
1306 3872 1425 3904 peccaui,
1438 3869 1540 3900 fateor,
1558 3867 1666 3894 vincor:
1697 3877 1766 3894 nunc
1784 3874 1810 3896 te
1830 3869 1952 3897 obsecro,
1965 3872 2063 3900 quanto
2082 3874 2140 3892 tuus

1109 3905 1145 3932 est
1163 3905 1264 3931 animus
1277 3905 1349 3931 Natu
1363 3905 1486 3938 grauior,
1501 3903 1691 3937 ignoscentior,
1703 3909 1733 3930 vt
1749 3913 1823 3930 meae
1839 3903 1961 3961 st¹¹¹‘³‘i{,“3
1978 3901 2078 3927 iustitia
2096 3908 2140 3928 tua

1954 3942 2032 3962 ietate
2046 3945 2074 3962 ac
2087 3945 2140 3962 me-

2086 3981 2139 4012 {¹¹5³-

2072 4013 2140 4036 l'lsss.

1108 3941 1138 3967 sit
1152 3939 1254 3975 aliquid
1265 3939 1383 3974 praesidi.
1402 3943 1420 3966 i.
1441 3940 1538 3974 Quanto
1551 3940 1629 3974 plura
1648 3937 1712 3972 nosti
1730 3949 1802 3975 quam
1815 3948 1865 3974 ego.

1299 4018 1312 4043 ς
1332 4010 1360 4037 Ν
1397 4017 1413 4037 2
