2479 4225
29 268 31 274 ·
49 253 109 300 581
439 239 471 278 F
560 238 598 277 A
687 236 722 276 C
1526 225 1561 265 F
1649 225 1689 264 A
1783 223 1817 262 C
2128 231 2195 273 582

51 332 136 362 nescio
148 329 284 367 quomodo
297 328 319 355 is
337 328 402 363 (qui
415 326 601 354 auctoritatem
613 325 754 352 minimam
767 321 853 352 habet,
863 318 1006 346 maximam
1013 317 1088 349 Vim)
1149 319 1254 345 Petron.
1269 325 1290 343 c.
1305 325 1321 349 9
1334 325 1358 350 p.
1372 321 1412 348 89.
1448 321 1471 341 er
1484 324 1505 340 c.
1521 323 1541 340 11
1556 323 1581 348 p.
1598 322 1643 346 115.
1714 311 1762 340 sed
1774 321 1821 337 mm
1835 310 1900 337 ruffe
1912 312 1958 338 huc
1972 314 2086 349 referunt
2094 312 2194 348 quidam

1151 353 1215 380 illud
1233 354 1252 380 F
1264 352 1365 379 ECIT
1402 351 1490 376 CVM
1526 348 1702 376 MARITO
1720 351 1747 374 i'n
1765 348 1824 374 Vet.
1844 348 1923 373 inser.
1943 349 2005 374 ztinu
2019 353 2081 375 mim
2096 348 2137 381 cst,
2156 352 2195 374 ui-

33 390 39 394 .
51 367 160 404 Populus
173 375 231 392 cum
246 365 300 391 illis
315 363 428 399 Populus
440 363 514 390 facit.
585 363 650 388 Vim
663 358 789 388 resistenti
811 355 901 383 Tacit.
915 357 983 380 Ann.
999 362 1029 393 2,
1043 357 1087 387 64.

50 405 135 432 Varro
147 401 177 428 de
190 402 221 427 R.
235 402 266 427 R.
281 409 299 431 1,
314 408 346 434 34
363 401 430 426 Vuas
446 404 534 425 autem
547 398 648 432 legere,
667 402 692 422 et
716 391 885 421 Vindemiam
907 390 993 416 facere
1017 394 1089 415 inter
1151 392 1198 416 xit.
1241 388 1298 415 Vid.
1331 388 1425 414 Facere
1457 387 1545 411 Annos
1577 395 1601 410 n.
1628 393 1648 417 3.
1852 379 1873 419 ff
1898 390 1932 415 27
1970 387 2063 419 Agmf„
2076 383 2194 410 ,qaudam

52 436 255 474 Aequinodhum
269 435 426 461 Autumnale
440 441 465 461 et
479 434 659 468 Vergiliarum
670 431 796 457 occasum.
885 426 984 451 Vinum
1002 424 1088 450 facere
1153 426 1333 450 Grammaticae
1346 422 1532 457 obseruationes.
1569 430 1594 446 v.
1609 430 1634 456 g.
1672 419 1808 446 peculiaris
1819 421 1887 444 rate‘o
1902 416 1934 447 cll
1949 418 2017 444 illius
2043 420 2146 446 Lucret.
2167 422 2195 451 6,

49 470 156 512 agricola
170 472 263 498 dicitur
283 471 341 497 Col.
355 472 392 503 η’,
406 480 451 504 40,
467 479 476 496 1
497 479 551 496 cum
568 470 694 504 exprimit.
763 463 855 494 Vires,
875 461 993 496 Colligere
1012 463 1088 485 vires.
1113 473 1127 500 5
1153 462 1201 493 962
1221 459 1355 493 Principio
1370 465 1467 484 terram
1482 456 1525 481 Sol
1539 455 1664 490 excoquit
1678 461 1704 481 et
1719 454 1782 481 facit
1797 461 1851 480 are.
1867 456 1885 479 i.
1900 453 2018 487 arefacit.
2111 456 2159 480 Fac
2174 455 2193 480 fi

52 508 178 544 Qinffil.
192 516 230 540 10,
239 517 250 539 3
270 509 347 533 Vires
362 507 488 532 faciamus
500 510 560 532 ante
571 503 671 534 omnia,
684 508 751 536 quae
765 496 892 524 sufficiant
905 495 993 522 labori
1008 502 1088 521 certa·
1150 496 1232 527 facis,
1253 494 1407 521 Prouerbialc
1420 492 1485 526 apud
1497 491 1611 517 Martial.
1628 500 1647 523 1,
1660 493 1704 524 46.
1812 489 1870 515 Sen.
1884 488 1916 514 de
1929 489 2018 514 Benef.
2033 497 2048 514 2
2057 509 2064 520 ‚
2078 497 2090 521 5
2113 491 2160 516 l-*ac
2175 490 2192 515 fi

49 547 158 572 minum.
236 543 361 569 Virilitcr
379 542 445 568 Hor.
459 541 537 576 Epist.
552 549 572 572 1,
586 547 622 573 17,
635 542 671 570 38.
767 534 848 560 Plaut.
866 533 933 558 Pers.
942 536 995 564 4‚8,
1009 540 1026 563 4
1044 531 1087 556 Ne
1151 530 1216 564 quid
1231 530 1304 556 facis.
1412 529 1548 556 Similiter,
1563 527 1632 560 Age,
1653 526 1670 552 si
1691 524 1756 560 quid
1775 525 1831 559 agis
1857 525 1938 550 Plaut.
1956 524 2039 550 Trin.
2058 533 2092 556 4,
2106 533 2128 555 ρ,
2143 534 2193 556 139.

0 591 7 605 π
48 589 97 616 ego
105 576 519 606 hodietibibonamVitamfeci3
530 582 558 602 D.
568 570 757 601 fateorhabere
765 569 884 604 gratiam.
907 567 1087 593 Vitemfacere
1149 568 1215 593 Face
1224 572 1273 600 pro
1290 566 1346 591 Fac.
1383 562 1465 590 Ouid.
1481 570 1511 587 ex
1526 562 1598 589 Pont.
1616 570 1640 593 2,
1655 570 1679 593 2,
1693 564 1728 594 64
1747 561 1834 587 Verba
1847 560 1918 591 face,
1938 565 1967 586 vt
1978 559 2033 586 vita
2054 568 2133 594 quam
2152 560 2194 585 de-

0 608 5 638 ’ν
48 616 142 643 dicitur
150 615 261 650 agricola
281 614 347 639 Cato
356 621 423 646 52,2.
460 612 562 639 Vitiose
569 610 597 636 in
604 607 697 635 scholis
707 606 817 632 facimus
826 602 992 637 Qiine‘t.4,i.
1030 602 1085 627 Cic.
1151 602 1191 628 dit
1204 602 1273 635 ipse,
1289 600 1371 626 fruar.
1431 597 1511 624 Plaut.
1528 598 1593 623 Pers.
1609 606 1628 627 1,
1643 605 1665 629 3,
1679 599 1712 623 66
1735 597 1794 622 Hoc
1807 596 1824 621 si
1839 595 1972 628 facturus,
1993 595 2058 622 face.
2095 596 2133 620 De
2149 596 2195 621 Fa-

47 651 178 685 inTop.15
187 658 224 682 c.3
244 649 270 675 Si
278 648 354 675 aedes
361 649 449 675 exesae
456 643 764 676 corruerunt,Vitiumue
773 641 939 670 fecerunt,ut
947 639 1088 669 Damnum,
1109 650 1137 667 10
1150 638 1218 664 ciem
1226 643 1276 671 pro
1290 636 1392 662 Faciam
1406 633 1515 667 Quin&
1532 641 1552 664 1,
1566 640 1593 666 7,
1608 641 1646 664 23.
1737 632 1818 657 Plaut.
1834 630 1903 657 Asin.
1919 638 1942 664 5,
1956 639 1977 662 2,
1991 639 2028 664 40
2052 629 2118 656 Iube
2133 629 2196 656 dare

48 687 251 717 Detrimentum,
261 685 390 711 Iacturam
398 684 493 710 facere.
520 680 609 708 Labeo
617 677 696 705 locati
704 683 729 703 et
737 673 975 708 condufifid-quod
983 672 1089 705 fi,Alse-
1149 673 1260 704 vinum,
1281 669 1435 697 iamdudum
1447 669 1547 694 factum
1561 668 1596 694 esi
1609 676 1690 702 quum
1705 667 1821 701 primum
1842 666 1913 697 bibi,
1935 665 2098 702 Plconasmus.
2156 667 2197 692 Sic

49 731 97 749 nus
109 721 186 748 huius
195 720 294 753 ,domus
307 720 463 750 mercedem,
490 725 537 743 uae
551 714 656 742 Vitium
668 713 781 744 fecisset,
797 711 889 738 deberi
903 714 985 744 putat.
1027 708 1086 734 Viti.
1152 709 1234 735 Plaut.
1248 707 1328 734 Merc.
1343 704 1410 732 Prol.
1428 713 1455 730 12
1480 704 1620 730 Biennium
1639 704 1693 729 iam
1712 703 1812 728 saelum
1833 701 1869 728 est
1887 701 2025 736 postquam
2038 701 2093 728 abii
2106 701 2196 727 domo.

49 758 152 792 leian.
167 757 199 782 D.
214 756 311 782 damno
327 755 426 782 infeEko
440 754 455 780 l.
479 762 487 779 i
500 751 583 778 finita.
698 748 746 775 Sed
757 746 885 781 traifitiue
910 745 1017 771 Vitruu.
1032 752 1051 776 i,
1069 746 1086 770 6
1152 743 1223 770 Dolo
1238 743 1338 769 fac‘lum
1359 742 1426 767 Hor.
1441 740 1523 765 Scrm.
1540 748 1559 771 1,
1575 741 1601 770 6,
1614 748 1656 771 90.
1765 739 1789 765 O
1809 737 1909 764 saelum
1927 737 1995 763 male
2019 737 2107 764 Catus
2121 745 2143 770 3,
2158 739 2196 763 16.

49 793 76 821 Si
87 792 159 820 venti
172 791 265 826 frigidi
279 793 352 824 sunt,
372 790 476 818 laedunt
491 798 497 814 t
531 787 549 813 si
563 784 657 817 calidi,
674 784 770 811 vitiant
784 794 789 809 :
826 782 844 808 l'i
856 779 1085 810 humidimocent:
1152 778 1283 813 Qiine‘fil.
1298 788 1329 809 2,
1343 785 1383 808 13,
1398 784 1414 809 9
1432 775 1555 811 legebatur
1568 775 1660 800 Flexus
1674 774 1733 805 illc,
1754 779 1796 806 et,
1815 779 1843 799 vt
1855 772 1889 799 fic
1901 772 2032 804 dixerim,
2051 778 2138 799 motus
2153 771 2198 799 dat

46 826 128 856 iide‘m
143 827 244 854 faciunt
258 828 333 854 Vitia
345 823 510 862 pauimentis.
583 820 650 848 Add.
665 819 703 847 Id.
718 825 731 850 8
745 828 767 845 c.
781 819 828 845 vlt.
934 815 1000 842 Plin.
1015 823 1042 847 19
1051 835 1058 847 ,
1077 823 1087 841 1
1107 823 1132 848 15
1151 818 1241 842 actum
1253 812 1384 848 quendam
1397 817 1423 838 et
1436 811 1544 837 saelum.
1580 808 1718 842 Destatuis
1731 819 1761 835 ac
1768 806 1891 844 putaris.
1947 810 1989 836 Sic
2000 811 2108 844 antiqui.
2151 806 2199 835 Sed

46 863 136 891 Postea
149 863 178 889 in
189 862 300 890 theatris
313 868 411 889 tantum
425 858 552 886 Vmbram
564 858 662 884 fecere.
717 854 830 881 Vmbras
843 852 881 879 sol
893 852 991 878 fecerat
1005 850 1086 877 Ouid.
1150 860 1215 876 nunc
1246 849 1343 880 editur,
1363 847 1406 873 dat
1440 846 1527 873 auum
1555 845 1684 880 quendam
1708 843 1809 871 effictis.
1914 844 1989 870 Velle
2003 843 2102 870 saelum
2115 843 2198 870 alicui

45 899 111 926 Met.
127 908 149 933 3,
161 906 200 931 ςο.
272 899 352 925 Plaut.
366 897 444 922 Poen.
453 903 475 927 3,
489 903 511 927 3,
526 899 554 924 88
573 893 615 919 Ibi
626 898 652 919 te
665 890 775 926 replebo
787 897 870 924 vsque
882 893 1087 921 vnguentorum.
1151 887 1233 913 Plaut.
1245 883 1336 911 Bacch.
1352 891 1374 915 3,
1389 891 1410 915 3,
1427 891 1461 915 91.
1498 889 1522 908 et
1539 882 1608 908 Ter.
1623 880 1698 907 Adel.
1720 888 1748 913 ς,
1762 888 1794 914 7,
1808 889 1842 906 21.
1911 881 1967 910 Ita,
1990 880 2072 906 Nolle
2097 879 2199 906 saelum

28 947 29 951 ¹
45 934 244 967 Eccheumads,
263 933 326 969 quid
339 930 420 957 multa
433 929 516 957 verba
528 929 624 955 faciam
640 929 649 954 ζ
684 927 732 953 vbi
747 932 775 953 tu
789 924 901 955 laueris,
925 922 966 948 ibi
986 928 1015 948 vt
1034 921 1087 948 bal·
1151 930 1176 953 2,
1191 930 1209 952 1,
1223 926 1245 951 8.
1316 919 1404 946 Facile
1417 918 1453 944 cst
1468 917 1538 944 [38111
1560 918 1664 943 Lucret.
1674 925 1700 949 4,
1710 921 1738 945 88
1760 935 1765 941 .
1836 915 1935 941 Inutile
1946 915 2018 942 facin
2039 917 2106 941 Hor.
2114 915 2197 941 Serui.

46 976 138 997 neator
150 970 229 996 faciat
244 966 459 1003 Vnguentariam.
479 968 498 992 i.
511 971 637 1002 unguenta
650 965 688 989 ita
705 960 798 998 copiose
820 960 868 986 tibi
889 962 1001 995 ingeret,
1020 956 1088 993 quast
1154 966 1175 989 1,
1189 966 1214 990 4,
1231 964 1284 988 124.
1356 954 1436 987 Qiod
1450 954 1581 988 optimum
1596 951 1668 978 faElu
1682 951 1744 978 vide
1766 950 1836 982 itur,
1856 951 1936 977 facies
1977 951 2032 977 Cic.
2046 952 2099 977 Att.
2115 958 2142 985 7,
2156 958 2198 977 22.

45 1012 124 1032 totam
136 1005 261 1032 tabernam
273 1012 352 1030 eorum
364 1007 494 1028 exerceret.
584 998 652 1026 Gell.
666 1007 692 1030 2,
705 1005 734 1029 23
761 998 815 1023 Has
829 994 899 1030 apud
910 993 1086 1020 Menandrum
1096 1003 1131 1022 20
1150 993 1251 1019 Locare
1280 989 1431 1016 faciendum
1441 1010 1448 1022 ,
1470 989 1522 1015 md.
1543 994 1636 1015 Loco.
1730 986 1865 1019 Qudnam
1881 985 2050 1018 faciendum,
2070 994 2199 1021 quaerere

47 1042 133 1068 Voces
145 1041 216 1067 facit.
249 1039 273 1066 h.
286 1048 304 1065 e.
319 1040 392 1064 Dicit
402 1044 426 1064 et
437 1036 552 1072 recenset.
648 1034 730 1060 Plaut.
746 1032 815 1059 Asin.
827 1038 892 1057 extr.
912 1029 964 1056 Hic
978 1030 1053 1055 senex
1068 1028 1085 1055 fi
1151 1027 1272 1055 Scribon.
1286 1027 1332 1060 Ep.
1428 1025 1497 1052 Ter.
1513 1025 1578 1051 Eun.
1592 1032 1611 1054 1,
1626 1031 1648 1055 2,
1662 1030 1691 1056 17
1724 1022 1790 1048 Non
1816 1020 1860 1055 pol
1885 1030 1940 1055 quo
1968 1030 2119 1056 quenquam
2141 1021 2200 1056 plus

45 1076 110 1111 quid
122 1076 188 1102 clam
200 1083 300 1106 vxore,
318 1074 365 1100 suo
379 1073 470 1100 animo
483 1072 548 1099 fecit
562 1070 680 1105 Volupe,
700 1069 797 1102 Neque
809 1075 925 1096 nouum.
945 1064 1086 1099 nequemi-
1150 1072 1236 1091 amem
1245 1083 1252 1095 ,
1270 1068 1315 1088 aut
1328 1061 1384 1096 plus
1398 1061 1506 1095 diligam
1516 1080 1522 1092 ,
1541 1068 1573 1085 eo
1588 1058 1642 1085 feci
1656 1069 1661 1084 τ
1698 1057 1742 1084 sed
1756 1057 1792 1082 ita
1805 1065 1846 1082 res
1860 1062 1915 1082 erat
1929 1067 1935 1082 z
1971 1057 2124 1083 faciundum
2137 1058 2202 1084 fuit.

21 1108 22 1111 ¹
38 1121 104 1145 xrum
117 1111 194 1141 fecit,
214 1118 260 1137 nec
272 1110 343 1136 secus
356 1118 436 1144 quam
446 1108 496 1135 alii
508 1108 601 1134 solent.
692 1105 764 1131 Non.
778 1112 802 1134 2,
817 1110 865 1135 905
886 1101 976 1135 Volup
989 1103 1049 1134 legit
1063 1106 1088 1126 et
1151 1099 1225 1126 Idem
1240 1097 1314 1124 Adel.
1328 1105 1351 1130 5,
1364 1105 1385 1129 3,
1400 1106 1432 1130 54
1453 1096 1573 1126 Scilicet,
1593 1094 1630 1120 ita
1643 1099 1747 1127 tempus
1760 1092 1822 1123 fert,
1842 1091 1995 1118 faciundum
2009 1092 2053 1119 est.
2125 1092 2200 1118 Idem

36 1145 76 1182 fic
89 1146 158 1172 dedit
171 1147 246 1174 Gron.
317 1145 489 1180 Voluptatem
508 1144 595 1169 facere
617 1140 666 1167 fibi
678 1139 831 1173 afferebatur
845 1148 874 1165 ex
885 1144 1003 1171 corrupra
1017 1135 1088 1163 teeti-
1152 1136 1219 1167 Hec,
1233 1144 1261 1167 4,
1275 1143 1302 1166 3,
1315 1142 1337 1165 3.
1380 1134 1427 1159 Vbi
1446 1134 1565 1159 Donatus
1580 1140 1588 1161 ;
1625 1128 1745 1156 Dicendo
1766 1127 1934 1159 faciundum,
1955 1126 2069 1154 ostendit
2087 1127 2112 1154 se
2132 1128 2202 1162 Cogi

45 1191 87 1209 one
103 1181 186 1208 Plauti
200 1182 285 1208 Truc.
298 1190 319 1211 2,
331 1190 359 1214 4,
374 1188 405 1215 72
438 1179 538 1206 Videor
554 1179 641 1205 facere
659 1176 728 1202 mihi
749 1175 934 1208 Voluptatem,
964 1173 1021 1204 eia,
1039 1171 1088 1198 vbi
1104 1175 1136 1202 25
1151 1168 1349 1197 necessitatibus.
1420 1168 1514 1194 Facior
1528 1169 1554 1193 in
1568 1165 1664 1199 Paffiuo
1676 1171 1767 1190 ueteres
1782 1161 1868 1196 dix-iffi?
1876 1170 1949 1198 patet
1957 1166 2055 1199 partim
2067 1165 2201 1189 exPartic.

1152 1206 1262 1236 Faetus,
1275 1207 1374 1240 partim
1387 1213 1416 1229 ex
1436 1201 1573 1241 compositis
1590 1196 1716 1232 Afficior,
1736 1197 1857 1230 Efficior,
1878 1206 1923 1224 etc.
1937 1202 2036 1234 partim
2057 1208 2086 1224 cx
2105 1198 2202 1225 Nonio

45 1217 179 1254 quippiam
193 1225 236 1243 me
249 1217 344 1251 poscas.
437 1215 484 1243 Sed
500 1215 596 1251 legitur
608 1221 687 1243 nunc,
708 1212 823 1237 Lucrum
838 1209 926 1236 hercle
939 1208 1034 1234 videor
1050 1207 1087 1233 fa·
1679 1236 1683 1241 ι
1827 1235 1831 1238 -
1849 1235 1854 1239 η

1152 1251 1191 1274 10,
1207 1241 1290 1281 17υό1
1303 1238 1397 1274 Nigid.
1411 1240 1511 1265 ποιεῖται
1527 1237 1610 1264 reddit
1625 1237 1745 1267 Facmxr,
1764 1242 1786 1261 ct
1794 1234 1902 1261 Titinn.
1915 1237 1964 1267 ait,
1982 1234 2129 1260 Consilium
2143 1243 2202 1269 par-

45 1262 102 1281 cere
115 1252 198 1284 mihi,
222 1252 347 1286 Voluptas
359 1260 433 1284 mea,
453 1251 500 1278 vbi
516 1249 653 1285 quippiam
666 1256 708 1274 nie
720 1247 815 1281 poscis.
885 1246 953 1271 Cato
965 1244 996 1270 de
1009 1244 1040 1270 R.
1055 1243 1086 1269 R.

46 1294 73 1322 83
90 1288 170 1315 Marti
184 1288 291 1314 Siluano
306 1289 333 1314 in
348 1287 409 1314 silua
421 1286 539 1313 interdiu
551 1286 580 1312 in
594 1285 679 1318 capita
691 1282 790 1317 singula
803 1281 886 1308 boum
893 1281 992 1306 Votum
1007 1278 1088 1305 facio.
1151 1278 1179 1304 vi
1194 1277 1299 1303 facitur.
1360 1275 1433 1311 Conf.
1448 1275 1544 1300 Goclen.
1560 1273 1642 1300 Probl.
1658 1273 1766 1298 Gramm.
1782 1281 1805 1303 2,
1818 1278 1856 1302 83.
1928 1270 2054 1296 Caeterum
2062 1271 2160 1305 placuit
2173 1272 2202 1296 in

2 1347 5 1349 .
48 1324 100 1352 cic.
113 1333 159 1358 pro
171 1324 266 1350 Milon.
281 1332 314 1357 42
334 1324 401 1350 Dein
415 1322 503 1349 subito
515 1321 591 1348 vultu
603 1319 715 1346 Milonis
735 1318 908 1353 perterritus,
931 1315 1035 1350 fugeret
1054 1313 1086 1340 acl
1151 1313 1280 1348 Praesenti
1310 1318 1416 1347 tempore
1429 1331 1438 1343 ,
1476 1317 1499 1336 ct
1532 1318 1594 1346 quae
1634 1307 1692 1334 inde
1725 1306 1896 1343 formantur,
1933 1308 1974 1332 vti
2007 1309 2094 1341 potius
2127 1305 2202 1332 verbo

0 1366 2 1374 '
80 1359 174 1394 iberim
186 1369 196 1385 2v
228 1367 277 1386 vos
290 1364 316 1386 et
328 1367 420 1385 omnes
436 1358 501 1385 boni
514 1356 583 1384 Vota
602 1354 740 1386 faceretis,
757 1359 788 1380 vt
809 1352 910 1379 Miloni
928 1351 969 1377 vti
988 1350 1088 1376 virtute
1106 1359 1138 1383 30
1154 1355 1216 1376 Fu).
1237 1357 1296 1374 v.v.

79 1403 94 1422 a
106 1394 197 1422 liberet
210 1395 220 1421 ἰ
303 1395 360 1421 Cic.
376 1395 429 1421 Att.
442 1398 465 1426 8,
479 1400 510 1426 25
544 1393 580 1419 Vt
592 1400 675 1427 quum
688 1389 721 1416 de
735 1389 784 1416 illo
799 1393 908 1423 aegroto
922 1387 991 1413 Vota
1008 1385 1088 1412 facie·
1189 1391 1307 1416 FAxo,
1328 1382 1367 1413 is,
1391 1381 1422 1408 it.
1459 1378 1582 1416 [πράξω]
1618 1379 1757 1407 Indicatiui
1774 1377 1841 1404 modi
1858 1374 1908 1410 est,
1931 1378 2021 1403 Futuri
2041 1374 2125 1403 exaHi
2142 1382 2202 1403 tem-

50 1429 119 1459 bant.
178 1438 181 1439 ⁷
206 1431 276 1457 Vota
289 1430 345 1456 deis
359 1429 479 1456 facienda
499 1428 589 1455 Valer.
606 1428 705 1461 Argon.
721 1434 741 1457 1,
756 1433 809 1457 323.
925 1422 990 1449 Plin.
1007 1429 1051 1455 17,
1072 1429 1085 1447 2
1146 1423 1222 1456 poris
1239 1427 1289 1455 pro
1310 1419 1424 1449 Fecero,
1442 1424 1465 1442 ct
1486 1422 1630 1448 FAx1M,
1657 1413 1817 1441 Coniunbiiui
1842 1415 1978 1439 Praeteriti
1995 1420 2044 1448 pro
2067 1413 2201 1439 Fecerim:

0 1472 1 1482 ¹
48 1466 116 1501 Ergb
130 1465 176 1500 qui
189 1465 260 1492 dixit
271 1465 373 1492 hiemes
394 1466 496 1492 serenas
519 1462 662 1498 optandas,
681 1470 731 1496 pro
754 1458 899 1487 arboribus
919 1459 989 1484 Vota
1015 1456 1088 1483 facit.
1146 1456 1263 1492 formata
1278 1464 1307 1481 ex
1318 1455 1410 1485 Facio,
1429 1452 1499 1479 Facfi
1511 1451 1638 1478 accedente
1651 1452 1767 1486 Syncope.
1804 1449 1851 1476 Sed
1862 1455 1942 1475 tamen
1955 1451 2030 1475 etiam
2043 1447 2203 1474 Contunfflui

0 1505 6 1516 ’”
47 1501 176 1538 Columel.
190 1503 216 1534 6,
232 1511 261 1534 30
286 1502 446 1536 Plerumque
461 1500 579 1526 iumenta
597 1498 706 1525 morbos
726 1495 880 1530 concipiunt
898 1492 1042 1520 lassitudine
1062 1497 1089 1518 et
1150 1491 1294 1527 Praesentis
1306 1489 1339 1524 eft
1353 1489 1454 1516 Faxim.
1497 1487 1555 1514 Vid.
1576 1486 1640 1520 Voſjj
1652 1487 1680 1512 de
1694 1488 1759 1513 Arte
1773 1486 1881 1511 Gramm.
1893 1494 1924 1517 3,
1940 1492 1977 1519 4¹-
2051 1485 2138 1516 Faxo,
2158 1491 2203 1509 ex-

44 1536 128 1563 aestu:
162 1545 352 1571 nonnunquam
366 1542 392 1564 et
404 1536 505 1570 frigore
520 1545 525 1561 :
560 1539 586 1560 et
599 1541 682 1568 quum
699 1532 747 1558 suo
764 1537 884 1564 tempore
902 1530 1012 1556 Vrinam
1033 1537 1089 1554 non
1107 1536 1134 1564 ὃς
1153 1532 1242 1562 petant
1257 1526 1339 1553 Plaut.
1353 1523 1448 1559 Amph.
1465 1531 1487 1555 2,
1502 1532 1521 1555 1,
1535 1531 1579 1556 42.
1648 1522 1730 1549 Plaut.
1744 1521 1803 1547 Aul.
1817 1529 1838 1552 3,
1851 1523 1877 1552 6,
1885 1529 1920 1554 42
1935 1521 1990 1554 Ego
2002 1519 2082 1552 faxo,
2102 1526 2127 1545 et
2140 1527 2202 1553 ope-

42 1569 163 1599 fecerint.
234 1573 317 1599 Vsum
332 1572 382 1599 fibi
393 1572 520 1598 scelerum
539 1570 636 1596 Lucan.
650 1577 672 1599 2,
686 1575 730 1601 97.
801 1567 850 1592 Vt:
868 1564 937 1591 Ter.
945 1565 1010 1591 Eun.
1020 1572 1069 1596 2,1‚
1078 1572 1088 1590 1
1152 1571 1211 1589 ram
1225 1568 1250 1588 et
1263 1562 1357 1588 vinum
1371 1559 1516 1595 perdiderit
1530 1557 1614 1585 simul.
1702 1557 1775 1583 Idem
1791 1555 1909 1590 Amphit.
1925 1564 1955 1588 2,
1970 1564 1995 1587 1,
2008 1561 2045 1586 85.
2126 1555 2202 1588 Virg.

42 1607 132 1633 Facite
143 1608 180 1634 Vt
200 1607 271 1638 iulii,
288 1607 451 1634 deducantur
473 1605 526 1632 isti.
641 1602 710 1630 ibid.
723 1610 744 1634 1,
757 1610 788 1633 2,
802 1609 838 1634 94
866 1600 955 1629 Potius
971 1609 1050 1634 quam
1063 1605 1090 1624 te
1154 1601 1220 1625 Aen.
1236 1606 1262 1631 9,
1278 1605 1323 1631 154
1342 1595 1420 1623 Haud
1435 1595 1481 1621 sibi
1495 1604 1554 1621 cum
1568 1594 1664 1620 Danais
1676 1601 1732 1619 rem
1746 1592 1808 1618 faxo
1823 1598 1848 1617 et
1861 1590 1931 1625 pube
1945 1590 2048 1623 Pelasga
2089 1590 2142 1615 Effe
2156 1598 2202 1623 pu-

41 1640 182 1670 in÷m³cum
195 1642 320 1674 habeam,
337 1642 432 1669 faciam
444 1642 480 1668 Vt
491 1640 602 1667 iusseris.
656 1637 713 1665 Cic.
722 1637 807 1667 Att.2,
816 1645 826 1662 1
847 1636 938 1662 Facito
953 1637 988 1661 Vt
1000 1635 1089 1661 sciam.
1154 1640 1218 1661 tent.
1311 1633 1380 1659 Ter.
1393 1633 1458 1658 Eun.
1473 1639 1498 1662 z,
1507 1639 1534 1662 2,
1549 1637 1576 1662 53
1617 1629 1675 1655 Nae
1688 1634 1717 1654 tu
1732 1628 1791 1654 istas
1805 1627 1868 1652 faxo
1882 1625 1995 1652 calcibus
2009 1626 2082 1658 saepe
2096 1625 2203 1650 insulta.

41 1677 81 1705 ld.
95 1677 162 1705 ibid.
199 1697 206 1704 .
243 1697 251 1704 .
289 1697 296 1704 .
331 1678 362 1703 Et
374 1677 393 1704 fi
405 1686 460 1704 non
472 1675 581 1711 potuisti
593 1673 650 1701 vllo
660 1672 742 1699 modo
753 1672 857 1703 facere,
871 1671 907 1697 Vt
923 1670 992 1697 mihi
1013 1670 1089 1697 illam
1155 1669 1197 1696 bis
1211 1668 1316 1695 frustra.
1410 1666 1484 1693 Idem
1498 1665 1579 1692 Andr.
1595 1672 1616 1697 5,
1628 1673 1654 1696 2,
1667 1672 1692 1695 13
1718 1664 1805 1688 Immo
1824 1669 1890 1687 vero
1901 1660 2040 1694 indignum
2049 1679 2057 1691 ‚
2078 1659 2203 1691 Chreme,

0 1730 5 1742 -Ι
44 1712 183 1748 'epistolam
194 1722 250 1739 non
263 1713 382 1739 mitteres
396 1723 402 1739 :
438 1718 527 1739 tamen
538 1710 644 1738 mallem
655 1717 710 1735 non
721 1708 771 1734 esse
782 1707 891 1734 missam.
911 1708 930 1732 i.
949 1707 1017 1742 Quin
1031 1708 1090 1731 mit·
1105 1713 1143 1738 40
1154 1705 1258 1731 facinus
1272 1704 1326 1729 iam
1341 1703 1405 1729 faxo
1420 1710 1452 1727 ex
1466 1710 1508 1727 ine
1523 1699 1622 1726 audias.
1727 1698 1812 1727 Faxo,
1832 1705 1875 1721 me
1888 1697 1963 1721 iuuet
1976 1703 2029 1721 vox
2043 1694 2089 1720 illa
2102 1695 2203 1722 VETO

42 1754 116 1775 teres.
219 1748 322 1774 Inuitus
337 1748 404 1780 feci,
423 1749 460 1775 Vt
475 1748 503 1774 C.
515 1745 676 1773 Flaminium
686 1743 811 1770 elicerem
823 1751 855 1768 ex
870 1742 959 1767 senatu
983 1741 1040 1767 Cic.
1055 1739 1089 1765 de
1152 1739 1213 1765 Liu.
1229 1741 1255 1770 6,
1269 1745 1309 1770 τις.
1423 1736 1482 1762 Vid.
1497 1735 1584 1769 HeinJL
1596 1740 1620 1758 et
1632 1731 1817 1758 Drakenborch.
1832 1731 1866 1756 ad
1885 1731 1930 1756 Sil.
1945 1738 1988 1765 17,
2003 1733 2050 1763 236
2070 1733 2114 1766 qui
2128 1731 2205 1763 alten-

0 1787 4 1795 ’
44 1783 102 1810 Sen·
119 1793 139 1810 c.
154 1793 191 1811 12.
228 1783 301 1819 Conf-
310 1785 395 1811 Burni.
408 1783 443 1809 ad
449 1781 558 1816 Quin&
570 1790 588 1813 4
602 1788 721 1814 prooem.
733 1787 758 1811 p.
774 1785 834 1811 297.
871 1774 913 1807 Est
925 1775 1088 1809 Pleonasmus,
1152 1773 1231 1804 dunt,
1245 1772 1306 1807 fere
1314 1769 1491 1797 Coniunc‘izone
1499 1767 1629 1806 supprqffa
1640 1767 1686 1793 hoc
1704 1767 1810 1793 Verbum
1817 1769 1890 1801 poni.
1961 1766 2068 1792 Faxim:
2102 1770 2129 1791 in
2145 1767 2205 1792 Pro-

40 1826 89 1853 quo
101 1821 175 1845 etiam
190 1824 296 1844 vtuntur
302 1818 358 1851 fine
375 1820 419 1844 Vt.
450 1814 455 1825 ‘
467 1819 498 1842 V.
510 1826 536 1851 g.
557 1816 645 1840 Facite
658 1811 804 1846 acquisitis
824 1810 892 1836 Ter.
906 1810 1002 1835 Heaut.
1017 1807 1088 1834 Prol.
1151 1814 1198 1833 tar
1214 1813 1237 1832 et
1248 1805 1357 1841 Apodost
1372 1805 1454 1831 Plaut.
1470 1805 1556 1830 Truc.
1571 1812 1591 1836 1,
1606 1811 1626 1835 1,
1639 1811 1676 1835 40
1695 1803 1770 1835 Q1os
1784 1811 1843 1828 cum
1856 1801 1969 1828 celamus
1982 1802 1999 1828 si
2013 1802 2127 1828 faximus
2139 1810 2204 1827 con-

41 1858 82 1882 28.
190 1853 299 1878 Certum
312 1852 348 1878 ho
423 1860 450 1876 m
460 1850 492 1877 ad
506 1858 566 1875 eum
582 1848 671 1874 mittas
684 1847 740 1872 fate
771 1846 841 1878 Nep.
855 1852 882 1876 4,
896 1851 922 1874 2,
935 1852 963 1876 4.
1054 1843 1086 1868 In
1152 1841 1219 1868 scios
1254 1855 1300 1860 —
1337 1841 1430 1866 Faxim
1443 1840 1569 1866 lenonum
1581 1844 1607 1866 et
1620 1839 1767 1865 scortorum
1776 1858 1784 1870 ,
1802 1839 1903 1869 miuus,
1921 1844 1947 1863 et
1960 1838 2048 1863 miuus
2065 1837 2204 1863 damnoso-

35 1890 131 1925 'primis
142 1886 261 1912 notabiles
266 1887 330 1922 fient
336 1852 473 1921 malae,
486 1887 513 1910 in
525 1883 613 1919 quibus
624 1881 789 1916 Accusatiuus
801 1878 931 1906 adiicitur.
966 1878 1034 1904 Cato
1046 1885 1088 1910 41,
1102 1886 1137 1913 45
1152 1886 1212 1904 runi
1226 1876 1376 1903 hominum.
1449 1877 1480 1902 In
1494 1874 1591 1909 Protafi
1603 1875 1718 1900 faximus
1727 1881 1786 1909 pen.
1797 1873 1873 1909 prod.
1884 1880 1932 1908 pro
1938 1872 2086 1908 sanamus,
2105 1875 2146 1899 vel
2157 1872 2203 1908 fe-

41 1931 62 1957 4
78 1923 128 1955 Eos
142 1921 258 1948 surculos
270 1921 352 1948 facito
370 1920 419 1947 sint
434 1920 509 1954 longi
528 1918 606 1954 pedes
628 1916 716 1943 binos.
822 1914 906 1940 Plaut.
921 1913 971 1940 Am
990 1912 1016 1939 h.
1032 1921 1051 1945 1,
1068 1921 1087 1944 1,
1152 1916 1266 1940 terimus.
1304 1911 1386 1938 Plaut.
1399 1911 1461 1937 Aul.
1475 1919 1497 1943 3,
1504 1918 1527 1943 5,
1535 1919 1566 1936 20
1583 1911 1642 1936 Hoc
1655 1909 1673 1935 si
1685 1910 1722 1936 ita
1737 1909 1783 1935 fiat
1817 1924 1863 1929 --
1899 1908 1954 1942 Ego
1967 1908 2051 1934 faxim
2064 1908 2131 1934 muli
2145 1917 2203 1942 pre-

40 1967 83 1993 ¹4¹
101 1957 180 1984 Nunc
193 1962 332 1992 propterea
344 1956 418 1991 quod
438 1964 480 1982 me
501 1964 574 1981 meus
587 1953 666 1981 herus
680 1950 786 1978 fecitvt
798 1949 954 1984 vigilarem,
997 1948 1021 1974 ic
1041 1956 1088 1983 pu·
1152 1949 1194 1975 tio
1210 1948 1257 1982 qui
1271 1948 1392 1981 superant
1405 1954 1502 1980 equ05‚
1523 1945 1572 1972 sint
1583 1945 1695 1971 viliores
1706 1944 1814 1970 Gallicis
1827 1944 1960 1970 canteriis.
2051 1945 2082 1970 Et
2094 1944 2122 1970 in
2135 1944 2202 1970 Pers.

42 1994 100 2029 gnis
113 1993 191 2020 faciet
206 1991 288 2019 hodie
301 1998 330 2019 vt
343 1992 485 2019 dormiam.
600 1990 632 2016 Et
647 1987 716 2014 Asin.
731 1995 750 2018 1,
764 1995 783 2018 1,
799 1994 811 2017 3
833 1986 868 2012 Vt
882 1985 935 2017 ipse
952 1984 1040 2013 scibo,
1059 1989 1086 2010 te
1153 1992 1173 2016 1,
1187 1992 1210 2015 2,
1223 1992 1250 2010 21
1269 1983 1295 2008 Si
1310 1981 1338 2008 id
1352 1982 1409 2012 fiat,
1430 1982 1488 2008 Nae
1500 1981 1543 2007 isti
1561 1980 1646 2006 faxim
1665 1988 1793 2015 nusquam
1814 1985 1970 2014 appareant,
1998 1981 2045 2014 qui
2071 1979 2113 2006 hic
2139 1980 2204 2006 albo

43 2029 138 2057 faciam
150 2029 184 2054 Vt
196 2028 270 2054 scias.
377 2028 408 2054 Et
419 2027 487 2053 Pers.
501 2032 523 2058 5,
538 2033 558 2058 i,
570 2029 584 2055 8
605 2023 683 2050 Vnde
694 2031 744 2057 ego
758 2030 851 2048 omnes
863 2019 980 2051 hilaros,
994 2019 1088 2045 luben·
1154 2020 1206 2046 reti
1237 2017 1323 2044 aliena
1355 2022 1506 2052 oppugnant
1524 2016 1603 2043 bona.
1674 2016 1750 2042 Faxis
1766 2027 1771 2041 ε
1808 2016 1876 2042 Ter.
1889 2016 1985 2042 Heaut.
1999 2024 2019 2047 1,
2033 2023 2058 2047 2,
2074 2024 2098 2048 13
2131 2016 2202 2042 Caue

6 2074 10 2079 ·
43 2070 100 2098 tes,
117 2063 285 2091 laetificantes
299 2063 396 2090 faciam
409 2063 446 2089 Vt
461 2062 532 2088 fiant.
603 2059 694 2086 Pseud.
710 2067 730 2090 1,
743 2066 766 2090 2,
779 2065 805 2089 33
835 2057 961 2088 Pernam,
981 2055 1135 2091 callum‚·50
1153 2050 1236 2085 faxis,
1255 2062 1310 2080 non
1324 2053 1360 2079 est
1371 2057 1438 2088 ⁴opus
1451 2058 1532 2087 pater.
1569 2053 1619 2078 Hic
1628 2057 1677 2086 pro
1691 2051 1786 2078 feceris
1799 2049 1841 2083 est.
1897 2051 1945 2078 Sed
1951 2057 2001 2086 pro
2015 2051 2096 2077 facias
2133 2052 2202 2078 Hor.

47 2099 195 2136 glandium,
215 2099 320 2131 sumen,
342 2099 424 2125 facito
438 2099 466 2125 in
477 2105 545 2132 aqua
557 2095 666 2122 iaceant.
720 2094 790 2119 Haec
802 2099 825 2119 et
836 2092 888 2118 alia
900 2091 1010 2117 dedimus
1031 2091 1089 2116 olim
1154 2091 1236 2117 Scrm.
1261 2098 1286 2122 2,
1309 2091 1336 2121 6,
1359 2096 1372 2122 5
1407 2103 1453 2108 --—
1488 2087 1568 2114 Nihil
1589 2087 1701 2121 amplius
1719 2095 1771 2113 oro
1806 2086 1878 2113 Maia
1897 2092 1972 2119 nate,
1990 2086 2038 2112 nifi
2053 2093 2081 2113 vt
2094 2087 2203 2122 propria

48 2136 81 2163 ad
90 2136 181 2163 caton.
190 2140 212 2166 8,
224 2143 249 2161 2.
301 2135 342 2162 Sic
355 2136 432 2161 Varr.
449 2134 553 2163 R.R.2,
567 2138 626 2164 9,1;
644 2129 772 2164 Reliquos
785 2136 861 2155 canes
873 2127 946 2160 facit,
954 2127 989 2153 Vt
1002 2125 1089 2152 sintin
1154 2125 1217 2152 haec
1231 2124 1301 2151 inihi
1313 2132 1424 2150 munera
1437 2123 1504 2150 faxis
1523 2123 1569 2149 Sil.
1584 2131 1619 2156 15,
1627 2124 1673 2154 362
1692 2122 1794 2155 Libyco
1809 2123 1876 2149 faxis
1889 2122 1921 2149 de
1934 2121 2050 2157 praeside
2072 2131 2140 2149 nunc
2160 2122 2201 2148 his

16 2181 19 2187 ¹
50 2176 115 2198 tuto.
211 2169 281 2197 Gell.
297 2179 335 2204 14,
350 2179 362 2196 2
383 2171 417 2196 Vt
431 2175 456 2196 et
470 2167 551 2200 illud,
569 2167 598 2193 in
610 2175 664 2201 quo
678 2163 818 2192 haerebam
827 2183 834 2194 ‚
854 2168 880 2189 et
899 2168 1000 2189 caetera
1019 2162 1087 2188 face·
1152 2162 1203 2187 His
1216 2160 1333 2187 humeris
1346 2159 1399 2186 tibi
1411 2159 1501 2194 opima
1515 2159 1608 2185 feram.
1681 2159 1737 2185 Cic.
1752 2158 1784 2185 de
1798 2158 1897 2185 Sene&
1911 2165 1942 2193 73
1962 2158 2097 2188 exEnnio,
2110 2158 2201 2184 Nemo

17 2202 19 2232 l
52 2211 92 2233 ret
103 2207 189 2238 me‚Vt
204 2215 297 2233 earum
310 2215 400 2233 rerum
411 2206 486 2232 essem
499 2202 665 2239 prudentior.
737 2199 806 2227 Add.
819 2200 887 2226 Cort.
901 2197 936 2224 ad
954 2197 1015 2224 Sall.
1031 2198 1088 2231 [ug.
1155 2205 1199 2223 me
1212 2196 1329 2223 lacrimis
1343 2195 1466 2227 decoret,
1483 2203 1529 2221 nec
1542 2195 1636 2221 funera
1649 2194 1712 2220 fletu
1749 2194 1832 2221 Faxit.
1903 2194 1964 2220 Liu.
1977 2196 2003 2226 6,
2017 2202 2047 2226 41
2070 2193 2151 2228 Q¹0d
2166 2194 2204 2220 fa-

101 2250 129 2268 11.
154 2239 157 2245 '
192 2242 228 2268 Vt
239 2240 376 2268 difficilior
390 2242 449 2267 esset
461 2239 547 2267 fecisti
572 2237 653 2265 Plaut.
667 2236 749 2264 Trin.
761 2243 785 2268 3,
799 2244 825 2267 2,
840 2242 880 2260 20.
975 2234 1010 2260 Vt
1023 2232 1088 2259 alias
1107 2243 1136 2270 55
1155 2232 1233 2264 xitis‚
1253 2231 1315 2258 deos
1328 2231 1410 2258 velim
1424 2231 1577 2262 fortunare,
1596 2233 1615 2256 i.
1630 2230 1894 2266 Quidquidfeceritis.
1965 2229 2039 2256 Idem
2047 2238 2090 2262 29,
2098 2237 2129 2264 27
2149 2230 2203 2257 Ini-

49 2285 90 2304 ηε
101 2276 163 2304 solet
174 2276 237 2304 facit
264 2278 345 2306 Plaut.
358 2276 436 2304 Stich.
449 2285 474 2308 2,
486 2285 513 2310 4,
530 2277 567 2301 16.
671 2273 739 2299 Ter.
753 2270 828 2298 Adel.
843 2279 871 2304 4,
885 2276 911 2304 7,
925 2277 953 2301 32
990 2269 1029 2294 Ita
1044 2277 1086 2294 me
1151 2268 1285 2295 micorum
1300 2267 1469 2301 hostiumque
1482 2266 1696 2293 vlciscendorum
1709 2266 1812 2301 copiam
1826 2264 1930 2296 faxitis,
1948 2264 1992 2291 vbi
2005 2268 2078 2291 etiam
2085 2265 2202 2301 Praesen-

4 2329 8 2333 «
48 2309 75 2345 di
88 2318 186 2345 ament,
207 2318 236 2340 vt
254 2313 335 2340 video
352 2321 402 2347 ego
419 2318 492 2339 tuam
514 2309 655 2345 ineptiam,
674 2307 808 2334 faciurum
827 2304 921 2336 credo,
939 2305 973 2331 Vt
987 2302 1084 2330 habeas
1151 2307 1187 2331 tis
1201 2301 1362 2330 Coniunfliui
1374 2305 1425 2329 uim
1439 2302 1519 2329 habet.
1624 2301 1701 2328 Faxit
1716 2312 1721 2327 :
1758 2302 1826 2328 Ter.
1841 2301 1938 2327 Heaut.
1955 2309 1975 2333 1,
1991 2309 2009 2331 1,
2025 2309 2071 2333 109
2092 2301 2202 2327 Vtinam

5 2359 19 2369 w
45 2347 150 2383 quicum
163 2348 280 2376 cantites.
351 2350 434 2375 Etiam
445 2351 473 2374 in
483 2347 530 2374 bac
541 2349 638 2374 ratione
654 2346 689 2371 Vt
700 2346 842 2375 omittitur,
861 2341 942 2367 Plaut.
955 2340 1016 2366 Aul.
1031 2348 1054 2372 3,
1069 2349 1087 2370 1,
1152 2340 1190 2366 ita
1202 2338 1228 2365 di
1243 2339 1337 2365 faxint.
1408 2338 1490 2364 Plaut.
1505 2337 1600 2372 Amph.
1615 2346 1640 2369 2,
1655 2346 1675 2369 1,
1688 2342 1725 2369 85.
1815 2337 1912 2363 Faxem
1922 2343 1971 2372 pro
1988 2335 2099 2369 Fecffim
2119 2337 2202 2364 Plaut.

1 2382 19 2415 ι]
44 2390 62 2410 2
80 2383 128 2410 Fac
138 2389 251 2418 pateant.
328 2384 396 2411 Ter.
411 2385 475 2410 Euri.
491 2392 515 2414 z,
529 2391 550 2414 3,
565 2387 590 2412 18
610 2382 659 2407 Fac
674 2380 705 2406 sis
719 2388 787 2406 nunc
801 2377 923 2413 promissa
937 2381 1088 2410 appareant.
1152 2375 1242 2402 Pseud.
1258 2384 1276 2406 1,
1289 2383 1312 2408 5,
1327 2380 1369 2407 84.
1418 2373 1499 2400 Facfit
1509 2394 1516 2405 ‚
1532 2379 1581 2408 pro
1597 2374 1775 2409 Faxitfimper
1787 2370 1820 2406 est
1832 2375 1860 2399 in
1873 2373 1992 2406 Inscript.
2005 2373 2097 2406 Antiq.

6 2420 13 2458 ἰ
43 2417 124 2449 Plaut.
138 2420 233 2454 Amph.
249 2429 268 2451 1,
283 2429 304 2453 1,
318 2428 366 2454 ²34
385 2421 422 2445 Vt
434 2419 523 2448 lubet,
544 2416 616 2452 quod
635 2415 688 2442 tibi
708 2414 797 2444 lubet,
816 2413 872 2443 fac,
892 2412 1020 2446 quoniam
1043 2418 1089 2445 pu-
1107 2414 1143 2439 60
1194 2416 1384 2442 FAC1ENS,
1404 2409 1481 2436 entis.
1507 2409 1600 2435 Partic.
1635 2408 1786 2443 [πράττων]
1822 2409 1922 2435 Vinum
1941 2408 2039 2434 faciens
2062 2407 2200 2442 ingenium

41 2454 98 2488 gnis
114 2454 170 2489 plus
182 2456 262 2482 vales.
369 2455 426 2480 Cic.
440 2454 472 2480 de
484 2453 585 2479 Sene&
599 2460 612 2483 3
632 2451 736 2477 Faciam
745 2458 812 2476 vero
826 2447 916 2479 Laeli,
933 2447 1091 2482 praesertim
1155 2446 1242 2474 Ouid..
1252 2447 1316 2472 Met.
1330 2453 1357 2481 7,
1370 2453 1424 2478 433.
1495 2444 1576 2471 Venti
1589 2444 1714 2471 facientes
1727 2444 1830 2478 frigora
1850 2443 1924 2469 Idem
1937 2442 2004 2469 ibid.
2017 2451 2037 2473 1,
2050 2445 2088 2475 56.
2145 2444 2202 2470 Pas-

41 2489 60 2516 fi
73 2491 181 2525 vtrique
196 2488 313 2517 vestriim
325 2495 438 2523 gratum,
458 2490 494 2514 Vt
508 2487 589 2519 dicis,
611 2486 732 2513 futurum
747 2485 792 2511 est.
828 2491 855 2511 L.
873 2483 1004 2510 Volumus
1018 2483 1086 2514 sane,
1154 2484 1195 2509 sus
1210 2482 1347 2516 strepitum
1362 2481 1460 2507 faciens
1481 2480 1563 2508 Ouid.
1579 2479 1665 2507 Trist.
1681 2490 1703 2512 3,
1715 2487 1742 2514 7,
1757 2482 1795 2511 36.
1822 2483 1824 2487 ’
1865 2478 1999 2505 Facientcs
2018 2479 2054 2504 DI
2073 2478 2201 2505 adiuuant

38 2524 88 2552 nisi
102 2525 240 2551 molestum
252 2524 289 2550 est
301 2525 376 2550 Cato.
413 2529 443 2551 c.
458 2523 562 2550 Faciam
576 2523 611 2549 Vt
624 2528 717 2557 potero
729 2520 812 2548 Laeli.
917 2518 1026 2545 Vtiliter
1039 2518 1087 2545 ali—
1149 2518 1204 2545 vid.
1217 2518 1285 2544 modo
1298 2520 1325 2544 in
1341 2524 1436 2544 FAcio
1450 2525 1476 2542 n.
1489 2525 1528 2548 23.

41 2560 108 2595 quid
121 2559 230 2586 consilio
243 2567 377 2594 manuque
395 2559 477 2587 Ouid.
491 2560 553 2586 Met.
572 2567 604 2590 13,
618 2560 676 2584 206.
780 2557 851 2582 Vuas
860 2574 867 2586 ,
886 2554 1030 2582 Labruscas
1039 2574 1048 2586 ,
1067 2557 1086 2580 ι’.
1189 2561 1206 2580 r
1216 2561 1236 2580 Α
1246 2560 1263 2579 c
1272 2560 1293 2579 T
1303 2560 1323 2579 v
1334 2560 1361 2583 s,
1379 2561 1409 2584 a,
1436 2561 1491 2577 um.
1520 2549 1602 2577 Aliud
1619 2549 1713 2576 Partic.
1750 2549 1954 2584 [πεπραγμένος]
1990 2550 2029 2575 De
2040 2558 2067 2575 re
2081 2548 2201 2584 absoluta.

37 2595 114 2632 serre
132 2595 245 2635 Vulgata
256 2595 329 2621 Iesai.
345 2602 366 2628 5,
378 2603 400 2622 2.
503 2594 635 2624 Vulnera,
655 2592 720 2629 quod
739 2598 763 2619 et
780 2592 890 2619 Vulnera
907 2590 1006 2626 inferre
1025 2590 1087 2616 dici·
1097 2593 1130 2624 65
1156 2590 1192 2617 Vt
1204 2588 1281 2615 Fadia
1297 2594 1322 2614 et
1336 2587 1465 2614 transaela
1478 2586 1569 2612 omnia
1586 2586 1655 2611 Ter.
1666 2583 1747 2610 Andr.
1761 2593 1781 2615 1,
1795 2592 1816 2616 5,
1830 2593 1869 2618 ¹4·
1940 2584 2033 2610 Fadius
2053 2584 2086 2610 ad
2105 2585 2200 2612 ludum

41 2637 94 2656 eur.
131 2630 191 2656 Liu.
205 2638 238 2662 31,
251 2639 284 2664 34
302 2630 372 2657 Ν3111
384 2631 432 2666 qui
446 2630 525 2658 hastis
543 2629 711 2664 sagittisque,
732 2632 758 2655 et
780 2627 831 2654 lata
851 2626 949 2652 laureis
969 2625 1087 2652 Vulnera
1151 2630 1178 2650 et
1191 2624 1281 2649 iocum
1297 2633 1302 2648 :
1337 2623 1361 2648 h.
1374 2632 1393 2649 e.
1413 2623 1515 2653 Natus,
1535 2619 1603 2656 quast
1615 2629 1630 2646 a
1642 2619 1842 2655 naturasac'sus.
1879 2619 1935 2645 Cic.
1945 2619 2023 2651 offa,
2035 2629 2077 2652 103
2100 2620 2199 2655 Neque

42 2665 113 2692 [3613
133 2665 269 2697 vidissent,
289 2673 334 2692 etc.
360 2666 443 2693 Ouid,
469 2667 535 2692 Met,
555 2673 576 2697 3,
592 2673 647 2696 232.
843 2660 864 2696 fl
883 2669 917 2686 22.
952 2659 1087 2694 Supersunt
1152 2658 1224 2684 enim
1238 2658 1275 2683 ita
1286 2657 1403 2692 generati
1415 2665 1430 2683 a
1441 2663 1533 2682 natura
1547 2656 1649 2687 sumuS,
1666 2661 1696 2682 vt
1708 2655 1740 2682 ad
1755 2655 1846 2681 ludum
1860 2661 1885 2684 et
1901 2655 1989 2681 iocum
2008 2655 2074 2682 faeti
2093 2657 2141 2682 ess'e
2158 2657 2200 2683 vi-

40 2701 220 2736 obseruationes
228 2701 438 2736 variae‚vt‚quod
450 2702 546 2727 Facere
560 2702 676 2735 iungitur
688 2700 762 2724 etia-m
776 2705 829 2722 cum
843 2695 972 2721 Ablatiuo.
1003 2695 1085 2720 Plaut.
1153 2692 1277 2724 deamur,
1298 2692 1340 2718 sed
1356 2692 1386 2719 ad
1401 2691 1567 2719 seueritatem
1581 2692 1678 2725 potius.
1775 2691 1830 2717 Cic.
1845 2690 1877 2716 de
1892 2691 1921 2716 L.
1935 2692 1998 2725 Agr.
2011 2700 2035 2719 2.
2051 2700 2063 2724 5
2077 2701 2098 2717 c.
2114 2702 2125 2724 3
2147 2692 2200 2719 Cui

42 2736 127 2763 Calin.
141 2744 163 2769 5,
176 2746 204 2769 4,
219 2739 235 2763 6
253 2735 327 2770 Quid
341 2736 427 2763 fecisti
439 2737 569 2770 scipione,
588 2740 633 2760 aut
646 2732 718 2768 quod
730 2730 845 2758 habuisti
859 2729 969 2764 pallium
982 2730 992 2755 ἓ
1053 2730 1086 2755 Et
1149 2735 1239 2755 errato
1252 2728 1324 2754 nulla
1338 2727 1416 2754 venia
1425 2748 1432 2760 ,
1457 2728 1529 2754 reete
1541 2727 1613 2753 facio
1628 2727 1724 2760 exigua
1737 2725 1792 2752 laus
1805 2733 1831 2752 et
1844 2725 1876 2752 ab
1894 2726 1987 2753 inuitis
2007 2728 2120 2761 expressa
2138 2737 2199 2762 prof.-

27 2780 68 2810 3v.
82 2780 99 2805 9
119 2772 193 2806 Qun
205 2772 349 2806 responde,
368 2778 416 2799 tuo
428 2772 494 2806 quid
506 2771 606 2798 fae'tum
621 2769 657 2796 est
669 2767 775 2803 pallio?
845 2766 941 2792 Facere
959 2774 1012 2790 cum
1026 2763 1086 2800 Infi-
1099 2777 1136 2805 70
1149 2764 1269 2799 ponitur.
1312 2763 1435 2790 Videntur
1466 2763 1582 2789 Ablatiui
1607 2762 1727 2798 absoluti,
1740 2761 1766 2795 fi
1802 2761 1863 2798 quid
1889 2770 2014 2795 erratum,
2030 2762 2136 2798 jac-lum
2151 2762 2200 2797 fit.

27 2800 131 2847 &titium
167 2807 221 2834 Mel
236 2808 353 2834 Atticum
367 2816 408 2834 ter
419 2807 552 2834 inseruere
564 2805 646 2832 facito
671 2803 776 2830 Colum.
792 2810 829 2834 12,
843 2806 879 2834 38.
924 2801 1085 2827 Macrescere
1149 2799 1282 2834 Quinetil.
1297 2801 1324 2832 6,
1337 2807 1359 2831 3,
1373 2806 1390 2834 7
1411 2799 1507 2833 Neque
1520 2798 1591 2824 enim
1604 2803 1678 2824 acute
1691 2803 1793 2824 tantum
1805 2806 1834 2824 ac
1847 2797 1969 2829 venuste,
1989 2798 2031 2824 sed
2044 2798 2131 2831 stulte,
2147 2800 2201 2826 ira-

34 2842 104 2870 'facit
113 2843 234 2870 volucres
241 2843 351 2870 inclusas
373 2845 458 2870 Van-0
466 2843 596 2874 R,R.3,5.
667 2838 786 2873 Qiinati
793 2846 882 2863 coram
889 2845 931 2862 me
938 2835 1086 2862 cernerele-
1149 2835 1250 2868 eunde,
1266 2834 1361 2861 timide
1384 2833 1454 2860 dicia
1475 2840 1520 2860 aut
1541 2833 1611 2860 faeta
1623 2833 1752 2860 ridentur.
1849 2833 1895 2860 Sed
1908 2834 1969 2860 Liu.
1986 2843 2006 2866 1,
2020 2837 2051 2867 56
2068 2835 2097 2860 αἐ·
2110 2836 2188 2861 Bruto

36 2883 98 2906 ,tum
106 2878 346 2913 Fecisti‚etpatrios
354 2879 465 2905 foedasti
473 2876 660 2905 funerevultus
668 2874 899 2909 Virg.Aen.2,538.
935 2871 1086 2905 QemHo-
1149 2872 1219 2906 Ergo
1239 2879 1270 2897 ex
1289 2870 1418 2897 industria
1439 2869 1524 2896 factus
1543 2869 1576 2895 ad
1596 2869 1777 2896 imitationem
1796 2868 1939 2901 stultitiae,
1960 2879 2042 2904 quum
2063 2871 2087 2897 se
2101 2855 2200 2905 suaque,

43 2922 130 2941 merus
149 2915 288 2941 conueniri
302 2914 370 2949 apud
383 2915 484 2941 inferos
497 2913 561 2940 facit
571 2912 604 2939 ab
617 2911 716 2943 Vlysse,
733 2913 751 2937 i.
763 2909 846 2946 fingit
867 2907 1008 2935 Cic.N.D.
1024 2916 1045 2939 3,
1055 2915 1086 2940 41
1149 2906 1260 2943 praedae
1274 2907 1322 2933 effe
1333 2905 1390 2941 regi
1405 2905 1514 2937 sineret,
1533 2912 1579 2931 etc.
1688 2905 1728 2931 Ad
1749 2914 1864 2939 vnguem
1885 2905 1968 2932 faetus
1986 2907 2083 2938 homo,
2104 2910 2122 2932 i.
2140 2908 2199 2933 Per—

43 2957 68 2975 ε.
81 2952 119 2989 16.
187 2951 327 2984 Isocratem
349 2950 423 2976 Plato
446 2949 549 2976 laudari
571 2947 635 2974 fecit
657 2956 671 2973 3
696 2947 801 2972 Socrate
831 2943 870 2970 Id.
889 2943 918 2970 in
933 2944 1007 2970 Orat.
1023 2952 1044 2969 c.
1059 2944 1084 2969 6.
1102 2952 1135 2980 75
1144 2942 1234 2980 sebius
1252 2943 1320 2969 Hor.
1334 2942 1415 2969 Serm.
1431 2950 1451 2973 1,
1465 2948 1487 2974 5,
1500 2949 1534 2973 33.
1642 2941 1755 2975 Agmine
1768 2940 1840 2966 facio
1853 2949 1932 2967 ruere
1961 2942 2032 2976 Virg.
2045 2943 2109 2968 Aen.
2124 2951 2142 2971 i,
2157 2943 2196 2972 86.

12 2994 13 2997 *
46 2984 120 3011 Fecit
133 2985 207 3012 seruo
221 2985 343 3012 decessisse
356 2985 484 3020 populum
508 2985 577 3011 Ter.
591 2984 685 3010 Heaut.
700 2981 769 3008 Prol.
782 2990 808 3007 v.
824 2988 861 3012 31.
967 2979 1026 3005 Sen.
1039 2978 1086 3013 Ep.
1151 2980 1298 3014 Argentum
1311 2977 1379 3004 bene
1391 2977 1491 3003 saelum
1512 2976 1568 3003 Cic.
1582 2977 1658 3006 Verr.
1671 2985 1696 3007 2,
1709 2982 1745 3008 83.
1817 2978 1857 3003 Sic
1877 2977 2022 3011 Argentum
2042 2979 2143 3012 optime
2161 2977 2200 3004 fa.

49 3027 92 3059 ¹¹‚4
110 3020 262 3054 reprehendit
275 3025 302 3048 in
316 3024 442 3048 Arruntio
451 3043 460 3057 ‚
507 3029 554 3047 uae
566 3019 656 3046 audita
670 3016 868 3044 Panormitanos
880 3013 976 3041 dedere
988 3015 1085 3041 Roma·
1151 3014 1225 3041 Gtum
1241 3014 1298 3041 Cic.
1312 3015 1390 3040 Verr.
1404 3020 1478 3047 4‚37.
1549 3013 1640 3047 Nempe
1653 3012 1775 3046 differunt
1788 3013 1934 3046 Argentum
1948 3013 2063 3045 facium,
2081 3020 2105 3039 et
2116 3013 2198 3046 signa-

49 3062 90 3080 11111
103 3053 200 3086 facere,
225 3058 243 3096 i:
256 3063 283 3083 ut
290 3057 319 3092 se
332 3056 453 3084 dederent.
560 3056 601 3083 Sic
615 3055 665 3081 Fac
685 3053 749 3083 esse,
764 3060 820 3078 non
832 3051 894 3082 esst,
910 3057 955 3077 etc.
974 3053 993 3077 i.
1008 3051 1086 3087 Finge
1150 3056 1216 3077 tum.
1254 3049 1335 3080 Illud,
1352 3051 1448 3075 dicitur
1470 3046 1663 3083 FabrefaHum,
1681 3054 1711 3075 vt
1731 3055 1872 3074 numeretur
1890 3047 2075 3084 inficpclleciile
2090 3059 2097 3073 :
2134 3049 2196 3079 Hoc,

5 3123 7 3129 Ι
49 3089 90 3115 uel
104 3089 176 3116 Pone.
209 3091 263 3118 Cic.
275 3093 347 3119 Fam.
361 3102 386 3126 9,
400 3095 428 3119 16
448 3093 549 3120 Verum
562 3091 603 3118 fac
616 3091 665 3117 e‘l'e
678 3088 777 3116 omnia.
848 3086 923 3113 Idem
935 3085 1049 3121 Philipp.
1069 3094 1086 3112 2
1149 3084 1287 3118 Percuffiaem
1296 3084 1385 3119 forma
1394 3084 1512 3119 publica,
1533 3085 1574 3110 vel
1604 3085 1634 3110 [n
1655 3093 1740 3110 numos
1750 3083 1900 3118 formatum.
1955 3084 2012 3109 Sen.
2025 3083 2056 3109 de
2072 3083 2162 3110 Benef.
2176 3092 2198 3115 1,

50 3132 73 3150 c.
87 3132 122 3157 24
138 3123 190 3164 §ed
201 3124 240 3166 fae
252 3131 277 3154 te
290 3127 384 3155 dediffe
396 3128 475 3156 mihi,
673 3123 693 3162 q
713 3133 743 3157 23
768 3124 863 3150 Facere
871 3129 920 3158 pro
928 3122 1085 3158 fiicrificare.
1101 3126 1133 3152 80
1151 3130 1176 3148 12
1197 3121 1336 3148 Libentius
1357 3119 1426 3146 dabo
1452 3125 1590 3154 argentum
1613 3118 1713 3146 fae‘lum
1737 3127 1817 3154 quain
1839 3118 1964 3152 signatum
1978 3129 1983 3144 :
2020 3119 2083 3153 quia
2096 3119 2198 3145 scilicet

6 3191 9 3195 .
48 3160 146 3200 Iunoni
159 3159 368 3203 Sospitae-facere
381 3173 472 3191 omnes
486 3169 567 3191 coss.
584 3162 680 3188 necesse
694 3160 731 3187 est
749 3160 805 3186 Cic.
820 3167 869 3194 pro
881 3159 952 3185 Mur.
965 3164 1029 3184 extr.
1054 3158 1085 3184 Et
1149 3157 1251 3184 diutius
1264 3156 1395 3182 memoria
1405 3154 1531 3182 beneficii
1545 3154 1646 3182 extabit
1660 3166 1665 3181 z
1702 3163 1785 3191 quum
1799 3154 1864 3181 illud
1879 3155 1998 3180 seruetur
2007 3174 2013 3184 ‚
2033 3154 2083 3180 hoc
2103 3163 2197 3189 expen-

49 3203 193 3230 qUOmam,
208 3200 236 3222 vt
253 3205 337 3230 aiunt,
352 3201 388 3226 DI
405 3200 531 3227 facientes
548 3198 692 3228 adiuuant,
709 3196 781 3231 prius
798 3195 923 3221 inuocato
946 3202 991 3219 eos
1009 3194 1086 3220 Varr.
1149 3193 1233 3219 datur.
1276 3191 1334 3219 Vid.
1359 3194 1386 3217 in
1410 3198 1529 3218 AVRVM
1550 3200 1575 3217 n.
1590 3200 1612 3217 2.
1728 3191 1829 3217 Cancer
1848 3190 1932 3216 sacius
1953 3190 2074 3217 Scribon.
2090 3193 2130 3222 63.
2166 3190 2196 3215 de

17 3247 19 3250 ·
49 3231 83 3257 R·
96 3230 126 3256 R·
142 3239 161 3261 Ι,
175 3238 194 3270 ¹:
263 3233 351 3266 Qum
363 3235 520 3263 inducerent
533 3243 646 3270 puerum
658 3234 743 3259 Iesum
755 3236 874 3266 parentes
888 3229 958 3260 eius,
977 3233 1006 3255 vt
1017 3228 1085 3255 face·
1148 3228 1240 3255 morbo.
1311 3227 1469 3263 Crepuscula
1487 3226 1555 3253 [3613
1569 3226 1646 3253 terris
1666 3226 1747 3253 Ouid.
1761 3225 1838 3261 Epist.
1855 3235 1893 3259 14,
1905 3234 1942 3252 21.
2014 3226 2099 3252 Dolor
2112 3224 2197 3252 faetus

48 3271 109 3306 rent
122 3266 241 3306 pro-ipso
257 3267 366 3306 Vulgata
377 3272 439 3298 Luc.
447 3281 473 3305 2,
486 3277 524 3303 28.
578 3271 670 3304 Quum
683 3268 779 3295 faciam
792 3266 878 3293 vitula
890 3274 939 3300 pro
952 3263 1087 3304 frugibus,
1149 3263 1270 3291 Scribon.
1284 3272 1333 3289 101.
1405 3262 1526 3290 Ebiscum
1540 3262 1639 3289 [38111111
1658 3262 1778 3289 Scribon.
1792 3267 1832 3292 80.
1851 3265 1869 3288 i.
1880 3268 2066 3297 praeparatum.
2138 3263 2196 3293 Sic,

49 3302 104 3335 lpse
118 3307 210 3327 venito
228 3302 302 3337 Vlrg.
318 3305 368 3332 Ecl.
380 3315 402 3339 3,
415 3315 459 3344 27.
554 3305 650 3333 Catulo
663 3305 749 3331 facere
767 3302 873 3330 Colum.
886 3310 898 3334 3
907 3321 916 3333 ,
936 3309 971 3327 21.
1043 3300 1086 3326 Bi-
1102 3304 1132 3332 85
1150 3299 1298 3329 Verbenae,
1311 3298 1414 3325 Pulmo.
1518 3300 1608 3325 Funus
1622 3298 1727 3332 egregie
1741 3298 1842 3325 faCtum
1881 3298 1948 3324 Hor.
1963 3297 2043 3323 Serm.
2056 3305 2086 3328 2,
2099 3304 2127 3329 5,
2143 3303 2195 3330 105.

50 3336 140 3377 dentes
158 3336 245 3362 facere
268 3337 358 3367 Laber.
379 3361 385 3367 .
402 3362 409 3369 ,
431 3363 438 3370 ,
508 3342 600 3373 Mulfi,
627 3340 776 3375 congialem
795 3338 899 3373 plenam
920 3335 1017 3363 faciam
1034 3334 1086 3365 tibi
1150 3336 1242 3362 Homo
1255 3340 1326 3362 totus
1339 3343 1370 3361 ex
1385 3334 1479 3361 fraude
1493 3340 1518 3360 et
1531 3333 1669 3361 mendacio
1681 3334 1765 3361 faetus
1785 3334 1841 3361 Cic.
1849 3342 1897 3368 pro
1911 3333 2014 3360 Cluent.
2024 3339 2066 3366 72.
2138 3333 2196 3359 Ho-

47 3371 166 3413 flfffelffim
183 3371 265 3398 Plifflt·
279 3373 338 3400 Affl-
350 3384 377 3409 4,
390 3385 414 3408 2,
428 3385 462 3411 15.
530 3379 573 3406 Sic
584 3380 657 3404 etiam
672 3374 735 3409 Paffi
763 3374 813 3401 Fio
843 3373 902 3400 Liu.
930 3380 974 3404 22,
996 3380 1024 3397 10
1041 3377 1086 3406 pr.
1149 3380 1198 3397 nos
1214 3371 1298 3397 faetus
1311 3371 1363 3397 aris
1380 3371 1455 3404 Virg.
1470 3371 1535 3396 Aen.
1548 3378 1578 3403 5,
1597 3372 1656 3405 763.
1764 3370 1860 3396 Oratio
1879 3368 1964 3400 fadia,
1984 3367 2037 3393 vid.
2058 3373 2194 3395 ORATIO-

49 3409 107 3435 Clc-
121 3409 173 3434 Att.
190 3415 259 3447 1³¹!2.
358 3412 426 3449 *Huc
437 3416 511 3440 etiam
523 3413 669 3449 referendus
681 3411 781 3438 videtur
793 3411 880 3436 Varro
895 3407 928 3434 de
942 3408 973 3434 R.
988 3407 1019 3433 R.
1035 3409 1086 3439 1,!1,
1149 3408 1199 3434 Pax
1213 3407 1283 3434 fabia
1302 3406 1377 3441 Virg.
1392 3408 1458 3432 Aen.
1473 3414 1496 3439 5,
1510 3411 1565 3441 587.
1680 3405 1775 3432 Pocula
1789 3406 1891 3431 summo
1903 3403 2018 3429 artificio
2032 3402 2101 3429 fae'ta
2138 3403 2196 3430 Cic.

50 3453 70 3478 4
95 3444 126 3470 Εἴ
137 3452 280 3483 q¹¹⁰¹¹¹²3¹¹¹⁷
300 3447 329 3469 Vt
342 3451 427 3480 aiunt,
444 3449 495 3475 Dei
508 3449 632 3476 facientes
646 3447 781 3476 adiuuant,
800 3446 872 3480 prius
884 3442 1017 3470 inuocabo
1031 3451 1085 3469 eos.
1150 3444 1226 3470 Verr.
1246 3453 1275 3475 4,
1293 3447 1318 3474 38
1336 3452 1357 3469 c.
1379 3447 1412 3472 18.
1506 3441 1663 3476 Prodigium
1682 3441 1812 3468 diuinitus
1831 3439 1931 3466 saelum
1959 3438 2091 3472 Qiinelil.
2105 3447 2130 3469 1,
2157 3448 2194 3465 10.

35 3508 38 3509 γ
49 3479 152 3507 Pulchre
161 3480 281 3522 'Erasmus
293 3477 337 3504 hoc
345 3485 393 3513 pro
406 3485 512 3518 generali
517 3484 644 3520 sententia
657 3485 750 3518 acct'pit
762 3484 789 3508 in
802 3490 854 3507 eam
859 3480 1018 3519 sententiam,
1039 3487 1086 3514 qua
1096 3483 1132 3509 90
1149 3478 1243 3505 Pulmo
1264 3478 1348 3505 faetus
1375 3477 1494 3504 Scribon.
1522 3480 1566 3512 76.
1590 3480 1610 3503 i.
1623 3483 1732 3512 paratus
1743 3476 1777 3503 ad
1788 3475 1855 3510 usum
1867 3473 1992 3500 medicum.
2107 3474 2196 3501 Scelus

49 3515 122 3551 uulgo
137 3514 231 3557 dicztur
251 3515 304 3540 Ora
321 3519 346 3540 et
359 3514 456 3557 labora.
469 3519 492 3553 s.
507 3529 592 3546 manus
606 3522 679 3546 etiam
691 3516 853 3545 admouendus
865 3514 908 3549 este
915 3514 1086 3551 precantibus.
1147 3514 1234 3549 palam
1249 3514 1350 3540 factum
1368 3513 1499 3548 Qiinefil.
1512 3522 1534 3547 5,
1547 3522 1584 3540 10.
1657 3512 1751 3539 Succus
1766 3511 1848 3537 faetus
1868 3509 1987 3536 Scribon.
2001 3517 2058 3542 104.
2131 3510 2195 3544 Sup-

52 3551 83 3577 Et
106 3550 168 3593 banc
185 3556 258 3592 enam
283 3550 406 3576 Varronis
424 3555 502 3580 animo
518 3555 668 3592 obuersatam
683 3552 759 3590 fuiffi
767 3552 918 3589 sententiam
930 3550 1050 3583 dicerem,
1060 3548 1085 3583 fi
1147 3550 1254 3583 putatio
1267 3550 1337 3576 faela
1354 3549 1393 3576 Id.
1407 3559 1452 3582 40.
1569 3551 1601 3577 In
1616 3549 1691 3576 MSS.
1698 3552 1875 3582 permutantur
1893 3544 1971 3572 Facta
1984 3544 2104 3572 etl‘aela:
2130 3546 2195 3572 Dra-

45 3583 102 3628 pqst
114 3592 290 3628 inuocatmnem
299 3584 405 3627 'deorum
416 3586 490 3613 verba
504 3588 546 3616 illa
558 3589 679 3626 pofiiiſjet.
723 3591 796 3615 Nunc
809 3587 904 3624 quando
917 3593 975 3613 ante
986 3589 1085 3612 inuoca-
1147 3585 1227 3612 kenb.
1242 3585 1276 3612 ad
1288 3585 1333 3612 Sil.
1349 3593 1391 3620 17,
1408 3593 1451 3620 79.

51 3628 139 3648 tionem
165 3628 255 3656 ponit,
275 3620 376 3647 videtur
408 3621 452 3647 hoc
483 3624 556 3661 velle,
572 3626 619 3652 Dii
634 3626 712 3662 sacra
726 3623 778 3659 fibi
797 3624 924 3650 facientes
949 3621 1084 3648 adiuuant.
1185 3626 1315 3647 FACTv
1325 3628 1349 3647 M
1358 3641 1366 3653 ,
1388 3621 1407 3647 i.
1434 3630 1460 3647 n.
1498 3619 1546 3653 [τδ
1565 3617 1696 3655 πραχθὲν,
1715 3615 1818 3652 πράξω]
1854 3613 1932 3647 Subli.
1970 3616 2092 3649 Facinus,
2116 3616 2195 3649 afflo,

1 3680 18 3703 μ
53 3656 129 3690 Apul.
140 3686 143 3688 ¹
154 3657 217 3684 Met.
241 3665 263 3683 11
289 3665 312 3690 p.
328 3659 388 3687 269,
401 3666 420 3690 4
452 3657 529 3684 Mane
539 3660 636 3688 fabium
650 3660 700 3691 est,
717 3665 743 3686 et
761 3658 886 3694 perfectis
906 3655 1086 3686 sollemnibus,
1101 3663 1133 3690 95
1148 3656 1270 3691 quidquid
1274 3654 1378 3692 fastum
1392 3655 1434 3689 est.
1470 3655 1666 3688 Succeduntque
1677 3652 1728 3678 suis
1742 3651 1840 3686 singula
1852 3651 1920 3679 faGta
1932 3652 1998 3678 locis
2017 3652 2194 3679 Ouid.Trist.

0 3696 27 3743 (Ι
51 3691 166 3734 propelli..
235 3691 381 3735 Addgffio:
573 3692 593 3731 q
614 3705 649 3729 24
684 3697 780 3723 Facere
798 3693 832 3728 est
844 3694 945 3725 docere,
959 3692 1085 3728 formare.
1150 3701 1170 3724 3,
1182 3701 1209 3725 4,
1222 3696 1259 3724 58.
1376 3692 1441 3718 Non
1455 3691 1595 3718 hominum
1609 3688 1697 3718 video,
1721 3695 1776 3713 non
1787 3696 1837 3722 ego
1852 3687 1921 3714 facia
1934 3687 2016 3714 boum
2037 3689 2117 3715 Ouid.
2129 3689 2193 3714 Her.

7 3744 10 3748 -
24 3746 27 3767 Ι
53 3727 198 3768 Sen.}}p1st.
209 3735 244 3762 27
260 3728 289 3753 de
304 3730 408 3768 beru-is,
425 3728 523 3762 Magno
535 3731 621 3768 emisse
633 3731 709 3758 illum
719 3751 727 3763 ‚
747 3740 802 3758 non
822 3730 858 3756 est
877 3728 950 3764 quod
971 3727 1086 3754 mireris.
1152 3736 1190 3756 10,
1205 3729 1248 3752 60.
1266 3728 1284 3752 i.
1298 3735 1373 3762 agros
1386 3728 1464 3753 cultos
1479 3734 1552 3761 opera
1565 3726 1688 3759 hminum
1703 3729 1726 3749 et
1737 3722 1814 3750 boum.
1930 3724 2005 3750 Mens
2024 3723 2072 3750 sibi
2092 3722 2194 3749 conscia

10 3791 11 3797 Ι
54 3761 116 3789 Non
128 3769 264 3790 inuenerat
279 3774 285 3790 :
320 3762 455 3790 faciendos
470 3763 576 3789 locauit.
664 3769 701 3793 De
714 3766 794 3793 eadem
806 3775 833 3792 re
848 3766 917 3799 Nep.
933 3764 987 3790 Art.
1005 3772 1046 3795 12,
1068 3772 1087 3796 4
1150 3762 1216 3788 faeti
1234 3762 1355 3788 stimulos
1369 3761 1477 3789 adhibet
1508 3763 1609 3787 Lucret.
1624 3767 1650 3791 3,
1665 3767 1728 3790 1031.
1834 3759 1894 3785 Dux
1907 3759 2008 3785 femina
2019 3759 2084 3785 fae‘ti
2116 3759 2193 3791 Virg.

0 3797 13 3826 Γ
26 3819 27 3822 =
56 3795 147 3838 Neqqe
165 3798 262 3826 horum
281 3805 369 3842 tqmen
389 3807 563 3841 quemquam,
582 3798 629 3825 nifi
648 3801 826 3828 dominatum
845 3800 974 3835 domique
988 3798 1088 3825 factum
1152 3799 1216 3824 Aen.
1232 3806 1251 3828 1,
1264 3799 1319 3829 363.
1427 3797 1503 3824 Fides
1517 3801 1587 3822 certa
1600 3793 1665 3820 fatffi
1678 3793 1718 3830 est·
1734 3794 1816 3821 Ouid.
1831 3795 1897 3822 Fast.
1911 3797 1935 3825 6,
1944 3798 2005 3827 609.
2118 3792 2194 3818 Idem

0 3845 5 3851 0
25 3846 27 3855 Ι
54 3830 167 3876 11313111τὶΙ
185 3836 224 3861 De
231 3834 314 3875 struis
329 3836 447 3861 literam.
495 3860 498 3864 ,
580 3868 585 3873 .
640 3833 661 3870 ἦ
679 3844 708 3868 25
743 3838 852 3868 Facere,
873 3836 901 3863 de
911 3833 1054 3871 pistoribus
1066 3839 1143 3860 ctioo
1152 3834 1217 3860 Met.
1229 3835 1253 3863 6,
1269 3839 1319 3867 574
1338 3834 1374 3860 Os
1388 3840 1490 3860 mutum
1505 3830 1568 3857 faeti
1583 3836 1653 3856 caret
1668 3830 1766 3856 Indice.
1881 3831 2000 3856 Praemia
2013 3827 2077 3854 faffi
2111 3827 2193 3854 Ouid.

48 3864 196 3909 staguqrw
226 3871 305 3910 *Fecit
320 3876 346 3896 et
357 3870 483 3905 puberem
498 3868 651 3909 Apollinem
688 3870 753 3898 Plin.
766 3881 809 3905 34,
847 3893 853 3900 ,
891 3891 897 3898 .
935 3870 1088 3897 Alcamanes
1150 3877 1182 3895 ex
1197 3870 1270 3894 Pont.
1287 3876 1310 3897 2,
1324 3877 1345 3899 3,
1360 3877 1393 3900 13.
1466 3866 1578 3893 Audacis
1591 3865 1657 3891 faeti
1670 3866 1787 3892 conscius
1806 3865 1881 3900 Virg.
1895 3867 1959 3892 Aen.
1975 3875 2008 3896 11,
2022 3869 2071 3892 812-
2143 3863 2193 3888 Eo-

53 3901 158 3946 Phldiae
171 3903 312 3947 discipulus
326 3911 351 3932 et
364 3914 512 3933 marmorea
526 3905 588 3931 fecit
608 3903 646 3930 ib.
701 3905 932 3938 FACIEBAT,
950 3905 1088 3942 adscribere
1151 3913 1215 3931 num
1230 3902 1327 3929 fac'tum
1337 3923 1345 3935 ,
1364 3903 1416 3930 vid.
1437 3908 1558 3930 BONVS.
1627 3901 1786 3928 Detestabile
1802 3901 1894 3929 quen.
1907 3902 1957 3927 Sat.
1973 3909 2006 3931 13,
2021 3899 2074 3924 126.
2146 3897 2194 3923 Di-

53 3939 400 4009 ‘’c'zss‘f'fssess‘ssssssissssiffisi
412 3941 536 4012 3¹23}
553 3940 582 3966 ‘³²²
594 3939 1087 4009 wsb..lfssssffit‘sszissszssffiffltzffi
1151 3939 1361 4007 gissuwg.
1377 3942 1466 4006 ⁶25³·
1538 3936 1729 3998 1...Ηὲπὲἓέἷῆ
1741 3937 1874 3998 Ἥωξω·
1894 3933 2196 3995 6’ί....1,1ι.1ἵῖἶῖἶέῗ1ἶ

72 4028 78 4035 ·
94 4018 140 4042 ¹33-
334 4009 354 4048 ff
377 4015 410 4039 26
446 4013 556 4043 Facere,
574 4014 601 4038 in
625 4019 651 4037 re
669 4013 798 4037 amatoria.
833 4012 925 4044 Qiae,
953 4013 1016 4046 quia
1035 4020 1090 4037 non
1100 4018 1143 4046 105
1151 4010 1232 4039 Ouid.
1246 4010 1311 4038 Met.
1326 3982 1419 4042 9,)2755,
1523 3982 1650 4035 Miriibile
1666 4008 1741 4036 Idem
1756 4007 1822 4035 ibid.
1835 4017 1860 4039 4,
1875 4006 1937 4039 746.
2044 4003 2196 4029 Modestum

49 4041 145 4078 ‘iceat,
163 4054 218 4072 non
236 4046 315 4080 facit,
336 4048 382 4075 illa
401 4048 465 4075 facit
484 4046 566 4075 Ouid.
588 4047 678 4074 Amor.
693 4054 712 4078 3,
726 4055 754 4079 4,
770 4054 796 4079 4.
867 4045 942 4082 Conf.
957 4047 1042 4074 Burni.
1055 4046 1089 4074 ad
1454 4045 1477 4071 D
1498 4043 1516 4071 d
1534 4043 1551 4070 d
1572 4043 1588 4070 d
1626 4052 1640 4070 a
2064 4038 2192 4071 0111116111-
