2479 4225
33 175 100 220 829
417 165 456 207 G
543 165 577 209 R
666 164 709 206 Α·
1526 164 1566 207 G
1644 165 1677 204 R
1767 168 1806 209 A
2092 176 2163 222 330

33 258 104 286 mine
116 254 220 291 postrati
231 254 334 282 Lucret.
344 263 414 288 2,29.
485 255 640 283 Montanum
655 254 734 283 Ouid.
742 255 805 282 Met.
814 263 836 287 2,
844 258 916 287 841..
951 252 1061 280 Roscida
1123 254 1217 281 rabulae
1230 260 1253 280 ct
1266 252 1427 288 instrumenta
1442 254 1555 288 punica,
1573 256 1773 289 monumentaque
1785 264 1865 282 rerum
1880 256 2018 293 gestarum,
2036 258 2161 286 aHarum-

0 315 2 324 ,
31 291 165 321 claudae
177 292 251 325 Rapt.
265 292 381 325 Proserp.
396 300 421 323 2,
435 299 490 324 104.
601 292 741 318 Tenet-um
761 292 827 317 Hor.
839 291 922 316 carm.
938 297 965 321 4,
987 298 1022 321 η,
1037 298 1060 321 9.
1124 300 1167 325 qr:
1187 289 1341 323 allia-uantur
1354 300 1361 314 :
1385 291 1448 324 quod
1460 291 1479 316 ‘i
1491 291 1608 317 ablinum
1623 292 1710 316 Latine
1727 290 1872 325 appcdatur.
1910 295 2012 328 leian,
2029 295 2057 322 in
2068 295 2085 321 Ι,
2102 304 2159 322 mo.

32 326 119 356 viridi
137 326 162 352 se
181 326 297 360 gramine
310 326 385 352 vestit
403 327 478 353 tellus
498 326 593 361 Virgil.
607 328 704 361 Georg.
717 335 743 359 2,
763 334 818 358 2¹9·
889 324 989 350 Cant-ut
1007 333 1063 358 gra·
1125 334 1160 352 ris
1174 328 1208 351 eit
1230 327 1260 352 D.
1275 327 1305 352 de
1320 327 1420 360 poenis,
1434 324 1527 358 alffius«,
1545 326 1646 352 fortaffe
1660 326 1703 351 vel
1717 326 1993 359 grammatophylacio.
2140 341 2149 344 -

6 385 10 391 .
33 363 102 390 mina
116 361 186 389 Idem
198 361 294 395 Georg.
309 370 334 393 3,
349 370 400 395 325.
418 362 629 398 subaudiendum,
648 363 726 388 Rore.
819 360 935 393 Carpum
955 368 1061 393 gramen
1162 368 1181 387 G
1193 368 1208 386 u
1221 369 1241 387 A
1250 368 1270 386 Ν
1282 369 1302 387 A
1314 368 1332 387 R
1342 367 1373 387 iv
1383 367 1407 386 M
1416 379 1423 390 ‚
1458 360 1509 386 ivd.
1533 367 1554 387 G
1566 368 1582 387 R
1593 369 1613 387 A
1625 366 1645 386 Ν
1659 366 1678 386 ν
1691 367 1724 386 Μ.

33 398 95 433 equi
106 396 200 430 Virgil.
211 397 276 422 Aen.
291 405 316 429 9,
333 406 383 429 353.
453 397 571 424 Credunt
590 399 615 424 se
628 397 747 432 gramina
761 397 788 424 in
802 404 885 421 nouos
900 395 982 427 soles,
1010 395 1062 422 oid.
1084 400 1097 426 ς
1160 403 1179 422 G
1191 404 1206 422 1<
1219 404 1239 423 A
1252 404 1267 415 v
1283 403 1299 422 ι)
1311 405 1317 422 1
1328 404 1339 422 s
1349 416 1357 428 ‚
1384 404 1407 421 e.
1445 396 1504 422 Adi.
1541 396 1653 430 [atym.
1671 393 1853 430 nquaaCnnw's]
1889 396 2005 431 Magnus.
2042 400 2159 428 Acer-uus

34 437 165 462 CREDO.
258 432 397 458 Desec'tum
415 432 497 460 Ouid.
513 434 576 460 Met.
592 442 630 466 14,
644 435 705 465 646.
799 429 918 456 Redeunt
934 430 985 455 iam
1006 440 1061 463 gra.
1125 432 1228 465 grandis
1247 432 1327 458 Ouid.
1342 433 1430 457 Amor.
1447 439 1466 462 ι,
1480 436 1502 461 8,
1518 440 1560 463 90.
1615 431 1767 457 Adolescens
1782 431 1856 465 plane
1871 432 1975 465 grandis
1995 434 2050 459 Cic.
2070 435 2101 461 de
2116 437 2160 462 Se-

34 469 103 497 mina
122 465 217 500 campis
237 468 303 494 Hor.
319 469 406 495 Carm.
420 478 448 502 4,
461 476 486 502 7,
502 477 521 494 1.
593 468 749 499 Tondentes
762 465 879 499 gramina
892 474 983 499 campo
999 466 1062 492 lani-
1125 470 1191 493 nect.
1208 476 1243 493 10.
1301 467 1364 493 Plin.
1381 475 1407 500 7,
1423 471 1447 496 38
1468 467 1566 492 Grandi
1581 467 1741 493 Cnidiorum
1756 467 1822 493 Aere
1836 466 1924 492 alieno
1939 475 2087 500 permutare
2101 479 2159 498 eam

33 512 107 539 gerae
123 503 224 529 Lucret.
238 511 265 534 2,
283 506 339 536 639.
410 505 441 530 In
460 505 535 531 MSS.
554 503 740 540 confunduntur
753 501 867 527 Gramen
886 507 908 527 et
928 501 1061 529 Strameu:
1126 503 1221 530 conati.
1293 503 1348 529 Cic.
1365 502 1474 535 Philipp.
1491 510 1513 532 ς,
1528 510 1563 535 47
1592 502 1703 536 Legibus
1724 502 1794 528 enim
1813 501 1964 534 annalibus,
1983 511 2065 536 quum
2085 513 2160 538 gran.

33 537 214 567 Drakenborch.
234 538 266 563 ad
278 539 323 564 Sil.
337 547 374 571 ιο,
387 541 440 572 561.
1126 539 1228 563 diorem
1243 539 1360 564 Aetatem
1374 536 1404 563 ad
1418 536 1588 562 Consulatum
1602 537 1805 568 constituebant,
1827 536 2016 563 adolescentiae
2029 540 2159 566 temerita-

67 579 86 600 G
97 579 179 600 RAM
192 580 200 599 1
212 580 231 598 Ν
243 580 259 600 E
270 580 288 599 v
299 582 329 606 s,
348 583 371 605 a,
388 584 441 600 um.
478 573 538 600 Adi.
575 571 735 610 [οἷγρωςινδς]
771 570 846 606 Qud
860 580 888 597 ex
900 574 1011 607 gramini·
1030 571 1062 605 1st
1080 580 1107 598 ιο
1127 580 1178 599 tem
1194 574 1361 600 verebantur.
1415 572 1490 598 Aetas
1504 572 1627 605 grandior
1646 573 1725 598 Ouid.
1741 574 1804 598 Mct.
1820 575 1846 604 6,
1861 577 1900 602 28.
1949 573 2052 599 Aeuum
2065 575 2161 606 grande

23 606 135 646 ἰαί-711111.
173 608 240 635 Arae
255 610 402 643 gramineae
416 609 491 643 Virg.
508 611 571 636 Aen.
588 618 624 642 12,
639 616 686 640 ¹¹9·
707 614 730 633 et
744 607 789 633 Sil.
803 616 831 640 4,
843 614 900 641 703.
955 608 1061 641 Caespes
1127 609 1229 634 Lucrct.
1245 618 1269 641 2,
1284 617 1346 642 1141.
1415 608 1490 633 Aeno
1504 607 1628 640 grandior
1645 608 1726 633 Ouid.
1741 608 1824 634 Trist.
1838 617 1866 641 4,
1880 616 1918 637 ιο,
1930 616 1971 640 43.
2032 608 2161 635 Alumnus

32 642 112 671 Ouid.
122 644 211 670 Amor.
226 652 248 676 2,
262 647 299 677 16,
315 654 350 671 10.
422 646 534 679 Campus
554 645 624 671 Idem
636 643 698 669 Fast.
713 651 734 674 3.
749 651 801 676 519.
873 642 977 668 Corona
992 644 1060 669 Geli.
1126 645 1191 670 Hor.
1208 644 1287 678 Epod.
1304 652 1336 676 13,
1349 644 1386 669 ι6.
1457 643 1541 676 Caput
1558 642 1638 668 Ouid.
1655 642 1719 669 fast.
1734 645 1759 674 6,
1774 651 1819 675 ¹33·
1891 643 2038 670 Caufidicus
2052 645 2163 678 amplus,

31 686 55 713 5,
68 681 93 706 6.
127 681 158 705 it.
171 679 237 706 Plin.
252 688 294 714 22,
307 689 322 707 2
339 681 379 716 sq.
451 679 626 707 Obtidionalis
645 678 724 705 eadem
744 688 768 704 υ.
781 687 806 704 υ.
877 677 931 703 Cic.
947 679 1022 705 Verr.
1037 689 1062 713 4,
1125 680 1239 713 grandis,
1260 679 1372 709 subtilis,
1393 682 1419 703 et
1433 677 1534 711 elegans
1549 678 1603 704 Cic.
1620 678 1646 703 in
1659 680 1732 704 Orat.
1747 687 1785 709 30.
1838 678 1978 704 Certamen
1997 679 2064 705 Hor.
2072 680 2162 706 Carm.

26 722 71 748 ¹125
94 723 116 740 c.
129 716 160 747 56
183 722 244 741 extr.
317 716 469 742 Gramineus
483 715 562 741 hastas
576 721 691 740 memorat
705 722 716 739 e
729 714 816 748 templo
823 711 935 748 sublatas
948 723 962 738 a
981 715 1063 746 Vri-ru,
1126 724 1146 747 3,
1161 724 1200 747 20,
1216 723 1240 749 7.
1313 712 1473 740 Cubiculum
1489 713 1585 747 grande
1598 719 1622 739 et
1637 713 1716 739 altum
1731 714 1785 739 Cic.
1800 714 1835 746 Q
1849 714 1931 740 Fratr.
1947 723 1970 746 3,
1988 723 2005 740 ι.
2077 715 2162 741 Decus

27 757 92 786 quas·
108 749 171 775 dicit
178 749 257 786 fictſje
272 751 419 783 eiusmodi,
440 756 468 777 vt
480 750 558 776 semel
571 749 662 776 vidiss'e
678 749 736 775 satis
750 750 809 775 effer
822 757 828 778 ;
860 747 888 773 in
905 748 1000 781 quibus
1022 759 1063 775 ne-
1082 754 1106 780 ις
1127 752 1192 777 Ηοι·.
1209 752 1296 777 Carm.
1311 758 1334 781 2,
1352 757 1389 783 17,
1402 757 1428 781 4.
1500 748 1616 774 Dedecus
1638 748 1674 774 Id.
1690 750 1770 775 Serui.
1785 757 1810 780 2,
1823 757 1847 778 2,
1859 751 1901 780 96.
1973 749 2042 776 Ter.
2057 749 2162 778 Phorm.

25 793 82 820 ¹*ue
96 793 173 811 manu
188 786 286 812 factum
302 787 459 822 quidquam,
476 794 563 820 neque
577 784 746 819 pulchritudo
760 790 814 810 erat
828 782 890 815 vlla,
911 784 952 809 scd
965 790 1063 811 tautum
1127 794 1150 817 2,
1166 795 1187 817 2,
1202 794 1231 817 92
1257 786 1283 811 Si
1297 790 1325 810 tu
1339 784 1412 810 illam
1426 784 1560 818 attigeris,
1581 785 1650 810 secus
1664 793 1742 818 quam
1757 784 1865 817 dignum
1881 783 1915 809 est
1929 784 2054 815 liberam,
2070 786 2162 812 Dicam

28 819 184 854 'magnitudo
197 821 376 854 incredibilis,
394 821 426 848 de
440 829 490 856 qua
503 820 544 846 vel
558 820 649 847 audire
662 821 721 846 satis
736 821 809 849 esset,
829 819 956 851 nimium,
971 820 1063 847 videre
1127 821 1270 855 impingam
1288 819 1338 846 tibi
1359 820 1490 853 grandem.
1586 819 1703 846 Diuitiae
1725 819 1833 854 grandes
1857 818 1960 845 bomini
1980 820 2037 846 sunt
2059 821 2163 849 Lucret.

28 855 86 891 plus
100 864 178 890 quam
193 857 278 883 semel.
334 859 390 884 Non
403 860 483 892 potuit
495 855 612 892 disertius·
631 855 764 891 describere
775 853 871 889 stirpes
886 857 1004 890 graminis
1025 860 1063 881 in·
1126 865 1146 888 ς,
1164 864 1223 890 1117.
1296 856 1372 881 Dona
1394 854 1474 881 Ouid.
1489 854 1566 888 Epist.
1583 863 1610 889 3,
1631 863 1668 886 30.
1741 855 1794 880 Dos
1814 856 1907 880 Horat.
1921 855 2004 881 Serm.
2020 864 2044 887 ι,
2065 865 2098 889 4,
2122 864 2162 890 50.

29 890 132 925 ufitatac
150 898 174 917 et
187 892 332 928 motillrofire
351 891 532 928 magnitudinis
547 902 553 916 .·
578 898 602 918 et
621 898 701 918 tamen
715 890 832 926 impedire
846 899 893 915 non
902 893 1002 925 potuit,
1017 901 1062 927 quo
1126 892 1238 925 Epistola
1259 891 1314 917 Cic.
1328 890 1406 916 Attic.
1422 899 1456 922 13,
1471 898 1506 916 21.
1578 890 1709 924 Exemplis
1725 889 1811 916 decuit
1828 890 2014 924 grandioribus
2033 891 2071 917 vti
2090 891 2164 919 Idem

27 929 110 953 minus
129 926 157 953 de
175 928 318 954 emendando
336 930 474 964 cogitarent
488 928 596 953 homines
611 927 713 953 eruditi.
1078 934 1111 952 20
1127 927 1159 952 de
1173 927 1261 953 Diuin.
1277 934 1294 956 1,
1310 934 1348 957 39.
1442 925 1572 959 Exemplis
1590 926 1617 951 in
1634 927 1720 959 paruis
1734 925 1876 959 grandibus
1888 925 1927 951 vti
1947 926 2027 952 Ouid.
2044 926 2127 953 Trist.
2143 936 2165 960 ι,

68 967 88 988 G
98 969 145 988 RA
156 970 179 988 Μ
190 970 197 989 ι
209 971 228 989 Ν
239 964 278 989 os
289 971 308 989 v
318 970 346 996 s,
363 972 386 995 a,
406 971 459 988 um.
494 962 554 988 Adi.
582 960 739 996 [χορτώδης]
774 961 873 986 Plenum
887 959 975 987 herbis.
1011 963 1061 988 Co·
1127 971 1150 994 3,
1164 970 1202 994 25.
1273 962 1375 988 Fenorc
1393 960 1484 995 grandi
1503 961 1582 986 alicui
1602 961 1738 994 pecuniam
1757 969 1885 995 occupare
1899 961 1954 987 Cic.
1972 970 2020 994 pro
2033 962 2114 988 Flacc.
2129 970 2164 995 51.

29 996 95 1023 lum.
111 998 192 1032 praef.
208 1007 218 1024 ι
246 998 318 1032 Qud
333 997 445 1025 siluester
460 1006 536 1032 ager,
555 998 620 1032 quid
633 996 756 1024 humidus
771 1002 798 1022 et
811 995 983 1030 graminosus,
998 998 1062 1031 quid
1127 998 1202 1024 Fetus
1224 996 1349 1031 grandior
1368 996 1467 1030 linquis
1486 996 1583 1029 Virgil.
1599 996 1696 1028 Georg.
1709 1004 1728 1027 1,
1743 1003 1793 1027 ¹95·
1879 996 1956 1022 Fetus
1971 997 2122 1030 grandiores
2138 1003 2164 1024 et

29 1032 108 1060 ficcus
125 1039 149 1059 et
164 1034 269 1068 spurcus
285 1034 421 1060 recusaret.
1126 1032 1249 1058 meliores
1268 1032 1323 1059 edit
1338 1041 1398 1066 ager
1420 1033 1475 1058 Cic.
1490 1032 1521 1056 de
1533 1032 1607 1057 Orat.
1622 1039 1652 1061 2,
1671 1039 1716 1062 ¹3¹·
1787 1031 1928 1056 Frumenta
1947 1031 2043 1064 Virgil.
2059 1034 2123 1059 Aen.
2136 1042 2164 1066 4,

68 1074 244 1100 GRAM1A‚
272 1077 311 1095 ae.
346 1069 365 1095 f.
401 1068 510 1104 [λήμη]
546 1068 650 1099 Festus;
674 1066 811 1098 Gramiae,
832 1066 905 1093 Vitia
926 1067 982 1093 sunt
1001 1077 1062 1094 ocu-
1126 1071 1189 1100 406.
1261 1068 1343 1094 Plaut.
1357 1067 1436 1093 Stich.
1450 1076 1470 1097 2,
1488 1075 1507 1098 1,
1520 1074 1549 1097 23
1575 1066 1695 1092 Tantum
1716 1073 1730 1091 a
1750 1073 1825 1099 portu
1848 1072 1958 1099 apporto
1977 1066 2091 1100 bonurn,
2111 1074 2165 1095 tam

29 1103 128 1136 lorum,
148 1112 210 1138 quas
225 1104 272 1130 alii
285 1104 388 1130 Glamas
402 1110 506 1131 vocant.
573 1104 645 1130 Non.
658 1111 682 1134 2,
695 1108 740 1135 389
765 1102 904 1134 Gramiae‚
925 1103 981 1129 sunt
993 1105 1061 1130 Ocu-
1077 1110 1109 1135 25
1126 1103 1259 1130 Gaudium
1279 1103 1361 1129 affero
1380 1102 1497 1137 grande:
1533 1102 1577 1127 vix
1599 1101 1653 1135 ipsa
1670 1101 1778 1126 domina
1798 1101 1846 1126 hoc
1865 1101 1913 1126 nifi
1932 1101 1994 1127 sciat
2007 1121 2015 1133 ,
2041 1109 2164 1137 exoptare

29 1138 119 1166 lorum
130 1140 254 1174 pituitae:
279 1139 347 1166 vnde
362 1139 491 1166 Gramiofl
505 1139 590 1165 oculi:
619 1147 634 1165 a
649 1147 702 1173 quo
716 1137 772 1171 Qui
789 1137 875 1164 tristes
890 1140 955 1171 sunt,
976 1140 1003 1164 in
1016 1143 1062 1165 ho-
1125 1148 1140 1166 a
1160 1137 1198 1165 dis
1215 1138 1278 1165 aufit
1299 1139 1365 1172 iptis.
1471 1138 1557 1163 Genus
1577 1135 1680 1163 dicendi
1701 1136 1823 1170 grandius
1843 1135 1898 1162 Cic.
1919 1136 1951 1161 de
1969 1136 2042 1162 Orat.
2061 1146 2093 1169 2,
2111 1146 2166 1172 337.

29 1174 151 1201 diei-num
164 1183 270 1210 quoque
283 1174 354 1201 diem
368 1174 496 1202 Gramiofi
511 1175 592 1208 vulgo
606 1175 785 1200 nominantur.
822 1173 894 1209 Coris.
906 1174 969 1200 Plin.
981 1183 1063 1208 2;,13.
1126 1174 1214 1201 Guttis
1234 1174 1365 1200 humectat
1378 1173 1519 1207 grandibus
1537 1181 1583 1198 ora
1599 1173 1672 1207 Virg.
1687 1173 1751 1198 Aen.
1768 1180 1799 1203 11,
1810 1180 1853 1204 90.
1926 1172 2016 1197 Homo
2030 1172 2165 1206 grandior,

64 1212 294 1237 GRAMidsvs
306 1230 314 1243 ,
350 1219 381 1244 a,
412 1219 466 1238 um.
511 1209 573 1236 Adi.
619 1209 699 1236 Oculi
714 1208 847 1243 ,gramiofi
879 1209 983 1236 Nonius
1014 1213 1064 1237 loco
1128 1211 1213 1244 Virgo
1226 1209 1352 1243 grandior
1366 1210 1434 1235 Ter.
1452 1208 1553 1234 l'hormv
1571 1217 1596 1240 2,
1609 1216 1634 1239 z,
1647 1217 1677 1237 ις.
1733 1207 1806 1233 Idem
1821 1206 1930 1241 Adelph.
1945 1216 1973 1240 4,
1988 1215 2010 1239 ς,
2026 1216 2063 1240 39,
2110 1209 2166 1234 Cic.

26 1243 96 1272 modo
110 1247 195 1272 citato.
1128 1254 1175 1280 pro
1190 1245 1293 1272 Cluent.
1308 1253 1331 1271 11
1358 1244 1477 1278 Reliquit
1496 1243 1564 1269 hunc
1583 1251 1663 1269 annos
1680 1243 1727 1269 XV
1748 1249 1857 1271 natum:
1892 1243 2016 1276 grandem
2034 1250 2120 1270 autem
2141 1249 2166 1269 et

62 1284 84 1305 G
96 1286 116 1306 R
128 1286 268 1313 AMMA,
293 1280 351 1308 fitis.
386 1289 412 1308 n.
449 1279 604 1315 [γράμμα]
649 1280 738 1306 Latine
755 1281 843 1307 Litera
862 1279 963 1307 dicitur.
1005 1280 1064 1308 Vid.
1077 1286 1109 1311 30
1127 1280 1247 1307 nubilem
1261 1281 1353 1307 filiam.
1424 1279 1493 1305 mus
1506 1278 1631 1312 grandior
1650 1278 1742 1312 affligit
1761 1278 1922 1304 animantem
1939 1278 2042 1304 Lucret.
2062 1287 2087 1311 2,
2107 1287 2167 1312 943.

27 1318 93 1348 §CR
102 1321 145 1341 VP
154 1322 175 1340 v
184 1322 212 1342 s.
1127 1317 1265 1350 Ingenium
1279 1315 1375 1351 grande
1388 1314 1489 1341 doloris
1503 1314 1585 1340 Ouid.
1594 1314 1657 1340 Met.
1669 1316 1695 1345 6,
1710 1321 1768 1347 574.
1864 1314 1951 1339 Litera
1964 1314 2068 1347 grandis
2084 1316 2165 1341 rtaut.

30 1360 42 1378 ¹.
65 1355 86 1376 G
97 1356 116 1376 R
125 1357 146 1376 A
155 1357 179 1376 Μ
190 1357 255 1381 ΜΕ,
271 1359 307 1378 es.
327 1351 347 1376 f.
384 1350 542 1385 Scripturae‚
557 1359 620 1384 quas
633 1351 727 1378 Graeci
740 1359 868 1386 grammas
881 1356 975 1378 vocant
988 1351 1065 1389 Apul.
1129 1352 1219 1379 Bacch.
1230 1362 1258 1385 4,
1271 1360 1297 1384 9,
1309 1354 1352 1384 69.
1408 1351 1447 1376 Sic
1460 1350 1515 1376 Cic.
1525 1350 1599 1375 Verr.
1613 1359 1640 1383 4,
1655 1357 1691 1383 74
1711 1358 1732 1375 c.
1747 1357 1779 1381 24
1799 1349 1947 1375 Grandibus
1962 1350 2045 1375 literis
2059 1350 2083 1375 P.
2096 1350 2168 1376 Afri-

73 1384 157 1412 Herb.
180 1394 199 1411 c.
214 1387 269 1411 106.
324 1387 426 1420 Proprie
444 1387 510 1412 linea
529 1385 562 1419 ⁶st
577 1397 584 1411 .·
620 1387 679 1412 hinc
1127 1388 1185 1414 cani
1200 1396 1297 1413 nomen
1311 1391 1366 1412 erat
1381 1386 1500 1412 incisum.
1573 1385 1658 1410 Macie
1678 1384 1770 1418 grandi
1791 1385 1906 1410 torridus
1921 1384 2003 1410 homo
2021 1385 2078 1411 Cic.
2092 1384 2123 1411 de
2136 1385 2167 1412 L.

72 1450 75 1454 .
94 1425 319 1452 RAMM1cvs,
338 1429 362 1453 a,
384 1430 438 1448 um.
474 1420 534 1447 Adi.
572 1422 645 1456 Quod
662 1423 736 1448 lineis
748 1424 893 1457 peragitur.
927 1421 1066 1449 Deforma-
1128 1424 1190 1457 Agr.
1205 1431 1226 1454 2,
1239 1432 1277 1455 93.
1350 1421 1449 1447 Malum
1471 1422 1537 1446 Hor.
1546 1420 1627 1446 serm.
1639 1428 1664 1452 2,
1678 1428 1696 1452 1,
1710 1428 1753 1452 49.
1826 1420 1946 1447 Membra
1958 1420 2111 1447 Ouid.Met.
2129 1429 2167 1452 10,

33 1453 113 1504 “pnes
128 1456 235 1482 Vitruu.
257 1455 273 1481 l.
289 1463 301 1487 3
321 1456 403 1490 praef.
457 1457 582 1482 Rationes
603 1457 675 1482 Idem
689 1466 714 1489 9,
735 1465 753 1482 1.
1082 1468 1109 1494 35
1128 1464 1177 1489 238.
1230 1458 1316 1485 Nauis
1333 1457 1399 1483 Plin.
1413 1465 1438 1488 9,
1453 1465 1499 1488 44.
1571 1456 1669 1482 Orator
1683 1455 1809 1489 Sulpitius
1827 1456 1940 1481 maxime
1958 1456 2077 1481 omnium
2092 1464 2168 1489 gran-

62 1496 108 1518 GR
119 1497 356 1524 AMMATIAS,
382 1500 420 1517 ae.
456 1500 492 1518 m.
529 1493 639 1522 Gemma,
658 1493 691 1519 al.
711 1492 801 1527 Iaspis.
836 1492 902 1519 Plin.
920 1500 967 1527 37,
991 1501 1008 1526 9
1036 1494 1066 1519 li·
1127 1494 1166 1520 dis
1179 1495 1293 1527 tragicus
1309 1493 1365 1519 Cic.
1381 1492 1412 1517 de
1426 1491 1495 1518 Clar.
1509 1492 1582 1517 Orat.
1597 1499 1653 1523 203.
1747 1491 1845 1517 Orator
1863 1500 1916 1525 quo
1931 1492 2057 1525 grandior
2075 1491 2120 1523 fit,
2141 1496 2168 1518 et

27 1528 77 1553 mis
89 1525 217 1563 figamus.
1127 1528 1323 1564 quodammodo
1337 1527 1462 1554 excelsior
1477 1527 1549 1553 Idem
1564 1527 1592 1552 in
1606 1527 1680 1552 Orat.
1697 1534 1747 1557 ¹¹9·
1804 1526 1862 1552 Offa
1878 1528 1950 1560 Virg.
1964 1527 2061 1560 Georg.
2073 1535 2092 1558 1,
2107 1535 2167 1559 497.

62 1568 205 1589 GRAMM
216 1569 237 1589 A
249 1568 270 1588 Τ
282 1559 295 1588 i'
306 1567 322 1587 C
333 1568 370 1592 A,
388 1570 419 1588 ae
433 1570 441 1591 ;
478 1561 518 1586 vel
539 1565 619 1587 GRA
629 1568 652 1587 M
662 1562 790 1588 MATi'c
801 1569 834 1594 Ε,
855 1571 889 1589 es.
914 1563 934 1589 s.
963 1563 1064 1599 [γραμ-
1127 1566 1210 1592 Plaut.
1225 1565 1297 1599 Capt.
1312 1572 1338 1596 2,
1352 1572 1375 1594 2,
1390 1569 1402 1593 8
1423 1565 1463 1588 An
1477 1572 1541 1588 vero
1556 1571 1608 1588 non
1624 1562 1689 1587 iusta
1704 1562 1777 1587 causa
1791 1562 1836 1592 est,
1851 1567 1879 1587 vt
1893 1570 1940 1588 vos
1954 1561 2053 1587 serucm
2070 1562 2168 1592 sedulo,

0 1596 147 1632 epona-mh]
178 1598 289 1628 Nomen,
308 1596 373 1632 quod
389 1599 417 1621 in
430 1597 530 1621 Latinis
550 1600 675 1622 numerari
693 1598 748 1623 vult
761 1598 816 1623 Cic.
831 1597 863 1623 de
873 1598 929 1624 Fin.
940 1607 962 1630 3,
977 1607 989 1631 5
1008 1609 1029 1625 c.
1040 1608 1064 1626 2.
1127 1609 1193 1636 quos
1212 1606 1265 1626 tam
1284 1599 1376 1634 grandi
1395 1598 1439 1624 sun
1461 1604 1588 1624 mercatus
1604 1598 1729 1631 praesenti
1746 1596 1876 1622 Pecunia?
1932 1597 1987 1628 Sic,
2009 1597 2110 1622 Grandi
2125 1599 2169 1622 Pe-

0 1641 8 1664 1
24 1633 116 1659 Latine
129 1634 272 1659 Literacura
285 1631 388 1658 dicitur.
425 1631 555 1664 Quinetil.
569 1640 594 1663 2,
610 1640 628 1662 1,
639 1640 658 1664 4
684 1632 714 1657 Et
731 1632 907 1660 Grammatice
925 1637 1022 1668 (quam
1035 1635 1063 1660 in
1076 1646 1113 1671 40
1127 1637 1203 1662 cunia
1223 1635 1291 1661 facta
1311 1634 1441 1660 redemtio
1455 1634 1499 1659 est.
1556 1633 1611 1659 Cic.
1628 1633 1703 1658 Verr.
1718 1631 1775 1657 Ac‘i.
1793 1639 1812 1661 1,
1830 1634 1865 1657 16.
1936 1631 2074 1656 Pecuniam
2094 1639 2170 1664 gran-

0 1674 8 1707 1,
24 1667 150 1694 Latinum
162 1667 360 1698 transferentes,
377 1666 541 1693 literaturam
555 1670 734 1698 vocauerunt)
754 1667 817 1694 fines
830 1669 888 1695 suos
901 1670 982 1695 norit.
1032 1671 1064 1697 Ee
1128 1672 1187 1698 dem
1207 1671 1312 1697 credere
1333 1669 1404 1695 Idem
1424 1677 1472 1702 pro
1485 1668 1575 1694 Rabir.
1591 1667 1656 1693 Post.
1671 1676 1689 1698 4
1715 1675 1736 1691 c.
1752 1674 1776 1691 2.
1847 1666 1933 1691 Poena
1954 1665 2034 1690 Ouid.
2048 1665 2133 1691 Trist.
2150 1673 2173 1698 1,

0 1705 6 1734 l
25 1711 49 1734 a,
64 1712 108 1736 14,
122 1711 133 1734 3
159 1702 335 1728 Grammatice
356 1702 492 1728 literatura
510 1702 559 1732 est,
579 1711 633 1728 non
647 1702 785 1729 literatriit.
857 1704 999 1730 Diomedes
1018 1705 1034 1730 l.
1049 1714 1066 1731 z
1127 1715 1154 1739 4,
1169 1709 1208 1735 68.
1279 1705 1396 1731 Pondere
1413 1703 1505 1736 grandi
1524 1709 1549 1728 et
1567 1702 1702 1735 praeclaro
1722 1708 1801 1733 opere
1816 1699 1909 1731 hydria
1924 1700 1980 1725 Cic.
1996 1700 2073 1726 Verr.
2088 1710 2116 1732 4,
2130 1709 2169 1732 32.

25 1746 51 1772 p.
70 1746 118 1770 421
142 1738 316 1764 Grammatica
328 1737 364 1763 est
377 1737 523 1771 specialiter
536 1738 643 1763 scientia
655 1738 795 1764 exercitata
809 1737 933 1765 lectionis
948 1746 973 1765 et
986 1749 1066 1772 expo·
1127 1740 1230 1767 Pondus
1243 1739 1339 1773 grande
1353 1738 1453 1771 argenti
1473 1736 1545 1762 Idern
1565 1745 1613 1769 pro
1629 1735 1735 1760 Caecin.
1754 1743 1781 1759 iz
1800 1743 1820 1759 c.
1835 1743 1861 1765 4.
1955 1735 2071 1761 Pretium
2087 1735 2168 1762 Ouid.

25 1773 130 1799 fitionis
141 1781 251 1802 eorum,
269 1781 335 1806 quae
349 1773 416 1806 apud
431 1774 520 1798 Poetas
538 1778 563 1798 et
581 1773 719 1806 scriptores
733 1773 857 1799 dicuntur
892 1789 938 1793 —-
973 1774 1064 1799 Gram-
1127 1775 1205 1807 Epist.
1226 1781 1258 1807 7,
1275 1781 1321 1807 74.
1405 1771 1522 1804 Veffigal
1543 1769 1640 1804 grande
1662 1770 1799 1802 imponere
1821 1769 1876 1794 Cic.
1895 1778 1943 1803 pro
1957 1769 1988 1795 L.
2004 1772 2064 1804 Agr.
2084 1779 2114 1803 2,
2132 1778 2168 1804 55¹.

25 1808 137 1834 maticae
156 1813 241 1841 partes
259 1808 317 1833 sunt
335 1807 418 1838 duae,
436 1807 532 1838 altera,
552 1815 620 1840 quae
634 1813 743 1832 vocatur
756 1808 904 1840 exegetice,
922 1807 1003 1832 altera
1017 1807 1063 1832 ho·
1079 1810 1113 1836 45
1128 1808 1214 1834 Verba
1235 1808 1292 1833 Cic.
1306 1806 1338 1832 de
1350 1807 1407 1832 Fin.
1425 1814 1446 1837 3,
1464 1813 1499 1837 19.
1567 1805 1669 1830 Vitium
1684 1804 1780 1837 grande
1798 1810 1823 1829 et
1836 1805 2000 1838 perspicuum
2016 1806 2070 1831 Cic.
2083 1805 2116 1831 de
2128 1807 2169 1832 In-

25 1842 121 1881 risticfe.
176 1842 314 1874 Exegetice
331 1842 366 1867 est
383 1841 534 1871 narratura,
555 1848 622 1873 quae
640 1841 753 1873 pertinet
771 1841 803 1866 ad
822 1840 910 1867 officia
930 1841 1062 1867 lectionis.
1125 1849 1197 1869 vent.
1213 1850 1233 1873 1,
1246 1847 1283 1871 88.
1360 1841 1459 1866 Vocem
1480 1840 1648 1875 grandiorem
1668 1846 1694 1866 et
1715 1840 1860 1874 pleniorem
1883 1840 2002 1865 subsellia
2023 1840 2168 1868 desiderant

25 1876 157 1904 Horistice
177 1876 214 1902 est
229 1876 349 1908 finitiua,
365 1883 432 1908 quae
450 1881 587 1908 praecepta
605 1874 764 1901 demonstrat
799 1890 843 1895 —
879 1876 955 1902 Tota
975 1882 1064 1902 autem
1124 1877 1198 1904 Idem
1213 1877 1244 1903 de
1258 1876 1328 1903 Clar.
1343 1877 1417 1903 Orat.
1432 1880 1482 1906 288.
1587 1875 1683 1902 Verbis
1697 1874 1806 1909 grandes
1820 1881 1907 1904 erant,
1928 1875 2014 1901 crebri
2033 1876 2168 1903 sententiis

25 1910 201 1939 Grammatica
214 1910 327 1937 consistit
345 1909 483 1944 praecipue
500 1908 528 1935 in
542 1909 678 1935 intellectu
693 1911 840 1942 Poetarum,
855 1916 881 1937 et
896 1911 1062 1945 scriptorum,
1126 1914 1181 1940 Cic.
1201 1912 1233 1938 de
1252 1913 1322 1938 Clar.
1344 1912 1417 1938 Orat.
1435 1919 1472 1943 29.
1564 1911 1697 1936 Victimae
1715 1910 1866 1943 grandiores
1885 1910 1950 1936 Plin.
1971 1911 2063 1945 Paneg.
2089 1921 2110 1938 c.
2131 1920 2167 1944 52.

23 1953 52 1976 ,et
64 1946 236 1974 historiarum
249 1952 353 1980 promta
371 1944 550 1979 expositione,
569 1950 594 1971 et
608 1945 637 1972 in
648 1944 720 1971 redte
734 1945 860 1980 loquendi
879 1946 1064 1981 scribendique
1126 1949 1199 1975 Natu
1213 1947 1317 1982 grandis
1336 1947 1403 1972 Hor.
1420 1946 1496 1980 Epist.
1512 1954 1532 1977 ι,
1545 1952 1571 1980 7,
1587 1954 1631 1978 49.
1686 1945 1753 1971 Ter.
1762 1944 1872 1978 Adelph.
1887 1952 1910 1977 ς,
1927 1950 1949 1978 8,
1963 1952 1980 1979 7
2000 1946 2074 1972 Natu
2091 1956 2168 1981 gran.

23 1983 137 2015 wadone.
209 1981 386 2008 Grammatica
407 1980 489 2012 olim,
508 1986 538 2006 vt
556 1981 619 2007 aliae
637 1987 704 2006 artes
724 1982 845 2013 Graecae,
866 1982 966 2008 Romae
985 1991 1017 2007 ne
1035 1983 1064 2008 in
1080 1987 1112 2013 50
1127 1983 1196 2009 dior.
1253 1983 1308 2009 Cic.
1323 1990 1371 2015 pro
1383 1982 1458 2007 Rosc.
1473 1981 1549 2007 Com.
1565 1991 1603 2015 44
1625 1980 1696 2013 Quid
1712 1980 1858 2014 exspetens,
1876 1989 1956 2015 quam
1970 1989 2033 2007 mox
2053 1991 2102 2016 ego
2118 1983 2169 2009 Lu-

23 2019 73 2046 ‹vsu
87 2017 210 2053 quidem,
228 2016 326 2043 nedum
345 2017 373 2042 iu
389 2015 492 2042 honore
504 2015 560 2042 vno
573 2021 629 2041 erat
648 2016 718 2042 Suet.
732 2016 763 2043 de
776 2016 871 2043 Illustr.
886 2017 1004 2043 Gramm.
1023 2026 1063 2051 pr.
1128 2019 1209 2045 scium
1227 2023 1252 2044 et
1265 2017 1407 2043 Manilium
1422 2016 1506 2042 dicam
1520 2016 1614 2042 ordine
1627 2017 1674 2042 css'e
1689 2016 1838 2041 senatoris:
1864 2022 1957 2048 aetate,
1971 2016 2079 2049 grandes
2094 2024 2170 2044 natu:

24 2053 224 2090 }Qtinc'filianus
244 2061 262 2083 1,
281 2062 308 2085 4,
325 2059 337 2085 ς
363 2052 452 2078 Minus
465 2051 523 2076 sunt
535 2051 650 2083 ferendi,
665 2051 711 2085 qui
726 2051 790 2078 hanc
804 2058 896 2083 artem,
916 2059 944 2079 vt
958 2058 1064 2079 tenuem
1127 2060 1219 2080 natura
1233 2053 1347 2083 sanfios,
1366 2058 1391 2078 et
1405 2052 1554 2086 religiosos.
1627 2049 1732 2077 Audere
1746 2049 1854 2084 grandia
1869 2051 1949 2076 Ouid.
1962 2053 2053 2078 Amor.
2066 2062 2088 2083 2,
2101 2058 2133 2084 18,
2143 2062 2169 2086 4.

12 2105 13 2110 .
28 2095 56 2118 ac
68 2089 182 2116 ieiunam
197 2088 373 2118 cauillantur3
399 2095 466 2121 quae
478 2086 526 2113 nifi
540 2086 649 2113 Oratori
667 2087 760 2114 futuro
773 2087 942 2114 fundamenta
962 2088 1064 2121 iecerit,
1127 2088 1232 2115 Grande
1251 2089 1342 2114 sonant
1357 2087 1469 2121 Tragici
1488 2085 1568 2112 Ouid.
1584 2087 1616 2112 de
1630 2087 1705 2112 Rem.
1720 2087 1809 2111 Amor.
1824 2094 1877 2119 375.
1972 2088 2064 2121 Super-l,
2085 2088 2170 2115 Fastis

0 2154 1 2157 Ἰ
22 2124 154 2162 Quidquid
173 2123 388 2158 superstruxeris,
406 2128 520 2149 corruet.
576 2122 724 2148 Neceffaria
743 2122 846 2156 pueris,
866 2122 980 2149 iucunda
998 2123 1064 2149 seni·
1126 2123 1304 2159 grandissimus
1324 2122 1401 2157 Apul.
1417 2122 1481 2148 Met.
1496 2131 1518 2153 7,
1556 2140 1563 2147 .
1600 2141 1607 2147 .
1661 2122 1743 2148 Aures
1765 2120 1944 2156 grandiffimae
1965 2122 2038 2148 Idem
2058 2124 2121 2149 Met.
2144 2133 2169 2155 9.

0 2181 1 2189 ,
23 2156 189 2196 Ιὶὶίὶἰ,’,ςίυίσίς
209 2160 368 2186 secretorum
384 2167 487 2190 comes,
507 2164 532 2184 et
548 2166 613 2191 quae
632 2158 674 2184 vel
693 2157 746 2188 sola
765 2158 841 2184 omni
856 2158 1003 2184 studiorum
1023 2167 1065 2192 ge·
1081 2161 1109 2187 55
1127 2160 1203 2185 Calix
1218 2158 1395 2192 grandiss'imus
1415 2157 1490 2191 Apul.
1505 2157 1570 2183 Met.
1586 2164 1614 2183 ιο
1634 2166 1658 2191 p.
1673 2159 1734 2190 246.
1787 2158 1870 2190 Caput
1890 2157 2081 2191 grandiffinuuu
2102 2158 2170 2185 Piin.

34 2199 92 2223 nere
103 2196 156 2231 plus
171 2195 265 2222 habeat
283 2195 386 2229 operis,
406 2202 486 2229 quam
499 2193 690 2219 ostentationis.
761 2193 833 2218 Idem
855 2202 875 2225 1,
890 2199 911 2224 8,
927 2202 951 2219 12
972 2194 1065 2220 Gram-
1128 2203 1170 2229 29,
1182 2202 1209 2227 4.
1281 2193 1361 2219 Glans
1375 2192 1537 2227 grandislima
1554 2192 1626 2218 Ideni
1643 2195 1680 2224 16,
1693 2202 1718 2225 4.
1791 2192 1887 2219 Oliuae
1904 2192 2168 2227 grandiffimaeriin.

33 2232 132 2262 matites
145 2240 236 2263 amor,
257 2236 282 2257 et
295 2231 354 2256 vsus
367 2227 491 2256 le<Sfionis
504 2237 558 2254 non
569 2227 720 2254 scholarum
734 2228 898 2262 temporibus
908 2248 916 2261 ,
936 2228 979 2255 sed
994 2229 1065 2255 vitae
1129 2238 1162 2262 15,
1176 2237 1198 2261 3.
1251 2228 1326 2263 Seges
1340 2228 1503 2263 grandiffima
1518 2228 1603 2254 Varro
1618 2228 1650 2254 de
1664 2229 1694 2254 R.
1710 2229 1739 2254 R.
1758 2236 1783 2260 1,
1801 2236 1839 2259 52.
1994 2232 2007 2246 ⁸

32 2267 106 2302 spatio
120 2267 304 2293 terminantur.
375 2265 508 2290 Elementa
526 2263 707 2297 grammatices
726 2263 857 2296 Quinem.
873 2272 893 2296 1,
910 2272 937 2298 4.
1005 2265 1065 2291 Pcr-
1164 2270 1185 2291 G
1198 2271 1217 2290 R
1227 2271 1249 2291 A
1260 2271 1279 2289 N
1293 2271 1311 2290 D
1321 2263 1334 2290 f
1346 2270 1367 2290 T
1380 2270 1395 2289 E
1407 2271 1425 2290 R
1435 2284 1441 2290 .
1478 2263 1545 2290 Adu.
1581 2264 1634 2289 Sid.
1647 2263 1724 2297 Epist.
1734 2272 1760 2296 7,
1773 2271 1795 2288 2.
1824 2266 1853 2288 it.
1867 2270 1892 2297 7,
1906 2272 1933 2295 4.
1965 2272 1988 2295 3,
2001 2268 2022 2293 S.
2051 2273 2073 2296 3,
2090 2273 2113 2297 13
2124 2273 2168 2300 pr,

22 2304 96 2331 =tinax
116 2302 301 2336 grammaticen
321 2300 446 2334 professus
463 2299 500 2326 est
520 2298 664 2333 Capitolin.
681 2299 779 2326 Pertin.
804 2308 825 2326 c.
846 2307 865 2326 1.
941 2300 1066 2327 Profeffio
1127 2300 1259 2327 Grandius
1272 2299 1324 2326 dici
1339 2300 1396 2326 Cic.
1404 2299 1486 2326 Tusc.
1495 2309 1512 2332 5
1532 2308 1554 2324 c.
1563 2301 1600 2324 16.
1642 2298 1774 2324 Grandius
1793 2298 1884 2324 sonare
1903 2299 1983 2327 Ouid.
1998 2300 2053 2325 Her
2079 2309 2169 2332 13,30.

21 2338 204 2373 igi-ammatices
220 2335 329 2370 Qun&
346 2345 364 2367 1,
377 2344 404 2369 4.
456 2350 461 2356 ³
886 2345 888 2349 ·
1073 2337 1108 2361 60
1162 2342 1183 2363 G
1195 2342 1213 2361 R
1223 2342 1274 2361 AN
1284 2342 1318 2362 DI
1329 2333 1400 2362 CVI.
1411 2342 1428 2360 ν
1442 2342 1465 2367 s,
1486 2343 1516 2366 a,
1537 2343 1591 2361 um.
1630 2333 1688 2359 Adi.
1707 2334 1808 2360 Dimin.
1843 2333 1925 2360 Plaut.
1940 2335 2018 2361 Poen.
2033 2344 2063 2366 2,
2079 2343 2107 2368 35
2138 2337 2169 2362 In

18 2395 19 2401 .
54 2373 138 2401 *GRA
147 2381 172 2400 M
181 2380 205 2399 M
215 2380 236 2399 A
245 2380 266 2399 T
277 2380 286 2398 1
295 2378 342 2399 CA
351 2391 359 2404 ,
377 2374 464 2397 orum.
494 2379 521 2396 n.
558 2369 765 2405 [γραμματικοὶ]
800 2369 913 2397 Studium
925 2371 1064 2404 literarum,
1127 2371 1221 2398 fundas
1235 2371 1407 2397 infundebam
1422 2369 1588 2403 grandiculos
1601 2368 1704 2402 globos.

18 2418 24 2448 ³9
43 2408 245 2445 uodprofitentur
258 2410 288 2440 ii,
307 2410 350 2443 qui
364 2408 522 2442 grammatici
536 2412 666 2431 vocantur.
702 2406 758 2431 Cic.
772 2405 803 2431 de
816 2406 890 2431 Orat.
905 2414 924 2438 1,
936 2411 979 2440 187
1000 2416 1021 2433 c.
1029 2415 1065 2441 42
1164 2411 1211 2433 ‘GR
1220 2414 1241 2432 A
1252 2414 1274 2432 N
1283 2413 1301 2432 D
1311 2414 1320 2432 1
1331 2412 1349 2429 v
1360 2413 1373 2433 s
1384 2412 1401 2432 c
1412 2405 1432 2431 17
1445 2413 1460 2431 i.
1471 2412 1489 2431 v
1501 2412 1513 2431 s
1522 2425 1529 2435 ‚
1545 2413 1568 2435 a,
1590 2413 1644 2431 um.
1690 2404 1749 2430 Adi.
1764 2404 1865 2430 Dimin.
1901 2404 1970 2431 Ter.
1979 2406 2060 2432 Andr.
2069 2416 2095 2439 4,
2105 2409 2130 2438 6,
2141 2415 2170 2440 19

5 2439 8 2443 ’
23 2418 55 2471 fn
67 2444 241 2479 grammaticis
250 2444 388 2469 Poetarum
402 2440 582 2475 pertractatio.
596 2440 766 2467 historiarum
779 2441 906 2476 cognitio,
919 2442 1065 2469 verborum
1128 2443 1199 2470 Nam
1219 2442 1275 2468 fere
1288 2440 1471 2476 grandiuscula
1485 2440 1535 2466 iam
1550 2440 1668 2475 profecta
1688 2440 1723 2466 est
1737 2440 1816 2465 illinc.

18 2480 223 2515 vinterpretatio,
241 2476 430 2513 pronuntiandi
443 2475 550 2510 quidam
565 2476 649 2502 sonus.
1165 2484 1185 2504 G
1194 2485 1212 2504 R
1222 2485 1243 2503 A
1253 2485 1273 2503 Ν
1282 2485 1300 2504 D
1310 2475 1319 2502 i
1330 2483 1380 2503 TA
1391 2483 1403 2503 s
1413 2496 1422 2508 ,
1443 2477 1499 2502 Etis.
1537 2475 1555 2501 f,
1593 2476 1735 2509 [μέγεθος]
1771 2475 1836 2500 Pliu.
1846 2474 1923 2508 Epist.
1938 2478 1964 2507 6,
1979 2484 2003 2500 21
2025 2475 2102 2501 Nunc
2116 2476 2169 2508 pri-

18 2524 20 2545 Ι
62 2522 84 2543 G
95 2523 115 2543 R
124 2522 211 2542 AMM
221 2521 242 2540 A
251 2519 316 2540 Tic
325 2519 345 2538 V
354 2519 380 2542 s,
400 2511 420 2538 i.
439 2520 475 2537 m.
512 2510 724 2545 [γραμματικδς]
760 2512 813 2546 Qu*
824 2515 1012 2547 grammaticam
1025 2513 1066 2539 do·
1080 2511 1112 2542 65
1127 2523 1200 2540 mum
1214 2514 1239 2539 se
1252 2513 1280 2539 in
1294 2518 1383 2539 vetere
1394 2510 1531 2538 comoedia
1541 2531 1549 2543 ,
1565 2511 1606 2536 scd
1620 2520 1673 2536 non
1687 2516 1808 2544 tanquam
1825 2511 1949 2543 inciperet
1963 2510 2089 2537 ostendit:
2115 2519 2170 2538 non

0 2551 77 2581 vicet,
96 2552 136 2577 vel
154 2551 330 2587 grammaticae
345 2551 452 2583 peritus.
501 2546 607 2572 Sueton.
624 2546 655 2572 de
671 2547 741 2573 Clar.
755 2547 873 2573 Graium.
894 2557 914 2573 c.
929 2557 947 2581 4
972 2549 1066 2583 Appel.
1128 2549 1170 2576 illi
1184 2549 1240 2583 vis,
1260 2557 1314 2574 non
1329 2547 1475 2582 granditas,
1494 2554 1549 2571 non
1566 2546 1712 2576 subtilitas,
1727 2554 1779 2571 non
1798 2545 1962 2575 amaritudo,
1979 2554 2032 2571 non
2048 2545 2168 2578 dulcedo,
2214 2546 2218 2549 ¹

24 2587 90 2613 latio
109 2585 342 2620 grammaticorum
354 2584 453 2609 Graeca
469 2581 658 2608 cousuetudine
675 2581 788 2608 inualuit
802 2593 807 2608 :
843 2582 886 2609 sed
909 2583 989 2610 initio
1008 2585 1066 2610 lite.
1128 2593 1183 2611 non
1196 2584 1268 2618 lepos
1281 2583 1376 2610 defuit.
1414 2580 1571 2613 Granditas,
1596 2583 1613 2606 i.
1633 2583 1697 2606 elata
1711 2582 1855 2616 rtjuhlimis
1870 2587 1956 2606 oratio.
2029 2581 2170 2608 Granditas

24 2622 77 2650 rati
91 2620 262 2648 vocabantur.
332 2618 387 2645 Cic.
400 2619 432 2645 de
447 2617 539 2644 Diuin.
554 2626 580 2652 1,
592 2626 625 2652 34
650 2618 714 2644 Sunt
732 2618 804 2644 enim
823 2619 1017 2652 exploratores,
1037 2625 1066 2646 vt
1128 2619 1234 2650 aetatis,
1254 2622 1272 2645 i.
1287 2623 1366 2645 maior
1379 2624 1446 2644 aetas
1465 2617 1569 2642 Sisenna
1584 2616 1650 2641 Hist.
1662 2624 1687 2648 4.
1760 2615 1816 2642 Cic.
1830 2615 1862 2641 de
1876 2615 1946 2643 Clar.
1960 2617 2033 2642 Orat.
2049 2625 2085 2642 121
2107 2626 2128 2643 c.
2142 2625 2169 2649 31.

0 2678 1 2681 .
26 2656 200 2685 Grammatici
216 2657 364 2682 Po'e'tarum.
436 2654 627 2680 Grammaticus
648 2652 679 2678 de
696 2653 800 2679 ratione
813 2653 956 2687 loquendi,
977 2654 993 2679 ti
1015 2654 1065 2679 dis·
1128 2655 1211 2688 quue
1225 2659 1330 2687 apparet
1346 2662 1377 2679 ex
1393 2661 1486 2686 genere
1503 2656 1529 2677 et
1542 2651 1688 2685 granditate
1708 2650 1861 2677 verborum.
1899 2651 1973 2687 Conf.
1987 2651 2059 2677 Non.
2073 2660 2099 2684 2,
2114 2660 2170 2686 359.

13 2715 15 2718 ⁴
27 2694 109 2724 serat,
126 2691 290 2727 quaestiones
303 2688 432 2724 explicet,
451 2688 573 2715 historias
587 2694 708 2722 exponat,
726 2690 845 2721 po'e'mata
860 2695 962 2715 enarret
981 2689 1112 2722 Quin-70
1165 2694 1187 2715 G
1197 2695 1247 2714 ΚΑ
1258 2694 1333 2714 NDE
1343 2694 1362 2713 D
1373 2694 1392 2713 0
1402 2706 1411 2718 ,
1431 2687 1491 2713 inis.
1527 2686 1545 2713 f.
1583 2686 1702 2720 Fulgent.
1716 2686 1747 2712 de
1762 2687 1839 2713 Cont.
1854 2686 1928 2720 Virg.

27 2729 83 2755 atil.
98 2737 117 2758 1,
128 2737 151 2754 2.
220 2726 343 2752 Dionicd.
365 2725 381 2750 l.
390 2733 406 2750 2
429 2733 453 2758 p.
462 2732 511 2758 42¹
533 2723 705 2750 Grammatici
718 2721 816 2755 officia,
834 2729 864 2750 vt
875 2723 960 2749 asserit
970 2725 1065 2756 Varro,
1167 2729 1188 2750 G
1198 2729 1218 2750 R
1228 2730 1249 2750 A
1258 2730 1280 2749 N
1290 2730 1337 2750 DA
1348 2731 1363 2750 a
1373 2728 1394 2748 v
1406 2730 1426 2749 v
1436 2730 1448 2748 s
1457 2742 1465 2754 ‚
1485 2731 1509 2754 a,
1529 2731 1583 2748 um.
1620 2723 1679 2748 Adi.
1716 2721 1867 2755 [πολυετῆς]
1903 2725 1921 2747 i.
1935 2722 2041 2758 grandis
2054 2726 2118 2755 aeui,
2131 2724 2173 2750 vel

3 2737 144 2794 {constant
169 2763 197 2789 in
217 2761 335 2797 partibus
355 2765 484 2795 quatuor,
502 2759 616 2786 letfflone
626 2778 635 2792 ‚
655 2759 840 2791 enarratione,
868 2758 1068 2792 emendatione,
1128 2758 1297 2786 Proueffloris
1311 2761 1410 2785 aetatis.
1446 2757 1541 2793 Virgil.
1557 2757 1621 2784 Aen.
1637 2767 1660 2788 1,
1681 2765 1722 2790 125
1748 2758 1778 2784 Et
1797 2766 1847 2792 qua
1865 2757 1955 2783 vectus
1969 2757 2052 2790 Abas,
2073 2765 2097 2784 et
2119 2768 2171 2792 qua

2 2807 13 2824 1
27 2798 137 2827 iudicio.
178 2799 230 2824 Has
239 2804 327 2833 partes
343 2795 428 2822 deinde
433 2794 509 2831 finit.
545 2795 677 2822 Iudicium
691 2798 728 2821 ita
738 2804 747 2820 .·
779 2803 832 2829 quo
847 2803 953 2820 omnem
966 2795 1066 2822 oratio·
1128 2794 1291 2829 grandaeuus
1305 2793 1419 2820 Alethes.
1515 2793 1630 2820 Consilia
1647 2793 1703 2819 Val.
1713 2793 1812 2827 Argon.
1826 2800 1852 2827 7,
1864 2797 1920 2825 348.
1990 2794 2076 2820 Patres
2088 2794 2172 2820 Ouid.

29 2844 89 2863 nem
103 2834 174 2862 recte
192 2833 234 2860 vel
250 2833 336 2859 minus
354 2831 425 2859 re&e
438 2832 636 2866 pronunciatam
645 2851 654 2863 ‚
673 2830 821 2865 specialiter
833 2830 995 2856 iudicamus:
1023 2830 1066 2857 vel
1130 2831 1194 2857 Met.
1209 2838 1235 2865 7,
1251 2832 1305 2856 160.
1377 2830 1454 2855 Senes
1473 2829 1569 2855 Lucan.
1584 2837 1604 2861 3,
1619 2834 1667 2861 518.

30 2870 204 2901 existimatio,
221 2878 273 2904 qua
288 2871 389 2903 poema,
409 2872 563 2901 caeteraque
575 2867 669 2901 scripta
682 2865 879 2901 perpendimus.
935 2866 1067 2900 Quin&il.
1084 2867 1115 2895 75
1167 2872 1216 2893 GR
1226 2872 1277 2892 AN
1288 2872 1306 2891 D
1315 2872 1337 2892 A
1346 2872 1362 2891 E
1371 2871 1392 2890 V
1403 2864 1415 2891 f
1425 2872 1446 2891 T
1456 2872 1477 2891 A
1486 2872 1499 2891 s
1509 2885 1516 2896 ,
1535 2865 1592 2890 atis.
1613 2865 1632 2890 f.
1655 2864 1808 2898 [πολυετία]
1844 2864 1938 2890 Accius
1951 2863 2114 2896 Alcimach0‚
2129 2865 2172 2891 Ne

6 2904 14 2911 ⁴
32 2915 53 2941 ι,
66 2913 79 2936 8
94 2913 158 2933 extr.
179 2906 250 2932 Inter
263 2903 436 2931 Grammatici
450 2904 560 2929 virtutes
573 2902 624 2932 est,
642 2901 731 2937 aliqua
751 2901 860 2927 nescire.
932 2902 1068 2928 Gramma·
1131 2902 1192 2936 quia
1207 2910 1254 2927 nec
1267 2910 1328 2932 vos,
1345 2909 1392 2926 nec
1406 2900 1452 2926 ille
1465 2900 1573 2934 impune
1586 2900 1711 2926 irrideret
1726 2908 1809 2925 meam
1822 2899 2053 2933 grandaeuitatem.
2095 2901 2173 2926 Pacu-

12 2939 15 2941 *
31 2942 78 2969 tici
90 2947 204 2974 certant,
224 2946 249 2968 et
263 2940 349 2967 adhuc
362 2939 408 2966 sub
422 2938 508 2965 iudice
521 2938 553 2964 lis
567 2937 602 2964 est
621 2938 688 2964 Hor.
702 2936 734 2964 de
748 2938 811 2964 Arte
826 2938 897 2963 Post.
913 2942 953 2971 78.
1130 2938 1190 2964 vius
1203 2937 1366 2966 Hermione,
1385 2935 1465 2968 Quod
1480 2941 1566 2962 tamen
1583 2936 1636 2969 ipsa
1655 2935 1771 2967 orbitas,
1791 2934 2024 2969 grandaeuitasque
2037 2934 2108 2961 Pelei
2125 2943 2172 2969 per

46 2983 145 3004 .¹GRA
154 2984 178 3003 M
187 2984 212 3003 Μ
225 2983 246 3003 Α
256 2983 278 3003 Τ
288 2975 301 3002 1⁰
311 2982 328 3002 C
340 2982 361 3002 V
370 2982 382 3001 S
391 2994 401 3007 ‚
428 2983 443 3001 a
453 2995 462 3007 ,
493 2983 547 3000 um.
585 2973 645 3000 Adi.
680 2972 897 3007 [γραμματικὴ]
944 2971 1017 3008 Quod
1038 2972 1072 2999 ad
1132 2973 1269 3008 penuriam
1283 2972 1369 3006 stirpis
1382 2971 1499 2997 subaxet.
1534 2972 1691 3006 Antiquum.
1728 2970 1801 2997 Non.
1817 2979 1837 3000 2,
1853 2972 1907 3002 363.

36 3011 220 3039 G‘rummaticam
234 3015 355 3047 pertinet.
396 3010 446 3042 Vt,
466 3010 514 3036 Ars
533 3008 702 3044 grammatica
718 3008 794 3034 Auci.
808 3007 840 3034 ad
854 3009 969 3034 Herenn.
984 3019 1016 3043 4,
1035 3013 1070 3038 18.
1168 3014 1189 3034 G
1199 3015 1278 3034 ΒΑΝ
1288 3014 1387 3034 DEBA
1398 3014 1414 3032 L
1424 3014 1470 3033 ΑΕ
1479 3026 1488 3038 ,
1513 3015 1599 3033 arum.
1625 3007 1644 3033 f.
1687 3008 1737 3032 Pili
1752 3006 1801 3042 sub
1821 3007 1870 3032 alis
1881 3025 1888 3037 ‚
1908 3006 1937 3032 de
1955 3014 2002 3041 qua
2019 3015 2075 3032 voce
2094 3006 2172 3032 multa

39 3044 225 3084 AusumEpigr.
241 3052 279 3080 30.
323 3048 444 3074 Canones
465 3046 537 3071 Idem
551 3045 698 3079 Epigr.136.
754 3045 847 3070 Horat.
864 3052 930 3077 1,19‚
942 3052 979 3079 40
1079 3046 1111 3072 80
1130 3045 1288 3072 Mar-tinius:
1308 3042 1395 3069 auHor
1408 3043 1482 3076 plane
1495 3042 1583 3068 nullus.

56 3073 76 3103 ἶ
201 3084 267 3110 Non
279 3092 328 3118 ego
341 3081 474 3108 nobilium
487 3081 644 3115 scriptorum
659 3079 767 3106 auditor
786 3084 813 3105 et
824 3079 896 3106 vltor
1171 3085 1192 3106 G
1203 3086 1222 3105 R
1232 3086 1253 3105 A
1263 3086 1284 3105 N
1295 3085 1313 3104 D
1324 3086 1333 3104 1
1343 3084 1360 3105 F
1370 3083 1387 3103 Ε
1398 3084 1432 3110 R,
1447 3086 1471 3109 a,
1491 3086 1545 3103 um.
1579 3076 1639 3104 Adi.
1677 3076 1754 3104 Fac‘la
1768 3076 1864 3102 Nazar.
1873 3076 1963 3108 Paneg.
1973 3075 2106 3101 Constant.
2120 3083 2170 3107 c.3.

22 3119 25 3147 i
203 3119 391 3145 Grammaticas
405 3117 508 3144 ambire
526 3116 613 3144 tribus
628 3122 653 3142 et
667 3114 767 3150 pulpita
780 3114 884 3150 dignor.
1170 3119 1407 3145 GRANDiFlcvs,
1427 3122 1451 3145 a,
1472 3122 1526 3139 um.
1562 3113 1622 3140 Adi.
1665 3114 1737 3138 Mens
1751 3113 1918 3152 Α111111.18,’1;
1938 3113 1949 3141 (
1958 3110 2039 3150 Vale-s.
2053 3112 2068 3136 6
2090 3111 2170 3144 extr.)

160 3161 163 3164 ⁴
203 3154 273 3181 Hinc
292 3154 353 3181 illae
370 3153 503 3180 lacrimae.
1168 3157 1188 3177 G
1198 3157 1216 3177 R
1226 3157 1247 3176 A
1256 3157 1277 3176 N
1288 3155 1306 3175 n
1316 3157 1325 3175 1
1336 3156 1351 3175 L
1361 3147 1437 3186 &qv
1447 3156 1465 3173 κ’
1476 3156 1505 3180 s,
1524 3157 1547 3178 a,
1565 3158 1619 3175 um.
1648 3148 1706 3174 Adi.
1732 3147 1745 3180 [
1752 3147 1960 3180 μεγαλορρψων]
1994 3146 2050 3172 Cic.
2062 3155 2088 3170 111
2096 3146 2171 3172 Orat.

8 3185 15 3198 '
75 3190 127 3211 GR
137 3191 281 3216 ΑΜΜΑΤ
291 3196 381 3217 1cAL
391 3197 400 3215 1
410 3196 440 3221 s,
471 3196 494 3215 e.
537 3186 598 3214 Adi.
645 3185 757 3221 Figurae
779 3185 869 3214 Sidon.
888 3185 968 3221 Epist.
988 3193 1021 3220 7,
1042 3193 1068 3218 9.
1131 3195 1166 3213 20
1184 3196 1204 3212 c.
1220 3194 1233 3218 ,-
1257 3185 1328 3211 Nam
1341 3191 1367 3211 et
1381 3183 1562 3218 grandiloqui,
1579 3191 1608 3210 vt
1622 3185 1656 3209 ita
1670 3184 1761 3212 dicam,
1782 3182 1888 3207 fuerunt
1902 3189 1960 3206 cum
1975 3181 2060 3215 ampla
2073 3187 2099 3207 et
2115 3181 2171 3206 sen-

6 3217 9 3241 2'
37 3220 165 3248 Palaestra
177 3220 245 3249 Idem
253 3226 383 3257 Carm.23,
391 3233 445 3251 212..
1057 3221 1061 3226 ’
1084 3222 1113 3252 85
1131 3223 1274 3249 tentiarum
1288 3221 1417 3255 grauitate
1437 3226 1462 3246 et
1474 3219 1607 3247 maiestate
1619 3218 1779 3256 verborum,
1800 3216 1982 3248 vehementes,
2000 3224 2045 3242 etc.
2095 3216 2171 3243 Idem

6 3272 9 3279 ,
76 3261 98 3282 G
109 3262 129 3281 R
139 3262 159 3281 A
169 3262 279 3285 MMAT
289 3267 298 3285 1
307 3267 323 3287 c
332 3268 353 3286 A
362 3268 378 3287 1.
389 3267 399 3285 1
411 3266 433 3286 T
443 3266 497 3287 ER.
532 3257 648 3285 Aduerb.
685 3257 923 3285 Grammaticaliter
936 3255 1069 3289 declinare
1130 3258 1214 3285 Tusc.
1229 3265 1250 3290 ς,
1260 3263 1291 3288 89
1309 3265 1330 3282 c.
1345 3263 1378 3288 31·
1649 3288 1651 3291 ι
1698 3288 1705 3293 -
1940 3287 1946 3292 .
2007 3287 2013 3292 ⁹

6 3299 17 3305 ·
38 3290 126 3318 Treb.
141 3290 227 3316 Pollio
242 3292 270 3318 in
282 3295 376 3329 Regin.
1168 3299 1188 3319 G
1200 3299 1248 3319 RA
1258 3299 1279 3318 N
1289 3299 1324 3318 Di
1334 3299 1346 3318 s
1355 3297 1372 3317 c
1381 3296 1423 3317 A?
1435 3298 1443 3317 1
1453 3297 1473 3314 v
1483 3297 1512 3322 s,
1528 3298 1553 3322 a,
1573 3298 1628 3315 um.
1655 3287 1716 3315 Adi.
1751 3286 1879 3322 Arbores,
1896 3293 1924 3314 vt
1938 3292 1976 3313 ita
1988 3287 2082 3319 dicam,
2096 3295 2171 3321 gran-

78 3331 100 3352 G
111 3333 130 3352 R
139 3332 161 3352 A
170 3331 257 3352 ΜΜΑ
266 3333 286 3353 '1'
295 3325 308 3353 ἰ
319 3336 336 3356 c
349 3336 368 3356 ο
377 3337 451 3357 MAS
461 3337 501 3357 ‘1'1
510 3337 544 3361 X,
562 3329 622 3364 igis.
647 3338 691 3355 m.-
719 3329 816 3356 Auson.
830 3328 923 3360 Eidyll.
939 3335 965 3353 12
985 3326 1013 3353 in
1027 3327 1067 3353 tit.
1131 3328 1261 3363 disc-apiae
1277 3327 1335 3353 Sen.
1350 3327 1394 3361 Ep.
1408 3328 1440 3355 86
1461 3333 1525 3351 extr.
1667 3359 1672 3364 ·
1743 3358 1748 3363 ι
1843 3323 1846 3333 ·’
1954 3358 1959 3363 ι
2012 3357 2018 3362 .

16 3379 17 3383 .
77 3367 98 3387 G
110 3368 127 3386 R
137 3368 159 3387 A
170 3367 193 3386 Μ
204 3367 228 3386 Μ
236 3367 257 3386 A
265 3359 306 3387 'ri‘
317 3369 334 3389 c
343 3371 360 3391 E
368 3385 374 3391 .
409 3365 477 3392 Adu.
512 3364 729 3401 [γραμματικῶς]
764 3364 893 3398 Qtnffil.
908 3372 927 3394 1,
943 3365 959 3389 6
980 3363 1069 3395 Quare
1169 3370 1188 3390 G
1200 3372 1218 3391 R
1229 3370 1249 3390 A
1258 3370 1281 3389 N
1291 3369 1309 3388 D
1318 3370 1327 3389 1
1337 3369 1349 3388 s
1357 3369 1376 3388 o
1385 3369 1408 3388 N
1417 3368 1437 3387 v
1448 3369 1459 3387 s
1469 3380 1475 3391 ,
1492 3369 1516 3392 a,
1533 3368 1586 3389 11111.
1622 3358 1684 3386 Adi.
1720 3359 1856 3393 Figmenta
1868 3357 2032 3392 grandisonis
2046 3365 2172 3391 pompare

7 3416 12 3428 1
39 3396 108 3423 mihi
128 3405 182 3422 non
202 3396 337 3423 inuenuste
356 3399 408 3426 dici
423 3401 545 3433 videtur,
563 3401 637 3428 aliud
655 3401 703 3426 effe
723 3400 816 3427 Latine
823 3419 832 3432 ,
851 3398 923 3426 aliud
941 3407 1069 3433 gramma·
1082 3409 1118 3435 90
1132 3399 1220 3427 modis
1233 3398 1320 3425 SeduI.
1334 3406 1352 3429 1,
1367 3406 1390 3424 2.
1414 3397 1442 3422 de
1450 3399 1542 3422 Poetis.

6 3433 12 3453 ³
37 3432 89 3459 tice
109 3432 195 3466 loqui·
437 3453 439 3457 ν
1172 3440 1373 3465 GRANDIO,
1392 3433 1446 3464 ini,
1472 3435 1555 3463 itum,
1574 3432 1622 3457 ire.
1659 3429 1792 3463 [μηκύνω]
1828 3427 1950 3454 Grandem
1965 3427 2063 3462 facere.
2101 3427 2172 3454 Mars

3 3461 17 3500 's
77 3473 100 3494 G
110 3475 129 3494 R
138 3475 160 3494 A
171 3474 195 3493 M
203 3473 227 3492 Μ
236 3473 258 3492 Λ
270 3471 292 3492 Τ
304 3472 314 3492 1
323 3472 336 3491 S
346 3471 368 3492 Τ
381 3475 418 3500 A,
438 3478 475 3498 ae.
510 3481 546 3498 m.
581 3469 796 3506 [γραμμικῆς-ἦς]
837 3469 1000 3497 Mediocriter
1018 3478 1070 3495 eru·
1133 3477 1207 3506 pater
1216 3491 1223 3502 ‚
1242 3477 1268 3496 te
1284 3478 1391 3504 precor,
1411 3468 1450 3494 vti
1463 3475 1491 3493 tu
1507 3468 1611 3501 fruges,
1629 3465 1773 3494 frumenta,
1793 3464 1895 3496 vineta,
1915 3463 2083 3503 virgultaque
2098 3471 2174 3496 gran-

6 3508 12 3527 ¹
39 3503 115 3536 df'sss·
151 3503 220 3529 Suet.
235 3500 267 3527 de
282 3501 349 3527 Clas·
360 3502 472 3531 Gramm.
490 3516 510 3532 c·
521 3516 540 3540 4
563 3507 626 3533 Sunt
645 3507 692 3541 qui
707 3507 839 3533 literatum
853 3514 867 3532 a
882 3505 1016 3530 literatore
1032 3504 1071 3530 di·
1134 3507 1187 3533 diri
1203 3506 1266 3532 sinas
1281 3506 1349 3531 Cato
1363 3505 1395 3530 R.
1409 3504 1440 3531 R.
1461 3512 1481 3528 c.
1498 3504 1546 3528 161.
1635 3501 1715 3527 Plaut.
1730 3499 1816 3526 Aulul.
1832 3507 1851 3531 1,
1860 3507 1884 3539 ,1,
1903 3507 1931 3524 10
1951 3499 1977 3539 Si
1989 3497 2076 3538 hodie·
2084 3497 2172 3538 hercle

4 3542 15 3572 l*
39 3538 192 3573 stlssgssfflsto
212 3544 240 3564 vt
260 3536 354 3563 Grae&
373 3541 564 3571 grammaticum
584 3551 599 3568 a
612 3541 802 3576 grammatista:
829 3546 855 3568 et
873 3541 950 3567 illum
963 3538 1071 3574 quidem
1133 3542 1228 3568 fustem
1244 3549 1356 3575 cepero,
1376 3545 1421 3566 aut
1435 3538 1569 3564 stimulum
1588 3537 1616 3563 in
1629 3545 1751 3567 manum,
1772 3533 1947 3560 testudineum
1966 3533 2045 3560 istum
2059 3533 2110 3560 tibi
2122 3542 2173 3569 ego

0 3573 18 3610 lg
41 3573 173 3605 absolute,
192 3573 262 3599 hunc
275 3572 445 3599 mediocriter
457 3574 561 3604 dodum
575 3577 732 3604 existimant.
1084 3587 1116 3613 95
1134 3576 1263 3611 grandibo
1278 3575 1396 3610 gradum.
1431 3573 1505 3609 Cous.
1517 3574 1588 3600 Non.
1604 3581 1626 3604 2,
1642 3577 1692 3604 358.
2137 3603 2144 3609 .

9 3618 12 3634 4
80 3615 102 3636 G
112 3616 130 3637 R
139 3617 161 3636 A
171 3616 195 3635 Μ
204 3616 228 3635 Μ
240 3616 262 3635 A
271 3615 310 3634 ΤῙ
323 3615 335 3634 S
345 3614 365 3633 Τ
376 3615 385 3633 1
397 3612 413 3632 C
424 3614 456 3639 E,
479 3618 514 3636 ae·
550 3613 569 3639 f.
606 3613 714 3648 Legendi
729 3620 751 3639 et
764 3611 892 3649 firibendi
900 3611 1015 3647 saczaltar
1030 3609 1074 3636 illa
1172 3618 1192 3638 G
1203 3619 1222 3638 R
1230 3619 1253 3639 A
1261 3619 1283 3638 N
1292 3618 1311 3638 D
1323 3619 1333 3635 1
1347 3618 1359 3637 s
1371 3616 1387 3637 c
1398 3616 1416 3636 ο
1427 3629 1435 3641 ,
1456 3611 1508 3635 ἕπε.
1535 3610 1548 3642 [
1556 3607 1712 3640 μηκύνομαι]
1750 3603 1872 3630 Grandem
1877 3603 1949 3640 fieri,
1965 3604 2078 3640 ‘'refiert-‘-
2107 3605 2174 3644 Plin-

3 3650 22 3677 ὅ(
42 3646 172 3681 vulgari&
187 3647 272 3679 prima
286 3647 351 3669 inter
365 3649 467 3678 quatuor
479 3651 542 3671 artes
559 3650 703 3683 populares,
721 3648 749 3674 de
763 3648 850 3684 quibus
865 3645 897 3680 qli
913 3654 970 3681 opus
990 3645 1073 3679 Voffii.
1137 3653 1173 3679 18,
1186 3656 1217 3679 30
1236 3654 1301 3673 extr.
1323 3646 1460 3672 Crescente
1474 3644 1534 3670 luna
1548 3644 1680 3669 frumenta
1693 3641 1870 3675 grandescunt.
1934 3640 1972 3666 Ad
1988 3640 2094 3666 audium
2110 3639 2177 3666 hila-

5 3684 19 3702 ⁷'
83 3686 106 3707 G
117 3678 292 3710 ΚΑΜΜᾸΤ
303 3686 368 3705 EVS
378 3698 386 3709 2
407 3678 425 3704 i·
460 3686 495 3704 ¹¹¹·
529 3681 726 3717 [γροιμματεύς]
763 3686 839 3709 trium
852 3683 1001 3717 Syllabarum
1021 3690 1073 3707 cum
1137 3691 1194 3709 rem
1209 3681 1375 3716 grandescere
1389 3681 1493 3706 Lucret.
1507 3688 1531 3709 2,
1547 3687 1608 3710 ¹159·
1703 3675 1809 3701 Famula
1827 3681 1904 3702 vtero
1922 3675 2105 3709 grandescebat
2122 3675 2175 3700 Au-

4 3714 15 3738 '2'
44 3716 203 3752 Diphrhongo
221 3719 248 3741 in
262 3716 350 3741 ultima
365 3724 372 3738 .-
399 3714 450 3747 Qui
463 3716 570 3740 rationes
581 3719 688 3751 publicas
702 3723 729 3744 in
744 3719 835 3745 tabulis
843 3718 951 3754 stabit,
971 3717 1010 3742 uel
1024 3718 1075 3742 No·
1139 3717 1234 3752 gustin.
1247 3717 1361 3743 Cont'ess‘.
1376 3724 1401 3750 7,
1414 3718 1438 3742 6.
1509 3713 1683 3739 Grandescere
1697 3716 1722 3737 et
1735 3711 1771 3737 ali
1783 3711 1887 3737 Lucret.
1903 3719 1923 3745 ι,
1937 3719 1986 3743 191.
2042 3709 2176 3737 Lentiscus

13 3767 16 3771 *
44 3753 135 3780 tarius.
170 3751 248 3785 Apul.
264 3759 285 3776 11
307 3759 330 3784 p.
344 3752 391 3781 265
416 3748 493 3774 Tum
512 3756 543 3774 ex
555 3749 596 3775 his
612 3761 692 3786 vnus,
712 3763 790 3789 quem
809 3753 898 3780 cuncti
918 3757 1129 3787 grammatea100
1138 3753 1240 3786 triplici
1253 3752 1330 3778 solita
1341 3751 1508 3786 grandescere
1522 3750 1577 3774 fetu
1603 3747 1663 3774 Ter
1677 3747 1765 3780 fruges
1779 3747 1889 3773 fundens
1901 3748 1952 3773 tria
1970 3752 2088 3779 tempora
2101 3751 2175 3785 nJon-

7 3789 13 3797 ⁴
41 3785 172 3813 dicebant.
228 3786 315 3813 suidas
330 3788 367 3812 ait
386 3789 544 3818 grammatea
563 3783 605 3817 ssffi
617 3792 737 3816 notarium
756 3789 904 3826 ᾱπορρἡων,
922 3787 950 3814 id
963 3786 995 3821 esi
1007 3796 1077 3814 arca·
1139 3788 1200 3814 strat
1220 3787 1312 3814 arandi
1343 3787 1398 3814 Cic.
1414 3786 1444 3812 de
1460 3785 1550 3811 Diuin-
1566 3792 1586 3816 ι,
1599 3790 1624 3816 15
1653 3789 1700 3817 pro
1719 3784 1769 3808 Ter
1783 3786 1914 3821 quotannis
1924 3779 2016 3817 fruclu
2035 3786 2129 3840 ‹uigori›
2147 3785 2175 3803 Μ

43 3830 127 3849 ”Orflm
142 3824 289 3857 Prinsl'pt‘m.
1139 3822 1238 3849 dicendi
1250 3825 1345 3848 ratione
1355 3842 1361 3851 ,
1379 3831 1427 3857 qua
1443 3823 1543 3854 aliquem
1558 3821 1644 3854 augeri
1659 3817 1745 3844 liberis
1758 3817 1838 3844 dit-ere
1851 3820 1966 3854 Jolemus,
1987 3821 2014 3841 vt
2028 3823 2054 3839 re
2082 3822 2093 3838 e
2110 3814 2176 3852 Tur-

11 3876 15 3879 -
58 3859 59 3863 ¹
79 3861 102 3883 G
112 3864 132 3883 R
141 3864 161 3883 A
171 3864 195 3882 Μ
204 3864 228 3883 Μ
238 3864 258 3882 Α
267 3863 288 3882 Τ
297 3863 316 3882 0
325 3862 343 3882 D
352 3863 361 3881 1
370 3861 388 3881 D
398 3862 419 3882 A
429 3862 441 3882 S
451 3861 496 3882 CA
506 3861 521 3880 ῐ-
533 3860 553 3879 V
563 3861 576 3880 S
585 3873 593 3886 2
612 3854 632 3880 i.
666 3865 702 3884 m.
736 3860 813 3891 Mart.
826 3859 925 3893 Capell.
939 3867 950 3891 3
971 3868 996 3894 p.
1007 3866 1041 3890 51.
1139 3859 1220 3885 nebus.
1273 3857 1369 3883 Pabula
1383 3855 1552 3891 grandescunt
1565 3854 1669 3880 Lucret.
1682 3862 1707 3884 2,
1720 3861 1784 3886 1159·
1837 3853 1912 3887 Seges
1928 3852 2016 3885 sponte
2029 3847 2176 3883 grandescit

60 3924 65 3927 .
79 3896 102 3918 G
112 3898 131 3917 R
140 3900 161 3919 A
169 3899 193 3918 M
203 3900 226 3918 M
237 3899 259 3918 A
268 3898 288 3917 T
297 3898 316 3918 o
326 3898 340 3917 P
349 3898 369 3917 1-1
379 3898 397 3917 o
406 3898 425 3917 R
435 3897 456 3915 v
467 3897 479 3916 s
487 3910 494 3923 ,
521 3890 539 3916 i.
574 3898 609 3915 m.
651 3891 810 3921 Tabellarms.
846 3896 961 3922 Hieron.
1139 3893 1232 3921 Claud.
1246 3891 1278 3918 de
1291 3891 1366 3927 Rapt.
1378 3892 1495 3924 Proserp.
1509 3898 1537 3922 3,
1550 3898 1594 3923 24.

66 3932 101 3957 -G
108 3933 128 3955 R
135 3935 158 3955 A
165 3934 222 3957 MM
229 3934 252 3955 A
260 3934 282 3956 ‘r
291 3934 310 3956 o
318 3934 334 3954 r
342 3933 364 3954 11
374 3933 393 3954 Υ
403 3933 420 3954 1.
427 3933 451 3954 A
459 3932 476 3954 c
485 3933 494 3953 1
503 3931 523 3953 v
531 3931 558 3953 Μ
565 3941 576 3957 ,
594 3925 615 3952 i.
634 3933 661 3952 n.
696 3926 987 3966 [γραμματοφυλάκιον]
1027 3928 1077 3959 Vbi
1084 3939 1128 3967 ως
1176 3934 1198 3958 G
1208 3935 1226 3956 R
1235 3934 1258 3956 A
1267 3934 1289 3955 N
1299 3933 1318 3956 ι)
1330 3934 1350 3956 0
1359 3947 1369 3961 ‚
1388 3927 1447 3996 ini}
1467 3925 1503 3989 ἦ.
1532 3926 1552 3988 ²[
1558 3923 1686 3960 χάλαζα]
1721 3924 1800 3952 Gutta
1821 3929 1897 3959 aquae
1914 3923 1942 3947 in
1962 3920 2018 3946 ‹az-'re
2038 3917 2174 3979 congelgclzitg:
