2479 4225
12 158 112 231 ἓ745
433 178 466 218 F
544 179 574 218 R
655 179 691 218 o
1518 180 1551 220 F
1639 179 1670 219 R
1760 181 1797 220 v
2096 188 2174 236 746

178 215 188 227 Q

41 267 162 298 Hirsutus
179 264 250 299 paslis
267 270 297 292 vt
309 265 415 292 videare
433 266 524 293 comis.
566 265 630 300 Voffi
645 267 679 294 ad
690 265 784 293 Catull.
797 274 808 292 1
831 265 940 291 Frontes
951 262 1071 298 intelligit
1172 271 1185 291 ε
1196 272 1213 292 R
1223 272 1242 291 0
1251 273 1272 292 Ν
1282 271 1347 293 niis
1357 271 1374 292 C
1386 271 1405 292 Ο
1418 286 1426 299 ,
1445 268 1499 294 ὅτε.
1536 268 1710 303 [φυλλὲμοιι]
1747 268 1857 295 Arbores
1869 271 1994 305 dicuntur,
2012 281 2084 308 quum
2093 272 2160 307 fron

40 302 105 339 bases
121 300 302 335 cylindrorum,
326 301 352 336 s
373 303 521 328 voluminum
536 312 544 326 :
580 310 604 328 et
621 303 665 329 hac
677 302 740 338 fitne
752 301 815 337 sum
832 302 949 336 geminae.
1018 300 1071 324 Hae
1134 299 1175 326 des
1188 305 1310 327 emittunt.
1346 302 1476 329 Coluiucl.
1493 311 1515 335 ς,
1552 324 1558 330 .
1594 324 1601 330 .
1637 303 1822 330 Nihilominus
1838 306 1908 332 enim
1923 309 2009 340 paucis
2024 308 2171 335 frondescet

0 353 3 366 i
41 345 165 372 mitequam
178 344 269 361 cornua
287 342 311 362 et
322 336 434 363 umbilici
446 337 564 363 accedant
577 347 624 364 non
639 342 736 369 minus,
754 345 825 372 quam
843 343 894 361 tres
906 333 1014 360 codicum
1030 343 1072 359 ⁷10-
1153 337 1270 370 ampinis.
1343 338 1396 363 Cic.
1412 338 1494 364 'l'usc.
1509 347 1528 370 1,
1541 342 1574 371 69
1594 348 1615 366 c.
1627 344 1658 370 28
1682 340 1746 366 Non
1759 339 1912 366 intermittit
1925 343 1970 368 suo
1984 350 2101 378 tempore
2116 353 2170 370 cae.

0 368 5 413 ’ᾗ
33 369 376 408 strorumfrontesfi'cando‚
391 372 505 408 poliendo
515 392 523 405 ,
537 373 663 409 pingendo
676 375 762 400 ornari
769 369 876 406 poſjiint.
930 370 1071 396 Burmanno
1147 381 1190 397 um
1204 372 1355 404 mitescere,
1375 371 1482 398 arbores
1497 374 1670 401 frondescere.
1741 375 1845 402 Lucret.
1864 384 1884 407 1,
1898 384 1956 407 1092
1978 378 2031 404 Nec
2051 380 2170 412 prorsum

0 421 5 439 ι
35 410 115 446 placet
125 406 260 442 intelligere
272 409 382 441 primam
400 407 576 441 membranam,
600 418 659 444 quac
678 409 776 434 titulum
792 406 878 438 habet,
896 410 949 430 tum
966 407 993 429 in
1006 411 1070 430 exte·
1093 410 1108 437 ς
1134 407 1275 434 arboribus
1294 409 1407 434 summos
1426 407 1590 436 frondescere
1608 419 1694 437 ramos
1708 410 1787 437 Posse.
1845 411 1929 445 Virga
1940 411 2080 440 frondescit
2095 415 2168 449 Virg.

40 447 104 472 riore
110 448 185 477 parte
191 444 328 476 scriptum,
347 446 391 479 qui
403 445 453 479 legi
460 443 535 479 poffit
552 445 672 470 volumine
687 443 820 470 conualuto,
839 447 889 466 tum
903 443 929 465 in
942 442 1070 472 interiore,
1135 444 1199 468 Aen.
1218 445 1234 469 6
1243 463 1251 475 ‚
1274 451 1331 476 144.

57 474 205 506 ui¹voluenti
221 479 328 511 primum
346 482 372 504 in
389 480 468 505 oculos
487 474 611 505 incurrat.
663 478 711 506 Sed
721 486 768 503 non
785 482 902 510 apparet,
922 477 964 510 qui
977 477 1004 500 1¹²1
1018 475 1072 501 hir·
1170 485 1213 504 PR
1225 484 1274 504 ON
1285 486 1302 505 1)
1314 483 1350 510 O,
1375 481 1427 504 are.
1462 478 1657 515 [Φυλλοκοπέω]
1696 480 1803 508 Frondes
1821 487 1955 515 amputare.
1997 482 2064 507 Vnde

40 487 93 550 suta
107 511 244 539 membrana
257 512 339 548 scribi
356 516 445 540 titulus
460 517 580 550 potuerit.
642 515 673 541 In
689 512 785 539 aedibus
806 512 888 538 Frons
906 510 999 536 dicitur
1018 510 1072 537 Pal·
1169 519 1212 539 PR
1222 521 1241 540 o
1250 521 1270 540 N
1280 520 1297 539 D
1307 515 1329 540 Ᾰ
1340 519 1362 540 Τ
1373 520 1435 544 OR,
1451 513 1512 540 aris.
1533 523 1567 540 m.
1598 516 1795 551 [φυλλοτόμος]
1832 516 1904 543 Tria
1916 524 2011 550 genera
2025 518 2082 543 funt
2096 518 2168 544 fron-

39 548 87 577 lad.
103 556 121 581 ι,
135 551 147 577 8
166 553 228 573 extr.
253 548 318 584 quod
329 548 414 576 deinde
424 550 570 584 appellatum
584 548 617 582 est
623 547 823 585 frontispicium·
893 547 988 572 lanu-'ie
1000 546 1071 572 fron·
1132 547 1263 575 datorum.
1300 547 1463 580 Frondator,
1482 549 1529 583 qui
1542 549 1648 576 arbores
1661 557 1791 586 amputat,
1807 557 1832 577 et
1845 552 1893 586 qui
1906 560 1920 577 e
1932 551 2072 578 frondibus
2087 555 2167 579 mani-

40 591 77 614 tes
92 581 171 610 Ouid.
187 581 249 608 Fast.
264 592 282 614 1,
297 592 344 616 135.
414 585 490 611 Lecti
508 586 601 611 quen.
615 593 647 615 11,
656 585 699 616 96.
771 580 985 616 Spe&aculot·u111
998 581 1071 608 frons
1089 591 1118 609 10
1134 584 1209 617 pulos
1225 584 1292 611 facit*
1301 583 1396 610 hiemis
1410 589 1528 618 tempore
1545 585 1702 612 animalibus
1716 586 1746 612 ad
1764 587 1864 620 pastum
1882 587 2028 614 offerendos
2043 597 2048 613 :
2079 594 2105 614 et
2123 589 2171 622 qui

34 621 113 657 primi
131 624 153 643 et
167 619 211 643 imi
222 619 316 654 gradus
333 620 437 646 Sueton.
452 620 544 647 Claud.
562 629 583 646 c.
598 628 625 652 4.
678 619 717 644 De
731 617 807 645 Scena
826 616 923 650 Virgil.
937 617 1007 643 Geor
1027 637 1032 643 .
1048 626 1071 649 3,
1133 619 1256 646 manibus
1282 619 1379 646 vitium
1405 619 1470 645 folia
1491 620 1581 647 auellit
1595 640 1603 652 ‚
1627 631 1682 656 quo
1706 621 1787 648 ardor
1807 623 1871 648 solis
1891 631 1969 649 vuam
1995 623 2170 649 maturiorem

38 663 74 689 24
100 652 207 680 discedit
220 654 298 680 vertis
312 655 459 686 frontibus,
479 665 531 682 cum
545 626 1060 692 aliasubi'tofacies,aliafmnsspesfato
1134 654 1240 686 reddat,
1265 660 1309 681 aut
1323 654 1403 687 Auis,
1427 663 1493 688 quae
1514 656 1542 681 in
1562 656 1700 683 frondibus
1725 657 1840 690 habitat,
1865 664 1890 683 et
1912 658 1954 684 his
1975 659 2104 691 vescitur,
2126 659 2170 684 vel

27 690 106 718 .rtbus
124 688 240 722 offlrtur.
291 691 369 725 Apud
379 691 579 728 Agrimensores,
604 690 634 715 In
648 689 765 714 frontem
770 687 901 724 significat
915 689 945 713 ln
959 688 1072 714 latitudi-
1133 690 1212 716 etiam
1228 689 1379 722 Palumbeu,
1400 699 1466 724 quae
1486 691 1513 717 in
1533 691 1673 719 frondibus
1691 692 1835 719 nidificant.
1872 692 2000 719 Hafa-nus
2012 694 2118 720 Seruius
2137 693 2172 720 ad

37 735 99 752 nem.
136 723 224 758 Pqffim
236 727 263 750 in
272 724 453 761 sepulcralibus
471 723 701 758 inscriptionibus,
727 724 785 750 IN.
811 724 830 750 F
840 725 870 749 K.
895 723 951 749 IN.
980 724 1070 749 ΑΘΚ.
1133 726 1229 759 Virgil.
1242 725 1293 751 Ecl.
1310 733 1330 757 1,
1344 732 1375 759 57
1401 727 1471 752 Hinc
1484 727 1535 753 alta
1552 726 1600 753 sub
1614 737 1678 762 rupe
1691 734 1766 754 canet
1780 727 1917 755 frondator
1929 728 1959 754 ad
1973 738 2057 757 auras.
2106 729 2168 756 Falx

28 763 58 790 -i.
78 762 108 787 In
123 759 228 789 fronte,
253 761 284 786 In
299 770 362 796 agro
376 773 384 792 ;
414 769 443 789 vt
455 764 634 796 interpretatur
647 759 736 786 Valer.
748 758 828 786 Prob.
871 758 945 794 Cons.
959 759 1070 793 Intcrpr.
1089 770 1114 797 ¹5
1132 761 1317 787 frondatorum
1333 760 1527 796 Catul.Arg0n.
1537 764 1580 795 62,
1591 772 1632 796 4¹·
1666 763 1740 799 Conf.
1753 763 1835 790 Ouid.
1843 764 1907 790 Met.
1917 772 1956 796 14,
1967 766 2029 797 649.
2064 771 2089 792 et
2105 765 2171 792 Tur-

33 796 71 824 -fld
84 797 176 822 Horat.
190 796 270 822 Serui.
286 805 304 828 1,
318 802 342 829 8,
353 806 390 824 10.
1131 796 1183 823 neb.
1197 795 1302 832 Aduers.
1320 805 1347 827 1,
1365 799 1405 822 26.

73 832 298 864 paona-sire,
326 833 359 859 is.
393 841 419 859 n.
475 827 671 864 κεφαλόδεσμος,
691 826 896 865 προμετωπίδιον]
938 829 1071 868 Ornamen-
1169 838 1212 858 1-‘R
1225 838 1244 858 0
1255 838 1276 857 N
1287 837 1430 864 nna-10,
1458 832 1525 859 onis.
1561 833 1581 859 f.
1617 833 1721 860 Colum.
1735 841 1759 866 ς,
1770 835 1796 864 6,
1810 835 1838 860 16
1859 835 1944 869 Atque
1959 834 1987 861 in
2001 833 2172 862 frondatione

36 873 103 899 tum,
124 867 189 902 quos!
197 866 289 902 fronti
306 877 434 904 equorum,
465 875 501 892 tue
516 867 697 901 elephantorum
714 868 808 901 imponi
812 863 915 903 Jblebat5
937 864 1018 903 ¹le-
1033 872 1072 898 37,
1132 865 1292 899 cauendum,
1312 875 1345 892 ne
1364 874 1409 893 aut
1428 868 1589 902 prolixiores
1609 869 1718 904 pollices
1737 868 1815 901 siant,
1841 870 1888 904 qui
1907 878 1939 896 ex
1958 871 2098 904 amputatis
2118 871 2172 898 vir-

37 911 66 930 η
86 902 114 929 de
128 901 294 929 cochlidibus
309 906 422 939 gemmis,
447 902 641 936 Qtondamque
661 907 748 928 tantae
767 899 957 933 magnitudinis
975 900 1071 932 fecere,
1132 904 1170 937 gis
1190 902 1386 936 relinquuntur.
1394 917 1402 929 -.

35 944 65 964 vt
77 937 160 999 equii
164 947 257 977 regum
270 938 300 964 in
311 939 412 965 oriente
426 937 566 969 frontalia,
584 943 663 972 atque
684 944 733 972 pro
746 935 860 970 phaleris
879 934 987 969 pensilia
1006 936 1071 961 face-
1083 947 1118 965 20
1171 944 1220 978 F'R
1232 944 1252 964 o
1264 944 1286 963 N
1295 944 1313 964 Ι)
1322 944 1338 998 ὲ
1345 943 1362 964 c
1371 944 1390 964 o
1399 957 1408 970 ,
1426 941 1477 965 ire.
1513 938 1592 971 Idem,
1606 948 1636 966 αι·
1651 939 1826 976 Frondescere:
1845 939 1923 975 Apud
1933 939 2069 973 Eutychen
2080 941 2172 968 Gram-

36 979 103 1001 rent.
163 982 198 1000 1u.
215 981 256 1008 37,
269 983 314 1007 40.
1131 979 1220 1000 matie.
1246 982 1271 1007 p.
1291 981 1319 998 21
1341 981 1359 999 ι.

73 1015 90 1036 F
99 1015 116 1034 n
127 1015 146 1035 o
157 1016 178 1035 N
189 1016 210 1036 T
219 1011 266 1035 ᾹΤ
276 1016 296 1035 ν
305 1016 333 1041 s,
352 1016 376 1040 a,
394 1015 447 1034 um.
484 1006 544 1034 Adi.
581 1005 758 1041 [mmmm-0⁸5]
795 1004 903 1032 Vitruu.
918 1014 940 1038 2,
955 1010 969 1035 8
994 1005 1070 1040 Lapi-
1172 1014 1188 1034 F
1200 1015 1219 1034 R
1230 1013 1249 1034 o
1260 1015 1281 1034 N
1291 1015 1309 1034 D
1318 1015 1327 1033 1
1337 1013 1353 1034 c
1365 1006 1384 1035 ὅ
1393 1015 1446 1035 MV
1455 1016 1468 1036 s
1477 1029 1486 1042 ‚
1504 1017 1528 1040 a,
1544 1018 1599 1035 um.
1633 1008 1695 1036 Adi.
1735 1009 1785 1040 Vt,
1804 1009 1989 1037 Frondicomis
2001 1010 2120 1038 habitare
2134 1011 2172 1039 lo-

36 1043 82 1071 des
94 1050 151 1071 vtra
171 1053 203 1070 ue
217 1049 289 1078 parte
301 1044 428 1076 frontati,
441 1042 519 1079 Jime,
538 1046 581 1078 qui
592 1049 696 1078 utraque
708 1047 784 1077 parte
792 1044 913 1076 parietis,
925 1040 1038 1076 frontem
1044 1041 1071 1076 J:
1131 1043 1168 1071 cis
1185 1043 1307 1070 Prudent.
1321 1043 1397 1070 Cath.
1410 1053 1433 1077 3,
1453 1053 1506 1071 102.

28 1079 127 1115 faciem
139 1053 280 1113 (fiendum,
300 1089 328 1105 cx
341 1079 427 1114 quibus
433 1079 514 1115 fiunt,
531 1087 592 1113 quae
607 1079 682 1114 vulgo
695 1082 800 1104 catenae
817 1083 841 1102 et
855 1085 931 1103 crura
947 1077 1070 1108 dicuntur,
1167 1085 1183 1105 F
1192 1086 1211 1105 R
1222 1085 1242 1106 o
1253 1086 1274 1106 Ν
1283 1085 1301 1104 D
1310 1077 1323 1105 f
1333 1086 1349 1105 F
1358 1086 1400 1105 ER
1410 1099 1418 1112 ,
1439 1081 1500 1112 era,
1521 1080 1606 1106 erum.
1639 1078 1700 1105 Adi.
1731 1078 1921 1113 [φυλλοφόρος]
1959 1081 2065 1107 Frondes
2073 1081 2172 1116 ferens,

35 1115 123 1150 quibus
138 1117 214 1141 totius
225 1117 306 1148 operis
316 1113 425 1148 firmitas
441 1113 536 1147 constat
549 1123 557 1138 :
579 1122 640 1148 quac
657 1122 708 1138 cam
724 1115 846 1138 rationem
863 1115 891 1138 in
904 1111 1013 1147 aedificio
1028 1112 1071 1138 ha-
1086 1121 1118 1148 25
1131 1115 1236 1141 Lucret.
1256 1124 1276 1147 1,
1295 1123 1324 1146 19
1349 1115 1572 1150 frondiferasque
1589 1114 1683 1141 domos
1701 1115 1801 1141 auium.
1874 1114 1976 1141 Nemus
1995 1115 2173 1143 frondiferum

34 1152 106 1183 henr,
123 1159 194 1185 quam
211 1149 260 1183 offiz
278 1152 305 1175 in
323 1150 427 1176 homine.
480 1150 570 1176 Graece
588 1150 629 1174 vel
647 1147 752 1174 Diatori
771 1147 888 1174 dicuntur
900 1157 910 1176 ‚·
935 1147 1000 1182 quast
1012 1155 1071 1182 per·
1131 1151 1235 1178 Lucret.
1251 1159 1277 1182 2,
1289 1158 1346 1182 259.

28 1192 106 1220 petua
119 1185 250 1220 fhliditate
269 1188 387 1220 ‘utrinque
403 1183 524 1218 exstantes
537 1194 545 1208 :
580 1184 633 1215 vel,
651 1190 681 1209 vt
696 1186 723 1208 in
738 1182 880 1218 quibusdam
893 1184 1071 1217 exemplaribus
1168 1191 1270 1212 FRON
1281 1191 1299 1211 D
1309 1190 1426 1212 1FLVV
1436 1191 1462 1217 S,
1479 1194 1504 1218 a,
1522 1194 1577 1212 um.
1614 1184 1676 1211 Adi.
1712 1184 1840 1211 Bofe'thius
1854 1193 1864 1211 1
1893 1186 1982 1213 Metro
1996 1192 2009 1219 5
2036 1185 2085 1211 Tu
2101 1185 2173 1212 fron.

31 1222 133 1256 legitur,
155 1220 277 1251 Diatoni3
301 1218 413 1255 (chosi-ovo:
427 1220 532 1253 Elzeu.)
551 1218 580 1244 id
589 1217 632 1252 est,
644 1218 675 1244 ab
688 1228 738 1244 ena
746 1221 857 1254 parietis
866 1225 941 1253 parte
953 1218 987 1245 ad
996 1220 1072 1245 aliam
1132 1220 1228 1247 difluae
1243 1220 1345 1255 frigore
1357 1221 1467 1247 brumae
1504 1220 1616 1254 Stringis
1635 1221 1720 1247 lucem
1741 1220 1868 1248 breuiore
1880 1229 1964 1248 mora.
2022 1222 2093 1248 Tunc
2110 1224 2174 1247 enim

20 1280 21 1286 ,
27 1257 183 1292 pertinentes
195 1256 422 1291 pertendentesque.
476 1253 598 1289 Artifices
611 1255 639 1280 ob
651 1254 696 1281 hoc
708 1255 849 1289 Perpennus
861 1254 993 1293 appeliant,
1005 1253 1072 1289 quast
1125 1256 1236 1293 frondes
1255 1256 1285 1282 ab
1301 1256 1429 1283 arboribus
1441 1256 1530 1292 fluunt
1548 1257 1692 1291 caduntque.

20 1312 21 1327 ἶ
29 1297 145 1359 {er-petuo
163 1291 245 1325 lapide
262 1290 413 1324 constantes,
429 1290 459 1316 id
470 1288 502 1323 est
515 1289 606 1326 Jolido.
643 1291 712 1316 Haec
725 1289 848 1316 Budaeus.
900 1290 965 1316 le.
979 1298 1023 1322 35,
1043 1298 1071 1316 12
1086 1290 1121 1326 30‘
1169 1299 1185 1318 F
1194 1299 1213 1318 R
1223 1298 1243 1319 0
1254 1298 1321 1318 NDI
1331 1298 1348 1318 C
1360 1299 1368 1318 1
1379 1298 1399 1317 v
1409 1299 1422 1318 s
1430 1311 1437 1323 ,
1458 1292 1476 1317 i.
1513 1301 1549 1318 m.
1585 1292 1718 1327 Cognomen
1732 1291 1823 1317 militis
1834 1291 1947 1318 Romani.
1987 1290 2045 1319 Vid.
2053 1291 2100 1328 fico
2113 1293 2173 1319 loco.

63 1327 100 1360 46
118 1325 165 1351 Vel
178 1326 210 1352 ad
222 1326 290 1352 reela
303 1326 442 1352 eodiilibus
458 1325 589 1352 laterculis
604 1324 789 1360 frontatisque.
1169 1333 1186 1354 F
1199 1334 1219 1354 R
1231 1334 1250 1354 Ο
1260 1333 1273 1355 S
1285 1346 1296 1360 ‚
1329 1326 1384 1354 vid.
1418 1333 1435 1353 F
1447 1334 1466 1354 R
1477 1332 1496 1353 0
1508 1333 1529 1352 N
1543 1333 1556 1353 S
1566 1345 1573 1352 -

36 1360 88 1399 ᾖξ’
100 1366 119 1386 R
131 1367 151 1387 o
160 1368 181 1386 N
190 1368 212 1387 T
222 1368 232 1387 1
241 1369 263 1387 N
272 1368 291 1387 v
302 1368 314 1388 s
323 1382 332 1393 ,
361 1362 379 1387 i.
417 1370 452 1387 m.
494 1364 630 1397 Cognomen
651 1362 754 1387 Roman.
773 1366 802 1387 vt
819 1363 871 1386 eius
879 1380 887 1392 ‚
915 1362 958 1395 qui
976 1360 1070 1387 Strate-

0 1395 11 1426 ’ς’
37 1398 149 1434 geniatum
160 1396 239 1423 libros
253 1396 360 1433 collegit.
394 1398 438 1424 An
451 1397 556 1422 eiusdem
566 1395 600 1430 fit
611 1396 707 1423 libellus
719 1396 940 1431 Aquaeductuum
961 1395 1073 1422 dubitari
1493 1400 1518 1432 F
1638 1400 1666 1432 R
1785 1399 1814 1430 V

0 1461 6 1482 :
20 1426 114 1470 ,puell-

44 1473 46 1475 ’
70 1473 136 1494 PRO
144 1474 167 1493 N
175 1474 197 1493 T
207 1472 227 1493 O
235 1486 243 1498 ‚
270 1466 337 1493 onis.
374 1476 411 1494 m.
446 1467 608 1501 [μιτωπίας]
645 1468 697 1502 Qn‘
717 1476 832 1502 magnam
857 1466 930 1493 habet
945 1466 1070 1502 frontem.
1088 1476 1116 1503 35
1170 1477 1187 1498 p
1195 1477 1215 1497 R
1224 1478 1245 1497 v
1255 1475 1273 1496 c
1284 1476 1306 1496 T
1315 1476 1336 1496 v
1346 1477 1359 1498 s
1368 1490 1377 1503 ‚
1403 1477 1448 1497 etc,
1489 1469 1549 1496 Vid.
1566 1467 1624 1505 post
1644 1476 1661 1496 F
1669 1476 1689 1495 R
1698 1474 1720 1495 v
1732 1474 1751 1495 o
1760 1475 1790 1495 R.

0 1503 5 1530 ζ
34 1497 88 1529 Cic.
103 1501 134 1528 de
150 1503 212 1529 Nar.
226 1503 306 1529 Deor.
322 1511 342 1535 1,
356 1507 387 1532 80
411 1512 432 1529 c.
448 1511 478 1535 29
508 1503 611 1536 Ecquos
629 1510 743 1528 uacuum
756 1502 869 1534 habere,
886 1511 985 1536 ecquos
1003 1502 1071 1533 silos,
1170 1513 1186 1533 p
1195 1514 1214 1533 R
1222 1513 1242 1531 v
1252 1512 1273 1533 G
1281 1513 1303 1532 A
1312 1514 1328 1532 L
1337 1514 1346 1532 1
1355 1513 1368 1532 S
1377 1526 1385 1538 ‚
1417 1512 1432 1532 F
1443 1513 1462 1532 R
1471 1513 1491 1532 v
1500 1512 1521 1532 G
1530 1512 1551 1531 A
1562 1512 1578 1531 L
1586 1513 1595 1531 1
1605 1512 1626 1531 T
1635 1512 1657 1531 A
1667 1512 1679 1531 s
1688 1524 1695 1536 ,
1727 1503 1780 1530 vid.
1793 1501 1851 1539 PQst
1872 1510 1888 1530 F
1896 1510 1914 1530 R
1924 1511 1945 1530 v
1953 1508 1974 1530 G
1984 1511 1994 1530 1
2002 1511 2017 1531 Ρ
2025 1511 2042 1531 Ε
2050 1510 2069 1532 R
2078 1510 2097 1530 D
2106 1511 2137 1531 Α.

4 1543 6 1546 ’
33 1535 141 1573 flaccos,
163 1537 318 1569 frontmws,
337 1538 471 1572 capitoness
482 1557 490 1569 ‚
511 1546 577 1571 quae
593 1537 652 1564 sunt
672 1538 700 1563 in
719 1537 797 1563 nobi⁵
811 1539 820 1564 ἓ
1015 1537 1035 1575 Ἴ
1056 1546 1072 1564 2
1170 1548 1186 1568 F
1197 1549 1215 1568 R
1225 1548 1453 1569 VGAMENTA
1463 1561 1472 1574 ,
1496 1549 1512 1568 a
1524 1540 1656 1575 Frugibus
1674 1539 1802 1574 appellata
1819 1539 1906 1565 Festus
1925 1543 1964 1566 ait
1979 1550 1986 1564 :
2004 1539 2052 1576 sed
2064 1540 2124 1575 quid
2136 1543 2174 1567 rei

31 1572 165 1609 Gognomen
176 1574 280 1599 Roman.
306 1582 330 1598 v.
342 1582 368 1608 g.
389 1576 456 1604 eius,
469 1582 538 1608 quem
552 1573 591 1599 M.
606 1574 733 1599 Antonius
746 1572 917 1609 Philofhphiae
930 1579 1074 1608 praecepto·
1126 1576 1247 1613 suerint,
1260 1571 1340 1603 ficet,

28 1617 79 1635 rem
97 1608 201 1641 habuit,
220 1614 265 1634 ⁶1⁶·
1155 1626 1157 1629 .
1172 1618 1343 1642 FRVGE&
1364 1611 1394 1637 is.
1419 1610 1438 1636 f.
1474 1609 1595 1637 Charisio
1613 1618 1622 1636 1
1644 1619 1668 1643 p.
1683 1611 1723 1635 26.
1753 1609 1795 1634 vel
1814 1615 1830 1634 F
1842 1615 1934 1638 RVX,
1952 1607 2045 1641 frugis.
2066 1608 2085 1634 f.
2120 1609 2175 1635 Pri.

65 1650 110 1670 FR
120 1649 139 1669 Ο
152 1650 173 1668 N
184 1649 206 1669 T
216 1649 323 1674 osvs,
340 1650 364 1674 ἃ,
383 1650 438 1668 ⁰¹¹¹-
475 1642 536 1668 Adi·
570 1642 789 1678 Multumfrontis
802 1641 900 1668 babens·
936 1642 1071 1670 onomast·
1085 1661 1121 1685 40
1133 1648 1221 1673 seiano
1240 1647 1326 1681 (certe
1338 1648 1514 1672 Nominatiuus
1528 1646 1598 1671 Frux
1617 1642 1697 1676 exstat
1710 1644 1776 1678 apud
1789 1645 1901 1669 Varron.
1915 1643 1944 1667 L.
1960 1642 1989 1667 L.
2003 1647 2025 1672 8,
2038 1645 2081 1673 31)
2105 1652 2175 1678 gene-

30 1678 189 1711 Fl‘onmsUS,
207 1678 377 1713 ἕνξνμέΐωπθῑ-
413 1678 550 1711 Allgssstin·
565 1678 647 1704 serm·
662 1683 689 1711 58
710 1679 784 1711 Qffle
799 1679 871 1711 PsiUS
885 1678 1003 1705 frontosa
1015 1685 1072 1705 erat
1131 1684 1184 1709 rale
1197 1691 1281 1708 nomen
1296 1680 1345 1714 est:
1372 1690 1419 1706 non
1432 1680 1499 1705 modo
1517 1680 1551 1706 ad
1557 1679 1699 1715 frumenta,
1717 1681 1894 1712 leguminaque,
1903 1676 1952 1710 fid
1963 1679 2036 1702 ctiam
2050 1677 2084 1702 ad
2094 1687 2176 1704 omnes

2 1735 6 1743 ,
29 1714 63 1739 ad
76 1713 269 1747 perditionem,
289 1713 375 1747 postea
396 1712 541 1739 frontosior
561 1713 630 1739 faeta
648 1714 685 1739 est
705 1714 737 1739 ad
756 1713 874 1739 salutem.
945 1714 1019 1739 Idem
1040 1713 1072 1739 de
1126 1715 1235 1751 frustm
1248 1723 1342 1745 terrae,
1363 1724 1422 1749 quos
1441 1717 1468 1740 in
1487 1717 1628 1740 alimoniam
1646 1715 1766 1737 vertimus
1778 1721 1788 1739 ;
1817 1710 1881 1736 vnde
1894 1711 2049 1744 Frugiferae
2066 1711 2175 1740 arbore·

31 1749 114 1774 Ciuit.
135 1748 185 1774 Dei
205 1756 238 1783 7,
258 1757 276 1781 4
310 1748 337 1774 de
355 1750 417 1774 Iano
434 1748 560 1783 bifronte,
580 1750 619 1774 vel
641 1749 816 1783 quadrifronte
833 1748 907 1778 adeo,
936 1750 977 1773 An
1001 1748 1072 1773 forte
1132 1749 1215 1775 dii-‘iae
1222 1751 1299 1785 siml,
1318 1757 1469 1784 quaecunque
1476 1746 1593 1782 frustum
1603 1747 1704 1781 ferunt.
1777 1746 1875 1780 Fruges
1892 1755 1907 1771 a
1920 1746 2042 1773 Fruendo
2055 1748 2132 1775 Varr.
2143 1749 2175 1776 L.

29 1783 188 1813 voluerunt,
213 1790 242 1809 vt
260 1784 387 1817 quoniam
408 1783 518 1816 plurimi
536 1784 572 1808 DI
593 1782 681 1808 selecti
701 1782 876 1808 erubescenda
896 1781 1072 1814 perpetrando
1132 1785 1162 1809 L.
1177 1793 1205 1816 4,
1219 1794 1237 1816 4
1258 1792 1283 1816 p.
1297 1792 1329 1814 11,
1346 1791 1382 1814 19.
1418 1782 1608 1817 Quodfacilius
1621 1780 1779 1813 affintiaris,
1796 1790 1868 1817 quam
1879 1790 1932 1807 cum
1946 1781 2018 1808 Seru.
2033 1783 2067 1809 ad
2077 1784 2142 1810 Aen.
2153 1793 2176 1816 1,

29 1818 171 1844 amiserant
188 1817 306 1844 frontem
320 1828 328 1847 3
363 1823 462 1850 quanto
481 1817 528 1842 iste
546 1817 716 1842 innocentior
736 1816 810 1846 esset,
829 1821 903 1840 tanto
924 1814 1070 1841 frontosior
1084 1829 1118 1853 45
1134 1823 1177 1851 178
1201 1826 1217 1843 a
1232 1817 1350 1843 frumine
1369 1816 1476 1842 deriuat.
1517 1816 1576 1842 Vid.
1592 1822 1743 1842 FRVMEN.
1814 1817 1911 1850 Fruges
1924 1826 1939 1842 a
1952 1817 2096 1844 Frumento
2109 1819 2176 1845 nihil

29 1857 173 1886 appareret.
1132 1852 1254 1885 differre,
1268 1851 1337 1888 satis
1350 1852 1418 1877 docet
1431 1852 1487 1878 Cic.
1501 1852 1578 1878 Verr.
1591 1856 1654 1883 3,,18
1674 1851 1715 1878 his
1727 1851 1825 1883 verbis,
1844 1851 1874 1877 L.
1887 1851 2002 1877 OEtauio
2013 1858 2039 1878 et
2053 1853 2084 1879 C.
2094 1854 2173 1881 Cotta

65 1893 166 1914 FRON
177 1892 206 1916 S,
229 1884 342 1911 frondis·
374 1884 394 1910 f-
435 1885 530 1910 Ramuf
546 1893 599 1910 cum
612 1883 701 1920 folii-⁴·-
743 1883 873 1914 Frondes,
894 1887 978 1920 inquit
997 1884 1070 1910 Valla¹
1132 1887 1292 1914 Consulibus
1306 1888 1413 1913 Senatus
1430 1886 1563 1922 permisit,
1584 1892 1612 1912 vt
1631 1886 1690 1912 vini
1703 1892 1729 1912 et
1743 1886 1797 1912 olei
1808 1886 1943 1917 decumas,
1963 1894 1989 1913 et
2002 1887 2110 1921 frugum
2123 1890 2174 1916 mi-

29 1933 57 1958 4,
69 1931 98 1958 73
115 1921 308 1956 Arborumsunt
320 1927 418 1946 tantum
431 1930 438 1944 :
463 1920 539 1946 Folia
551 1927 631 1946 autem
651 1926 674 1945 et
691 1919 822 1950 arborum,
844 1926 867 1945 et
879 1920 1025 1951 herbarum,
1046 1925 1070 1945 et
1129 1929 1270 1953 nutarum,
1290 1932 1354 1956 quas
1372 1927 1431 1948 ante
1445 1928 1471 1947 te
1484 1921 1641 1954 Quaestores
1659 1921 1687 1947 in
1701 1920 1790 1946 Sicilia
1805 1920 1919 1948 vendere
1933 1922 2105 1956 consuessent,
2120 1925 2173 1951 Ro·

47 1959 146 1986 oliorum
158 1965 258 1992 quoque·
284 1955 389 1990 rVirgil·
403 1956 500 1989 (300ΐὲ-
514 1963 546 1987 2,
562 1962 611 1989 372
636 1956 720 1981 Frons
741 1962 845 1985 tenera,
863 1955 1068 1988 imprudensque
1130 1966 1188 1983 mae
1207 1958 1350 1983 venderent
1365 1968 1370 1982 z
1396 1956 1482 1982 deinde
1493 1956 1584 1988 statim
1597 1955 1731 1983 frumenta
1750 1963 1830 1982 vocat.
1872 1958 1911 1983 De
1922 1957 2083 1993 leguminibus
2100 1963 2174 1987 etiam

27 1959 159 2021 {abortum
230 1991 291 2017 Cic:
301 2000 350 2025 pro
364 1990 435 2017 Cael.
449 1999 482 2023 42
501 1999 523 2016 c.
539 1995 564 2020 18
586 1991 654 2024 Ergo
669 1990 732 2016 haec
745 1989 846 2016 deserta
858 1991 903 2017 via
919 1995 945 2016 et
959 1990 1069 2021 inculta,
1085 2002 1116 2027 50
1130 1994 1155 2019 h.
1169 1994 1186 2018 l.
1200 1993 1320 2028 intelligit
1333 1992 1440 2018 Seruius
1451 1995 1479 2017 in
1492 1993 1557 2017 Aen.
1573 1999 1593 2023 1,
1606 1996 1656 2021 182.
1712 1992 1743 2017 Et
1750 1989 1789 2024 fic
1802 1990 1868 2018 Plin.
1884 1997 1944 2026 18,7
1959 2001 2028 2028 quem
2040 1995 2118 2020 locum
2130 1996 2174 2022 da-

31 2035 105 2064 atque
120 2026 260 2054 interclusa
275 2027 328 2053 iam
341 2025 483 2053 frondibus
495 2030 520 2051 et
534 2026 656 2059 vn-gultis
669 2025 842 2059 relinquatur.
932 2025 1070 2051 Fecundae
1130 2037 1201 2059 mm,
1226 2036 1283 2053 voce
1302 2033 1320 2053 F
1330 2034 1375 2053 RV
1385 2034 1410 2053 M
1420 2034 1436 2053 E
1446 2034 1467 2053 N
1479 2034 1500 2053 T
1510 2034 1528 2052 v
1540 2033 1565 2052 M
1586 2032 1631 2061 pr.
1686 2026 1759 2061 Conf.
1780 2027 1860 2053 Paull.
1879 2027 1972 2054 ICtum
1990 2028 2007 2054 l.
2025 2036 2060 2063 77
2088 2031 2119 2056 D.
2140 2031 2173 2058 de

33 2062 169 2092 frondibus
182 2062 249 2088 vlmi
263 2061 359 2096 Virgil.
375 2062 472 2096 Georg.
486 2070 512 2093 z,
524 2064 588 2094 446.
627 2062 718 2096 Nempe
730 2062 814 2087 Frons
832 2063 860 2086 in
874 2067 988 2096 pecorum
1007 2063 1069 2085 cibo.
1130 2063 1205 2089 verb,
1219 2063 1289 2096 Sign.
1327 2063 1387 2089 Liu.
1403 2070 1426 2094 ς,
1439 2071 1465 2094 33
1481 2068 1526 2097 pr.
1552 2061 1580 2087 de
1593 2062 1681 2092 Gallis,
1701 2062 1763 2087 Eam
1777 2069 1881 2096 gentem
1895 2064 2007 2090 traditus
2022 2065 2100 2098 fama,
2116 2066 2172 2093 c1111.

0 2101 11 2133 ζ’
37 2099 92 2128 Vid.
107 2098 237 2127 Coluuiel.
250 2100 275 2129 6,
289 2107 310 2130 3,
325 2100 342 2124 6
361 2098 397 2131 sq.
453 2097 588 2123 Arboreae
608 2097 688 2122 Ouid.
704 2097 766 2122 Met.
780 2105 806 2128 4,
820 2098 876 2128 636.
913 2095 1068 2130 ConfiNon-
1130 2098 1222 2124 cedine
1236 2098 1359 2132 frugum,
1376 2097 1543 2130 maximeque
1561 2097 1620 2123 vini
1638 2105 1708 2122 noua
1727 2102 1784 2122 tum
1801 2098 1938 2132 voluptate
1956 2106 2073 2134 captam,
2092 2102 2171 2136 Alpes

3 2159 5 2162 Ι
37 2142 121 2173 2450,
145 2141 169 2160 et
183 2139 205 2165 8,
219 2143 259 2160 20.
330 2133 426 2160 Aridae
446 2134 540 2158 Horat.
554 2133 640 2158 Carni.
662 2140 688 2163 1,
709 2139 746 2163 25,
767 2139 804 2163 19.
895 2129 1069 2163 Cupressime,
1129 2132 1250 2159 transisse.
1293 2132 1352 2158 Vid.
1371 2132 1463 2158 Theod.
1477 2134 1561 2158 Marc.
1575 2135 1602 2157 in
1621 2131 1639 2158 l.
1657 2138 1701 2158 ΧΠ
1721 2133 1793 2160 Tab.
1812 2142 1832 2160 c.
1848 2135 1891 2160 60.
1947 2135 2003 2161 Cic.
2023 2135 2055 2161 de
2070 2136 2171 2164 Sene&

0 2172 7 2181 '¹
38 2170 88 2198 vid.
101 2177 143 2198 cv
153 2177 196 2196 PR
208 2176 223 2195 E
233 2176 265 2196 Ss
276 2176 297 2195 v
307 2177 329 2196 s.
400 2168 495 2202 Virgil.
509 2168 561 2193 Ecl.
576 2176 601 2200 9,
616 2169 650 2193 60
673 2167 726 2192 Hic
739 2166 786 2192 vbi
799 2164 887 2191 densas
926 2165 1068 2199 Agricolae
1085 2178 1113 2203 55
1130 2176 1156 2200 51
1178 2167 1197 2193 E
1211 2167 1307 2201 quibus
1322 2176 1404 2202 quum
1419 2167 1570 2198 emerserit,
1590 2166 1680 2194 fundit
1693 2168 1813 2202 frugem,
1832 2169 1916 2203 spicae
1930 2170 2026 2196 ordine
2039 2171 2171 2199 structam.

37 2205 158 2240 stringunt
176 2205 300 2235 frondes,
319 2203 362 2231 hic
381 2204 471 2230 Moeri
489 2212 619 2230 canamus.
689 2201 762 2228 Festa
780 2201 855 2227 Idem
874 2201 938 2226 Aen.
954 2209 986 2231 z,
1007 2208 1066 2234 249.
1130 2202 1227 2236 Virgil.
1241 2203 1294 2229 Ecl.
1316 2211 1361 2235 ιο,
1382 2205 1417 2236 76
1451 2217 1497 2222 —-
1535 2203 1679 2234 Nocentet
1692 2203 1813 2237 frugibus
1831 2204 1949 2231 vmbrae.
2020 2206 2047 2232 Si
2060 2215 2172 2241 quercus

19 2251 21 2266 2
36 2241 196 2278 Cmfilexic.
211 2241 298 2275 Pitisb.
369 2240 467 2266 Glauca
487 2238 583 2272 Virgil.
598 2238 695 2271 Georg.
709 2246 730 2267 2,
745 2245 777 2268 ¹3-
848 2236 963 2270 Ilignea,
983 2237 1068 2269 Qier-
1126 2244 1154 2265 et
1169 2239 1224 2264 ilex
1244 2237 1329 2264 Multa
1347 2238 1423 2272 fruge
1437 2246 1513 2273 pecus
1531 2238 1616 2265 multa
1629 2238 1769 2266 dominum
1788 2239 1863 2267 iuuat
1876 2240 1969 2268 vmbra
1983 2241 2077 2268 Horat.
2092 2244 2136 2278 Ep.
2152 2252 2172 2275 ι,

20 2285 79 2303 tnea
97 2276 161 2303 Cato
177 2277 207 2302 R.
221 2277 252 2301 R.
266 2283 315 2309 37,
334 2283 359 2301 2.
447 2274 557 2300 Perenni
576 2272 671 2299 froude
689 2280 804 2304 corona,
826 2274 844 2297 i.
858 2272 956 2307 semper
974 2271 1068 2297 vuidis
1130 2276 1168 2306 16,
1181 2283 1206 2306 9.
1273 2275 1335 2300 Feta
1347 2273 1468 2308 frugibus
1482 2279 1550 2300 terra
1564 2275 1620 2300 Cic.
1637 2273 1669 2300 de
1685 2274 1747 2300 Nat.
1764 2275 1796 2300 D.
1812 2283 1834 2307 2,
1848 2277 1904 2307 256.
1971 2277 2067 2303 Infelix
2087 2279 2172 2313 frugi-

32 2312 130 2339 Lucret‚
144 2320 163 2342 i,
179 2319 229 2343 1¹9·
299 2310 424 2337 Tenerae
441 2309 538 2342 Virgil.
553 2310 617 2335 Aen.
631 2316 658 2340 3,
673 2317 737 2341 449.
773 2307 840 2334 Add.
855 2308 952 2341 Georg.
967 2315 997 2337 2,
1012 2314 1068 2340 372·
1128 2310 1176 2336 bus
1192 2309 1268 2335 tellus
1278 2309 1374 2344 Virgil.
1387 2311 1484 2342 Θεοῖς.
1496 2318 1522 2340 2,
1534 2318 1588 2342 239.
1642 2309 1771 2344 Locuples
1786 2309 1908 2344 frugibus
1922 2319 2003 2338 annus
2016 2314 2170 2348 HorAEpist.

0 2361 9 2367 .
31 2347 157 2381 Q'ineffl'
171 2355 195 2376 Ζ.
208 2355 237 2379 4,
249 2354 282 2372 u·
477 2344 498 2380 ¹}
519 2353 535 2371 2
576 2345 656 2371 Verba
675 2350 699 2370 ει
711 2344 851 2378 participia
864 2353 872 2368 .·
908 2342 991 2370 Ouid.
1003 2343 1068 2368 Met.
1081 2351 1116 2375 60
1130 2354 1155 2377 2,
1169 2354 1195 2377 1,
1211 2353 1263 2380 137.
1348 2346 1434 2379 Copia
1452 2345 1560 2378 frugum
1577 2350 1600 2371 et
1614 2344 1723 2378 Inopia,
1743 2349 1873 2372 contraria
1892 2347 1948 2373 Cic.
1963 2356 2011 2382 pro
2025 2349 2113 2375 Domo
2132 2357 2170 2386 17.

3 2376 8 2395 1
24 2391 53 2416 =2,
65 2389 107 2416 557
126 2381 224 2408 Abdita
236 2380 331 2408 fronde
345 2380 414 2410 leui,
432 2379 508 2407 densa
522 2379 671 2414 speculabar
691 2378 724 2405 ab
738 2379 821 2404 vlmo.
892 2379 978 2412 Agere
995 2377 1068 2403 fron·
1129 2381 1199 2407 Diua
1212 2387 1304 2415 potens
1323 2380 1447 2415 frugum,
1471 2383 1489 2406 i.
1505 2380 1576 2406 Ceres
1594 2379 1674 2406 Ouid.
1690 2381 1781 2406 Amor.
1797 2390 1825 2413 3,
1839 2390 1883 2413 10,
1896 2389 1934 2414 33.
2003 2384 2096 2411 Pas-ens
2115 2386 2171 2412 fru—

4 2412 11 2449 i
24 2416 102 2451 idem,
123 2417 176 2444 vid·
197 2423 249 2444 AG
259 2424 288 2443 O·
346 2416 421 2442 Idem
435 2416 498 2442 Met.
514 2424 537 2446 2,
552 2423 598 2448 350
618 2415 715 2440 Tertia
733 2423 816 2448 quum
830 2413 930 2440 crissfflll
945 2413 1067 2439 manibus
1127 2425 1190 2450 gum
1203 2417 1282 2442 tellus
1296 2415 1392 2449 Virgil.
1407 2417 1505 2450 Georg.
1520 2424 1546 2447 2,
1562 2423 1614 2449 173.
1683 2416 1820 2452 Perceptio
1834 2424 1859 2443 et
1873 2418 2039 2446 conseruatio
2053 2421 2170 2454 frugum,

0 2442 8 2479 ⁵:
25 2454 122 2481 laniare
159 2458 259 2484 araret,
294 2451 394 2477 Auellit
414 2450 531 2477 frondes.
608 2450 737 2476 Canentia
753 2450 844 2483 glauca
861 2449 957 2475 fronde
975 2449 1065 2475 salicia
1126 2452 1316 2486 fructuumque
1329 2452 1498 2487 reliquorum
1518 2452 1572 2477 Cic.
1587 2450 1640 2477 Off.
1659 2459 1690 2482 z,
1711 2459 1744 2478 12.
1798 2452 1849 2477 Hic
1861 2459 1910 2486 pro
1944 2461 2053 2480 mmmm
2071 2456 2170 2482 videtu,-

3 2489 121 2524 &Vir-gil.
148 2491 231 2522 'eorg
246 2496 267 2517 2,
281 2495 315 2518 13·
386 2485 539 2520 Carpendae
552 2484 673 2511 manibus
692 2484 729 2511 ld.
744 2486 840 2519 Georg.
855 2494 877 2517 2,
891 2487 948 2517 366-
998 2486 1066 2510 Con·
1121 2487 1228 2523 postnffi
1247 2488 1344 2521 fruges.
1414 2487 1455 2514 Sic
1469 2486 1579 2512 Vbertas
1594 2486 1701 2520 frugum
1714 2492 1740 2512 et
1752 2486 1887 2513 fruetuum
1905 2488 1961 2514 C1c.
1975 2489 2007 2515 de
2022 2490 2082 2516 Nat.
2097 2491 2129 2516 Ι).
2146 2499 2169 2525 3,

13 2524 142 2551 sternunt
154 2522 262 2550 frondes
276 2527 372 2547 terram
387 2521 463 2555 Virg.
478 2523 541 2547 Aen.
556 2531 589 2555 4,
600 2530 666 2554 444.
719 2521 848 2547 Detonsae
862 2520 964 2555 frigore
984 2519 1065 2546 Ouid.
1080 2527 1111 2558 65
1129 2526 1169 2552 86.
1239 2523 1372 2549 Grauidae
1392 2522 1488 2556 Virgil.
1505 2522 1602 2555 Georg.
1617 2529 1639 2552 2,
1652 2529 1705 2553 143.
1778 2521 1872 2547 Laetae
1889 2522 1962 2548 Idem
1977 2524 2073 2558 Georg.
2087 2535 2105 2557 ι,
2125 2528 2169 2559 69,

26 2560 91 2587 Fast.
99 2562 122 2591 3,
130 2567 182 2592 337.
284 2556 394 2591 Explere
407 2556 505 2583 bouem
518 2556 614 2589 strietis
627 2555 768 2583 frondibus
782 2558 848 2583 Hor.
859 2556 936 2590 Epist.
951 2565 971 2588 1,
982 2564 1020 2589 14,
1031 2561 1067 2585 28.
1127 2559 1248 2585 Matutae
1266 2558 1362 2592 Virgil.
1377 2557 1429 2583 Ecl.
1444 2566 1467 2588 3,
1481 2562 1521 2586 80.
1608 2555 1748 2583 Medicatis
1762 2556 1882 2591 frugibus
1900 2557 1952 2584 offa
1972 2559 2046 2586 Idem
2061 2561 2125 2587 Aen.
2140 2564 2168 2595 6,

26 2597 145 2622 Horrent
157 2601 238 2628 opaca
248 2592 343 2619 fronde
360 2600 450 2619 comae
463 2593 551 2619 Senec.
565 2593 645 2618 Herc.
659 2592 710 2618 fur.
731 2593 748 2617 s.
762 2601 787 2625 9.
859 2592 974 2617 Hirsutis
993 2592 1067 2617 fron-
1127 2602 1189 2625 420.
1257 2594 1377 2620 Minutae
1390 2593 1445 2619 Cic.
1453 2593 1530 2617 Verr.
1543 2599 1565 2624 3,
1581 2596 1605 2620 18
1624 2591 1747 2627 legumina
1760 2591 1894 2628 secundum
1907 2594 2032 2628 Seruium,
2051 2603 2082 2623 vt
2098 2597 2168 2624 modo

26 2631 103 2658 dibus
123 2629 206 2664 pastus
223 2628 319 2663 Virgil.
332 2628 430 2662 Georg.
444 2638 470 2660 3,
488 2636 537 2660 231.
608 2627 819 2653 Iucundislimam
838 2627 962 2653 frondem
981 2627 1066 2652 vlmus
1126 2627 1245 2653 vidimus.
1288 2628 1390 2654 Vberes
1410 2628 1502 2653 Horat.
1517 2627 1605 2653 Carm.
1623 2635 1651 2659 4,
1666 2635 1701 2659 ις,
1715 2634 1737 2659 ς.
1934 2626 1955 2663 q
1977 2639 1992 2656 2
2034 2632 2168 2659 Verborum

26 2666 157 2695 ministrat
170 2664 282 2696 ouibus,
299 2673 329 2690 ae
343 2663 429 2690 bubus
442 2665 528 2691 Varro
541 2662 574 2689 de
587 2663 618 2688 R.
634 2663 665 2688 R.
679 2671 698 2694 1,
713 2670 746 2694 13.
802 2662 957 2688 Leuanduni
970 2661 1065 2686 fronde
1129 2664 1228 2688 Formae
1243 2672 1250 2686 :
1286 2662 1419 2688 Diffimdit
1436 2662 1513 2695 copia
1530 2662 1618 2696 fruges
1638 2661 1716 2695 pleno
1730 2671 1813 2689 cornu
1834 2663 1928 2690 Horat.
1941 2666 2018 2700 Epist.
2033 2675 2052 2698 1,
2071 2676 2097 2693 ¹2
2128 2677 2167 2701 29-

26 2711 117 2729 nemus
137 2701 211 2735 Virg.
226 2700 321 2733 Georg.
338 2707 362 2729 2,
374 2707 433 2732 401.
505 2698 679 2732 Requiescere
693 2697 775 2723 viridi
796 2698 872 2731 super
883 2696 978 2722 fronde
993 2695 1066 2721 Ideni
1076 2710 1111 2737 70
1126 2696 1223 2723 Efferre
1236 2697 1323 2731 fruges
1337 2698 1490 2729 vberiores,
1517 2697 1568 2723 vid.
1582 2696 1680 2724 Efferre
1692 2697 1788 2724 dicitur
1801 2706 1872 2732 ager,
1892 2707 1938 2726 etc.
1965 2704 1991 2727 ln
2009 2708 2025 2728 Ε
2035 2709 2051 2728 F
2060 2709 2076 2729 F
2085 2687 2131 2729 ἐκ
2139 2710 2167 2731 0.

26 2738 79 2766 Ecl.
93 2747 113 2769 1,
127 2742 162 2767 81.
234 2734 337 2769 Spargit
349 2734 458 2768 agrestes
471 2733 521 2760 tibi
535 2733 598 2760 silua
610 2732 718 2759 frondes
733 2733 826 2758 Horat.
841 2733 928 2758 Carm.
943 2740 964 2763 3,
978 2736 1012 2762 18⁷
1027 2739 1065 2764 14.
1127 2732 1237 2759 Ferebat
1250 2733 1327 2759 tellus
1340 2733 1427 2767 fruges
1440 2731 1593 2761 Ouid‚Met.
1610 2740 1630 2764 1,
1646 2741 1700 2765 109.
1756 2733 1876 2761 Fundere
1886 2734 1976 2770 fruges
1989 2737 2044 2764 Cic,
2058 2738 2090 2764 de
2104 2739 2167 2766 Diu,

26 2773 117 2801 Vincit
131 2770 226 2799 fronde
239 2779 325 2797 comas
337 2769 410 2796 Idem
422 2769 501 2804 Epist.
515 2778 540 2801 2,
554 2778 573 2800 1,
588 2777 638 2794 110.
694 2768 789 2793 Virere
802 2776 872 2793 noua
886 2767 980 2794 fronde
992 2767 1066 2801 Virg.
1126 2777 1146 2800 1,
1159 2775 1193 2801 ις.
1265 2769 1354 2795 Gemit
1368 2768 1446 2795 tunsis
1459 2777 1520 2796 area
1533 2767 1654 2802 frugibus
1673 2768 1748 2802 Vix-g.
1763 2769 1859 2804 Georg.
1874 2778 1897 2802 3,
1911 2779 1959 2803 133.
2029 2774 2167 2808 Pei-cipere

29 2811 92 2836 Aen.
105 2811 130 2840 6,
142 2809 199 2840 306.
257 2806 378 2833 Volitant
396 2804 506 2831 caducae
519 2804 626 2830 frondes
639 2803 676 2830 Id.
691 2803 787 2837 Georg.
801 2812 820 2835 1,
835 2806 886 2835 365.
1011 2799 1031 2838 Ἴ
1054 2811 1065 2834 3
1126 2804 1214 2839 fruges
1234 2804 1288 2830 Cic.
1302 2804 1354 2831 Off.
1374 2813 1398 2835 1,
1416 2813 1455 2836 50.
1526 2803 1629 2829 Placare
1649 2803 1714 2830 lares
1732 2804 1817 2832 horna
1835 2805 1912 2840 fmge
1931 2808 2024 2834 Horat.
2044 2809 2132 2837 Carm.
2146 2819 2168 2843 3,

27 2844 168 2880 Metaphor.
195 2842 261 2868 Plin.
275 2850 302 2875 9,
315 2849 348 2874 45
367 2842 385 2867 s.
399 2844 430 2870 68
451 2840 479 2866 de
491 2840 618 2876 piscibus,
642 2839 748 2865 Vrticae
761 2839 843 2865 noetis
858 2843 1002 2873 vagantur,
1020 2846 1067 2864 no-
1126 2849 1172 2872 23,
1190 2850 1217 2874 4.
1289 2841 1390 2866 Ponere
1411 2839 1498 2873 fruges
1518 2838 1638 2865 Scribon.
1653 2841 1704 2871 163.
1773 2839 1863 2868 Serere
1881 2841 1969 2877 fruges
1987 2844 2042 2871 Cic,
2058 2845 2090 2872 de
2104 2845 2167 2873 Nat·

28 2880 123 2915 &uque
140 2883 251 2905 mutant.
307 2878 437 2903 Carnosae
455 2876 558 2903 frondis
578 2875 619 2901 his
640 2881 746 2906 natura,
772 2882 798 2901 et
821 2883 898 2900 carne
917 2875 1064 2900 vescuntur.
1082 2887 1114 2915 75
1126 2876 1157 2902 D,
1177 2884 1200 2907 2,
1215 2882 1267 2908 ¹52·
1337 2876 1451 2910 Surgunt
1469 2874 1569 2901 nitidae
1583 2874 1672 2908 fruges
1691 2876 1795 2902 [ΗΠ-ες.
1810 2885 1837 2908 1,
1855 2885 1910 2909 253·
2112 2880 2132 2915 q
2153 2890 2166 2913 3

30 2931 74 2936 —
103 2913 244 2942 Contrahit
263 2921 327 2947 ergo
347 2913 372 2939 se
390 2921 470 2946 quam
490 2911 606 2938 maxime
624 2911 728 2945 rigenS,
752 2919 782 2936 ac
804 2916 971 2944 praenatante
991 2909 1066 2944 pisci·
1127 2911 1269 2947 Obseruan.
1303 2912 1428 2938 Cererem
1445 2911 1534 2944 fruges
1553 2910 1728 2944 appellamuS,
1748 2911 1847 2938 Vinum
1864 2919 1951 2940 autem
1963 2913 2090 2942 Liberum
2109 2916 2166 2943 Cic.

30 2950 90 2977 culo
101 2950 224 2977 frondem
236 2947 307 2975 suam
322 2948 427 2982 spargit,
443 2947 672 2982 complectensque
688 2945 806 2977 deuorat‚
818 2953 864 2973 etc.
1005 2942 1026 2982 ff
1047 2954 1065 2978 4
1126 2946 1159 2973 de
1173 2947 1235 2973 Nat.
1250 2947 1283 2973 D.
1297 2955 1321 2978 2,
1333 2950 1376 2973 60.
1446 2945 1584 2979 Qinciil:
1593 2948 1618 2977 6,
1631 2955 1653 2977 2,
1667 2955 1679 2978 3
1703 2947 1835 2973 Generare
1854 2953 1933 2982 atque
1948 2948 1980 2975 ad
1995 2950 2098 2984 frugem
2111 2961 2167 2986 per-

4 2997 9 3007 κ
33 2987 69 3012 De
85 2989 184 3020 antiqua
205 2984 394 3020 Orthographia
415 2984 488 3010 huius
505 2985 613 3009 nominis
635 2982 798 3008 memorabilis
817 2980 849 3014 est*
866 2982 934 3008 locus
952 2980 1066 3008 Charisii
1126 2981 1236 3013 ducere,
1259 2985 1277 3009 i.
1297 2983 1331 3009 ad
1342 2984 1525 3012 maturitatem,
1543 2988 1573 3008 vt
1579 2981 1642 3018 frui
1653 2983 1736 3008 liceat.
1788 2984 1874 3019 Itaque
1886 2985 1956 3011 Frux
1977 2986 2017 3011 vel
2027 2987 2119 3020 Frugis
2133 2985 2167 3020 est

36 3028 62 3053 p.
76 3027 117 3052 ιος
137 3019 232 3056 Putfish.
271 3022 332 3046 fros
350 3019 402 3045 sine
420 3029 437 3044 n
456 3019 548 3051 litera,
571 3027 604 3044 ne
623 3017 716 3049 faciat,
735 3017 822 3052 inquit
841 3017 940 3043 Plinius
953 3017 1066 3052 frontis,
1116 3016 1203 3051 status
1221 3025 1244 3043 et
1257 3018 1365 3044 conditio
1379 3020 1442 3048 eius,
1461 3020 1504 3052 qui
1516 3019 1589 3044 utilis
1602 3016 1645 3050 effi’
1658 3019 1758 3053 publice
1775 3020 1814 3044 vel
1826 3022 1948 3053 priuatim
1957 3019 2045 3054 potest.
2081 3022 2164 3049 Plaut.

37 3052 107 3088 quasi
118 3062 170 3080 non
180 3048 280 3082 dicatur
291 3054 340 3081 nifi
347 3054 426 3091 frons
441 3053 469 3080 τό
482 3058 599 3087 μέτωπον·
619 3053 744 3088 quodque
754 3054 780 3079 se
794 3052 906 3088 probare
915 3053 1066 3088 dicit,quo-
1080 3061 1112 3087 80
1126 3053 1208 3080 Trin.
1225 3062 1244 3085 1,
1258 3062 1284 3086 2,
1300 3061 1334 3088 79
1354 3053 1428 3087 Qiin
1444 3062 1506 3079 eum
1518 3053 1634 3079 restituis
1647 3063 1654 3085 3
1679 3053 1746 3088 quin
1766 3053 1797 3079 ad
1812 3054 1915 3088 frugem
1928 3055 2055 3088 corrigis?
2100 3057 2164 3083 Fru-

37 3088 108 3115 niam
126 3096 203 3123 quum
218 3101 234 3117 u
251 3100 307 3118 non
321 3090 467 3125 recipiebat
485 3100 531 3123 ns,
551 3098 597 3116 nec
610 3089 690 3116 etiam
708 3094 792 3115 vertet
804 3089 833 3115 in
846 3098 868 3116 0.
921 3090 1007 3115 Varro
1027 3098 1066 3115 re·
1126 3098 1185 3124 gem
1199 3096 1270 3116 tuam
1284 3088 1457 3124 periclitabor
1473 3089 1549 3123 Apul.
1563 3090 1627 3116 Met.
1641 3091 1659 3116 6
1682 3098 1705 3123 p.
1722 3096 1777 3123 177.
1848 3089 1988 3116 Peruenire
2008 3090 2040 3116 ad
2060 3089 2164 3126 frugem

8 3130 10 3135 '
36 3132 96 3151 rum
110 3123 350 3157 rusticarumlibro
371 3135 381 3153 1
407 3128 486 3152 ulmos
500 3132 522 3152 et
529 3126 649 3161 populos,
669 3124 732 3151 vnde
746 3122 777 3158 qli
785 3124 857 3160 fros.
905 3124 980 3152 Idem
999 3125 1067 3151 anti-
1127 3125 1257 3158 Qnineiil.
1272 3133 1292 3157 1,
1304 3134 1328 3157 3,
1346 3133 1368 3157 3.
1441 3124 1558 3158 Euadere
1575 3123 1607 3152 ad
1627 3124 1731 3160 frugem
1750 3124 1868 3155 bonam3
1899 3124 1926 3150 de
1940 3126 1971 3151 Eo
1991 3125 2100 3158 dicitur,
2121 3130 2164 3162 qui

37 3159 103 3194 quit.
117 3160 225 3187 Roman.
237 3161 298 3189 libr.
310 3168 344 3195 ις.
383 3163 460 3194 Fros,
473 3161 593 3197 foenum,
613 3160 699 3195 mestis.
751 3161 819 3187 Haec
833 3159 967 3194 Charffius,
986 3160 1067 3196 nescio
1126 3168 1183 3187 ante
1196 3169 1297 3196 nequam
1309 3160 1401 3195 suerat
1418 3160 1534 3188 Ladiant.
1549 3162 1575 3192 6,
1589 3169 1611 3193 3.
1701 3160 1756 3186 Cic.
1771 3168 1820 3194 pro
1835 3160 1906 3186 Cael.
1921 3165 1946 3189 28
1967 3170 1988 3186 c.
2002 3169 2026 3187 12
2053 3162 2099 3187 Sed
2116 3163 2163 3197 qui

9 3207 11 3212 ¹
35 3203 107 3230 quam
123 3193 252 3223 emendata.
302 3196 417 3227 Frundes
430 3203 479 3232 Pro
493 3198 512 3224 F
515 3197 610 3223 rondes
629 3199 756 3231 antiquum
770 3195 812 3229 effi
830 3199 868 3222 ait
881 3196 1003 3222 Priscian.
1013 3205 1022 3222 1
1041 3205 1066 3230 p.
1125 3202 1210 3224 totam
1223 3196 1422 3223 adolescentiam
1436 3196 1617 3230 voluptatibus
1630 3195 1769 3227 dedissent,
1788 3195 1913 3222 emersisse
1926 3196 2081 3230 aliquando,
2099 3204 2125 3224 et
2138 3199 2164 3224 se

8 3235 11 3239 '
37 3238 94 3263 554.
165 3228 407 3268 Aiison.Technop.
421 3240 486 3260 extr.
512 3232 540 3259 de
554 3232 649 3264 Ennio,
669 3233 721 3258 Aut
734 3231 766 3258 de
778 3232 872 3258 fronde
886 3231 1004 3266 loquens,
1018 3241 1065 3258 cur
1081 3238 1110 3267 85
1125 3232 1157 3258 ad
1177 3232 1279 3267 frugem
1298 3231 1396 3259 bonam
1415 3235 1461 3264 (vt
1477 3232 1592 3263 dicitur)
1609 3231 1746 3264 recepisse,
1775 3239 1919 3265 grauesque
1938 3231 2058 3258 homines
2082 3240 2162 3268 atque

37 3264 102 3292 dicit
125 3264 236 3298 populea
259 3266 311 3293 frus
324 3269 333 3294 3
390 3269 517 3295 Caeterum
539 3267 651 3295 Frondis
672 3267 797 3303 Delphica
822 3269 985 3304 Nominatiuo
1008 3267 1066 3304 casta
1124 3268 1238 3295 illustres
1252 3267 1336 3294 fuisse.
1406 3266 1504 3294 Redire
1517 3266 1548 3294 ad
1563 3267 1667 3300 frugem
1683 3267 1777 3292 bonam
1792 3266 1926 3301 Lamprid.
1941 3267 1967 3292 in
1982 3267 2088 3302 Heliog.
2102 3278 2123 3295 c.
2138 3276 2164 3302 13

37 3300 106 3327 dixit
117 3300 272 3326 Sammonic-
286 3307 336 3335 189.
368 3306 425 3331 item
437 3304 534 3331 Persica
554 3312 610 3339 572.
1119 3311 1164 3339 pr.
1219 3305 1287 3331 Hinc
1482 3300 1502 3365 P
1528 3311 1546 3335 4
1583 3301 1681 3336 Frugi,
1702 3301 1814 3334 dicitur,
1831 3303 1922 3338 aliquis
1941 3301 1998 3335 ff,
2020 3305 2060 3329 vel
2078 3303 2163 3338 frugis

75 3341 92 3361 Ε
105 3341 124 3360 R
135 3341 184 3362 ΟΝ
194 3340 304 3367 DEVS,
318 3345 342 3369 a,
359 3347 412 3366 um.
448 3340 510 3366 Adi.
545 3339 699 3374 [φύλλινος]
735 3338 808 3374 Quod
822 3348 852 3365 ex
865 3337 1003 3375 frondibus
1023 3336 1065 3371 est.
1125 3340 1226 3371 bonae,
1246 3349 1314 3376 quem
1327 3339 1438 3366 indicare
1451 3348 1481 3365 vo
1493 3348 1560 3364 umus
1574 3338 1659 3364 vtilem
1674 3340 1798 3372 priuatim
1816 3344 1860 3364 aut
1867 3337 1977 3371 publice,
1989 3337 2040 3371 fibi
2053 3346 2076 3365 et
2094 3341 2162 3366 aliis.

36 3370 156 3398 Frondea
169 3378 268 3396 corona
279 3370 342 3397 Plin.
349 3375 386 3406 16,
397 3385 424 3409 4.
493 3376 613 3402 Nemora
626 3375 699 3409 Virg.
709 3375 773 3401 Aen.
788 3383 807 3406 1,
821 3383 859 3408 191
875 3381 924 3410 pro
933 3373 1066 3410 Frondosa.
1125 3376 1192 3402 Gedl.
1206 3384 1233 3410 7,
1248 3385 1269 3402 11
1293 3376 1416 3409 Nequam
1431 3374 1583 3406 hominem,
1603 3373 1670 3399 nulli
1684 3373 1740 3404 rei,
1759 3382 1845 3408 neque
1859 3373 1941 3407 frugis
1955 3372 2048 3400 bonae.
2089 3375 2163 3410 Qud

20 3406 125 3433 'Tefia
143 3405 214 3432 Idem
225 3406 324 3445 -Georg-
333 3415 361 3439 4,
373 3410 408 3435 61.
1077 3420 1112 3445 90
1124 3411 1192 3437 nulli
1213 3412 1296 3444 dixit,
1321 3410 1420 3436 videtur
1439 3413 1511 3436 etiam
1530 3409 1604 3443 frugi
1622 3407 1728 3442 volumi».
1786 3409 1912 3434 Laudatur
1930 3412 2003 3434 etiam
2022 3419 2051 3435 ex
2070 3410 2163 3438 Plauto

71 3448 177 3469 FRON
188 3447 205 3466 ἶ)
216 3448 255 3467 OS
266 3448 324 3472 VS,
346 3450 375 3472 ὃ,
398 3452 450 3471 um.
484 3446 545 3473 Adi.
582 3443 748 3480 [φυλλώδης]
785 3445 858 3481 de
869 3443 1008 3481 frondibus
1025 3444 1066 3470 ab·
1125 3447 1184 3474 Mil.
1197 3457 1225 3481 4,
1238 3453 1261 3479 8,
1276 3455 1306 3479 50
1332 3447 1380 3473 Fac
1399 3445 1429 3472 sis
1445 3445 1530 3480 frugis
1550 3444 1643 3470 bonae.
1698 3443 1745 3471 Sed
1758 3444 1833 3469 Gran.
1847 3443 1927 3477 frugi.
1998 3444 2161 3480 Plaut.Capt.

37 3477 122 3504 undat.
159 3476 308 3503 Frondosus
320 3484 405 3503 ramus
418 3479 475 3507 Liu.
484 3491 520 3512 10,
534 3491 574 3515 41.
645 3483 750 3508 Montes
770 3483 857 3508 Varro
875 3481 906 3507 de
921 3481 950 3506 R.
960 3481 991 3506 R.
1004 3488 1029 3512 2,
1042 3488 1062 3512 ς.
1124 3490 1145 3515 ς,
1161 3491 1183 3514 2,
1197 3492 1208 3514 3
1235 3483 1284 3509 Fui
1298 3491 1347 3516 ego
1362 3481 1479 3515 lepidus,
1498 3480 1540 3507 vel
1561 3480 1645 3507 bonus
1658 3479 1700 3506 vir
1713 3487 1861 3513 nunquam,
1879 3487 1965 3513 neque
1979 3479 2052 3514 frugi
2066 3480 2162 3508 bonae.

0 3523 6 3536 ’-
34 3516 60 3540 R
71 3513 146 3547 Apul.
161 3513 225 3538 Met.
240 3520 266 3544 9.
336 3511 421 3539 Aestas
437 3516 532 3551 Virgil.
546 3518 642 3551 Georg.
653 3526 676 3550 3,
691 3520 747 3551 296.
819 3518 903 3543 Lucus
917 3516 955 3542 Id.
967 3516 1063 3550 Georg.
1123 3518 1197 3544 Idem
1209 3518 1292 3545 Trin.
1308 3527 1334 3549 2,
1353 3526 1379 3548 2,
1399 3525 1437 3549 39.
1506 3516 1633 3551 leianus
1653 3515 1684 3541 ad
1703 3514 1786 3547 legem
1805 3514 1895 3548 Aquil.
1915 3514 1932 3541 1.
1950 3514 2091 3549 Neratius,
2113 3517 2162 3544 Sed

0 3561 2 3570 ÷
37 3557 65 3582 4,
77 3556 131 3581 543.
183 3548 277 3574 Taxus
291 3546 439 3575 frondosior
448 3550 493 3577 Sil.
503 3561 538 3585 ις,
551 3556 608 3586 596.
1125 3553 1142 3579 fi
1157 3554 1242 3579 bonae
1254 3554 1325 3587 frugi
1339 3554 1428 3579 seruus
1442 3552 1512 3578 intra
1524 3561 1621 3578 annum
1636 3550 1740 3577 mutatis
1754 3549 1874 3577 moribus
1887 3551 1986 3577 occisus
2001 3550 2038 3579 sit.
2103 3553 2162 3580 Per.

19 3593 24 3598 .
38 3606 44 3609 .
74 3589 262 3623 FRONDfo
272 3589 332 3608 1vs
342 3602 350 3614 ,
377 3590 402 3614 a,
424 3592 476 3611 um.
508 3587 568 3615 Adi,
605 3588 783 3622 [φυλλίμαως]
818 3588 891 3623 Quid
909 3587 942 3614 ad
956 3585 1066 3622 frondes
1079 3596 1111 3621 95
1125 3588 1256 3615 modestus
1271 3598 1299 3615 ac
1312 3588 1398 3615 bonae
1413 3588 1486 3621 frugi
1505 3587 1587 3614 homo
1606 3587 1662 3613 Cic.
1676 3586 1754 3612 Attic.
1767 3594 1794 3617 4,
1806 3589 1829 3615 8.
1901 3586 1969 3612 Ter.
1980 3586 2054 3612 Adel.
2070 3595 2093 3620 ς,
2107 3597 2134 3621 9,
2149 3597 2162 3615 2

33 3622 152 3654 pertinet·
186 3618 253 3645 Plln·
268 3623 302 3650 18,
316 3626 340 3650 3¹
361 3618 434 3644 Vnus
446 3618 579 3651 frondator
595 3631 709 3659 quatuor
721 3623 869 3651 frondarias
883 3623 983 3650 fiscinas
997 3630 1067 3648 com-
1126 3625 1207 3658 Frugi
1226 3624 1308 3650 homo
1327 3633 1362 3650 es.
1418 3625 1449 3650 Et
1462 3624 1525 3649 Eun.
1538 3632 1559 3655 3,
1573 3630 1594 3655 ς,
1607 3624 1642 3648 66
1669 3620 1747 3654 Frugi
1767 3628 1809 3650 es,
1834 3623 1852 3648 i.
1871 3620 1945 3648 vtilis
1964 3628 1990 3647 et
2003 3624 2163 3655 necessarius,

37 3654 109 3689 plere
118 3654 154 3688 ‚in
167 3654 211 3680 die
226 3653 323 3693 iustun}
336 3652 423 3679 habet.
1125 3663 1208 3695 inquit
1221 3660 1347 3686 Donatus.
1418 3658 1491 3685 Idem
1510 3660 1560 3684 alio
1573 3659 1636 3688 Ioco,
1656 3656 1736 3690 Frugi
1749 3655 1785 3681 est
1798 3664 1876 3691 ergo,
1895 3657 1923 3682 in
1936 3666 1989 3691 quo
2002 3658 2036 3684 est
2050 3657 2162 3693 aliquid,

7 3687 15 3714 l
72 3695 116 3716 PR
126 3696 200 3717 OND
210 3697 226 3716 E
237 3697 272 3722 o,
290 3698 335 3721 ιιι,
345 3728 349 3730 ¹
361 3692 413 3715 ere.
449 3688 581 3728 [cumdio]
622 3694 738 3723 dicuntur
756 3695 871 3728 arbores,
891 3704 945 3721 cum
956 3692 1066 3729 frondes
1126 3704 1180 3729 quo
1194 3695 1329 3728 fruamur,
1349 3693 1377 3721 id
1391 3694 1428 3720 est
1441 3700 1554 3720 vtamur.
1625 3690 1705 3718 Plaut.
1721 3691 1797 3717 Poen.
1812 3700 1834 3727 3,
1849 3702 1876 3726 4,
1888 3701 1909 3718 11
1929 3693 2002 3727 Qud
2016 3693 2083 3720 mihi
2095 3702 2163 3720 nunc

10 3732 15 3754 S
38 3724 125 3757 babfflt
133 3745 140 3756 ‚
164 3729 183 3751 i·
201 3735 282 3753 ramos
295 3724 399 3751 virides.
433 3725 507 3758 Virg.
521 3725 570 3752 Ecl.
583 3735 606 3760 3,
615 3737 645 3764 57
664 3731 743 3757 Nunc
756 3731 879 3757 frondent
895 3730 983 3761 siluae,
998 3738 1067 3755 nunc
1127 3730 1248 3757 aneiores
1266 3730 1325 3756 estis
1340 3731 1348 3756 Ξ
1372 3736 1400 3757 vt
1414 3729 1486 3763 frugi
1498 3729 1537 3755 sis.
1593 3727 1661 3752 Hinc
1668 3726 1732 3762 solet
1745 3727 1825 3762 Frugi
1838 3735 1953 3764 tanquam
1967 3738 2048 3755 nomen
2062 3729 2161 3754 indecli-

9 3766 14 3796 ξ
39 3759 230 3787 formosissimus
243 3769 333 3787 annus·
405 3759 478 3786 Idem
492 3760 587 3794 Georg-
600 3771 624 3794 2,
639 3773 663 3794 ις
687 3766 890 3801 Nemorumque
903 3765 980 3797 Ioni,
1000 3766 1206 3799 quacioonabile
1220 3769 1298 3800 poni,
1326 3772 1356 3791 vt
1376 3774 1488 3800 nequam
1502 3775 1508 3789 :
1538 3761 1612 3795 αιίεο,
1629 3768 1659 3789 vt
1676 3766 1750 3789 etiam
1767 3772 1897 3799 cognomen
1913 3764 2099 3799 Calpurniorum
2119 3764 2161 3789 1³1·-

9 3802 12 3817 '
39 3796 151 3828 ¹¹¹³Xj¹¹¹2
176 3796 281 3823 frondet
317 3795 447 3822 Aesculus·
517 3795 621 3823 Laetius
641 3799 779 3835 frondere,
815 3802 872 3828 vide
898 3809 914 3828 L
923 3808 969 3828 ΑΕ
979 3807 1000 3826 Τ
1011 3806 1030 3826 ν
1043 3807 1065 3826 s.
1119 3801 1208 3837 sonum
1219 3800 1281 3835 fieri
1290 3805 1416 3836 potuerit,
1437 3800 1464 3826 de
1482 3807 1526 3834 quo
1539 3807 1594 3824 mox
1607 3806 1637 3825 ex
1649 3798 1705 3824 Cic.
1718 3807 1767 3833 pro
1779 3799 1854 3825 Font.
1868 3807 1910 3832 29.
1980 3800 2020 3825 Sia·
2039 3797 2077 3824 Id.
2091 3797 2160 3824 Phil.

0 3837 3 3839 '
28 3830 129 3858 4ΡὸΠίίἆ-
148 3841 182 3866 4,
201 3841 226 3865 9-
638 3856 641 3858 -
1126 3845 1152 3869 2,
1167 3839 1201 3869 69
1223 3845 1244 3863 c.
1258 3841 1288 3866 28
1307 3837 1383 3870 Frugi
1400 3835 1484 3861 faGtus
1497 3833 1533 3860 est
1568 3848 1614 3853 ——
1648 3842 1708 3859 cum
1726 3833 1807 3860 mima
1821 3834 1884 3861 feeit
1898 3833 2052 3860 diuortium.
2100 3835 2160 3859 Late

29 3859 31 3892 l
73 3872 89 3893 F
99 3873 115 3892 R
126 3874 202 3894 OND
212 3874 296 3899 ΕΝΞ,
313 3867 388 3894 entis.
424 3865 516 3893 Parti<-
544 3865 681 3901 [Φυλλᾶῖν]
710 3870 812 3899 =Arbuta
825 3872 975 3900 frondentia
989 3871 1065 3905 Virg.
1124 3879 1205 3899 autem
1216 3878 1286 3905 patet
1300 3871 1355 3898 Cic.
1370 3870 1480 3897 Tuscul.
1495 3878 1520 3901 ς,
1534 3876 1562 3903 17
1581 3878 1602 3895 c.
1614 3873 1627 3898 8
1653 3868 1701 3895 Sed
1720 3870 1782 3904 quia
1802 3879 1850 3896 nec
1869 3870 1916 3904 qui
1933 3874 2040 3900 propter
2059 3874 2160 3893 metum

29 3893 131 3961 ‹Georg
146 3911 168 3935 3,
183 3904 240 3935 300·
287 3903 400 3937 Campus
415 3902 511 3928 Lucan·
525 3904 551 3933 6,
562 3907 597 3933 83.
645 3903 727 3931 Ramo
738 3906 871 3936 frondenti
885 3915 1005 3944 tempora
1016 3907 1066 3934 im-
1126 3907 1280 3942 praesidium
1299 3907 1425 3942 reliquit,
1444 3904 1516 3939 quod
1534 3904 1570 3931 est
1588 3904 1709 3938 ignauiae
1725 3916 1730 3931 ε
1766 3915 1813 3931 nec
1833 3905 1880 3939 qui
1896 3908 2002 3938 propter
2020 3903 2159 3928 auaritiam

37 3936 112 3975 plicat
126 3939 201 3973 Virg.
213 3939 277 3965 Aen.
292 3947 375 4001 711135.
432 3938 503 3964 Vitis
520 3937 624 3965 Colum·
637 3945 659 3969 3»
673 3946 691 3966 1·
1074 3956 1119 3983 10,-
1127 3944 1193 3971 clam
1209 3941 1354 3977 depolitum
1366 3951 1420 3969 non
1433 3939 1564 4003 regdidit,
1583 3940 1655 3975 quod
1668 3940 1704 3967 est
1722 3941 1885 3968 iniustitiae:
1919 3945 1967 3963 nec
1985 3938 2032 3970 qui
2052 3943 2158 3977 ΡῐΟΡῒῖῑ·

185 3980 206 4000 V
215 3980 234 4001 O
243 3980 269 4001 L.
333 3993 340 4000 .
1423 3983 1438 4011 5
2054 3978 2158 3999 temeri-

31 4134 41 4225 *w
