2479 4225
0 0 2 2 -
77 0 100 15 ιφ»
105 0 118 6 m

24 0 73 47 'affin
80 18 83 27 1
130 18 131 25 l

16 34 17 43 l

34 46 42 55 l.
47 46 56 58 .-

42 73 44 76 .
59 61 64 70 ι

49 197 126 239 977
282 213 285 217 -
471 184 721 226 ILL
1554 187 1825 231 IMA
2123 205 2201 248 978

51 280 78 303 et
96 273 213 301 constans
231 272 260 300 in
276 273 378 308 optima
398 274 503 301 ratione
522 275 590 302 ciuis
608 276 636 302 P.
657 275 776 310 Popilius
797 274 899 309 semper
918 272 985 304 fuit,
1004 278 1093 300 tamen
1396 279 1411 311 1
1463 279 1490 312 L
1544 279 1574 312 0
1662 287 1694 311 et
1777 280 1792 311 1
1846 281 1872 313 L
1927 284 1958 316 v

50 310 106 338 eius
131 309 160 336 in
184 309 259 336 omni
286 310 341 336 vita
364 309 432 336 nihil
459 311 495 337 cst
515 313 547 337 ad
571 311 676 337 laudem
695 310 843 343 illustrius,
862 317 941 344 quam
960 309 1092 336 calamitas

0 359 5 368 ι
49 345 112 381 ipsa.
307 344 328 383 ‘J
353 355 369 372 2
405 345 562 379 Substantiua
577 357 584 372 .-
621 347 734 373 Animae
756 346 868 373 illustres
886 345 961 379 Virg.
981 345 1046 371 Aen.
1064 348 1091 378 6,
1191 354 1259 376 ιιο
1272 354 1370 382 TAE,
1402 348 1457 376 vid.
1485 356 1559 376 11131.
1571 356 1692 377 OTAE.

0 395 2 412 2
49 385 106 416 758.
153 380 227 406 —Auos
240 380 353 408 illustres
368 382 465 409 iatflare
478 383 595 417 Propert.
608 390 634 415 2,
649 391 683 415 13,
698 389 736 409 102
807 381 935 409 Ciuitates
948 381 1004 407 Cic.
1015 382 1090 408 Verr.
1190 391 1200 411 1
1211 391 1226 410 L
1236 391 1285 411 νΑ
1295 404 1303 417 ,
1323 393 1362 411 ae.
1382 383 1402 410 f.
1424 384 1526 420 [Ἰλιῑα]
1562 386 1648 422 Insida
1667 383 1701 418 egli
1714 383 1830 411 adiacens
1845 386 1959 421 Tusciae.
1994 390 2047 418 vid.
2067 399 2154 421 1113A.

42 424 75 450 ι,
91 421 130 447 82.
183 416 358 444 Domicilium
372 424 424 444 tam
441 418 541 444 illustre
560 427 589 444 ac
604 419 697 445 nobile
711 418 748 446 1d.
763 419 839 445 Verr.
854 426 875 449 5,
889 424 929 448 39.
984 417 1091 444 Factum
1190 427 1296 453 11.vs‚
1315 421 1335 447 i.
1366 429 1401 446 m.
1437 420 1536 454 [Ἶλος]
1577 423 1653 448 Trois
1676 422 1842 448 Troianorum
1865 431 1931 457 regis
1953 423 2036 458 filim,
2064 439 2103 463 qm
2121 430 2197 456 mum

42 451 163 483 illustre,
184 458 331 488 notumque
344 454 469 480 omnibus
489 455 546 481 Cic.
563 455 639 481 Verr.
655 463 677 486 5,
714 473 721 480 .
758 473 764 480 .
836 452 914 480 Facta
933 452 1044 479 illustria
1065 459 1091 480 et
1153 455 1306 490 aedificante.
1357 455 1404 483 Sed
1416 456 1489 489 Virg.
1503 458 1566 482 Aen.
1581 465 1601 489 1,
1614 459 1662 485 263
1685 458 1718 483 At
1732 465 1797 491 puer
1813 457 1946 489 Ast-anius,
1959 460 2001 484 cui
2016 470 2084 489 nunc
2098 473 2197 501 cogno.

41 487 161 522 'gloriosa
179 486 252 513 Idem
269 489 301 516 de
314 489 370 515 Fin.
387 498 412 522 1,
432 492 472 522 36.
543 491 623 517 Fama
643 489 739 524 Virgil.
754 489 819 515 Aen.
833 495 865 522 7,
884 494 928 523 97.
1000 489 1090 516 Homo
1154 499 1216 518 men
1230 491 1290 518 Iulo
1326 491 1451 523 Additur,
1471 491 1525 517 llus
1538 498 1608 523 erat,
1626 492 1690 519 dum
1713 501 1753 519 res
1768 492 1839 519 stetit
1852 492 1903 520 Ilia
1917 501 2008 529 regno.
2183 492 2185 496 ⁴

0 548 1 553 ,
47 521 154 551 illustris
169 521 272 550 honore
290 533 318 551 ac
332 527 442 552 nomine
462 526 498 558 Q
510 525 565 552 Cic.
579 525 610 552 de
625 527 677 552 Pet.
692 525 770 552 Cons.
786 533 808 550 c.
821 531 844 557 5.
922 523 1024 550 Illustre
1044 525 1090 551 ali-

0 571 4 590 ;
36 558 121 585 'cuius
136 567 233 586 nomen
246 560 357 587 reddere
371 562 427 588 Cic.
442 560 474 587 dc
486 562 554 588 Clar.
569 562 644 588 Orat.
656 568 693 595 74
711 568 732 585 c.
741 568 775 591 13.
868 558 1008 593 Ingenium
1021 561 1089 587 Tac.
1602 554 1613 584 Ῑ
1740 553 1779 586 Μ

39 585 114 622 ⁴Hist.
131 604 156 628 4,
171 601 193 627 5.
264 597 422 630 Legationes
438 597 595 624 illustriores
612 598 701 631 Nepos
721 604 758 626 10,
771 603 810 628 14.
880 595 964 634 Locus
976 597 1090 630 amplior
1114 613 1144 632 ω
1189 604 1250 631 ῐΜ,
1277 599 1385 625 Veteres
1405 597 1538 633 ponebant
1557 607 1605 633 pro
1621 599 1699 631 Eum,
1718 608 1733 627 a
1745 599 1884 627 Nominat.
1899 600 1940 634 1⁸,
1959 601 2047 630 Festus
2065 611 2091 636 9.
2131 605 2197 632 Idem

44 628 229 664 illustriorque
254 632 355 660 Sallust.
374 635 406 667 6,
427 635 466 666 56.
579 632 654 659 Ordo
674 630 805 657 illustrior
825 631 928 657 seruitii
952 631 1091 659 Claudian.
1152 633 1404 661 traditChariliust.
1442 634 1724 668 Mac1·ob.Saturn.1‚4
1746 637 1898 663 Deccmuiri
1914 637 1941 663 in
1954 637 2095 664 duodecim
2106 639 2198 667 Tabb.

43 664 74 691 in
89 665 196 700 Eutrop.
212 675 238 699 1,
252 669 326 701 149.'
414 668 511 695 Petitio
529 676 639 703 pompae
657 667 749 701 plena,
768 666 894 698 illustris,
914 672 940 693 et
956 668 1090 702 splendida
1154 670 1275 697 inusitate
1288 670 1366 700 Nox,
1384 679 1432 704 pro
1448 670 1539 696 Νοὲἲιι
1555 670 1687 697 dixerunt.
1739 672 1824 697 Verba
1844 671 1906 698 haec
1921 673 1979 699 sunt
1993 684 1998 699 ε
2027 674 2053 700 si
2071 683 2125 701 nox
2145 677 2199 702 sur-

45 700 102 728 Cic.
124 700 156 726 de
177 702 253 728 Petit.
273 704 352 730 Cons.
424 704 552 731 Praelium
567 703 762 730 illustrissimum
776 703 844 737 Nep.
859 712 887 735 4,
903 710 923 735 1,
939 711 959 728 1.
1029 704 1090 730 Pro·
1154 712 1210 732 tum
1224 706 1323 732 fae‘cum
1337 706 1393 738 elit,
1414 706 1450 731 sei
1463 707 1499 732 im
1514 705 1612 738 occisit,
1632 706 1691 732 iure
1704 707 1785 733 caisus
1799 707 1861 733 esto.
1913 709 1942 734 In
1958 709 2054 743 quibus
2068 710 2157 737 verbis
2172 711 2200 737 id

45 735 83 762 les
103 736 212 763 illustris
237 738 376 766 Claudiam
397 739 429 766 de
447 741 524 766 (jons,
544 741 648 766 Honor.
667 748 702 772 4,
721 744 768 769 181.
867 739 1007 765 Prouincia
1034 740 1090 766 Cic.
1155 742 1235 768 etiam
1248 741 1394 768 notandum
1408 741 1460 773 est,
1477 741 1549 776 quod
1563 742 1596 767 ab
1610 750 1658 772 eo,
1678 743 1748 777 quod
1764 742 1800 768 cst
1814 744 1853 775 Is,
1869 752 1922 769 non
1936 745 2000 770 Eum
2020 746 2078 772 casu
2093 747 2201 774 Accusa-

45 772 123 798 Verr.
140 780 166 804 1,
189 781 226 799 10.
323 775 376 802 Vbi
396 775 483 802 maior
501 781 579 810 atque
599 774 729 802 illustrior
750 772 846 801 incidit
862 773 912 800 Res
933 775 1004 800 Caes.
1018 776 1044 801 Β.
1058 775 1090 801 G.
1118 789 1143 815 ¹5
1154 778 1229 810 tiuo,
1249 777 1290 803 sed
1307 778 1345 803 Im
1361 776 1494 804 dixerunt.
1567 778 1670 804 Lucret.
1686 787 1708 810 3,
1726 780 1775 812 876
1798 779 1871 804 Mors
1892 779 1985 806 eximit
2007 782 2042 806 im
2063 782 2200 816 prohibet-

43 811 68 838 8,
81 815 104 839 3.
178 807 329 838 Illustribus
344 811 432 837 Rebus
445 810 538 837 insistis
553 811 608 837 Cic.
621 811 701 837 Acad.
715 820 734 843 4
754 819 776 837 c.
789 818 833 842 29.
929 810 1001 836 Idem
1016 811 1090 839 verr.
1154 822 1213 848 qne.
1253 812 1311 839 Vid.
1332 811 1396 845 Voffi
1412 813 1439 839 de
1452 814 1527 839 Amal.
1541 823 1574 848 4,
1592 823 1616 847 5.
1670 814 1711 840 Im
1729 822 1803 840 ettam
1817 821 1868 849 pro
1885 823 1942 840 eam
1956 819 2062 851 pestutum
2076 818 2201 854 suspicor.

43 851 75 876 4,
93 851 135 875 119
167 843 211 870 Ne
226 845 355 872 auaritiae
374 855 425 882 qua
446 845 554 873 antehac
572 847 683 873 occultis
702 845 845 872 itineribus
865 849 944 879 atque
964 846 1090 881 angustiis
1157 848 1217 876 νηί.
1236 854 1464 876 mcomiffisco.

44 878 86 904 vti
101 878 217 912 solebat,
234 881 392 909 ancioritate
405 882 490 909 vestra
503 883 580 908 Viam
595 882 756 917 patefaciatis
770 880 899 907 illustrem
912 887 988 916 atquc
1002 883 1089 909 latam.
1552 888 1566 919 1
1662 887 1702 918 M
1789 887 1817 919 A

45 913 140 940 Visum
153 915 280 949 insignem
288 919 319 944 *et
334 917 460 944 illustrem
474 917 570 944 habere
584 918 640 944 Cic.
653 918 686 944 de
700 918 762 944 Nat.
775 917 807 943 D.
823 924 842 947 1,
855 924 888 942 12.
1037 916 1057 980 ἲ
1077 926 1089 950 3

44 949 176 982 musti-es,
193 955 307 992 Jrquiori
324 962 395 984 aeuo,
417 954 500 980 Primi
517 954 620 980 ordinis
633 954 785 987 Senatores,
805 951 912 978 secundi
925 952 1042 987 Spedlabi
1056 962 1132 992 cs‚20
1191 961 1203 981 1
1214 961 1239 982 M
1249 955 1347 987 ᾸΟΟ,
1371 955 1432 983 i'nis.
1468 956 1488 984 f.
1524 955 1624 991 [datin
1642 953 1747 987 ὕδωλον,
1763 956 1842 983 Gloff.
1856 956 1912 983 Lat.
1926 957 1994 993 Gn]
2029 959 2201 994 Simulacrum,

42 986 121 1012 ,tertii
134 986 284 1014 Claflssxmi,
325 990 380 1015 Iam
395 989 508 1016 inferius
522 996 645 1024 quartum
661 988 771 1023 aliquod
785 997 866 1022 genus
877 997 931 1014 non
945 989 988 1015 est.
1031 990 1090 1016 llid.
1147 990 1252 1026 species,
1271 993 1403 1027 exemplar,
1423 998 1446 1018 et
1458 994 1565 1019 alicmus
1578 1001 1613 1018 νει
1635 997 1837 1027 reprmyentatio,
1859 994 1898 1018 oe!
1908 993 2019 1029 sensibus
2033 994 2142 1028 obici-la,
2162 998 2203 1024 vel

44 1028 71 1053 9,
86 1029 114 1053 4.
166 1022 260 1049 Sidon.
274 1024 353 1057 Epist.
370 1029 399 1056 8,
417 1028 432 1051 6
456 1025 486 1051 ab
504 1025 628 1061 inferiore
646 1024 680 1051 ad
689 1025 809 1061 Jiammum
827 1024 933 1060 gradum
947 1026 1091 1059 procedens,
1148 1029 1201 1062 Joli
1221 1029 1312 1053 animo.
1364 1028 1444 1054 Plaut.
1461 1028 1558 1062 Amph.
1573 1027 1641 1062 prol.
1659 1035 1698 1053 121
1726 1028 1820 1053 Eccum
1834 1028 1967 1061 Iuppiter,
1987 1030 2015 1055 in
2029 1031 2201 1065 Amphitruo-

0 1080 2 1087 ,
46 1055 171 1084 Nicetius
188 1058 232 1084 vir
248 1065 311 1085 ortu
325 1059 494 1092 clariffimus,
510 1060 654 1095 priuilegio
673 1059 838 1094 speetabilis,
857 1060 954 1086 merito
974 1061 1091 1088 illustris.
1154 1063 1196 1088 nis
1209 1063 1293 1089 vortit
1306 1063 1358 1089 sese
1372 1064 1522 1097 imaginem.
1591 1063 1647 1088 Cic.
1659 1061 1691 1087 dc
1704 1062 1789 1088 Amic.
1805 1071 1847 1088 102
1867 1063 1957 1089 Nemo
1971 1073 2085 1099 vnquam
2100 1068 2202 1101 animo,

50 1091 109 1118 Vici.
129 1092 166 1118 ibi
179 1093 299 1121 sauaron.
328 1102 352 1121 et
367 1096 408 1122 Id.
424 1103 454 1132 p.
467 1105 522 1131 450.
558 1099 588 1122 it.
604 1097 624 1122 Ι.
638 1095 756 1130 Gothofr.
776 1094 811 1121 ad
823 1096 854 1121 C.
868 1095 924 1121 Th.
939 1096 1042 1131 pqfflm,
1062 1103 1092 1123 vt
1155 1104 1199 1124 aut
1217 1099 1259 1132 spe
1276 1099 1377 1125 maiora
1396 1099 1544 1133 concipiet,
1563 1099 1611 1133 qui
1626 1097 1674 1123 libi
1687 1105 1741 1123 non
1761 1097 1832 1123 illius
1852 1098 2024 1131 memoriam,
2043 1107 2122 1135 atque
2137 1104 2202 1130 ima.

45 1125 130 1153 Tom.
145 1137 154 1154 1
172 1137 197 1162 p.
211 1136 254 1161 335
273 1135 319 1156 etc.
375 1133 413 1157 De
431 1132 550 1166 quinque
567 1130 693 1166 gradibus
711 1130 856 1157 illustrium
873 1140 904 1158 ex
917 1132 1025 1159 Nouell.
1042 1133 1128 1174 νει-3)-
1155 1134 1243 1168 ginem
1259 1138 1469 1168 praeponendam
1483 1142 1565 1169 putet.
1617 1135 1654 1160 De
1673 1135 1825 1169 cogitatione
1839 1132 1905 1159 Plin.
1920 1134 1997 1168 Epist.
2010 1142 2060 1169 7,5
2080 1138 2143 1164 Inde
2157 1138 2202 1170 est,

43 1160 137 1189 lentin.
175 1164 286 1190 Guther.
303 1165 335 1191 de
349 1165 426 1193 Offic.
440 1169 513 1194 Dom.
525 1169 592 1204 Aug.
606 1177 627 1198 ι,
641 1176 676 1193 ιο.
1155 1169 1229 1204 quod
1242 1178 1361 1204 magnam
1378 1176 1478 1204 partem
1493 1170 1613 1196 noenum
1627 1170 1653 1195 in
1668 1168 1783 1202 imagine
1798 1175 1841 1195 tua
1857 1169 1923 1203 vigil
1936 1171 2024 1204 exigo.
2059 1173 2127 1198 Add,
2141 1174 2202 1200 Lin,

80 1203 115 1223 11.
125 1203 141 1223 1.
151 1205 249 1225 VSTR
259 1207 269 1226 1
279 1207 299 1227 V
308 1208 336 1232 s,
354 1201 445 1229 issime.
481 1202 549 1228 Adu.
584 1201 642 1229 Cic.
655 1202 727 1228 Fam.
740 1209 777 1233 10,
792 1209 821 1234 19
843 1199 946 1235 Video,
965 1203 1036 1238 quasi
1051 1212 1092 1236 ea,
1156 1213 1178 1238 5,
1191 1213 1216 1231 2.
1254 1205 1336 1232 Ouid.
1349 1207 1413 1232 Met.
1427 1209 1454 1238 6,
1468 1211 1522 1239 589.
1589 1205 1796 1239 Exemplumque
1809 1204 1859 1230 Dei
1873 1205 1985 1240 quisque
1999 1205 2034 1231 est
2047 1206 2075 1232 in
2088 1208 2203 1242 imagine

41 1239 111 1272 quae
123 1233 208 1260 oculis
223 1243 382 1270 cernuntur,
401 1246 444 1264 me
461 1246 476 1263 a
493 1244 520 1263 te
536 1237 630 1264 anteri.
673 1237 766 1267 Dices,
784 1237 850 1272 quid
864 1240 955 1265 antea?
985 1239 1092 1274 Semper
1155 1249 1237 1275 parua
1249 1241 1342 1267 Manil.
1358 1252 1383 1275 4,
1397 1247 1451 1274 893.
1523 1241 1597 1275 Virg.
1611 1241 1676 1266 Aen.
1692 1249 1718 1271 z,
1733 1248 1785 1274 772
1812 1240 1899 1274 Atque
1920 1240 1997 1275 iplius
2015 1241 2106 1269 vmbra
2120 1245 2204 1270 Creu-

42 1267 179 1302 eqmdem,
194 1269 238 1296 sed
252 1280 388 1307 nunquam
401 1273 539 1299 illustrius.
575 1272 644 1299 Gell.
659 1281 681 1305 5,
694 1282 704 1299 1
720 1273 839 1299 Labores
851 1274 909 1300 suos
924 1274 1092 1301 illustrillime
1155 1278 1198 1303 sae
1234 1277 1296 1302 Visa
1311 1276 1381 1303 mihi
1395 1284 1454 1303 ante
1470 1277 1578 1308 oculos,
1600 1283 1625 1302 et
1644 1283 1707 1302 nota
1720 1276 1808 1301 maior
1821 1275 1918 1310 imago.
1990 1277 2046 1303 Cic.
2062 1278 2094 1304 de
2107 1279 2204 1306 Natur.

38 1310 162 1343 {narrare
213 1305 254 1332 1d.
267 1315 294 1339 9,
309 1316 334 1340 13
361 1308 532 1335 Illustrissime
545 1308 689 1342 descripsit.
1104 1328 1136 1352 30
1156 1313 1238 1338 Deor.
1254 1320 1274 1343 1,
1289 1320 1336 1346 107
1363 1313 1412 1339 Fac
1432 1313 1560 1346 imagines
1574 1313 1637 1344 csl'e,
1655 1311 1753 1346 quibus
1768 1311 1902 1344 pulsantur
1915 1311 2007 1342 animi7
2028 1313 2124 1347 species
2139 1314 2204 1341 dnn-

77 1345 222 1368 ILLvs'r
233 1348 298 1375 Ro,
321 1347 375 1370 are.
411 1343 583 1377 [λαμπρόνω]
620 1343 739 1370 Lucidum
759 1350 784 1370 et
796 1343 956 1380 splendidam
975 1354 1026 1372 rem
1045 1346 1092 1371 ali·
1155 1353 1225 1374 taxat
1239 1348 1371 1374 obiicitur
1384 1348 1522 1383 quaedam.
1628 1347 1701 1373 Idem
1715 1347 1746 1372 de
1762 1347 1819 1373 r‘in.
1834 1355 1853 1376 1,
1867 1355 1894 1373 21
1915 1356 1937 1372 c.
1951 1350 1967 1373 6
1988 1350 2096 1382 atomi,
2118 1351 2205 1382 inane,

37 1380 114 1436 *guam
125 1374 232 1410 facere,
251 1379 292 1404 vel
309 1381 332 1404 ei
347 1379 423 1404 lucem
438 1386 461 1405 ει·
473 1379 630 1415 slendnrem
645 1380 748 1413 afferre.
785 1381 872 1407 Varro
891 1381 922 1407 dc
935 1381 967 1407 R.
981 1381 1012 1407 R.
1027 1390 1045 1411 1,
1066 1390 1094 1407 12.
1155 1383 1302 1417 imagines,
1321 1392 1387 1418 quae
1404 1384 1475 1410 idola
1490 1383 1670 1409 nominantur.
1740 1382 1775 1408 Ea
1794 1382 1907 1417 (gloria)
1929 1382 2024 1409 virtuti
2039 1386 2157 1418 resonat,
2176 1392 2204 1414 vt

60 1417 184 1444 ropterea
202 1412 273 1446 quod
289 1413 321 1439 ab
334 1413 389 1440 sole
404 1421 463 1441 toto
477 1388 521 1441 dkie
534 1415 696 1447 illustratur,
712 1415 846 1442 salubrior
858 1416 903 1442 est.
975 1417 1019 1442 Sol
1034 1416 1093 1442 illu·
1152 1419 1247 1453 imago
1266 1419 1323 1445 Cic.
1335 1419 1442 1452 Tusc.3
1468 1429 1489 1446 c.
1504 1428 1530 1445 2.
1557 1423 1575 1444 i.
1589 1421 1654 1445 echo.
1691 1417 1765 1453 Conf.
1780 1418 1855 1443 Varr.
1870 1418 1900 1443 R.
1915 1418 1945 1444 R.
1962 1428 1988 1449 2,
2003 1422 2039 1445 16.
2077 1422 2204 1448 Drakenb.

61 1451 102 1472 rat
115 1454 174 1473 oras
193 1448 288 1474 Horat.
303 1449 391 1478 Carm.
406 1459 434 1483 4,
449 1459 488 1485 14,
501 1458 524 1483 5.
561 1451 635 1487 Conf.
648 1451 705 1477 Cic.
722 1451 812 1478 Somn.
827 1452 893 1486 Scip.
915 1461 937 1478 c.
951 1460 978 1485 4.
1015 1452 1094 1478 Leni·
1155 1454 1190 1481 ad
1208 1454 1255 1481 Sil.
1277 1463 1323 1489 14,
1341 1457 1396 1488 365.
1431 1456 1484 1482 vid.
1497 1464 1552 1481 mox
1565 1455 1644 1481 Vocis
1659 1454 1758 1486 imago.
1831 1454 1938 1487 Imago,
1955 1461 1983 1480 ot
1997 1462 2035 1480 an
2047 1455 2151 1489 Festus,
2170 1456 2204 1484 ab

50 1488 80 1507 er
94 1480 226 1508 illustrans
237 1482 300 1514 lux,
317 1485 371 1511 vid·
393 1492 494 1512 LEle.
566 1487 623 1513 Cic.
631 1487 708 1513 Verr.
722 1496 751 1519 4,
764 1495 790 1519 7¹
810 1488 893 1514 Cuius
910 1488 1017 1522 fulgore
1032 1488 1127 1516 eos..
1156 1490 1311 1517 Imitatione
1325 1490 1430 1517 dicitur.
1467 1492 1559 1525 Imago
1573 1490 1686 1522 dicitur,
1706 1488 1776 1523 quasi
1794 1489 1907 1523 Imitago
1927 1489 2053 1524 Porphyr.
2067 1494 2094 1516 in
2109 1493 2205 1519 Horat.

33 1514 129 1545 lucere
143 1524 222 1552 atque
235 1519 362 1551 illustrari
376 1521 450 1547 Iouis
463 1523 525 1556 Opt.
540 1522 610 1547 Max.
630 1522 760 1556 templum
774 1523 925 1557 oportebat.
980 1515 1126 1558 Memphf'
1157 1527 1245 1552 Carm.
1261 1535 1281 1558 1,
1296 1534 1330 1558 12,
1342 1536 1370 1559 4.
1464 1527 1523 1552 Cic.
1541 1534 1590 1560 pro
1608 1526 1675 1552 Sext.
1688 1533 1719 1556 3ο
1745 1524 1771 1550 Si
1793 1524 1936 1558 imaginem
1955 1525 2135 1558 iudiciorum,
2158 1534 2206 1554 aut

38 1550 163 1585 Illzfirem
181 1561 205 1580 et
223 1553 341 1590 insignem
356 1555 447 1591 facere
459 1567 467 1581 :
497 1557 553 1583 Cic.
567 1557 641 1583 Brut.
656 1559 690 1583 62.
716 1567 738 1583 c.
755 1560 783 1584 16
807 1558 837 1584 de
855 1565 1025 1585 mortuorum
1040 1559 1095 1585 lau—
1158 1561 1326 1588 simulacrum
1346 1560 1454 1596 aliquod
1475 1562 1595 1588 futurum
1616 1562 1643 1587 in
1663 1560 1772 1586 ciuitate
1792 1561 1909 1594 putass'et.
1985 1562 2104 1596 Frequens
2125 1561 2158 1595 qs?
2177 1563 2207 1589 de

38 1586 207 1622 dationibus,
231 1590 304 1623 Ipsae
321 1590 441 1618 familiae
461 1592 506 1618 sua
542 1607 589 1613 —-
625 1600 799 1619 monumenta
818 1595 957 1621 seruabant
992 1609 1038 1613 -—
1067 1600 1095 1622 et
1149 1595 1265 1631 statuis.-
1288 1597 1345 1624 Cic.
1360 1598 1388 1623 in
1402 1598 1476 1623 Orat.
1488 1606 1531 1623 110
1553 1595 1737 1623 Demosthenis
1754 1595 1897 1629 imaginem
1912 1604 1944 1621 ex
1956 1604 2017 1622 aere
2032 1597 2098 1623 vidi.
2138 1598 2206 1625 Plin.

37 1623 71 1650 ad
85 1623 267 1651 illustrandam
281 1626 453 1653 nobilitatem
467 1629 549 1654 snam.
622 1628 662 1654 Id.
678 1629 750 1655 Fam.
766 1637 786 1663 1,
802 1632 818 1655 6
836 1630 985 1661 illustrabit
1006 1629 1092 1659 (mihi
1157 1641 1194 1665 35,
1208 1641 1223 1659 2
1249 1633 1398 1667 Imaginum
1415 1632 1520 1666 pictura
1538 1641 1616 1667 quam
1630 1631 1745 1658 maxime
1759 1630 1854 1656 similes
1874 1631 1902 1656 in
1920 1639 2015 1656 aeuum
2031 1632 2208 1666 propagaban-

37 1659 133 1691 trede)
152 1665 223 1686 tuam
238 1661 442 1695 amplitudinem
456 1663 598 1690 hominum
617 1664 727 1690 iniuria.
799 1664 954 1697 1d.Catil.3
975 1674 996 1692 c.
1011 1670 1033 1695 8.
1070 1672 1137 1709 “²40
1157 1674 1200 1694 tur
1215 1667 1323 1702 figurae.
1417 1669 1571 1694 Portentum
1590 1667 1641 1699 est,
1662 1667 1767 1700 quoties
1781 1666 1869 1698 coepit
1888 1666 1977 1698 imago
1998 1666 2072 1700 loqui
2092 1667 2209 1694 Martial.

39 1693 110 1729 Nep.
123 1703 149 1727 2,
165 1703 185 1727 1,
198 1705 226 1730 4.
263 1699 296 1723 ie.
314 1697 405 1724 lustin.
423 1707 458 1731 12,
474 1701 511 1732 16,
523 1707 546 1731 3.
583 1699 699 1725 Saluian.
712 1699 744 1725 de
757 1699 828 1726 Gub.
843 1712 860 1733 4
879 1710 903 1735 p.
918 1709 969 1727 112.
1011 1701 1090 1735 Apul.
1157 1712 1197 1735 11,
1218 1712 1269 1735 103.
1346 1703 1403 1730 Cic.
1425 1703 1452 1728 in
1472 1704 1557 1729 Pison.
1578 1711 1608 1735 93
1643 1701 1688 1728 nli
1708 1706 1798 1726 autem
1816 1700 1927 1725 statuam
1947 1700 2020 1726 istius
2041 1701 2209 1735 persimilem.

39 1729 103 1756 Met.
119 1739 143 1756 11
162 1738 228 1757 extr.
254 1732 272 1758 s.
293 1741 318 1766 p.
332 1740 390 1768 272,
410 1743 444 1760 22
468 1734 497 1760 de
513 1732 639 1769 mJsteriis
659 1742 682 1761 et
694 1736 780 1771 farris
798 1738 897 1768 teletis,
924 1737 981 1762 Nec
999 1743 1025 1762 te
1040 1738 1093 1762 Ro·
1156 1747 1236 1772 quam
1257 1738 1324 1764 stare
1343 1738 1521 1763 celeberrimo
1542 1738 1570 1762 in
1586 1737 1647 1762 loco
1659 1735 1797 1766 voluerat,
1815 1742 1848 1759 ne
1863 1735 2003 1774 suauislimi
2019 1736 2136 1764 hominis
2154 1747 2209 1764 me—

38 1771 97 1791 mae
132 1781 179 1786 -——
213 1767 288 1793 felici
303 1768 352 1794 illo
371 1769 470 1796 amiGtu
488 1770 616 1797 illustrari
635 1772 712 1804 posse.
768 1771 848 1804 Qiod
870 1771 936 1796 felix
956 1772 1047 1804 itaque
1066 1776 1093 1796 et
1156 1773 1244 1798 moria
1258 1779 1423 1803 moreretur,
1443 1771 1599 1800 deturbant,
1620 1771 1755 1803 affligunt,
1776 1778 1973 1803 comminuunt,
1993 1771 2118 1805 dissipant.
2166 1774 2208 1800 Sic

36 1799 151 1826 faustum
160 1800 321 1837 salutareque
335 1805 387 1830 tibi
401 1805 440 1835 sit,
458 1805 549 1831 animo
558 1805 675 1838 gaudiali
689 1807 792 1831 rursum
807 1806 884 1831 sacris
899 1805 1016 1831 inimare.
1050 1805 1093 1830 Ab
1156 1807 1340 1840 odium‚quod
1357 1807 1384 1832 in
1398 1807 1482 1839 ipsum
1496 1806 1652 1837 attulerant,
1672 1805 1700 1831 id
1712 1805 1743 1831 in
1756 1805 1814 1831 eius
1835 1805 1977 1839 imaginem
1998 1816 2025 1832 ac
2040 1808 2209 1837 simulacrum

34 1834 77 1861 bis
90 1840 223 1868 φωτισμοῖς
235 1837 423 1871 mysteriorum,
437 1840 557 1865 videmur
569 1838 722 1871 arce-‘llbndae
728 1840 857 1874 formulae
863 1838 959 1872 similes
972 1838 1131 1874 Chastia-43
1156 1841 1344 1875 profuderunt.
1387 1842 1440 1866 md.
1463 1850 1488 1867 n.
1508 1849 1530 1874 5.
1729 1837 1750 1876 ff
1771 1849 1786 1866 2
1814 1842 1926 1867 Genitiui
1942 1843 2090 1876 Nominum,
2105 1853 2209 1879 quorum

28 1869 122 1896 ‘norum
133 1871 164 1896 de
176 1872 312 1906 Baptismo.
490 1872 510 1911 ff
532 1883 545 1899 2
575 1875 727 1905 Decimam-e,
742 1879 904 1908 patefacere,
921 1874 1092 1909 manrsqlfflre,
1157 1879 1279 1911 inmgines
1298 1876 1340 1909 csse
1358 1876 1485 1904 dicuntur.
1523 1875 1614 1903 Animi
1630 1876 1719 1909 imago
1737 1877 1825 1901 vultus
1840 1876 1884 1906 est,
1904 1876 2004 1902 indices
2017 1879 2090 1905 oculi
2104 1880 2160 1907 Cic.
2174 1880 2207 1908 de

33 1908 134 1968 fferire
148 1916 156 1931 :
183 1906 246 1941 quod
265 1915 325 1942 quae
342 1913 432 1942 aperta
444 1908 523 1944 fimt,
545 1912 661 1936 maiorem
681 1911 757 1935 lucem
772 1909 920 1944 praebeam.
956 1916 1000 1941 ut,
1028 1909 1092 1934 illu·
1156 1912 1231 1938 Orat.
1246 1920 1269 1944 3,
1283 1921 1327 1944 519
1345 1921 1366 1937 e.
1383 1920 1422 1944 59.
1495 1912 1654 1938 Animorum
1668 1910 1796 1944 imagines
1816 1910 1944 1944 quoniam
1962 1921 2016 1938 non
2031 1914 2104 1947 sunt,
2124 1916 2208 1950 negli-

28 1965 30 1967 ,
57 1949 116 1967 rare
134 1941 215 1968 dubia
229 1943 373 1977 perspicuis
390 1944 445 1970 Cic.
460 1943 493 1970 de
507 1944 566 1971 Fin.
580 1953 615 1978 4,
635 1947 676 1973 6,·-
748 1944 897 1971 Patefacere
918 1950 944 1971 et
959 1944 1091 1970 illustrare
1156 1952 1255 1980 guntur
1274 1947 1354 1973 etiam
1376 1955 1519 1980 corporum
1538 1947 1605 1972 Plin.
1627 1955 1665 1978 35,
1684 1954 1704 1971 2.
1777 1946 2062 1983 Antiquitatis.imago
2082 1950 2139 1977 Cic.
2158 1960 2207 1985 pro

34 1975 148 2003 obscura
165 1977 238 2003 Idem
252 1978 284 2004 de
297 1978 373 2004 Orat.
388 1987 408 2010 1,
423 1987 479 2013 177.
505 1986 529 2005 et
543 1988 559 2006 2
577 1989 598 2006 c.
612 1988 654 2012 39.
726 1979 895 2012 Distinguere
917 1986 943 2008 et
958 1979 1090 2005 illustrare
1156 1982 1226 2007 Sext.
1243 1990 1281 2013 19.
1355 1981 1426 2008 Artis
1442 1982 1530 2015 imago
1546 1981 1675 2015 quaedam
1694 1987 1720 2007 et
1736 1979 1882 2008 similitudo
1897 1982 1969 2008 Idem
1983 1982 2016 2009 de
2029 1984 2103 2012 Orat.
2116 1994 2141 2017 2,
2153 1989 2208 2020 356.

34 2013 186 2039 orationem
206 2013 262 2040 Cic.
281 2013 311 2039 dc
325 2014 430 2040 Inuent.
453 2023 484 2046 2,
503 2023 549 2047 49.
619 2014 751 2041 Illustrare
771 2014 969 2048 philosophiam
991 2014 1090 2040 Latinis
1098 2025 1130 2050 30
1155 2016 1248 2051 Tacit.
1261 2018 1328 2042 Ann.
1343 2025 1366 2048 3,
1382 2024 1411 2051 17
1433 2015 1549 2042 Biduum
1563 2017 1640 2050 super
1653 2015 1718 2041 haee
1731 2017 1847 2050 imagine
1860 2018 2030 2050 Cognitionis
2046 2019 2207 2055 absumtum,

33 2048 120 2075 literis
136 2048 209 2074 Idem
224 2049 302 2075 Acad.
316 2058 335 2081 1,
348 2058 370 2082 3.
466 2050 582 2083 Reperta
595 2051 758 2076 Graecorum
771 2050 904 2076 illustrare
918 2050 1019 2076 Latinis
1033 2058 1092 2075 ver·
1154 2051 1179 2078 h.
1194 2061 1213 2077 e.
1229 2059 1361 2086 praetextu
1381 2059 1404 2077 et
1417 2053 1500 2087 specie
1519 2051 1616 2077 iudicii.
1690 2051 1862 2078 Crudelitatis
1884 2053 1940 2079 Cic.
1960 2053 2078 2089 Philipp..
2095 2065 2116 2084 11
2143 2067 2164 2084 c.
2184 2066 2207 2090 3.

26 2083 105 2116 ,fibus
120 2085 223 2110 Lucret.
238 2093 258 2117 1,
273 2090 320 2116 138.
392 2084 552 2116 Illustratum
562 2105 571 2118 ,
587 2094 636 2121 pro
649 2086 776 2120 Comperto
795 2093 818 2111 et
834 2086 965 2120 momfisse
976 2086 1092 2120 probato.
1156 2086 1332 2120 Eloquentiae
1353 2087 1485 2120 Qtinclil.
1502 2095 1520 2119 1,
1534 2095 1569 2112 12.
1642 2086 1700 2111 Fati
1715 2087 1804 2113 vltimi
1815 2087 1888 2114 Idem
1901 2090 1927 2121 6,
1941 2097 1962 2115 2.
2036 2092 2137 2119 Horret
2151 2094 2208 2120 ani-

14 2119 92 2154 ‘ucic-
106 2120 134 2146 in
148 2120 226 2146 Catil.
240 2128 263 2152 3,
277 2129 310 2146 20
330 2121 429 2147 Omnia
443 2127 469 2147 et
482 2121 606 2154 Senatus,
623 2127 650 2147 et
661 2130 727 2153 VOS,
748 2129 816 2155 quae
829 2128 903 2146 erant
918 2129 1009 2146 contra
1023 2120 1090 2146 salu·
1155 2131 1213 2147 mus
1227 2122 1294 2147 tanti
1308 2121 1416 2154 Flagitii
1433 2122 1546 2154 imagine
1560 2121 1627 2146 Tac.
1642 2121 1709 2147 Hist.
1724 2131 1752 2155 4,
1766 2129 1802 2154 53,
1812 2131 1836 2155 9.
1908 2125 2020 2152 Formae
2034 2136 2111 2161 caua,
2136 2139 2154 2155 l.
2167 2131 2208 2154 in-

17 2158 35 2174 st*
47 2163 88 2182 em
101 2156 224 2182 omnium
238 2156 370 2190 cogitata,
391 2157 537 2190 illustrata,
556 2163 581 2183 et
601 2156 730 2191 patefacta
744 2155 858 2183 vidistis.
895 2156 969 2190 Conf.
986 2155 1024 2180 ib.
1040 2163 1061 2180 c.
1071 2163 1091 2181 1.
1154 2165 1212 2182 arus
1226 2157 1298 2189 Virg.
1314 2157 1380 2182 Aen.
1396 2165 1418 2187 ε’,
1431 2164 1485 2188 293.
1556 2156 1725 2189 Frugalitatis
1738 2159 1838 2192 priscae
1849 2159 1916 2186 Plin.
1929 2160 2006 2195 Epist.
2020 2170 2039 2192 1,
2052 2171 2094 2188 22.
2152 2165 2208 2190 Ηο-

56 2210 64 2218 .
77 2191 110 2217 de
125 2192 211 2218 Amic.
231 2200 252 2217 c.
267 2194 307 2219 26.
415 2192 581 2227 Compositio
595 2193 642 2219 vsu
658 2191 785 2217 illustrata
805 2189 927 2216 Scribon.
940 2197 985 2223 97.
1097 2202 1126 2227 55
1155 2191 1222 2216 nesti
1236 2191 1352 2225 imagine
1367 2200 1432 2217 vana
1446 2191 1605 2217 circumdata
1618 2192 1728 2225 Qiinei.
1744 2193 1816 2220 Deci.
1830 2203 1873 2227 ²53
1894 2204 1919 2229 p,
1931 2204 1982 2228 439
2003 2197 2087 2227 Burm!
2133 2199 2207 2230 Idem

72 2233 82 2252 I
93 2234 108 2253 L
118 2233 133 2252 L
147 2233 166 2251 V
179 2234 191 2254 s
201 2234 222 2254 T
232 2234 249 2253 R
259 2234 280 2253 Λ
290 2234 359 2254 '1'10
369 2248 377 2260 ‚
397 2228 466 2254 onis.
493 2228 513 2254 f.
551 2227 619 2254 Solis
632 2226 837 2253 illustrationem
850 2225 969 2251 eiusdem
985 2223 1090 2250 incensa
1155 2235 1179 2258 2,
1193 2235 1221 2252 10
1247 2227 1337 2260 (Quare
1352 2226 1518 2259 declamatio,
1533 2227 1661 2261 quoniam
1675 2228 1711 2254 est
1725 2229 1888 2256 iudiciorum
1903 2232 2130 2268 consiliorumque
2143 2231 2207 2261 ima'.

20 2279 24 2285 .
48 2263 116 2289 adiis
128 2263 265 2289 menstruo
279 2263 363 2296 spatio
375 2263 437 2288 luna
450 2258 565 2297 complet
578 2263 632 2288 Cic.
647 2261 678 2287 de
692 2261 754 2287 Nat.
763 2261 795 2286 D.
808 2269 827 2291 1,
840 2265 882 2295 87.
945 2259 1091 2286 Illustratio
1155 2270 1207 2296 go,
1228 2261 1320 2288 similis
1334 2263 1382 2288 ess'e
1397 2263 1475 2288 debet
1488 2263 1604 2289 veritati.
1676 2264 1744 2290 Iuris
1759 2265 1849 2298 imago
1865 2266 1959 2292 Manil.
1978 2275 2000 2300 5,
2014 2276 2074 2302 457.
2145 2271 2206 2297 Liu.

22 2300 60 2325 '’et
73 2298 218 2330 midensi&
243 2300 260 2323 i·
274 2297 385 2332 &aigyna
398 2297 453 2323 Cic-
464 2298 532 2332 ῬΜ
545 2296 678 2330 Qstn‘ffik
691 2298 718 2328 6»
731 2304 802 2328 2,32.
1156 2305 1198 2330 41,
1211 2302 1224 2327 8
1248 2299 1298 2323 His
1312 2307 1421 2332 quoqne
1435 2298 1595 2332 imaginibus
1614 2298 1686 2324 iuris·
1695 2299 1803 2332 spretis,
1829 2303 1847 2325 i.
1867 2302 1980 2335 obtentu,
1994 2303 2086 2338 specte,
2141 2306 2208 2332 Lau-

18 2349 21 2363 β
69 2341 78 2359 1
88 2341 104 2360 1.
113 2339 159 2359 ιν
169 2341 182 2359 s
191 2340 213 2360 T
223 2339 303 2359 RAM
313 2340 329 2359 E
339 2340 360 2358 N
370 2338 392 2358 'r
401 2338 470 2363 vM,
494 2333 513 2359 i.
550 2341 576 2358 n.
613 2332 797 2367 [λάμπρυμικ]
834 2330 946 2364 Qinet.
959 2339 981 2357 11
1005 2340 1026 2356 c.
1041 2330 1090 2357 vlt.
1156 2333 1196 2358 dis
1214 2333 1279 2359 falsa
1298 2334 1408 2367 anft.
1424 2343 1447 2366 5,
1462 2339 1483 2363 8.
1556 2333 1700 2360 Libertatis
1720 2334 1789 2361 Tac.
1801 2335 1870 2361 Ann.
1882 2344 1903 2369 1,
1916 2345 1936 2364 1.
2008 2340 2075 2365 Litis
2094 2342 2206 2374 Quinet.

25 2367 60 2396 de
77 2366 171 2396 amitiu
186 2371 297 2394 oratoris
311 2369 428 2404 laquens,
447 2369 521 2395 Haec
541 2369 601 2394 sunt
621 2367 664 2394 vel
682 2367 875 2393 illustramenta
893 2366 1090 2401 pronuntiatio·
1100 2369 1135 2394 60
1155 2378 1179 2400 4,
1195 2376 1213 2394 1.
1286 2369 1352 2395 Mali
1366 2370 1453 2395 felicis
1467 2377 1546 2395 aurea
1566 2369 1645 2395 Ouid.
1660 2369 1740 2403 Epist.
1758 2379 1799 2403 20,
1814 2378 1870 2406 237.
1941 2373 2023 2400 Maris
2038 2384 2117 2403 aurea
2132 2378 2207 2412 Virg.

23 2405 87 2439 nis,
105 2403 148 2431 vel
166 2403 242 2430 vitia.
1156 2405 1222 2430 Aen.
1238 2410 1262 2435 8,
1275 2407 1328 2435 671.
1402 2404 1503 2430 Montis
1523 2404 1617 2431 Horat.
1632 2405 1682 2431 Od.
1697 2414 1718 2437 1,
1732 2414 1776 2438 20,
1790 2412 1812 2436 8.
1834 2410 1853 2433 i.
1869 2407 1934 2434 echo.
1990 2410 2087 2437 Mortis
2104 2413 2208 2446 gelidae

24 2458 34 2468 -,
54 2447 78 2466 -1
90 2440 377 2470 ιινεΤῐὶᾸΤοκ,
394 2438 459 2464 oris.
479 2446 514 2464 m.
551 2437 670 2464 Laetam.
688 2446 709 2467 2,
723 2445 740 2469 9
766 2437 837 2463 Deus
856 2437 968 2463 luminis
983 2437 1044 2463 fons
1063 2441 1090 2463 et
1154 2440 1261 2465 somnus
1277 2440 1366 2476 imago
1384 2440 1466 2466 Ouid.
1481 2440 1572 2466 Amor.
1588 2449 1617 2472 2,
1637 2449 1670 2473 9,
1688 2449 1729 2474 41.
1835 2442 1908 2469 Pacis
1926 2443 2015 2472 Tacit.
2037 2447 2104 2473 Ann.
2125 2457 2150 2480 1,
2169 2458 2205 2475 ιο.

25 2475 292 2505 fillustrmorrrerum.
329 2473 404 2509 Cous.
418 2473 533 2499 Hieron.
548 2481 668 2507 prooem.
681 2472 789 2506 Qiaest.
804 2473 832 2499 in
845 2473 967 2499 Genesin.
1002 2480 1025 2498 et
1036 2473 1089 2498 Au·
1154 2475 1278 2505 Pietatis,
1299 2478 1317 2502 i.
1328 2479 1411 2512 pietas
1424 2476 1499 2510 Virg.
1508 2476 1573 2501 Aen.
1587 2478 1613 2508 6,
1626 2485 1686 2508 403.
1713 2483 1737 2502 et
1751 2477 1866 2504 Seruius.
1938 2480 2014 2508 Ponti
2029 2482 2110 2509 tristis
2124 2483 2206 2511 Ouid.

22 2515 29 2537 l
49 2512 129 2539 nstin.
143 2511 256 2537 Confeff.
275 2518 309 2541 12,
323 2517 344 2535 11
360 2516 383 2534 tt
397 2510 435 2535 16.
473 2509 533 2535 Vet.
548 2509 628 2535 Inscr.
647 2515 688 2543 ap.
702 2508 806 2536 Reines.
820 2508 887 2535 class.
902 2511 934 2542 6,
950 2516 996 2541 129
1020 2509 1033 2534 1
1043 2508 1089 2535 N·
1152 2510 1218 2537 Met.
1235 2519 1269 2543 15,
1283 2517 1340 2545 785.
1410 2512 1510 2538 Poenae
1529 2511 1602 2537 Idem
1620 2512 1686 2537 Met.
1699 2513 1725 2543 6,
1739 2517 1794 2544 589.
1866 2514 1958 2541 Tacit.
1972 2517 2039 2543 Ann.
2056 2520 2093 2550 16,
2108 2526 2116 2544 1
2146 2519 2205 2545 No-

14 2521 83 2599 ἄν
91 2548 106 2574 S
114 2547 144 2573 T
152 2547 175 2572 R
183 2546 240 2572 AT
248 2545 273 2571 O
282 2545 324 2571 RI
353 2545 370 2570 P
379 2545 434 2571 Ro
442 2544 456 2570 S
464 2545 486 2570 A
494 2545 530 2571 ΡΙ
540 2545 560 2570 Α
568 2545 587 2570 Ε
613 2545 658 2571 SV
667 2545 688 2570 A
698 2544 725 2571 E.
1100 2553 1133 2585 65
1153 2545 1264 2573 &urnae
1277 2547 1383 2581 Qiietis
1398 2547 1541 2580 imaginem
1556 2546 1589 2572 ad
1601 2548 1671 2580 spem
1689 2545 1760 2573 haud
1772 2547 1881 2575 dubiam
1894 2551 2019 2582 retraxit,
2044 2553 2068 2579 h.
2083 2562 2102 2579 e.
2115 2556 2206 2591 imagi·

67 2591 79 2610 1
90 2589 106 2609 1.
117 2589 134 2607 L
143 2589 164 2607 v
174 2587 186 2607 s
197 2587 218 2607 T
228 2588 247 2607 R
258 2581 337 2607 ᾸΤΚ
346 2587 403 2613 lx,
423 2581 481 2607 icis.
502 2580 522 2607 f.
557 2579 654 2607 sarisb.
669 2587 697 2614 7,
712 2588 728 2612 9
749 2579 908 2606 Illustratrix
921 2579 1014 2614 gratia.
1152 2584 1287 2608 nationem.
1359 2583 1459 2609 Rerum
1474 2581 1609 2608 credibilis
1630 2582 1760 2615 Qinetil.
1775 2592 1803 2616 4,
1823 2593 1845 2610 2.
1917 2586 2091 2620 Reipublicae
2110 2589 2205 2625 imagi-

68 2625 78 2644 1
88 2625 105 2644 L
114 2623 130 2642 1.
142 2623 160 2641 v
172 2624 184 2643 s
193 2622 214 2642 T
223 2623 242 2642 R
252 2623 273 2643 A
282 2622 333 2642 TV
343 2621 372 2647 s,
392 2614 432 2642 sis.
466 2625 502 2643 m.
538 2617 664 2653 Dignitas
681 2615 844 2647 Illustrium,
864 2615 895 2642 de
913 2616 1003 2651 quibus
1024 2623 1050 2641 n.
1062 2621 1089 2641 2.
1152 2625 1215 2642 nem
1232 2617 1334 2645 nullam
1351 2618 1514 2652 reliquissent
1531 2617 1588 2643 Cic.
1605 2624 1697 2644 contra
1710 2617 1782 2644 Rull.
1796 2627 1820 2651 2,
1835 2626 1876 2655 87.
1947 2621 2117 2650 Somniorum
2133 2626 2203 2653 Suet.

29 2652 98 2690 apud
109 2651 219 2680 Cassiod.
234 2653 297 2679 Var.
310 2653 338 2684 6,
351 2660 385 2679 11.
1154 2652 1240 2685 Calig.
1262 2661 1284 2678 c.
1299 2661 1319 2679 1.
1390 2653 1495 2687 Speculi
1513 2653 1597 2679 Ouid.
1613 2654 1676 2688 Met.
1690 2662 1719 2686 4,
1734 2662 1792 2686 349.
1865 2655 1931 2683 Plin.
1947 2666 1982 2689 12,
1998 2667 2008 2684 1
2034 2660 2072 2686 Ac
2091 2669 2123 2687 ne
2137 2661 2203 2696 quid

70 2695 105 2715 ΙΙ.
115 2693 160 2714 LV
172 2693 194 2714 'r
205 2694 216 2713 1
226 2687 284 2715 131'1.
295 2695 305 2713 1
317 2693 330 2713 S
341 2706 350 2720 ,
372 2696 395 2713 e.
430 2687 491 2713 Adi.
528 2685 716 2720 [οἷνὲκπλυτος]
753 2684 828 2720 Qiod
840 2686 889 2711 elui
900 2693 950 2710 non
959 2682 1049 2718 potest,
1064 2689 1089 2709 et
1152 2686 1231 2720 defit,
1250 2688 1392 2722 Speluncae
1406 2688 1518 2723 imagini
1530 2689 1606 2715 saxea
1619 2688 1690 2715 intus
1709 2689 1852 2723 crepidinis
1866 2700 1982 2726 corona,
1999 2700 2045 2720 etc.
2117 2697 2204 2723 Tem-

31 2725 84 2751 luto
97 2726 243 2759 expurgari.
281 2722 363 2749 Plaut.
372 2723 445 2748 Men.
459 2731 477 2753 1,
490 2730 516 2755 z,
529 2729 561 2757 57
579 2722 637 2749 Nae
649 2729 682 2747 ex
694 2721 759 2747 istoc
771 2721 833 2746 loco
847 2721 984 2754 spurcatur
997 2720 1087 2745 nasum
1096 2733 1132 2761 70
1152 2723 1224 2757 poris
1241 2724 1374 2758 Qflm‘ffl,
1388 2726 1413 2757 6²
1435 2733 1452 2750 ι,
1548 2725 1605 2751 Cic.
1619 2725 1691 2751 Fam,
1706 2734 1729 2756 1,
1749 2728 1765 2751 6
1796 2726 1956 2754 Recordatjo
1976 2739 2097 2757 mem-„m
2116 2732 2204 2759 Tem,

25 2759 117 2786 odore
130 2758 266 2786 illutibili.
299 2757 353 2785 vid.
368 2758 496 2785 Boxhorn.
1151 2767 1263 2793 porum,
1282 2769 1396 2795 quorum
1412 2760 1555 2794 imaginem
1571 2760 1652 2786 video
1673 2761 1703 2786 in
1722 2761 1801 2787 rebus
1820 2763 1882 2788 tuis.
1954 2765 2086 2792 Terroris
2104 2767 2202 2795 Lucan.

22 2814 25 2817 -
72 2801 83 2821 1
94 2802 111 2822 L
121 2801 198 2823 LVT
208 2802 217 2821 1
227 2799 358 2822 BARBV
370 2801 401 2826 s,
428 2802 458 2826 a,
489 2802 544 2820 um.
581 2790 642 2818 Adi.
679 2790 805 2827 Intonfiu.
843 2789 919 2825 Apul.
937 2789 1008 2817 Flor.
1027 2797 1052 2821 1,
1073 2797 1086 2822 3
1110 2810 1113 2813 ⁴
1144 2802 1179 2829 ⁴³7,
1195 2803 1252 2830 773.
1308 2796 1398 2822 Tacit.
1414 2797 1481 2822 Ann.
1495 2805 1518 2828 2,
1530 2805 1555 2829 53
1575 2796 1723 2831 Magnaque
1737 2796 1794 2822 illic
1808 2797 1898 2832 imago
1912 2799 2047 2827 Tristium
2061 2802 2203 2831 laetorum-

22 2839 59 2866 ρ.
80 2839 142 2863 341,
165 2839 199 2862 29
232 2829 379 2865 Hispidus,
407 2828 598 2861 illutibarbus,
627 2827 709 2862 spinis
730 2833 757 2854 et
778 2826 841 2862 pilis
865 2825 975 2854 obsitus.
1024 2825 1086 2853 Ald.
1150 2839 1213 2865 ¹que.
1283 2832 1360 2857 Vitae
1375 2832 1482 2864 imago,
1504 2833 1529 2858 h.
1543 2841 1563 2858 e.
1583 2833 1716 2867 exemplar.
1753 2832 1823 2859 Tac.
1837 2834 1957 2868 Ann.15,
1971 2839 2005 2863 62
2025 2838 2104 2871 Qtod
2119 2849 2202 2867 vnum

29 2865 222 2896 Multibarbus.
1151 2866 1222 2900 iam,
1246 2872 1272 2893 et
1291 2875 1378 2894 tamen
1396 2867 1609 2903 pulcherrimum
1631 2867 1761 2902 habebat,
1780 2868 1925 2903 imaginem
1945 2872 2022 2898 Vitae
2043 2875 2103 2900 suae
2121 2876 2201 2902 relin-

31 2912 39 2927 τ
69 2909 80 2928 1
89 2908 107 2928 1.
117 2908 164 2929 LV
173 2908 194 2928 'r
205 2907 225 2926 v
239 2908 267 2932 S,
289 2899 346 2935 fiue
369 2908 379 2928 Ι
390 2907 414 2926 N
426 2907 442 2926 L
451 2906 472 2926 V
481 2907 502 2927 Τ
511 2906 554 2927 VS
563 2918 572 2932 s
605 2897 660 2925 vid·
686 2905 696 2925 1
707 2905 723 2925 Ι·
733 2905 777 2925 LO
786 2905 807 2926 Τ
816 2905 875 2930 vs,
901 2904 929 2934 P·
948 2903 1015 2924 ⁶²²²?-
1098 2909 1131 2938 75
1150 2911 1234 2936 quere
1248 2903 1364 2930 testatur.
1471 2903 1526 2929 Vbi
1541 2912 1655 2930 concaua
1672 2903 1746 2938 pulsu
1755 2904 1820 2931 Saxa
1833 2907 1935 2939 sonant,
1957 2909 2091 2943 Vocisque
2104 2911 2202 2938 offensa

32 2962 34 2965 .
70 2942 282 2967 1LLVV1ES,
309 2936 344 2963 ei.
379 2936 399 2963 f.
435 2935 568 2970 [οἷλεσῖα]
609 2934 717 2967 Sordes,
741 2934 916 2967 immunditia,
936 2933 1083 2970 spurcities.
1150 2937 1258 2964 resultat
1277 2939 1366 2973 imago
1385 2939 1482 2973 Virgil.
1496 2939 1593 2974 Georg,
1607 2948 1635 2972 4,
1649 2948 1694 2973 49.
1721 2942 1739 2966 i.
1760 2940 1825 2967 echo.
1861 2942 1915 2968 vid.
1935 2951 1962 2970 n.
1976 2952 1994 2969 1.
2030 2952 2055 2970 ft
2074 2955 2130 2972 mox
2148 2956 2174 2974 n.
2187 2954 2201 2979 3

73 2983 122 3000 non
138 2972 252 3000 lauando
266 2981 353 2998 nomen
366 2972 447 2998 habet.
481 2971 546 2998 vnde
565 2977 589 2997 et
604 2972 694 2997 Graece
712 2969 805 2998 οἷλεσῖοι
823 2970 932 3003 ficitur,
944 2969 1030 3010 *eadem
1047 2973 1084 2994 ui·
1148 2974 1249 3000 Iocosa,
1321 2975 1400 3001 Vocis
1420 2974 1548 3001 humanae
1562 2975 1662 3010 ¹loquax
1682 2975 1771 3010 imago
1791 2975 1912 3011 psittacus
1930 2978 2011 3006 Ouid,
2027 2981 2119 3008 Amor·
2136 2991 2161 3015 2,
2174 2985 2202 3016 6,

20 3009 122 3038 ,delicet
135 3009 164 3036 de
174 3008 256 3044 causa.
291 3008 367 3034 Curt.
381 3017 409 3041 4,
423 3016 443 3040 1,
455 3015 488 3034 22
508 3006 594 3034 Ablue
612 3015 707 3041 corpus
723 3006 834 3038 illnuie,
852 3011 1017 3040 aeternisque
1031 3005 1084 3031 sor·
1150 3017 1191 3044 57,
1368 3008 1388 3047 ε]
1410 3019 1422 3043 3
1459 3011 1574 3046 Epi-,hem
1589 3022 1597 3036 :
1633 3011 1712 3037 Acres
1727 3012 1871 3046 imagines,
1896 3014 1949 3040 vid·
1964 3021 2061 3042 ACER.
2117 3018 2200 3044 Cerea

26 3045 112 3072 idibus
130 3043 289 3079 squalidum.
343 3044 429 3070 Paullo
443 3041 515 3077 post,
538 3041 589 3070 Sed
607 3049 636 3070 vt
648 3041 781 3069 cuneianti
799 3041 904 3077 squalor
918 3042 1022 3069 ablutus
1039 3040 1084 3072 est,
1149 3047 1243 3071 Horat.
1257 3045 1338 3071 Ser-m,
1354 3055 1373 3078 ι,
1387 3051 1410 3078 3,
1424 3054 1464 3079 43,
1537 3047 1593 3073 Cic.
1611 3056 1660 3082 pro
1675 3047 1751 3073 Rosc.
1766 3048 1856 3075 Amcr.
1872 3056 1909 3083 47
1935 3051 1969 3075 Vt
1983 3049 2083 3077 cffiftos
2096 3053 2200 3080 nostros

23 3086 62 3108 2et
82 3080 181 3107 inieti'ta
194 3079 290 3112 vestis,
310 3086 356 3107 etc.
430 3080 499 3107 Ter.
511 3079 606 3105 Heaut.
619 3087 643 3111 2,
657 3087 681 3109 2,
696 3086 723 3111 53
749 3079 784 3105 Ea
803 3077 907 3105 texebat
926 3086 977 3104 vna
991 3076 1083 3112 paff'ls
1097 3090 1129 3116 80
1148 3089 1236 3108 mores
1251 3081 1279 3107 in
1293 3081 1386 3108 alienis
1400 3082 1528 3116 personis,
1545 3083 1745 3117 Exi-pressamque
1760 3083 1903 3117 imaginem
1919 3085 2033 3111 nostram
2048 3087 2118 3114 vitae
2132 3097 2199 3123 quo.

33 3115 135 3148 obfita,
154 3115 288 3150 neglefta,
302 3115 441 3142 immunda
454 3115 558 3141 illuuie.
665 3114 738 3149 Virg.
753 3114 818 3140 Aen.
830 3123 854 3147 3,
867 3122 912 3147 593
937 3114 1002 3140 Dira
1023 3113 1080 3153 illu·
1147 3116 1263 3143 tidianae
1282 3118 1441 3144 videremus.
1532 3118 1605 3145 Fich
1623 3117 1705 3146 Ouid.
1719 3119 1784 3144 Met.
1803 3126 1848 3152 14,
1868 3127 1923 3151 323.
2009 3122 2131 3149 Humana
2150 3124 2198 3151 sub

35 3152 94 3178 VieS
109 3152 283 3186 promissaque
301 3151 393 3178 barba.
447 3152 478 3177 El*
495 3159 518 3183 3,
532 3157 582 3185 217
601 3149 630 3177 de
642 3151 782 3185 Harpyiis,
809 3149 963 3178 Foediffill'la
982 3155 1082 3176 ventris
1147 3153 1263 3187 imagine
1280 3153 1342 3180 deus
1360 3153 1433 3180 Idem
1449 3155 1514 3181 Met,
1530 3163 1557 3187 ι,
1575 3163 1625 3187 213¹
1695 3155 1785 3180 Iocosa
1805 3153 1894 3187 vocis,
1919 3155 1974 3182 echo
1992 3157 2086 3184 Horat·
2107 3160 2197 3187 Casm-

26 3186 157 3215 illuuies.
207 3186 392 3219 Sedmefiom,
412 3186 560 3213 Proluuies.
653 3187 740 3213 Varro
757 3187 823 3222 apud
834 3187 904 3215 Non.
920 3195 946 3218 2,
965 3194 1016 3220 437
1044 3185 1082 3211 AC
1148 3197 1168 3221 1,
1182 3197 1220 3221 12,
1236 3198 1259 3222 3.
1323 3189 1392 3216 Ibid.
1413 3198 1438 3221 r,
1455 3199 1506 3224 20,
1528 3195 1550 3220 8.
1630 3188 1745 3217 Mendax
1770 3188 1894 3217 Prudent.
1910 3191 2009 3223 Hymn.
2029 3200 2088 3219 ante
2107 3195 2196 3222 Somn.

36 3222 137 3259 periret
155 3221 258 3255 female,
282 3223 436 3258 scabicque,
456 3223 569 3255 illnuie,
587 3227 614 3248 et
625 3221 793 3249 vastitudine.
889 3223 946 3249 Cic.
960 3222 1044 3248 Tusc.
1058 3229 1082 3253 3,
1142 3231 1185 3260 pr.
1233 3243 1235 3246 -
1259 3225 1360 3253 Moesta
1381 3225 1462 3252 Ouid.
1481 3225 1514 3253 ad
1534 3226 1641 3252 Liuiam
1661 3233 1715 3258 ²05·
1793 3225 1886 3258 Muta,
1904 3226 2010 3261 pic'lura
2031 3229 2088 3255 Cic.
2110 3230 2141 3256 de
2155 3232 2198 3258 In-

24 3261 69 3287 f26
95 3271 148 3277 ——
173 3256 285 3283 infuscat
298 3258 387 3292 pee'ius
401 3259 494 3285 illuuie
508 3257 636 3286 scabrum.
672 3267 702 3284 ex
716 3260 798 3285 Poeta.
869 3259 978 3287 Liu.21‚
994 3266 1024 3290 39
1038 3264 1082 3292 pr.
1107 3267 1136 3296 85
1148 3265 1221 3287 vent,
1235 3269 1261 3294 2,
1276 3270 1295 3288 ι,
1387 3262 1544 3289 Νοξῖῃῃηε
1565 3261 1674 3288 Tibull.
1687 3269 1708 3293 3,
1726 3270 1758 3295 4,
1774 3263 1815 3293 56.
1905 3262 1976 3290 PiEta
1995 3270 2039 3290 aut
2060 3264 2120 3292 fifh
2139 3267 2197 3294 (ic,

24 3294 132 3329 fflfissffl
153 3292 225 3318 enim
243 3300 275 3319 ex
292 3293 399 3328 labore,
419 3295 495 3329 copia
513 3304 544 3321 ex
564 3294 672 3329 inopia,
691 3294 773 3321 cultus
792 3304 824 3322 ex
837 3295 875 3322 ill·
890 3303 948 3325 uie,
968 3293 1082 3326 tabeque
1146 3297 1218 3323 Fam.
1237 3305 1266 3330 ς,
1288 3306 1321 3324 12,
1411 3297 1607 3324 Proconsularis
1625 3298 1701 3323 saeua
1726 3305 1755 3323 ac
1774 3303 1835 3323 trux
1854 3297 1914 3324 Liu.
1936 3306 1962 3330 5,
1983 3308 2004 3325 ρ,
2082 3301 2196 3329 puerili,

27 3328 156 3365 &squalida
169 3333 194 3354 et
206 3335 288 3362 prope
301 3328 406 3358 efferata
416 3339 528 3366 corpora
541 3331 612 3357 varie
625 3330 778 3358 mouebant.
872 3331 1009 3365 Aquarum
1021 3328 1082 3368 illu·
1146 3332 1227 3360 Ouid,
1248 3332 1280 3359 de
1299 3334 1374 3360 Rem.
1394 3334 1487 3360 Amor,
1509 3340 1565 3367 575,
1653 3332 1765 3359 Pulchra
1786 3332 1857 3359 Idem
1874 3333 1954 3368 Epist,
1972 3337 2016 3367 16,
2038 3340 2076 3368 ες,
2146 3338 2196 3364 Re,

38 3361 45 3372 Δ
74 3369 77 3371 ’
105 3365 197 3392 Iustin-
211 3372 234 3395 2,
248 3371 269 3395 1,
288 3371 326 3396 14-
340 3374 347 3377 '
418 3367 546 3402 Corporis
567 3367 671 3393 Lucret.
691 3369 723 3399 6,
743 3368 814 3393 1266.
884 3367 1017 3393 Locorum
1036 3364 1082 3390 Sil.
1146 3369 1211 3403 galis
1229 3369 1312 3395 Ouid.
1328 3370 1392 3396 Met.
1413 3372 1440 3402 6,
1464 3378 1509 3403 74.
1580 3368 1749 3403 Repercuss’ae
1772 3368 1895 3402 imaginis
1922 3379 1956 3395 vn
1969 3369 2015 3397 bra
2036 3372 2110 3399 ldem
2129 3374 2196 3401 Met.

36 3412 37 3415 ¹
54 3414 59 3419 ·
73 3408 127 3435 541-
200 3399 307 3426 firmic·
318 3400 346 3430 6,
358 3404 384 3431 3'1
402 3402 525 3434 Quorum
538 3411 666 3437 corpora,
682 3402 780 3429 hircini
791 3402 890 3430 Odoris
903 3401 1004 3428 tristem
1019 3400 1081 3427 illu·
1146 3413 1157 3435 ς
1168 3425 1174 3435 ,
1194 3413 1254 3438 434.
1333 3406 1440 3432 Tenuis
1471 3405 1550 3431 Lucr-
1570 3413 1604 3437 4,
1629 3406 1669 3430 61·
1740 3403 1868 3430 Turbida
1889 3405 1982 3439 Virgil·
2005 3407 2071 3434 Aen·
2090 3417 2122 3442 42
2142 3417 2195 3443 353·

26 3438 39 3467 ’ἶ
56 3437 126 3469 iem,
147 3435 277 3462 desUda‘iS
295 3434 422 3474 grapibus
435 3436 609 3471 humoribus,
626 3445 780 3474 euaporent.
845 3439 948 3470 Obesa,
967 3436 1122 3477 vid-Jub90
1144 3442 1218 3467 Vana
1233 3442 1300 3467 Hor.
1314 3442 1403 3467 Carm.
1418 3449 1438 3473 3,
1452 3448 1495 3475 27,
1510 3449 1555 3473 40.
1626 3441 1697 3466 Vera
1714 3439 1807 3466 orandi
1829 3440 1938 3473 Quintil.
1954 3449 2018 3474 ‚313
2133 3442 2154 3481 ᾗ
2174 3455 2194 3479 4

35 3478 177 3501 ΌΒΕΒΟ.
270 3470 379 3497 Illuuies
397 3470 516 3501 absumsit
535 3475 665 3502 maiorem
689 3481 789 3510 partem
805 3475 910 3507 Syriae,
939 3472 991 3499 uid.
1015 3479 1080 3499 AB·
1144 3476 1262 3503 Abolere
1289 3477 1434 3511 imagines,
1455 3475 1507 3502 rid.
1528 3481 1668 3502 ΑΒΟιΕΟ.
1762 3475 1893 3508 Qxinclil.
1915 3478 1941 3509 6,
1962 3485 1977 3503 2
2005 3478 2103 3511 Qid?
2138 3489 2194 3507 non

20 3515 52 3538 ξε
61 3515 82 3535 V
91 3515 116 3535 M
127 3513 158 3534 Ο.
230 3507 372 3533 Conuicium
391 3509 420 3532 in
432 3509 579 3537 immundum
592 3512 711 3538 hominem
727 3509 760 3545 {sl
774 3510 883 3538 Illuuies
896 3509 988 3538 Plauto
1001 3507 1080 3535 Most.
1139 3512 1215 3538 -idem
1230 3513 1308 3538 Poeta
1322 3513 1425 3547 penitus
1440 3512 1529 3538 vltimi
1543 3511 1607 3538 fausti
1620 3511 1690 3545 cepit
1704 3511 1846 3545 imaginem
1862 3511 1871 3537 3
1975 3513 2049 3540 Celat
2064 3514 2126 3541 falsa
2140 3517 2194 3542 cul-

34 3544 63 3576 ὶ,
83 3553 111 3577 1,
131 3551 171 3576 39.
382 3550 385 3555 “
1144 3557 1204 3584 pam
1221 3548 1267 3574 sub
1282 3549 1398 3581 imagine
1419 3547 1499 3574 Ouid.
1512 3547 1578 3574 Met.
1592 3556 1614 3579 2,
1630 3555 1668 3582 37.
1775 3547 1922 3580 Concipere
1937 3548 2027 3575 animo
2047 3550 2194 3585 imaginem

28 3584 33 3599 ³
73 3587 83 3607 1
93 3585 110 3605 L
123 3585 139 3605 1.
152 3585 173 3605 γ
183 3584 307 3607 R1VM‚
338 3582 363 3603 et
389 3583 524 3607 ILLYR1
534 3588 552 3609 c
562 3589 582 3609 v
594 3589 637 3613 M,
666 3581 721 3617 flue
745 3590 755 3609 1
765 3579 844 3608 LLY⁰
854 3588 870 3607 R
881 3589 891 3608 1
903 3588 934 3613 s,
960 3580 1002 3606 vel
1025 3587 1035 3606 1
1045 3585 1080 3605 L·
1144 3584 1257 3611 alicuius
1270 3584 1311 3610 rei
1337 3583 1469 3618 anenl.
1483 3592 1501 3615 1,
1516 3593 1553 3610 10.
1661 3581 1734 3608 Idem
1748 3583 1774 3616 6,
1790 3590 1799 3608 1
1830 3582 1917 3609 Citius
1937 3585 2072 3611 euanescat
2094 3588 2192 3614 necesse

26 3621 56 3648 „L
68 3622 87 3642 Y
99 3621 169 3642 RIA
184 3633 192 3646 ‚
230 3612 376 3648 [Ἰλλυρίς]
418 3614 495 3650 Regio
518 3618 589 3652 Epiri
610 3621 782 3650 contermina,
807 3621 949 3653 propinqua
973 3617 1119 3657 Italiaes9³5
1143 3619 1180 3645 est
1194 3619 1254 3650 illa,
1274 3629 1351 3654 quam
1366 3618 1479 3645 dicendo
1494 3618 1652 3650 effinximus,
1674 3618 1771 3651 imago-
1877 3619 2031 3654 Exprimere
2047 3621 2192 3656 imaginem

24 3650 181 3683 tabillyrio,
200 3656 230 3676 vt
237 3650 371 3684 Appianas
382 3651 474 3685 inquit,
491 3652 708 3690 Polyphemi-filim
727 3653 775 3686 siue
787 3654 832 3689 (vt
845 3652 970 3686 Bullathio
979 3651 1079 3686 piacet)
1142 3655 1254 3682 alicuius
1265 3657 1304 3682 rei
1326 3655 1456 3690 Qinffil.
1470 3663 1492 3688 3,
1507 3661 1528 3686 8.
1644 3654 1739 3680 Facere
1759 3652 1820 3679 Liu.
1835 3660 1865 3686 3,
1884 3663 1905 3680 2.
1999 3655 2113 3683 Induere
2127 3658 2191 3683 ima-

24 3685 186 3721 ·Cadmifilio
199 3685 366 3711 denominata.
418 3685 535 3719 Propert.
548 3697 568 3720 1,
581 3694 603 3719 8,
618 3698 634 3716 2
660 3690 700 3716 An
715 3690 767 3717 tibi
781 3691 837 3717 sum
850 3688 936 3725 gelida
950 3687 1034 3714 vilior
1046 3687 1079 3713 Il-
1136 3692 1232 3725 :ginem
1246 3692 1356 3725 mortis,
1377 3691 1429 3718 uid.
1445 3697 1560 3720 INDvo.
1655 3689 1813 3723 Irrumpunt
1823 3689 1950 3724 imagines
1965 3691 1993 3717 in
2006 3692 2122 3724 animos,
2136 3692 2190 3718 vid.

24 3721 125 3754 dyria?
161 3721 214 3747 vid.
228 3720 301 3747 Mela
320 3729 338 3751 1,
353 3728 375 3752 3.
409 3726 432 3745 et
448 3720 519 3747 Suet.
531 3721 629 3751 Tiber.
648 3734 669 3751 c.
684 3729 725 3756 86.
1144 3733 1300 3755 IRRVMPO.
1405 3727 1506 3754 Ludere
1524 3725 1640 3760 aliquem
1660 3724 1728 3750 falsis
1748 3725 1909 3759 imaginibus
1930 3728 2004 3761 Virg.
2015 3728 2079 3754 Aen.
2095 3736 2114 3757 ι,
2128 3732 2189 3759 408·

23 3765 26 3769 ⁴
71 3764 82 3783 1
94 3763 110 3783 1.
122 3758 305 3788 LYRi'cvs‚
326 3764 351 3787 a,
372 3764 427 3781 nm.
464 3755 524 3782 Adi.
558 3757 727 3797 [Ἰλλυρικός]
764 3762 880 3796 Nigrior
895 3759 1001 3793 Illyrica
1020 3758 1079 3793 pice
1142 3763 1211 3789 Hor,
1244 3764 1332 3789 carm,
1365 3773 1386 3796 3,
1417 3771 1460 3797 27,
1493 3771 1528 3795 ²9-
1644 3759 1794 3787 Ludificans
1808 3761 1913 3788 somnos
1926 3762 2014 3798 imago
2034 3762 2114 3793 8118,
2129 3768 2189 3795 643.

22 3792 119 3820 Ouid.
137 3792 169 3819 de
183 3793 248 3818 Arte
261 3794 321 3818 Am.
336 3800 361 3823 2,
374 3794 429 3824 658.
500 3791 605 3819 Terrae
623 3795 739 3829 Propert.
752 3807 778 3831 2,
792 3800 830 3830 16,
843 3807 862 3825 1.
1086 3811 1132 3829 100
1144 3797 1276 3831 Quinc‘tit.
1289 3807 1313 3832 5,
1327 3805 1340 3828 8
1359 3799 1455 3826 Laudis
1468 3799 1557 3824 falsam
1570 3797 1713 3830 imaginem
1727 3797 1929 3832 persequuntur.
2043 3797 2110 3822 Tac·
2120 3798 2188 3823 Ann-

21 3837 25 3843 ·
73 3835 84 3855 1
95 3834 112 3853 1.
123 3829 323 3855 LYRICIKN
337 3834 355 3852 V
367 3834 380 3853 S
394 3847 402 3859 ³
429 3835 462 3859 ἃ,
487 3835 542 3854 Um·
577 3828 637 3855 Adi·
672 3832 758 3860 Treb.
777 3834 841 3860 Poll.
856 3833 884 3860 in
899 3829 993 3859 Claud.
1011 3838 1033 3856 c.
1049 3838 1079 3863 14
1146 3841 1168 3865 3,
1185 3836 1219 3859 60
1241 3834 1387 3869 Imaginem
1406 3834 1572 3868 antiquitatis
1588 3832 1695 3859 Senatui
1709 3832 1861 3867 praebebat.
1954 3831 2076 3858 Proferre
2095 3832 2188 3866 imagi-

24 3863 162 3890 'Claudius
176 3863 344 3894 Illyricianae
357 3863 441 3896 gentis
454 3863 505 3888 vir.
562 3865 592 3890 Et
605 3864 747 3896 Illyriciani
763 3868 778 3894 1,
793 3878 823 3897 7..-
848 3866 1031 3896 Cod.Theod.
1046 3865 1078 3891 de
1145 3878 1205 3894 nem
1220 3869 1331 3896 alicuius
1372 3870 1503 3903 Quinffll.
1518 3872 1542 3901 (u,
1558 3878 1577 3895 1.
1684 3869 1805 3903 Propone
1819 3869 1871 3895 tibi
1884 3867 2040 3894 memoriam
2054 3872 2080 3892 et
2097 3867 2189 3901 imagi-

25 3899 110 3926 ¹Petit.
152 3905 176 3925 et
194 3898 278 3926 Num.
301 3899 388 3926 Decii.
419 3898 578 3925 GENIVS
609 3899 804 3930 EXERCITVS
840 3902 1076 3932 ILLVRICIANI.
1144 3913 1204 3931 nem
1219 3906 1298 3938 patris
1310 3907 1351 3932 tui
1370 3907 1426 3932 Cic.
1442 3905 1473 3931 de
1488 3905 1595 3932 Amicii.
1611 3912 1666 3931 102.
1737 3905 1857 3932 Reddere
1876 3902 2017 3936 imaginem
2039 3903 2189 3936 proximam

25 3954 28 3959 .
71 3940 271 3967 11.1.YR1vs‚
293 3934 312 3962 i.
337 3944 374 3962 m.
406 3935 494 3961 Gentis
506 3943 599 3962 nomen.
639 3935 701 3963 Liu.
717 3945 755 3971 ιο,
768 3946 784 3965 2.
806 3940 896 3974 Illyrii
908 3939 1078 3974 Liburnique
1145 3941 1254 3967 veritati
1274 3941 1406 3976 Qiinelil.
1421 3950 1444 3971 2,
1461 3950 1496 3967 10.
1602 3940 1676 3967 Idem
1696 3942 1727 3972 6,
1742 3950 1751 3967 1
1777 3940 1862 3967 Vestis
1888 3945 1975 3964 tamen
1998 3937 2043 3963 illa
2064 3938 2189 3977 sangnine

22 3975 123 4004 -gffltcs
140 3969 222 4004 tierae-
765 3996 767 3999 s
869 3974 874 3999 ἑ
959 3998 961 4000 -
1089 3977 1269 4013 105n1adens,
1283 3977 1321 4004 ita
1345 3976 1560 4011 Repraesentauit
1581 3976 1726 4012 imaginem
1747 3975 1870 4007 sceleris,
1887 3979 1916 4000 vt
1939 3981 1993 3999 non
2016 3974 2115 4000 occisus
2141 3974 2190 4000 effe

190 4011 276 4033 vor..
309 4006 346 4034 11.
1374 4014 1391 4038 ⁶
1410 4013 1437 4040 H
1473 4015 1476 4018 ·
2085 4008 2191 4043 Caesar,
