2479 4225
272 221 340 258 455
651 202 685 243 E
772 201 809 240 X
894 199 932 237 A
1771 193 1804 233 E
1892 196 1930 235 X
2017 195 2052 235 C
2333 201 2406 248 456

272 296 363 322 ,ΞΜ-ω,
378 293 527 326 exasperare
542 291 603 318 saxo
618 291 664 318 331,
680 300 707 324 4,
721 299 757 322 19·
826 283 963 311 Concuffas
982 282 1085 310 Triton
1104 283 1236 316 exasperat
1256 290 1301 308 vn·
1403 290 1507 311 zxAv
1517 289 1535 309 n
1546 290 1556 309 1
1566 290 1642 311 1311.1
1652 288 1682 314 s,
1697 290 1721 308 e.
1741 281 1801 308 Adi.
1838 282 1913 310 Idem.
1935 284 2001 318 Aug.
2016 285 2089 311 Solil.
2108 293 2129 317 1,
2143 294 2161 311 ι.

275 330 318 357 das
332 328 411 355 Ouid.
429 330 518 353 Amor.
540 336 561 359 2,
576 337 607 360 11,
624 335 662 361 57.
718 326 788 350 Idem
801 322 863 347 Met.
879 328 900 351 ς,
915 326 932 352 7
970 318 1119 345 Affimulare
1139 318 1209 344 freto
1230 317 1304 351 pollis
1405 326 1605 353 EXAVGEO,
1630 318 1674 347 xi,
1700 318 1787 350 Chim,
1816 321 1869 344 ere.
1906 320 1940 353 [ἒ
1960 320 2043 353 adim]
2086 320 2161 347 Valde
2187 329 2285 357 augere.
2327 320 2409 348 Plaut.

274 364 345 400 quod
363 364 438 389 sacua
452 363 570 397 quietum
608 364 750 388 Ventorum
764 357 847 383 rabies
862 355 942 380 motis
954 355 1085 389 exasperat
1099 354 1182 379 vndiS.
1255 354 1304 379 h'x-
1373 354 1453 380 Stich.
1467 363 1488 386 2,
1503 363 1523 387 1,
1537 364 1552 387 9
1590 354 1682 388 figenti
1702 354 1779 380 herae
1800 354 1926 386 subueni,
1947 355 2082 381 benefacis
2095 356 2227 382 maiorum
2242 363 2349 382 tuorum
2368 364 2412 382 ex-

274 401 391 434 asperare
410 407 466 425 rem
484 398 571 424 verbis
584 395 712 430 Quinctil.
728 404 754 426 4,
768 401 791 420 2,
806 398 845 423 75.
918 390 976 415 Vox
995 392 1159 424 exasperatur
1178 387 1250 414 Idem
1272 397 1304 420 11,
1373 398 1448 423 auge.
1518 391 1586 416 Ter.
1608 391 1704 416 Heaut.
1724 398 1749 422 2,
1764 397 1786 420 2,
1801 397 1813 414 2
1851 390 2018 416 Concurrunt
2044 390 2142 417 multae
2169 391 2326 425 opiniones,
2344 399 2410 425 quae

275 444 287 467 3
315 443 356 460 20.
428 435 555 460 Concitare
570 442 591 458 ft
605 435 713 457 irritare.
749 425 880 453 Columel.
900 433 925 457 9,
942 434 976 457 ις.
1021 425 1087 452 Cels.
1104 433 1122 456 1,
1140 435 1150 456 3
1181 425 1272 458 Itaque
1286 424 1304 449 li
1331 431 1344 457 ς
1375 425 1443 450 mihi
1458 424 1573 451 animum
1589 432 1747 459 exaugeam:
1765 425 1838 451 locus
1853 424 1963 457 occafio,
1979 432 2055 453 aetas.
2419 423 2424 431 ’

276 454 327 504 q’ua
341 470 397 495 sunt
416 478 481 503 quae
495 469 669 500 exasperatura
677 471 769 489 eorum
783 461 884 486 animos
899 461 967 492 sunt,
975 468 1105 494 optimum
1120 460 1155 486 cst
1170 467 1198 485 ea
1213 468 1306 485 eorum
1411 466 1454 486 Ex
1465 467 1515 486 AV
1525 467 1545 487 G
1555 459 1574 486 ὗ
1585 467 1627 487 Ro
1637 481 1645 493 ‚
1665 464 1717 487 ire.
1755 459 1952 494 [ἕξοιωνιζομοιι]
1989 463 2024 487 Ex
2044 461 2118 497 sacro
2136 460 2276 496 profanum
2296 460 2412 488 reddere:

277 506 388 531 nomiae
399 489 565 531 'subn-abes&
759 494 778 533 q
801 505 813 521 2
856 498 887 522 Vt
901 496 977 530 signis
990 497 1085 530 Aspera
1104 496 1220 521 dicuntur
1235 503 1308 530 opera
1375 498 1415 521 cui
1428 500 1580 522 contrarium
1599 494 1632 528 est
1645 497 1822 530 Imugumre,
1842 497 1982 530 diciturque
2000 496 2028 521 de
2045 500 2119 527 locis,
2141 504 2164 522 et
2181 497 2318 523 hominibus
2331 497 2356 532 s.
2369 497 2411 532 sa-

277 545 369 567 caelata
408 540 435 566 de
448 549 492 574 quo
506 537 555 563 vid.
570 539 688 560 ASPI‘RA
702 531 792 565 signis:
812 534 849 557 ita
862 531 999 558 Claudian.
1015 533 1042 558 in
1061 532 1137 558 Cons.
1146 531 1219 556 Hon.
1233 538 1307 563 3,192
1376 531 1521 557 cerdotibus.
1567 532 1663 564 Liu.'1,
1680 540 1706 565 55
1737 533 1767 558 Et
1785 539 1813 558 vt
1831 531 1915 557 libera
1929 539 1944 556 a
1957 532 2064 558 caeteris
2083 531 2260 566 religionibus
2280 540 2341 558 area
2352 532 2413 558 esset

278 560 388 603 Brome}
409 572 549 601 innumeris
567 568 697 601 exasperat
710 567 801 601 acgida
820 566 912 601 signis,
930 571 949 593 ι’.
969 569 1055 593 caelat.
1377 572 1431 592 tota
1445 567 1532 598 Iouis,
1552 566 1698 601 templique
1717 567 1773 593 eius
1785 567 1855 602 quod
1877 566 2100 598 inaedificaretut,
2123 575 2285 601 exaugurare
2303 567 2363 594 fana
2378 567 2414 594 sa·

315 618 332 638 E
342 618 388 637 ΧΑ
398 618 410 636 s
421 617 454 635 1²1:
466 615 482 633 R
493 614 511 632 A
521 612 570 631 TV
580 611 609 635 s,
630 612 653 634 a,
671 611 724 628 uin.
762 603 855 628 Partic.
892 603 996 629 Arteria
1011 602 1157 636 exasperata
1172 600 1255 627 Scrib.
1269 609 1309 635 72.
1329 614 1358 633 10
1377 602 1494 635 cellaque
1507 601 1609 627 statuit:
1632 611 1699 636 quae
1714 603 1817 637 aliquot
1829 602 1868 628 ibi
1883 601 1993 628 aTatio
2007 610 2067 636 rege
2081 603 2196 636 primum
2210 604 2238 629 in
2252 603 2310 637 ipso
2323 602 2414 629 discri-

285 646 344 673 Vid,
365 649 516 672 ΛιιτειὶιΑ.
589 638 648 664 Liu.
665 643 701 669 28,
716 645 745 670 25
781 637 820 663 Ad
841 646 955 672 quorum
975 639 1090 672 primum
1106 637 1248 663 aduentum
1268 645 1310 662 cx·
1377 638 1449 664 mine
1463 635 1585 664 aduersus
1599 637 1740 663 Romulum
1755 647 1855 673 pugnae
1868 644 1931 664 vota
1945 637 2107 670 consecrata,
2122 639 2332 673 inaugurataque
2346 637 2413 672 post·
2458 650 2459 653 ¹

280 681 388 717 asperati
409 678 511 705 animi,
536 682 598 700 mox
622 673 680 707 ipsis
701 673 804 707 placido
829 673 950 700 sermone
969 673 1192 708 permulcentibus
1218 679 1311 704 notOS,
1379 681 1407 699 ea
1427 673 1541 699 fuerant.
1589 673 1661 698 Inter
1682 674 1812 708 principia
1830 673 1960 699 condendi
1981 672 2059 699 huius
2077 675 2179 708 operis,
2196 674 2307 700 mouisse
2318 682 2416 700 numen

280 727 339 743 cum
353 714 444 749 quibus
458 709 578 744 congressi
592 715 681 740 eraut,
697 709 772 734 leniti
789 709 855 734 sunt.
925 709 1020 744 Neque
1037 709 1162 735 conuenit
1176 708 1246 734 aestu
1260 716 1313 733 me·
1380 707 1412 734 ad
1426 708 1590 734 indicandam
1606 708 1671 734 tanti
1685 709 1792 743 imperii
1806 709 1903 735 molem
1912 707 2026 734 traditur
2033 707 2104 734 deos.
2122 708 2194 736 Nam
2201 718 2283 744 quum
2292 709 2424 735 omnium-

280 753 325 779 dio
344 749 499 782 exasperatas
516 754 575 780 apes
597 743 703 770 laec-sliri
723 743 828 770 Colum.
849 752 875 776 9,
889 752 922 777 ις.
973 745 1059 771 Moles
1079 745 1227 778 exasperata
1247 743 1312 769 saxis
1380 744 1534 770 sacellorum
1551 744 1770 777 exaugurationes
1792 746 1960 771 admitterent
1984 752 2060 775 aues,
2086 743 2115 769 in
2137 744 2263 771 Termini
2279 745 2342 771 fano
2361 752 2417 770 non

281 788 336 813 gen,
353 786 442 810 Contr.
459 790 478 813 1,
493 790 513 813 3.
554 780 627 815 Conf.
641 779 706 806 Cels.
722 787 793 811 5‚13·
828 779 887 805 Liu.
902 788 947 812 42,
986 799 992 806 .
1030 800 1038 807 .
1086 781 1196 814 Magise
1211 779 1312 813 Repub.
1332 790 1358 816 ¹5
1380 779 1514 806 addixere.
1538 783 1556 805 i.
1584 781 1663 814 Qum
1692 780 1802 805 omnibm
1826 780 1926 816 sacellis
1947 780 2007 804 altis
2021 779 2092 814 felix
2116 784 2244 816 augurium
2262 780 2418 816 praeberent.

280 822 363 847 visum
377 824 430 844 erat
448 816 605 850 comprimi,
623 824 651 841 ac
666 815 750 840 sedari
768 814 932 848 exasperatos
946 815 1067 850 Ligures.
1094 816 1168 852 Conf.
1192 816 1252 841 Liu.
1266 823 1313 847 40,
1380 815 1494 849 Capitol.
1508 816 1536 844 in
1549 816 1628 841 Marc.
1642 823 1663 840 c.
1677 824 1696 848 4
1725 815 1787 840 Fuit
1807 815 1834 842 in
1849 824 1881 842 eo
1896 813 2043 841 sacerdotio
2056 814 2221 850 (Saliorum)
2235 822 2261 856 et
2273 815 2376 850 praesul
2391 820 2418 842 et
2442 842 2448 845 ,

279 865 317 882 20.
352 853 424 879 Idem
436 855 476 884 36,
489 860 531 884 29.
550 858 573 877 et
591 859 632 885 37,
646 859 681 877 12.
699 857 722 876 et
735 851 809 876 Curt.
826 855 848 881 8,
863 858 883 881 1,
896 858 934 882 32.
1379 859 1451 877 vates
1460 870 1468 883 ,
1488 856 1514 877 et
1527 850 1663 884 magister,
1683 857 1708 875 et
1721 851 1818 876 multos
1831 851 2000 885 inaugurauit
2011 855 2090 883 atque
2103 858 2292 885 exaugtirauit,
2311 851 2418 878 nemine

312 896 328 916 Ε
338 897 355 915 x
365 896 384 914 A
394 896 406 914 s
415 895 430 914 P
439 895 454 914 E
464 894 481 913 R
491 894 509 913 A
520 892 541 912 Τ
552 893 560 912 1
570 893 589 912 O
599 905 606 917 ‚
625 887 691 912 onis.
712 885 731 912 f.
769 885 888 911 Tertull.
902 886 961 911 adu.
973 886 1056 912 Marc.
1076 894 1099 918 2,
1121 887 1157 912 16.
1193 884 1313 912 scribon.
1383 891 1522 921 praeeunte
1530 906 1538 918 ‚
1558 886 1629 920 quod
1644 885 1698 919 ipse
1713 886 1829 912 carmina
1841 886 1932 912 cundia
1944 885 2081 911 didicisset.

277 933 334 952 222.
359 933 411 950 cum
430 922 598 956 intertrigine
620 924 750 958 iungitur,
766 923 832 947 cutis
849 923 949 947 vitium.
1010 922 1136 948 Faucium
1153 922 1314 955 exasperatio
1415 928 1656 948 EXAVGVRATIO
1666 941 1673 953 ,
1693 922 1760 948 enis.
1787 921 1806 947 f.
1844 920 2025 956 [ἔξωωνισμὲς]
2068 921 2126 948 Vid.
2143 921 2212 948 modo
2233 927 2420 949 EXAVGVRO.

276 962 365 993 Veget.
381 959 492 985 Mulom.
506 966 528 990 3,
543 960 585 989 62,
601 966 620 983 1.
1326 965 1361 984 ²0
1415 963 1518 984 EXAV
1530 962 1551 983 G
1561 964 1580 983 v
1591 964 1603 983 s
1613 962 1701 989 TVS,
1718 958 1737 983 i.
1763 966 1798 983 m.
1823 959 1843 983 i.
1867 960 1969 992 imperio
1996 963 2091 983 exutus.
2127 956 2279 984 Fridericus
2299 958 2421 992 Exaugu-

313 1002 330 1022 Ε
340 1002 357 1021 Χ
367 1002 388 1020 A
398 1002 410 1021 s
420 1002 434 1021 P
442 1001 458 1021 E
468 1001 486 1020 R
495 1001 517 1019 A
528 998 549 1019 ‘r
560 1000 579 1019 o
589 999 606 1018 R
617 1012 625 1025 ,
645 992 708 1018 oris.
735 1000 769 1017 m.
804 990 881 1026 Apud
892 991 975 1018 Marc.
989 991 1086 1026 Empir.
1122 1011 1129 1018 .
1164 1011 1171 1018 .
1207 1011 1215 1018 .
1381 991 1433 1018 stus
1449 993 1575 1019 Sarisber.
1589 1001 1613 1022 2,
1628 997 1661 1021 18.

312 1037 330 1057 Ε
339 1038 357 1057 Χ
366 1037 406 1056 As
418 1036 431 1055 Ρ
441 1036 457 1055 E
467 1036 485 1055 R
494 1035 618 1055 ATR1x
629 1047 637 1060 ,
656 1028 710 1053 icis.
729 1027 749 1052 f.
786 1026 864 1061 Vulg.
881 1027 993 1061 Interpr.
1007 1027 1099 1053 Ezech.
1114 1036 1139 1060 2,
1152 1032 1174 1057 ε.
1417 1034 1434 1054 Ε
1443 1036 1518 1055 xAv
1529 1035 1548 1054 R
1557 1035 1577 1053 A
1586 1034 1606 1052 'r
1616 1034 1635 1053 v
1647 1034 1674 1058 s,
1688 1036 1701 1054 a
1710 1047 1719 1060 ,
1731 1036 1786 1053 um.
1806 1026 1866 1053 Adi.
1902 1027 2022 1054 Crateres
2039 1028 2160 1054 exaurati
2174 1027 2422 1062 Censorinfragm.
2436 1028 2446 1051 ἶ

315 1071 331 1091 E
343 1073 361 1092 Χ
371 1072 392 1091 A
404 1071 425 1091 Τ
438 1072 447 1090 1
457 1071 492 1097 Ο,
510 1065 550 1090 vel
569 1069 584 1089 E
597 1069 665 1089 xSA
676 1069 696 1088 T
705 1070 713 1088 Ι
723 1068 757 1096 O,
779 1065 831 1087 are.
868 1063 1025 1097 [κορέννυμι]
1052 1062 1118 1090 Idem
1132 1062 1196 1098 quod
1207 1062 1314 1089 Satiare.
1384 1071 1417 1089 αι
1426 1071 1447 1096 5.
1467 1063 1583 1090 videntur
1601 1061 1644 1096 effi’
1664 1067 1712 1090 loti
1730 1066 1822 1089 aurati.
1861 1063 1906 1089 Sed
1923 1072 1964 1089 res
1976 1063 2048 1089 dubia
2062 1062 2104 1096 est.
2126 1062 2167 1096 Est
2179 1067 2242 1090 enim
2253 1064 2340 1099 versus
2349 1065 2426 1090 metr-1⁵

278 1100 338 1127 Liu.
352 1106 390 1133 38,
404 1109 436 1134 54
469 1101 531 1133 Pop.
545 1099 623 1124 Rom.
637 1107 669 1124 ne
683 1104 769 1124 morte
782 1096 888 1131 quidem
903 1098 929 1124 Ρ.
937 1098 1067 1132 Scipionis
1081 1099 1206 1130 exadari,
1226 1097 1273 1124 nisi
1289 1103 1315 1124 et
1383 1097 1523 1132 ostendendi
1544 1101 1618 1135 causa
1642 1098 1748 1131 allatus,
1767 1098 1823 1124 Olli
1845 1098 1989 1124 crateribus
2015 1100 2145 1125 exauratis
2168 1098 2317 1125 hauserunt.
2358 1099 2425 1134 Qis

278 1136 357 1171 ipsius
381 1136 449 1162 fama
471 1134 564 1169 sepulti
587 1134 725 1160 laceretur.
794 1133 871 1160 Enses
896 1134 1013 1160 exatiare
1033 1143 1128 1160 cruore
1156 1134 1202 1160 Sil.
1218 1142 1245 1168 7,
1266 1142 1315 1166 533.
1334 1148 1365 1174 23
1379 1134 1516 1169 praestabit
1529 1145 1576 1161 non
1587 1132 1665 1169 fmffi'
1678 1134 1774 1169 diursim
1803 1135 1907 1160 rolatum
1919 1142 1951 1160 ex
1966 1134 2080 1160 auratis?
2429 1149 2432 1152 ‹

278 1172 366 1199 Corda
381 1171 490 1198 exatiata
504 1178 597 1196 cruore
617 1169 690 1195 Idem
705 1170 743 1200 16,
781 1187 788 1195 .
826 1188 832 1194 .
901 1167 981 1196 Clade
1001 1168 1094 1196 domus
1107 1171 1218 1196 exatiata
1233 1169 1315 1196 Ouid.
1421 1177 1437 1196 E
1450 1175 1496 1196 ΧΑ
1506 1177 1526 1195 V
1536 1177 1548 1196 s
1561 1177 1575 1196 Ρ
1587 1172 1652 1196 ico
1662 1190 1670 1202 ,
1688 1175 1740 1197 are.
1796 1169 1977 1204 κατάρχομαι]
2014 1169 2095 1196 Plaut.
2108 1170 2184 1204 Cape.
2199 1177 2222 1201 3,
2236 1176 2258 1202 ς,
2273 1173 2318 1199 108
2339 1168 2424 1195 Exau-

279 1207 343 1234 Met.
357 1212 380 1238 8,
393 1214 451 1239 441.
487 1207 524 1232 De
538 1206 632 1231 Diana.
1385 1205 1483 1239 spicaui
1495 1213 1526 1231 ex
1538 1205 1666 1238 vinculis,
1685 1214 1753 1232 nunc
1773 1205 1895 1239 intelligo
1915 1204 2149 1239 redauspicandum
2167 1204 2236 1231 hunc
2254 1205 2303 1231 effe
2316 1204 2345 1230 in
2359 1210 2442 1232 cate--

313 1249 331 1269 f.
340 1250 357 1269 Χ
366 1249 387 1268 A
396 1249 416 1268 T
427 1240 446 1266 x?
455 1248 472 1267 R
481 1248 499 1268 o
508 1260 515 1271 ,
545 1242 585 1266 vel
609 1247 625 1266 E
634 1247 651 1266 x
662 1246 674 1266 S
683 1246 703 1266 A
713 1246 734 1266 Τ
743 1245 790 1265 VR
801 1245 836 1270 0,
861 1242 913 1266 are.
951 1240 1091 1275 [κορεννόω,
1111 1240 1200 1276 nasim]
1238 1240 1314 1272 Idem,
1384 1249 1430 1267 nas
1443 1240 1540 1268 denuo.
1560 1243 1578 1266 i.
1599 1242 1669 1267 Malo
1688 1241 1796 1277 auspicio
1813 1241 1859 1268 buc
1867 1239 1987 1276 proceffi,
2006 1243 2092 1276 vtique
2104 1243 2147 1276 qui
2158 1250 2174 1266 a
2189 1241 2310 1272 vinculis,
2329 1243 2358 1266 in
2369 1242 2425 1276 qui·
2459 1270 2460 1273 Ἴ

277 1279 343 1313 quod
355 1278 478 1304 Saturare.
513 1275 590 1302 Odiis
604 1276 748 1302 exsaturata
761 1276 828 1301 Iuno
842 1275 916 1310 Virg.
929 1276 994 1302 Aen.
1007 1283 1033 1310 7,
1049 1281 1102 1308 298.
1174 1277 1317 1302 Exaturare
1383 1276 1427 1302 bus
1446 1286 1527 1308 eram,
1544 1279 1644 1302 initium
1663 1279 1717 1302 viae
1732 1279 1800 1311 cepi:
1820 1283 1953 1311 Ρνοριενεα
1971 1276 2168 1310 redauspicare,
2185 1275 2211 1302 h.
2229 1284 2250 1302 e.
2270 1275 2378 1312 Regreda·
2396 1278 2425 1302 in

276 1313 394 1339 animuin
407 1311 515 1338 alicuius
530 1311 672 1345 supplicio,
686 1318 732 1337 etc.
746 1318 793 1345 per
806 1313 996 1338 translationem
1010 1312 1066 1338 Cic.
1074 1313 1150 1337 Verr.
1163 1314 1222 1343 3,6;
1242 1321 1263 1337 c.
1278 1314 1314 1337 :6.
1334 1325 1366 1349 30
1383 1319 1496 1343 catenas,
1505 1311 1589 1381 ſjuast
1614 1315 1703 1339 irarum
1724 1311 1918 1348 auspicandum,
1943 1318 1967 1338 et
1990 1312 2132 1347 feliciorem
2153 1313 2221 1338 viam
2242 1310 2453 1347 inc-aptandam,-

278 1348 404 1374 Dolorem
425 1354 559 1373 exaturare
579 1347 680 1374 damnis
701 1346 762 1374 Stat.
777 1346 868 1373 Theb.
886 1349 913 1380 6,
931 1353 967 1379 83.
1044 1346 1244 1373 Exaturauimus
1265 1347 1317 1373 tela
1381 1348 1444 1374 mihi
1456 1356 1511 1374 nece
1533 1347 1544 1374 'e
1560 1346 1639 1374 ordeo.

276 1383 350 1410 Idem
365 1382 456 1409 Theb.
476 1391 502 1415 9,
519 1391 558 1415 14.
1762 1385 1789 1416 E
1883 1385 1911 1416 X
2008 1385 2031 1416 B

313 1425 329 1445 E
339 1426 357 1445 x
366 1425 386 1444 A
397 1424 419 1444 Τ
430 1426 449 1444 v
458 1425 476 1444 R
485 1425 507 1444 A
516 1425 537 1444 T
547 1425 565 1444 v
575 1425 587 1444 s
596 1437 605 1450 ‚
623 1426 636 1444 a
644 1437 653 1450 ,
676 1426 730 1444 um.
756 1417 848 1444 Partic.
886 1417 985 1444 Oculos
999 1422 1131 1444 exarui-ata
1146 1417 1208 1443 Stat.
1223 1416 1315 1443 Theb.

277 1455 302 1484 6,
317 1456 372 1488 176.
408 1454 464 1480 Cic.
477 1453 558 1479 Tusc.
573 1462 595 1485 ς,
610 1461 651 1479 ιοι
665 1462 686 1479 c.
700 1461 726 1485 33
747 1452 775 1478 de
786 1452 972 1488 Sardanapalo,
997 1453 1068 1480 Haec
1081 1452 1162 1479 habui
1177 1461 1244 1488 quae
1262 1453 1317 1486 edi,
1418 1462 1461 1483 Ex
1472 1461 1560 1482 BALi
1571 1461 1585 1481 s
1596 1460 1618 1480 'r
1629 1460 1648 1480 ο
1660 1473 1668 1486 ,
1694 1457 1747 1480 are.
1783 1453 1796 1487 [
1809 1452 1933 1488 ἕκλιθάζω
1945 1456 1957 1487 ]
1999 1454 2058 1482 Bali
2080 1462 2095 1479 a
2125 1451 2242 1483 deiicere,
2271 1458 2426 1490 expugnare.-

275 1497 395 1525 quaeque
413 1495 544 1515 exaturata
558 1487 646 1514 libido
682 1488 782 1514 Hatlfit·
1335 1504 1362 1529 ὃς
1383 1493 1475 1518 tralate
1492 1492 1618 1524 Decipere.
1658 1488 1753 1515 FiHum
1772 1492 1864 1514 comica
1884 1489 1987 1525 Iasi-iaia
2008 1489 2106 1515 verbum
2121 1489 2204 1515 Plaut.
2219 1488 2310 1514 Pseud.
2324 1497 2351 1521 2,
2364 1497 2385 1523 1,
2398 1498 2426 1516 ιο
2452 1487 2453 1493 ’

312 1531 328 1551 E
339 1532 356 1551 Χ
366 1532 386 1551 A
395 1532 416 1551 T
427 1531 446 1549 v
457 1531 475 1550 R
485 1532 505 1551 A
516 1532 536 1551 N
546 1530 564 1550 D
575 1530 593 1549 V
602 1531 615 1550 s
623 1544 632 1556 ,
651 1532 665 1549 a
674 1543 681 1555 ‚
700 1532 755 1549 um.
787 1523 854 1549 Part.
890 1522 1112 1557 [κριθησόμενοι]
1148 1522 1231 1551 Ouid.
1250 1524 1314 1550 Met.
1384 1527 1458 1554 Num
1474 1525 1613 1551 inimicum
1628 1532 1677 1558 ego
1691 1523 1759 1549 hunc
1773 1532 1939 1550 communem
1948 1544 1956 1556 ,
1977 1533 2066 1551 meum
2083 1529 2161 1558 atque
2174 1523 2326 1549 nostrorum
2340 1524 2428 1551 omni·

277 1567 301 1592 ς,
315 1568 343 1592 19
361 1559 410 1585 Sed
423 1569 488 1593 quae
502 1559 647 1586 visceribus
658 1559 780 1585 veniebat
795 1558 879 1585 bellua
894 1559 969 1592 ponti
992 1558 1159 1585 Exaturanda
1171 1559 1245 1584 meis.
1385 1571 1431 1587 um
1445 1560 1590 1587 Ballionem
1604 1559 1733 1585 exbalisto
1748 1558 1854 1592 lepide?
1891 1559 1968 1586 ladit
1988 1563 2015 1586 in
2029 1559 2149 1586 Ballione
2162 1565 2185 1583 et
2198 1557 2301 1584 Bausta.

313 1601 472 1621 exAVc'r
484 1601 502 1619 o
513 1601 549 1624 R,
568 1595 632 1620 oris.
658 1603 693 1620 m.
729 1594 864 1628 Luporum
887 1593 1012 1620 exauetor
1032 1594 1118 1620 Lucil.
1135 1601 1176 1629 ap.
1197 1594 1269 1621 Non.
1290 1602 1317 1626 2,
1421 1593 1561 1622 ExBiBo
1572 1614 1580 1626 ,
1599 1596 1652 1620 ere.
1690 1594 1758 1621 Idem
1777 1603 1806 1620 ac
1824 1594 1906 1621 Ebibo.
1948 1595 2003 1622 Vox
2019 1593 2152 1621 Plautina:
2180 1592 2303 1620 Calidum
2321 1591 2426 1626 exbibit

276 1637 333 1662 324.
369 1629 415 1656 Sed
432 1633 480 1655 iam
500 1630 566 1655 dedit
585 1631 691 1655 Mercer.
710 1629 824 1655 exacior.
859 1629 926 1656 Add.
947 1630 1054 1656 Turneb.
1073 1629 1140 1656 Adu.
1161 1639 1208 1664 29,
1222 1639 1248 1661 23
1275 1632 1318 1664 qui
1383 1631 1411 1658 in
1425 1630 1564 1665 prandium
1585 1630 1644 1656 Mil.
1658 1637 1679 1661 3,
1693 1638 1717 1662 2,
1732 1637 1769 1661 19.

276 1668 350 1690 etiarn
370 1663 543 1700 monstrosum,
572 1672 636 1690 certe
654 1664 814 1700 ignorabam
833 1665 988 1691 Maluanum
1004 1668 1032 1691 in
1050 1666 1164 1692 Martem
1180 1665 1316 1692 Siluanum
1326 1678 1363 1703 40
1420 1673 1463 1693 EX
1474 1663 1622 1698 BRo'MO,
1641 1669 1693 1691 are.
1730 1665 1860 1701 purgare,
1879 1663 1999 1699 depurare
2015 1661 2113 1697 molesto
2130 1661 2203 1690 odore
2224 1669 2248 1690 ee
2257 1662 2348 1699 stipor·
2359 1683 2369 1696 ,
2399 1665 2426 1690 ui

277 1700 401 1727 mutauit.
1385 1702 1478 1736 Βρόμος
1491 1698 1541 1734 esi,
1560 1701 1665 1727 liberare
1673 1700 1768 1735 Apicio
1781 1702 1806 1731 6,
1821 1708 1843 1726 2.
1862 1700 1963 1736 Salmas.
1978 1701 2065 1726 Exere.
2099 1699 2165 1726 Plin.
2179 1708 2204 1734 p.
2219 1707 2277 1732 255,
2289 1707 2305 1725 a
2317 1698 2337 1726 1³
2350 1705 2374 1726 et
2382 1671 2426 1726 ³²5
2462 1698 2463 1702 ’

315 1741 330 1761 E
339 1743 357 1761 Χ
366 1742 386 1761 A
396 1742 416 1760 v
425 1740 441 1760 C
452 1740 500 1761 TO
509 1740 555 1761 Ro
565 1753 571 1764 ,
591 1737 644 1761 are.
679 1734 692 1767 [
700 1732 873 1769 daweus-nia]
909 1733 1075 1761 Aufloratum
1089 1741 1112 1760 et
1126 1733 1274 1767 adstriflum
1282 1734 1319 1760 di·
1386 1735 1487 1770 restitui
1500 1738 1570 1768 vult,
1577 1742 1627 1771 pro
1640 1737 1742 1772 vulgato
1757 1736 1928 1770 Expromare.
1964 1734 2039 1772 Conf.
2065 1739 2240 1763 BROMOSVS.

277 1773 375 1796 mittere
384 1790 392 1801 ,
406 1777 429 1794 ct
442 1769 603 1802 abire-sinere,
616 1768 690 1804 elsua
706 1770 811 1795 ..rbitrio
824 1769 936 1795 reddere:
958 1770 987 1795 id
999 1770 1063 1805 quod
1075 1773 1141 1795 citra
1155 1771 1318 1805 ignominiam

275 1803 333 1838 ficri
342 1803 430 1838 potest.
466 1805 526 1829 Liu.
541 1810 563 1835 8,
577 1813 609 1836 34
635 1805 694 1830 Sine
707 1810 853 1831 commeatu
868 1805 928 1839 vagi
942 1806 1039 1831 milites
1054 1805 1082 1830 in
1102 1811 1207 1838 pacato,
1227 1804 1254 1829 in
1269 1803 1316 1829 ho·
1769 1796 1796 1826 E
1896 1797 1923 1826 X
1953 1814 1957 1819 ι
2027 1797 2055 1827 C

277 1839 341 1865 {lico
355 1844 458 1869 errent,
480 1839 647 1864 immemores
661 1840 824 1872 sacramenti,
844 1839 949 1866 licentia
961 1841 1013 1866 sola
1029 1841 1053 1866 se
1069 1840 1115 1866 vbi
1129 1839 1223 1869 velint,
1239 1847 1317 1864 exau-
1333 1853 1366 1880 45
1422 1845 1572 1868 txeAx-:c
1582 1845 1601 1866 o
1611 1859 1619 1872 ‚
1634 1842 1688 1866 are.
1724 1838 1893 1874 [ἓκτυφλόω]
1927 1839 2132 1875 Caenemfacere.
2158 1840 2307 1871 Plin.20‚18
2325 1838 2355 1866 de
2365 1842 2430 1874 opio,

277 1873 389 1900 &otene
445 1871 517 1898 Idem
533 1874 574 1903 36,
588 1881 624 1903 40
652 1874 757 1900 Postero
772 1875 814 1901 die
827 1876 955 1901 concione
973 1876 1097 1901 aduocata
1112 1875 1143 1900 de
1155 1875 1233 1901 rebus
1246 1874 1278 1900 ab
1292 1875 1318 1900 se
1387 1877 1567 1907 Damnauere‚
1602 1889 1648 1894 —
1681 1875 1808 1909 quoniam
1833 1874 1903 1901 visui
1927 1881 2034 1901 noceret
2047 1901 2056 1907 .
2068 1888 2116 1895 -—-
2151 1874 2213 1901 ideo
2232 1883 2287 1900 non
2308 1875 2431 1908 pretinm

277 1909 354 1944 gestis
387 1916 467 1942 quum
495 1907 645 1933 differuisset
654 1926 663 1938 ,
689 1907 787 1934 milites
812 1909 994 1935 exauctoratos
1027 1909 1134 1934 dimisit.
1192 1911 1223 1935 Et
1237 1917 1274 1940 25,
1287 1917 1318 1933 20
1387 1911 1520 1937 excaecari
1534 1918 1584 1943 eo,
1596 1909 1723 1943 quoniam
1736 1910 1936 1936 adulteraretur.
1963 1910 2011 1937 Sed
2022 1909 2082 1945 fere
2095 1911 2219 1936 translate
2227 1912 2341 1944 ponitur.
2378 1909 2431 1936 Co-

276 1946 347 1971 miles
368 1944 447 1970 Velut
466 1942 647 1968 exauetoratus
667 1948 752 1968 morte
772 1942 863 1974 ducis,
882 1943 915 1968 ab
935 1943 1012 1976 signis
1032 1943 1142 1968 deceffit.
1198 1943 1318 1968 Frontin.
1387 1944 1477 1971 lumel.
1494 1952 1525 1975 ιι,
1538 1952 1561 1975 3,
1574 1953 1606 1976 45
1627 1943 1656 1968 de
1673 1944 1707 1979 as
1718 1953 1811 1980 araga,
1826 1945 1947 1977 Reliquis
1961 1945 2035 1970 annis
2048 1953 2102 1970 non
2115 1945 2167 1971 erit
2181 1944 2373 1978 decerpendus,
2385 1944 2429 1972 sed

278 1980 354 2006 Strat.
369 1988 396 2012 4,
409 1980 435 2010 6,
449 1987 467 2011 4
494 1977 660 2012 Vespasianus
671 1977 862 2003 adolescentem
881 1992 927 1996 —
947 1978 1022 2003 censu
1038 1977 1192 2007 constituto,
1212 1977 1318 2002 honesta
1387 1979 1513 2006 radicitus
1526 1978 1669 2004 vellendus.
1698 1951 1777 2004 {qam
1791 1978 1839 2003 nisi
1853 1979 1890 2004 ita
1904 1978 1963 2009 fiat,
1978 1978 2069 2012 stirpes
2084 1978 2245 2012 praefi-aerae
2257 1985 2355 2013 angunt
2366 1988 2429 2010 ocu-

278 2015 396 2041 missioue
416 2013 604 2040 exauctorauit.
658 2012 762 2046 leian.
776 2013 793 2038 l.
808 2021 820 2038 2
837 2010 861 2048 ᾗ.
877 2021 889 2038 2
910 2012 970 2047 Dig.
990 2015 1173 2047 interpretatur
1193 2011 1319 2038 Exaueio-
1335 2025 1367 2052 50
1388 2014 1428 2041 los
1442 2014 1611 2048 spongiarum
1630 2012 1650 2046 (
1653 2015 1671 2038 i.
1689 2013 1823 2047 radicum)
1834 2018 1860 2039 et
1880 2012 1951 2047 quasi
1966 2019 2120 2046 excaecant,
2139 2023 2188 2040 nec
2209 2013 2343 2048 patiuntur
2359 2016 2429 2050 aspa.

277 2060 353 2083 rare,
372 2049 482 2083 Insignia
501 2048 625 2074 militaria
647 2047 797 2079 detrahere,
817 2047 888 2082 quod
908 2057 966 2073 cum
987 2048 1099 2073 infamia
1117 2046 1273 2079 conficitur,
1291 2053 1321 2073 ut
1388 2059 1480 2085 ragum
1495 2049 1626 2075 emittere.
1662 2047 1703 2074 Sic
1715 2049 1828 2074 Caecare
1840 2048 1869 2075 de
1882 2051 1935 2074 vite
1947 2048 2054 2075 Colum.
2066 2059 2095 2083 4,
2109 2057 2146 2082 24,
2161 2052 2188 2076 16
2200 2056 2246 2076 etc.
2314 2050 2425 2086 Plin.17,

280 2084 313 2119 est
326 2086 391 2121 apud
404 2083 538 2119 Lamprid.
552 2085 579 2110 in
588 2084 660 2110 Alex.
674 2093 695 2109 c.
711 2092 737 2109 12
757 2086 799 2119 qui
812 2084 840 2108 de
853 2083 1018 2109 exaudierata
1032 2092 1081 2108 vna
1096 2082 1200 2116 legione
1212 2084 1235 2108 lo
1254 2092 1321 2115 oens,
1390 2094 1417 2112 22
1436 2084 1552 2118 Qidam
1566 2091 1627 2110 tunc
1641 2091 1778 2111 excaecant
1792 2092 1853 2110 eum
1868 2084 1959 2118 supina
1970 2083 2038 2110 falce
2051 2084 2196 2111 auferendo
2208 2082 2315 2116 oculob,
2333 2085 2361 2112 de
2369 2087 2427 2122 pal-

281 2123 372 2155 Qium
390 2120 580 2152 nihilominus,
595 2121 692 2154 inquit,
708 2118 765 2152 post
784 2118 830 2144 ista
852 2118 1012 2150 fremerent,
1027 2118 1200 2149 exclamauit,
1227 2091 1320 2151 (guiri-
1389 2124 1448 2147 mite
1460 2123 1532 2147 vitis.
1569 2121 1616 2146 Per
1629 2121 1826 2146 translationem.
1849 2119 1906 2146 Cic.
1919 2120 1998 2146 Aeaci.
2011 2129 2039 2153 4,
2051 2127 2088 2155 47
2100 2129 2122 2147 c.
2135 2129 2165 2153 23
2186 2120 2261 2147 Num
2273 2129 2337 2155 ergo
2350 2121 2372 2148 is
2384 2130 2430 2148 ex·
2469 2139 2475 2148 <

281 2163 319 2183 tes
335 2155 466 2185 discedite,
479 2162 556 2190 atque
570 2162 642 2181 arma
656 2153 789 2188 deponite·
813 2153 934 2180 mirando
947 2153 1083 2187 exemplo,
1096 2152 1217 2187 dePOsitiS
1231 2153 1322 2185 armis,
1390 2162 1477 2182 caecat
1489 2164 1553 2188 nos,
1567 2161 1611 2181 aut
1624 2154 1701 2181 orbat
1714 2155 1844 2182 sensibus?
1915 2154 2074 2183 Excaecabat
2085 2156 2176 2190 ingens
2189 2156 2259 2183 fama
2272 2156 2362 2183 oculos
2375 2156 2431 2183 ani·
2475 2165 2479 2189 ξ

282 2191 404 2226 depositis
424 2191 502 2217 etiam
522 2191 616 2225 sagulis
629 2189 807 2222 militaribus,
825 2197 879 2215 non
897 2188 930 2215 ad
947 2188 1041 2219 castra,
1061 2188 1104 2215 sed
1124 2188 1155 2215 ad
1172 2188 1321 2215 diuersoria
1340 2200 1368 2227 55
1389 2200 1500 2226 mosque
1516 2192 1620 2217 Petron.
1641 2200 1662 2216 c.
1677 2199 1728 2224 141.
1799 2190 1922 2217 Formam
1940 2199 2078 2218 excaecare
2097 2191 2130 2218 ab
2149 2191 2241 2227 aliquo
2259 2192 2330 2219 vitio
2356 2191 2435 2223 Idem,

282 2228 356 2254 varia
371 2227 542 2252 discesserunt.
578 2227 608 2251 Et
624 2225 706 2260 paullo
726 2223 793 2260 post,
813 2225 874 2250 Eam
894 2229 983 2250 tamen
1003 2224 1135 2258 legionem
1151 2232 1229 2258 quam
1243 2232 1321 2250 exau·
1390 2236 1411 2253 ς,
1428 2232 1478 2257 128.
1499 2229 1517 2253 i.
1538 2233 1708 2266 corrumpere:
1730 2226 1890 2261 pulchritudo
1909 2229 2017 2253 maxima
2037 2229 2064 2252 in
2083 2229 2169 2254 oculis,
2241 2224 2445 2256 Limus.ven3.'
2461 2230 2479 2240 'v

283 2262 441 2294 &oraueran
455 2268 499 2288 etc.
518 2261 578 2287 loco
592 2262 638 2286 suo
652 2260 774 2286 restituit.
809 2259 884 2295 Conf.
900 2259 1035 2293 Lamprid.
1051 2268 1072 2285 c.
1086 2259 1105 2285 l.
1119 2268 1140 2285 c.
1155 2267 1194 2291 52.
1234 2260 1322 2294 Quem·
1389 2268 1510 2289 excaecat
1532 2262 1560 2288 in
1580 2261 1657 2288 vnd1s
1676 2261 1757 2289 Ouid.
1771 2270 1803 2288 ex
1819 2263 1892 2288 Pont.
1913 2272 1942 2295 4,
1961 2270 1987 2293 2,
2007 2269 2044 2295 17.
2064 2264 2083 2287 i.
2102 2260 2214 2294 obstruit.
2249 2261 2324 2296 Coris.
2341 2249 2438 2299 Heinfii

282 2297 410 2325 admodum
424 2300 496 2322 etiam
507 2296 642 2323 Traianus
656 2295 779 2322 adulterii
795 2304 868 2321 reum
888 2296 1070 2322 centurionem
1092 2294 1272 2321 exauctorauit
1287 2300 1323 2322 at·
1389 2298 1423 2325 ad
1435 2297 1517 2324 Ouid.
1531 2298 1593 2324 Met.
1616 2306 1650 2330 ις,
1665 2305 1712 2332 272
1749 2297 1874 2331 Antiquis
1886 2303 1939 2324 tam
1952 2296 2033 2322 multa
2049 2296 2209 2323 tremoribus
2223 2295 2295 2322 orbis
2307 2296 2431 2325 Flumina
2476 2313 2477 2316 =

302 2342 334 2359 ue
349 2333 475 2367 relegauit
495 2332 562 2367 apud
574 2332 639 2357 Plin.
654 2331 730 2365 Epist.
745 2333 771 2362 6,
784 2339 819 2362 31.
855 2331 930 2366 Conf.
946 2330 1016 2357 Suet.
1031 2331 1096 2365 Aug.
1111 2338 1152 2363 24,
1166 2340 1193 2364 4.
1209 2330 1226 2356 Ι.
1241 2338 1274 2363 29
1289 2331 1322 2357 D.
1389 2333 1544 2368 prosiliunt3
1561 2339 1606 2359 aut
1621 2339 1755 2359 excaecata
1767 2332 1892 2360 residunt.
1928 2333 1986 2358 Huc
2006 2331 2075 2368 refer
2089 2331 2188 2358 Itinera
2201 2338 2350 2363 excaecata,
2362 2335 2381 2359 i.
2392 2333 2431 2359 ab.
2459 2340 2465 2354 ι

283 2342 316 2395 de
333 2368 436 2394 liberali
451 2369 532 2393 cansa.
587 2367 718 2400 Qiinc‘iil.
733 2366 848 2392 Declam.
862 2374 874 2398 3
895 2367 969 2392 Pater
986 2365 1065 2392 huius
1084 2366 1140 2400 post
1154 2365 1267 2392 fra6hvm
1282 2367 1323 2393 Iu-
1343 2367 1484 2403 60struc‘ia
1498 2369 1564 2395 Cels.
1578 2376 1604 2403 7,
1617 2376 1633 2402 7
1653 2370 1741 2395 Venae
1758 2367 1922 2400 adurendae,
1939 2367 2024 2394 donec
2049 2367 2078 2393 in
2098 2367 2189 2393 oculos
2210 2366 2322 2406 pituitae
2341 2368 2427 2398 cursu!

282 2404 404 2439 gurtham
420 2402 599 2429 exaue'loratas
613 2401 687 2429 bellis
702 2411 793 2428 manus
806 2401 904 2428 rustico
918 2401 1008 2427 labore
1020 2401 1127 2436 subigit.
1169 2401 1226 2427 Sen.
1241 2401 1321 2436 Epist.
1389 2405 1565 2439 conquiescat.
1619 2403 1649 2430 Id
1668 2404 1739 2430 enim
1756 2403 1857 2439 signum
1876 2402 1913 2430 est
1931 2402 2003 2438 quasi
2023 2409 2222 2429 excaecatorum
2238 2402 2368 2430 itinerum
2381 2404 2427 2438 pet
2442 2431 2443 2434 ,

282 2448 308 2472 32
321 2439 372 2475 fin.
408 2439 455 2465 Ille
477 2438 583 2464 demum
608 2437 763 2464 necessitates
787 2437 959 2472 supergressus
978 2436 1030 2469 est,
1047 2443 1072 2463 et
1093 2436 1276 2464 exau&oratus
1293 2446 1323 2464 ac
1390 2449 1457 2476 quae
1469 2440 1566 2466 humor
1579 2439 1724 2466 ferebatur.

283 2474 351 2501 liber
365 2475 412 2509 qui
426 2474 496 2500 viuit
509 2474 563 2500 vita
577 2473 696 2508 peraeta,
715 2476 734 2499 i.
752 2476 789 2498 ita
798 2492 804 2503 ‚
813 2480 841 2498 ve
860 2473 923 2499 banc
938 2476 1015 2499 vitam
1027 2474 1092 2499 nihil
1109 2471 1236 2499 admodum
1249 2472 1283 2498 ad
1294 2473 1325 2507 fl>
1425 2482 1468 2502 Ex
1478 2482 1495 2502 C
1505 2482 1551 2501 ΑΕ
1561 2481 1577 2502 c
1586 2482 1607 2501 A
1618 2481 1641 2502 Τ
1650 2483 1659 2502 1
1668 2482 1687 2502 0
1697 2495 1706 2508 ‚
1726 2474 1794 2501 finis.
1818 2474 1838 2501 f.
1873 2472 1975 2501 Arnob.
2012 2493 2020 2500 .
2056 2493 2064 2500 .
2100 2493 2109 2500 .

277 2513 404 2546 pertinere
423 2509 521 2536 iudicet.
590 2508 799 2535 Exaudiorantur
814 2511 931 2544 proprie,
950 2512 993 2544 qui
1006 2508 1140 2544 Jbluuntur
1159 2508 1240 2534 labore
1258 2511 1324 2534 mili·
1427 2516 1527 2538 EXCA
1538 2511 1637 2537 εῡᾸΤ
1648 2518 1666 2537 O
1677 2517 1712 2542 R,
1732 2509 1797 2536 bris.
1817 2519 1852 2536 m.
1887 2510 1954 2536 Plin.
1991 2528 1998 2535 .
2078 2528 2086 2534 .

283 2549 334 2572 tiae
353 2552 451 2580 praeter
469 2554 525 2570 uam
539 2550 647 2580 pugnae.
688 2545 767 2570 Locus
785 2543 814 2570 de
834 2553 860 2569 ea
879 2553 906 2570 re
925 2543 1035 2578 clafficus
1053 2543 1144 2570 Tacit.
1164 2543 1232 2569 Ann.
1252 2551 1272 2574 1,
1292 2544 1324 2575 36
1341 2549 1372 2584 65
1427 2551 1647 2576 EchLCEO‚
1667 2549 1719 2571 ire.
1756 2543 1890 2577 [ὖπαλύω]
1926 2544 2023 2570 Calceos
2043 2543 2180 2570 detrahere.
2216 2543 2324 2571 Sueton.
2342 2542 2371 2570 in
2384 2543 2432 2570 Vi-

286 2579 432 2606 Mislionem
469 2580 509 2606 ari
527 2581 620 2606 vicena
638 2578 764 2614 stipendia
775 2579 892 2612 meritis,
917 2579 1097 2611 exanfflorari,
1120 2578 1166 2614 qui
1186 2579 1243 2604 sena
1256 2577 1324 2605 dena
1391 2580 1446 2608 tell.
1459 2588 1481 2606 c.
1495 2588 1510 2607 2
1539 2579 1680 2606 Claudium
1698 2578 1828 2606 vxoribus
1848 2578 2004 2612 libertisque
2021 2578 2173 2610 addietum,
2196 2587 2229 2605 ne
2247 2587 2298 2613 qua
2312 2588 2365 2605 non
2377 2585 2433 2607 arte

286 2615 419 2646 fecissent,
433 2623 461 2640 ac
473 2614 583 2640 retineri
601 2615 649 2640 sub
671 2615 787 2647 vexillo,
805 2620 968 2642 caeterorum
987 2616 1134 2647 immunes,
1149 2614 1197 2640 nisi
1217 2614 1325 2648 propul—
1392 2615 1587 2648 demereretur,
1611 2624 1659 2649 pro
1680 2615 1798 2641 maximo
1815 2622 1925 2640 munere
1945 2622 1958 2640 a
1976 2613 2108 2640 Messalina
2130 2615 2222 2648 petiit,
2240 2620 2269 2640 vt
2288 2614 2335 2640 sibi
2356 2615 2433 2649 pedes

287 2649 360 2676 sandi
381 2649 469 2675 hostis.
505 2648 577 2683 Conf-
599 2650 665 2683 Lips.
685 2650 714 2675 de
727 2652 785 2676 Mil.
800 2652 868 2676 Rom.
882 2652 951 2677 Dial.
966 2660 1004 2685 ¹9·
1022 2658 1046 2676 el
1064 2650 1098 2677 ad
1116 2650 1208 2677 Tacit.
1222 2650 1290 2676 Arm.
1305 2657 1326 2682 ι,
1393 2651 1531 2687 praeberet
1544 2650 1738 2676 excalceandos.
1775 2649 1843 2676 Add.
1857 2649 1895 2676 ld.
1909 2650 1983 2682 Vesp.
1997 2658 2018 2675 c.
2034 2654 2057 2678 8.
2105 2649 2221 2675 Martial.
2237 2658 2273 2683 12,
2287 2654 2319 2683 89
2346 2650 2435 2678 Excal-

288 2687 330 2717 36,
344 2694 379 2718 4.-
412 2683 469 2710 Vid.
483 2685 555 2709 etiam
570 2683 643 2708 Curt.
658 2691 693 2712 10,
707 2692 735 2714 4,
748 2692 773 2717 7.
795 2693 816 2709 et
830 2685 897 2711 Suet.
910 2686 1008 2712 Tiber.
1023 2695 1044 2712 c.
1059 2694 1099 2718 30.
1394 2693 1480 2714 ceatus
1506 2687 1546 2712 ire
1564 2686 1651 2720 coepit
1665 2685 1697 2712 ad
1715 2693 1833 2711 coenam.
1910 2684 2006 2718 Neque
2022 2690 2066 2710 aut
2084 2684 2162 2711 nocie
2175 2691 2219 2711 aut
2233 2685 2276 2712 die
2290 2686 2436 2714 excalceari

328 2727 370 2746 Ex
381 2725 457 2745 AVC
469 2725 490 2744 T
502 2724 594 2744 ORlT
605 2724 624 2743 Α
636 2724 667 2756 3².
685 2718 743 2743 51¹8-
766 2718 785 2743 f·
817 2718 832 2743 Ι-
851 2727 877 2750 33
896 2719 961 2745 Cod-
975 2720 1114 2748 Theodos·
1136 2721 1175 2747 De
1189 2721 1265 2747 cursu
1279 2728 1325 2754 pu·
1341 2731 1377 2758 70
1393 2723 1462 2749 Vell.
1482 2731 1504 2751 2,
1523 2729 1565 2754 41,
1584 2729 1606 2753 3.
1676 2720 1822 2747 Excalceati
1847 2718 2011 2746 cothurnatis
2031 2726 2185 2754 opponuntur
2205 2728 2219 2746 a
2239 2721 2297 2748 Sen.
2309 2721 2390 2756 Epist.
2409 2726 2432 2753 8.

290 2754 371 2781 blico.
401 2754 520 2780 Militans
535 2752 750 2779 exauRoritatem
766 2751 880 2783 subibit,
898 2756 916 2778 i.
932 2754 1133 2780 exauHorabitur
1140 2763 1233 2790 poenae
1245 2756 1327 2790 causa.
1394 2759 1435 2786 sic
1449 2757 1527 2792 Epist.
1542 2765 1577 2791 77
1596 2757 1630 2782 Vt
1644 2756 1794 2783 cothurnati
1807 2755 1882 2782 firmil
1896 2756 2017 2782 exierunt
2030 2755 2220 2783 excalceantur.

329 2797 345 2816 E
355 2798 371 2816 Χ
381 2797 402 2816 A
412 2796 430 2814 v
441 2796 458 2815 D
468 2796 475 2814 1
486 2796 521 2826 o,
543 2788 599 2819 ini,
625 2791 692 2813 itum
701 2807 709 2819 ,
736 2790 784 2813 ire.
826 2786 838 2819 [
851 2787 981 2820 κατακέω,
1003 2789 1104 2814 uto-axia
1118 2792 1129 2822 ]
1165 2790 1232 2816 Idem
1264 2789 1330 2825 quod
1432 2798 1448 2818 E
1458 2799 1476 2818 Χ
1487 2799 1503 2818 c
1512 2800 1533 2818 A
1543 2799 1559 2817 L
1570 2797 1586 2817 C
1595 2797 1612 2818 E
1622 2797 1642 2817 0
1652 2797 1670 2817 R
1691 2800 1740 2826 pro
1757 2791 1897 2821 Excalcem
1916 2791 2065 2825 antiquum.
2102 2792 2187 2818 Varro
2199 2791 2342 2822 Pseudolo,
2361 2792 2433 2819 Nam
2443 2809 2449 2815 -

292 2823 423 2860 Persam,
441 2833 482 2849 nec
496 2825 550 2856 Jme
570 2820 717 2856 d1fficultaee
727 2823 884 2857 plerumque,
896 2822 990 2848 audire.
1027 2823 1157 2850 Exaudire
1171 2832 1264 2850 vocem
1282 2824 1329 2849 ali·
1395 2827 1424 2853 in
1439 2827 1555 2860 oppido,
1575 2834 1641 2860 quae
1653 2826 1688 2852 est
1701 2827 1776 2853 aedes
1790 2825 1939 2860 Apollinis,
1956 2832 1982 2853 et
1995 2835 2061 2861 quae
2075 2825 2115 2853 ibi
2127 2826 2160 2853 ad
2172 2827 2295 2853 Herculis
2307 2827 2434 2863 intro'e'at,

292 2861 367 2887 cuius
381 2861 467 2885 Varro
482 2858 514 2884 de
528 2859 558 2884 R.
573 2859 603 2884 R.
618 2866 637 2890 1,
653 2860 696 2890 69,
711 2865 734 2883 2.
770 2858 826 2883 Cic.
841 2858 892 2883 Att.
908 2867 934 2891 4,
947 2863 960 2887 8
986 2857 1035 2884 Dic
1048 2866 1098 2884 oro
1115 2864 1140 2884 te
1157 2859 1265 2884 clarius:
1282 2859 1328 2884 vix
1396 2870 1476 2888 nemo
1490 2863 1514 2886 se
1532 2861 1703 2888 excalceatur.
1740 2861 1814 2888 Non.
1827 2868 1853 2896 7,
1866 2864 1908 2890 86.

292 2897 364 2922 enim
385 2894 453 2920 mihi
474 2893 601 2920 exaudiss'e
620 2892 723 2920 videor.
759 2893 832 2929 Conf.
849 2893 920 2919 Caes.
937 2893 964 2919 B.
981 2893 1012 2919 G.
1027 2900 1049 2925 ς,
1062 2901 1093 2925 3ο
1115 2892 1236 2920 Clariore
1252 2902 1328 2926 voce,
1346 2902 1379 2930 75
1433 2902 1449 2922 Ε
1463 2903 1479 2922 Χ
1490 2903 1536 2922 CA
1548 2901 1588 2921 Lc
1599 2902 1642 2921 Ev
1654 2901 1666 2921 s
1677 2917 1685 2928 ‚
1697 2905 1747 2931 pro
1768 2898 1934 2923 Excalceatus.
1969 2897 2025 2930 Qii
2043 2895 2172 2922 maluisset
2190 2895 2331 2923 confoueri
2349 2897 2435 2925 excal.

292 2937 322 2957 vt
335 2939 427 2963 magna
441 2938 497 2964 pars
516 2928 633 2955 militum
652 2927 795 2954 exaudiret.
850 2929 904 2954 Cic·
919 2928 947 2954 in
961 2928 1034 2954 Orat.
1049 2933 1092 2961 189
1111 2937 1133 2954 c·
1148 2930 1178 2961 56
1212 2927 1261 2955 Sed
1274 2937 1329 2954 non
1396 2940 1454 2957 ceus
1469 2932 1555 2964 Qiam
1576 2931 1685 2958 calceari
1708 2932 1819 2966 frigidus
1835 2932 1944 2959 Paullin.
1958 2932 1989 2958 ad
2003 2931 2160 2963 cytherium
2173 2939 2199 2957 v.
2213 2939 2266 2963 32¹·
2307 2933 2396 2960 Vtitur
2409 2939 2434 2960 ee

292 2965 468 2995 attendimus,
481 2973 566 2999 neque
585 2963 737 2990 exaudimus
757 2964 936 2998 nosmetipsos.
971 2965 1009 2990 De
1024 2963 1136 2990 vitandis
1149 2967 1176 2989 in
1186 2964 1262 3000 prosa
1276 2973 1330 2990 ora·
1396 2966 1509 2994 Saluian.
1524 2966 1556 2992 de
1570 2967 1713 2993 Gubernat.
1727 2968 1777 2994 Dei
1791 2978 1798 2993 ι
1820 2977 1843 3002 p.
1857 2976 1896 3000 39.

293 3005 359 3028 tione
375 3000 489 3034 uersibus.
530 3000 586 3026 Cic.
600 2998 679 3025 Acad.
694 3008 719 3032 4.
735 3007 767 3025 20
780 3008 801 3025 c.
817 3007 834 3033 7
869 3001 956 3032 Quam
972 2999 1053 3026 multa
1062 3018 1069 3030 ‚
1082 3008 1148 3034 quae
1161 3009 1209 3026 nos
1224 2999 1331 3033 fugiunt
1432 3009 1449 3029 E
1460 3009 1475 3027 x
1486 3008 1502 3027 c
1511 3009 1532 3028 A
1541 3008 1556 3027 L
1566 3009 1584 3028 D
1594 3008 1629 3034 O,
1648 3006 1701 3029 are.
1738 3005 1811 3039 Aqua
1825 3003 1907 3029 calida
1918 3003 2012 3028 lauare.
2045 3001 2175 3035 Legiones
2187 3007 2258 3028 totae
2271 3002 2433 3031 excaldantes

293 3038 323 3064 in
337 3042 423 3068 cautu,
436 3035 576 3061 exaudiunt
591 3035 618 3060 in
639 3043 670 3060 eo
690 3043 784 3069 genere
804 3035 950 3060 exercitati.
1006 3035 1065 3061 Liu.
1079 3043 1104 3067 2,
1119 3042 1150 3070 27
1176 3035 1272 3070 Neque
1287 3034 1330 3061 de·
1395 3037 1496 3064 Vulcat.
1511 3037 1636 3063 Gallican.
1652 3039 1679 3064 in
1692 3038 1755 3064 Cassl
1769 3048 1790 3065 c.
1805 3047 1826 3071 ς.
1846 3037 1889 3064 vbi
1905 3037 1957 3063 oid.
1972 3035 2072 3072 Castiub.
2457 3064 2458 3067 ,

294 3079 395 3099 cretum
409 3070 527 3098 exaudiri
539 3070 652 3097 consulis
664 3079 725 3104 prae
740 3070 847 3104 strepitu
860 3076 885 3096 et
897 3070 1011 3096 clamore
1023 3076 1132 3104 poterat.
1204 3072 1329 3105 Qiorum
1342 3075 1373 3100 80
1435 3078 1451 3099 Ε
1465 3080 1480 3098 Χ
1493 3078 1510 3099 c
1522 3079 1542 3098 A
1551 3079 1566 3098 L
1575 3078 1593 3098 D
1602 3079 1652 3098 AT
1661 3081 1680 3098 v
1691 3081 1719 3105 S,
1739 3083 1768 3105 a,
1789 3083 1843 3100 um.
1864 3073 1956 3099 Partic.
1992 3071 2079 3098 Calida
2108 3071 2235 3107 perfusus.
2271 3073 2432 3108 Amygdalae

294 3114 323 3135 tu
336 3116 413 3134 voces
427 3106 513 3142 paullo
527 3112 586 3132 ante
599 3105 724 3131 exaudire
737 3105 842 3139 potuisti
861 3106 916 3132 Cic.
932 3106 988 3132 Cat.
1007 3114 1024 3136 1,
1039 3114 1066 3132 21
1081 3115 1100 3131 c.
1115 3111 1137 3136 8.
1208 3107 1243 3133 Vt
1258 3106 1330 3132 idem
1396 3109 1478 3136 Marc.
1493 3108 1591 3142 Empir.
1611 3116 1633 3133 c.
1650 3111 1692 3133 26.
1734 3110 1795 3134 Item
1816 3119 1845 3135 ex
1865 3107 1944 3134 calido
1958 3110 1984 3133 in
1998 3106 2165 3143 frigidiorem
2188 3109 2265 3134 Iocum
2284 3111 2433 3138 translatus.
2478 3126 2479 3134 1

295 3152 387 3170 omnes
400 3142 554 3172 exaudiant,
572 3150 636 3167 voce
651 3141 785 3168 clarislima
804 3140 889 3167 dicam
909 3141 980 3167 Idem
994 3150 1042 3175 pro
1055 3141 1125 3168 Sulla
1142 3150 1183 3174 34.
1254 3143 1330 3176 Quae
1396 3145 1467 3171 Caro
1476 3144 1550 3178 Apic.
1565 3148 1587 3176 8,
1602 3145 1627 3169 6.
1664 3143 1760 3170 Caseus
1774 3143 1811 3170 Id.
1827 3153 1854 3176 4,
1868 3152 1890 3169 2.

296 3179 427 3210 exaudio,
447 3177 602 3204 disliiuulare
617 3185 669 3202 non
683 3177 782 3211 possum
796 3176 833 3203 Id.
848 3177 875 3202 in
883 3177 960 3203 Catil.
975 3186 1002 3210 4,
1017 3185 1044 3209 14
1059 3185 1079 3203 c.
1093 3183 1162 3212 7pr.
1232 3178 1330 3204 Hinni-
1432 3186 1448 3206 E
1459 3187 1475 3206 x
1486 3186 1503 3206 c
1515 3185 1587 3206 ALD
1597 3185 1616 3205 A
1626 3184 1694 3205 T10
1704 3200 1712 3212 ‚
1732 3179 1800 3205 onis.
1828 3180 1847 3205 f.
1884 3177 2016 3209 Pueriles,
2036 3180 2055 3204 i.
2073 3178 2189 3211 lauacro,
2202 3178 2347 3206 ablutiones.
2383 3180 2432 3207 Ca-

296 3221 353 3241 tum
367 3214 429 3248 equi
442 3213 565 3239 exaudire
580 3213 634 3239 Cic.
648 3212 679 3237 de
693 3213 784 3239 Diuin.
799 3221 819 3244 1,
832 3219 873 3247 73.
924 3212 991 3246 Nep.
1006 3212 1091 3238 Dione
1104 3221 1120 3245 9
1149 3212 1191 3239 Fit
1209 3212 1330 3247 strepitus
1397 3215 1501 3251 pitolin.
1515 3215 1543 3242 in
1557 3214 1655 3241 Albino
1668 3223 1688 3239 c.
1703 3223 1723 3246 5.
1757 3214 1826 3241 Add.
1839 3214 1942 3240 Vulcat.
1957 3213 1972 3238 l.
1987 3221 2008 3238 c.
2435 3214 2439 3218 ’

297 3249 409 3281 adco‚vt
421 3248 541 3275 exaudiri
555 3247 626 3282 poffit
639 3248 715 3274 foris.
865 3244 886 3283 ff
908 3255 924 3273 2.
964 3248 1065 3273 Veniam
1077 3247 1151 3281 dare,
1161 3249 1276 3283 precibus
1290 3258 1332 3274 an-
1350 3251 1378 3281 85
1434 3258 1450 3278 Ε
1461 3258 1478 3277 Χ
1487 3258 1504 3278 c
1514 3258 1535 3278 A
1547 3258 1562 3277 L
1573 3257 1587 3276 Ε
1596 3256 1612 3277 F
1623 3248 1643 3275 Ᾰ
1652 3255 1668 3275 C
1678 3256 1685 3274 ι
1697 3256 1730 3280 0,
1744 3249 1798 3283 flue
1819 3256 1834 3275 Ε
1843 3256 1861 3275 Χ
1872 3256 1888 3276 c
1897 3256 1918 3275 A
1928 3255 1944 3274 L
1953 3246 2000 3274 ra*
2010 3253 2027 3274 C
2038 3255 2047 3274 1
2057 3254 2075 3274 o
2094 3247 2205 3275 detraHo
2226 3257 2240 3275 e
2252 3255 2310 3276 ante
2330 3249 2357 3283 f,
2370 3249 2433 3282 ffci,

298 3294 384 3311 nuere:
408 3291 490 3325 nempe
504 3291 530 3310 ut
548 3283 576 3309 de
595 3283 646 3319 ipso
665 3292 755 3318 quoque
771 3282 843 3309 verbo
857 3283 945 3309 Audio
960 3282 1138 3317 obseruauimus
1152 3293 1177 3310 n.
1191 3293 1218 3316 4.
1255 3283 1332 3319 Pqffls
1397 3287 1497 3314 fadtum
1508 3307 1515 3319 ,
1533 3289 1585 3312 ere.
1622 3284 1807 3319 [ἓκθιρμαίνω]
1848 3285 2002 3310 Vehementer
2015 3284 2146 3319 calfacere.
2180 3284 2246 3313 Plin.
2259 3293 2297 3317 21,
2312 3293 2343 3311 20
2370 3284 2441 3312 Vri-'

297 3322 354 3346 aliot
365 3324 406 3345 uin
420 3321 560 3355 suspicari,
578 3319 611 3344 ad
623 3318 792 3352 differentiam
809 3320 915 3354 aliquam
929 3318 1005 3344 alludi
1024 3328 1037 3344 a
1051 3318 1138 3344 Plinio
1152 3320 1243 3353 Paneg.
1257 3328 1303 3353 94,
1317 3328 1333 3346 2
1399 3331 1443 3349 nas
1464 3322 1545 3356 magis
1564 3320 1730 3350 excalefacit,
1744 3329 1821 3355 quam
1836 3328 1941 3345 crocum
1957 3319 2048 3353 ipsum.
2084 3319 2153 3346 ibid.
2168 3328 2191 3346 c.
2204 3328 2239 3346 21.
2315 3321 2442 3350 Excalfa-.

300 3329 399 3381 Audisti
410 3376 417 3388 ‚
432 3364 497 3389 quae
511 3354 592 3381 modo
609 3354 678 3380 malo
692 3354 805 3388 principi
818 3354 1003 3387 precabamur;
1024 3353 1128 3387 exaudi,
1141 3363 1207 3388 quae
1220 3365 1268 3389 pro
1283 3356 1332 3381 dis·
1397 3367 1455 3384 cere
1470 3358 1572 3391 algores
1585 3355 1650 3382 Plin.
1664 3364 1705 3385 22,
1719 3364 1756 3387 23.
1792 3354 1859 3381 Add.
1873 3362 1917 3387 24,
1931 3362 1956 3388 7.
2232 3356 2238 3357 ’
2410 3379 2413 3381 ,

300 3391 433 3417 simillimo
453 3398 586 3424 optamus:
605 3396 628 3416 et
642 3389 784 3425 suspicatur
804 3389 853 3424 ipfi‘
867 3390 1053 3419 schwartzius,
1065 3389 1162 3425 aliquid
1175 3394 1299 3425 promtius
1310 3397 1334 3417 et
1434 3400 1476 3421 ΕΧ
1486 3399 1533 3420 CA
1543 3399 1559 3418 Ι.
1570 3391 1607 3419 Fi
1618 3397 1636 3417 o
1646 3410 1652 3420 ‚
1671 3390 1740 3416 fieri.
1776 3390 1843 3416 Plin.
1863 3398 1908 3422 24,
1928 3397 1944 3424 7
1976 3391 2065 3423 Qmm
2080 3389 2145 3425 quid
2164 3389 2252 3416 siccari
2266 3390 2433 3418 excalfieriue
2446 3407 2450 3410 -

300 3429 391 3451 certius
411 3425 540 3460 posteriori
558 3425 630 3451 verbo
639 3424 790 3461 fignificat-i.
825 3425 938 3451 Tacitae
955 3425 1050 3451 mentis
1063 3425 1156 3451 exaudi
1171 3434 1258 3460 preces
1274 3427 1331 3452 Sen.
1351 3438 1386 3463 90
1398 3437 1463 3462 opus
1481 3428 1519 3454 sit.
1590 3425 1746 3453 Excalesiant
1764 3425 1883 3452 Scribon.
1896 3430 1944 3458 158.
2013 3425 2102 3453 Ouum
2122 3424 2310 3452 excalefafiium
2323 3426 2432 3454 exclusit

301 3460 408 3494 Hippos.
423 3463 478 3492 656-
547 3460 673 3494 Supplicis
688 3460 782 3486 exaudi
797 3468 884 3494 preces
901 3459 981 3486 Ouid.
998 3461 1061 3486 Met.
1075 3469 1107 3492 13,
1120 3463 1174 3493 856.
1210 3461 1283 3488 Idem
1300 3470 1331 3487 ex
1397 3465 1527 3491 Venerem
1541 3462 1637 3496 Hygin.
1652 3463 1671 3487 f.
1687 3469 1741 3495 197.
2456 3460 2457 3464 ’

303 3495 385 3520 Ponto
400 3504 423 3526 2,
438 3504 462 3526 9,
476 3504 487 3527 ς
520 3496 648 3529 Supplicis
665 3495 758 3522 exaudi
778 3504 904 3522 iuuenum
922 3495 1052 3521 mitissime
1071 3504 1173 3522 vocem.
1246 3497 1332 3523 Verba
1434 3506 1451 3526 Ε
1462 3506 1478 3524 Χ
1489 3505 1534 3526 cA
1545 3505 1560 3524 L
1571 3503 1731 3526 FACT10‚
1751 3495 1816 3522 anis.
1837 3494 1857 3521 f.
1894 3491 2089 3531 [ἓκθὲρμανσις]
2126 3496 2191 3522 Plin.
2205 3502 2239 3527 31,
2251 3503 2276 3527 9.

304 3530 397 3555 exaudi
409 3539 465 3555 mea
477 3531 533 3556 Sen.
548 3531 657 3565 Hippos.
671 3538 735 3565 1173.
806 3531 880 3566 Virg.
894 3532 958 3557 Aen.
973 3539 1005 3563 ιι,
1021 3539 1062 3565 ις7
1084 3531 1113 3557 Et
1128 3531 1195 3558 nulli
1210 3532 1333 3559 exaudita
1435 3541 1451 3561 Ε
1462 3540 1478 3559 Χ
1488 3539 1505 3559 c
1515 3540 1536 3559 A
1546 3539 1561 3557 L
1572 3539 1617 3559 ΡΑ
1627 3538 1644 3558 c
1655 3538 1676 3558 ‘r
1688 3537 1707 3556 o
1718 3538 1735 3557 R
1747 3538 1755 3556 1
1768 3537 1784 3554 ν
1797 3538 1826 3562 s,
1846 3539 1875 3562 a,
1894 3540 1947 3557 mn.
1984 3531 2046 3558 Adi.
2083 3530 2279 3566 [θερμαντικὸς]
2315 3530 2431 3558 Excelsa-

303 3564 413 3590 deorum
442 3566 524 3596 Vota,
538 3575 677 3601 precesque
696 3574 778 3593 meae.
952 3564 973 3603 ff
993 3575 1005 3598 3
1042 3568 1091 3592 Pro
1107 3568 1228 3604 [melligo.
1265 3568 1333 3594 Cels.
1399 3569 1483 3597 &oria
1496 3569 1568 3599 rosa,
1588 3568 1656 3602 Qaeae
1667 3566 1801 3601 excalfacit
1819 3566 1883 3591 Plin.
1899 3572 1983 3598 21,18.
2020 3569 2050 3593 Et
2069 3566 2259 3593 Excalfaetoria
2273 3566 2321 3592 vis.
2356 3567 2430 3593 idem
2455 3594 2456 3599 ,

304 3599 332 3625 in
344 3599 361 3625 l.
376 3600 438 3625 Lab.
453 3600 483 3625 D.
498 3599 529 3625 de
547 3602 676 3634 supelleet.
696 3601 772 3637 legat.
808 3600 872 3628 Non
893 3601 965 3627 enim
985 3610 1015 3627 ex
1031 3602 1202 3636 opinionibus
1223 3603 1333 3638 singulo·
1347 3611 1379 3638 95
1399 3614 1436 3638 23,
1449 3614 1476 3639 4.
1510 3604 1573 3629 Vini
1587 3609 1679 3628 natura
1692 3601 1876 3627 excalfafloria
1891 3601 1927 3627 ld.
1941 3611 1981 3634 25,
1995 3610 2028 3634 ι3.

303 3634 429 3666 rum,sed
443 3643 473 3660 ex
487 3636 619 3661 communi
633 3637 677 3662 vsu
685 3638 792 3663 nomina
807 3636 928 3664 exaudiri
939 3637 1045 3663 debere.
1066 3638 1105 3664 Sic
1119 3638 1259 3670 Subaudio,
1274 3649 1297 3665 υ.
1307 3649 1331 3665 υ.
1434 3647 1451 3667 E
1461 3647 1477 3666 x
1487 3644 1504 3665 c
1517 3646 1537 3665 A
1548 3644 1631 3669 LPO,
1663 3638 1702 3662 vel
1735 3642 1751 3663 E
1761 3642 1853 3663 XSCA
1863 3644 1877 3662 ι,
1890 3643 1905 3663 Ρ
1916 3644 1951 3668 o,
1977 3637 2029 3672 psi,
2054 3642 2142 3671 ptum,
2169 3637 2221 3662 ere.
2258 3635 2271 3669 [
2286 3635 2401 3670 ἕκγλῦφω
2413 3636 2428 3671 ]

340 3676 383 3696 Ex
394 3675 471 3695 AVD
482 3671 522 3695 ῑΤ
533 3677 588 3699 vs,
605 3679 636 3702 a,
653 3681 706 3698 um.
726 3674 817 3699 Partic.
854 3672 1052 3706 [εἰτηκιισμένος]
1089 3673 1203 3700 Αιιὸὶ.ᾱά
1213 3675 1330 3701 Herenn.
1400 3675 1468 3704 Idem
1493 3673 1556 3710 quod
1576 3674 1693 3708 Scalpcre.
1731 3672 1797 3697 Cato
1815 3672 1846 3697 de
1866 3672 1896 3698 R.
1910 3673 1939 3699 R.
1959 3682 1980 3698 c.
1997 3678 2019 3703 :8
2045 3673 2075 3698 de
2098 3670 2268 3705 aedificatione
2288 3674 2431 3703 torcularis,
2462 3678 2479 3705 ’Ἴ

304 3713 330 3738 2,
344 3710 356 3734 8
371 3713 392 3730 c.
409 3713 420 3737 ς
454 3704 526 3730 Num
541 3705 587 3738 qui
602 3705 719 3739 strepitus
729 3727 738 3739 ‚
750 3709 864 3740 clamor,
879 3708 1007 3742 crepitus,
1020 3708 1155 3735 exauditus
1175 3709 1222 3736 sit?
1275 3710 1332 3737 Cla·
1399 3711 1515 3738 Arbores
1529 3709 1616 3735 crassas
1630 3706 1707 3742 ped&
1721 3707 1802 3739 dum,
1821 3707 1885 3734 altos
1905 3709 1980 3742 pedes
1993 3716 2088 3734 nouem
2098 3726 2106 3738 9
2119 3715 2176 3731 ‘¹¹⁰¹
2197 3706 2362 3732 “³sdiflibss52
2389 3707 2429 3733 f0·
2471 3712 2475 3725 '

304 3749 390 3767 mores
403 3739 519 3765 exauditi
539 3740 593 3765 Cic.
610 3741 661 3765 Λα.
677 3750 696 3771 ι,
710 3750 734 3772 9.
806 3743 926 3770 Monitor
942 3752 996 3769 non
1009 3743 1145 3769 exauditus
1159 3744 1274 3775 ridebit,
1293 3748 1333 3771 cui
1399 3747 1500 3774 famina
1512 3745 1587 3778 longa
1601 3742 1678 3778 pedes
1691 3749 1742 3768 tres
1756 3743 1847 3774 semis,
1868 3750 1892 3769 et
1906 3744 2022 3778 excalpta
2040 3742 2136 3776 digitos
2152 3741 2203 3767 seiz.
2258 3741 2389 3775 Quinc-iil.
2404 3749 2430 3773 2,
2470 3751 2474 3762 ·

303 3785 351 3802 non
366 3775 551 3809 obtemperatum
566 3773 597 3806 est
609 3775 674 3800 Hor.
689 3776 765 3809 Epist.
780 3784 799 3808 1,
813 3787 855 3809 20,
870 3787 907 3811 ι4,
979 3779 1054 3812 Virg.
1069 3780 1133 3805 Aen.
1149 3787 1181 3811 ιι,
1194 3782 1236 3812 156
1254 3781 1333 3807 Nulli
1342 3788 1387 3807 100
1401 3790 1437 3813 19,
1451 3791 1461 3813 3
1501 3780 1650 3813 Exscalperc
1664 3778 1761 3811 lignum
1776 3786 1806 3804 ex
1827 3779 1922 3805 molari
1943 3779 2035 3812 lapide.
2049 3779 2083 3803 al.
2097 3776 2260 3810 Exsculpere.
2311 3777 2385 3805 Varr.
2397 3776 2429 3803 de
2470 3792 2476 3798 ι

304 3810 425 3837 exaudita
443 3810 554 3836 deorum
568 3810 636 3835 Vota
655 3818 793 3845 precesque
808 3821 888 3838 meae.
961 3813 1066 3840 Sonitus
1080 3814 1196 3840 exauditi
1210 3816 1263 3842 Cic.
1278 3817 1331 3843 Att.
1399 3817 1430 3843 L.
1446 3817 1476 3842 L.
1489 3824 1516 3848 4,
1529 3823 1564 3847 33,
1576 3823 1592 3840 2
1617 3814 1732 3840 Terram
1749 3815 1816 3839 vnde
1830 3815 2003 3847 excalpserant
2015 3813 2104 3838 fossam
2118 3811 2256 3838 vocabant.
2415 3830 2417 3833 -

303 3855 323 3880 ι,
341 3855 378 3878 ι4,
451 3847 528 3871 Vates
551 3853 605 3870 non
625 3846 760 3871 exauditus
785 3847 866 3873 Ouid.
883 3849 945 3874 Met.
969 3858 998 3881 ιι,
1018 3854 1052 3879 18,
1121 3851 1189 3876 Vota
1217 3852 1333 3887 parentis
1435 3857 1476 3877 Ex
1488 3856 1505 3875 C
1516 3856 1566 3876 AN
1577 3855 1645 3875 Der
1656 3848 1698 3875 ,Rc
1709 3856 1716 3874 1
1728 3855 1747 3873 0
1758 3869 1765 3880 ,
1790 3852 1843 3875 ere.
1884 3848 2026 3883 [ε’κπυρόω]
2067 3847 2174 3881 Aliquid
2193 3851 2230 3872 ita
2244 3846 2386 3879 incendere,
2401 3849 2430 3873 v}
2446 3848 2449 3853 ’

301 3881 362 3908 Stat.
377 3880 466 3907 Theb.
483 3888 515 3911 ιι,
529 3881 581 3919 6ι6.
651 3881 709 3905 Vox
731 3889 776 3914 per
797 3881 869 3907 lucos
893 3883 965 3917 virg.
985 3885 1082 3919 Georg.
1103 3893 1122 3917 ¹,
1140 3888 1203 3920 476.
1270 3888 1330 3915 Vox
1396 3884 1527 3913 candidum
1543 3884 1667 3910 videatur.
1698 3885 1743 3910 Sed
1755 3884 1960 3911 Excandefacere
1974 3889 2102 3909 annonam
2112 3901 2120 3913 ‚
2130 3889 2176 3916 per
2188 3882 2353 3916 metaphoram
2367 3883 2430 3911 Vare

299 3923 407 3943 mturae
427 3917 482 3943 Cic·
498 3916 529 3941 de
542 3916 599 3941 Fffl-
618 3922 638 3946 ¹2
651 3923 690 3948 7¹·
1396 3930 1428 3948 ro
1441 3920 1473 3946 de
1486 3920 1516 3946 R.
1531 3919 1561 3945 R.
1577 3928 1599 3951 3,
1613 3928 1635 3950 2,
1650 3922 1683 3945 16.
1705 3930 1721 3944 1.
1743 3920 1873 3946 Incendere
1888 3927 1912 3945 er
1930 3918 2030 3945 redden
2045 3919 2165 3943 cariorem
2183 3926 2311 3943 annonam.
2357 3918 2388 3944 Et
2407 3923 2429 3949 3,

335 3959 351 3979 Ε
361 3959 379 3978 Χ
388 3960 409 3979 A
418 3958 438 3978 v
450 3957 468 3977 D
482 3957 522 3978 ιτ
531 3957 540 3976 1
549 3956 584 3980 ο,
601 3951 669 3976 onis.
693 3949 714 3976 f.
744 3950 879 3984 Augustin.
893 3949 925 3977 de
938 3953 997 3979 Ciu.
1013 3955 1061 3981 Dei
1075 3963 1113 3987 ιι,
1127 3964 1163 3990 2⁴
1171 3962 1214 3992 pr.
1337 3966 1382 3992 ¹05
1394 3965 1421 3990 4,
1436 3965 1444 3982 1
1463 3954 1581 3982 Excande
1595 3963 1637 3981 me
1649 3956 1766 3982 fecerunt
1777 3955 1928 3989 cupiditate.

2371 3990 2423 4019 im
