2479 4225
0 198 167 286 ¹729.
444 223 475 262 F
555 223 586 261 R
677 224 714 262 A
1525 219 1557 259 F
1654 219 1684 259 R
1768 223 1805 260 A
2098 240 2169 278 730

0 344 1 349 ,
38 322 106 350 detur
125 319 290 354 cognationem
309 312 396 341 habere
407 322 461 339 cum
475 311 613 347 frangendi
627 311 700 338 verbo
718 317 742 336 et
761 310 916 339 fracesccre,
935 316 995 343 quae
1008 309 1070 334 inte·
1134 318 1242 344 pomum
1264 307 1346 334 simile
1365 307 1465 333 fructui
1487 314 1571 335 terrae
1593 308 1719 343 gignitur.
1761 308 1824 336 Sunt
1839 312 1920 345 itaque
1937 314 2008 342 fra„
2027 315 2158 343 terrestria

60 360 99 383 ino
122 360 186 380 motu
201 351 362 387 franguntur
386 355 410 374 et
430 348 577 384 mollescunt.
602 346 622 372 C
633 354 657 373 et
673 348 694 373 G
714 344 755 379 est}
771 351 903 381 cognatas,
921 350 1003 369 notum
1026 344 1068 376 est.
1127 345 1180 379 stne
1192 343 1359 378 campestria,
1378 352 1436 378 quae
1449 343 1610 379 Jinu'liajunt
1623 343 1745 376 unedoni,
1760 346 1811 371 alia
1823 353 1955 378 montana,
1970 335 1997 375 dt}
2011 352 2096 384 ,μη-ῥα,
2106 336 2170 377 mm}

0 390 5 422 ζ
38 391 109 428 Cous,
129 392 290 416 FRAGESCO
303 385 351 421 sub
372 389 521 411 FRANGO.
592 381 724 409 Columcl.
741 389 758 411 1,
773 383 789 406 6
818 379 914 405 01011111
930 378 1002 413 quod
1019 381 1067 405 mi-
1134 384 1170 406 tio
1181 380 1216 415 fit
1228 379 1294 414 apud
1305 379 1386 405 Ouid.
1395 379 1458 404 Met.
1476 387 1494 409 1,
1510 387 1565 411 ¹04·
1635 379 1730 406 Mollia
1743 379 1816 414 fraga
1830 379 1898 414 leges
1916 382 1986 409 Idem
1998 386 2059 412 Met.
2077 395 2099 419 ¹3
2118 388 2169 417 816.

39 436 86 456 nus
103 423 237 460 prouenit,
258 420 275 447 ii
295 420 463 454 congelatur,
484 419 615 446 fracescet.
686 418 760 443 Varr.
775 414 806 440 de
819 415 848 440 R.
864 414 894 440 R.
910 422 930 446 ι,
943 421 971 446 55
997 415 1067 441 Haec
1135 417 1268 442 Comaron
1282 414 1394 446 Graeci,
1413 414 1526 439 Romani
1541 415 1642 448 fragum
1656 422 1803 450 nuncupant
1817 416 1893 450 Apul.
1909 415 1940 442 de
1955 419 2037 445 Hcrb.
2051 430 2071 446 c.
2087 407 2124 456 ᾖ.

0 454 1 460 .
27 464 71 492 'de
85 469 133 497 qua
146 459 174 485 fit
187 458 276 484 oleum
285 476 293 488 ,
314 455 422 490 congeri
444 454 507 481 solet
521 454 664 481 aceruatim
676 461 722 487 per
736 451 790 477 dies
805 449 918 483 singulos
931 450 959 475 in
970 449 1068 477 tabula·
1090 452 1104 478 5
1172 457 1186 477 F
1197 458 1214 477 R
1224 458 1245 477 A
1258 455 1278 476 G
1289 456 1304 476 E
1313 457 1326 476 s
1337 455 1354 476 C
1366 455 1385 476 o
1395 468 1403 480 ‚
1425 454 1467 474 FR
1479 456 1498 475 A
1507 456 1527 475 G
1537 457 1544 475 1
1555 457 1569 475 1.
1579 458 1587 475 1
1597 457 1609 476 s
1621 470 1629 482 ,
1654 457 1669 477 F
1680 457 1698 478 R
1708 458 1729 478 A
1738 457 1855 479 G1L1'1'
1866 458 1883 478 E
1893 459 1910 478 R
1920 472 1929 484 ‚
1955 459 1970 478 F
1983 460 2001 480 R
2010 461 2031 481 A
2041 461 2061 481 G
2070 463 2093 481 M
2104 463 2119 482 1-;
2131 464 2151 483 Ν
2161 477 2170 489 ,

0 496 2 505 '
40 505 81 530 ta„
98 501 125 522 vt
138 494 175 521 ibi
188 492 359 519 mediocriter
372 491 504 517 fracescat.
559 491 625 516 Cato
638 498 660 515 c.
674 493 715 517 128
733 485 818 512 Sinito
832 484 1001 524 quatriduum
1018 486 1068 512 fra.
1136 492 1152 512 F
1163 493 1181 512 R
1191 493 1212 513 A
1221 493 1242 512 G
1254 492 1274 512 0
1286 492 1304 512 R
1314 505 1322 517 ,
1358 484 1411 510 vid.
1443 490 1485 510 FR
1495 491 1514 510 A
1524 491 1544 510 Ν
1554 490 1574 511 G
1587 491 1616 510 0.

39 533 130 561 cescat:
155 528 202 556 vbi
216 528 283 554 bene
295 527 437 558 fracuerit‚
452 531 528 552 rutro
548 524 694 552 concidito:
712 521 739 548 dc
753 528 822 560 terra
831 518 937 556 Jubafta
955 521 989 546 ad
1005 521 1069 548 tietu-
1172 528 1244 547 FRA
1255 527 1274 547 G
1284 527 1303 547 R
1314 527 1333 547 ο
1344 539 1354 552 ,
1371 523 1423 546 are.
1461 517 1543 554 [ἔξω]
1581 519 1686 546 Odorem
1710 521 1809 548 reddere
1822 530 1830 549 .·
1866 522 1929 557 quia
1947 523 2031 557 specie
2050 525 2170 558 (corpore

0 581 4 589 .
38 566 136 596 saudim
147 564 332 592 habitationem.
386 560 545 591 Fracebunt,
559 558 754 595 Displicebunt,
766 561 905 590 antiquum
920 556 1015 583 Festus.
1134 556 1258 591 odorato)
1277 554 1361 582 fracta
1374 554 1441 581 odor
1453 554 1573 581 redditur
1585 556 1679 581 maior,
1718 558 1758 582 Sic
1772 558 1844 584 Seru.
1857 557 1891 584 acl
1901 558 1964 584 illud
1982 559 2056 593 Virg.
2077 560 2140 585 Aen.
2153 569 2172 591 1,

0 611 3 618 ’
70 608 114 629 FR
123 607 143 627 A
152 607 168 627 c
179 598 190 626 ἶ
202 606 219 625 D
229 606 248 624 v
258 606 269 625 s
279 619 287 631 ‚
307 607 336 629 a,
357 607 410 624 nm.
431 596 491 624 Adi.
517 596 530 630 ζ
540 595 667 630 ὕηέρωρος]
691 593 751 618 Plus
762 601 833 627 quam
846 598 968 617 maturum
981 599 1004 618 et
1018 595 1068 619 iam
1135 601 1191 625 440
1212 591 1394 625 Redolentque
1406 589 1499 622 thymo
1511 590 1653 623 fragrantia
1667 592 1753 618 mella.
1859 593 1971 620 Martial.
1985 599 2042 628 ¹³87
2062 595 2103 621 NC
2117 603 2172 628 gra,

3 651 5 659 ι
32 637 181 675 putrescens.
216 635 283 661 Cato
297 643 318 659 c.
332 635 368 667 64
380 640 404 659 et
418 641 444 666 55
468 631 603 659 Frae'tores
617 630 710 657 volunt
721 633 750 654 vt
762 627 835 654 oliua
848 627 876 653 in
889 627 1007 655 tabulato
1021 629 1067 655 diu
1086 637 1115 656 10
1135 628 1176 653 vis
1190 627 1310 654 hesterno
1323 627 1424 660 fragres
1434 626 1571 652 Fescennia
1583 626 1658 654 vino.
1760 627 1833 662 Conf.
1846 628 1917 655 Idem
1929 637 1952 661 3,
1966 631 2004 662 ⁶5-
2097 630 2173 656 Odor

28 673 82 706 fit,
94 681 123 699 vt
134 670 232 698 fracida
245 669 289 701 sit,
303 677 357 704 quo
370 668 475 695 facilius
488 666 607 694 efficiant.
1136 663 1235 697 fragrat
1249 662 1357 690 acerbus
1384 661 1472 688 Valer.
1489 662 1587 695 Argon.
1599 670 1627 694 4,
1639 670 1698 696 493-
1794 664 1920 697 Fragrasti
1934 671 1960 690 et
1973 664 2037 697 duxi
2050 665 2172 700 spiritum

38 719 41 729 v
72 711 221 735 FRACEs
231 726 239 738 ‚
259 705 325 731 ium.
351 704 369 730 f.
405 703 560 736 [ςέμφυλα]
596 701 664 735 Qtae
673 697 745 732 sint,
759 697 844 725 doceat
861 707 906 724 nos
925 698 989 724 Plin.
1005 706 1040 731 15,
1053 701 1070 725 6
1137 699 1273 733 Augustin.
1286 697 1365 723 Conf.
1378 704 1415 728 10,
1429 704 1471 731 27.
1506 697 1676 733 confunditur
1691 701 1717 723 in
1731 699 1805 725 Μςς,
1818 708 1870 724 cum
1884 700 1978 734 magro
1991 710 1996 725 :
2032 701 2094 736 quod
2107 701 2173 727 vide.

28 743 132 771 Δ01011111
150 741 179 768 in
192 741 310 768 tabulato
327 740 427 770 minui,
440 737 606 771 deteriusque
624 734 692 761 fieri.
710 734 776 761 item
796 734 824 761 in
843 741 964 766 amurca,
981 739 1006 760 et
1021 735 1071 761 fra·
1174 741 1217 760 111
1228 739 1404 765 AGRANS,
1424 733 1499 758 antis.
1519 733 1611 761 Panic.
1649 731 1742 767 [ἵζων]
1779 734 1879 760 Domus
1891 735 2009 769 fragrans
2028 735 2110 762 odore
2128 737 2173 762 As-

37 778 124 806 cibus:
146 785 190 804 eae
210 778 268 803 sunt
286 784 390 808 carnes,
403 780 428 801 et
446 772 507 800 inde
519 773 602 798 faeces
617 781 623 796 e
651 778 732 804 quare
747 770 847 805 saepius
860 768 904 795 die
918 768 1070 803 decapulan·
1137 770 1207 802 syrio
1235 768 1319 796 Catul.
1344 769 1388 800 66,
1412 776 1469 801 ¹44-
1573 767 1653 794 Mella
1678 769 1751 802 Virg.
1770 770 1835 795 Aen.
1851 778 1871 801 1,
1886 773 1938 801 436·
2043 771 2174 798 castitati,

37 813 108 840 dum.
146 814 177 839 Et
189 822 260 845 mox,
285 812 316 838 Et
330 820 344 837 e
358 810 466 837 cortinis
479 808 508 834 in
526 807 602 834 labro
615 805 792 838 fundendum,
807 811 835 832 vt
854 805 935 831 fraces
946 811 971 831 et
984 813 1070 832 amur·
1093 812 1120 838 15
1136 803 1364 840 fragrantissimum
1383 804 1516 829 incensum
1531 802 1559 829 in
1571 803 1695 830 turibulis
1707 803 1793 830 cordis
1807 804 1914 832 adolere
1950 806 2039 833 Sidon.
2061 807 2137 842 Epist.
2150 814 2174 839 ε,

34 858 66 876 ca
77 849 222 884 liquentur.
259 848 321 875 Sunt
332 855 389 883 ergo
402 845 484 872 fraces
496 842 611 879 carnosae
632 842 703 873 illae,
717 841 766 877 sed
774 847 903 876 corruptae
914 843 963 866 iam
972 848 1070 876 partes,
1136 850 1174 874 ¹4·
1280 840 1451 873 Vnguentum
1466 839 1693 873 fragrantiffimum
1733 839 1812 874 Apul.
1828 841 1891 867 Met.
1908 849 1936 867 10
1949 851 1973 876 p.
1988 851 2048 876 544.
2103 842 2175 869 Adde

33 891 62 912 tt
82 886 189 920 reliquae
208 884 344 913 oliuarum,
363 891 378 907 a
399 879 484 916 quibus
503 879 579 905 oleum
595 877 756 913 purgandum
778 875 821 910 esi.
855 877 978 903 Memorat
997 879 1070 903 etiam
1134 874 1220 903 Catul.
1233 876 1278 907 69,
1291 883 1348 907 144.
1385 881 1407 900 et
1428 874 1473 901 Sil.
1488 883 1522 906 15,
1537 882 1586 909 117.

37 919 170 947 Columel.
188 921 214 951 6,
227 927 260 951 13,
275 927 296 950 3.
332 916 400 943 Gell.
415 924 448 948 11,
460 921 478 948 7
502 915 567 940 Item
581 914 657 939 floces
670 912 788 939 audierat
802 911 883 946 prisca
894 920 961 938 voce
975 911 1070 946 signifi·
1171 917 1214 937 PR
1225 916 1362 937 AGRAN
1372 917 1456 937 TER.
1474 909 1541 935 Adu.
1578 908 1654 944 Apud
1676 908 1753 943 Apul.
1777 908 1820 942 effi·
1845 909 1938 938 dicitur
1954 923 1962 937 .·
1998 919 2074 948 negat
2097 912 2175 939 Index
2213 912 2217 914 “

35 964 95 983 tare
109 955 167 982 vini
180 955 278 981 faecem
293 962 307 980 e
319 951 431 979 vinaceis
451 950 612 984 expressum,
631 948 704 974 sicuti
718 948 800 974 fraces
812 955 844 973 ex
856 946 931 982 oleis.
986 948 1069 975 Subsi-
1134 946 1238 974 Floridi.
1341 946 1454 982 Compar.
1490 945 1573 971 Solin.
1606 954 1628 971 c.
1658 951 1700 977 52.
1744 945 1846 981 Salmas
1876 954 1908 978 38
1946 948 2060 975 Crocum
2096 949 2176 983 spirat

34 991 156 1025 duaeque
169 990 252 1017 fraces
269 990 340 1015 Grat.
353 987 451 1020 Cyneg.
465 995 490 1012 v.
504 993 568 1019 474.
603 983 673 1012 Add.
687 983 757 1009 Vitr.
769 982 795 1017 7,
809 991 828 1009 1.
1081 994 1116 1012 20
1131 981 1300 1016 fragrantius,

74 1032 91 1053 F
103 1033 122 1053 R
131 1033 153 1053 Α
162 1031 180 1052 C
192 1032 213 1053 Τ
223 1031 243 1050 V
254 1032 267 1051 S
276 1044 284 1057 ‚
301 1022 353 1050 vid·
373 1028 390 1048 F
399 1028 418 1048 R
427 1028 448 1047 A
457 1028 479 1048 N
488 1027 509 1047 G
519 1028 549 1047 0·
1173 1022 1189 1043 F
1200 1024 1218 1043 R
1231 1023 1252 1043 A
1264 1022 1285 1043 G
1296 1022 1315 1042 R
1323 1021 1346 1041 A
1354 1022 1376 1041 N
1385 1020 1406 1041 T
1414 1021 1424 1041 1
1433 1022 1453 1042 A
1463 1035 1471 1048 ,
1491 1024 1529 1042 ae.
1545 1016 1564 1042 f.
1602 1013 1774 1049 Odorficauis.
1809 1014 1850 1040 Sic
1882 1019 1945 1042 enim
1975 1016 2068 1043 ἕυωδιάν
2097 1022 2176 1045 vertit

73 1067 284 1091 FRAENVM‚
303 1059 344 1085 vel
363 1063 492 1084 FRENV
502 1063 544 1088 M,
565 1055 584 1081 i·
609 1063 635 1080 ¹¹·
672 1053 787 1086 [eff-¹⁰⁹,
806 1051 927 1087 καλῶς]
956 1062 972 1079 a
991 1054 1069 1081 Fran·
1135 1053 1259 1088 Erasmus.
1306 1051 1366 1086 Eph.
1385 1061 1401 1084 5
1430 1051 1529 1077 Bonam
1550 1050 1729 1084 fragrantiam.
1765 1050 1823 1076 Vct.
1838 1050 1916 1076 Gloff.
1930 1052 2096 1087 Fragrantia‚
2111 1053 2176 1087 ὀσμὴ

35 1097 138 1132 gendo;
160 1094 356 1129 Inslrumenmm,
388 1102 416 1119 uo
436 1101 509 1127 equus
533 1092 654 1118 retinetur
670 1095 694 1115 et
712 1087 836 1115 domatur.
871 1089 1003 1115 Manutius
1021 1100 1072 1117 ma.
1134 1087 1209 1116 καλή.
1280 1087 1420 1112 Val.Max.
1434 1095 1480 1119 9,1
1496 1092 1548 1113 ext.
1562 1094 1573 1112 1
1595 1086 1795 1119 Vnguentorum
1810 1085 1960 1120 fragrantia.
2068 1089 2176 1123 Flagjffl

35 1134 90 1159 vult
96 1131 151 1166 fine
164 1131 314 1167 diphthongo
320 1101 402 1165 scrizi
414 1126 517 1160 vetustis
524 1127 686 1152 monumentis
692 1124 796 1160 fretus,
814 1122 884 1157 etsie
895 1133 919 1150 υ.
934 1134 958 1160 g.
972 1127 999 1150 in
1011 1127 1070 1152 Vir·
1132 1122 1277 1158 fragrantia
1314 1122 1396 1148 Plani.
1430 1122 1498 1149 Rud.
1525 1130 1554 1154 3,
1573 1130 1609 1154 4,
1633 1127 1670 1149 28.
1694 1123 1831 1147 conuicium
1856 1124 1883 1147 in
1906 1122 2042 1155 hominem,
2061 1127 2103 1159 qui
2123 1124 2175 1160 fla.

35 1169 97 1204 gilio
115 1167 230 1194 dederunt
246 1166 333 1201 Heius:
355 1170 378 1190 et
393 1165 478 1190 Burm.
515 1161 604 1188 Ifidor.
621 1168 662 1200 20,
675 1162 702 1185 16
733 1159 848 1199 Frenurn
868 1158 983 1199 dicium,
998 1162 1068 1195 qnod
1086 1169 1118 1196 ²3
1132 1162 1222 1196 gitium
1231 1157 1325 1194 spiret.
1724 1190 1729 1195 ι

35 1211 118 1237 equos
138 1201 249 1229 fremere
262 1205 351 1235 cogat,
372 1199 415 1226 vel
430 1197 501 1233 quod
521 1197 570 1223 hoc
583 1202 647 1230 eqni
666 1194 806 1226 frendant,
823 1193 851 1220 id
864 1194 901 1220 est
917 1197 1071 1230 imprimant
1173 1200 1190 1220 F
1201 1201 1220 1221 R
1230 1201 1250 1220 A
1260 1200 1309 1219 ME
1319 1199 1357 1224 A,
1377 1201 1415 1218 ae.
1437 1192 1456 1218 f.
1493 1193 1641 1228 [ῥομφαῖα,
1661 1189 1762 1225 gladius
1782 1190 1860 1217 Glois.
1880 1191 1936 1218 Lat.
1955 1192 2002 1219 Gr.
2022 1199 2045 1219 et
2059 1193 2105 1220 Gr.
2120 1194 2177 1221 Lat.

35 1237 158 1264 dentibus
172 1243 197 1264 et
209 1235 393 1263 obmordeant.
430 1236 461 1261 In
475 1234 543 1260 Plur.
563 1232 582 1258 F
584 1231 651 1261 reni,
663 1232 702 1257 vel
714 1231 797 1257 Frena
810 1229 956 1257 declinatur.
990 1232 1070 1259 Ouid.
1134 1230 1203 1258 Add.
1219 1228 1276 1255 Ifid.
1294 1237 1328 1260 15,
1342 1229 1385 1262 6.]
1405 1226 1505 1254 Fabium
1518 1228 1633 1259 wderur,
1652 1225 1838 1261 tranjpqsieione
1851 1227 1994 1259 literarum,
2013 1237 2041 1254 ex
2052 1230 2177 1264 ρομφοιία,

37 1272 69 1300 de
83 1273 146 1299 Arte
159 1273 217 1298 Am.
231 1281 251 1305 1,
265 1279 318 1307 472
347 1271 486 1304 Tempore
505 1268 575 1294 lenta
593 1266 648 1301 pati
666 1266 741 1292 frena
759 1265 886 1292 docentur
903 1267 973 1300 equi.
1014 1269 1068 1295 Cic.
1133 1272 1163 1292 υι
1184 1270 1205 1299 φ
1223 1263 1372 1300 praecedat,
1390 1263 1454 1298 quod
1473 1267 1501 1289 in
1520 1263 1535 1288 f
1552 1262 1645 1298 verfiam
1666 1260 1721 1293 est,·
1758 1263 1868 1292 Lancea,
1879 1262 1934 1295 flue
1952 1265 2024 1290 telum
2042 1265 2176 1301 oblongum.

0 1307 5 1332 ¹.
35 1316 84 1344 pro
95 1308 191 1334 Milon.
204 1310 244 1340 65.
315 1307 439 1333 Sonantes
452 1304 522 1332 freni
535 1302 610 1337 Virg.
624 1302 720 1336 Georg.
731 1310 755 1334 3,
770 1306 824 1334 184.
878 1301 1001 1329 Sonantia
1020 1305 1070 1331 fre·
1137 1301 1193 1334 Nili
1206 1302 1380 1327 Germanorum
1391 1297 1424 1331 effi
1432 1319 1440 1331 ,
1460 1305 1483 1324 et
1494 1305 1625 1334 cognatum
1639 1297 1755 1323 hodierno
1774 1297 1897 1330 Psrieme,
1914 1299 1978 1334 quod
1992 1298 2021 1331 est
2034 1299 2179 1332 infirmnm.

0 1348 3 1364 ι
37 1351 71 1375 m
85 1342 165 1370 Ouid.
181 1343 244 1369 Met.
259 1350 281 1374 2,
295 1350 342 1368 121.
411 1340 538 1373 Accipere
549 1338 669 1369 frenum,
683 1338 862 1373 metaphorice,
872 1344 920 1372 pro
937 1338 1029 1365 Dedere
1042 1339 1071 1375 se
1089 1347 1121 1370 30
1136 1343 1186 1363 tum
1193 1334 1365 1372 foraminibus
1371 1334 1501 1369 faciendis
1516 1340 1613 1368 aptum,
1632 1341 1677 1367 quo
1691 1339 1797 1358 utuntur
1802 1334 1911 1368 sutores.
1955 1334 2176 1362 Tacit.German.

41 1380 118 1413 1111ςυί.
153 1377 228 1411 Virg.
241 1378 305 1403 Aen.
320 1385 355 1410 12,
368 1378 413 1408 568
443 1376 481 1401 Ni
493 1375 598 1401 frenum
611 1374 744 1408 accipere,
757 1379 782 1400 et
796 1372 861 1398 vieti
875 1381 965 1407 parere
978 1383 1071 1409 cogan-
1137 1374 1163 1403 6,
1178 1380 1193 1398 2
1214 1370 1319 1403 Hastas‚
1334 1370 1376 1396 vel
1395 1370 1512 1404 ipsorum
1532 1368 1663 1395 vocabulo
1683 1367 1793 1394 frameas
1814 1374 1907 1402 gerunt
1927 1370 2035 1404 angusto
2055 1377 2080 1397 et
2101 1371 2178 1398 breui

45 1417 92 1442 tui·-
155 1412 258 1439 Addere
276 1412 350 1438 frena
368 1411 460 1445 equis,
479 1410 531 1437 vid.
553 1415 651 1436 ADDO.
723 1409 779 1434 Cic.
797 1408 828 1434 de
842 1408 911 1435 Clar.
925 1410 999 1436 Orat.
1020 1418 1074 1444 204
1137 1408 1227 1439 ferre,
1246 1405 1338 1432 sedita
1350 1406 1418 1436 acri,
1437 1412 1463 1431 et
1481 1405 1512 1431 ad
1535 1404 1608 1431 vsmn
1632 1402 1731 1436 habili,
1749 1409 1777 1430 vt
1801 1404 1895 1430 eodem
1919 1405 1989 1434 telo.
2008 1412 2087 1440 prout
2109 1407 2179 1433 ratio

5 1466 9 1477 ι
43 1447 122 1477 Alteri
140 1448 164 1475 se
177 1447 286 1475 calcaria
307 1446 448 1479 adhibere,
465 1445 544 1473 alteri
561 1444 666 1475 frenos,
702 1446 721 1470 i.
741 1444 875 1471 retrahere.
947 1446 1073 1472 Coe'rcnit
1137 1442 1236 1477 poscit,
1255 1441 1298 1467 vel
1312 1441 1430 1467 cominus
1444 1441 1487 1467 vel
1502 1440 1604 1467 eminus
1620 1446 1734 1473 pugnent
1751 1449 1756 1464 :
1792 1446 1817 1465 et
1832 1448 1910 1474 eques
1924 1441 2032 1475 quidem
2046 1442 2119 1468 scuto
2127 1442 2178 1469 fra-

9 1490 17 1512 i
40 1484 177 1513 urafrenis
189 1483 269 1511 Ouid.
284 1484 348 1509 Met.
361 1489 384 1515 5,
399 1484 456 1514 643.
526 1480 699 1514 Compescere
714 1480 834 1506 animum
846 1479 928 1506 frenis
946 1482 1012 1508 Hor.
1027 1481 1073 1516 Ep.
1138 1486 1247 1511 meaque
1260 1483 1397 1503 contentus
1411 1476 1456 1502 est.
1548 1476 1639 1501 quen.
1654 1475 1705 1500 Sat.
1720 1483 1753 1506 13,
1766 1479 1798 1508 78
1837 1475 1868 1502 Et
1880 1476 1973 1503 Martis
1987 1476 2128 1510 frameam,
2152 1483 2178 1504 et

0 1538 1 1545 ,
16 1547 17 1551 ,
38 1527 59 1552 1,
70 1528 94 1552 2,
106 1521 145 1552 63.
215 1521 328 1546 Currere
351 1517 478 1544 concordi
499 1516 576 1542 freno
601 1515 645 1540 Sil.
660 1516 698 1546 16,
712 1520 759 1546 381.
830 1515 940 1549 Depulit
958 1525 1005 1542 ore
1020 1516 1070 1543 fre.
1091 1526 1122 1551 35
1136 1512 1266 1546 Cyrrhaei
1279 1512 1378 1546 spicula
1391 1512 1466 1538 vatis.
1537 1511 1610 1547 Conf.
1625 1510 1692 1536 Gell.
1708 1518 1745 1542 10,
1760 1517 1798 1542 25.

0 1567 4 1587 i
36 1563 100 1581 num
118 1556 185 1581 Hor.
198 1554 277 1590 Epist.
300 1562 320 1586 1,
342 1562 380 1585 10,
400 1554 441 1584 36.
512 1549 642 1577 001136115
663 1549 745 1576 frenis
769 1549 796 1575 in
820 1549 921 1577 hostem
941 1553 1072 1578 concitare
1174 1553 1306 1575 FRANC
1318 1554 1366 1574 ON
1378 1555 1432 1579 Es,
1469 1548 1602 1573 Germanos
1622 1545 1719 1581 quidam
1736 1545 1914 1581 somniarunt,
1934 1556 1987 1574 cum
2013 1548 2178 1576 Franconum

36 1596 116 1625 equos
136 1591 197 1617 Liu.
215 1599 244 1623 4,
261 1597 296 1621 33.
316 1592 346 1614 it.
367 1593 390 1619 8,
405 1595 443 1619 30.
477 1585 545 1613 Add.
565 1586 628 1612 Aur.
642 1584 712 1610 ViGt.
726 1585 785 1611 Vir.
799 1584 878 1611 illust.
895 1590 932 1612 16.
1005 1588 1074 1614 Ausa
1138 1587 1249 1611 meminit
1263 1584 1319 1609 Cic.
1332 1584 1385 1610 Att.
1399 1591 1439 1616 14,
1454 1591 1490 1608 10.
1533 1581 1578 1609 Sed
1590 1581 1625 1607 ibi
1638 1590 1716 1607 merae
1729 1580 1848 1607 tenebrae.

33 1625 83 1652 fibi
96 1625 196 1658 Libyae
214 1633 304 1651 rerum
316 1623 464 1657 Deposcere
477 1621 565 1648 frenos
585 1620 630 1647 Sil.
646 1628 668 1651 3,
683 1622 742 1646 226.
813 1621 899 1647 Freno
914 1620 1008 1654 Libyci
1023 1624 1076 1650 Do.
1175 1625 1191 1645 F
1202 1626 1221 1645 R
1231 1626 1283 1645 AN
1293 1625 1375 1650 (ΗΑ,
1393 1627 1432 1644 ae.
1454 1618 1473 1643 f.
1510 1618 1585 1653 Regio
1601 1618 1766 1646 francorum,
1785 1615 1813 1640 de
1826 1617 1895 1640 cuius
1903 1615 2025 1649 positione
2040 1616 2120 1643 dicere
2140 1627 2182 1644 no-

36 1669 140 1688 mantur
159 1660 210 1687 vrsi
237 1658 352 1686 Martial.
372 1666 392 1690 1,
412 1666 469 1690 ¹04·
540 1658 609 1683 Dare
628 1656 719 1687 frena,
737 1658 756 1681 i.
776 1655 874 1681 Laxare
893 1656 999 1683 habenas
1016 1659 1074 1685 Sen.
1131 1653 1215 1688 strum
1228 1664 1276 1680 '²0⁷2
1292 1653 1335 1686 ‘’sf-
1371 1652 1464 1684 Claud-
1480 1652 1511 1678 de
1527 1652 1607 1678 Laud·
1622 1651 1678 1676 Stil·
1693 1659 1711 1680 ι,
1725 1653 1768 1681 236
1789 1649 1929 1675 Prouincia
1940 1651 2027 1676 miffos
2063 1653 2180 1686 Expellet

36 1697 126 1730 Agam.
141 1704 163 1728 3.
234 1696 303 1721 Dare
322 1699 395 1720 canta
414 1693 488 1718 frena
506 1693 629 1718 iuuentae
656 1689 748 1717 Claud.
769 1690 795 1715 111
809 1691 886 1717 Cons.
901 1692 956 1719 Stil.
978 1695 1003 1726 6,
1019 1703 1072 1720 120,
1082 1704 1119 1729 40
1140 1690 1217 1716 citius
1230 1690 1309 1715 fasces
1323 1697 1401 1722 quam
1414 1687 1520 1714 Francia
1535 1695 1623 1720 reges,
1659 1687 1733 1717 Quos
1745 1683 1858 1710 dederis.

0 1730 4 1748 ἵ
36 1731 101 1766 ξΙίη.
116 1736 138 1761 8,
153 1739 185 1763 42
221 1730 254 1756 At
274 1729 349 1755 illum
372 1728 554 1762 indignatione
573 1727 708 1754 accensum
723 1726 838 1751 Domitis
851 1727 950 1759 frenis,
969 1737 1002 1753 ne
1015 1730 1072 1762 regi
1176 1731 1248 1750 FRA
1259 1731 1279 1748 N
1291 1730 1311 1749 G
1321 1730 1357 1754 o,
1376 1723 1455 1756 fregi,
1469 1721 1593 1752 fractum,
1608 1723 1660 1745 ere.
1679 1717 1807 1752 [ἅγνυμι,
1827 1718 1847 1743 3
1857 1717 1943 1751 ὀπτα),
1959 1719 2048 1755 κλείω]
2086 1720 2127 1755 Est
2140 1731 2180 1748 ve-

5 1791 8 1794 .
36 1764 131 1800 poffet,
144 1765 314 1801 praecipitem
328 1765 355 1790 in
367 1763 478 1797 abrupta
497 1764 550 1789 iss‘e.
620 1763 723 1788 Ducere
734 1761 826 1792 frena,
846 1764 864 1787 ι’.
884 1762 1022 1794 Reducem,
1038 1772 1076 1789 re-
1138 1759 1274 1784 hementius
1290 1757 1407 1791 qmddam
1422 1754 1618 1791 quamfleHere,
1637 1762 1697 1788 quae
1710 1753 1829 1792 nimzsfle
1857 1760 1950 1786 untur,
1971 1763 1998 1780 ea
2007 1755 2179 1793 franguntur,

34 1801 141 1828 trahere.
177 1799 258 1827 Ouid.
271 1800 334 1825 Met.
349 1807 382 1829 15,
396 1807 438 1830 519
1131 1792 1216 1826 soluta
1230 1794 1403 1817 continuitate.
1445 1790 1503 1816 Vid.
1524 1788 1646 1815 Brouclzh.
1666 1788 1700 1814 ad
1717 1789 1785 1814 Tib.
1799 1797 1820 1821 1,
1832 1797 1858 1821 9,
1880 1796 1918 1823 7¹·
1955 1790 2062 1824 Qadam
2086 1799 2180 1828 Pusam

187 1835 363 1867 Praecipitant
382 1839 490 1858 currum
508 1829 632 1862 scopulis,
650 1837 700 1861 ego
720 1828 815 1853 ducere
837 1836 903 1853 vana
1132 1823 1271 1861 safficium
1284 1824 1326 1858 este
1338 1825 1437 1851 verbum
1451 1835 1467 1851 a
1475 1825 1548 1860 sona,
1556 1833 1623 1859 quem
1637 1833 1677 1850 res
1684 1821 1779 1860 frasta
1795 1823 1896 1850 reddere
1913 1830 2038 1860 consueuit
2051 1837 2058 1851 .·
2095 1828 2179 1864 Etfa.

190 1870 272 1895 Frena
288 1876 381 1896 manu,
398 1865 496 1899 spumis
518 1863 669 1889 albentibus
689 1861 788 1893 oblita,
809 1861 910 1888 luctor:
1087 1864 1121 1890 45
1138 1867 1198 1886 vent
1210 1860 1262 1886 illis
1268 1859 1364 1894 fimilia
1371 1877 1380 1890 ,
1397 1867 1426 1886 vt
1439 1860 1569 1891 fremere,
1589 1859 1711 1886 frendere
1719 1859 1865 1894 praesertim
1878 1866 1901 1885 et
1913 1860 2010 1895 friare,
2030 1868 2059 1887 vt
2079 1864 2178 1890 Germa-

189 1904 220 1929 Et
239 1909 312 1929 retro
331 1901 411 1927 lentas
432 1898 511 1925 tendo
532 1898 669 1932 resupinus
690 1896 813 1923 habenas.
1138 1905 1225 1922 norum
1237 1895 1351 1922 brechen
1365 1903 1410 1921 etc.
1445 1903 1468 1922 et
1481 1905 1527 1920 non
1534 1896 1631 1930 semper
1644 1895 1721 1929 ipsum
1729 1896 1827 1929 plenum
1846 1892 1961 1927 ffHum
1979 1903 2066 1929 notat,
2094 1899 2123 1924 ed
2141 1902 2179 1925 in-

37 1940 99 1974 Eget
117 1938 198 1965 frenis
210 1938 291 1969 alter,
304 1933 527 1964 alterscalcaribus
545 1935 602 1960 Cic.
619 1934 670 1959 Att.
684 1935 710 1964 6,
725 1942 742 1959 1.
774 1948 776 1950 -
813 1931 888 1965 Virg.
902 1932 967 1958 Aen.
988 1940 1011 1965 3,
1027 1941 1074 1967 542
1137 1930 1234 1957 tercium
1247 1938 1375 1963 conatum,
1395 1929 1519 1963 utstatim
1532 1934 1559 1955 111
1579 1929 1621 1955 illo
1657 1929 1737 1956 Plaut.
1752 1929 1820 1955 Asm.
1834 1937 1860 1961 2,
1875 1938 1896 1961 3,
1910 1939 1929 1962 4
1949 1932 2016 1963 Qus
2031 1936 2075 1959 noi
2090 1942 2129 1959 ras
2145 1934 2178 1961 sie

38 1977 68 2003 Et
79 1975 153 2002 frena
167 1974 230 2009 iugo
243 1972 384 1999 concordia
396 1972 484 1997 Ferre.
555 1969 673 1995 Flectere
693 1977 741 1994 ora
754 1967 903 1994 mobilibus
917 1968 999 1993 frenis
1022 1969 1072 1994 Lu.
1139 1966 1220 1999 fregit
1232 1966 1301 1991 fores
1315 1967 1324 1991 3
1365 1965 1423 1991 Vici.
1435 1975 1490 1991 mox
1504 1965 1595 1990 Siluas.
1699 1964 1777 1990 Aulas
1800 1963 1920 1998 frangere
1940 1966 1967 1991 in
1984 1974 2058 2001 caput
2072 1969 2179 1996 alterius

37 2020 91 2038 can.
104 2009 134 2037 ad
149 2009 233 2036 Pison.
247 2017 287 2042 50.
375 2005 560 2040 Impediuntnr
593 2004 656 2038 equi
680 2003 763 2029 frenis
784 2003 865 2029 Ouid.
886 2003 952 2029 Fast.
972 2011 995 2035 2,
1013 2007 1072 2037 736.
1139 2001 1220 2026 Plaut.
1234 2002 1307 2035 Capt.
1322 2009 1342 2032 1,
1357 2009 1375 2031 1,
1390 2009 1426 2027 21.
1495 2000 1552 2026 Cic.
1571 1999 1602 2025 de
1609 1999 1684 2026 Orat.
1693 2008 1715 2032 2,
1724 2009 1764 2032 253
1784 2001 1923 2026 Excusauit
1937 2002 2019 2036 Vespa
2033 2003 2179 2031 Terentius

38 2046 123 2074 Induit
132 2054 210 2072 amor
224 2045 311 2071 frenos
324 2042 462 2070 obstinatis
475 2041 532 2067 Seu.
548 2039 657 2074 Hippol.
669 2048 697 2072 4.
763 2037 888 2064 Inhibere
901 2039 1000 2070 frenos,
1019 2039 1071 2065 vid.
1088 2040 1119 2065 50
1139 2036 1211 2071 quod
1224 2044 1284 2062 eum
1299 2035 1436 2062 Brachium
1452 2035 1553 2070 fregiss'e
1566 2035 1674 2061 diceret.
1768 2035 1839 2061 Idem
1854 2036 1928 2063 Verr.
1943 2044 1964 2068 5,
1982 2040 2029 2070 146
2041 2048 2062 2065 c.
2072 2048 2102 2075 57
2116 2041 2180 2067 Cer..

40 2088 174 2110 lNl-HBEO.
252 2079 365 2106 Iniicere
387 2078 477 2104 frenos
500 2076 598 2108 alicui,
619 2082 668 2110 pro
688 2073 802 2101 Cohibere
824 2075 929 2099 alicuius
949 2082 1070 2100 conatum.
1138 2072 1209 2098 vices
1221 2072 1248 2097 in
1264 2079 1365 2097 carcere
1381 2071 1567 2104 frangebantur
1581 2069 1754 2104 indigniffime
1769 2071 1869 2097 ciuium
1884 2071 2072 2101 Romanorum.
2108 2076 2177 2103 Add,

2 2111 4 2121 ⁷
40 2117 123 2145 Valet.
137 2117 208 2144 Max.
221 2124 243 2147 2,
258 2124 283 2148 9,
299 2123 311 2148 5
331 2113 410 2141 Frcni
424 2114 481 2139 sunt
493 2111 586 2138 iniecti
600 2110 685 2137 nobis.
747 2108 862 2136 Iniicere
881 2109 961 2134 alicui
982 2109 1071 2135 frenos
1138 2107 1167 2133 in
1183 2107 1300 2132 Vatiae.
1311 2115 1341 2132 11.
1413 2107 1522 2132 Comani
1537 2107 1565 2131 111
1578 2105 1672 2139 gradus
1686 2105 1806 2140 frangere
1825 2106 1932 2140 Quincl.
1948 2116 1967 2139 1,
1982 2110 2003 2133 l».
2077 2112 2178 2139 coxam

16 2168 17 2174 =
44 2152 135 2180 furoris
153 2152 208 2179 Cic.
224 2151 336 2185 Philipp.
351 2156 385 2182 13,
397 2158 440 2175 20.
469 2147 528 2174 Vid.
553 2151 687 2173 1N11C10.
734 2176 735 2181 1
759 2144 853 2170 Iniecit
870 2144 944 2170 frena
966 2146 1072 2177 vaganti
1139 2142 1218 2175 fregit
1235 2141 1300 2167 Plin.
1316 2141 1393 2175 Epist.
1408 2150 1434 2173 2,
1448 2150 1467 2167 1.
1574 2140 1656 2167 Gleba
1671 2140 1812 2175 frangenda
1826 2141 1904 2168 vertis
1918 2143 2069 2171 bidentibus
2102 2148 2176 2181 virg,

16 2195 17 2210 ι
46 2187 158 2215 licentiae
181 2188 248 2213 Hor.
264 2187 352 2213 Carni.
367 2195 395 2218 4,
409 2192 441 2217 15,
457 2192 494 2209 10.
564 2183 644 2208 Laxat
674 2180 763 2206 frenos
794 2179 898 2213 populis
921 2179 1072 2205 furentibus
1139 2177 1236 2210 Georg.
1251 2185 1272 2207 2,
1286 2185 1348 2209 400.
1443 2176 1511 2202 Plin.
1527 2184 1606 2211 12,14
1629 2177 1694 2202 Item
1714 2186 1746 2202 ne
1763 2182 1804 2203 tus
1823 2178 1928 2203 dentem
1954 2180 2065 2212 recipiat
2091 2183 2179 2215 potius

16 2219 17 2247 l
42 2224 133 2250 Lucan.
147 2230 171 2257 7,
185 2231 239 2256 ¹24·
311 2220 414 2254 Man-dit
431 2219 533 2252 sonipes
550 2216 696 2251 spumantia
713 2215 789 2241 frena
809 2215 883 2248 Virg.
899 2215 963 2240 Aen.
976 2224 1004 2247 4,
1021 2223 1072 2246 130,
1090 2213 1118 2239 55
1137 2221 1215 2246 quam
1231 2212 1259 2238 111
1272 2212 1353 2238 Micas
1366 2211 1511 2246 frangatur.
1613 2211 1679 2238 Plin.
1697 2215 1735 2242 18¹,
1749 2220 1765 2247 7
1802 2213 1904 2238 Deinde
1934 2214 2014 2240 Molis
2044 2216 2178 2252 frangunt.

16 2258 17 2263 ¹
43 2257 168 2285 Moderati
190 2257 298 2292 imperii
317 2257 391 2283 frena
417 2254 498 2281 Ouid.
511 2261 543 2279 ex
556 2254 629 2279 Pont.
644 2260 668 2281 2,
682 2259 707 2282 9,
721 2258 757 2282 33.
830 2249 1000 2275 Moderandis
1021 2251 1073 2276 fre.
1137 2248 1242 2274 Nauem
1256 2247 1353 2282 fregit,
1368 2255 1416 2282 pro
1435 2246 1694 2283 Naufragiumpaffias
1708 2248 1740 2280 est
1761 2249 1828 2274 Ter.
1846 2248 1924 2274 Andr.
1939 2258 1958 2281 1,
1974 2258 1995 2281 3,
2012 2258 2049 2285 ¹7·
2119 2254 2179 2280 Oua

39 2293 79 2320 ῃῖς
91 2293 164 2321 dotia
177 2302 269 2320 manus
293 2293 350 2319 Sen.
366 2289 475 2324 Hippol.
490 2297 527 2315 12.
622 2286 746 2313 Mordere
767 2285 872 2311 frenum
896 2286 989 2311 Brutus
1012 2286 1069 2312 Cic.
1136 2283 1235 2318 frangit
1248 2283 1316 2309 alter
1327 2283 1434 2309 alterius
1448 2283 1545 2309 miluus
1559 2289 1584 2309 et
1596 2292 1693 2309 coruus
1709 2284 1765 2309 Cic.
1779 2284 1810 2309 de
1823 2284 1858 2310 N.
1874 2284 1906 2309 D.
1920 2292 1943 2316 2,
1959 2293 2008 2317 125.
2111 2289 2178 2315 Pati.

39 2323 106 2356 Fam.
122 2338 154 2362 11,
168 2337 196 2360 23
212 2326 315 2365 pusutffi’
329 2326 430 2353 videtur
440 2332 488 2360 pro
507 2332 547 2353 eo,
566 2322 630 2358 quod
645 2321 678 2354 est
698 2323 738 2347 vel
750 2323 851 2347 Leniter
869 2328 1005 2357 repugnare
1018 2321 1072 2357 ser-
1137 2327 1198 2345 nam
1210 2319 1331 2353 frangere
1371 2319 1437 2345 Hor.
1457 2319 1540 2345 Serm.
1560 2327 1581 2350 2,
1599 2323 1628 2350 8,
1643 2327 1684 2352 72.
1790 2320 1829 2345 Ad
1844 2320 1932 2345 saxum
1947 2320 2047 2355 aliquid
2060 2322 2178 2357 frangere

37 2367 126 2401 vitati,
137 2361 235 2396 dicens,
254 2364 281 2390 Si
295 2359 607 2391 frenum-momorderis,
623 2366 743 2392 peream,
757 2356 773 2384 ss
795 2363 819 2382 te
831 2365 921 2382 omnes
941 2363 1072 2391 quotquot
1138 2354 1215 2389 Virg.
1229 2355 1293 2380 Aen.
1308 2363 1329 2386 3,
1345 2357 1397 2386 625.
1504 2354 1587 2379 Siluas
1599 2353 1663 2380 Euri
1676 2353 1801 2387 frangunt
1831 2354 1902 2381 Idem
1917 2356 2013 2390 Georg.
2028 2366 2058 2390 2,
2072 2369 2129 2392 44¹·
2150 2360 2178 2386 (ie

0 2423 2 2425 .
37 2396 107 2433 sunt&
127 2406 264 2427 conantem
277 2399 353 2433 loqui
366 2397 437 2424 ferre
452 2400 585 2430 poterunt.
605 2394 630 2420 h.
644 2402 664 2419 e.
683 2393 709 2419 Si
722 2391 1034 2427 utcunquejignfflcaueris
1048 2400 1071 2418 te
1091 2388 1126 2414 60
1137 2397 1240 2420 conatu,
1262 2397 1290 2416 vt
1303 2390 1371 2416 modo
1382 2392 1524 2415 monuimus.
1630 2389 1722 2415 quen.
1736 2390 1786 2415 Sat.
1802 2398 1828 2425 7,
1842 2393 1873 2419 86
1891 2390 1939 2416 Sed
1954 2400 2011 2417 cuin
2027 2393 2179 2427 fregitSub-

0 2443 7 2461 ³·
30 2436 172 2472 seruitutem
186 2438 270 2470 iniquo
283 2437 364 2460 animo
372 2433 455 2467 serre.
490 2429 534 2456 Ad
547 2429 610 2454 hanc
620 2428 770 2462 sententiam
782 2429 889 2463 jaciunt
903 2437 963 2462 quae
977 2428 1074 2462 reron-
1138 2425 1211 2452 sellia
1224 2426 1298 2452 versu
1309 2445 1317 2457 ‚
1337 2425 1432 2451 Esurit.
1474 2424 1531 2450 Vid.
1545 2430 1657 2450 RVMPO
1674 2424 1786 2450 arbusta.
1834 2426 1985 2461 §Quamquam
2001 2428 2042 2453 ht‘c
2049 2431 2127 2462 potty!
2144 2437 2178 2455 et-

16 2482 19 2489 .
36 2471 76 2498 det
96 2471 192 2498 Cicero
207 2471 322 2506 sequente
345 2466 467 2501 epistola,
487 2465 514 2490 Si
534 2462 644 2490 timidus
664 2463 741 2488 efl'ern
755 2482 763 2494 ,
790 2469 877 2489 tamen
896 2463 941 2489 ista
962 2463 1071 2498 epistola
1136 2464 1186 2487 iam
1200 2461 1233 2486 acl
1242 2463 1418 2496 proprietatem
1430 2459 1530 2492 reduci,
1543 2459 1568 2494 fi
1580 2459 1699 2492 dicamus,
1706 2460 1764 2486 adeo
1778 2461 1868 2486 multos
1880 2461 1922 2486 illo
1934 2465 2053 2487 recitante
2065 2468 2177 2491 camerni.

0 2514 14 2538 η’
35 2515 141 2533 omnem
159 2505 228 2532 mihi
247 2509 346 2530 metum
364 2500 524 2528 absterfiffes.
566 2498 615 2524 Sed
631 2504 660 2524 vt
680 2506 783 2528 mones,
803 2498 907 2524 frenum
929 2498 1072 2525 momordi.
1136 2506 1178 2529 re,
1197 2503 1227 2522 vt
1233 2497 1395 2533 frangantur
1408 2496 1565 2521 multitudine
1577 2502 1600 2521 et
1612 2496 1717 2521 tumultu
1730 2495 1771 2520 illo
1776 2495 1891 2531 subsellia
1900 2515 1908 2527 ,
1928 2503 1957 2521 vt
1969 2497 2102 2531 Rumpere
2116 2499 2178 2527 hor-

36 2542 140 2568 Etenim
154 2541 239 2575 quite
253 2539 352 2565 incluso
365 2545 471 2563 omnem
486 2536 556 2569 spem
569 2533 707 2560 habuerim
722 2535 749 2559 in
762 2540 803 2565 te,
821 2534 885 2568 quid
900 2543 968 2559 nunc
985 2536 1074 2566 puta53
1136 2540 1179 2559 rea
1194 2532 1327 2564 dicuntur,
1346 2540 1406 2568 quae
1418 2540 1507 2566 magna
1522 2534 1591 2565 copia
1599 2530 1741 2569 fizppetunt.
1796 2530 1885 2556 Sidon.
1904 2531 1990 2564 Apoll.
2006 2533 2084 2567 Epist.
2098 2542 2127 2567 ς,
2149 2544 2177 2562 [0

36 2576 83 2604 Sed
94 2576 220 2602 Mordere
238 2575 343 2600 frenum
354 2573 448 2599 Statius
463 2571 491 2598 in
505 2569 617 2604 Epithal,
634 2569 726 2595 Stellae
744 2575 770 2595 et
784 2569 954 2595 Violantillae
972 2570 1035 2596 Silu,
1051 2580 1071 2603 1,
1090 2568 1121 2599 65
1138 2569 1214 2593 Hunc
1235 2568 1302 2593 olim
1327 2573 1509 2601 perorantem,
1530 2573 1555 2591 et
1573 2565 1706 2591 rhetorica
1726 2564 1815 2591 sedilia
1828 2565 1960 2600 plausibili
1972 2570 2093 2595 oratione
2107 2571 2177 2597 fran-

36 2621 62 2645 2,
76 2616 107 2641 28
126 2613 154 2637 in
175 2610 295 2645 diuerficm
308 2609 406 2645 st'ssfitm
425 2608 570 2643 vsurpauit,
589 2612 670 2640 nempe
683 2612 732 2639 pro
746 2614 780 2636 co,
796 2605 861 2639 quod
878 2604 911 2637 est
927 2606 1073 2632 seruitutem
1137 2610 1250 2637 gentem·
1358 2601 1426 2628 Add·
1445 2601 1489 2634 ΕΡ·
1505 2609 1530 2632 92
1546 2603 1573 2625 ¹6
1592 2600 1692 2633 Dignus
1728 2615 1773 2619 —
1810 2609 1863 2635 ‘3¹¹0
1882 2602 2008 2628 stellante
2027 2606 2178 2639 crepitantis

34 2650 160 2682 accipere,
175 2646 323 2682 frenumque
344 2646 465 2678 recipere,
484 2643 562 2669 Fama
582 2647 655 2672 tace,
676 2640 755 2666 subiit
777 2641 861 2673 leges,
882 2647 907 2665 et
926 2640 999 2666 frena
1017 2649 1072 2666 mo.
1138 2636 1267 2662 Athenaei
1289 2636 1411 2662 subsellia
1434 2642 1542 2661 cuneata
1562 2640 1740 2669 quaterentur.
1847 2637 1971 2663 Martian.
1995 2639 2056 2673 Cap.
2070 2649 2082 2673 5
2096 2651 2119 2675 p.
2136 2650 2177 2675 139

36 2682 144 2710 mordit.
166 2685 184 2708 i.
203 2680 312 2714 Admifit
332 2680 432 2706 vincula
451 2678 614 2704 matrimonii.
649 2675 722 2710 Conf.
737 2675 850 2701 Martial.
870 2683 890 2705 1,
913 2683 954 2706 10,-
980 2677 1072 2709 Nempe
1137 2673 1208 2698 Nam
1227 2671 1326 2705 absque
1343 2671 1399 2701 his,
1420 2671 1466 2704 qui
1486 2670 1666 2704 perturbantes
1685 2670 1793 2704 peelora
1813 2671 1952 2707 sensusque
1965 2675 2120 2702 cune'torum
2135 2687 2177 2704 co-

3 2698 20 2747 ‚l
35 2728 84 2745 non
97 2716 197 2753 poſjisnt
215 2716 336 2742 mordere
354 2715 444 2745 frena,
457 2711 502 2746 nisi
520 2714 562 2747 qui
579 2717 695 2745 recepere.
766 2709 913 2735 Momordit
928 2718 1009 2743 equus
1025 2718 1072 2735 ore
1137 2707 1306 2741 gnoscentum
1325 2715 1432 2741 quoque
1454 2705 1604 2740 perfregere
1628 2705 1758 2732 subsellia.
1954 2706 1975 2743 Ἷ
1996 2718 2010 2736 2
2046 2711 2177 2747 Frangere

8 2746 21 2788 l
36 2754 127 2782 frenos
143 2751 241 2780 Tibul.
255 2761 273 2782 1,
285 2760 308 2783 3,
322 2759 364 2785 4²-
435 2748 526 2775 Oblita
540 2747 614 2773 frena
632 2745 728 2779 spumis
741 2743 889 2771 albentibus
911 2745 992 2771 Ouid.
1005 2746 1070 2771 Met.
1086 2746 1121 2773 70
1136 2742 1170 2768 ad
1185 2744 1331 2776 incorporea
1344 2741 1517 2776 transfertur,
1533 2751 1586 2767 cum
1599 2741 1644 2767 illa
1655 2742 1739 2777 visua
1755 2744 1865 2776 priuari,
1883 2743 2029 2771 indicamus.
2064 2748 2121 2775 Cic.
2129 2758 2178 2782 pro

1 2789 74 2831 215,
89 2797 140 2822 519.
209 2789 309 2814 Patitur
321 2793 402 2821 equus
415 2784 488 2825 frena
508 2781 590 2809 Ouid.
605 2780 681 2815 Epist.
695 2789 724 2813 4,
735 2789 775 2813 24.
831 2781 916 2820 ’Pone
930 2781 984 2807 irae
997 2781 1071 2807 frena
1137 2779 1219 2818 Corn.
1234 2776 1306 2803 Balb.
1321 2779 1352 2809 56
1370 2777 1417 2803 Sed
1431 2776 1458 2802 id
1473 2777 1573 2803 facium
1586 2776 1636 2808 est,
1656 2786 1709 2817 non
1725 2782 1754 2803 vt
1772 2776 1850 2803 vobis
1867 2787 1923 2805 rem
1943 2785 1995 2806 tam
2013 2783 2177 2817 perspicuam

2 2833 8 2856 2
39 2824 219 2857 modumque,
236 2824 305 2849 Pone
318 2828 344 2848 et
356 2826 484 2847 auaritiae
498 2817 615 2845 quenal.
630 2821 653 2848 8,
667 2821 704 2846 88.
775 2816 879 2849 Recipit
898 2816 974 2842 frena
990 2825 1072 2851 equus
1137 2813 1250 2840 dicendo
1264 2812 1435 2847 probaremus
1450 2823 1455 2838 :
1490 2821 1581 2838 verum
1596 2818 1624 2838 vt
1637 2821 1758 2839 omnium
1780 2812 1992 2848 inaleuolorum,
2011 2817 2177 2852 iniquorum,

0 2857 4 2887 ζ
40 2861 96 2888 Cic,
109 2860 138 2886 jn
152 2859 251 2892 Topjc,
272 2866 305 2891 15·
360 2857 459 2890 Regere
476 2854 559 2881 frenis
575 2852 690 2886 aliquem
708 2852 764 2878 Sen.
779 2851 882 2877 Troad.
904 2861 930 2884 4.
989 2852 1072 2878 Tem·
1136 2848 1291 2875 inuidorum
1301 2849 1411 2874 Animos
1425 2848 1615 2881 frangeremus.
1686 2849 1815 2883 Frangere
1823 2854 1849 2874 et
1857 2848 1979 2877 Abiicere
1991 2851 2107 2887 aliquem
2122 2855 2178 2883 Cic,

0 2891 11 2926 ὅ·
40 2902 112 2931 perat
129 2903 176 2922 ora
193 2894 275 2920 frenis
294 2893 390 2926 lupatis
411 2892 479 2918 Hor.
500 2891 589 2916 carm.
599 2897 629 2928 ¹1,
640 2892 663 2919 8,
672 2895 703 2928 J.
773 2887 876 2927 Teneri
897 2887 981 2927 frenis
1001 2887 1071 2914 dotis
1139 2886 1210 2911 Fam.
1225 2893 1311 2914 10,12.
1383 2885 1514 2924 Frangere
1534 2890 1559 2909 et
1576 2883 1765 2924 Comminuere
1787 2884 1904 2918 aliquem
1931 2886 2004 2913 Idem
2020 2889 2071 2915 Off.
2095 2898 2120 2922 2,
2133 2900 2176 2924 40.

0 2942 9 2965 p
42 2932 128 2960 lustin.
141 2939 164 2963 3,
178 2939 200 2963 3,
214 2935 237 2960 8.
307 2928 354 2955 Vti
368 2928 446 2954 freno
466 2927 495 2952 in
508 2933 578 2958 vno,
597 2932 625 2949 111
644 2923 698 2949 3110
716 2922 859 2949 calcaribus
880 2923 941 2962 ⁴Cic.
954 2923 984 2949 de
997 2924 1071 2950 Orat.
1091 2923 1123 2950 75
1139 2921 1284 2961 Frangere,
1303 2926 1382 2954 atque
1400 2920 1538 2961 concidere
1552 2918 1684 2959 quidquid
1696 2919 1732 2945 est
1745 2928 1774 2945 in
1786 2920 1908 2960 oratione
1922 2923 2069 2955 generosius
2094 2927 2178 2959 Qiin.

1 2976 21 3000 1,
43 2977 64 2999 3,
77 2975 112 2999 33.
128 3002 135 3006 -
257 2962 278 3002 ff
300 2973 311 2989 2
347 2964 461 2990 Frenum
474 2960 539 2996 apud
553 2960 658 2986 Celsum
671 2968 692 2989 7,
707 2967 732 2990 25
751 2956 784 2991 est
798 2958 886 2998 Morbi
899 2968 987 2999 genus,
1002 2960 1074 3000 quod
1139 2956 1194 2996 ξῐιΙ.
1208 2965 1235 2982 111
1248 2964 1367 2996 prooem.
1382 2964 1400 2983 1.
1507 2955 1626 2995 frangas.
1642 2964 1714 2981 0111111
1736 2962 1839 2989 potius,
1860 2965 1938 2990 quam
1951 2959 2090 2993 Cordgas,
2110 2971 2178 2996 quae

19 3001 21 3014 ¹
45 3002 137 3028 Graeci
154 3003 255 3034 φίμωσιν
273 2999 413 3034 appellant.
450 2997 490 3023 Est
510 3002 614 3027 autem,
628 3003 710 3029 quum
728 2994 799 3028 glans
810 3003 885 3028 penis
905 3000 940 3021 ita
955 2995 1073 3022 contecta
1140 3001 1168 3018 111
1187 3001 1297 3026 prauum
1319 2991 1498 3017 induruerunt
1516 2989 1647 3024 Quinchl.
1663 2999 1683 3023 1,
1695 2999 1716 3023 3.
1810 2993 1847 3016 De
1859 2994 2107 3028 Anznzipathcmatis
2126 2997 2178 3023 dici

48 3035 99 3064 est,
114 3041 143 3061 vt
153 3036 245 3065 „udal-j
257 3045 310 3063 no„
323 3034 404 3070 ponit,
736 3063 741 3071 ,
885 3067 889 3072 ι
1140 3034 1211 3054 notat
1230 3028 1314 3068 Burm.
1336 3028 1369 3052 ati
1382 3028 1484 3052 Petron.
1498 3033 1562 3066 0¹75
1574 3035 1599 3061 p.
1613 3033 1668 3061 372.
1739 3026 1780 3053 Sic
1794 3026 1919 3053 Animum
1933 3029 2027 3068 1110135,
2049 3037 2176 3058 materna.

85 3076 156 3096 FRA
166 3076 208 3096 EN
217 3078 235 3098 O
244 3092 252 3104 ‚
271 3072 356 3097 melius
375 3077 391 3097 F
401 3077 419 3096 R
429 3075 444 3095 E
454 3076 476 3094 N
485 3075 503 3094 O
512 3088 520 3100 ‚
545 3071 597 3093 are.
611 3101 616 3105 ¹
633 3065 777 3104 [χαλινσ-ω]
816 3065 901 3105 Frenis
918 3074 989 3101 equos
1009 3066 1075 3093 cohi·
1140 3072 1192 3098 que
1206 3070 1314 3090 nomina
1327 3063 1451 3102 frangunt
1480 3061 1567 3102 Ouid..
1583 3063 1646 3088 Met.
1664 3067 1687 3094 8,
1701 3066 1755 3094 508.
1861 3064 2002 3089 Audaciam
2015 3065 2094 3091 hostis
2115 3067 2175 3093 Liu.

49 3104 111 3131 bere.
146 3105 214 3131 Caes.
227 3108 255 3133 R.
268 3108 300 3133 G.
315 3113 338 3139 8,
353 3113 378 3138 15
402 3105 508 3139 Equites
523 3103 630 3129 frenffls
649 3109 723 3134 e‘1¹¹¹S
737 3107 764 3126 ¹¹¹
777 3099 932 3127 stfltlonlbus
950 3101 1074 3136 disponit.
1093 3099 1124 3124 80
1141 3107 1181 3131 25,
1196 3103 1230 3131 58.
1317 3098 1460 3125 Audaciam
1472 3097 1581 3124 latronis
1594 3097 1755 3124 contundere
1771 3102 1796 3136 et
1808 3096 1929 3130 frangere
1952 3098 2006 3125 Cic.
2021 3099 2132 3136 Philipp.
2143 3111 2178 3135 13,

49 3140 109 3167 Liu.
125 3148 162 3171 21,
175 3146 207 3173 27
219 3149 279 3168 extr.
303 3140 462 3171 Instrue'tus,
476 3140 644 3172 frenatusque
656 3145 747 3170 equus.
828 3137 874 3162 Per
886 3138 1075 3163 translationem
1140 3143 1175 3167 24
1188 3143 1209 3161 c.
1224 3142 1257 3166 13.
1364 3133 1555 3160 Auctoritatem
1569 3134 1664 3160 veteris
1677 3132 1828 3166 disciplinae
1846 3133 1902 3160 Cic.
1916 3133 1993 3160 Acad.
2007 3143 2027 3167 1,
2064 3156 2069 3161 .
2108 3157 2115 3163 ,
2149 3157 2157 3164 ,

43 3183 92 3212 pro
106 3174 232 3207 Cohffiere,
242 3183 264 3202 et
274 3181 403 3204 continere.
440 3176 496 3202 Cic.
511 3176 585 3215 Yerr.
600 3182 622 3205 3,
637 3180 677 3203 130
689 3180 710 3197 c.
723 3179 754 3205 57
779 3172 870 3212 Qunn
884 3173 940 3212 eius
954 3174 1074 3199 animum
1140 3169 1210 3196 Bella
1229 3168 1310 3210 Ouid.
1326 3168 1358 3195 ad
1372 3170 1432 3196 Liu.
1447 3177 1503 3209 452.
1617 3169 1720 3195 Bellum
1734 3168 1884 3209 aliquorum
1898 3169 2004 3203 praeliis
2018 3171 2137 3205 frangere
2150 3179 2176 3200 ct

4 3242 5 3246 Ἰ
49 3210 82 3238 ad
99 3210 302 3245 persequendum
320 3222 374 3239 non
391 3211 549 3246 negligentia
569 3208 698 3239 tardaret,
719 3206 762 3233 sed
784 3208 941 3234 conscientia
963 3208 1074 3241 sceleris,
1139 3205 1248 3232 domare
1265 3206 1320 3231 Cic.
1334 3205 1366 3231 de
1379 3207 1500 3232 Proumc.
1515 3204 1592 3230 Cons.
1608 3213 1644 3237 32·
1748 3202 1821 3228 Idem
1837 3204 1905 3231 Pam.
1915 3213 1957 3236 129
1977 3206 2034 3232 Nec
2048 3207 2115 3234 mihi
2129 3209 2176 3235 ali-

0 3251 8 3280 1
49 3245 230 3278 auaritiaeque
253 3247 307 3273 suae
328 3248 450 3275 frenaret.
521 3245 595 3279 Virg.
611 3245 707 3276 Georg.
721 3252 749 3276 4,
765 3245 807 3274 136
835 3244 867 3269 Et
885 3244 967 3278 glacie
986 3245 1074 3271 cursus
1139 3247 1180 3268 ter
1203 3242 1312 3275 potuisse
1335 3241 1430 3267 videor
1454 3240 1592 3267 hominum
1615 3239 1777 3274 perditorum
1801 3238 1832 3264 de
1854 3248 1896 3265 me
1916 3240 2022 3267 consilia
2045 3242 2174 3276 frangere.

51 3282 165 3308 frenaret
183 3288 313 3319 aqu-arum.
381 3283 441 3309 Liu.
456 3291 491 3314 37,
507 3288 583 3317 15pr,
604 3279 657 3306 Vbi
676 3278 797 3319 demersis
813 3279 924 3305 nauibus
938 3278 1074 3306 frenassent
1092 3276 1122 3305 85
1140 3277 1286 3304 Consilium
1299 3285 1386 3303 mcum
1399 3277 1449 3303 hoc
1468 3275 1548 3309 fregit
1569 3276 1623 3315 Cic.
1640 3276 1710 3301 Fam.
1724 3283 1751 3314 a,
1759 3283 1786 3306 4.
1890 3276 2078 3304 contentiones
2102 3279 2175 3306 [dem

51 3316 160 3358 claustra
172 3323 259 3341 maris.
323 3317 395 3358 §lii-g.
410 3319 474 3345 Aen.
493 3325 512 3357 1,
526 3325 572 3351 327
593 3316 617 3343 O
629 3322 719 3348 regina
732 3323 828 3340 nouam
841 3315 884 3341 cui
897 3315 1009 3341 condere
1017 3316 1076 3350 Iup·
1141 3312 1173 3353 de
1185 3314 1258 3352 Orat.
1273 3321 1295 3345 3,
1309 3320 1336 3352 J.
1449 3311 1537 3338 Corda
1551 3311 1631 3337 forna
1646 3311 1742 3350 frangit
1756 3309 1835 3336 dolor
1852 3310 1948 3337 Tibul.
1964 3320 1984 3343 3,
2002 3321 2024 3343 2,
2037 3315 2062 3339 6.
2123 3316 2174 3341 Cu.

51 3359 120 3387 piter
134 3351 241 3381 vrbem,
275 3350 424 3387 Iustitiaque
439 3352 511 3379 dedit
522 3353 616 3378 Gentes
629 3351 732 3377 frenare
747 3350 876 3384 superbas.
947 3352 1000 3377 Iras
1019 3351 1076 3378 Sen.
1139 3348 1263 3383 piditates
1283 3349 1338 3375 Cic.
1353 3347 1384 3374 de
1396 3348 1471 3374 Orat·
1486 3356 1503 3378 Ι,
1517 3349 1557 3376 86-
1661 3347 1738 3372 Diem
1754 3351 1898 3372 morantem
1913 3355 1986 3373 111οκ0
2008 3349 2072 3374 Hor.
2088 3350 2176 3378 Carm.

0 3391 2 3408 >
52 3386 124 3428 Med.
146 3395 176 3413 11.
260 3385 369 3419 Populos
385 3389 459 3423 Virg.
474 3389 537 3414 Aen.
553 3396 573 3420 1,
587 3395 640 3420 523.
731 3385 791 3419 Spes
809 3385 899 3412 auidas
915 3386 959 3412 Sil.
974 3395 1012 3418 10,
1027 3396 1075 3427 341.
1140 3393 1166 3416 2,
1179 3391 1244 3425 727.
1351 3384 1410 3423 Cic..
1423 3384 1493 3409 Fam.
1507 3391 1531 3414 9,
1546 3383 1574 3407 16
1592 3382 1626 3407 Vt
1640 3390 1724 3416 neque
1740 3380 1870 3421 offendam
1882 3383 1998 3408 animum
2011 3385 2176 3419 cuiusquam,

0 3438 2 3448 ι
51 3425 133 3462 vn-g.¹
141 3423 205 3448 Aen.
222 3425 279 3460 ¹238
297 3420 438 3460 ‘Littilantes
454 3430 562 3456 ventos,
576 3422 788 3462 tempestatesque
802 3422 923 3454 sonoras,
959 3423 1076 3455 Imperio
1140 3428 1185 3460 nec
1199 3423 1318 3453 trangam
1332 3420 1494 3453 Dignitatem
1508 3425 1601 3444 meam.
1667 3452 1672 3457 .
1708 3416 1892 3457 Dolindcmum
1910 3417 2065 3452 frangentur
2084 3420 2176 3448 inanes
2196 3436 2201 3445 -.

0 3467 2 3472 ¹
48 3464 161 3494 premit,
177 3466 203 3483 ac
219 3455 316 3496 Vinclis
330 3461 355 3481 et
368 3465 464 3497 carcere
477 3459 570 3485 frenat.
587 3494 592 3499 “
642 3459 700 3483 Liu.
716 3466 753 3489 30,
767 3465 795 3496 ¹4:
821 3459 875 3491 Qui
895 3467 936 3484 eas
951 3458 1076 3497 Volupta-
1097 3464 1132 3487 90
1141 3456 1215 3489 Virg.
1230 3456 1326 3489 Georg.
1341 3465 1368 3489 4,
1381 3464 1444 3494 400.
1516 3453 1616 3479 Foedus
1641 3453 1697 3479 Cic.
1713 3461 1740 3478 in
1755 3453 1838 3477 Pison.
1854 3457 1880 3481 28
1895 3461 1915 3491 ς.
1925 3461 1960 3478 12.
2002 3455 2063 3480 Vide
2077 3465 2136 3491 quae
2147 3457 2176 3484 de

0 3498 2 3515 l
52 3501 89 3521 tes
102 3494 144 3533 sua
157 3498 329 3532 temperantia
342 3490 451 3531 frenauit
463 3502 491 3519 ac
502 3494 622 3526 domuit,
643 3493 728 3519 multo
742 3501 826 3532 maius
839 3494 915 3519 decus
935 3502 1074 3520 maiorem.
1139 3490 1184 3516 hoc
1197 3490 1269 3517 verbo
1281 3498 1351 3516 notat
1363 3489 1463 3525 Casaub.
1476 3489 1510 3515 ad
1523 3489 1589 3515 Pers.
1617 3495 1640 3514 et
1655 3488 1743 3514 Barth.
1757 3486 1790 3512 ml
1802 3487 1861 3512 Stat.
1877 3487 1940 3514 Siln.
1956 3498 1980 3522 p.
1993 3491 2036 3520 96.
2097 3492 2176 3518 Fran-

0 3533 2 3550 Ι
14 3531 23 3558 ,Ι
53 3539 103 3565 que
115 3528 258 3567 111ἃο113111
273 3526 320 3553 sibi
335 3533 448 3560 peperit,
466 3538 540 3562 quam
556 3539 602 3556 nos
616 3528 743 3563 Scyphace
756 3528 829 3554 viEto
843 3528 976 3555 habemus.
1141 3534 1202 3559 gere
1215 3527 1234 3552 F
1237 3526 1335 3557 erulas,
1353 3526 1447 3552 dicitur
1462 3528 1504 3560 qui
1516 3524 1567 3550 illis
1575 3526 1716 3559 percutitur
1733 3522 1953 3557 quenal.6‚479,
1996 3525 2052 3552 isid.
2066 3527 2177 3555 Frac‘lor

0 3567 2 3585 ι
20 3562 23 3594 ῑ
87 3571 159 3605 111111
169 3570 185 3590 E
195 3569 327 3604 NATv's
337 3581 345 3593 ,
359 3561 384 3597 s.
403 3566 558 3603 FRENUAT
569 3572 590 3591 v
602 3572 629 3596 s,
649 3573 677 3596 a,
695 3573 749 3591 um.
775 3564 866 3604 *faf‘lss
902 3563 1075 3598 [mmai-0¹⁵]
1140 3561 1294 3589 ferularum.
1401 3560 1492 3587 Fidem
1510 3560 1567 3602 Cic.
1580 3568 1628 3594 pro
1642 3559 1715 3585 Rosc.
1725 3558 1805 3598 Com.
1819 3560 1846 3583 16
1859 3567 1880 3583 c.
1895 3561 1919 3584 6.
1965 3595 1970 3600 ι
1990 3560 2097 3588 Ρίυξὶῃς
2110 3564 2175 3591 pu„-

18 3607 23 3625 1
53 3601 128 3626 Acies
148 3600 261 3629 frenata,
281 3597 332 3638 vid.
358 3603 457 3636 ACIES.
480 3598 523 3624 Sil.
544 3608 575 3633 11,
594 3603 668 3642 264..
724 3600 790 3634 Equi
807 3601 880 3634 Virg.
901 3601 964 3626 Aen.
979 3608 1001 3633 5,
1020 3607 1076 3632 554.
1140 3597 1232 3638 Ρᾶξῐὲἕ.
1257 3603 1292 3627 81,
1316 3605 1342 3629 4·
1362 3596 1391 3623 de
1411 3595 1597 3637 rt‘mt'gantlbus·
1712 3593 1830 3618 Plutstum
1854 3593 1995 3634 saxonCic.
2014 3597 2176 3637 Fam.9,16,

20 3638 22 3671 l
52 3636 90 3663 ,Os
102 3635 232 3662 frenatum
245 3641 308 3667 equi
326 3633 393 3658 Hor.
410 3631 485 3666 Epist.
500 3641 519 3666 1,
531 3642 564 3666 15,
578 3644 611 3667 ¹3·
635 3633 788 3670 V1d.fitpra.
1092 3645 1122 3671 95
1147 3631 1204 3657 Vni.
1220 3633 1342 3658 Drakenb.
1357 3632 1391 3658 ad
1403 3632 1447 3659 Sil.
1463 3640 1486 3665 3,
1498 3639 1534 3664 55.
1624 3630 1751 3655 Furorem
1765 3634 1790 3653 et
1804 3629 1974 3662 petulantiam
1987 3631 2098 3660 alicuius
2118 3636 2174 3662 Cic.

20 3692 23 3703 ,
60 3692 70 3699 t
90 3677 133 3697 111
144 3677 189 3697 ΑΕ
200 3671 248 3696 Na
260 3675 282 3695 'r
292 3675 354 3708 9¹³⁵
367 3667 391 3703 s
410 3672 429 3706 ‚1³
439 3670 638 3702 RENKTOR,
658 3671 721 3696 oris.
749 3679 784 3696 m.
821 3670 885 3696 Plin.
899 3671 990 3704 Paneg.
1010 3679 1030 3696 c.
1050 3678 1077 3703 53
1142 3667 1169 3692 in
1184 3667 1268 3693 Pison.
1284 3676 1314 3699 39
1329 3677 1350 3693 c.
1366 3676 1405 3701 ¹4·
1511 3665 1619 3692 Gemitu
1634 3663 1746 3697 supplice
1761 3663 1874 3698 aliquem
1902 3665 1963 3692 Stat.
1978 3666 2069 3695 Theb.
2079 3678 2110 3701 u,
2122 3678 2174 3704 375-

3 3715 23 3741 ,’
53 3706 172 3733 Infinitae
190 3704 323 3740 potestatis
345 3703 461 3729 domitor
482 3710 509 3728 ac
526 3702 639 3732 frenator
657 3707 769 3732 animus.
822 3706 883 3732 Stat.
903 3706 993 3733 Theb.
1010 3714 1030 3738 1,
1050 3714 1078 3738 27
1142 3702 1238 3728 Gulanl
1272 3702 1366 3736 laqueo
1407 3701 1506 3728 Sallust·
1521 3700 1598 3727 Catil.
1613 3702 1648 3731 64
1663 3705 1686 3723 Μ
1700 3705 1735 3738 ἓξ·
1805 3700 1950 3727 Hominem
1974 3702 2112 3739 frangere,
2125 3713 2175 3739 pro

2 3746 9 3770 1
52 3741 204 3776 Ignipedum
216 3741 334 3780 frenator
346 3746 485 3780 equorum.
619 3773 625 3778 ι
1150 3738 1258 3777 Vincere.
1295 3738 1350 3764 Cic.
1370 3739 1440 3764 Fam.
1456 3746 1487 3769 11,
1503 3745 1529 3763 12
1547 3737 1636 3774 Itaque
1650 3732 1771 3760 homines
1784 3734 1830 3761 alii
1844 3736 1923 3763 fracti
1940 3738 1997 3765 sunt
2010 3750 2016 3765 ς
2052 3739 2173 3765 nonnulli

2 3772 12 3802 ἒ
91 3784 134 3803 FR
144 3784 163 3803 A
174 3782 366 3817 ENATR1X,
386 3782 440 3816 icis.
462 3772 482 3799 f.
517 3771 592 3811 Apud
602 3773 689 3801 Sidon.
724 3795 731 3801 .
769 3798 775 3803 .
813 3795 820 3802 .
1141 3779 1220 3799 etiam
1234 3780 1389 3807 queruntur.
1493 3773 1635 3811 Imperium
1652 3770 1719 3810 Hor.
1732 3771 1817 3810 Carm.
1835 3779 1852 3802 1,
1865 3780 1903 3805 35,
1916 3775 1952 3799 16.
2024 3774 2077 3800 Cic.
2091 3775 2171 3800 Tusc.

4 3815 8 3832 t
91 3818 107 3838 Ρ
116 3820 189 3839 RAE
198 3819 219 3838 N
229 3820 237 3837 1
249 3818 269 3838 G
281 3817 326 3851 ER
335 3831 343 3842 ,
362 3811 445 3836 melius
469 3814 509 3847 1⁷1}
518 3813 565 3833 EN
575 3814 584 3832 1
594 3813 614 3833 G
623 3813 639 3833 E
648 3815 665 3833 R
674 3828 683 3841 ‚
703 3812 761 3842 era,
778 3813 862 3837 erum.
889 3810 948 3838 Adi.
983 3812 1078 3846 [χαλι-
1087 3822 1132 3840 100
1142 3816 1165 3840 3,
1179 3811 1211 3834 26
1232 3809 1321 3841 Qiare
1334 3809 1434 3843 accipio
1447 3806 1568 3842 equidem
1584 3813 1596 3845 a
1609 3805 1759 3845 Cyrenaicis
1779 3805 1840 3833 haec
1856 3816 1929 3834 arma
1952 3815 2041 3834 contra
2059 3809 2127 3834 casus
2147 3816 2174 3835 et

4 3857 13 3868 1
56 3847 163 3882 νοφὸρος]
201 3847 247 3874 Ala
259 3847 391 3881 frenigera
403 3845 462 3871 Stat.
476 3843 540 3870 Sllss-
553 3850 574 3874 5,
589 3850 609 3874 Ι,
623 3847 660 3874 98-
679 3844 703 3870 h·
715 3853 734 3872 2.
751 3847 858 3880 Equites.
1141 3850 1265 3874 euentus,
1284 3844 1380 3877 quibus
1393 3852 1487 3870 eorum
1498 3842 1665 3867 aduenientes
1679 3848 1791 3876 impetus
1805 3842 1930 3870 diuturna
1942 3843 2174 3877 praemeditatione

91 3889 221 3910 FRAGA
234 3902 241 3913 ,
260 3885 345 3909 6111111.
366 3890 392 3907 n.
413 3882 452 3907 Pl.
496 3879 582 3918 Mora,
595 3885 661 3917 quae
674 3877 702 3903 in
718 3878 804 3907 herbis
821 3882 974 3914 nascuntur,
996 3885 1079 3917 inquit
1143 3879 1304 3914 frangantur.
1318 3903 1334 3919 0
1418 3877 1554 3912 Ingenium
1567 3876 1633 3902 mala
1648 3877 1751 3911 fregere
1764 3887 1851 3904 meum
1871 3878 1950 3905 Ouid.
1960 3877 2043 3903 Trist.
2054 3886 2077 3909 3,
2088 3887 2124 3910 14,
2134 3887 2173 3910 32.

55 3916 176 3950 Seruius,
194 3917 284 3944 odoris
304 3923 330 3944 et
348 3916 447 3951 saporis
467 3921 572 3954 optimi.
626 3913 698 3946 virg.
712 3913 762 3939 Ecl.
776 3923 797 3946 3,
810 3925 840 3948 92
861 3918 916 3950 Qui
930 3917 1017 3951 legitis
1031 3918 1078 3943 flo-
1142 3915 1199 3942 Cic.
1223 3915 1294 3941 Fam.
1317 3922 1356 3947 10,
1377 3923 1389 3947 3
1417 3915 1502 3947 anue
1523 3911 1630 3946 adeptus
1652 3921 1679 3938 es
1698 3912 1861 3946 adolescens,
1879 3913 1967 3940 multis
1983 3912 2172 3944 inuidentibus,

55 3961 110 3986 res,
122 3960 148 3980 et
162 3953 235 3980 humi
248 3953 376 3979 nascentia
391 3953 471 3986 fraga.
509 3949 573 3976 Plin.
589 3957 623 3988 21,
638 3956 672 3980 15.
708 3948 779 3974 Idem
792 3958 824 3982 15,
837 3960 872 3984 24
889 3953 969 3978 Aliud
984 3962 1077 3987 corpus
1143 3960 1209 3985 quos
1223 3950 1348 3984 Ingenio,
1367 3949 1545 3982 industriaque
1558 3947 1667 3982 fregisti.
1783 3950 1886 3976 Iudicio
1907 3948 2021 3981 aliquem
2042 3948 2171 3981 frangere,

53 3987 89 4015 est
102 3989 265 4015 terrestribus
282 3988 376 4049 fragif,
400 3986 472 4014 aliud
485 3992 625 4020 congestet!
644 3991 737 4009 eorum
751 3984 880 4021 vnedoni,
903 3988 974 4022 quod
994 3988 1079 4015 solum
1089 3997 1132 4022 1ος
1142 3996 1195 4013 11011
1210 3986 1238 4012 vi
1251 3987 1371 4018 superare
1395 3985 1451 4011 Cic.
1468 3982 1522 4018 post
1535 3982 1612 4011 redit.
1625 3984 1654 4011 in
1666 3984 1748 4011 Senat.
1764 3991 1798 4016 15.
1870 3984 1949 4016 Leges
1967 3981 2077 4008 alicuius
2097 3983 2171 4009 Idem

204 4030 284 4051 voi..
321 4025 331 4050 1
358 4043 363 4049 .
1448 4020 1466 4045 Z
1484 4028 1497 4045 z
1518 4028 1531 4046 z
1552 4027 1566 4047 2
2098 4019 2169 4045 Fam.
