2479 4225
295 127 371 176 467
676 117 743 164 E-
806 116 843 157 X
924 114 959 154 C

299 212 444 238 voluuntur
460 206 603 242 anguillae,
620 207 648 233 in
666 211 766 233 tantum
786 203 903 232 mirabili
923 199 1077 238 altitudine,
1091 204 1132 238 ‘vt
1150 199 1179 224 in
1199 197 1326 236 excipulis

298 248 353 273 eius
368 244 481 271 fluminis
495 243 530 270 ob
543 243 593 268 hoc
608 242 690 277 ipsum
703 241 837 268 fabricatis
850 237 1018 275 singulorum
1029 235 1143 260 millium
1163 232 1236 267 globi
1255 240 1328 271 repe.

300 284 409 309 riantur.
513 278 560 304 Vis
573 284 644 304 tanta
656 276 784 311 (herbae)
799 275 849 304 est,
866 278 893 298 vt
912 280 927 296 e
947 271 1094 305 longinquo
1114 270 1201 294 siiccus
1215 275 1327 307 excipia-

300 324 362 342 tur:
397 313 492 341 incisae
512 313 641 347 (herbae)
661 317 738 338 conto
756 308 861 335 subdito
880 305 1018 340 excipulo,
1043 304 1192 331 ventriculo
1213 302 1326 329 haedino

300 352 366 379 Plin.
382 357 418 382 ες,
433 356 459 382 7.
998 379 1002 382 ,
1067 376 1073 381 .
1127 375 1131 379 .
1210 376 1213 379 Ι
1281 372 1286 377 ⁵

337 390 495 413 ExCJPIA
505 382 648 413 BxJLVM,
669 382 687 407 i.
707 389 732 405 n.
773 376 928 403 Venabulum.
969 375 1027 403 Vni.
1060 377 1180 401 Seruium
1203 382 1232 399 m
1254 374 1329 408 Virg.

304 421 368 447 Aen.
382 428 410 452 4,
423 427 468 451 131.
502 425 525 445 et
538 428 596 454 quos
608 416 691 444 laudae
706 414 789 440 Burm.
803 412 837 437 ad
851 411 981 444 Qinc'til.
995 420 1017 443 2,
1033 419 1067 437 η.

338 462 354 482 13
364 463 382 481 Χ
393 461 410 481 c
422 461 437 480 Ε
446 461 460 480 i>
469 461 490 480 T
498 461 518 480 A
527 461 543 480 c
553 460 572 479 v
580 459 596 477 L
610 459 629 477 v
639 457 663 476 M
671 469 679 481 ‚
698 449 716 474 i.
744 456 769 472 n-
807 445 995 479 lustramentum
1005 467 1013 478 ‚
1033 455 1079 482 quo
1108 443 1169 480 quid
1199 445 1330 478 excipitur.

302 489 421 517 Tei-tull.
436 489 467 515 de
481 488 563 522 Spect.
577 495 598 511 c.
612 494 622 511 2
642 485 736 517 Neque
749 481 821 508 enim
856 496 901 502 -—
934 491 1009 509 aures
1023 480 1158 508 sumsimus
1172 478 1202 504 ad
1216 484 1332 512 excepta.

303 526 392 552 culum
408 522 565 556 maliloquii.
665 551 672 556 ⁴
1221 548 1226 553 .

339 567 356 586 E
365 569 383 587 x
393 567 408 586 C
419 566 433 584 Ε
443 567 456 585 Ρ
466 566 486 584 Τ
496 565 513 583 υ
523 564 540 582 R
550 562 560 580 1
569 562 588 580 v
598 560 621 579 Μ
631 572 637 582 ,
664 560 683 578 1.
714 561 740 578 n.
776 549 939 585 [Ἐκδοχᾶὀν,
957 550 1151 586 exceptorium,
1171 548 1334 583 excipulum,

303 594 511 630 conceptaculum
526 591 581 615 Vet.
597 587 695 621 Gloffi]
732 588 822 613 Homo
834 588 1014 622 exceptorium
1030 585 1153 613 bonitatis
1161 585 1209 611 Dei
1223 586 1334 618 Interpr.

303 633 372 659 Iren,
383 639 409 662 4,
418 638 452 659 ²4·
543 626 632 650 Homo
645 623 760 657 ingratus
772 625 954 657 exceptorium
968 623 1027 648 iusti
1041 621 1134 648 iudicii
1147 621 1198 647 Dei
1217 620 1253 646 ib.

339 673 356 692 E
366 674 382 692 x
392 670 452 690 CEP
465 667 512 687 'ro
522 667 540 685 R
551 667 587 685 ιν
600 666 612 685 s
622 678 630 690 ,
653 666 680 688 a,
701 667 753 684 um.
772 657 832 684 Adi.
870 659 927 693 le.
942 658 999 684 inl.
1013 658 1087 684 Instr.
1109 657 1140 683 D.
1153 656 1186 682 de
1206 653 1333 682 instructo

303 702 346 728 vel
360 699 527 726 instrumento
541 694 590 728 leg.
608 693 687 727 Qiali
702 692 919 726 vindemiatorii,
937 693 1142 728 exceptoriique.

337 743 354 762 E
364 742 381 760 x
391 739 408 758 c
419 738 456 757 ΕΡ
466 737 513 756 ΤΟ
523 737 556 760 R,
576 730 637 755 oris.
666 737 701 755 m.
754 738 781 754 ro
798 728 930 761 Librario,
950 729 974 755 h.
988 738 1005 755 e.
1033 730 1083 763 Qu·
1095 725 1192 762 aliquid
1208 723 1336 760 describit,

303 768 369 804 apud
381 766 439 800 le.
453 763 476 802 §.
489 765 534 791 fin.
549 765 567 791 l.
582 773 610 797 19
631 764 678 790 Sed
693 763 724 789 ad
744 773 770 790 es
782 763 897 790 D.locat.
934 766 983 790 Hic
997 764 1094 790 uidetur
1099 762 1248 797 simpliciter
1259 759 1335 785 libra-

302 808 381 835 rium,
400 799 576 836 ταχυγραὶφον,
594 802 769 826 mercenarium
780 806 882 831 notare,
900 802 942 834 qui
956 796 1053 825 distata
1070 801 1171 833 excipit.
1220 794 1267 822 Sed
1275 794 1336 830 sunt

302 841 375 864 etiam
398 839 464 862 inter
492 833 632 869 Officiales‚
651 838 694 870 qui
711 834 878 866 vocabantur,
894 834 1039 894 iudicumg
1060 833 1206 863 Refiomm,
1226 828 1337 863 ministri

300 881 379 900 eorum
393 879 416 897 ct
430 874 600 906 apparitores,
624 869 652 895 de
665 870 752 906 quibus
760 869 847 905 paffim
860 872 886 895 r'n
899 876 1001 905 utroque
1017 869 1135 904 10'tlicefit
1149 875 1246 893 menno.

299 918 345 944 que
370 906 453 933 dedita
482 913 554 941 opera
575 905 604 932 de·
629 905 680 931 illis
699 908 750 941 egit
769 907 819 932 lac.
835 905 950 940 Gotbofr.
964 904 997 931 ad
1010 905 1039 930 C.
1053 904 1109 930 Th.
1124 903 1155 929 de
1170 901 1335 932 numerariis,

299 943 423 969 acinariis
433 962 441 973 ,
457 941 599 967 scriniariis
612 947 638 967 et
651 940 811 974 exceptorib.
830 943 857 966 in
865 941 990 975 paratitlo
999 959 1007 972 ,
1025 946 1048 965 et
1062 939 1095 965 ad
1114 941 1131 965 l.
1143 949 1157 965 2
1175 948 1219 973 quo
1239 938 1336 962 remitti

291 978 323 1015 se
336 987 360 1004 eo
366 978 476 1014 facilius
484 979 614 1012 patientur
626 975 728 1002 lectores
742 975 821 1009 nostri
829 995 837 1008 ,
856 985 908 1001 cum
915 974 952 1009 fit
973 984 1013 1001 res
1030 974 1161 1010 inferioris
1179 980 1202 999 et
1221 970 1336 1004 Constan-

299 1016 394 1040 tiniani
407 1015 469 1039 aeui.
505 1012 602 1039 Memno
614 1011 710 1038 illorum
723 1014 795 1037 ctiam
810 1011 825 1036 1.
840 1013 869 1037 16
886 1011 915 1037 C.
929 1010 986 1037 Th.
1001 1010 1032 1036 de
1041 1010 1184 1039 Proximis,
1204 1006 1334 1034 Comitib.

317 1058 359 1075 uae
372 1046 405 1081 est
418 1048 498 1074 eadem
512 1047 528 1073 1.
543 1054 555 1079 5
573 1048 603 1073 C.
616 1046 648 1072 de
663 1055 736 1081 prox.
750 1047 797 1072 sac.
812 1046 888 1072 scrin.

313 1084 362 1110 aci.
375 1084 471 1110 Donat.
486 1083 594 1116 Gregor.
610 1083 647 1108 M.
663 1082 763 1108 Homil.
777 1082 804 1108 in
817 1081 938 1115 Euangel.
952 1082 979 1107 in
993 1081 1060 1115 prol.
1096 1080 1174 1106 Pallio
1193 1080 1216 1106 S.
1232 1078 1336 1104 Genelii

300 1119 369 1146 subi.
395 1118 516 1153 Epistolis
539 1117 667 1150 Paullini,
687 1127 713 1143 n.
737 1126 759 1143 2.
832 1117 905 1153 Conf.
929 1117 1061 1144 panciroli.
1082 1116 1114 1142 ad
1142 1116 1207 1142 Not.
1239 1113 1335 1149 dignit.

300 1156 366 1188 Imp.
385 1164 405 1181 c.
420 1163 456 1186 ¹9-

337 1194 512 1220 ΕΧειειο,
529 1193 689 1220 Exclso,
709 1187 762 1215 vid.
779 1190 933 1214 excino.

335 1229 587 1255 Εκειεοκινς,
607 1222 659 1248 uid.
681 1229 865 1250 ExcmDo.

335 1265 496 1290 ΕΧειΤο,
516 1258 568 1284 vid.
592 1265 721 1284 exero.

338 1302 354 1321 E
364 1302 383 1323 X
394 1301 412 1320 C
425 1300 440 1319 L
450 1294 471 1319 Ᾱ
484 1300 535 1320 ΜΟ
544 1313 552 1325 ‚
583 1297 636 1319 Ere.
673 1293 822 1326 [ἓπιφωνίω,
847 1292 989 1328 οἷνακροῖζω,
1012 1291 1142 1325 α’νοιβοᾶω]
1182 1289 1336 1325 Vociferarl',

300 1337 324 1356 et
338 1329 403 1366 quast
415 1339 427 1354 e
438 1328 515 1354 medio
526 1327 625 1363 pec‘sore
637 1338 717 1354 vocem
731 1331 861 1354 maximam
875 1332 998 1360 emittere,
1019 1327 1082 1362 quod
1094 1334 1136 1352 aut
1153 1326 1338 1362 indigmatiom's

299 1373 343 1391 aut
354 1363 441 1400 gaudii
454 1364 525 1399 tauji:
533 1363 675 1399 fierisblet.
711 1364 778 1390 Ter.
794 1364 868 1390 Adel.
881 1373 908 1396 4,
922 1374 948 1397 4,
962 1372 983 1389 ιι
1003 1363 1049 1389 Illa
1062 1362 1200 1388 exclamat:
1235 1360 1279 1386 abi
1292 1359 1337 1385 abi

300 1401 354 1427 iam
368 1398 502 1425 Aeschine.
610 1399 666 1425 Cic.
681 1398 713 1424 dc
726 1400 799 1427 Orat.
812 1408 836 1428 2,
849 1408 878 1432 39
892 1408 913 1424 c.
931 1408 958 1425 10
995 1399 1060 1425 Non
1074 1398 1144 1423 enim
1160 1397 1258 1431 possum
1272 1395 1372 1430 quin35

299 1435 457 1466 exclamem,
477 1439 505 1460 vt
519 1434 555 1459 ait
570 1434 597 1459 in
609 1434 656 1459 illo
673 1434 819 1460 Trinumo.
889 1434 1000 1469 Respicit
1023 1433 1056 1458 ad
1086 1433 1170 1459 Plauti
1182 1432 1264 1458 “srin.
1279 1440 1299 1463 3,
1314 1439 1338 1460 ε,

301 1479 336 1505 79
355 1471 418 1497 Non
431 1470 502 1496 enim
516 1469 614 1503 possum
627 1469 693 1503 quin
712 1469 870 1500 exclamem,
888 1470 973 1503 Euge,
993 1469 1077 1502 Euge,
1098 1468 1234 1499 Lysiteles,
1253 1466 1335 1491 πάλιν.

301 1506 388 1533 Facile
415 1505 527 1540 palmam
550 1504 637 1530 habes.
754 1503 882 1537 Qtinc‘til.
908 1513 927 1533 ι,
955 1506 971 1529 6
997 1503 1073 1529 Tota
1088 1504 1161 1538 saepe
1175 1502 1291 1532 theatra,
1311 1507 1337 1526 et

301 1550 408 1567 omnem
430 1540 493 1566 circi
511 1540 616 1566 turbam
638 1538 785 1565 exclamasse
817 1539 944 1568 barbare,
963 1538 1067 1564 scimus.
1170 1536 1338 1563 Disertislime

303 1576 435 1609 Qiinc'fil.
450 1579 474 1607 6,
489 1583 511 1600 2.

303 1621 358 1638 non
372 1610 456 1636 intelli
477 1619 503 1636 o.
607 1610 662 1635 Cic.
677 1610 759 1635 Tusc.
773 1619 799 1642 2,
812 1612 843 1642 56
856 1619 877 1635 c.
895 1618 921 1641 23
943 1610 998 1636 Nec
1014 1617 1078 1635 vero
1092 1617 1206 1643 vnquam
1221 1617 1253 1633 ne
1266 1608 1337 1641 inge-

303 1646 389 1673 miscit
402 1646 449 1680 qui
469 1654 508 1671 eiu
521 1644 564 1670 vir
576 1644 654 1670 fortis
667 1653 694 1669 ac
710 1645 824 1678 sapiens,
842 1645 890 1670 nisi
905 1645 974 1670 sorte
989 1650 1016 1670 vt
1032 1645 1056 1670 se
1071 1643 1189 1670 intendat
1202 1642 1235 1669 ad
1254 1643 1338 1669 firmi-

303 1687 400 1712 tatem,
419 1687 447 1706 vt
460 1680 488 1706 in
501 1679 582 1705 stadio
595 1680 711 1705 cursores
726 1680 868 1706 exclamant
883 1689 960 1714 quam
978 1680 1092 1705 maxime
1112 1680 1220 1712 possunt.
1292 1678 1336 1704 Fa-

304 1717 376 1743 ciunt
391 1716 462 1742 idem
475 1724 533 1741 cum
546 1721 698 1740 exercentur
711 1714 823 1740 athletae
837 1721 884 1741 etc.
989 1715 1072 1740 Plaut.
1087 1714 1181 1748 Amph.
1196 1721 1278 1746 5,1,12
1295 1713 1338 1738 lbi

303 1752 392 1778 nescio
414 1751 461 1784 qui
481 1750 595 1778 maxima
614 1759 678 1776 voce
700 1750 833 1776 exclamat.

305 1786 483 1812 dormiuimus
499 1796 504 1810 :
539 1785 669 1811 lucernam
683 1785 752 1811 forte
765 1784 863 1811 oblitus
878 1783 978 1810 fueram
993 1784 1146 1817 extinguere
1161 1793 1167 1808 z
1203 1789 1281 1816 atque
1293 1781 1340 1807 ille

304 1820 429 1847 exclamat
443 1819 474 1845 de
487 1827 593 1852 repente
606 1821 760 1846 maximum.
853 1819 907 1845 Cic.
921 1819 1033 1853 Philipp.
1049 1827 1072 1850 2,
1093 1827 1123 1850 3ο
1142 1827 1163 1843 c.
1179 1826 1206 1843 12
1233 1817 1341 1843 Caesare

304 1854 462 1885 interfecto,
482 1853 587 1886 inquit,
607 1854 693 1879 s’tatim
712 1860 850 1880 cruentum
868 1855 918 1880 alte
938 1855 1066 1880 extollens
1085 1854 1122 1879 M.
1141 1853 1234 1878 Brutus
1250 1851 1341 1886 pugio-

303 1900 381 1922 nem,
399 1890 555 1916 Ciceronem
568 1888 728 1914 nominatim
741 1888 911 1918 exclamauit,
929 1896 1008 1921 atque
1025 1889 1051 1914 ei
1068 1894 1247 1920 recuperatam
1261 1886 1341 1912 liber—

303 1932 385 1953 tatem
399 1924 434 1951 est
447 1923 598 1959 gratulatus.

304 1963 376 1989 Voce
390 1968 483 1994 magna
496 1958 622 1985 exclamat
634 1966 744 1984 vxorem
759 1963 830 1982 tuam
848 1955 931 1982 Plaut.
947 1955 1042 1989 Amph.
1057 1963 1079 1987 ς,
1094 1964 1114 1986 ι,
1126 1958 1166 1983 68.

341 2004 357 2023 Ε
366 2004 384 2024 Χ
392 2003 409 2023 C
418 2003 433 2022 L
442 2002 494 2022 ΑΜ
503 2002 552 2021 AT
562 2001 583 2020 v
592 2000 617 2026 S,
630 2003 653 2026 a,
669 2001 723 2019 um.
747 1992 840 2018 Partic.
875 1991 1016 2017 Cael.Aur.
1026 1991 1100 2016 Acut.
1110 1998 1133 2020 2,
1142 1991 1207 2021 6‚26
1229 1989 1341 2023 Oportet

303 2032 478 2067 Lethargicum
512 2045 557 2050 --
591 2029 620 2055 in
633 2028 769 2055 accessione
781 2036 828 2062 per
841 2027 981 2053 interualla
992 2026 1088 2053 leuiter
1100 2025 1208 2051 excitati
1217 2045 1225 2057 ,
1234 2026 1280 2050 suo
1295 2032 1342 2050 no-

302 2069 375 2095 mine
388 2066 569 2093 exclamatum.

342 2110 359 2129 E
369 2111 386 2130 x
395 2109 411 2129 C
420 2109 435 2128 L
444 2109 465 2128 A
475 2108 498 2128 Μ
508 2108 528 2128 Α
539 2108 559 2127 Τ
569 2108 578 2126 I
588 2106 607 2126 O
615 2120 624 2132 ,
647 2099 714 2126 finis.
744 2098 764 2125 f.
801 2096 977 2131 [immi-imum,
1010 2095 1155 2129 οἶνοιβᾶησις]
1191 2093 1272 2121 Atqu!
1292 2089 1343 2129 [pst
1350 2102 1377 2127 55

306 2137 459 2165 exclamandi
472 2147 479 2161 :
515 2134 548 2169 est
569 2142 593 2161 et
614 2135 711 2162 Schema
733 2134 898 2164 rhetoricum,
917 2132 945 2158 de
967 2141 1012 2168 quo
1035 2132 1092 2158 Cic.
1118 2130 1148 2156 de
1170 2129 1243 2157 Orat.
1259 2137 1342 2161 3,135.

307 2173 409 2201 Auctor
421 2172 453 2198 ad
469 2173 566 2198 Heren.
580 2168 614 2204 4ss
624 2179 649 2202 ²3
664 2180 685 2196 c.
701 2177 725 2202 ις
753 2168 914 2195 Exclamatio
928 2167 963 2194 est
978 2175 1045 2201 quae
1059 2166 1164 2193 conficit
1177 2165 1342 2199 significatio-

308 2218 371 2236 nem
384 2207 501 2239 doloris,
518 2213 561 2233 aut
573 2205 764 2240 indignationis
778 2204 902 2234 alicuius,
921 2212 968 2238 per
979 2202 1095 2228 hominis
1104 2222 1112 2234 ,
1133 2207 1177 2227 aut
1191 2200 1265 2226 vrbis
1274 2218 1282 2230 ,
1296 2204 1342 2226 aut

308 2244 378 2273 loci,
399 2249 443 2269 aut
468 2242 509 2269 rei
526 2242 671 2275 cuiuspiam
690 2240 919 2274 compellationem
930 2258 937 2271 ‚
959 2238 1008 2265 hoc
1021 2237 1117 2270 modo,
1138 2237 1184 2263 Te
1198 2237 1265 2262 minc
1280 2235 1343 2261 allo-

309 2288 393 2315 quor,
410 2278 551 2307 Africane,
573 2279 646 2302 cuius
660 2277 760 2302 mortui
774 2284 878 2310 quoque
892 2283 988 2300 nomen
1006 2273 1140 2307 splendori
1158 2281 1186 2298 ac
1205 2271 1295 2297 decori
1308 2270 1343 2296 est
1352 2269 1387 2293 60

308 2315 422 2341 ciuitati.
524 2313 617 2338 Acutas
632 2312 705 2338 vocis
723 2311 925 2338 exclamationes
939 2310 1040 2336 euitare
1058 2308 1183 2334 debemus
1223 2306 1298 2333 Auci.
1313 2306 1345 2332 ad

309 2352 407 2378 Heren.
421 2357 443 2381 3,
456 2357 480 2375 21
500 2357 522 2374 c.
537 2357 570 2374 12.

346 2391 414 2411 ΒΧΓ.
425 2390 441 2409 L
453 2385 498 2410 AR
509 2390 545 2415 o,
562 2387 614 2409 are.
651 2383 725 2409 Clara
743 2383 794 2409 luce
812 2381 918 2416 implere.
953 2380 1059 2406 Vitruu.
1082 2387 1107 2410 1,
1122 2387 1134 2404 2
1157 2379 1223 2405 Item
1237 2383 1344 2404 naturae

310 2419 390 2446 decor
402 2421 469 2451 crit,
490 2418 507 2444 fi
521 2418 648 2444 cubiculis
661 2424 687 2444 et
699 2416 871 2444 bibliothecis
892 2415 925 2442 ab
947 2416 1050 2442 oriente
1073 2414 1172 2440 lumina
1195 2414 1344 2448 capientur3

308 2455 409 2482 balneis
428 2461 452 2480 et
471 2453 648 2480 hibernaculis
666 2453 699 2479 ab
721 2452 856 2480 occidente
870 2451 983 2477 hiberno
996 2461 1001 2476 :
1015 2468 1016 2471 ,
1036 2449 1229 2484 pinacothecis,
1248 2455 1274 2475 et
1287 2448 1345 2482 qui·
1358 2447 1389 2478 65
1410 2461 1422 2485 3
1435 2459 1498 2479 extr,
1515 2452 1589 2478 Abiit
1602 2452 1673 2479 intro
1685 2452 1759 2478 ocius
1772 2452 1801 2478 jn
1813 2451 1902 2481 aedes,
1921 2459 1990 2477 nunc
2001 2458 2052 2483 ego
2064 2450 2121 2476 sum
2134 2447 2324 2475 exclufiffimm.

308 2491 357 2518 bus
369 2490 447 2516 certis
463 2489 607 2515 luminibus
618 2497 683 2523 opus
696 2489 748 2521 est,
767 2487 899 2522 partibus,
918 2496 933 2513 a
947 2486 1140 2520 Septentrione,
1150 2484 1221 2519 quod
1236 2493 1264 2510 ea
1279 2483 1345 2510 caeli

310 2526 384 2560 regio
406 2534 490 2559 neque
512 2524 674 2556 exclaratur,
695 2533 780 2558 neque
801 2523 955 2550 obscuratur
975 2522 1042 2548 Solis
1055 2521 1146 2553 cursu,
1166 2520 1208 2546 sed
1220 2519 1255 2546 cst
1276 2525 1346 2546 certa

313 2568 338 2588 et
354 2560 526 2586 immutabilis
540 2560 582 2586 die
595 2565 729 2594 perpetuo.
799 2558 896 2593 Neque
913 2557 1075 2590 exclaratur,
1091 2557 1115 2584 h.
1128 2566 1147 2583 e.
1162 2557 1245 2591 Neque
1256 2557 1348 2582 maiore

307 2597 398 2624 lumine
411 2596 557 2627 illustratur.

349 2638 365 2657 E
374 2638 392 2657 x
402 2636 418 2656 C
429 2636 444 2654 L
455 2630 474 2655 V
484 2635 501 2654 D
511 2636 529 2655 O
539 2648 547 2660 ‚
566 2629 583 2654 si
592 2648 599 2659 ,
617 2629 673 2654 sum
682 2647 689 2659 ,
715 2631 768 2655 ἕπε.
806 2628 942 2662 [almania
950 2648 956 2659 ,
976 2627 1093 2661 ἔκκλάω]

312 2664 443 2702 ingrsffirm
462 2664 593 2698 impedire,
614 2673 661 2688 mm
679 2663 817 2688 admittere.
853 2664 921 2690 Ter.
940 2665 1006 2690 Emi.
1023 2672 1043 2695 1,
1056 2672 1081 2695 2,
1094 2669 1119 2692 18
1145 2662 1248 2693 Crede,
1268 2667 1296 2687 vt
1311 2659 1347 2690 fit,

313 2702 407 2727 misera
417 2720 424 2731 ‚
444 2708 505 2734 prae
517 2707 606 2725 amore
622 2697 727 2723 exclusit
741 2697 809 2722 hunc
824 2697 902 2723 foras.
1005 2698 1074 2724 Ibid.
1089 2707 1108 2729 ι,
1123 2706 1154 2728 2,
1168 2706 1200 2730 29
1227 2697 1348 2730 Denique

315 2745 363 2770 ego
377 2734 513 2766 excludor,
521 2733 565 2759 ille
578 2733 711 2766 recipitur.
804 2731 885 2757 Ouid.
901 2732 956 2757 Art.
968 2741 990 2764 3,
1008 2735 1041 2763 69
1075 2733 1197 2766 Tempus
1210 2732 1277 2763 erit,
1296 2739 1349 2765 quo

314 2778 344 2797 tu
354 2791 362 2802 ,
381 2779 446 2804 quae
460 2778 526 2795 nuuc
539 2768 654 2794 excludis
668 2772 813 2798 amantem,
831 2766 937 2799 Frigida
950 2766 1049 2792 deserta
1062 2767 1139 2791 11-er
1159 2767 1256 2792 iacebis
1274 2775 1347 2791 anus.

314 2808 374 2832 Vet.
391 2807 468 2831 Poeta
480 2815 494 2830 a
515 2825 518 2829 .
534 2804 589 2830 Cic.
603 2803 634 2830 de
647 2803 709 2829 Nat.
726 2803 805 2828 Deor.
821 2809 831 2832 3
847 2810 868 2827 c.
881 2809 915 2833 29
932 2801 1042 2826 Exclusit
1055 2811 1062 2830 ;
1082 2809 1189 2826 reuocat
1204 2812 1209 2826 :
1227 2800 1329 2826 redeam
1340 2802 1348 2825 Ξ
1361 2801 1393 2828 75
1414 2805 1501 2837 ceptio
1514 2804 1549 2829 est
1562 2803 1632 2838 quasi
1645 2802 1773 2837 quaedam
1785 2802 1899 2828 exclusio
1919 2802 1935 2828 1.
1950 2810 1963 2827 2
1975 2801 2001 2828 ff.
2017 2801 2049 2828 de
2060 2802 2164 2836 Except.
2178 2801 2287 2835 praescr.

315 2851 371 2869 non
386 2841 402 2866 li
418 2849 458 2866 me
472 2849 488 2865 o
512 2840 597 2865 secret.
690 2838 743 2864 Cic.
756 2837 788 2862 de
803 2836 875 2862 Orat.
890 2844 908 2868 1,
918 2839 953 2869 46
967 2844 1018 2861 c.11
1038 2835 1116 2861 Multi
1129 2842 1202 2861 erant
1217 2841 1350 2869 praeterea

316 2876 444 2912 praeclari
463 2875 490 2901 in
509 2873 675 2908 philosophia
696 2880 720 2899 et
739 2872 857 2903 nobiles,
878 2880 892 2897 a
904 2870 1000 2906 quibus
1017 2870 1142 2896 omnibus
1155 2879 1205 2896 vna
1218 2879 1296 2904 paene
1310 2878 1349 2895 re-

318 2912 382 2947 pelli
406 2919 472 2937 voce
496 2911 635 2936 Oratorem
658 2917 671 2934 a
692 2907 872 2942 gubernaculis
887 2907 1040 2938 ciuitatum,
1053 2904 1157 2931 excludi
1172 2905 1203 2931 ab
1216 2906 1291 2931 omni
1305 2905 1350 2930 do-

319 2947 404 2975 &rina
424 2954 566 2979 rerumque
584 2944 714 2970 maiorum
735 2943 856 2975 scientia,
872 2950 915 2968 etc.
936 2941 1068 2968 videbam.
1161 2942 1218 2967 Cic.
1238 2940 1350 2974 Philipp.

319 2991 343 3016 ς,
358 2985 385 3008 16
412 2980 521 3007 Exclusit
542 2979 617 3006 illum
636 2988 650 3005 a
669 2979 829 3013 Republica,
851 2977 986 3009 distraxit,
1007 2977 1168 3011 segreganit,
1193 2985 1245 3002 ¹¹0⁰
1265 2976 1350 3002 solum
1365 2976 1397 3001 80
1417 2979 1503 3005 mense
1517 2978 1581 3003 locis
1594 2980 1744 3012 temperatis
1764 2977 1957 3014 ablaqueandac
1970 2978 2027 3004 sunt
2041 2977 2122 3007 vites,
2138 2975 2208 3009 quod
2225 2975 2285 3001 Itali
2298 2974 2451 3002 excodicare

320 3019 401 3045 scelus
417 3017 504 3047 illius,
528 3015 570 3041 sed
585 3016 664 3041 ctiam
675 3020 703 3040 vt
717 3013 785 3040 mihi
799 3012 903 3038 videtur
917 3013 1021 3038 fortuna
1036 3013 1161 3047 quaedam
1176 3011 1353 3046 Reipublicae.

319 3054 460 3080 Contraria.
497 3052 552 3077 Cic.
566 3052 617 3076 Att.
633 3055 690 3082 8,18
712 3050 749 3074 Eo
763 3048 814 3074 tibi
828 3048 936 3074 celerius
949 3048 1076 3082 agendum
1090 3054 1153 3079 erat,
1167 3053 1194 3073 vt
1209 3054 1233 3073 te
1249 3055 1351 3073 mecum

320 3089 510 3121 coniungeres,
526 3087 678 3120 priusquam
699 3085 792 3111 Caesar
811 3090 854 3109 aut
874 3089 949 3109 tuum
969 3085 1020 3109 iter
1032 3082 1175 3117 impedire,
1195 3089 1239 3108 aut
1253 3091 1294 3108 me
1308 3082 1353 3108 abs

319 3130 346 3151 te
359 3123 496 3150 excludere
510 3122 597 3156 posset.
688 3119 832 3146 Excludere
843 3118 958 3153 aliquem
974 3127 988 3144 a
1000 3125 1107 3151 negotio
1125 3119 1180 3144 Cic.
1191 3119 1266 3144 Verr.
1276 3126 1296 3149 3,
1318 3138 1324 3143 ,
1348 3137 1354 3143 .

321 3160 362 3186 Α1)
378 3158 522 3186 hereditate
548 3157 604 3183 Cic.
617 3164 665 3191 pro
679 3156 780 3182 Cluent.
794 3163 828 3186 31.

322 3196 374 3224 ius,
386 3202 463 3228 quem
476 3193 544 3224 dixi,
563 3201 663 3222 mores,
682 3200 759 3217 veros
773 3190 871 3216 amicos
884 3197 973 3223 parare
988 3197 1041 3214 non
1055 3195 1164 3222 potuere
1177 3199 1182 3213 ε
1217 3189 1248 3215 sic
1261 3189 1357 3214 inulto-

322 3239 382 3258 rum
397 3238 459 3264 opes
474 3228 685 3262 praepotentium
699 3225 838 3253 excludunt
852 3225 978 3251 amicitias
999 3223 1096 3249 fideles.
1188 3225 1249 3250 Stat.
1262 3224 1324 3249 Silu.
1338 3232 1358 3255 3,

324 3274 349 3295 2,
366 3274 392 3290 12
412 3264 445 3290 ad
456 3262 556 3296 Castora
569 3271 591 3289 ct
606 3262 737 3294 Pollucem,
759 3261 852 3287 Iliacae
868 3260 945 3294 longe
957 3259 1075 3285 nimbosa
1091 3259 1188 3285 sororis
1208 3260 1357 3293 (Helenae)

326 3300 399 3326 Astra
422 3300 525 3334 fugate,
543 3307 637 3333 precor
659 3303 768 3331 totoque
789 3296 920 3322 excludite
946 3294 1027 3321 caelo.
1064 3295 1102 3327 Est
1123 3302 1184 3328 pars
1193 3302 1356 3330 propenmct:

326 3337 398 3370 Ignis
422 3336 523 3360 Helenae
541 3332 647 3369 infessus
666 3336 759 3358 mutis.
864 3330 964 3357 Bellum
982 3330 1077 3356 Lucan.
1091 3338 1111 3361 3,
1126 3332 1178 3361 368.

327 3370 436 3404 padocia
455 3370 560 3395 excludi
578 3376 622 3395 etc.
649 3368 704 3395 Cic.
719 3369 771 3394 Att.
786 3373 807 3400 ς,
820 3373 841 3399 5.
943 3368 1000 3398 Sic,
1018 3364 1125 3391 Excludi
1144 3373 1157 3390 a
1172 3370 1249 3398 portu
1261 3370 1285 3390 et
1300 3373 1357 3397 pro-

328 3406 405 3437 fugio
438 3406 492 3431 Cic.
514 3406 584 3431 Fam.
607 3412 636 3436 5,
649 3411 682 3436 ις.
788 3400 966 3435 Cupiditatem
980 3410 1072 3427 eorum
1086 3399 1232 3429 excludite,
1249 3398 1359 3427 Iudices.

328 3440 413 3466 vestra
434 3441 557 3472 sapientia
587 3440 643 3466 Cic.
665 3447 713 3473 pro
725 3437 795 3464 Cael.
809 3446 829 3462 c.
848 3445 872 3468 9.
978 3436 1065 3462 Domo
1080 3442 1105 3461 et
1119 3435 1240 3462 cubiculo
1255 3434 1361 3461 excludi

330 3476 386 3500 Cic.
402 3475 530 3507 QFratr.
547 3485 566 3507 ι,
581 3484 599 3501 i.
702 3475 774 3501 Dum
794 3478 838 3498 tua
857 3480 899 3497 me
918 3471 1010 3497 domus
1023 3471 1141 3502 leuabat,
1160 3471 1219 3504 quis
1231 3479 1244 3496 a
1258 3480 1299 3496 me
1315 3479 1356 3496 ex-

331 3509 414 3534 clusus
431 3510 484 3534 Cic.
502 3512 552 3535 Att.
568 3519 604 3542 12,
616 3519 652 3543 40
662 3516 704 3544 pr.

332 3543 397 3569 stros
416 3545 556 3569 excercitus
575 3546 647 3578 saepe
667 3544 842 3574 excluserant,
862 3543 894 3568 iis
913 3542 1020 3568 claustra
1040 3541 1092 3568 loci
1107 3542 1292 3567 committenda
1306 3550 1359 3567 non

333 3578 501 3604 existimauit.
603 3581 689 3614 Iurgia
702 3579 823 3606 excludat
837 3577 895 3603 finis
927 3578 992 3604 Hor.
1007 3577 1082 3612 Epist.
1098 3585 1123 3608 2,
1138 3585 1156 3607 1,
1170 3582 1206 3608 38.
1311 3578 1358 3602 Ex-

333 3613 453 3646 ceptione
468 3612 570 3638 excludi
592 3615 645 3639 Cic.
658 3616 688 3640 de
702 3617 776 3642 Orat.
792 3623 811 3646 1,
826 3616 876 3642 168.
982 3612 1092 3639 Gemma
1107 3612 1201 3638 inclusa
1216 3620 1281 3638 auro
1299 3613 1361 3638 alie-

334 3658 385 3679 no,
404 3648 444 3673 vel
461 3647 570 3681 sigillum
584 3649 736 3676 candelabro
746 3670 753 3681 ,
773 3648 902 3675 vindicari
915 3657 968 3674 non
981 3647 1062 3682 potest
1077 3659 1082 3673 :
1107 3647 1149 3673 sed
1163 3654 1189 3673 vt
1201 3647 1362 3680 excludatur,

531 350 589 375 Vet.
603 349 643 374 Gl.
663 344 815 378 Excipulum
827 348 849 368 et
862 341 986 375 Excipula
998 338 1128 372 s'aabxeiov,
1142 337 1257 373 nfeciyex.
1353 340 1367 366 5

1359 518 1389 536 10
1396 515 1455 540 sunt
1467 514 1499 540 ad
1512 515 1702 540 excludendum
1714 512 1883 540 recentissima
1898 521 2082 546 quaequeoua.
2118 516 2149 540 Et
2163 515 2213 545 s.15
2233 512 2431 547 depullis,Dum

1363 691 1388 718 15
1401 690 1497 717 Rodios
1525 689 1669 717 excludunt
1695 689 1798 723 frigora
1832 690 1894 716 Stat.
1915 689 1978 715 Silu.
1992 697 2013 721 1,
2026 697 2048 721 ε,
2063 697 2112 721 ¹34·

1283 867 1336 892 Ita-
1344 869 1378 887 20

959 1045 1095 1080 Augustin.
1115 1055 1155 1079 cp.
1169 1053 1208 1076 132
1229 1043 1260 1069 ad
1274 1051 1334 1077 pop.
1345 1034 1373 1061 ²5

1344 1219 1375 1243 30

616 1574 688 1600 Idem
703 1583 724 1606 3,
737 1579 750 1604 8
768 1576 806 1600 Ita
822 1583 867 1600 cur
881 1574 961 1600 initio
973 1573 1073 1599 furiose
1086 1571 1115 1598 sit
1128 1573 1336 1603 exclamandum,
1345 1580 1383 1604 40

946 1749 1018 1775 Idem
1032 1749 1136 1775 Mostel.
1151 1757 1172 1778 2,
1185 1757 1207 1780 2,
1219 1755 1249 1780 57
1269 1747 1379 1776 Con-45
1406 1750 1438 1776 de
1453 1751 1544 1782 Arusp.
1559 1750 1633 1783 Resp.
1648 1758 1680 1781 45
1696 1759 1717 1775 c.
1731 1758 1759 1775 21

692 1923 825 1948 Memoria
845 1922 923 1955 digna
940 1923 1087 1948 exclamare
1118 1922 1249 1953 Qiinc‘til.
1262 1929 1294 1951 2,
1308 1926 1380 1949 ¹1-50

1129 2625 1267 2653 Claudendo
1288 2623 1347 2657 0sti⁰
1357 2628 1392 2656 70
1413 2629 1495 2663 ption.
1531 2627 1600 2654 Illud
1619 2626 1760 2653 tenendum
1778 2626 1829 2658 est,
1855 2634 1963 2651 onmem
1982 2626 2164 2659 exceptionem
2187 2624 2231 2650 vel
2249 2623 2450 2658 replicationem

929 3154 966 3179 Id.
980 3154 1011 3179 de
1025 3154 1108 3179 Amic.
1124 3163 1155 3187 54
1176 3154 1261 3187 Atque
1276 3152 1393 3179 velun-85

1292 3330 1356 3362 Cap·
1366 3339 1402 3363 90

797 3508 853 3534 Cic.
866 3508 941 3533 Verr.
954 3515 982 3538 ς,
998 3513 1024 3538 83
1058 3506 1237 3539 Quamobrem
1252 3506 1298 3539 qui
1313 3515 1359 3531 no-
1367 3515 1398 3540 93
1421 3508 1503 3534 Palen.
1528 3517 1555 3532 cx
1570 3507 1642 3532 MSS.
1656 3508 1688 3531 al.
1702 3507 1894 3532 excorticentur
1913 3509 1981 3533 male.

1809 108 1843 147 E
1924 106 2074 148 x‘C
2348 106 2443 158 468*

1393 205 1447 223 mas
1459 206 1500 224 res
1512 198 1628 224 continet
1641 207 1646 222 :
1682 204 1791 231 quoquo
1803 200 1830 221 te
1845 196 1971 228 verteris,
1988 196 2089 230 praesto
2102 196 2153 227 est,
2172 195 2246 223 nullo
2258 196 2331 222 Loco
2342 194 2428 222 exclu-

1394 232 1475 259 ditur.
1570 231 1746 263 Mcdicinam,
1764 234 1780 256 ι’.
1800 231 1989 258 ποη”·αιίηιιήενε
2014 232 2133 258 Scribon.
2153 232 2230 266 Epist.
2337 231 2426 257 Mensa

1394 268 1511 294 exclusus
1526 267 1617 302 hospes
1642 268 1699 293 Liu.
1713 271 1750 298 28,
1788 288 1794 292 .
1831 285 1837 292 .
1904 266 1959 293 Cic.
1991 276 2022 293 ro
2035 267 2236 299 Corn.Balb.39
2257 267 2331 299 Qos
2345 274 2428 299 quum

1395 304 1510 329 maxima
1523 303 1591 329 bella
1604 302 1681 329 nobis
1693 302 1864 330 inferrentur,
1881 301 1972 329 Moeni
1992 312 2021 328 us
2036 303 2208 329 excluserunt.
2315 300 2428 328 Oculum
2440 308 2446 317 ⁴

1395 338 1475 365 alicui
1488 339 1641 369 excludere,
1659 338 1725 365 Idem
1738 337 1802 373 quod
1814 335 1940 369 bffhden,
1958 339 1998 364 ve!
2021 348 2130 369 exercre,
2147 344 2171 363 ct
2190 335 2320 362 exturbare
2337 337 2430 362 oculum

1397 373 1478 400 Plaut.
1492 373 1579 400 Pseud.
1594 383 1612 406 ι,
1628 382 1650 406 5,
1663 381 1702 406 95.
1794 373 1854 398 Oua
1878 373 1918 397 vel
1937 373 2021 399 Pullos
2041 373 2098 399 adeo
2113 372 2250 398 excludere
2263 371 2377 397 dicuntur
2389 373 2429 396 in-

1397 408 1506 434 cubando
1518 419 1590 443 aues,
1610 419 1656 435 non
1669 411 1750 434 minus
1765 416 1835 442 quam
1850 405 1987 434 excudere.

1397 443 1460 470 bent
1482 449 1507 470 et
1531 444 1670 470 excludant
1692 444 1814 480 gallinae,
1832 440 1943 468 efficere.

1397 478 1526 510 bandum,
1546 480 1684 514 multoque
1696 478 1777 512 magis
1790 477 1820 503 ad
1833 476 2033 503 excludendum.

2061 408 2167 434 Colum.
2181 413 2204 440 8,
2218 415 2244 439 2,
2257 409 2274 432 6
2310 407 2343 432 Vt
2357 406 2429 432 incu-
2460 416 2461 419 ¹

2036 443 2103 469 Ibid.
2119 444 2136 469 s.
2153 451 2175 469 12
2203 444 2301 468 inertes
2314 441 2345 467 ad
2357 441 2429 466 incu-

2132 480 2162 505 Et
2175 487 2196 503 c.
2211 485 2233 510 ς,
2246 487 2264 510 4
2296 476 2429 511 Aptiffima

1398 557 1489 575 omnes
1502 549 1682 576 excludantur.
1753 548 1800 576 Sed
1811 550 1870 574 Oua
1883 547 1987 573 excludi
2005 547 2123 576 dicuntur
2136 555 2159 581 8,
2180 558 2210 581 11,
2226 556 2259 574 12.

1397 590 1437 610 tus
1450 586 1508 610 suos
1519 585 1657 610 excludere
1670 584 1861 618 prohibeantur
1873 584 1973 609 anseres
1985 587 2009 617 8,
2022 591 2061 617 14,
2074 592 2100 616 4.
2215 582 2309 617 Rurfiu·
2320 582 2338 608 s.
2347 584 2364 608 6
2377 582 2431 608 Ne-

1398 626 1474 654 gatur
1488 621 1563 646 anser
1574 620 1657 646 aliena
1670 618 1809 646 excludere
1822 620 1889 645 Oua.
1993 619 2047 644 Cic.
2060 619 2091 644 de
2105 619 2140 645 N.
2152 619 2184 645 D.
2199 627 2224 651 2,
2238 626 2283 650 129
2297 626 2317 643 c.
2332 625 2362 649 52
2393 618 2431 643 Ex

1399 655 1495 689 quibus
1513 656 1609 689 (ouis)
1628 654 1714 688 pullos
1733 664 1792 680 cum
1813 653 1970 681 excluserint
1980 654 2096 689 gallmae.
2149 654 2215 682 Add.
2230 653 2328 687 Hygin.
2343 653 2362 678 f.
2377 660 2432 713 193.

2217 689 2313 715 Redito
2327 688 2401 713 exclu
2422 687 2433 714 i.

2365 547 2430 573 Foe-

1399 726 1470 760 Nep.
1482 735 1503 756 2,
1518 734 1539 758 5,
1555 735 1572 752 ι.
1643 724 1698 750 Cic.
1713 725 1745 750 ad
1756 725 1871 759 Pompei.
1886 724 1934 751 sub
1948 726 2000 750 Att.
2014 729 2038 755 8,
2052 732 2074 750 ιι
2089 733 2113 758 p.
2127 731 2181 758 794
2199 724 2295 758 Neque
2308 724 2379 749 enim
2387 730 2432 749 eos

1398 761 1468 787 solos
1481 760 1676 787 arbitrabamur
1689 760 1762 793 capi,
1782 761 1830 794 qui
1842 761 1870 786 in
1884 766 2047 786 armatorum
2059 768 2150 785 manus
2164 760 2318 790 incidissent,
2332 758 2373 784 sed
2386 766 2432 785 eo!

1398 796 1486 822 nihilo
1500 797 1596 828 minus,
1611 795 1657 829 qui
1670 795 1825 829 regionibus
1838 795 1950 827 exclusi,
1969 796 2038 821 intra
2051 794 2175 829 praesidia
2188 800 2264 829 atque
2279 796 2347 821 intra
2361 801 2434 820 arma

1400 832 1484 858 aliena
1497 832 1630 857 venissent.
1720 830 1878 857 Remedium
1889 831 2038 857 excluditur
2058 830 2176 857 Scribon.
2188 837 2232 864 47.
2251 833 2268 856 i.
2277 830 2434 864 prohibetur.

1399 867 1558 894 Seruitutem
1571 865 1710 892 excludere
1724 865 1830 891 Lucilio
1843 867 1908 901 apud
1928 867 2001 892 Non.
2015 875 2043 898 4,
2056 872 2101 895 180
2126 865 2225 891 videtur
2241 875 2256 891 a
2270 866 2392 901 struitute
2403 863 2434 899 se

1400 902 1538 962 deffendere.
1588 901 1643 937 Ipse
1667 903 1765 927 Nonius
1779 903 1958 962 iuterpretatur
1974 901 2098 927 liberare.
2174 901 2249 934 Spem
2264 901 2333 934 pacis
2345 909 2360 927 a
2372 901 2434 926 con-

1401 937 1418 963 si
1432 938 1459 963 io
1477 938 1584 972 publico
1603 936 1742 963 excludere
1770 936 1825 962 Cic.
1859 946 1872 962 e
1886 937 1955 963 Clar.
1969 938 2042 963 Orat.
2056 944 2110 968 329.
2213 934 2286 961 Idem
2297 944 2346 969 pro
2360 934 2434 962 Cael.

1400 981 1433 1005 42
1447 982 1468 999 c.
1483 981 1511 1007 ¹7
1529 972 1711 1006 Quamobrem
1726 971 1742 997 si
1760 980 1839 1005 quem
1853 972 1922 998 forte
1935 972 2090 998 inueneritis
2099 991 2108 1004 ,
2127 971 2173 1006 qui
2185 971 2337 1005 aspernetur
2349 970 2435 996 oculi·

1401 1008 1622 1042 pulchritudinem
1635 1016 1739 1037 rerum,
1756 1016 1809 1033 non
1824 1007 1907 1034 odore
1920 1007 1990 1039 νΙΙο,
2010 1017 2063 1033 non
2077 1007 2146 1033 caelu
2155 1027 2163 1039 ,
2184 1016 2239 1032 non
2250 1007 2340 1040 sapore
2352 1005 2436 1039 capia-

1403 1050 1462 1074 tur,
1485 1044 1605 1070 excludac
1630 1042 1738 1069 auribus
1765 1051 1871 1068 omnem
1894 1042 2061 1069 Suauitatein.
2167 1042 2296 1075 Suffragio
2319 1041 2445 1067 exclusus.

1401 1078 1461 1105 Liu.
1479 1087 1497 1110 ι,
1510 1088 1551 1113 43.
1656 1079 1796 1111 Tempore
1809 1078 1929 1110 excludi,
1948 1085 1991 1104 aut
2013 1078 2150 1113 temporiis
2164 1077 2250 1111 spatiis
2264 1076 2373 1109 dicitur,
2394 1077 2438 1111 qui

1401 1114 1544 1148 impeditur,
1556 1124 1601 1150 quo
1614 1117 1695 1140 minus
1702 1113 1777 1148 poffi't
1791 1123 1860 1150 agere
1870 1120 1973 1148 propter
1985 1120 2086 1149 tempus.
2121 1114 2176 1139 Cic.
2192 1114 2268 1139 Verr.
2283 1121 2302 1142 1,
2311 1119 2355 1145 143
2369 1120 2390 1137 c.
2405 1111 2450 1150 56·

1401 1150 1531 1183 Angustiis
1546 1150 1672 1183 temporis
1685 1148 1860 1175 excludunnir
1873 1158 1971 1175 omnes.
2073 1148 2145 1175 Idem
2159 1148 2190 1174 de
2204 1148 2276 1174 Orat.
2290 1156 2318 1179 3,
2340 1155 2366 1180 55
2385 1148 2439 1173 Aut

1402 1185 1566 1218 temporibus
1581 1184 1693 1216 exclusi,
1714 1190 1757 1210 aut
1772 1185 1905 1210 voluntate
1919 1185 1963 1210 sua
1976 1184 2074 1210 feriati.
2168 1184 2240 1210 Idem
2261 1184 2289 1209 in
2302 1183 2392 1209 Vatin.
2406 1186 2438 1211 28

1403 1221 1439 1246 Vt
1454 1220 1535 1246 homo
1551 1220 1701 1246 Consularis
1714 1219 1830 1246 exclusus
1842 1220 1921 1246 miser
1934 1220 2031 1253 puntS'to
2044 1220 2170 1253 temporis
2189 1219 2345 1253 spoliaretur
2359 1214 2442 1243 bene-¹

1402 1255 1465 1282 ficio
1478 1262 1503 1282 et
1516 1256 1645 1290 aequitate
1659 1255 1724 1289 legis
1742 1262 1802 1281 tuae
1815 1257 1824 1280 ,²
1914 1256 1984 1282 Caes.
2001 1256 2028 1281 B.
2043 1256 2074 1281 G.
2091 1263 2113 1287 ς,
2128 1263 2154 1286 23
2179 1255 2221 1281 Ne
2234 1254 2296 1280 anni
2308 1260 2438 1287 tempore,

1402 1291 1573 1325 nauigatione
1585 1291 1792 1317 excluderentur.
1887 1290 1955 1316 Ibid.
1970 1299 1995 1325 7,
2011 1299 2031 1317 ιι
2054 1290 2174 1316 Exclusus
2188 1289 2242 1316 diei
2255 1295 2388 1323 tempore,
2409 1288 2438 1314 in

1403 1327 1538 1361 posterum
1565 1327 1789 1361 oppugnationem
1808 1325 1920 1352 differet.
2027 1326 2100 1359 Virg.
2116 1326 2212 1359 Georg.
2225 1334 2258 1359 4,
2272 1332 2323 1359 147*
2345 1319 2456 1358 spatiis*

1402 1363 1519 1389 exclusus
1531 1363 1641 1397 iniquis.
1744 1361 1853 1395 Qtinc‘i.
1868 1370 1906 1394 io,
1918 1370 1945 1396 7,
1960 1369 1992 1393 29
2030 1361 2201 1387 Scribendum
2213 1369 2276 1395 ergo
2290 1360 2394 1394 quoties
2407 1358 2440 1385 li-

1403 1398 1488 1430 cebit,
1509 1397 1527 1423 si
1541 1398 1568 1424 id
1581 1407 1634 1424 non
1648 1395 1769 1428 dabitur,
1789 1397 1957 1431 cogitandum
1972 1407 1978 1421 .·
2013 1396 2046 1423 ab
2059 1403 2171 1431 Vtroque
2185 1395 2279 1422 exclusi
2292 1395 2387 1421 debent
2401 1400 2439 1420 ta-

1403 1443 1463 1460 men
1480 1433 1579 1465 adniti,
1599 1439 1627 1459 vt
1646 1441 1731 1467 neque
1749 1432 1921 1466 deprehensus
1940 1439 2045 1464 orator,
2070 1441 2154 1466 neque
2168 1432 2287 1466 litigator
2301 1430 2439 1456 destitutu-

1403 1470 1451 1495 efl'e
1466 1468 1594 1495 videatur.
1701 1469 1826 1502 Pompon.
1849 1467 1881 1493 de
1901 1467 1986 1493 Aedil.
2000 1467 2077 1493 edict.
2092 1467 2109 1493 l.
2123 1467 2149 1493 si
2161 1473 2264 1498 tamen,
2284 1466 2350 1493 Non
2360 1473 2440 1492 noce-

1402 1505 1443 1531 bit
1462 1505 1574 1534 etntori,
1593 1503 1610 1530 si
1636 1504 1679 1529 sex
1705 1503 1833 1528 mensium
1852 1503 2006 1537 exceptione
2023 1502 2202 1529 redhibitoria
2223 1501 2354 1532 exclusus,
2371 1500 2440 1527 velit

1402 1540 1471 1566 intra
1490 1548 1586 1565 annum
1606 1538 1782 1564 aestimatoria
1801 1546 1886 1571 agere.
1978 1538 2112 1571 Papinian.
2132 1536 2164 1563 ad
2185 1535 2441 1562 Senatuseonsultum

1403 1574 1511 1608 Turpil.
1532 1574 1549 1600 l.
1571 1573 1771 1606 Quat—rebatur,
1789 1581 1822 1598 an
1835 1573 1873 1605 hi,
1882 1573 1929 1607 qui
1942 1573 1974 1600 ab
1989 1572 2152 1599 accusatione
2165 1577 2284 1606 tempore
2296 1571 2389 1597 exclusi
2402 1570 2440 1596 es-

1403 1611 1475 1641 sent,
1496 1609 1523 1635 in
1538 1608 1793 1635 Senatusconsultum
1811 1608 2004 1642 Turpilianum
2020 1607 2174 1633 inciderent.
2240 1606 2369 1643 Etfiabdit‚
2381 1605 2439 1638 Qui

1404 1645 1608 1680 praescriptione
1622 1643 1749 1678 temporis
1764 1643 1876 1675 exclusi,
1896 1644 1996 1670 causam
2013 1643 2138 1669 adulterii
2157 1642 2274 1676 perferre
2290 1650 2344 1668 non
2361 1646 2438 1675 potu-
2466 1671 2468 1675 Ι

1404 1687 1490 1707 erunt.
1594 1680 1650 1706 Cic.
1664 1680 1695 1706 de
1709 1679 1744 1705 N.
1759 1679 1790 1705 D.
1804 1687 1828 1711 3,
1841 1681 1876 1712 76
1889 1687 1911 1704 c.
1925 1687 1950 1710 31
1989 1679 2052 1705 Eam
2067 1678 2173 1704 dedisses
2191 1676 2343 1704 hominibus
2360 1675 2442 1702 ratio-

1403 1725 1480 1747 nem,
1504 1723 1572 1749 quae
1585 1715 1658 1741 Vitia
1671 1714 1826 1749 culpamque
1837 1714 2005 1746 excluderet,
2021 1717 2039 1740 i.
2056 1723 2105 1739 mm
2118 1714 2267 1740 admitteret.
2337 1710 2442 1737 nacte.

1797 1749 1877 1782 Qiod
1898 1758 1967 1775 anno
1984 1755 2044 1775 ante
2065 1749 2148 1776 frater
2165 1748 2287 1775 Metellus
2297 1751 2323 1773 ct
2334 1752 2444 1772 concor·

1406 1785 1486 1810 etiam
1501 1790 1556 1809 tum
1569 1784 1690 1814 Senatus,
1709 1784 1829 1817 principe
1842 1784 1891 1809 Cn.
1905 1785 2031 1817 Pompeio
2046 1784 2199 1810 sententiam
2212 1783 2315 1809 dicente
2330 1780 2384 1815 (fic
2395 1781 2444 1820 leg.

1401 1826 1450 1854 pro
1464 1818 1577 1852 principi
1589 1818 1705 1849 dicenti)
1723 1817 1882 1848 excluserat,
1899 1819 2080 1851 acerrimeque
2090 1827 2141 1844 vna
2154 1826 2218 1843 voce
2232 1826 2260 1842 ac
2274 1823 2360 1843 mente
2371 1814 2444 1842 resti-

1406 1860 1481 1880 terat.
1585 1855 1616 1879 Et
1628 1853 1694 1879 Phil.
1711 1861 1733 1884 ς,
1748 1861 1776 1884 19
1789 1861 1809 1878 c.
1822 1860 1837 1886 7
1856 1853 1946 1878 Homo
1959 1852 2098 1879 vehemens
2111 1859 2137 1879 et
2150 1853 2300 1884 violentus,
2318 1851 2365 1885 qui
2378 1851 2445 1877 hane

1407 1888 1623 1914 consuetudinem
1636 1888 1722 1914 libere
1743 1887 1847 1913 dicendi
1860 1887 2019 1914 excluderet.
2085 1889 2117 1914 Et
2131 1887 2197 1914 Phil.
2211 1895 2247 1918 10,
2260 1895 2281 1913 11
2296 1895 2318 1912 c.
2327 1894 2339 1918 5
2359 1886 2445 1918 Aliou,

1406 1923 1439 1948 ad
1470 1923 1607 1954 negotium
1632 1921 1768 1955 publicum
1793 1922 1833 1947 ire
1857 1930 1917 1947 cum
1937 1923 2073 1956 cupimus,
2091 1923 2138 1948 vix
2157 1922 2270 1948 solemus
2288 1921 2444 1948 extrudere:

1405 1956 1475 1982 hunc
1487 1957 1628 1981 retinentes
1640 1955 1804 1981 exclusimus.
2376 1963 2381 1965 ·

1445 1998 1461 2017 E
1469 1999 1489 2017 x
1497 1997 1514 2017 c
1523 1997 1539 2016 ι.
1548 1998 1568 2016 ν
1578 1996 1596 2015 n
1605 1997 1621 2016 E
1629 1997 1650 2016 N
1661 1997 1672 2016 s
1681 2009 1689 2021 ‚
1707 1990 1785 2015 entis.
1803 1990 1895 2018 Par-tic.
1931 1988 2101 2025 [ἀποκλείων]
2137 1990 2192 2017 Cic.
2199 1990 2331 2025 eratr.
2339 2000 2359 2024 1,
2367 2000 2376 2018 1
2388 1991 2442 2018 Ne-

1407 2035 1458 2062 que
1474 2025 1640 2052 excludentes
1653 2025 1686 2051 ab
1699 2025 1755 2051 eius
1769 2025 1815 2051 vsu
1828 2026 1897 2057 suos,
1909 2026 2050 2061 potiusque
2072 2032 2098 2052 et
2110 2026 2202 2052 amicis
2219 2027 2401 2061 impertientes
2414 2032 2442 2054 et

1407 2061 1596 2096 Reipublicae,
1619 2060 1637 2086 si
1650 2060 1756 2095 quando
1768 2060 1826 2087 vsus
1840 2061 1909 2087 esset.

1443 2104 1460 2124 E
1469 2105 1487 2124 X
1497 2104 1512 2124 C
1521 2104 1536 2123 L
1546 2104 1566 2122 V
1575 2104 1588 2123 S
1596 2104 1616 2123 V
1626 2103 1638 2122 S
1646 2117 1654 2129 ,
1674 2105 1688 2123 a
1697 2115 1705 2128 ,
1726 2105 1778 2122 um.
1799 2097 1892 2123 Partic.
1927 2097 2172 2132 [inoxeuzmmtvos]
2207 2097 2264 2124 Cic.
2276 2105 2324 2132 pro
2336 2097 2446 2126 Clueut.
2467 2110 2479 2126 ,-

1410 2141 1434 2165 31
1451 2134 1540 2166 Qium
1553 2141 1633 2166 vagus
1646 2138 1672 2159 et
1682 2132 1743 2158 exul
1756 2137 1863 2163 erraret,
1881 2138 1960 2168 atque
1974 2132 2092 2168 vndique
2105 2133 2232 2166 exclusus,
2251 2139 2298 2160 etc.
2367 2133 2444 2159 Ama·
2476 2130 2479 2143 '¹

1409 2175 1452 2195 tor
1469 2168 1583 2195 exclusus
1603 2169 1670 2194 Hor.
1686 2168 1768 2194 Sei-m.
1781 2177 1807 2200 2,
1819 2177 1842 2200 3,
1855 2170 1913 2195 260.
2018 2169 2041 2195 A
2052 2168 2155 2195 cultura
2170 2169 2247 2195 fundi
2259 2169 2315 2195 sum
2327 2167 2444 2195 exclusm
2461 2182 2469 2195 ·.

1409 2203 1469 2238 le.
1491 2205 1519 2229 in
1537 2203 1554 2229 l.
1576 2212 1592 2229 2
1611 2204 1641 2230 D.
1661 2203 1693 2229 de
1704 2204 1799 2230 annuis
1811 2203 1887 2238 legat.
1991 2203 2031 2230 Ab
2044 2210 2164 2231 extremo
2177 2204 2318 2237 complexu
2328 2202 2446 2231 liberum
2478 2231 2479 2234 ,

1409 2240 1526 2266 exclusae
1539 2245 1633 2266 matres
1653 2239 1707 2266 Cic.
1716 2240 1792 2266 Verr.
1800 2247 1822 2272 5,
1836 2247 1887 2274 1¹7-
1993 2239 2063 2265 Pulli
2076 2238 2183 2271 exclusi,
2195 2247 2224 2264 ex
2235 2241 2288 2264 ouis
2300 2245 2382 2273 nempe
2391 2239 2446 2265 Cos.
2464 2241 2465 2245 ¹

1409 2275 1472 2301 lum.
1481 2281 1504 2306 8,
1513 2282 1567 2308 ;‚7.
1602 2281 1624 2300 et
1638 2280 1661 2307 8,
1674 2283 1757 2308 14,10.
1801 2275 1859 2302 Vid.
1878 2279 2070 2300 EXCLVDERE
2085 2275 2152 2300 Oua.
2254 2273 2310 2299 Cic.
2319 2272 2350 2299 de
2365 2273 2447 2307 [Ἧι-9

1409 2320 1430 2336 c.
1446 2316 1459 2340 8
1479 2311 1520 2336 Sic
1534 2310 1641 2336 exclusis
1655 2310 1795 2337 Sententiis
1807 2309 1975 2343 reliquorum
1981 2328 1990 2340 ‚
1999 2317 2060 2335 cum
2072 2314 2205 2343 praeterea
2217 2307 2290 2334 nulla
2302 2309 2350 2334 esse
2363 2308 2445 2343 potiit,
2465 2306 2479 2391 q

1407 2346 1469 2372 haec
1489 2346 1660 2380 antiquorum
1681 2345 1766 2372 valeat
1783 2345 1879 2371 neccsse
1898 2344 1943 2370 est.
2059 2345 2114 2371 Cic.
2133 2343 2245 2376 Philipp.
2263 2351 2290 2374 2,
2301 2349 2331 2377 73
2351 2344 2388 2370 Ita
2408 2351 2442 2370 ue

1409 2381 1515 2408 exclusis
1529 2382 1580 2407 tuis
1593 2381 1725 2413 Vocibus,
1744 2387 1770 2407 et
1783 2380 1816 2406 ad
1829 2386 1854 2407 te
1867 2385 1892 2406 et
1904 2378 1935 2405 ad
1949 2379 2055 2413 praedas
2068 2379 2165 2406 milites
2178 2377 2256 2403 misit.
2322 2409 2326 2412 .
2359 2379 2399 2403 Vo
2410 2386 2438 2404 u-

1409 2423 1463 2451 ptas
1476 2417 1577 2443 exclusa
1591 2417 1680 2443 animo
1699 2417 1761 2443 Stat.
1775 2415 1840 2442 Silu.
1855 2424 1878 2447 3,
1891 2423 1915 2447 3,
1928 2417 1984 2442 106.
2099 2414 2193 2449 Superi.
2229 2412 2311 2438 Plaut.
2327 2412 2396 2439 Men.
2409 2420 2439 2446 4,

1446 2494 1463 2514 E
1473 2496 1491 2514 Χ
1503 2494 1571 2514 CLV
1581 2495 1593 2514 s
1605 2494 1624 2512 V
1636 2494 1655 2513 R
1667 2493 1688 2512 v
1699 2494 1730 2519 S,
1749 2496 1778 2519 a,
1798 2496 1850 2512 um.
1888 2487 1954 2512 Part.
1992 2485 2174 2518 [οἷποκλείσων]
2208 2483 2308 2510 Tibul.
2326 2491 2355 2514 2,
2368 2488 2442 2518 εμπ

1413 2523 1510 2550 Nullus
1523 2528 1578 2549 erat
1591 2522 1688 2553 custos,
1708 2522 1781 2547 nulla
1793 2521 1930 2547 exclusura
1943 2520 2062 2546 dolentes
2096 2521 2185 2546 Ianua.

1446 2565 1463 2585 Ε
1473 2567 1491 2585 Χ
1499 2564 1515 2584 c
1525 2565 1540 2584 1.
1549 2564 1569 2583 V
1579 2564 1591 2584 s
1599 2564 1618 2583 0
1627 2564 1646 2583 R
1654 2577 1662 2590 ,
1681 2557 1742 2583 oris.
1764 2565 1799 2582 m.
1835 2555 1944 2589 August.
1956 2556 2038 2581 serm.
2053 2561 2092 2588 37,
2104 2563 2119 2580 2
2133 2555 2161 2580 in
2168 2555 2274 2580 Lucam.

1448 2600 1465 2620 E
1474 2602 1492 2620 Χ
1502 2600 1519 2620 c
1531 2601 1546 2619 1.
1558 2599 1577 2616 v
1588 2600 1600 2619 s
1609 2600 1628 2619 ο
1637 2599 1656 2618 R
1666 2600 1675 2618 1
1684 2600 1703 2617 v
1715 2598 1727 2617 s
1737 2611 1745 2624 ‚
1766 2600 1780 2618 a
1789 2611 1797 2624 ,
1825 2600 1879 2617 um.
1903 2590 1963 2616 Adi.
2000 2590 2059 2624 le.
2074 2591 2101 2616 in
2114 2589 2131 2615 l.
2147 2589 2273 2623 Exceptio
2286 2589 2319 2614 D.
2331 2587 2364 2614 de
2377 2595 2449 2614 exce·

1413 2663 1588 2691 exclusoriam
1600 2663 1658 2688 esse.
1728 2661 1911 2688 Exclusorium
1924 2659 2071 2686 violentum
2086 2659 2143 2686 Th.
2157 2659 2278 2687 Priscian.
2291 2668 2315 2692 3,
2329 2661 2354 2687 6.
2370 2662 2390 2685 i.
2402 2667 2450 2685 mo-

1410 2699 1573 2726 dicamcntum
1584 2698 1728 2725 abortiuum.

1449 2742 1466 2761 E
1476 2742 1493 2761 Χ
1503 2741 1519 2761 c
1529 2741 1544 2759 L
1554 2741 1573 2759 v
1583 2740 1612 2760 si
1624 2739 1643 2759 ο
1653 2752 1662 2765 ,
1682 2732 1750 2759 onis.
1769 2731 1790 2758 f.
1825 2731 1944 2758 Macrob.
1957 2730 2046 2757 Somn.
2060 2729 2127 2765 Scip.
2143 2738 2162 2761 1,
2175 2738 2209 2756 20
2239 2728 2392 2756 Exclufione

1414 2770 1494 2795 minis
1507 2768 1626 2795 tenebras
1639 2769 1669 2794 in
1681 2773 1779 2794 terram
1788 2768 1917 2794 refundit.
2022 2768 2170 2792 Ventorum
2188 2765 2256 2791 Vitr.
2271 2774 2292 2797 1,
2305 2766 2330 2791 6.

2409 2706 2450 2754 ι...

2401 2764 2457 2804 Eat-3

1449 2844 1467 2864 E
1484 2846 1502 2865 x
1519 2845 1535 2865 C
1558 2845 1575 2864 L
1592 2845 1608 2862 Υ
1627 2845 1648 2864 Τ
1667 2844 1688 2864 Α
1707 2844 1724 2863 13
1737 2857 1747 2870 ,
1792 2838 1886 2873 Populi
1923 2838 1992 2864 inter
2029 2846 2096 2872 quos
2135 2837 2279 2864 Amazones
2315 2832 2460 2865 Illyricam·

1410 2874 1549 2908 regionem
1581 2872 1748 2899 incoluerunt
1778 2873 1850 2900 Seru.
1883 2876 1911 2899 in
1944 2872 2020 2907 Virg.
2052 2873 2116 2898 Aen.
2150 2879 2183 2900 11,
2205 2877 2264 2904 842.
2292 2869 2371 2895 Lacus
2397 2878 2451 2896 cor-

1410 2916 1507 2944 ruptus.

1450 2948 1521 2970 Exc
1533 2940 1669 2975 onfco,
1700 2946 1753 2970 are.
1790 2943 1860 2979 Qu'd
1882 2941 1954 2976 cffit,
1972 2942 2078 2977 explicat
2095 2938 2189 2966 Pallad.
2208 2940 2263 2965 Ian.
2285 2948 2293 2966 r
2327 2939 2450 2967 Ianuario

1419 3014 1564 3049 appellant,
1583 3013 1610 3038 id
1625 3014 1659 3039 est
1672 3015 1740 3041 circa
1752 3015 1816 3041 vitis
1829 3014 1945 3040 codicem
1958 3011 2067 3038 dolabra
2077 3018 2173 3037 terram
2188 3010 2328 3044 diligenter
2338 3010 2451 3046 aperire,

1419 3057 1444 3076 et
1459 3049 1573 3084 purgatis
1586 3048 1710 3075 omnibus
1724 3050 1797 3076 velut
1812 3049 1881 3076 lacus
1895 3046 2014 3079 efficere,
2032 3053 2060 3074 vt
2091 3046 2152 3072 solis
2166 3045 2302 3082 teporibus
2317 3052 2343 3072 et
2358 3045 2463 3072 imbrs,

1421 3085 1469 3112 bus
1483 3090 1669 3119 prouoccntur.
1764 3084 1854 3110 Isidor.
1876 3084 1951 3117 Orig.
1972 3090 2010 3116 17,
2025 3089 2038 3114 ς
2061 3081 2227 3115 Oblaqueare
2245 3081 2282 3107 cst
2301 3079 2449 3109 circarcodi-

1422 3129 1480 3147 cem
1494 3127 1591 3146 terram
1604 3119 1723 3153 aperire,
1741 3125 1765 3144 et
1779 3120 1850 3146 velut
1863 3119 1931 3146 lacus
1942 3116 2052 3144 efficere.
2124 3118 2181 3142 Hoc
2193 3116 2280 3150 aliqui
2296 3116 2450 3144 excodicare

1421 3156 1560 3190 appellant.
1754 3152 1774 3191 ff
1796 3164 1811 3181 2
1848 3154 1894 3182 Sed
1906 3153 1968 3180 idem
1976 3152 2036 3189 scre
2048 3152 2112 3187 quod
2127 3150 2262 3188 exstirpare
2277 3159 2348 3178 notat
2365 3151 2450 3185 Festo,

1423 3190 1584 3225 Repastinari
1604 3197 1664 3223 ager
1684 3189 1705 3214 is
1723 3188 1835 3221 dicitur,
1854 3196 1882 3215 vt
1896 3188 2003 3216 Verrius
2016 3187 2160 3218 existimat,
2178 3188 2253 3213 cuius
2263 3193 2356 3214 natura
2368 3192 2451 3214 muta-

1423 3233 1466 3253 tur
1485 3225 1627 3257 fodiendo,
1643 3233 1703 3250 cum
1724 3232 1767 3251 aut
1788 3225 1903 3251 siluesser
1914 3223 2095 3254 exceduntur,
2115 3229 2159 3248 aut
2173 3222 2238 3258 lapis
2249 3223 2370 3249 mollitur
2381 3223 2450 3249 fran-

1424 3262 1509 3296 gcndo
1523 3269 1567 3286 cte.
1638 3260 1678 3286 Sic
1689 3266 1713 3285 et
1727 3260 1844 3286 Tertull.
1859 3260 1890 3286 de
1904 3259 2015 3286 i'udicit.
2029 3268 2049 3284 c.
2066 3261 2092 3284 16
2112 3258 2138 3284 Si
2152 3259 2191 3285 vis
2203 3267 2309 3285 omnem
2327 3258 2450 3285 notitiam
2462 3271 2463 3275 =

1423 3297 1541 3331 Apostoli
1554 3295 1675 3325 ebibere,
1696 3300 1724 3320 vt
1740 3295 1887 3329 intelligas,
1905 3300 2000 3329 quanta
2014 3295 2094 3320 securi
2109 3294 2228 3320 censurae
2242 3302 2349 3320 ornnem
2361 3287 2464 3335 siluam}

1423 3332 1566 3358 libidinum
1581 3330 1677 3361 caedat,
1690 3337 1714 3355 et
1728 3330 1855 3360 eradicet,
1874 3336 1898 3356 et
1913 3329 2056 3361 excodiccc
2073 3338 2118 3355 nec
2131 3329 2275 3364 quidquam
2287 3329 2319 3355 de
2330 3328 2464 3356 'recidiuw

1423 3369 1549 3394 fruticare
1571 3366 1705 3400 permittat
1727 3372 1772 3391 etc.
1809 3365 1932 3392 scribitur
1958 3365 1999 3391 hic
2021 3369 2093 3391 etiam
2118 3364 2267 3392 excaudicet
2280 3374 2286 3390 z
2320 3371 2401 3399 nempe
2421 3356 2464 3400 ”il

1423 3403 1529 3429 Caudex
1560 3409 1584 3427 et
1615 3400 1714 3426 Codex.
1768 3400 1815 3426 Sed
1833 3402 1905 3426 ctiam
1928 3400 2046 3427 Frontin.
2070 3400 2102 3426 de
2121 3399 2237 3435 Aquaed.
2251 3409 2275 3433 p.
2288 3405 2336 3429 228
2355 3400 2382 3425 in
2394 3399 2463 3432 lege]

1425 3438 1567 3471 Quinc’tia,
1592 3435 1723 3466 Arbores,
1749 3436 1831 3467 vites,
1856 3444 1962 3469 vepres,
1986 3437 2080 3465 sentes,
2104 3436 2191 3470 ripae,
2209 3434 2335 3465 maceria,
2355 3433 2463 3468 salicta«

1423 3472 1593 3502 arundineta,
1611 3471 1751 3501 tollantur,
1770 3470 1939 3503 excidantur,
1963 3471 2135 3503 effodiantur,
2160 3469 2354 3497 excodicentur.
2408 3469 2450 3498 Sic

1461 3550 1478 3569 E
1488 3551 1504 3569 Χ
1515 3549 1531 3568 C
1542 3550 1560 3567 O
1569 3548 1588 3567 G
1600 3540 1684 3570 1''1'‹)‚
1702 3545 1754 3566 Ere.
1790 3540 1956 3574 [ἔνθυμέαμαι
1964 3563 1972 3573 ‚
1989 3542 2154 3575 μηχαναίσμαι
2162 3564 2169 3575 ‚
2193 3541 2300 3575 ἐπινοέω]
2336 3535 2456 3566 Cofi't'l'fflf·¹

1425 3578 1455 3604 do
1468 3582 1585 3606 irmemre.
1622 3575 1790 3609 Excogitare,
1811 3585 1876 3610 quae
1889 3583 1928 3603 tua
1943 3578 2012 3603 ratio
2026 3577 2070 3609 lit,
2092 3586 2144 3603 non
2158 3576 2255 3610 possum
2276 3576 2333 3601 Cic.
2347 3565 2413 3601 Pstis.
2426 3578 2448 3606 8,
2461 3597 2462 3603 ,

1427 3623 1448 3640 c.
1462 3616 1486 3639 6.
1590 3612 1644 3637 Cic.
1658 3612 1724 3637 Verr
1745 3621 1772 3644 4,
1785 3617 1813 3641 88
1825 3621 1845 3637 c.
1859 3621 1887 3644 4¹
1914 3612 2024 3639 Nouum
2040 3622 2068 3638 ac
2088 3612 2213 3646 singulare
2233 3611 2354 3645 supplicii
2373 3616 2450 3645 genu·

1427 3647 1594 3682 excogitauit.
1698 3647 1752 3672 Cic.
1769 3648 1842 3672 Verr.
1856 3650 1912 3679 5‚16
1925 3655 1971 3682 c.7
1997 3649 2084 3675 Verres
2092 3647 2244 3681 Apoh'ouium
2258 3650 2335 3672 citari
2347 3645 2450 3678 iigffirat.

333 3683 366 3710 ad
379 3682 555 3709 exhibendum
568 3683 610 3716 agi
622 3684 701 3716 potest
715 3685 815 3710 Paullus
830 3685 857 3709 in
871 3684 887 3710 l.
901 3684 1010 3710 Gemma
1024 3684 1055 3710 D.
1070 3683 1107 3709 Ad
1122 3682 1416 3711 exhib.1‡xcludere100
1429 3685 1557 3710 Homines
1576 3681 1660 3707 statim
1679 3680 1752 3715 loqui
1762 3701 1770 3713 ,
1787 3682 1893 3713 mirari,
1913 3683 1983 3718 quod
2003 3682 2158 3717 Apollonius
2168 3700 2175 3711 ,
2192 3680 2272 3707 homo
2292 3680 2450 3715 pecuniosffls
2461 3680 2479 3701 l'*

335 3719 376 3746 bit·
389 3719 422 3751 cst
434 3718 551 3753 inclusam
563 3720 672 3743 eximere.
767 3721 876 3745 Honore
891 3719 984 3753 aliquo
1003 3719 1161 3745 nominatim
1175 3719 1277 3744 excludi
1306 3720 1361 3745 Cic.

335 3753 367 3779 dc
381 3754 409 3779 1..
423 3754 484 3787 Agr.
500 3761 523 3783 z,
539 3759 588 3790 593
682 3753 837 3781 Honoribus
851 3761 876 3780 ct
891 3755 1011 3788 praemiis
1025 3752 1127 3781 excludi
1148 3754 1217 3779 Idem
1227 3763 1273 3788 pro
1281 3755 1361 3781 Corn.

335 3789 408 3816 Balb.
423 3797 466 3820 24.
501 3821 506 3826 .
537 3785 643 3825 anct.
658 3794 684 3820 7,
698 3795 717 3817 1,
732 3796 748 3818 9
768 3788 794 3814 Si
807 3789 875 3814 aliud
891 3796 966 3823 negat
982 3798 1053 3822 reus,
1071 3789 1142 3816 aliud
1156 3788 1361 3819 defendit,aliud

336 3826 396 3850 Iure
408 3823 521 3849 actionis
537 3820 667 3852 excludit,
681 3828 725 3855 ptr
739 3827 897 3858 exceptionem
904 3826 1010 3859 sedicet.
1025 3844 1031 3851 .
1116 3825 1261 3858 Liquorem
1274 3825 1359 3851 exclu-

334 3860 394 3885 dere
414 3857 531 3886 Scribon.
546 3861 588 3890 49.
624 3859 642 3881 i.
660 3859 774 3882 emittere.

868 3859 922 3885 Cic.
934 3859 965 3885 de
978 3860 1103 3894 Amic..19
1128 3861 1252 3888 Amicitia
1278 3861 1359 3895 pluri·
1369 3864 1462 3892 105ter
1476 3866 1501 3885 et
1515 3865 1589 3885 caute
1610 3857 1664 3884 Cic.
1680 3859 1754 3885 Verr.
1769 3868 1798 3892 4,
1811 3867 1867 3894 147.

1428 3726 1480 3745 tam
1495 3719 1541 3745 diu
1553 3717 1585 3743 ab
1601 3717 1649 3742 isto
1664 3724 1780 3743 maneret
1792 3718 1900 3751 integer.
1942 3719 1988 3746 Sed
2002 3727 2065 3744 nuuc
2076 3718 2173 3746 dfcmu,
2188 3725 2240 3741 cum
2253 3720 2330 3743 citari
2342 3716 2462 3746 audiunt,l

1427 3755 1506 3788 (hamc
1519 3751 1614 3779 afflone
1626 3753 1677 3786 tpsa
1684 3752 1812 3787 fiapplebat
1824 3754 1941 3787 Tullius)
1955 3751 2117 3787 Excogitauit
2130 3752 2226 3785 aliquid
2243 3753 2331 3779 Verres
2338 3754 2349 3776 J
2368 3749 2450 3782 nescio

1428 3789 1490 3823 quid
1506 3788 1593 3815 attulit
1604 3795 1648 3812 etc.
1756 3789 1810 3814 Cic.
1826 3790 1853 3814 in
1868 3790 1946 3815 Catil.
1960 3798 1982 3821 2,
1996 3796 2013 3822 7
2047 3786 2118 3820 Qud
2133 3787 2203 3812 enim
2217 3787 2281 3813 mali
2294 3793 2338 3813 aut
2352 3783 2450 3812 sceleris
2473 3803 2476 3807 ψ

1427 3824 1506 3858 fingi,
1526 3830 1570 3849 aut
1588 3822 1732 3856 excogitari
1754 3824 1850 3857 potest,
1868 3824 1939 3859 quod
1953 3832 2006 3849 non
2022 3822 2066 3848 ille
2082 3822 2254 3855 conceperit?
2340 3821 2449 3854 Diligen-
2466 3839 2477 3857 A

1938 3857 2052 3893 ingeniis
2064 3856 2166 3891 aliquid
2181 3856 2219 3883 Id.
2236 3856 2268 3883 de
2282 3854 2448 3917 Legib.E2,35.

2393 3896 2448 3917 xeo-
