2479 4225
242 2046 245 2051 ’
290 2055 322 2081 lit
331 2064 338 2078 .·
358 2062 411 2078 cum
428 2051 560 2077 Discretos
579 2048 701 2084 adpellare
721 2048 822 2083 vulgare
845 2055 868 2072 et
886 2050 1014 2084 sordidum
1028 2050 1073 2083 fit.

292 198 356 235 ,95
659 169 912 213 Dis

294 270 398 299 cadere,
419 266 471 293 vid.
490 268 602 302 enno.
669 250 1085 319 ·C⁰“ffi²¹¹se¹‘erdgccepfflrtg⁰ssgffif
1105 251 1319 320 ζιὲᾱ.2εοτκίἓνε1·ι1ῐζ

295 311 381 368 gisoi,
395 300 552 368 64ciititsaqilird
562 297 1023 385 [ggcsg’ggsffiexgfstaggtziossepvinci
1034 324 1070 356 se,
1077 331 1124 383 ηξε
1138 320 1319 383 Ὲὲηςυὲἒῖἰίςῃῖ

294 361 912 439 ἓὲτέεξιρὲΠὲέῑιειῐιὶτρίῐξῗίιέἒιξᾞ·ἀίΐεεῖῖ3ῗὶὲηειιῐῗ
929 367 973 420 aiii
981 367 1196 435 2c9dntro7uerfiam
1216 392 1316 431 vocari.
1341 396 1356 423 5

296 440 367 476 Conf.
389 439 427 466 Id.
448 441 518 467 Fam,
539 446 560 472 ς,
579 445 601 468 2,
622 443 662 460 22.
733 434 781 471 Pro
798 429 933 468 (Irbnratu
951 436 975 455 et
994 436 1140 468 cognitione.
1176 427 1242 488 V‘lipk
1254 435 1282 452 in
1301 427 1319 452 l.

295 484 377 511 quum
392 475 413 501 ii
432 473 454 511 §.
468 475 485 500 si
499 474 540 500 cui
553 474 582 498 1).
597 469 627 495 de
642 464 876 506 transatftionibuS‚
896 466 967 505 Haec
980 472 1070 504 omnia
1088 463 1184 489 habent
1217 470 1226 488 1
1238 467 1322 496 cepta-

296 512 396 538 tionem
409 509 551 536 Praetoris:
568 511 592 531 et
606 512 653 537 pro
667 503 779 528 vtilitatc
793 499 954 540 alimentarii
967 498 1117 540 accipienda
1130 499 1196 524 sunt.

333 546 601 572 DisCEPTATIV
614 544 661 564 Nc
674 543 767 567 vin,
787 543 826 561 ae.
846 535 866 561 f.
903 535 1004 562 Dimin.
1039 534 1148 560 Getl.20
1163 543 1183 559 c.
1197 533 1243 572 ult3
1262 541 1324 568 quae

295 580 469 608 recentioribus
486 575 549 604 regie
567 573 694 608 praefatio
710 569 758 603 nst,
777 570 900 605 Tempus
917 570 950 598 ad
962 569 1119 604 colligendas
1132 577 1322 595 memoriarum
1340 582 1370 602 to
1386 560 1524 589 Custodire
1542 562 1692 595 discrimina
1706 569 1848 603 ordinum,
1870 571 1923 597 vid.
1957 576 1975 597 C
1986 578 2006 597 v
2016 576 2169 599 STonio.

297 612 534 649 disceptatiunculas
552 609 679 648 conferre.
700 645 711 648 -
989 641 996 650 ⁷
1140 638 1145 647 .
1282 641 1285 645 .
1309 641 1313 645 ⁵

333 652 538 678 DissiiRNO,
557 648 646 676 creui,
670 646 784 672 cretum,
807 642 860 667 ere.
897 638 1034 676 [dian-emm,
1054 637 1213 680 dicipulorum]
1248 640 1323 679 Diut-

298 686 353 712 dere
378 669 500 720 spara-ire.
536 680 601 706 Plin.
616 687 649 710 12,
664 685 691 709 19
711 676 753 702 Est
765 682 791 702 et
804 675 855 703 alia
869 676 939 703 fama
950 697 959 709 ,
978 685 1038 702 cum
1051 676 1110 702 Sole
1122 674 1224 706 diuidi,
1238 674 1324 700 binas-

318 730 348 746 ue
360 704 443 753 partes
462 715 534 746 fieri,
552 713 644 740 deinde
662 712 730 738 sorte
749 711 846 737 cremia
864 712 983 738 discerni.
1055 711 1129 751 {lii-g.
1144 711 1207 736 Aen.
1223 718 1259 742 12,
1278 714 1323 741 898

298 731 388 781 gairum
401 751 537 785 antiquum
546 769 554 781 ,
574 749 664 782 ingens
676 755 768 781 campo
781 747 829 781 qui
840 747 909 773 forte
922 746 1023 773 iacebat
1040 747 1127 786 Limes
1140 755 1203 780 agro
1216 745 1322 785 posituS,
1341 763 1350 782 1

297 776 369 816 iitem
383 793 410 812 vt
429 786 583 812 discerneret
595 783 676 809 aruis.
745 780 817 808 Idem
831 782 894 808 Aen.
907 791 934 815 4,
948 784 1001 815 264
1035 782 1129 808 Tenui
1147 781 1209 807 telas
1228 780 1323 806 discre-

296 828 367 851 verat
380 830 453 848 auro.
522 819 683 845 Tumultum
696 823 811 844 veterem
827 816 951 844 discreuit
964 816 1056 844 Claud.
1070 817 1101 843 de
1117 818 1191 851 Rapt.
1205 817 1322 850 Proxerp.

296 868 305 885 1
333 862 387 890 248.
559 852 580 891 q
605 863 618 880 2
655 851 779 886 Distinfie
796 852 951 888 cognoscere,
971 852 1116 879 diiudicare.
1157 853 1225 892 Ter.
1245 851 1322 878 Adel.

294 878 321 927 4⁷,
336 901 360 924 2,
374 901 386 923 ς
424 888 496 923 Qiid
523 888 573 916 hoc
592 889 725 921 (malum)
744 888 925 914 infelicitatis?
953 896 1056 922 nequeo
1083 888 1143 914 satis
1169 888 1324 914 discernere.

294 929 348 954 Cic.
364 925 442 952 Acad.
456 933 484 958 4,
497 929 525 957 85
558 926 617 958 Qua
637 925 719 959 igitur
737 924 847 950 notione
867 923 1054 963 discerneresss·
1248 958 1252 963 .

293 971 336 995 114
353 971 374 988 c.
390 969 420 993 39
456 961 622 987 Democritus
639 959 783 986 luminibus
802 958 894 985 amiffis
913 957 979 985 Alba
999 958 1097 985 scilicet
1114 965 1140 985 et
1156 965 1210 985 atra
1228 958 1322 985 discer-

291 1006 354 1024 ncre
366 1005 420 1023 non
434 1001 543 1030 poterat.
615 997 645 1022 Ει
659 1004 706 1030 pro
721 996 795 1021 Font.
807 1003 831 1027 13
846 1003 867 1020 c.
881 996 897 1020 6
922 993 995 1027 Qiid
1008 994 1043 1020 est
1057 994 1148 1028 igitur,
1160 994 1207 1020 vbi
1219 994 1322 1034 elucere

293 1032 366 1067 possit
382 1031 538 1066 prudentia3
557 1030 604 1057 vbi
618 1030 728 1057 discerni
744 1030 835 1056 stultus
850 1029 957 1056 auditor
977 1035 1002 1055 et
1019 1030 1139 1056 credulus
1153 1029 1184 1055 ab
1197 1029 1323 1063 religioso

292 1074 317 1095 et
337 1067 448 1102 sapienti
467 1065 571 1092 iudice3
641 1066 719 1092 Diem
733 1072 758 1092 et
769 1065 875 1092 nofiem
888 1064 1033 1091 discernere
1047 1065 1119 1091 caelo
1133 1066 1207 1099 Virg.
1216 1066 1286 1104 Aen.
1299 1073 1323 1097 3,

293 1112 346 1130 201.
417 1103 464 1128 Fas
477 1106 555 1136 atque
567 1101 638 1127 nefas
650 1101 795 1128 discernere
815 1102 882 1127 Hor.
898 1102 982 1127 Carni.
1000 1109 1021 1133 1,
1037 1105 1072 1133 18,
1086 1109 1118 1127 11.
1188 1101 1324 1140 Discerne-
1341 1116 1357 1135 2

291 1148 321 1166 re
335 1142 393 1165 vtra
408 1146 464 1172 pars
481 1137 617 1163 iustiorem
635 1136 729 1163 habeat
749 1137 849 1163 causam
865 1136 972 1162 Caes-B.
986 1136 1016 1162 C.
1030 1145 1050 1168 i,
1063 1143 1099 1169 35.
1171 1137 1324 1162 Discernere

291 1183 355 1201 vera
367 1183 382 1200 a
401 1172 467 1199 falsis
486 1172 552 1198 Plin.
567 1178 608 1206 37,
621 1180 657 1198 iz.
728 1171 896 1198 Articulatim
916 1171 996 1199 verba
1014 1171 1161 1198 discernere
1178 1172 1284 1199 Lucret.
1297 1180 1325 1205 4,

291 1218 347 1244 559.
365 1212 383 1235 i.
405 1209 548 1242 Explanate.
1187 1245 1191 1249 ⁴

326 1252 345 1272 D
354 1252 363 1271 1
373 1252 386 1271 s
396 1249 413 1270 c
423 1250 440 1270 i:
449 1250 466 1269 R
477 1250 498 1269 N
507 1249 523 1269 E
533 1249 555 1268 N
564 1249 576 1269 s
584 1261 592 1274 ,
611 1242 687 1268 entis.
710 1243 777 1269 Part.
809 1241 866 1268 Vid.
879 1251 935 1269 mox
955 1248 1135 1270 Discmz‘rvs.
1154 1244 1222 1269 Hinc

327 1287 346 1307 n
355 1287 365 1305 1
373 1286 385 1306 s
395 1285 412 1305 e
422 1286 439 1305 E
447 1285 465 1304 R
476 1284 497 1302 N
507 1284 524 1304 1-3
533 1285 554 1303 N
563 1284 584 1303 'r
594 1284 610 1303 E
619 1285 647 1303 R.
669 1277 735 1304 Adu.
773 1278 843 1304 Cael.
859 1277 948 1304 Aurel.
961 1277 1048 1304 Tard.
1064 1286 1085 1310 1,
1100 1287 1118 1311 4
1138 1278 1323 1304 Discernenter

289 1315 365 1342 aiiuit
379 1314 428 1341 hoc
441 1312 569 1340 adiutorii
584 1321 664 1347 genus
677 1312 872 1346 adhibendum,
891 1316 910 1340 i.
930 1320 1015 1347 caute,
1029 1319 1059 1340 vt
1072 1313 1144 1349 quid,
1158 1316 1198 1339 cui
1212 1313 1325 1340 adhibea-

291 1357 345 1383 tur,
362 1349 496 1376 videamus.
998 1383 1003 1388 Ι
1256 1383 1262 1389 .
1299 1384 1305 1389 1

327 1381 601 1412 DisCERNmi'Lts
611 1403 619 1415 ,
647 1392 670 1410 e.
705 1383 766 1409 Adi.
802 1383 909 1418 August.
924 1382 1029 1410 Euchir.
1042 1392 1064 1410 c.
1077 1392 1112 1417 90
1140 1384 1276 1410 Creatoris
1297 1393 1326 1410 in

290 1419 376 1454 effigie
390 1420 432 1446 sua
445 1419 572 1453 cuiusque
587 1419 734 1452 proprietas
747 1424 772 1444 et
790 1418 970 1445 discernibilis
984 1419 1129 1446 similitudo
1142 1420 1276 1446 seruatur:
1296 1420 1326 1446 in

290 1455 399 1482 ‹aeteris
415 1460 501 1480 autem
515 1454 634 1485 corporis
647 1453 724 1479 bonis
740 1453 860 1487 aequalia
872 1454 964 1480 cun-{ta
976 1454 1130 1482 redduntur.
1343 1471 1355 1495 3

326 1487 673 1520 uisci-:RNicVLvim
699 1487 716 1512 i.
744 1497 770 1513 n.
797 1488 832 1513 est
851 1491 898 1519 (vt
915 1492 954 1514 ait
972 1490 1058 1515 Varro
1076 1499 1104 1522 4,
1123 1498 1157 1522 29
1175 1489 1207 1516 de
1229 1490 1259 1516 L.
1273 1490 1323 1521 L.)

289 1528 352 1560 Qo
369 1524 524 1552 discernitur
543 1523 660 1557 capillus.
698 1522 805 1549 Nonius
821 1531 847 1554 i,
866 1530 906 1555 155
935 1523 1160 1557 Discerniculum,
1179 1533 1239 1550 acus
1257 1534 1324 1558 quae

290 1561 398 1596 capillos
412 1560 554 1586 mulierum
570 1564 628 1584 ante
647 1558 762 1584 frontem
775 1557 887 1584 diuidit:
913 1557 1014 1584 dic-“tum
1027 1567 1040 1583 a
1055 1559 1234 1584 discernendo.
1272 1560 1325 1585 Lu-

290 1597 333 1623 cil.
348 1605 379 1628 30
407 1595 565 1629 Euplocamo
584 1593 688 1627 digitis,
702 1593 957 1628 discerniculumque
970 1593 1075 1628 capillo.
1110 1593 1168 1620 Vid.
1195 1599 1325 1620 13180111-

282 1639 371 1659 ἸΜΕΝ.
408 1632 499 1666 Nempe
512 1632 584 1656 etiam
597 1630 661 1655 alias
673 1635 742 1654 notat
750 1627 927 1661 Differentiam
934 1636 1005 1665 atque
1018 1628 1166 1668 difirjmcn:
1203 1629 1272 1655 Gell.
1286 1636 1324 1669 17,
1336 1645 1374 1671 40
1388 1631 1526 1653 ADDvco.

290 1675 316 1700 15
338 1667 415 1693 Tum
432 1665 549 1700 comperi
567 1664 628 1690 duas
645 1664 739 1698 species
754 1663 885 1691 hellebori
898 1664 962 1698 effe,
979 1664 1155 1691 discerniculo
1174 1664 1273 1691 coloris
1284 1674 1323 1691 111-

289 1702 385 1737 flgnes,
406 1701 510 1728 candidi
523 1705 549 1727 et
564 1700 643 1735 nigri.
1298 1738 1302 1743 ι

325 1744 378 1764 ms
388 1743 405 1763 c
416 1743 457 1765 RE
466 1743 515 1763 'rv
525 1743 555 1768 s,
573 1744 604 1768 a,
619 1744 673 1761 um.
709 1735 777 1761 Part.
811 1735 958 1770 Separatur,
969 1735 1072 1772 diurfiis.
1114 1735 1209 1769 Vffus
1222 1735 1251 1761 de
1268 1736 1322 1762 Vit.

288 1772 365 1800 Serm.
379 1782 400 1803 1,
410 1781 439 1802 33
453 1777 482 1805 p.
498 1781 542 1805 ¹45
579 1770 727 1802 Discretus,
735 1770 843 1806 scribit,
855 1771 977 1797 veteribus
991 1772 1088 1808 semper
1103 1771 1225 1806 paffiuum
1238 1770 1266 1797 de
1281 1773 1323 1802 iis,

288 1815 347 1842 quae
354 1806 532 1841 ficervmntur:
552 1811 590 1835 vt,
602 1805 720 1832 Discreta
732 1806 830 1832 semina
846 1806 949 1833 Lucret.
965 1809 990 1839 6,
1004 1814 1065 1841 790.
1079 1813 1103 1832 et
1117 1806 1280 1838 Columel.3,
1289 1814 1322 1832 21.

289 1843 421 1876 Nunquam
442 1848 498 1866 vero
516 1837 626 1865 afliuum
642 1847 690 1874 pro
708 1849 750 1872 eo,
786 1844 811 1866 ui
829 1850 910 1867 rerum
929 1850 1049 1868 momenta
1062 1842 1197 1873 dicernit,
1210 1840 1324 1876 quomodo

289 1877 390 1908 dicunt,
403 1875 499 1901 Virum
518 1874 666 1900 discretum.
703 1849 812 1909 Qoaqfi
823 1876 928 1902 Plautus
940 1884 1020 1903 tamen
1041 1876 1122 1903 afflue
1140 1883 1218 1902 notos
1228 1883 1276 1915 pro
1290 1880 1324 1915 iis

288 1912 372 1944 dixit,
386 1913 429 1946 qui
447 1916 566 1936 nonerunt
576 1929 584 1941 ,
598 1908 743 1942 suspectum
757 1915 807 1943 pro
823 1910 950 1944 suspicace
962 1911 1101 1943 Dionysius
1114 1911 1180 1937 Cato
1197 1911 1225 1936 in
1244 1910 1324 1936 Disti-

290 1947 362 1977 chis3
380 1955 429 1972 non
447 1944 548 1981 absurde
570 1944 627 1970 adeo
640 1944 786 1976 Discretus,
795 1950 844 1979 pro
857 1953 891 1976 eo,
905 1948 948 1979 qui
966 1945 1101 1980 discernit,
1121 1945 1172 1971 dici
1189 1945 1324 1970 videatur?

295 1983 370 2010 Tales
383 1988 479 2012 tamen,
493 1980 517 2006 h.
536 1988 555 2005 e.
579 1982 621 2013 qui
634 1988 658 2004 eo
670 1979 756 2004 habitu
763 1979 876 2012 praediti
883 1979 964 2015 sunt,
979 1983 1022 2015 qui
1035 1980 1165 2006 Discretio
1177 1979 1324 2015 appellatur,
1340 1992 1372 2018 50
1388 1976 1490 2002 torium
1509 1983 1588 2004 ratus.

290 2018 320 2044 de
332 2026 377 2053 quo
390 2025 445 2042 mox
459 2018 531 2041 etiam
549 2013 703 2040 monebimus.
741 2014 919 2040 Discernentes
937 2015 989 2041 dici·
1004 2017 1324 2077 [animm-{li‘taeigxinezzi

282 2089 381 2125 semper
393 2093 462 2113 notat
474 2085 614 2121 separatus.
649 2083 716 2110 Plin.
729 2082 808 2117 Epist.
821 2090 848 2122 43,
863 2090 891 2114 19
915 2084 1031 2123 Discreta
1049 2085 1119 2111 velo.
1156 2085 1216 2124 Stat.
1233 2085 1325 2111 Theb.

291 2132 315 2156 ς,
330 2131 375 2156 559
394 2123 462 2156 Ager
475 2121 598 2160 discretus
613 2120 683 2146 saxo.
753 2119 811 2145 Vox
832 2118 980 2152 ingreditur
993 2118 1024 2145 ad
1046 2128 1120 2146 aures
1139 2119 1247 2146 discreta
1266 2128 1324 2146 ver-

289 2159 388 2186 borum
408 2158 525 2184 claritate
549 2157 653 2182 Vitruu.
671 2162 694 2188 5,
713 2161 738 2189 7.
901 2189 906 2193 .

291 2194 366 2221 Ordo
380 2193 504 2219 discretus
519 2190 648 2225 Qiinffil.
662 2197 688 2225 7,
701 2198 722 2215 2.
794 2188 869 2214 Sedes
881 2188 1006 2216 discretae
1018 2191 1086 2217 Hor.
1101 2191 1187 2217 Carm.
1200 2199 1225 2222 2,
1237 2199 1271 2223 13,
1287 2199 1323 2223 23.

290 2229 387 2257 Tellus
399 2228 483 2255 diuisa
494 2233 519 2254 et
532 2227 641 2253 discreta
659 2226 762 2252 Lucret.
776 2231 799 2257 5,
815 2232 891 2257 1440.
924 2261 928 2265 .
1082 2262 1086 2266 .
1236 2262 1241 2267 .

328 2272 347 2291 D
357 2273 366 2291 1
377 2273 389 2291 S
398 2270 415 2291 C
425 2271 445 2291 R
453 2265 470 2291 ἓ
479 2270 499 2291 Τ
509 2270 534 2290 E.
570 2261 637 2289 Adu.
672 2258 856 2295 [διακριμένως]
892 2256 1017 2293 Dtstinc‘le
1026 2279 1032 2290 ‚
1045 2269 1116 2286 cuius
1127 2266 1280 2299 contrarium
1293 2258 1326 2293 ist
1341 2268 1343 2271 ’

291 2300 396 2336 Confusa
413 2307 436 2326 et
450 2302 581 2335 permixte.
617 2296 673 2323 Cic.
682 2296 714 2322 de
721 2297 823 2322 Inuent.
834 2304 854 2327 1,
866 2303 901 2328 49
915 2303 936 2321 c.
950 2303 980 2327 30
1011 2296 1042 2321 In
1055 2295 1200 2329 praesentia
1212 2301 1325 2322 tantum-

291 2335 373 2362 modo
391 2343 514 2361 numeros
529 2339 554 2360 et
572 2332 664 2359 modos
678 2337 704 2358 et
723 2337 807 2365 partes
821 2330 1020 2364 argumentandi
1033 2331 1140 2357 confuse
1159 2336 1185 2357 et
1197 2331 1326 2364 permixte
1340 2342 1375 2367 60
1391 2329 1531 2357 discrimen
1559 2332 1598 2358 Id.
1611 2333 1683 2359 Fam.
1704 2342 1739 2366 9,
1756 2342 1789 2366 13.

290 2370 467 2405 dispersimus:
488 2369 544 2404 post
562 2368 670 2395 discrete
688 2373 715 2393 et
734 2366 816 2406 ele6Jte
837 2366 865 2392 in
886 2375 966 2400 genus
986 2366 1111 2401 quodque
1131 2367 1235 2397 causae,
1260 2366 1325 2401 quid

291 2407 387 2440 cuique
400 2406 556 2437 conueniat,
569 2413 600 2430 ex
614 2404 660 2430 hac
679 2403 754 2437 copia
769 2401 926 2444 digeremus.

326 2448 344 2468 D
355 2449 364 2467 1
375 2448 493 2468 SCRET
503 2447 513 2466 1
524 2447 558 2466 Μ.
579 2439 647 2466 Adu.
684 2439 749 2465 Idem
759 2436 917 2473 fignificans.
954 2437 1039 2463 Varro
1052 2436 1084 2462 de
1097 2437 1128 2462 R.
1143 2437 1174 2462 R.
1188 2445 1206 2476 1,
1218 2444 1230 2468 3
1252 2437 1325 2469 Qio-

290 2477 361 2503 niam
382 2476 515 2502 discretim
535 2475 566 2501 de
586 2475 626 2501 his
651 2473 730 2501 rebus
756 2472 897 2499 dicendum
917 2471 961 2498 est.
997 2473 1101 2508 Legitur
1121 2478 1145 2497 ct
1165 2472 1327 2498 Discretum:

290 2512 355 2548 quod
374 2512 429 2538 bene
449 2515 579 2546 congruit,
589 2509 615 2543 fi
633 2510 754 2545 Scaligeri
771 2507 966 2545 dispunctionem
986 2507 1134 2534 adhibemut.
1168 2506 1225 2533 l'id.
1249 2514 1327 2533 autem
1341 2516 1373 2548 65

293 2547 369 2580 Apul.
384 2545 483 2572 Florid.
503 2555 527 2579 p.
542 2552 600 2579 347.
620 2552 644 2571 et
664 2546 728 2571 Met.
743 2546 760 2571 6
774 2553 798 2579 p.
813 2551 862 2580 173.
900 2543 1043 2578 Sigillatim
1063 2551 1092 2569 ac
1113 2541 1246 2569 discretim
1265 2543 1328 2569 Am-

294 2583 375 2609 mian.
387 2588 437 2614 27,
451 2589 469 2606 1.
489 2587 512 2605 ει
528 2588 571 2611 29,
585 2581 608 2605 6.

329 2623 347 2642 D
358 2623 367 2641 1
379 2623 391 2642 s
401 2621 418 2642 c
429 2622 448 2640 R
460 2616 522 2641 ἔτι
534 2619 571 2645 o,
596 2613 662 2639 onis.
686 2613 705 2638 f.
741 2614 945 2647 Discriminatio,
964 2612 1059 2648 diuisio.
1097 2613 1190 2640 Pallad.
1206 2613 1255 2640 Iul.
1273 2622 1300 2647 4,
1315 2621 1328 2646 ς

294 2651 410 2685 Quidam
423 2650 493 2676 coire
508 2648 527 2682 (
530 2652 618 2674 arietes
632 2647 735 2681 ouibus)
755 2647 806 2673 line
821 2648 977 2675 discretione
990 2649 1163 2683 permittunt,
1181 2654 1210 2675 vt
1223 2648 1273 2675 hoc
1290 2649 1328 2675 eis

294 2695 388 2722 genere
403 2695 450 2720 per
463 2690 548 2711 totum
568 2691 664 2709 annum
684 2683 769 2708 fetura
788 2691 841 2707 non
855 2682 931 2713 defit,
951 2686 970 2708 i.
991 2693 1038 2709 non
1052 2684 1175 2717 obseruato
1186 2685 1328 2719 discrimine
1335 2702 1372 2730 70

293 2725 409 2757 πωροι-1.(
438 2728 482 2747 etc.
537 2717 679 2752 Tryphon.
702 2717 719 2743 l.
738 2719 771 2742 62
789 2713 826 2752 §1
847 2716 872 2742 ff.
892 2716 923 2742 de
944 2718 1026 2743 vsufr.
1049 2719 1179 2744 Discretio
1200 2718 1326 2745 difficilis.

295 2741 445 2784 Auoust.c'1e
459 2754 550 2781 Genesi
571 2753 603 2780 ad
617 2754 668 2779 Lit.
685 2761 709 2785 2,
723 2757 736 2782 Β
776 2751 906 2777 Discretio
931 2758 1059 2777 terrarum
1086 2758 1164 2786 atque
1189 2762 1325 2787 aquarum.

293 2779 416 2820 Prti'dent.
437 2790 583 2823 Hamartig.
605 2798 630 2815 v.
651 2790 682 2814 26
721 2787 863 2813 Cumulum
883 2786 1005 2812 discretio
1024 2787 1113 2820 carpit.
1166 2788 1196 2813 Et
1209 2788 1326 2813 Auienus

296 2828 397 2855 Arateis
410 2837 434 2853 v.
448 2835 472 2858 3¹
492 2824 690 2852 Insociabiliuin
705 2822 825 2849 discretio
840 2821 904 2848 iusta
918 2823 1043 2848 Deorum.
1070 2821 1140 2847 Adde
1153 2822 1219 2848 ibid.
1229 2831 1259 2861 .V·
1269 2830 1326 2853 300.

295 2863 414 2890 Tertull.
428 2862 458 2888 ad
471 2863 552 2887 onr.
566 2869 591 2892 2,
604 2869 628 2892 9.
649 2866 672 2886 ct
691 2858 722 2885 de
737 2859 831 2884 Anima
846 2867 866 2884 c.
883 2866 916 2883 12.
953 2856 1069 2883 Laetam.
1083 2865 1111 2889 4,
1126 2865 1166 2889 29.
1202 2857 1325 2896 Diomed.

296 2907 309 2927 2
327 2908 351 2933 p.
369 2907 413 2931 431
439 2896 569 2923 Discretio
582 2895 618 2921 est
631 2894 796 2921 confusarum
815 2893 1033 2927 significationum
1053 2891 1174 2932 perplana
1189 2891 1327 2932 expolitio,

316 2943 362 2960 uae
375 2932 519 2959 ostenditur
538 2931 623 2957 modis
638 2930 770 2965 quinque,
796 2929 1010 2960 continuatione,
1031 2927 1209 2969 separatione,
1237 2927 1326 2953 distin-

295 2944 401 2999 guone,
422 2967 638 2994 subdistinE‘tione
663 2965 706 2991 vel
734 2973 817 2990 mora.
873 2963 913 2996 Est
932 2970 955 2990 ce
976 2966 1125 2990 innominati
1148 2963 1246 2989 habitus
1264 2962 1330 3004 apud

302 3006 416 3035 Veteres,
439 3005 560 3029 recentius
578 3011 675 3033 nomen,
688 3011 703 3027 a
720 3009 765 3035 quo
785 2999 897 3026 Discreti
914 3008 974 3025 nouo
994 3005 1017 3024 et
1035 2998 1086 3034 ipfii
1105 3001 1215 3029 nomine,
1241 3007 1282 3033 quz
1303 3007 1328 3024 eo

291 3039 418 3076 praediti,
431 3038 598 3073 appellantur:
618 3036 767 3072 prudentiae
786 3042 808 3060 el
825 3035 991 3061 humanitatis
1008 3043 1091 3060 nomen
1097 3043 1176 3069 ,quae
1195 3033 1328 3065 discernit,
1341 3044 1374 3070 80
1390 3032 1463 3067 Cous.
1477 3032 1534 3058 Sen.
1548 3033 1593 3067 Ep.
1608 3041 1647 3066 95.

296 3075 357 3111 quid
374 3078 473 3110 quisquc
494 3080 629 3099 mereatur:
644 3071 691 3108 sed
708 3072 785 3097 latius
797 3069 902 3106 subinde
918 3069 952 3096 ad
968 3069 1139 3109 liberalitatem
1158 3075 1181 3094 ct
1201 3069 1327 3105 indulgen-

297 3114 357 3137 tiam
372 3119 461 3145 quoquc
472 3108 634 3144 promiscuam
648 3107 766 3142 refertur.
802 3104 910 3145 Qun&
924 3104 995 3131 Dccl.
1010 3103 1092 3131 Trib.
1106 3104 1174 3130 Mar.
1184 3113 1211 3144 ἐἴ
1225 3113 1237 3144 3
1252 3114 1276 3138 p.
1291 3112 1327 3144 77

297 3145 364 3172 Edit.
385 3146 468 3172 Burm.
488 3144 603 3170 Patiatur
620 3148 646 3169 et
666 3148 710 3168 tua
730 3141 820 3167 diuina
838 3146 937 3172 virtus,
956 3145 982 3167 et
1001 3140 1134 3166 Romanae
1154 3139 1266 3165 militiae
1286 3148 1329 3179 pia

298 3180 428 3207 discretio.
467 3180 593 3213 Scioppius
610 3181 637 3204 in
659 3177 771 3213 Infamia
788 3177 899 3202 Famiani
919 3185 944 3209 p.
959 3184 1009 3201 212.
1028 3181 1050 3201 et
1059 3175 1130 3211 seqq.
1146 3174 1271 3236 ocbifhmat'
1284 3176 1327 3201 Ci-

299 3225 418 3242 ceronem
427 3222 475 3251 pro
490 3224 529 3246 eo,
542 3213 606 3249 quod
622 3212 813 3243 discretionem'
826 3211 935 3238 nonnulli
953 3210 1022 3237 hodie
1041 3217 1144 3245 vocant,
1176 3219 1189 3235 e

300 3250 452 3281 discrimem
487 3249 631 3284 leianum
646 3257 702 3275 vero
717 3247 854 3282 ingenium
873 3245 967 3279 dixffle.
1009 3246 1088 3285 Verba
1103 3246 1157 3271 [Ου’
1174 3245 1230 3279 lege
1245 3254 1260 3278 9
1276 3243 1329 3281 §.4

302 3285 334 3310 D.
347 3285 377 3310 de
389 3285 461 3311 Offic.
475 3285 594 3311 Procons.
608 3281 656 3317 ista
669 3283 747 3319 fiant:
784 3282 861 3308 Circa
874 3281 1014 3308 aduocatos
1029 3286 1169 3321 patientem
1187 3281 1238 3321 ⁸esse
1251 3289 1329 3314 opor-

301 3324 353 3350 tet,
371 3320 412 3345 sed
427 3329 484 3346 cum
498 3320 661 3354 ingenio‚ne
674 3317 862 3344 contemtibilis
879 3316 1015 3348 videatur3
1034 3325 1093 3344 cum
1105 3324 1228 3351 ingenio,
1242 3319 1260 3342 i.
1275 3325 1328 3342 cum

302 3354 468 3389 Discrctt'one,
481 3363 509 3381 vt
527 3358 680 3391 loquerentur
693 3353 763 3380 hodie
779 3353 897 3379 nonnulli.

337 3395 357 3414 1)
366 3395 375 3413 1
386 3396 397 3414 s
408 3395 424 3414 c
434 3396 452 3415 R
463 3397 477 3415 E
486 3397 506 3417 T
517 3397 536 3416 o
546 3398 565 3417 R
575 3411 583 3423 ,
602 3389 665 3417 oris.
686 3398 721 3415 m.
758 3389 836 3422 Vulg.
854 3390 925 3415 Inter
944 3397 965 3414 r.
983 3386 1067 3414 Hebr.
1086 3397 1114 3422 4,
1213 3426 1216 3429 .

303 3423 498 3456 cogitationum.
528 3426 583 3451 Vid.
596 3433 619 3452 et
639 3424 734 3452 Sarisb.
747 3433 773 3457 2,
788 3429 824 3454 ²8·
858 3425 915 3459 Apu
951 3422 1110 3450 Bernardum
1129 3421 1172 3456 effi
1189 3429 1229 3449 ait
1241 3422 1330 3449 Barth.

306 3458 339 3482 ad
353 3458 413 3483 Stat.
428 3457 517 3483 Theb.
530 3468 552 3492 3,
564 3468 606 3494 79.

342 3497 359 3516 1)
370 3499 378 3517 1
388 3499 399 3518 s
410 3498 426 3517 c
439 3499 456 3517 R
466 3495 536 3518 E'ro
546 3501 562 3519 R
574 3503 647 3527 ivs,
671 3504 702 3528 a,
721 3504 775 3521 um.
811 3494 872 3521 Adi.
908 3493 980 3520 Cael.
994 3493 1083 3520 Aurel.
1096 3493 1181 3520 Tard.
1197 3502 1224 3529 2,
1239 3502 1266 3520 12
1285 3492 1333 3519 Di⁷

306 3525 457 3552 scretorium
470 3525 642 3562 diaphragma.

1113 923 1185 950 Idem
1199 923 1280 949 Tusc.
1299 929 1323 955 ς,
1335 939 1371 958 20

809 2153 883 2179 Mors
903 2153 1013 2180 discreta
1037 2154 1118 2181 Ouid.
1135 2156 1199 2181 Met.
1216 2164 1248 2187 11,
1263 2158 1323 2188 699.
1341 2169 1370 2196 55

1133 3395 1160 3413 12
1197 3387 1329 3414 Discretor
1341 3399 1377 3424 90

1758 162 2010 205 DIS

1380 248 1503 277 sci-imina
1531 250 1664 286 Qiinffii.
1683 258 1708 283 2,
1723 255 1745 281 ε.
1818 253 1892 287 Virg.
1907 254 1970 281 Aen.
1984 257 2011 287 6,
2027 257 2081 289 646
2110 255 2276 291 Obloquitur
2295 257 2412 284 numeris

1381 284 1476 318 septem
1490 286 1640 313 discrimina
1653 289 1762 313 Vocum.
1832 288 1892 314 Liu.
1906 298 1924 322 1,
1953 309 1959 316 .
1985 310 1991 317 .
2018 292 2108 323 Quum
2121 292 2149 317 in
2161 298 2230 319 tanta
2243 292 2413 319 multitudine

1382 317 1534 352 hominum,
1555 321 1706 348 discrimine
1719 322 1789 348 secie
1801 330 1833 348 an
1846 332 1978 357 perperam
1993 326 2056 352 fac‘ti
2070 327 2202 358 Confuso,
2216 328 2335 354 facinora
2346 329 2414 354 clan—

1382 352 1480 381 destina
1491 356 1593 384 fierent.
1629 359 1721 392 Ingens
1734 357 1872 384 discrimen
1899 360 2005 392 Quina.
2019 364 2044 394 6,
2059 370 2076 388 1.
2112 363 2179 390 Hor.
2193 364 2279 390 Carin.
2291 371 2318 397 2,
2331 371 2353 396 5,
2365 371 2395 397 23

1682 408 1728 413 ——-
1749 393 1915 428 Gnidiusque
1930 395 2012 429 Gyges

1575 428 1663 460 Quem
1680 429 1697 454 ti
1711 429 1856 463 puellarum
1871 430 1995 456 insereres
2008 432 2108 466 choro,

1576 463 1647 489 Mire
1663 464 1761 498 sagaces
1783 465 1886 491 falleret
1904 463 2017 498 hospites

1578 498 1726 525 Discrimen
1744 499 1884 526 obscurum
1907 500 1999 526 solutis

1578 532 1704 560 Crinibus
1724 535 1902 570 ambiguoque
1922 535 2006 562 vultu.

2341 171 2411 220 196

2239 570 2417 599 Committunt

1376 605 1464 624 ‘omne
1478 598 1618 627 discrimen
1637 605 1765 637 Quinctil.
1781 608 1806 637 6,
1819 615 1847 639 4.
1918 606 2002 632 Dabat
2015 605 2164 635 discrimina
2179 609 2266 639 sexus,
2289 611 2306 634 i.
2320 610 2416 644 Digno-

1380 633 1497 673 scebatur
1510 635 1573 670 sexu
1602 637 1692 665 Claud.
1709 640 1740 666 de
1754 642 1829 675 Rapt.
1849 642 1965 676 Proserp.
1986 650 2011 674 2,
2026 650 2064 673 29.
2150 645 2204 670 Cic.
2224 644 2255 670 de
2270 644 2326 670 Fin.
2340 653 2368 677 4,
2382 645 2416 675 69

1387 667 1480 695 Officia
1493 676 1581 697 autem
1593 673 1752 703 tollebantur
1763 676 1864 703 delectu
1880 678 1954 704 omni
1969 683 1995 704 et
2014 677 2162 704 discrimine
2175 686 2286 706 remoto·
2343 678 2416 704 Idem

1386 704 1464 730 Acad.
1477 714 1504 739 4,
1520 714 1561 738 132
1595 708 1652 734 Erit
1666 709 1748 742 igitur
1766 721 1807 738 res
1827 713 1854 738 in
1875 713 2034 739 discrimine.
2101 713 2166 741 Non
2183 715 2217 741 est
2237 713 2374 741 confilium
2387 714 2416 739 in

1385 739 1466 774 vulgo
1476 760 1484 772 ,
1502 750 1555 767 non
1570 743 1653 774 ratio,
1673 753 1727 771 non
1746 746 1899 780 discrimen,
1919 758 1974 775 non
1986 748 2125 782 diligentia
2145 748 2182 775 Id.
2196 759 2243 783 pro
2254 750 2339 776 Plane.
2352 758 2374 775 c.
2387 757 2415 782 4.

1384 775 1436 800 Hic
1449 774 1590 804 discrimen
1603 777 1636 811 cst
1642 778 1758 814 facultas
1770 782 1922 818 difien-nendi
1933 793 2032 820 aequum
2045 783 2075 809 ab
2088 787 2189 819 iniquo,
2206 792 2250 811 etc.
2269 795 2328 821 quae
2343 785 2418 820 vulgo

1384 810 1514 838 Discretio
1534 814 1679 849 appellatur.
1750 816 1808 842 Liu.
1821 826 1863 851 29,
1890 839 1897 845 .
1935 839 1941 845 .
1978 821 2009 846 In
2024 819 2182 845 Discrimine
2195 819 2230 845 est
2243 829 2311 847 nunc
2325 819 2417 846 huma-

1385 854 1449 872 num
1464 855 1543 874 omne
1558 858 1654 883 genus,
1669 855 1759 876 vti-um
1772 860 1834 884 vos,
1854 862 1887 880 an
1899 855 2125 889 Carthaginienses
2138 855 2270 889 principes
2281 855 2354 882 orbis
2367 861 2418 882 ter-

1385 889 1475 907 rarum
1489 883 1587 911 videat.
1641 885 1755 912 Tollere
1765 886 1904 915 discrimen
1916 891 1972 916 Cic.
1980 891 2013 917 de
2022 891 2058 917 N.
2066 891 2096 916 D.
2110 899 2129 922 3,
2142 896 2181 920 82.
2287 889 2308 923 ἢ
2330 900 2346 917 2
2368 892 2417 917 Pro

1385 921 1529 944 certamine:
1552 920 1625 954 Virg.
1641 921 1705 947 Aen.
1725 930 1748 953 5,
1761 930 1805 955 154
1829 924 1887 950 Post
1901 924 1949 951 hos
1963 934 2048 961 aequo
2063 925 2215 952 discrimine
2226 925 2314 952 Pristis
2350 926 2418 952 Cen-

1385 956 1527 988 taurusque
1540 955 1627 981 locuin
1641 956 1752 985 tendunt
1764 959 1886 992 superare
1898 961 2024 994 priorem.
2060 962 2229 993 Discrimine,
2247 960 2361 992 Seruius,
2375 960 2419 987 vel

1385 986 1542 1023 interstitio,
1568 991 1611 1017 vel
1626 993 1782 1024 certamine,
1804 994 1846 1019 vel
1860 996 1946 1023 cursu.
2014 997 2177 1031 Ambiguum
2190 996 2331 1023 discrimen
2358 996 2420 1022 Stat.

1386 1022 1478 1057 Theb.
1492 1030 1515 1057 8,
1552 1046 1558 1052 .
1597 1047 1603 1053 .
1675 1027 1793 1055 Dubium
1808 1029 1948 1057 discrimen
1979 1031 2070 1059 Claud.
2083 1033 2175 1067 Paneg.
2190 1041 2210 1064 1,
2239 1051 2246 1058 .
2282 1051 2289 1058 .
2360 1032 2421 1071 Sul:-

1386 1057 1449 1085 dum
1469 1060 1624 1095 discrimen,
1656 1063 1708 1089 vid.
1739 1070 1751 1089 s
1760 1071 1780 1090 v
1791 1072 1809 1091 R
1819 1071 1837 1090 D
1846 1073 1866 1091 v
1875 1073 1897 1092 s.
1966 1067 2114 1094 Immittere
2134 1069 2159 1094 se
2178 1067 2206 1093 in
2219 1075 2320 1102 pugnae
2333 1065 2421 1093 discri-

1386 1102 1448 1120 men
1471 1096 1545 1123 Curt.
1560 1100 1585 1130 6,
1599 1107 1619 1130 1,
1636 1107 1655 1124 1.
1726 1099 1816 1126 Tacit.
1824 1100 1891 1127 Hist.
1906 1108 1928 1133 ς,
1941 1109 1966 1134 1ς
1983 1103 2054 1129 Haec
2066 1112 2106 1130 res
2119 1110 2262 1138 Vtrumque
2276 1103 2368 1129 ducem
2381 1102 2421 1129 di-

1383 1129 1467 1156 ¹verfis
1484 1132 1568 1159 animi
1585 1133 1701 1160 motibus
1719 1135 1752 1161 ad
1773 1136 1958 1163 maturandum
1976 1138 2089 1164 summae
2109 1139 2149 1165 rei
2166 1138 2307 1165 discrimen
2327 1138 2421 1165 erexit.

1388 1165 1497 1193 Mittere
1509 1167 1537 1193 in
1550 1168 1688 1195 discrimen
1698 1190 1705 1202 ,
1730 1170 1801 1204 quali
1815 1172 1843 1197 in
1857 1172 1940 1198 aleam
1947 1192 1957 1205 ,
1981 1174 2046 1208 apud
2061 1174 2206 1206 Tacitum,
2224 1193 2231 1200 .
2250 1193 2256 1200 .
2278 1193 2284 1200 .
2304 1172 2362 1206 teste
2373 1174 2423 1200 Bu-

1388 1200 1456 1227 daeo.
1511 1203 1603 1230 Subire
1616 1203 1680 1231 belli
1690 1206 1833 1241 Martisque
1846 1207 1987 1234 discrimen
2012 1209 2086 1235 Curt.
2100 1217 2126 1241 9,
2141 1211 2165 1240 6,
2180 1218 2224 1242 24.
2278 1209 2380 1236 Venire
2393 1209 2423 1236 in
2449 1237 2451 1240 ,

1388 1238 1585 1265 contentionem
1602 1246 1647 1267 aut
1667 1239 1815 1268 discrimen.
1858 1243 1913 1270 Cic.
1929 1253 1977 1278 pro
1991 1244 2076 1271 Planc.
2099 1253 2112 1277 5
2139 1245 2243 1271 Etenim
2261 1244 2423 1272 verebantur

1357 1296 1373 1314 Ο
1387 1272 1467 1299 credo
1485 1274 1612 1314 angustias
1621 1295 1629 1309 ,
1654 1276 1723 1311 quasi
1736 1286 1776 1304 res
1794 1278 1823 1304 in
1835 1279 2032 1306 contentionem
2050 1285 2095 1307 aut
2111 1279 2139 1306 in
2159 1279 2300 1306 discrimen
2313 1278 2424 1314 aliquod

1387 1308 1468 1342 poffet
1488 1319 1589 1337 venire.
1795 1311 1815 1350 fl
1835 1322 1848 1346 3
1884 1315 2049 1347 Discrinien,
2079 1317 2227 1342 Periculum.
2261 1317 2335 1350 Virg.
2357 1316 2423 1356 Aen.

1389 1352 1410 1375 1,
1430 1352 1479 1377 205
1512 1346 1560 1372 Per
1577 1346 1667 1373 varios
1686 1348 1770 1380 casus,
1799 1358 1846 1383 per
1865 1355 1904 1377 tot
1924 1350 2076 1377 discrimina
2096 1359 2187 1377 reruni
2222 1351 2373 1378 Tendimus
2393 1358 2423 1377 m

1389 1378 1505 1407 Latium.
1558 1382 1623 1408 Plin.
1636 1382 1714 1417 Epist.
1735 1389 1757 1417 8,
1773 1393 1806 1417 11,
1821 1393 1844 1411 2.
1913 1386 1984 1412 Caes.
1999 1387 2026 1413 B.
2040 1387 2071 1412 G.
2091 1388 2117 1420 6,
2132 1395 2163 1421 37
2188 1385 2269 1413 Videt
2282 1387 2424 1413 imminere
2458 1390 2459 1393 ’

1389 1413 1491 1448 hostes,
1510 1421 1587 1451 atque
1598 1417 1626 1443 in
1639 1418 1740 1444 summo
1753 1428 1808 1446 rem
1820 1421 1868 1447 efl'e
1882 1419 2043 1448 discrimine.
2114 1422 2305 1448 Discriminum
2317 1428 2344 1449 et
2355 1422 2424 1456 peri-

1361 1470 1372 1478 .
1389 1450 1511 1477 culorum
1526 1461 1612 1479 comes
1630 1454 1685 1480 Cic.
1700 1454 1732 1480 de
1746 1455 1782 1481 N.
1796 1456 1828 1482 D.
1841 1464 1867 1488 2,
1884 1459 1938 1483 166.
1974 1457 2047 1484 Idem
2061 1456 2175 1492 Philipp.
2184 1465 2210 1492 7,
2221 1466 2231 1484 1
2259 1457 2431 1484 1111311613εῆἸ

1389 1486 1460 1512 enim
1474 1487 1500 1513 P.
1514 1487 1544 1513 C.
1563 1497 1603 1513 res
1617 1489 1646 1514 in
1660 1490 1808 1516 Maximum
1821 1492 1969 1525 periculum
1983 1499 2008 1520 et
2020 1497 2166 1519 extremum
2180 1501 2261 1528 paene
2274 1493 2424 1520 discrimen.

1380 1520 1479 1547 ‘Letate
1497 1522 1639 1549 discrimen
1660 1524 1754 1551 Claud.
1773 1527 1802 1552 in
1816 1528 1894 1553 Cons.
1907 1527 2007 1554 Stilich.
2020 1537 2045 1561 2,
2054 1537 2107 1556 102.
2178 1527 2261 1555 Adire
2275 1529 2426 1564 discrimen,

1386 1556 1442 1581 vid.
1455 1563 1554 1584 ADEO.
1590 1558 1645 1585 Cic.
1658 1559 1771 1594 Philipp.
1784 1570 1807 1594 3,
1822 1570 1853 1594 29
1880 1564 2049 1598 Qiapropter
2063 1564 2189 1599 quoniam
2202 1573 2243 1591 res
2256 1564 2285 1590 in
2298 1564 2325 1591 id
2334 1564 2426 1591 discr*-

1388 1599 1450 1616 nien
1457 1591 1577 1619 Adducta
1585 1593 1621 1619 est
1629 1599 1731 1625 ‚vtrum
1744 1596 1789 1621 ille
1796 1605 1890 1630 poenas
1898 1599 2011 1633 Reipub.
2019 1600 2074 1626 luat
2081 1620 2088 1632 ,
2096 1609 2130 1626 an
2143 1609 2190 1626 nos
2203 1600 2357 1632 seruiamus,
2370 1599 2425 1626 vid.

1578 1628 1714 1656 Adducere
1730 1629 1759 1656 in
1771 1631 1863 1665 capitis
1875 1632 2016 1661 discrimen
2028 1635 2144 1670 aliquem
2166 1636 2221 1662 Cic.
2234 1644 2283 1670 pro
2296 1635 2386 1661 Deiot.
2397 1642 2422 1663 2.

1385 1660 1459 1688 Idem
1473 1662 1543 1689 Fam.
1557 1671 1580 1696 5,
1592 1672 1616 1691 21
1636 1663 1750 1692 Videtur
1762 1666 1833 1693 enim
1844 1667 1913 1694 mihi
1925 1678 1965 1695 res
1977 1670 2006 1696 in
2018 1671 2196 1705 propinquum
2205 1669 2323 1697 Adducta
2335 1668 2421 1696 discri-

1386 1703 1456 1723 men.
1526 1698 1629 1726 Adduci
1641 1700 1670 1726 in
1683 1701 1806 1729 fortunae
1819 1702 1959 1731 discrimen
1991 1704 2030 1731 Id.
2043 1714 2092 1739 pro
2105 1706 2225 1731 Muraen.
2239 1707 2275 1739 5'5.
2312 1706 2343 1731 In
2354 1704 2424 1731 vitae

1387 1731 1530 1758 discrimen
1546 1734 1602 1760 Cic.
1611 1744 1659 1768 pro
1668 1736 1735 1762 Sext.
1751 1746 1773 1763 c.
1786 1747 1828 1764 20.
1881 1738 2018 1767 Adducere
2031 1741 2138 1767 salutem
2150 1740 2179 1767 in
2194 1741 2335 1767 discrimen
2348 1739 2425 1771 Idem

1387 1767 1458 1793 Fam.
1474 1769 1500 1799 6,
1514 1776 1546 1799 13.
1602 1771 1778 1803 Committere
1791 1773 1820 1798 in
1833 1772 1989 1807 discrimen,
2007 1776 2061 1801 vid.
2082 1783 2099 1802 c
2108 1783 2127 1802 0
2137 1783 2195 1801 MM
2204 1782 2309 1802 1‘rTo.
2356 1776 2425 1800 Con-

1386 1802 1457 1829 ferre
1470 1802 1498 1827 in
1511 1803 1652 1830 discrimen
1683 1805 1738 1831 Cic.
1754 1806 1859 1839 Fam.2,
1897 1828 1903 1834 .
1941 1828 1949 1835 .
1992 1810 2116 1835 Deleetus
2129 1810 2173 1836 vir
2187 1809 2220 1835 ad
2233 1815 2350 1835 extrema
2364 1809 2425 1835 Rei-

1386 1837 1449 1872 pub.
1463 1837 1612 1865 discrimina
1631 1838 1705 1866 Idem
1718 1849 1766 1875 pro
1781 1842 1869 1868 Domo
1883 1843 1926 1869 sua
1945 1852 1987 1877 24.
2055 1845 2194 1871 Desertum
2201 1845 2249 1871 effe
2263 1844 2292 1870 in
2306 1849 2426 1870 extremo

1387 1872 1555 1905 discrimine,
1575 1883 1603 1900 ac
1617 1874 1787 1902 dimicatione
1800 1877 1922 1905 fortunae
1940 1879 1978 1906 Id.
1993 1888 2041 1914 pro
2049 1880 2119 1906 Sulla
2132 1887 2175 1914 77.
2248 1879 2382 1905 Deuenire
2397 1878 2428 1905 in

1387 1907 1528 1933 discrimen
1548 1908 1604 1934 Cic.
1616 1909 1648 1935 de
1662 1911 1737 1936 Orat.
1752 1919 1760 1936 1
1774 1920 1795 1937 c.
1810 1921 1828 1937 i.
1898 1914 1990 1940 Tacit.
2002 1915 2070 1940 Ann.
2085 1923 2108 1946 2,
2122 1923 2143 1942 11
2172 1914 2265 1940 Caesar
2277 1913 2326 1939 nifi
2339 1913 2427 1947 ponti-

1387 1941 1452 1972 bus,
1470 1942 1655 1978 praesidiisque
1669 1945 1797 1978 impofitis
1810 1946 1880 1973 Dare
1893 1947 1922 1973 in
1937 1948 2079 1975 discrimen
2097 1949 2214 1982 legiones
2232 1948 2302 1975 haud
2314 1948 2427 1984 impera-

1666 1979 1789 2014 Experiri
1817 1981 1890 2007 Curt.
1905 1989 1926 2014 5,
1939 1992 1968 2016 4,
1980 1988 2020 2012 28.
2098 1984 2154 2010 Cic.
2166 1984 2237 2010 Fam.
2252 1985 2278 2016 6,
2291 1991 2304 2009 2
2335 1984 2366 2011 Et
2379 1984 2427 2011 ille

1373 2021 1470 2046 ⁴quum
1484 2013 1570 2039 omnis
1584 2014 1660 2048 Resp.
1672 2014 1703 2041 in
1721 2023 1782 2041 meo
1796 2016 1881 2050 capite
1896 2017 2038 2044 discrimen
2055 2019 2114 2045 effet
2126 2019 2274 2052 Habitura,
2301 2028 2427 2054 magnum
2468 2048 2471 2051 ,

1389 2046 1514 2082 quiddam
1527 2049 1662 2082 spectauit.
1730 2050 1850 2077 Incidere
1865 2052 1894 2077 in
1907 2052 2064 2086 discrimen,
2089 2054 2143 2080 vid.
2169 2061 2178 2079 1
2189 2061 2211 2080 N
2223 2060 2240 2080 C
2251 2060 2287 2081 1D
2297 2061 2326 2082 ο.
2382 2055 2428 2082 Li-

1388 2082 1481 2108 berare
1493 2092 1508 2108 a
1521 2084 1624 2110 summo
1636 2085 1788 2112 discrimine
1799 2087 1893 2113 mortis
1921 2088 2041 2115 Scribon.
2053 2097 2097 2123 70.
2168 2089 2280 2116 Nescire
2298 2099 2366 2124 quae
2378 2090 2427 2118 sint

1389 2117 1540 2144 discrimina
1552 2120 1669 2146 quenal.
1692 2123 1718 2153 6,
1730 2130 1790 2154 299.
1862 2122 1918 2148 Cic.
1932 2132 1981 2157 pro
1996 2123 2062 2150 Sext.
2081 2133 2090 2150 i
2123 2125 2177 2158 Qxi
2197 2124 2322 2152 auderent
2332 2126 2374 2158 se,
2400 2131 2428 2158 et

1388 2152 1496 2179 salutem
1509 2154 1580 2180 suam
1598 2155 1626 2181 in
1639 2154 1780 2183 discrimen
1794 2157 1897 2183 Offerre
1911 2167 1960 2192 pro
1973 2158 2039 2185 statu
2054 2159 2172 2186 ciuitatis
2188 2166 2214 2187 et
2227 2169 2276 2195 pro
2291 2162 2428 2189 communi

1387 2187 1520 2215 libertate.
1591 2191 1647 2217 Pati
1659 2190 1810 2219 discrimina
1829 2192 1916 2220 Valer.
1930 2195 2029 2229 Argon.
2043 2200 2066 2227 8,
2080 2200 2131 2227 388.
2203 2197 2325 2224 Tentare
2338 2194 2437 2225 dist-ri..

1389 2232 1451 2250 men
1463 2225 1502 2251 sui
1523 2224 1615 2252 Claud.
1625 2225 1657 2252 de
1668 2227 1706 2252 IV
1719 2228 1797 2254 Cons.
1810 2228 1913 2256 Honor.
1922 2238 1984 2263 434.
2055 2232 2109 2257 Cic.
2124 2232 2199 2258 Verr.
2212 2241 2232 2262 1,
2245 2241 2294 2266 140
2313 2234 2429 2260 Venerat

1388 2267 1429 2285 res
1443 2260 1471 2285 in
1486 2260 1616 2287 iudicium
1629 2267 1708 2296 atque
1727 2263 1877 2290 discrimen.
1948 2266 2048 2292 Venire
2062 2266 2089 2292 in
2103 2265 2244 2295 discrimen
2257 2268 2429 2296 existimatio-

1388 2295 1429 2320 nis
1450 2294 1523 2321 Idem
1535 2296 1628 2323 Diuin.
1642 2298 1670 2323 in
1682 2299 1758 2325 Verr.
1778 2306 1808 2333 71
1821 2308 1843 2325 c.
1858 2308 1899 2326 22.
1988 2301 2108 2328 Veniunt
2127 2303 2250 2329 fortunae
2264 2303 2380 2335 alicuius
2398 2304 2428 2332 in

1880 2336 1988 2363 Versari
2006 2337 2034 2363 in
2053 2337 2205 2365 discrimine
2234 2338 2290 2365 Cic.
2304 2340 2377 2367 Brut.
2392 2349 2427 2368 12.
2454 2358 2458 2365 ,

1389 2366 1492 2392 Vocare
1510 2366 1539 2392 in
1557 2366 1698 2395 discrimen
1731 2369 1804 2395 Idem
1824 2379 1872 2404 pro
1885 2370 1976 2398 Rabir.
1997 2380 2031 2399 12.
2122 2375 2154 2400 Et
2173 2383 2222 2409 pro
2236 2375 2266 2401 L.
2281 2375 2353 2402 Man.
2369 2385 2390 2402 c.
2405 2383 2427 2409 5.
2450 2375 2460 2379 “

1389 2397 1410 2438 ff
1430 2410 1449 2434 4
1486 2401 1648 2435 Discrimen,
1669 2412 1740 2439 quum
1755 2408 1782 2431 in
1799 2405 2000 2442 medi0fincipite
2017 2411 2044 2434 in
2057 2408 2177 2444 diuersum
2188 2419 2255 2436 coma
2268 2410 2295 2436 di
2306 2414 2427 2438 cernitur.
2445 2413 2449 2417 ”

1389 2436 1535 2463 Ouid.Art.
1547 2446 1572 2468 2,
1584 2446 1629 2470 303
1646 2439 1827 2473 Composituin
1841 2440 1981 2469 discrimen
1996 2443 2062 2476 erit,
2080 2444 2234 2472 discrimina
2245 2445 2335 2472 lauda:
2353 2446 2428 2473 Tor-

1390 2471 1454 2497 serit
1467 2471 1527 2506 igne
1541 2481 1643 2499 comam
1653 2493 1662 2505 ,
1681 2480 1751 2500 torte
1764 2476 1856 2509 capille
1873 2476 1954 2510 place.
1993 2479 2051 2504 Vid.
2065 2480 2151 2508 Bm-m.
2220 2480 2302 2508 Ouid..
2316 2481 2349 2508 de
2362 2483 2428 2509 Arte

1391 2507 1449 2532 Am.
1464 2515 1487 2538 3,
1501 2509 1542 2538 136
1571 2507 1660 2542 Longa
1678 2509 1773 2542 probat
1786 2510 1865 2536 facies
1878 2512 1969 2544 capitis
1983 2512 2135 2540 discrimina
2150 2515 2220 2548 puri.
2277 2517 2374 2542 rurum
2386 2527 2429 2543 auz-
2458 2531 2462 2533 >

1390 2548 1438 2567 tem
1451 2547 1528 2575 caput
1541 2541 1634 2568 dicitur
1641 2550 1701 2577 pars
1717 2547 1808 2579 capitis
1820 2549 1932 2571 anterior
1943 2546 1978 2572 ad
1988 2547 2119 2583 discrimen
2132 2549 2200 2575 nulla
2210 2559 2237 2575 re
2251 2556 2341 2576 ornata
2348 2569 2357 2582 ,
2374 2553 2429 2578 nul·
2442 2549 2450 2561 ¹

1388 2578 1456 2612 loque
1470 2576 1532 2603 nodo
1548 2576 1698 2609 constristo,
1723 2588 1797 2614 quum
1810 2582 1838 2605 in
1858 2589 1945 2607 azimam
1955 2591 2005 2607 non
2017 2583 2080 2618 sum
2096 2592 2123 2609 ea
2135 2590 2212 2619 porte
2230 2585 2318 2611 nodari
2336 2588 2428 2620 crines,

1389 2621 1432 2638 nec
1445 2615 1472 2638 in
1484 2614 1613 2638 reticulum
1626 2611 1730 2640 collectis.
1763 2616 1810 2641 Per
1826 2617 2014 2642 translationem
2026 2618 2054 2643 de
2066 2625 2134 2644 terra
2148 2622 2175 2644 in
2195 2619 2325 2645 Columel.
2340 2628 2425 2656 10,‚94

1389 2646 1454 2674 Inde
1468 2647 1515 2674 vbi
1529 2648 1554 2673 se
1568 2656 1635 2682 puro
1649 2648 1799 2675 discrimine
1821 2650 1918 2684 pediita
1934 2651 2028 2683 tellus,
2045 2659 2091 2679 etc.
2118 2653 2163 2679 vbi
2178 2654 2263 2690 sulcos
2280 2661 2304 2681 et
2321 2654 2422 2692 vestigia

1388 2684 1498 2719 ligonum
1510 2692 1540 2708 ac
1553 2683 1699 2718 &Polior-um
1711 2683 1753 2717 effi?
1770 2684 1919 2711 discrimina
1929 2705 1937 2719 ‚
1955 2693 2068 2722 apparet.

1425 2724 1444 2744 D
1453 2726 1462 2744 i
1471 2725 1483 2745 s
1492 2724 1508 2745 C
1517 2725 1553 2745 RI
1564 2725 1589 2744 M
1597 2725 1607 2744 1
1618 2726 1639 2745 N
1650 2726 1671 2746 A
1679 2726 1695 2745 1.
1704 2726 1736 2751 Ε,
1758 2719 1789 2745 is.
1809 2729 1835 2747 n.
1870 2724 1940 2747 Acus
1951 2722 1994 2754 est,
2007 2731 2067 2757 quoe
2079 2725 2161 2750 crines
2178 2723 2273 2751 diuidit
2285 2724 2321 2751 ad
2329 2727 2427 2752 concin-

1390 2753 1496 2779 nandum
1510 2760 1599 2787 caput,
1624 2755 1713 2786 Graece
1726 2755 1849 2787 καλαμίςε
1869 2762 1899 2780 vl
1909 2757 1978 2789 apud
1990 2758 2091 2784 Esaiam
2104 2767 2127 2790 3,
2135 2768 2168 2785 20
2183 2759 2427 2792 Discriminalia‚et

1389 2787 1571 2846 periscelidles,
1590 2793 1616 2813 et
1629 2789 1811 2821 muraenulas,
1828 2794 1854 2815 et
1869 2789 2049 2819 olfactoriola.
2090 2794 2146 2821 Vid.
2163 2794 2274 2821 Hieron.
2287 2793 2346 2821 adu.
2361 2795 2427 2822 Ruf-

1389 2821 1432 2846 fin.
1471 2830 1494 2846 c.
1506 2830 1524 2846 v
1537 2828 1554 2847 t.

1428 2829 1465 2881 D31
1475 2862 1487 2881 S
1496 2862 1512 2882 C
1520 2862 1538 2882 R
1547 2863 1556 2882 1
1564 2862 1590 2881 Μ
1601 2853 1611 2881 ἵ
1620 2863 1642 2882 Ν
1652 2862 1672 2883 Ο
1681 2876 1689 2889 ,
1709 2862 1761 2884 fite.
1799 2857 1903 2894 [διορῖζω
1911 2880 1919 2893 ,
1940 2858 2050 2897 διαιρέω]
2085 2862 2212 2890 Diuidere.
2248 2863 2304 2891 Cic.
2312 2864 2426 2900 Philipp.

1391 2899 1428 2922 12,
1447 2899 1475 2922 23
1498 2900 1519 2915 c.
1536 2899 1553 2923 9
1582 2891 1736 2919 Hetruriam
1761 2892 1923 2922 discriminat
1948 2896 2035 2923 Caffia.
2088 2899 2126 2924 De
2149 2898 2194 2924 via
2212 2899 2292 2926 Callia
2309 2901 2427 2936 loquitur.
2461 2917 2465 2921 -

1390 2925 1464 2952 Ordo
1484 2925 1647 2953 discriminat
1666 2928 1801 2961 potestates
1834 2930 1926 2957 Claud.
1939 2931 1971 2957 de
1984 2932 2013 2958 B.
2028 2933 2086 2959 Get.
2102 2941 2141 2965 39.
2211 2934 2315 2962 Lucret.
2339 2945 2365 2968 2,
2378 2943 2428 2972 717

1389 2960 1439 2987 Sed
1453 2969 1484 2986 ne
1498 2961 1567 2988 forte
1586 2968 1660 2995 putes
1673 2964 1798 2991 animalia
1809 2966 1862 2992 sola
1875 2967 1961 2993 teneri
1996 2967 2110 3002 Legibus
2122 2968 2176 2995 his:
2205 2969 2334 3004 quaedam
2345 2972 2425 2999 Ratio

1389 2995 1552 3023 discriminat
1570 2998 1680 3025 omneis.
1717 3002 1736 3025 i.
1758 2999 1913 3037 Distinguit,
1939 3002 2059 3038 separat,
2082 3004 2176 3031 diuidit
2194 3006 2224 3031 ab
2242 3005 2287 3034 hoc
2299 3007 2427 3035 catholieo.

1693 3034 1780 3061 Sidon.
1796 3036 1840 3070 Ep.
1859 3045 1886 3069 9,
1899 3046 1926 3070 4.
1969 3038 2048 3065 Mart.
2061 3038 2161 3074 Capell.
2180 3042 2197 3067 6
2207 3050 2233 3076 p.
2248 3046 2302 3072 228.
2346 3042 2427 3078 Apul.

1389 3068 1455 3094 Met.
1468 3070 1485 3094 6
1498 3077 1523 3102 p.
1541 3073 1590 3100 185.
1603 3075 1626 3094 et
1641 3069 1718 3103 Apol.
1734 3080 1757 3104 p.
1770 3074 1830 3105 276.
1851 3072 1958 3098 Elmenh.

1424 3109 1482 3130 Dis
1492 3109 1509 3129 c
1522 3110 1540 3130 R
1550 3110 1737 3138 1MlNANS,
1757 3107 1833 3133 antis.
1869 3108 1946 3142 Apul.
1961 3107 1993 3135 de
2006 3109 2107 3136 Mundo
2121 3120 2147 3145 p.
2161 3118 2214 3144 233.
2234 3111 2343 3139 Elmenh.
2357 3121 2382 3148 p.
2397 3118 2426 3147 58

1389 3137 1580 3165 disterminans.

1428 3180 1485 3200 DIS
1497 3180 1514 3200 c
1526 3181 1545 3200 R
1554 3182 1562 3201 1
1572 3181 1596 3200 M
1609 3181 1618 3200 1
1629 3181 1651 3201 N
1660 3177 1712 3202 Ᾰτ
1721 3183 1780 3209 vs,
1805 3187 1828 3210 a,
1854 3187 1908 3206 um.
1945 3180 2036 3206 Partic.
2073 3177 2244 3215 [διῃρημένος]
2278 3182 2339 3209 Liu.
2358 3191 2395 3217 21,
2407 3192 2427 3218 4

1192 3210 1287 3236 iccium
1303 3216 1328 3236 et
1344 3219 1373 3248 83
1391 3209 1553 3244 Vigiliarum
1571 3210 1710 3245 somnique
1730 3221 1777 3238 nec
1790 3213 1833 3239 dic
1846 3222 1892 3240 nec
1911 3214 1989 3241 nocie
2002 3215 2178 3241 discriminata
2191 3221 2318 3251 tempora.

1426 3252 1445 3271 D
1455 3253 1463 3271 1
1472 3253 1484 3272 s
1493 3252 1510 3272 C
1518 3253 1536 3272 R
1546 3253 1555 3271 1
1566 3252 1589 3272 M
1600 3253 1607 3271 1
1618 3253 1639 3271 N
1649 3247 1670 3272 Ᾱ
1680 3252 1701 3271 Τ
1712 3254 1721 3272 1
1730 3254 1764 3273 M.
1804 3249 1871 3275 Adu.
1909 3247 2059 3285 [διαφόρως]
2094 3249 2256 3283 Diffiv'cnter.
2294 3254 2379 3280 Varro
2393 3254 2426 3280 de

1390 3280 1421 3306 R.
1430 3280 1460 3306 R.
1477 3289 1496 3313 1,
1510 3289 1536 3315 7,
1549 3288 1565 3315 7
1586 3281 1682 3307 Eadem
1694 3281 1726 3307 de
1739 3283 1813 3310 causa
1827 3285 1885 3310 sunt
1901 3294 1967 3320 quae
1982 3294 2035 3311 non
2047 3285 2147 3318 possunt
2159 3286 2261 3319 viuere,
2269 3288 2316 3314 nisi
2330 3289 2358 3314 in
2366 3289 2427 3315 loco

1390 3317 1507 3349 aquoso,
1532 3322 1577 3342 aut
1598 3316 1678 3342 ctiam
1704 3326 1784 3352 aqua:
1814 3325 1839 3345 et
1860 3320 1886 3346 id
1905 3320 2123 3352 discriminatim,
2143 3326 2171 3347 vt
2188 3322 2241 3349 alia
2259 3323 2289 3349 in
2308 3324 2425 3356 lacubus,

1391 3357 1420 3376 vt
1434 3351 1574 3378 arundines
1583 3352 1610 3377 in
1624 3352 1750 3383 Reatino;
1770 3354 1822 3381 alia
1837 3355 1866 3380 in
1879 3355 2048 3387 fluminibus,
2068 3362 2096 3381 vt
2108 3356 2134 3382 in
2147 3357 2227 3391 Epiro
2241 3358 2347 3385 arbores
2360 3359 2425 3386 alni.

1427 3392 1446 3411 D
1459 3393 1468 3412 1
1482 3393 1545 3413 SCR
1555 3395 1563 3412 1
1574 3394 1597 3412 M
1608 3395 1615 3414 1
1625 3394 1705 3414 NAT
1715 3396 1724 3414 1
1734 3396 1770 3421 o,
1797 3390 1864 3417 onis.
1890 3391 1911 3417 f.
1946 3389 2068 3417 Diomed.
2083 3392 2200 3419 Gramm.
2219 3402 2228 3419 1
2246 3403 2271 3428 p.
2285 3395 2334 3426 306
2363 3395 2425 3421 Pro-

1390 3421 1447 3455 pria
1466 3421 1666 3449 discriminatio.

1431 3463 1449 3482 D
1460 3464 1468 3482 1
1478 3464 1515 3483 sc
1527 3464 1543 3482 R
1555 3464 1561 3481 1
1571 3465 1593 3483 iu
1604 3465 1673 3492 iNA
1683 3465 1777 3490 TOR.
1806 3460 1868 3486 oris.
1897 3470 1933 3487 m.
1969 3461 2019 3495 in
2032 3461 2158 3497 discernit.
2195 3462 2311 3490 Tertull.
2325 3463 2357 3490 ad
2371 3463 2425 3491 Na-

1393 3492 1459 3518 tion.
1475 3501 1495 3524 i,
1511 3501 1539 3518 10
1563 3493 1790 3520 Discriminatores
1802 3495 1970 3529 impendere,
1991 3507 2007 3521 1.
2025 3498 2136 3530 Iudices,
2156 3501 2198 3533 qui
2210 3507 2263 3524 rem
2276 3503 2425 3528 examinent.

1393 3528 1469 3562 Apul.
1490 3526 1522 3553 de
1541 3527 1644 3554 Mundo
1660 3528 1725 3554 Edit.
1740 3530 1815 3556 stew.
1835 3539 1859 3564 p.
1873 3539 1916 3563 233
1947 3531 2056 3559 Diuisor
2073 3538 2098 3559 et
2112 3533 2306 3560 discriminator
2322 3535 2424 3563 mundi.

343 3565 380 3585 Di
391 3567 403 3586 s
412 3566 428 3585 c
437 3567 454 3586 R
464 3567 480 3587 E
492 3567 513 3586 Τ
525 3568 534 3586 1
544 3567 563 3585 ν
575 3568 593 3586 ν
604 3572 615 3590 s
624 3584 632 3595 ,
659 3574 683 3597 a,
709 3575 762 3593 um.
798 3563 858 3592 Adi.
895 3564 978 3594 mern,-
1003 3571 1049 3597 υτ,
1073 3563 1280 3591 Εοηὶυηόἱίοηεε
1293 3564 1332 3591 di·
1345 3575 1376 3601 95
1391 3563 1498 3589 Elmenh.
1512 3562 1714 3589 Disteriuinator
1729 3572 1752 3598 p.
1769 3571 1809 3598 57.

308 3594 433 3620 scretiua‘
463 3595 580 3621 Priscian.
596 3600 622 3622 16
634 3607 658 3631 p.
673 3609 739 3632 1030.

345 3635 363 3655 D
374 3637 381 3654 1
391 3637 403 3655 S
413 3635 430 3655 C
441 3636 457 3655 R
469 3631 481 3654 ῐ
489 3635 512 3654 Μ
522 3636 537 3656 E
546 3638 568 3655 N
577 3650 585 3662 ‚
605 3631 662 3657 inis.
679 3643 704 3660 n.
739 3635 921 3668 [αἶνοικτένισμα
929 3655 937 3667 ,
954 3633 1077 3670 didicerunt,
1096 3634 1138 3669 ²¹5)
1163 3633 1259 3662 κίνδυνος
1271 3636 1330 3662 Vet.

309 3663 406 3697 Glosst]
442 3665 583 3697 Separatio,
607 3665 755 3697 dfflrentia.
795 3672 849 3697 Cic.
864 3671 895 3697 de
908 3671 965 3697 Fin.
980 3679 1003 3702 2,
1017 3679 1054 3703 44
1072 3670 1230 3705 Totumque
1244 3670 1331 3697 discri-

310 3707 369 3724 men
383 3699 476 3724 summi
490 3698 554 3737 boni
564 3719 571 3730 ,
596 3700 623 3725 in
637 3708 665 3725 ea
677 3710 762 3730 rerum
777 3707 970 3740 comparatione
984 3705 1094 3741 positum
1108 3711 1188 3739 putat.

308 3742 372 3758 num
390 3733 540 3759 discrimina
558 3739 634 3767 atque
653 3736 717 3761 ordo
747 3740 819 3765 Cur-t.
840 3751 868 3773 4,
883 3751 919 3774 12,
932 3751 975 3768 20,
1123 3741 1128 3746 ”

309 3768 364 3794 visa
385 3768 420 3794 cst
439 3767 516 3794 bouis
535 3769 717 3807 vngulanCol.
737 3775 762 3804 6,
779 3781 814 3804 ις,
835 3783 859 3799 2.
879 3783 905 3809 7,
924 3785 945 3809 ς,
965 3785 996 3803 11.
1067 3776 1142 3810 Virg.
1158 3777 1221 3802 Aen.
1241 3785 1261 3808 1,
1282 3784 1333 3810 574

309 3803 382 3829 Tros
392 3822 398 3833 ‚
415 3803 570 3836 Tyriusque
582 3802 746 3832 ndhtiNullo
758 3807 905 3835 discrimine
922 3818 1020 3844 agetur.
1092 3812 1146 3838 Cic.
1161 3811 1239 3838 Acad.
1253 3820 1279 3844 4,
1294 3820 1331 3843 133

309 3838 377 3864 Vera
394 3846 407 3863 a
423 3837 490 3863 fallis
505 3837 578 3863 nullo
595 3838 744 3864 discrimine
760 3843 919 3875 separantur:
946 3847 969 3871 h.
983 3847 1099 3882 ascale.
1171 3846 1243 3873 Idem
1258 3848 1332 3873 Verr.

310 3881 336 3903 2,
349 3881 390 3903 ¹23
404 3882 424 3898 c.
440 3881 471 3905 50
496 3873 543 3899 me
558 3873 603 3906 qui
615 3873 703 3899 omnia
723 3874 780 3901 iura
797 3878 882 3910 pretio
900 3883 1072 3915 exaequasset,
1091 3883 1264 3917 omniumque
1283 3882 1332 3908 Re-

308 3916 369 3934 rum
381 3907 509 3935 detectum
527 3913 604 3942 atque
620 3907 758 3936 discrimen
771 3912 879 3944 pecunia
896 3913 1037 3944 sustulitret.
1192 3918 1197 3923 '

1243 3706 1332 3740 Agmi-

1106 3918 1281 3953 Ingeniorum
1294 3917 1332 3944 di·
1341 3922 1447 3955 105tur.

1430 3605 1465 3625 Di
1475 3605 1487 3624 s
1498 3603 1515 3624 c
1527 3605 1595 3624 111111
1608 3606 1614 3624 1
1626 3606 1646 3624 N
1656 3606 1676 3624 Α
1687 3605 1733 3625 TR
1743 3607 1794 3634 ix,
1820 3599 1875 3626 itis.
1902 3600 1921 3626 f.
1958 3601 2053 3630 Nazar.
2067 3604 2157 3638 Paneg.
2169 3611 2191 3628 c.
2202 3609 2220 3637 7
2238 3603 2357 3631 Maiestas
2369 3605 2425 3632 faii-

1394 3633 1422 3660 di
1435 3643 1463 3660 ac
1476 3632 1583 3659 nefandi
1596 3633 1809 3661 discriminatrix.

1431 3676 1449 3696 D
1459 3677 1468 3696 1
1477 3677 1489 3696 s
1497 3676 1512 3696 C
1521 3675 1537 3695 E
1546 3675 1565 3695 R
1575 3676 1589 3695 P
1599 3676 1617 3695 O
1628 3689 1635 3701 ,
1656 3669 1702 3703 psi,
1721 3675 1804 3704 ptum,
1825 3673 1877 3697 ere.
1914 3669 2116 3709 [ὦψαι-κρείσσω,
2135 3670 2258 3706 rixando]
2293 3676 2324 3700 In
2343 3675 2424 3702 diuer-

1389 3704 1446 3741 Jiim
1459 3711 1573 3739 carpere,
1594 3703 1744 3737 distrahere,
1764 3706 1914 3740 discindere,
1934 3707 2065 3735 dilaniare.
2107 3707 2165 3733 Liu.
2182 3716 2200 3739 i,
2217 3711 2244 3734 16
2272 3710 2355 3736 Fuiss'e
2368 3716 2425 3738 tunt

1045 3741 1190 3768 Discrimen
1199 3761 1207 3773 ‚
1228 3749 1282 3775 quo
1295 3740 1333 3767 di-
1340 3750 1388 3769 100
1396 3749 1503 3775 quoque
1517 3740 1619 3774 aliquos
1628 3760 1635 3772 ,
1660 3740 1707 3774 qui
1725 3739 1880 3775 discerptum
1896 3751 1982 3777 regem
2000 3746 2101 3778 patrimi
2114 3743 2234 3769 manibus
2248 3745 2321 3770 taciti
2333 3754 2425 3779 argue-

1395 3781 1462 3802 rent.
1499 3776 1600 3807 Varro,
1618 3775 1776 3809 Duabusque
1788 3777 1899 3803 admotis
1913 3778 2062 3812 quadrigis,
2076 3777 2209 3810 alligatum
2224 3788 2332 3813 corpus,
2350 3781 2426 3815 equis
2460 3779 2467 3785 '

1395 3811 1424 3837 in
1435 3809 1567 3837 diuersum
1581 3810 1632 3836 iter
1645 3811 1781 3837 concitatis
1795 3811 1958 3847 discerpsere.
2013 3813 2163 3846 Discerpcre
2172 3822 2199 3839 ac
2208 3813 2350 3842 dilacerare
2367 3817 2425 3843 Cic.

1395 3846 1427 3872 de
1440 3846 1475 3872 N.
1490 3846 1521 3872 D.
1537 3854 1554 3875 1,
1567 3853 1608 3879 27.
1681 3846 1752 3872 Idem
1766 3847 1847 3874 Tusc.
1865 3857 1884 3881 1,
1897 3856 1925 3882 71
1946 3849 2024 3881 Quod
2039 3856 2118 3882 quum
2134 3847 2169 3874 ita
2182 3849 2227 3882 lit,
2246 3857 2316 3876 certe
2327 3859 2374 3877 nec
2388 3852 2425 3878 se-

1396 3881 1484 3915 cerni,
1501 3889 1550 3907 nec
1562 3880 1662 3912 diuidi,
1682 3890 1727 3907 nec
1748 3881 1874 3917 discerpi,
1900 3893 1946 3910 nec
1959 3882 2066 3909 distrahi
2077 3883 2175 3916 potest,
2196 3894 2242 3911 nec
2255 3886 2363 3912 interire
2375 3887 2424 3920 igi·
2449 3879 2454 3899 ⁵

1516 3917 1547 3944 In
1564 3923 1656 3952 paruas
1674 3917 1771 3950 pai-teis
1790 3918 1947 3953 discerpitur
1961 3926 2052 3944 aurum
2084 3917 2186 3945 Lucret.
2200 3928 2226 3953 2,
2240 3925 2294 3952 828.
2366 3922 2422 3948 Cic.

2324 3955 2422 3993 Topic.
