2479 4225
48 3022 57 3026 -
97 3009 227 3036 decidere.

82 191 157 255 ‘25
472 200 755 241 1)Εο

115 291 178 320 haec
215 291 294 319 vestis
332 291 412 318 Plaut.
445 289 547 316 Mostel.
582 298 607 322 1,
641 298 670 322 3,
708 285 745 313 16.
988 323 995 327 ι

116 327 224 362 Optime
237 336 301 354 vero
313 327 404 358 frater,
417 331 443 352 et
456 325 527 352 Fieri
546 325 578 351 sic
593 326 672 351 decet.
742 321 838 355 Neque
852 322 934 348 abesse
949 323 1094 358 quidquam
1110 321 1152 349 de-

115 369 155 392 cet
168 363 195 389 in
208 362 409 389 definitionibus
418 382 426 393 ‚
443 370 528 395 neque
540 359 683 387 redundare
695 355 768 382 Idem
782 356 813 382 de
828 358 902 384 Orat.
916 366 939 390 2,
953 363 989 389 83·
1062 359 1151 385 Minus

116 399 209 425 seuere‘
224 407 303 433 quam
322 397 426 429 decuit,
445 405 486 422 res
506 394 622 422 (01110613
641 392 695 418 est:
720 400 775 418 non
793 397 881 419 tamen
900 394 1011 420 omnino
1030 392 1151 420 dissolute

115 434 170 460 Cic.
183 433 296 469 Philipp.
311 435 338 466 6,
352 441 371 459 1.
637 463 642 467 ι
682 463 689 468 ,
783 462 788 467 .

116 468 169 496 Off.
183 476 210 501 1,
232 477 282 495 110.
351 469 431 494 Decet
451 477 492 493 nie
511 467 551 494 liis
568 463 657 490 verbis
674 461 790 502 tabulari
808 462 890 490 Plaut.
905 464 1021 499 Ampliit.
1037 474 1054 496 i,
1069 472 1091 497 5,
1105 467 1150 497 46.

116 504 248 538 Exemplis
267 502 453 539 grandioribus
472 501 557 529 decuit
571 499 612 525 vti
634 498 690 524 Cic.
705 498 738 524 de
754 498 845 525 Diuin.
862 507 882 531 1,
896 508 935 530 39.
1006 501 1087 526 Decet
1107 500 1151 526 abs

115 545 142 566 te
156 538 184 566 id
198 539 333 574 impetrari
346 539 427 564 Plaut.
440 537 505 565 Rud.
519 544 541 567 3,
554 542 576 565 3,
590 543 627 566 40
650 533 778 567 Amiqui,
794 536 879 569 inquit
893 535 1025 567 Donatus,
1043 535 1060 561 11
1074 535 1150 562 adde-

109 569 179 601 bant
192 574 277 601 statim
291 574 415 605 verbum,
436 573 493 600 Nos
504 569 578 596 decet
591 569 677 595 facere
686 588 694 601 ,
714 569 771 595 Nos
786 568 860 596 decet
874 569 961 597 dicere
974 581 980 597 :
1004 579 1058 596 non
1073 570 1152 597 adde-

115 609 179 637 bant
193 620 200 641 ;
226 608 314 636 Nobis
327 610 414 641 decet,
434 605 561 634 dicebant.
727 639 733 644 ¹

114 644 225 672 inustum
239 655 246 670 ,-
270 645 350 671 Ριῑωῐ,
365 643 457 677 Amph.
472 650 496 672 2,
509 648 534 672 2,
550 648 578 665 io
603 638 669 665 Istuc
683 639 794 672 facinus,
814 641 886 675 quod
899 647 927 668 tu
942 640 1088 672 insimulas,
1105 651 1150 668 no.

115 680 169 707 stro
181 681 272 715 generi
285 690 337 707 „011
351 680 430 706 decet.
499 675 568 701 Ter.
578 674 689 709 Adelph.
704 683 726 707 3,
738 683 761 707 5,
774 682 808 709 45
832 677 903 702 Haec
918 676 1034 711 primuni
1049 683 1076 703 vt
1090 677 1152 704 fiant

116 715 179 742 deos
214 717 306 747 imese,
326 722 354 742 vt
366 713 440 741 vobis
453 710 533 737 decet.
605 709 678 736 Idem
694 710 805 745 Adelph.
825 719 848 744 ς,
867 716 889 741 8,
910 720 923 744 5
950 713 1037 738 limno
1055 712 1152 745 hercle,

115 751 152 778 ita
166 760 201 778 no
222 752 243 778 is
257 751 337 778 dccet,
404 746 473 774 Geli.
486 754 520 779 9,
540 753 565 778 15
590 746 726 772 Praefatur
743 747 909 781 arrogantius
931 752 956 773 et
975 747 1053 774 latius
1073 757 1151 783 quam

113 787 193 813 aetati
211 787 267 813 eius
290 784 402 813 decebat.

113 821 141 848 id
155 821 241 848 deceat
256 819 406 856 prudentiae
426 822 495 843 tuae.
549 817 628 843 Locus
641 815 674 849 ψ
692 825 716 850 1,
737 825 782 844 212
805 826 827 843 c.
841 824 869 850 55
896 818 976 845 Omni
995 818 1023 844 in
1036 827 1064 845 re
1083 820 1150 854 pone

115 857 187 892 quod
199 858 287 884 deceat
298 856 396 885 facere,
414 853 477 879 artis
489 858 515 878 et
527 858 635 879 naturae
647 852 699 878 est:
722 853 787 879 scire
800 852 866 886 quid
879 853 1038 888 quandoque
1051 854 1150 887 deceat,

113 893 276 928 prudentiae.
334 890 433 916 Veteres
451 895 532 914 tamen
549 890 663 914 imitatus
679 887 795 914 Alcimus
810 888 904 914 Auitus
920 889 1025 915 Consol.
1048 889 1079 916 ad
1094 891 1150 918 Sor.

113 937 139 955 v.
156 937 199 960 130
222 928 299 955 Nunc
316 923 390 951 decet
402 923 508 950 attentis
521 923 607 950 vitare
620 923 738 957 pericula
754 922 841 949 nobis.
900 926 1031 961 Eleganter
1046 930 1152 960 ponitur

841 285 899 313 cic.
923 286 954 313 de
980 287 1041 321 Leg.
1075 296 1106 321 2,
1133 294 1151 322 7

112 963 219 999 absolute
230 973 238 988 :
260 960 355 996 Virgil.
369 960 434 986 Aen.
451 967 488 992 12,
509 967 549 992 153
574 959 653 994 Perge
663 978 671 991 ,
692 958 780 991 decet,
797 959 888 985 forsan
907 961 1018 986 miseros
1038 962 1150 988 meliora
1161 969 1197 988 20
1214 959 1281 986 sistes
1300 970 1393 996 aegre,
1411 969 1436 990 et
1458 965 1537 991 citius
1553 975 1632 1001 quam
1650 964 1770 992 ascendas
1788 965 1891 991 decides
1914 965 2007 991 Laber-

112 999 259 1034 sequentur.
329 995 403 1022 Idem
423 996 488 1021 Aen.
508 1004 541 1028 4,
561 1001 610 1028 597
641 994 717 1021 Tum
735 993 841 1027 decuit,
868 1004 928 1021 cuin
945 996 1045 1030 sceptra
1064 996 1149 1024 dabas.

111 1031 278 1070 Con-funditur
294 1041 348 1058 cum
362 1031 471 1070 Doceo,
488 1029 552 1065 quod
564 1030 628 1056 vide.

147 1076 166 1096 D
174 1075 191 1096 Ε
200 1073 216 1094 C
224 1074 241 1094 Ε
248 1074 271 1094 Ν
278 1074 301 1100 s,
309 1066 385 1093 entis.
400 1066 491 1092 Partic.
505 1065 626 1100 [πρέπων]
640 1064 781 1097 Pulchrum,
787 1068 931 1091 conueniens
938 1072 961 1092 et
968 1072 1061 1101 aptum.
1083 1069 1151 1095 Hor.

113 1103 162 1132 Od.
176 1111 204 1136 4,
214 1111 250 1135 13,
263 1110 293 1136 17
316 1104 378 1136 Qio
391 1101 461 1136 fugit
475 1102 564 1141 §lenus
576 1100 627 1141 heu
642 1102 650 1126 ἒ
670 1101 787 1135 Qioque
800 1100 875 1126 color
888 1100 999 1128 decens?
1036 1104 1150 1130 Praeter-

110 1147 140 1166 ea
153 1137 260 1173 pulcher
271 1144 297 1165 et
308 1137 401 1164 decens
414 1145 529 1163 maxime
541 1145 568 1162 in
581 1141 705 1168 iuuenta,
722 1143 748 1162 ct
763 1136 869 1170 quidem
882 1142 941 1162 toto
953 1146 1066 1172 corpore
1081 1140 1150 1166 Suet.
1162 1140 1194 1167 25
1212 1144 1259 1172 pro
1271 1138 1414 1166 decollatum
1427 1149 1496 1175 erat,
1516 1145 1595 1169 uoluit
1616 1144 1708 1178 aliquis
1721 1142 1833 1177 positum.
1870 1142 1917 1169 Sed
1930 1141 1962 1175 est
1973 1152 1986 1168 α

111 1173 210 1201 Domit.
229 1182 250 1199 e.
266 1181 289 1201 2.
360 1172 467 1199 Gratiae
482 1172 600 1198 decentes
621 1172 714 1197 Horat.
728 1171 779 1198 Od.
795 1181 815 1204 i,
830 1181 856 1204 4,
871 1181 895 1198 ο.
968 1173 1049 1200 Ouid.
1064 1174 1150 1201 Trist.

146 1217 170 1244 τ’

107 1253 373 1309 Βῖεῗέ101111ἔ11000115
383 1264 466 1306 ouid.
481 1279 546 1305 Fast.
561 1286 582 1311 5,
596 1252 633 1311 ἒξ.
661 1263 667 1269 ι
680 1251 696 1277 7
705 1251 790 1305 8401110
810 1278 946 1306 decentior
959 1254 1150 1308 kClaiidefgjriinliii‘:

107 1316 221 1377 10021131
235 1323 502 1385 ,37’Ῐ)000111111111111111
518 1350 708 1385 sponsaliorum
721 1358 801 1384 genus
818 1349 890 1376 Idem
905 1349 935 1376 de
951 1351 1040 1377 Benef.
1057 1360 1066 1378 1
1087 1361 1108 1379 c.
1121 1361 1147 1386 9.

105 1385 174 1413 Add.
185 1384 302 1412 Lasiam.
316 1386 348 1412 de
362 1386 428 1420 opif.
443 1386 475 1412 D.
487 1394 558 1417 10,2.
629 1385 710 1412 Ouid.
719 1386 751 1412 de
760 1386 887 1412 ArteAin.
897 1394 920 1418 3,
928 1393 977 1421 757
997 1387 1057 1413 Sera
1071 1389 1149 1420 veni,

105 1421 240 1456 positaque
252 1420 345 1448 decens
361 1422 452 1448 incede
464 1422 578 1447 lucerna.
1102 1431 1111 1440 ·

146 1463 165 1483 D
176 1464 192 1484 Ε
202 1464 218 1484 C
226 1463 243 1483 Ε
252 1464 272 1483 Ν
283 1464 305 1484 T
316 1464 363 1490 iA,
376 1466 414 1483 ae.
435 1457 454 1482 f.
492 1456 630 1490 [ἐυκοσμιόε
637 1476 646 1488 ,
664 1456 808 1491 ἕυπρέπεια]
844 1455 1020 1483 Conuenient&
1034 1458 1150 1493 quaedam

105 1498 129 1518 et
143 1492 313 1533 pulchritudo.
350 1494 406 1519 Cic.
420 1492 452 1518 de
465 1492 561 1519 Natiir.
577 1492 656 1518 Deor.
670 1500 695 1524 2,
710 1500 754 1525 145
773 1502 794 1518 c.
807 1497 834 1525 58
859 1493 890 1518 In
907 1501 1051 1526 corporum
1068 1495 1148 1520 etiam
1166 1501 1195 1527 35

105 1535 227 1555 motione
240 1534 318 1563 atque
333 1528 404 1563 gestu
423 1528 506 1555 multa
525 1533 634 1555 cernunt
654 1528 793 1560 subtilius,
811 1527 932 1554 colorum
947 1529 1027 1554 etiam
1043 1535 1069 1555 et
1082 1529 1148 1563 figu-

104 1572 194 1590 rarum
213 1570 268 1590 tum
287 1564 448 1591 venustatem
467 1569 546 1598 atque
564 1563 700 1594 ordinem,
720 1570 747 1590 et
764 1567 809 1596 (vt
824 1563 860 1589 ita
875 1563 978 1594 dicam)
999 1563 1148 1591 decentiam

103 1599 178 1626 oculi
192 1599 324 1632 iudicant,
343 1606 423 1634 atque
436 1600 516 1626 etiam
528 1598 580 1625 alia
592 1599 702 1624 maiora.

139 1642 158 1662 D
166 1642 183 1662 E
193 1641 211 1662 C
221 1642 238 1661 E
246 1642 269 1661 N
278 1642 299 1662 T
307 1642 324 1662 Ε
332 1642 362 1661 R.
383 1635 451 1662 Adii.
473 1633 634 1669 [πρεπόντως]
671 1632 786 1664 Pulchre,
797 1638 862 1670 apte,
876 1635 1055 1659 conuenienter.
1092 1633 1146 1659 Cic.

104 1678 154 1703 pro
166 1670 280 1696 Caecina
293 1678 330 1704 74
349 1680 371 1696 c.
388 1673 421 1696 26
451 1670 478 1696 Si
493 1678 561 1704 quae
580 1667 753 1694 decentissime
771 1667 898 1701 descripta
920 1667 1068 1693 maioribus
1088 1668 1148 1693 iura
1156 1676 1194 1699 40

107 1704 218 1736 finium,
242 1704 436 1739 posscssionum,
462 1712 606 1739 aquarum,
627 1703 807 1734 itinerumque
826 1703 900 1732 sunt,
919 1701 983 1726 haec
996 1701 1147 1733 perturbari
1163 1723 1164 1726 ,

103 1739 194 1772 aliqua
206 1740 326 1771 ratione,
344 1739 555 1771 commutarique
571 1737 688 1770 possunt?
759 1736 911 1760 Lacrimare
926 1735 1048 1760 decenter
1066 1735 1149 1762 Ouid.

103 1773 136 1798 de
150 1774 216 1798 Arte
227 1774 285 1798 Ain.
299 1781 322 1804 3,
335 1782 388 1805 219.
460 1773 554 1798 Horat.
570 1770 648 1804 Epist.
664 1779 689 1801 2,
703 1778 728 1800 2,
742 1776 784 1800 215
804 1769 925 1802 Tempus
944 1770 1020 1796 abire
1033 1769 1087 1797 tibi
1101 1771 1147 1802 est,

102 1815 135 1834 ne
148 1812 241 1841 potum
254 1807 351 1840 largius
364 1814 465 1839 aequo·
488 1804 583 1832 Rideat
597 1811 623 1830 et
635 1804 720 1838 pulset
736 1803 832 1830 lasciua
844 1803 977 1830 decentius
990 1800 1068 1831 aetas.

102 1856 107 1859 <
139 1849 159 1868 D
168 1849 184 1869 E
193 1848 211 1873 Q
222 1848 358 1874 iANVs,
385 1842 520 1877 Cognomeri
533 1841 604 1867 Rom.
637 1841 666 1866 V.
680 1848 704 1875 g.
721 1839 777 1865 Cic.
792 1847 840 1873 pro
854 1839 946 1866 Flacco
959 1847 1003 1874 70.

138 1885 157 1905 D
166 1884 182 1904 E
191 1884 207 1904 C
218 1878 231 1904 1‘
241 1883 259 1904 D
269 1884 288 1904 ο
297 1897 305 1910 ,
323 1876 378 1909 idi,
394 1877 466 1908 siim,
486 1875 567 1902 idere.
605 1872 754 1910 [διακόπτω,
768 1872 878 1909 διαλύω]
913 1877 941 1901 Α
953 1875 1048 1907 caedo,
1061 1875 1148 1903 caedis

101 1912 271 1948 compositum,
291 1912 354 1939 idem
373 1911 437 1948 quod
454 1918 590 1946 amputare.
634 1911 714 1937 Plaut.
728 1911 811 1936 Merc.
827 1919 849 1942 ε,
864 1919 885 1943 2,
906 1918 938 1945 37
961 1911 1059 1937 Decide
1077 1911 1148 1938 mihi

102 1948 218 1982 collum,
236 1948 254 1975 11
267 1948 362 1974 salsum
376 1947 409 1974 ad
422 1953 447 1974 te
460 1947 565 1982 loquar.
655 1980 656 1983 Ἴ
741 1943 762 1983 fl
789 1954 806 1972 2
842 1945 986 1979 Decidere,
1004 1954 1052 1982 per
1072 1954 1147 1973 meta-

97 1984 203 2020 phoram
224 1987 322 2018 capitur
333 1991 379 2019 pro
394 1980 559 2016 Covistituere,
579 1981 723 2007 diiudicare.
760 1981 814 2008 Cic.
829 1982 904 2008 Verr.
919 1990 944 2014 2,
972 2002 978 2008 .
1004 2002 1010 2008 .
1044 1982 1094 2008 Res
1114 1982 1147 2008 ad

102 2019 180 2046 istum
200 2019 334 2051 defertur,
364 2024 391 2044 et
414 2018 488 2044 istius
511 2025 586 2044 more
608 2016 748 2044 deciditur.

102 2055 193 2090 Papiri.
207 2054 264 2081 inl.
279 2054 353 2080 fiscus
380 2055 412 2080 D.
434 2053 467 2079 de
481 2054 541 2079 iure
552 2052 624 2085 fisci,
641 2052 797 2087 Priusquam
812 2053 858 2078 illa
874 2052 992 2087 quaestio
1013 2052 1146 2079 decidere-

102 2096 154 2117 tur.
211 2090 354 2120 Decidere,
373 2087 407 2123 est
420 2090 488 2115 litem
499 2088 614 2124 consensu
629 2094 710 2114 mutuo
725 2087 856 2119 dirimere,
872 2088 937 2123 quod
948 2086 1083 2123 transigere
1091 2090 1146 2123 ple-

101 2135 157 2153 rum
176 2134 202 2151 ue
221 2125 382 2161 Iureconfiilti
400 2130 498 2151 vocant.
539 2125 688 2150 Translatio
700 2121 732 2156 2st
746 2123 776 2150 ab
789 2127 831 2155 iis,
846 2126 889 2159 qui
903 2133 953 2150 rem
965 2124 1147 2159 controuersam

95 2161 153 2197 scin
189 2167 233 2193 nt,
252 2167 281 2187 vt
293 2163 392 2196 quisque
401 2166 499 2195 partem
512 2169 612 2196 aequam
627 2159 737 2195 auferat,
754 2166 778 2185 et
790 2168 805 2185 a
819 2158 983 2193 controuersia
995 2158 1145 2195 discedatur.

102 2195 208 2230 leian.
227 2195 259 2222 de
278 2197 372 2226 furtis,
397 2196 415 2222 l.
434 2195 504 2222 inter
524 2204 632 2227 omnes,
655 2203 737 2235 vsque
755 2195 820 2221 adeo
839 2200 928 2221 autem
946 2194 1066 2221 diuersae
1086 2195 1144 2221 sunt
1163 2196 1191 2223 55
1209 2201 1256 2234 758
1277 2197 1461 2230 Contremuit,
1480 2200 1662 2234 gemitumque
1681 2198 1755 2224 dedit
1772 2197 1883 2224 decidua
1903 2207 2023 2233 quercus.

78 2233 83 2235 “
101 2231 235 2264 actiones,
254 2240 321 2266 quae
332 2232 369 2258 eis
382 2237 550 2266 competunt,
568 2237 596 2257 vt
609 2230 628 2257 11
641 2239 700 2265 quis
715 2239 808 2256 eorum
827 2239 875 2265 pro
888 2230 948 2256 fure
964 2231 1088 2257 damnum
1102 2230 1145 2257 de-

99 2267 210 2300 ciderit,
230 2266 284 2293 dici
297 2272 419 2302 oporteat
433 2266 601 2301 solummodo
614 2266 747 2293 aetionein
761 2266 811 2293 fibi
823 2272 1017 2300 competentem
1037 2266 1145 2293 amisisse

99 2311 176 2334 euin,
193 2303 302 2329 caeteris
317 2311 382 2330 vero
395 2303 529 2337 superesse.
585 2303 656 2329 Nain
676 2307 702 2328 et
719 2302 738 2328 11
757 2311 887 2336 proponas
907 2302 1011 2328 seruum
1025 2311 1144 2328 commu-

61 2337 69 2341 *
99 2347 161 2365 nem
176 2339 223 2365 esse
236 2339 401 2373 surreptum,
417 2347 444 2365 et
456 2339 538 2365 alium
552 2346 583 2364 ex
596 2337 711 2364 dominis
730 2347 779 2373 pro
793 2338 852 2364 fure
865 2337 992 2364 damnum
1012 2337 1145 2370 decidisse,

99 2373 138 2406 is,
153 2374 200 2409 qui
213 2383 268 2401 non
281 2373 395 2406 decidit,
413 2374 492 2402 habet
506 2374 573 2400 furti
585 2373 728 2400 atilionem.

93 2409 195 2447 salino,
214 2416 279 2436 more
296 2410 453 2436 Graecorum.
500 2411 558 2436 qu.
572 2409 622 2435 Sat.
644 2418 681 2440 12,
701 2418 726 2441 33
752 2409 880 2436 Decidere
895 2408 974 2435 iaetu.
1045 2408 1144 2443 Coepit

99 2454 160 2472 cuin
177 2446 262 2471 ventis
275 2446 392 2471 imitatus
406 2445 519 2477 castora,
539 2444 567 2470 de
581 2445 636 2476 his,
655 2447 698 2480 qui
716 2444 878 2481 naufragium
892 2443 993 2470 iustum
1007 2443 1143 2480 effugiunt,

98 2486 125 2507 ct·
134 2482 202 2507 velut
215 2481 348 2507 redimunt.
382 2481 438 2507 Cic.
453 2489 502 2515 pro
516 2481 590 2507 Rosc.
600 2480 677 2506 Coni.
689 2488 717 2512 3²
737 2481 771 2506 At
786 2481 857 2507 enim
871 2485 899 2506 tii
915 2485 990 2506 tuum
1005 2480 1144 2514 negotium

116 2515 189 2542 effisti
203 2515 270 2542 bene
284 2527 289 2542 :
316 2524 377 2551 gere
397 2522 423 2543 et
442 2521 471 2542 tii
485 2523 559 2542 tuum
577 2515 644 2542 bene
660 2526 665 2541 2
689 2524 784 2550 magno
798 2522 870 2542 tuam
883 2514 1023 2541 dimidiam
1041 2523 1142 2550 partem

98 2525 238 2581 decidisti:
263 2560 359 2586 niagno
373 2558 398 2578 et
415 2559 444 2578 tu
457 2558 530 2578 tuam
547 2560 647 2586 partein
667 2550 768 2578 decide.

98 2586 193 2613 stulisti
208 2598 213 2613 :
239 2587 257 2613 11
279 2587 308 2613 fit
328 2587 378 2613 hoc
392 2596 473 2619 vei-o,
499 2594 557 2613 Hs.
579 2593 619 2614 CC
631 2593 746 2615 61333
772 2592 802 2613 tu
824 2596 931 2621 quoque
949 2587 1032 2613 aufer.
1093 2587 1142 2613 Sed

98 2620 165 2647 hane
179 2621 337 2647 decisionem
352 2623 441 2648 Roscii
456 2623 578 2648 oratione
591 2629 616 2648 et
629 2623 757 2653 opinione
772 2631 868 2656 augere
881 2622 957 2654 licet,
979 2631 1007 2648 re
1026 2625 1051 2647 et
1071 2623 1142 2648 veri-

98 2662 150 2682 tate
163 2656 326 2682 mediocrem
340 2662 366 2681 et
385 2662 491 2681 tenuem
512 2658 560 2681 esse
574 2657 726 2682 inuenietis.
782 2656 905 2688 Decidit,
924 2660 1022 2691 inquit,
1041 2663 1143 2690 partem

98 2692 171 2717 suain
179 2711 188 2723 ,
205 2691 233 2717 id
245 2689 294 2724 qli,
311 2697 359 2725 pro
368 2697 444 2725 parte
451 2690 500 2726 sua
514 2692 601 2716 maluit
618 2697 635 2717 C
646 2696 663 2716 C
674 2698 690 2717 C
699 2698 709 2716 1
720 2699 736 2719 3
750 2699 766 2719 3
777 2699 793 2718 3
813 2690 955 2726 fistcrtiflm
973 2694 1095 2725 accipere,
1115 2700 1144 2717 ne

97 2727 168 2752 vltra
180 2728 224 2752 lite
241 2727 421 2761 implicaretur.
458 2725 580 2751 Budaeus.

95 2770 144 2788 reo
161 2760 299 2795 transigat,
320 2760 376 2795 post
401 2769 462 2787 cuin
479 2761 627 2786 accusatore
640 2759 751 2786 decidat.
822 2760 895 2785 Idem
909 2769 959 2794 pro
974 2761 1069 2785 Roscio
1082 2761 1141 2787 Am.

98 2805 140 2829 114
156 2806 178 2823 c.
193 2805 224 2829 39
245 2796 271 2822 Si
285 2796 350 2822 lianc
364 2797 390 2822 ei
403 2805 460 2823 rem
473 2795 600 2830 priuatim
615 2795 723 2821 Roscius
739 2794 924 2826 inandauiss'ct,
940 2800 968 2820 vt
982 2803 1041 2820 cum
1057 2795 1140 2827 Chry-

97 2833 199 2867 sogono
215 2830 368 2866 transigeret
398 2837 477 2866 atque
495 2829 636 2857 decideret.
709 2830 765 2856 Cic.
785 2839 834 2863 pro
848 2830 963 2863 Qiintio
981 2837 1010 2864 17
1034 2831 1141 2858 Decidis

97 2868 240 2902 statuisque
253 2873 281 2893 tu
295 2872 402 2901 propter
414 2865 624 2892 neceslitiidinein
633 2885 641 2897 ,
662 2874 728 2900 quae
740 2864 790 2892 tibi
805 2874 863 2892 cuin
879 2865 996 2900 Scapulis
1009 2866 1061 2898 est,
1075 2867 1140 2901 quid

97 2903 131 2930 iis
146 2903 178 2930 ad
192 2903 330 2929 denarium
342 2902 497 2928 solueretur.

96 2939 164 2966 licre
175 2938 364 2971 decideretur,
380 2938 407 2964 in
427 2936 602 2972 posi'effionein
619 2937 644 2962 se
657 2937 696 2962 ire
709 2937 844 2963 iussurum.
915 2938 945 2963 Et
958 2938 1035 2963 Verr.
1056 2945 1068 2969 3
1078 2958 1086 2970 ,
1106 2941 1140 2971 69

96 2984 119 3001 c.
134 2980 164 3004 28
192 2973 349 3000 Conflictari
366 2972 513 3005 malebant,
532 2982 611 3008 quain
626 2972 777 3007 ‘quidquam
795 2981 854 2999 cum
873 2972 924 2999 isto
942 2973 985 2998 siia
1005 2973 1142 3000 voluntate

298 3011 333 3036 Vt
346 3018 406 3035 cum
419 3009 582 3043 Moegarone
596 3008 673 3042 signis
686 3008 803 3039 collatis,
817 3008 836 3034 si
849 3009 945 3042 possem
959 3008 990 3034 de
1001 3009 1078 3035 seruo
1092 3017 1140 3036 tuo

96 3045 245 3072 deciderem
260 3045 316 3071 Cic.
331 3045 382 3071 Att.
396 3052 418 3077 5,
433 3052 465 3077 15.
522 3045 560 3070 De
575 3044 668 3078 aliquo
681 3044 789 3078 negotio
804 3043 926 3070 decidere
940 3044 1012 3070 Idem
1021 3045 1074 3071 Att.
1089 3053 1109 3077 1,
1118 3053 1139 3078 5.

98 3082 129 3108 Et
141 3089 191 3116 pro
204 3080 318 3114 Qiintio
333 3089 360 3114 19
382 3080 439 3107 Nisi
453 3080 526 3115 prius
545 3079 576 3106 de
590 3080 667 3106 rebus
685 3078 890 3114 rationibusque
909 3079 1039 3106 societatis
1053 3081 1140 3107 omni-
1154 3083 1186 3110 80

96 3115 145 3143 bus
159 3115 300 3143 decidisset.
373 3116 429 3142 Cic.
443 3117 519 3143 Vcrr.
535 3125 553 3147 i,
569 3124 612 3148 114
637 3116 723 3150 Atque
737 3115 787 3141 hoe
809 3115 838 3141 in
862 3115 985 3141 beneficii
1000 3115 1060 3143 loco
1075 3117 1141 3151 peti-

97 3157 155 3178 tum
167 3151 203 3178 est
217 3151 250 3178 ab
258 3151 386 3186 Apronio,
399 3157 428 3178 vt
440 3151 531 3185 iugera
544 3150 643 3185 lingula
655 3151 737 3177 ternis
749 3150 891 3177 medimnis
904 3150 1024 3177 decidere
1036 3152 1139 3179 liceret.

99 3185 170 3213 Idem
185 3188 260 3214 Verr.
273 3195 297 3219 3,
331 3206 338 3213 .
405 3187 538 3221 Mancipes
553 3186 638 3221 pretio
651 3196 710 3213 cum
724 3186 877 3212 ciuitatibus
889 3186 1019 3214 decidisse.
1075 3187 1140 3214 Ideo

101 3222 213 3248 maiores
231 3222 326 3249 deceni,
339 3222 466 3249 niensium
485 3222 597 3257 spatium
614 3222 765 3256 lugentibus
784 3222 858 3249 viros
874 3221 1016 3255 dederunt,
1036 3228 1066 3249 vt
1080 3232 1141 3250 cum

99 3257 241 3290 pertinacia
255 3257 393 3284 muliebris
407 3267 539 3285 moeroris
553 3257 658 3292 publica
671 3258 860 3284 constitutione
873 3257 1024 3285 deciderent
1035 3258 1092 3285 Sen.
1106 3259 1139 3286 ad
1157 3263 1186 3292 85
1203 3271 1257 3288 rum
1278 3261 1371 3288 fallere
1390 3267 1507 3296 tenipus,
1526 3264 1567 3288 vel
1579 3261 1697 3288 laborem
1717 3261 1834 3288 dicimur.

100 3291 179 3317 Helu.
191 3293 266 3319 Cons.
285 3303 306 3320 c.
322 3296 358 3319 16.
413 3293 487 3329 Cous.
503 3295 638 3320 Burmann.
657 3293 691 3319 ad
711 3293 842 3327 Qiinetil.
856 3293 927 3321 Decl.
942 3302 979 3326 12,
995 3302 1020 3320 12
1046 3304 1071 3329 p.
1085 3303 1139 3327 253.

100 3326 157 3353 Cic.
169 3335 216 3360 pro
229 3329 343 3362 Qiintio
357 3336 385 3364 17
405 3330 497 3362 Qiuni
518 3329 654 3363 pecuniam
671 3330 701 3355 C.
715 3330 810 3362 Quint.
824 3329 851 3355 P.
865 3329 988 3363 Scapulae
1002 3329 1130 3357 debuisset

99 3370 147 3396 per
159 3366 184 3387 te
198 3362 229 3387 C.
241 3363 331 3398 Aquili
344 3364 443 3391 decidit
456 3366 483 3391 P.
497 3365 590 3402 Qiint.
605 3364 677 3399 quod
691 3364 782 3391 liberis
795 3364 851 3390 eius
867 3364 1025 3392 dissolueret.
1062 3366 1095 3393 Id
1105 3351 1140 3399 esi

99 3395 269 3423 transaflione
287 3406 310 3425 et
321 3398 398 3435 paHo
413 3402 529 3435 pronujit
541 3400 570 3436 fi
582 3400 730 3436 fhluturum.
803 3400 930 3427 Decidere
944 3410 993 3434 pro
1006 3400 1140 3433 libertate,

99 3432 144 3460 hoc
158 3430 191 3465 est
205 3433 369 3461 transactione
375 3435 478 3471 firuare
489 3435 627 3462 libertatem
640 3445 670 3462 ac
680 3436 797 3462 redimere
811 3435 868 3462 Seii.
883 3436 961 3470 Epist.
975 3439 1017 3469 96.

118 3477 149 3494 ro
163 3468 238 3494 Rosc.
251 3467 326 3494 Com.
361 3490 367 3496 .
405 3491 411 3497 .
444 3471 543 3498 Satisne
557 3471 603 3498 ista
617 3471 751 3506 stipulatio
764 3471 852 3498 dicere
866 3471 918 3498 tibi
931 3471 1038 3498 videtur
1050 3480 1138 3507 aperte

125 3503 225 3542 oscium
244 3503 295 3544 Prq
309 3503 333 3528 se
344 3503 481 3533 decidisse?
553 3506 682 3533 Deeidere
691 3527 700 3539 ,
718 3505 751 3540 esi
770 3516 823 3533 cum
836 3507 956 3534 creditore
967 3507 1044 3544 super
1057 3509 1138 3535 debito

99 3539 244 3579 trariltgere.
281 3540 396 3566 Scaeuol.
410 3541 442 3568 de
456 3542 587 3569 adininist.
603 3548 629 3569 et
641 3543 721 3577 peric.
737 3548 785 3569 tiit.
804 3542 821 3568 l.
836 3552 895 3569 cum
907 3544 1038 3569 hereditas
1047 3563 1055 3575 ‚
1068 3544 1137 3571 Cum

100 3574 250 3609 plerisque,
269 3575 362 3613 ivl-quis,
375 3577 550 3605 creditoribus
565 3578 602 3605 ita
614 3577 721 3604 decidit.
774 3579 804 3604 Et
816 3578 900 3614 infra,
919 3580 987 3605 Ciiin
1003 3579 1136 3615 plerisque

100 3609 278 3636 creditoribus
291 3614 327 3634 ita
340 3607 496 3639 deciderunt.

99 3645 200 3671 latione
213 3644 242 3671 iii
254 3643 462 3684 Bucolicis-dixit
478 3649 602 3685 Virgilius
637 3663 682 3668 —
717 3650 776 3675 Hoc.
796 3650 868 3676 enim
887 3649 947 3676 loco
968 3657 1071 3684 practer
1089 3660 1136 3679 no-

98 3689 170 3713 men,
190 3686 292 3706 caetera
306 3687 421 3714 proprus
434 3680 517 3709 decisa
529 3685 585 3711 sunt
598 3683 698 3717 verbis,
714 3687 733 3710 i.
747 3684 888 3716 transat‘l'a,
903 3685 1038 3711 declarata.

138 3723 156 3743 D
165 3723 206 3747 EC
216 3717 230 3742 1'
238 3722 250 3741 S
261 3723 281 3742 V
290 3723 302 3742 S
310 3735 319 3747 ‚
335 3723 361 3755 Ji,
382 3724 436 3741 Um.
472 3717 561 3745 Partic.
597 3719 816 3754 [α’ποκεκομμένος,
830 3717 1041 3755 διαλελαμμένος]
1077 3721 1134 3748 Cic.

100 3752 178 3778 Verr.
191 3760 214 3784 3,
229 3759 269 3784 119
287 3749 392 3790 Qubus
404 3750 483 3777 rebus
497 3754 617 3781 omnibus
632 3755 698 3782 aCtis
713 3761 791 3790 atque
803 3755 909 3787 decifis‚
925 3756 1108 3790 producuntur
1121 3766 1135 3783 0

99 3795 218 3819 carcere,
241 3792 267 3812 et
287 3786 436 3820 deligantur
454 3786 487 3812 ad
507 3787 606 3821 palum,
628 3791 657 3816 id
668 3789 718 3823 est,
734 3789 881 3818 transaHis.
953 3793 984 3818 Et

101 3827 124 3853 8,
139 3825 162 3854 ς,
176 3830 212 3856 47
238 3823 346 3848 Caetera
362 3822 476 3856 propriis
491 3821 575 3849 decisa
590 3824 647 3852 sunt
659 3826 757 3853 verbis.
830 3826 922 3852 Decisa
938 3829 1061 3862 negotia,
1077 3830 1136 3854 Per-

101 3855 159 3882 aaa
177 3858 272 3884 Horat.
285 3857 363 3891 Epist.
386 3866 411 3897 i,
431 3865 456 3892 7,
474 3866 512 3890 59.
571 3858 675 3897 Sueten.
689 3862 764 3896 Vesp.
787 3870 809 3887 c.
824 3870 860 3888 21.
922 3864 1026 3898 Proprie
1044 3864 1134 3891 Tacit.

100 3893 217 3932 “mn-,¹²³
234 3901 264 3926 14
287 3892 374 3928 Atque
386 3893 433 3919 ille
446 3902 499 3919 non
514 3901 704 3933 propinquum,
723 3906 807 3931 neque
822 3898 923 3924 Arsacis
936 3897 968 3924 de
980 3905 1071 3933 gente,
1091 3900 1134 3926 sed

99 3927 286 3961 alienigenam,
311 3935 335 3954 et
356 3929 505 3956 Romanum
526 3937 677 3963 increpans,
701 3931 809 3960 auribus
830 3932 919 3960 decisis
939 3933 1032 3962 viuere
1050 3934 1134 3962 iubet.

99 3963 193 3991 Horat.
203 3963 280 3999 Epist.
294 3972 319 3995 z,
331 3972 356 3996 2,
370 3973 405 3996 49

136 3999 149 4007 ”
252 4006 274 4027 ν
283 4005 335 4027 01..
356 4000 396 4027 11.

444 432 492 459 Nil
512 431 585 458 dccet
601 428 702 459 inuita,
718 432 748 453 vt
762 427 852 460 aiunt,
873 428 994 455 Minerua
1011 429 1097 456 facere
1111 428 1150 455 Id.
1177 432 1191 458 ς

772 601 793 641 q
814 612 828 630 2
865 605 922 641 Obs,
946 607 1042 638 Decet,
1060 608 1152 633 Damio
1170 612 1198 630 10
1217 608 1249 637 36
1268 607 1411 636 Decifionis
1433 611 1533 639 arbiter
1547 613 1577 638 C.
1593 614 1696 640 Caclius
1713 615 1773 641 suit.

360 1315 505 1341 Decentior
523 1313 618 1346 facies,
638 1314 667 1340 in
676 1311 733 1348 flua
746 1314 844 1349 aliquis
863 1323 961 1341 naeuus
983 1316 1040 1342 Sen.
1054 1317 1148 1343 Contr.
1162 1320 1195 1344 30

1193 1637 1199 1642 ”
1210 1638 1284 1666 typo,
1304 1634 1419 1661 aberrare
1433 1635 1552 1669 Plin.Ep'.
1562 1642 1584 1668 5,
1593 1643 1630 1661 10.

1204 1745 1246 1762 .ne
1260 1746 1300 1763 res
1316 1738 1417 1766 decidat
1432 1741 1607 1767 admonemur
1622 1740 1678 1775 Cic.
1693 1739 1725 1766 de
1738 1740 1833 1773 Arusp.
1847 1738 1922 1773 Resp.
1937 1746 1978 1772 54.

1161 1845 1195 1872 45
1212 1843 1345 1870 Perfeeios
1359 1853 1512 1882 veteresque
1525 1847 1624 1873 referri
1638 1846 1716 1873 debet
1730 1847 1739 1873 3

820 2558 878 2578 iis.
900 2557 1075 2580 ccciooo
1100 2549 1189 2580 zib-63

570 2901 643 2927 Idem
656 2903 730 2928 Vcrr.
744 2901 863 2927 Diuinat.
877 2908 920 2934 125
939 2900 997 2928 Nisi
1012 2910 1071 2928 cuin
1084 2912 1141 2929 mu-
1155 2906 1188 2934 73

1081 3438 1137 3464 Cic.
1147 3442 1184 3467 90

1200 3546 1280 3574 Fides
1292 3546 1399 3581 decepta
1411 3548 1472 3574 Stat.
1479 3545 1570 3573 Theb.
1585 3552 1608 3578 8,
1619 3548 1673 3577 623.

549 3615 674 3640 Peculiare
687 3612 721 3646 est
734 3613 843 3647 Qinei.
852 3619 875 3646 8,
887 3616 913 3646 6,
925 3616 962 3647 46
982 3615 1042 3640 Sine
1055 3620 1136 3642 trans·
1152 3620 1184 3646 93
1202 3617 1269 3645 Vell.
1285 3625 1306 3647 2,
1318 3620 1362 3651 69,
1376 3626 1394 3644 1.

1200 3724 1287 3759 ceptiii
1300 3724 1426 3751 obnoxia.

1198 3935 1270 3998 {litus
1289 3935 1386 3961 occidit
1422 3935 1552 3970 Deceptor
1570 3935 1693 3963 dominae
1705 3935 1832 3968 Myrtilus
1839 3954 1849 3968 ,
1868 3941 1914 3961 etc.

1146 3977 1189 4003 105
1217 3980 1272 3998 ras.
1291 3980 1310 3997 c.
1329 3979 1361 3997 ii.

1620 206 1656 246 D
1756 208 1790 248 E
1883 209 1916 249 C

1410 292 1485 332 Vnde
1508 293 1580 321 simul
1604 295 1718 329 primuni
1738 304 1779 323 inc
1794 296 1928 323 dismiscre
1941 297 2054 333 Philippi

1411 328 1506 368 Decius
1526 330 1652 357 humilem
1666 329 1773 365 pennis,
1791 333 1949 367 inopemque
1965 334 2065 367 paterni

1410 364 1440 389 ht
1454 364 1529 395 laris,
1542 373 1566 392 ct
1579 365 1669 399 fundi,
1684 374 1819 401 paupertas
1834 368 1938 403 impulit
1954 370 2036 395 audax

1409 399 1444 425 Vt
1465 401 1552 426 versus
1572 402 1693 429 facerem.

1252 435 1377 470 DECilsl
1391 438 1424 466 O,
1432 435 1499 460 (uiis.
1521 436 1539 461 s.
1576 437 1695 464 Verbale.
1732 434 1876 471 [διίλυσις]
1913 439 2171 474 ProprleDiminueio.
2209 439 2250 465 In-

1218 471 1356 491 crementls
1372 468 1445 501 globi
1460 471 1498 496 sui
1512 471 1692 508 decifioncque
1706 473 1812 499 luminis
1827 473 1956 500 menstrua
1971 481 2086 507 tempora
2101 474 2161 499 luna
2176 474 2251 507 signi-

1217 497 1276 541 ficat
1296 501 1373 535 Apul.
1393 503 1531 545 de-Mund.
1548 516 1571 541 p.
1586 514 1624 541 71.
1695 510 1818 535 Diremtio
1836 511 1917 534 litium
1938 516 2018 534 mutuo
2037 509 2148 544 consensi«
2162 507 2249 544 justa.

1217 536 1271 574 pic.
1294 539 1473 577 pquaecina
1495 548 1542 574 104
1568 542 1641 575 Qiid
1660 544 1746 571 nostra
1765 543 1860 570 decisio
1878 544 1910 570 de
1927 544 2073 578 acquitate,
2098 544 2161 577 quid
2181 545 2251 571 ratio

1216 571 1354 598 11110111ιᾶ1
1367 574 1398 600 de
1414 576 1472 602 iure
1492 576 1665 609 admoneant,
1684 586 1710 605 vt
1724 579 1853 605 iudicetis.
1923 579 1996 605 Idem
2011 588 2059 613 pro
2073 579 2165 605 Flacco
2179 585 2209 612 89
2228 589 2249 605 c.

1280 642 1284 646 .
1844 615 1947 648 Augere
1965 614 2121 641 decisionem
2141 615 2251 640 alicuius

1217 649 1339 668 oratione
1354 651 1379 671 et
1393 647 1521 680 opinione
1536 648 1591 674 Cic.
1606 658 1654 683 pro
1668 651 1764 676 Roscio
1777 650 1853 676 Com.
1890 669 1896 675 .
1927 670 1933 675 .
1967 670 1972 676 .
2027 650 2098 676 Ideni
2114 658 2162 683 pro
2176 650 2252 675 Rosc.

1217 677 1293 717 qun·
1304 683 1336 710 48
1357 689 1378 706 c.
1389 685 1416 708 16
1436 681 1512 708 Dicat
1527 683 1682 711 decisionem
1697 685 1800 711 laetam
1814 686 1871 717 cfl‘e,
1886 693 1952 719 quae
1964 685 2031 711 saeia
2045 694 2098 710 non
2112 685 2155 710 csl.
2203 685 2253 711 De-

1215 715 1339 754 cisionein
1353 716 1452 744 videtur
1462 718 1567 754 posuisse
1585 720 1639 746 Cic.
1658 720 1689 746 de
1704 721 1823 747 Prouinc.
1837 720 1943 747 Consul.
1957 729 1973 752 9
1992 730 2013 746 c.
2027 731 2045 754 4
2066 727 2115 755 pro
2129 729 2154 745 eo
2167 729 2253 756 genere

1210 746 1356 782 pastionis,
1380 752 1423 778 vbi
1446 760 1546 789 vterque
1570 755 1604 781 ad
1634 764 1644 781 e
1659 762 1757 791 parum
1776 757 1883 791 aliquam
1901 756 1998 787 trahit,
2024 757 2185 789 Imperatore
2203 755 2253 781 illo

2200 211 2250 251 26

462 782 532 808 Male
550 781 597 808 huc
616 781 733 808 laudatur
752 782 808 808 Cic.
829 782 861 808 de
883 782 956 808 Orat.
970 783 1151 823 ⁴(Quandoque
1169 789 1194 816 15
1216 781 1284 822 nihil
1303 783 1376 812 aliud
1397 787 1485 815 aetum
1505 789 1557 822 est,
1574 791 1621 816 nii
1642 791 1775 825 pactiones
1795 799 1963 824 pecuniarum
1983 799 2042 816 cum
2055 791 2187 823 tyrannis,
2210 790 2253 817 de.

1214 817 1338 860 (Ιὶἶῡῐῑςδ,
1363 822 1540 858 direptiones,
1566 826 1720 857 latrocinia,
1740 826 1838 852 caedes.

1212 853 1331 889 ascendit.

1251 888 1416 924 nrcfno,
1440 892 1493 924 i'di,
1519 897 1572 921 ere.

1893 828 1959 853 Nam
1971 826 2081 863 stssg'ullt
2101 827 2184 852 verbis
2201 826 2255 852 illic

2081 864 2085 873 .

1241 923 1246 928 ¹
1608 895 1790 929 [amamini-w,
1810 895 1991 930 κατασείομσιι]
2035 897 2071 922 Ex
2090 897 2140 922 alto
2160 895 2253 922 cadere.

1215 924 1271 950 Cic.
1281 925 1333 951 Off.
1347 935 1372 959 2,
1385 937 1416 960 43
1437 929 1509 955 Fie‘ta
1523 930 1613 957 omnia
1626 930 1747 957 celeriter
1760 936 1884 964 tanquam
1896 931 1996 956 flosculi
2009 931 2142 958 decidunt.
2184 932 2255 957 Con-

2039 976 2053 991 a
2072 967 2105 992 ud
2134 967 2253 993 Macrob.

1215 994 1266 1021 ΒΜ·
1281 1004 1306 1028 22
1322 1005 1348 1037 ἶ·
1419 1000 1477 1026 Cic.
1489 1000 1521 1027 de
1536 1001 1636 1027 8011061.
1649 1008 1677 1035 71
1704 1002 1734 1027 Et
1746 1000 1817 1035 quasi
1832 1009 1909 1034 poma
1924 1009 1955 1026 cx
1967 974 2122 1033 arboribus,
2141 1002 2157 1027 11
2173 1002 2254 1029 cruda

1215 1031 1293 1071 sunt,
1308 1042 1336 1058 vi
1349 1034 1500 1062 aiielluntur
1514 1047 1520 1062 :
1546 1036 1563 1062 fi
1578 1043 1681 1063 matura
1698 1044 1723 1063 et
1738 1035 1828 1068 cocta,
1845 1035 1970 1062 decidunt
1984 1046 1989 1062 ι
2015 1035 2047 1061 fic
2067 1036 2148 1062 vitam
2167 1037 2254 1064 adole-

1214 1067 1345 1106 scentibus
1360 1069 1399 1095 vis
1414 1071 1514 1102 aufert,
1535 1071 1640 1098 senibus
1653 1071 1798 1098 maturitas.
1867 1071 1973 1097 Turres
1992 1071 2117 1105 grauiore
2139 1073 2196 1097 casii
2213 1072 2256 1098 de·

1213 1102 1305 1129 cidunt
1320 1105 1414 1131 Horat.
1429 1108 1516 1133 Carni.
1531 1116 1557 1139 2,
1570 1116 1608 1139 io,
1618 1116 1655 1133 10.
1728 1106 1866 1133 Deciderat
1880 1107 1955 1133 Cassii
1974 1115 2000 1132 ca
2023 1113 2051 1132 ut
2065 1106 2131 1132 Vell.
2145 1115 2171 1140 2,
2185 1114 2229 1141 70,
2244 1116 2256 1139 3

1989 1116 2096 1172 timum,
2117 1148 2140 1167 et
2155 1143 2257 1177 respicit

2036 1177 2104 1203 Ter.
2121 1178 2216 1203 Heaut.
2232 1185 2257 1208 2,

1215 1173 1350 1201 libertum.
1425 1178 1559 1204 Exanimis
1576 1178 1675 1204 decidit
1693 1179 1769 1212 Virg.
1784 1178 1849 1203 Aen.
1864 1185 1893 1210 ς,
1911 1185 1962 1212 ς17.
1986 1212 2113 1239 neddere
2125 1212 2157 1238 de
2170 1212 2239 1239 1εὸὶο

1214 1217 1236 1240 3,
1249 1217 1265 1241 9
1291 1211 1347 1236 Vae
1366 1212 1464 1238 misero
1483 1213 1566 1245 mihi,
1586 1220 1685 1248 quanta
1704 1213 1735 1239 de
1755 1214 1797 1247 spe
1818 1212 1913 1238 decidi.

1214 1243 1247 1270 de
1261 1246 1354 1279 tegulis
1367 1247 1435 1274 Ter.
1450 1247 1557 1275 Phorm.
1572 1259 1599 1283 4,
1614 1258 1642 1282 4,
1654 1251 1696 1275 26.
1766 1249 1895 1275 Decidere
1908 1256 1978 1282 equo
1994 1250 2035 1274 vel
2048 1256 2079 1274 ex
2092 1257 2162 1282 equo
2182 1247 2255 1274 Caes.

1215 1280 1244 1306 B.
1257 1281 1289 1306 G.
1304 1289 1324 1313 1,
1338 1288 1380 1314 48.
1453 1284 1520 1310 Plin.
1535 1290 1575 1316 28,
1589 1289 1612 1314 8.
1668 1286 1700 1311 Et
1713 1284 1779 1319 apud
1791 1284 1845 1310 Cic.
1861 1284 1891 1309 ad
1904 1284 1957 1310 Att.
1973 1292 1998 1316 2,
2011 1285 2042 1316 36
2067 1283 2207 1310 Deciderat
2225 1291 2256 1309 ex

1213 1315 1297 1342 astris.
1371 1319 1390 1344 Ε
1403 1319 1468 1345 flore
1484 1319 1606 1346 decidere
1621 1326 1707 1354 guttas
1728 1319 1809 1345 Ouid.
1824 1320 1888 1345 Met.
1902 1328 1928 1351 9,
1941 1327 1996 1352 345.
2069 1318 2200 1345 Decidiint
2218 1327 2257 1345 ar-

1213 1350 1325 1378 boribus
1337 1352 1405 1380 folia
1418 1355 1483 1381 Plin.
1498 1363 1535 1388 12,
1546 1363 1577 1381 11.
1619 1356 1649 1383 Et
1665 1364 1696 1387 ii,
1710 1363 1737 1381 21
1759 1354 1876 1388 Quidam
1892 1359 1983 1388 putant
1996 1354 2120 1380 omnibus
2135 1354 2256 1381 decidere

1214 1386 1318 1413 aculeos
1333 1388 1366 1414 ad
1384 1389 1510 1417 hiemem.
1582 1391 1689 1417 Decidit
1701 1390 1800 1416 ouibus
1813 1389 1866 1416 illis
1881 1389 1983 1416 frue'tuc
1996 1390 2083 1415 onmis
2103 1390 2183 1416 Flam.
2198 1391 2258 1416 Bac-

1214 1421 1282 1448 chid.
1299 1430 1322 1455 5,
1335 1433 1361 1456 2,
1377 1434 1414 1460 17.
1486 1427 1554 1452 Hor.
1569 1426 1648 1460 Epist.
1665 1435 1683 1457 1,
1699 1435 1739 1459 14,
1754 1434 1784 1458 29
1808 1425 1889 1452 Addit
1904 1434 1970 1459 opus
1984 1425 2062 1459 pigro
2075 1425 2164 1455 riuus,
2182 1425 2199 1451 si
2214 1425 2257 1451 dc-

1214 1457 1279 1484 cidit
1292 1459 1396 1493 imber,
1432 1462 1517 1488 Multa
1535 1462 1607 1488 mole
1620 1462 1752 1488 docendus
1766 1461 1856 1494 aprico
1875 1468 1982 1494 parcere
1996 1467 2080 1494 prato.
2152 1461 2258 1487 Decidit

1214 1494 1242 1519 in
1250 1495 1323 1520 casses
1337 1496 1431 1529 praeda
1445 1497 1525 1523 Ouid.
1539 1497 1571 1523 de
1584 1498 1648 1523 Arte
1662 1498 1720 1523 Am.
1737 1504 1759 1527 2,
1773 1503 1816 1528 27.
1887 1496 1918 1521 In
1931 1495 2039 1529 laqueos
2052 1504 2145 1529 auceps
2159 1496 2259 1522 decidit

1212 1529 1285 1555 Idem
1306 1530 1338 1556 de
1354 1531 1463 1557 Renied.
1479 1533 1570 1557 Amor.
1585 1540 1642 1563 502.
1713 1529 1850 1556 Lacrimae
1873 1529 1998 1555 decidunt
2017 1531 2045 1555 in
2063 1538 2110 1555 ora
2130 1530 2212 1556 Ouid.
2225 1531 2260 1556 ad

1211 1564 1272 1589 Liu.
1287 1567 1345 1597 276.
1417 1566 1523 1592 Decidit
1536 1566 1565 1591 in
1578 1574 1669 1599 praece
1688 1574 1699 1590 s
1720 1565 1757 1590 Id.
1773 1565 1837 1590 Met.
1852 1572 1889 1595 12,
1904 1569 1955 1595 338.
2027 1564 2118 1597 Vires,
2136 1566 2259 1598 potestas-

1212 1606 1263 1631 que
1276 1599 1350 1624 vrbis
1362 1598 1462 1627 decidit
1477 1601 1614 1627 Claudian.
1622 1601 1654 1626 de
1687 1599 1740 1625 ello
1754 1599 1863 1625 Gildon.
1874 1607 1921 1631 44.
1981 1598 2109 1625 Decidere
2122 1600 2155 1625 ab
2170 1600 2259 1626 arche-

1701 1634 1829 1660 Decidere
1844 1634 1896 1667 spe,
1898 1632 1954 1667 fine
1967 1633 2166 1668 praepositione:
2188 1636 2256 1662 Ter.

1212 1669 1308 1694 Heaut.
1322 1678 1350 1701 4,
1363 1675 1386 1701 8,
1401 1679 1423 1696 11
1442 1671 1547 1704 Qianta
1567 1671 1609 1704 spe
1623 1669 1726 1701 decidi,
1741 1668 1789 1704 fid
1808 1675 1830 1694 et
1844 1668 1880 1694 ibi
1893 1670 1986 1704 legitur
1999 1668 2039 1694 de.
2112 1671 2134 1696 A
2154 1671 2197 1705 spe
2218 1672 2257 1697 so-

1211 1702 1314 1729 cietatis
1331 1705 1432 1732 Prusiae
1453 1705 1552 1732 decidit
1567 1704 1713 1731 Antiochus
1727 1705 1787 1730 Liu.
1803 1711 1845 1737 37,
1857 1705 1897 1729 26.
1970 1704 2002 1730 111
2018 1704 2096 1731 vnius
2115 1705 2257 1740 imperium

2050 1740 2194 1774 Decidcre,
2230 1751 2258 1769 ro

1211 1775 1275 1798 mori
1289 1773 1372 1799 Plaut.
1388 1776 1518 1803 Trinuni.
1533 1785 1562 1806 2,
1576 1786 1605 1810 4,
1620 1784 1664 1809 143
1687 1775 1726 1801 Ita
1747 1774 1837 1801 cuncti
1858 1774 1989 1801 solstitiali
2008 1776 2105 1802 morbo
2126 1749 2257 1804 decidifnc.

1212 1807 1280 1833 Hor.
1295 1809 1374 1842 Epist.
1388 1818 1414 1842 2,
1430 1820 1449 1844 i,
1463 1814 1493 1843 36
1513 1812 1646 1846 Scriptor,
1665 1810 1763 1837 abhinc
1775 1810 1849 1837 annis
1863 1816 1984 1842 centum,
2003 1812 2050 1844 qui
2064 1811 2172 1844 decidit,
2188 1813 2258 1839 inter

1809 1845 1870 1871 Stat.
1883 1845 1975 1871 Theb.
1993 1850 2016 1877 8,
2033 1854 2074 1879 ¹25
2093 1846 2122 1873 de
2134 1849 2210 1880 leone,
2230 1848 2258 1874 Si

1210 1877 1315 1918 decidat
1329 1878 1410 1907 hostis
1423 1882 1465 1909 Ire
1481 1883 1556 1917 snper
1569 1883 1628 1908 satis
1641 1882 1685 1908 est.
1743 1880 1836 1906 Claud.
1848 1880 1954 1906 Prol.in
1963 1880 2052 1909 Rufin.
2066 1890 2087 1913 i,
2102 1890 2112 1907 1
2131 1882 2256 1910 Phoebeo

1212 1913 1330 1940 domitus
1344 1916 1445 1948 Python
1464 1927 1523 1944 cuin
1541 1917 1639 1944 decidit
1657 1925 1729 1943 arcu.

1249 1956 1318 1977 Dec
1329 1958 1365 1977 ID
1376 1959 1395 1978 v
1406 1960 1425 1978 v
1436 1959 1465 1985 s,
1484 1962 1513 1984 a,
1535 1962 1588 1978 um.
1624 1951 1684 1978 Adi.
1715 1949 1914 1985 [zaraim-uaros]
1948 1949 2023 1984 Qod
2033 1950 2111 1977 cadit.
2146 1952 2212 1979 Plin.
2227 1961 2258 1985 ii,

1212 1991 1243 2018 37
1264 1985 1396 2012 Omnibus
1411 1995 1500 2021 autem
1512 1997 1573 2014 caua
1582 2005 1590 2017 ,
1605 1993 1630 2013 et
1644 1988 1673 2013 in
1687 1994 1842 2012 mucronem
1855 1984 1963 2010 demum
1975 1992 2098 2012 concreta
2111 1987 2186 2018 sunt,
2204 1997 2258 2015 cer-

809 2017 1000 2050 Qiaestioneni
1015 2017 1145 2044 decidere.
1160 2022 1193 2049 50
1211 2022 1252 2045 vis
1268 2027 1369 2048 tantuin
1383 2023 1483 2056 solida,
1503 2030 1529 2049 et
1541 2022 1667 2049 omnibus
1681 2022 1756 2047 annis
1770 2020 1889 2046 decidua.
1925 2021 1963 2046 De
1981 2021 2098 2048 cornibus
2114 2025 2259 2050 animalium

1208 2055 1319 2089 quuitur
1333 2057 1406 2082 Ideni
1421 2063 1444 2087 8,
1457 2066 1498 2092 37.
1572 2057 1661 2084 Arbor
1681 2065 1748 2083 onus
1767 2055 1922 2082 tremefa&a
1941 2056 2016 2082 suuni
2030 2057 2149 2084 Deciduo
2168 2060 2258 2093 grauis

1212 2089 1298 2116 imbre
1313 2091 1381 2125 pluit
1395 2093 1472 2120 Priid.
1488 2092 1564 2119 Cath.
1577 2101 1599 2125 3,
1614 2097 1655 2127 78.
1750 2090 1863 2117 Decidui
1876 2091 1908 2117 ad
1919 2096 2003 2118 terras
2018 2093 2085 2119 Plin.
2100 2101 2125 2125 2,
2139 2102 2182 2120 20.
2219 2095 2256 2121 Id.

1209 2133 1253 2157 11,
1273 2127 1313 2158 49’
1336 2127 1430 2153 Testes
1449 2128 1540 2162 pecori
1559 2134 1732 2162 armentoque
1752 2126 1784 2153 ad
1802 2135 1879 2153 crura
1898 2126 2025 2159 decidui,
2044 2127 2134 2155 suibus
2152 2131 2257 2157 adnexi.

1209 2160 1358 2187 Deciduuni
1376 2165 1450 2195 item,
1470 2163 1574 2194 dicitur,
1589 2164 1653 2199 quod
1666 2162 1814 2194 deciditur,
1821 2162 1931 2203 ficunda
1944 2164 2033 2199 longa:
2061 2164 2140 2191 Ouid.
2155 2166 2220 2192 Met.
2234 2171 2258 2198 8,

2077 2201 2123 2227 Sed
2135 2201 2180 2227 hoc
2197 2202 2259 2235 (ita

1200 2236 1226 2265 st
1244 2234 1358 2268 legatur,
1376 2243 1432 2260 nam
1453 2234 1553 2268 Helvifio
1566 2236 1651 2270 placet
1669 2233 1770 2266 Deoia,
1791 2235 1851 2260 aliis
1870 2233 1962 2268 aliud)
1980 2234 2075 2261 restim
2094 2245 2123 2261 ex
2140 2236 2258 2269 Decido,

1207 2266 1235 2293 de
1253 2277 1299 2302 quo
1311 2269 1402 2305 supra.

1205 2303 1311 2329 indicat.

1246 2345 1265 2365 D
1276 2346 1293 2366 Ε
1303 2344 1321 2365 C
1334 2346 1343 2365 1
1355 2345 1374 2365 D
1384 2346 1393 2365 1
1404 2346 1426 2366 v
1436 2347 1471 2372 M,
1480 2339 1498 2366 i.
1517 2349 1543 2366 ii.
1561 2337 1814 2376 [xxrdaerwpaoeJpro
1825 2338 1908 2376 occasu
1921 2339 2034 2368 laudam.
2071 2341 2128 2367 Sen.
2137 2342 2214 2376 Epist.
2223 2351 2255 2374 30

1453 2272 1557 2298 Dicitur
1577 2273 1640 2297 enim
1650 2269 1719 2305 filua
1734 2268 1856 2302 Caedua,
1874 2278 1934 2306 quae
1952 2272 2073 2306 originem
2084 2271 2156 2308 fliam
2173 2279 2258 2308 aperte

768 2373 897 2400 Decidisse
912 2373 980 2399 dixit
998 2382 1052 2399 cum
1065 2375 1144 2399 Accu·
1152 2377 1187 2401 60
1207 2374 1291 2400 Bassus
1310 2375 1399 2401 noster
1416 2376 1559 2403 videbatur
1577 2375 1646 2402 mihi
1664 2377 1789 2410 prosequi
1809 2376 1850 2407 sc,
1876 2381 1901 2401 et
1919 2384 2095 2410 componere,
2117 2383 2143 2402 et
2160 2378 2253 2403 viuere

1207 2415 1332 2444 tanquam
1347 2411 1473 2446 superstes
1489 2411 1554 2445 fibi,
1573 2417 1599 2438 et
1612 2411 1722 2438 fortiter
1735 2411 1807 2438 ferre
1820 2411 1953 2437 decidium
1968 2412 2016 2437 sui.
2053 2411 2101 2438 Sed
2112 2411 2254 2439 discidium

1207 2445 1275 2472 (ledit
1288 2446 1400 2482 Lipsius,
1421 2451 1464 2483 qui
1469 2447 1573 2484 fatetur
1590 2450 1618 2473 in
1638 2447 1712 2473 libris
1731 2446 1774 2480 effe
1792 2446 1964 2476 desiderium,
1984 2444 2050 2483 qu-od
2065 2445 2176 2478 restituit
2193 2449 2254 2474 Gro-

1207 2484 1295 2507 nomm
1303 2501 1311 2514 ,
1331 2490 1354 2508 et
1362 2484 1467 2517 pulchre
1477 2487 1592 2510 conuenit
1597 2483 1753 2518 sententiae,
1768 2481 1894 2507 desiderat
1913 2480 1938 2505 se
1951 2479 2052 2514 Βαβαῖ,
2073 2484 2091 2507 i.
2105 2485 2173 2508 vires
2180 2483 2254 2519 ficas,

1199 2516 1250 2551 sthi
1263 2520 1313 2542 iam
1326 2519 1428 2545 videtur
1438 2526 1564 2550 mortuus,
1581 2527 1625 2543 nec
1637 2524 1718 2542 tamen
1731 2515 1881 2550 ingemiscit.

1247 2559 1265 2578 D
1275 2559 1291 2578 E
1299 2558 1316 2578 C
1327 2561 1335 2579 1
1344 2560 1366 2578 N
1374 2560 1391 2579 Ε
1401 2561 1419 2579 R
1429 2561 1447 2580 0
1457 2573 1466 2585 ,
1493 2558 1545 2579 are.
1582 2553 1614 2577 1²1
1626 2554 1731 2577 cinerem
1750 2556 1846 2576 vertere
1853 2569 1864 2582 ,
1881 2548 2025 2576 comburere.

1245 2595 1264 2614 D
1273 2594 1289 2613 r.
1298 2594 1314 2614 c
1327 2594 1336 2612 i
1349 2594 1371 2613 N
1381 2595 1397 2613 E
1406 2595 1424 2614 R
1433 2595 1454 2614 A
1464 2594 1484 2613 T
1495 2595 1515 2613 v
1524 2594 1537 2613 s
1547 2605 1555 2618 ,
1575 2594 1589 2612 a
1598 2605 1606 2618 ,
1627 2594 1680 2612 iim.
1717 2585 1811 2611 Partic.
1848 2585 2012 2611 Decineratis
2026 2586 2151 2614 omnibus
2170 2587 2199 2614 in
2213 2589 2252 2617 ni.

1208 2621 1292 2648 hilum
1307 2622 1380 2648 finiri
1396 2622 1516 2648 Tei-tull.
1530 2620 1590 2648 adu.
1601 2621 1705 2647 Valent.
1726 2629 1747 2646 c.
1761 2628 1801 2652 32..

1243 2663 1262 2682 1)
1273 2664 1289 2683 E
1298 2664 1314 2684 c
1324 2665 1333 2683 1
1343 2665 1363 2683 N
1372 2664 1388 2684 E
1398 2664 1416 2684 R
1424 2665 1441 2684 E
1450 2665 1463 2683 s
1473 2663 1490 2683 c
1502 2663 1519 2683 ο
1527 2676 1536 2689 ,
1560 2657 1614 2682 ere.
1651 2655 1853 2682 Decinerescere
1872 2654 1930 2690 igni
1943 2655 2064 2683 Tei-tull.
2078 2658 2156 2692 Apol.
2175 2668 2196 2685 c.
2210 2665 2250 2692 48.

1242 2699 1261 2718 D
1270 2699 1286 2718 E
1297 2698 1314 2718 c
1327 2700 1336 2717 1
1345 2699 1359 2718 P
1368 2699 1378 2718 1
1388 2698 1406 2717 o
1416 2710 1425 2723 ,
1449 2692 1492 2725 epi
1501 2711 1509 2724 ,
1539 2697 1645 2725 eptuin‚
1671 2694 1724 2718 ere.
1761 2692 1772 2723 [
1785 2690 1905 2721 ἅπατοίω,
1924 2691 2079 2727 &gan-araim]
2116 2697 2152 2720 lix
2166 2695 2250 2730 Capio

650 2726 706 2751 Cic.
720 2726 797 2752 Verr.
813 2735 845 2757 2,
859 2734 893 2759 79
917 2735 938 2751 c.
951 2734 978 2757 32
1005 2726 1061 2758 Qii
1081 2729 1187 2755 cun170
1205 2726 1375 2765 corripffltum,
1394 2727 1530 2759 Deludere,
1542 2726 1700 2762 defraudare.
1734 2727 1816 2753 Plaut.
1831 2726 1898 2753 Rud.
1911 2735 1944 2759 2,
1961 2735 1984 2760 3,
2001 2734 2036 2761 70
2063 2735 2097 2755 At
2109 2739 2158 2763 ego
2171 2732 2251 2758 ctiam

1205 2769 1253 2795 qui
1279 2762 1460 2796 sperauerint,
1479 2763 1548 2797 spem
1568 2761 1694 2796 decepisse
1708 2762 1816 2789 multos.
1888 2763 1955 2788 Ter.
1970 2767 2052 2790 Andr.
2066 2775 2093 2797 4,
2109 2773 2128 2797 1,
2142 2774 2174 2798 45
2201 2767 2249 2793 De.

1207 2804 1295 2831 ceptus
1313 2799 1386 2830 sum,
1405 2804 1431 2824 at
1450 2807 1504 2824 non
1523 2797 1689 2832 defatigatuS.
1785 2799 1840 2824 Cic.
1853 2797 1885 2823 de
1898 2798 1990 2824 Diuin.
2007 2807 2029 2829 2,
2047 2804 2086 2826 116
2114 2801 2183 2827 Nain
2204 2801 2250 2829 illa

1206 2832 1395 2867 Ainphibolia,
1414 2842 1481 2868 quae
1495 2834 1621 2861 Croesum
1638 2833 1757 2867 decepit,
1773 2833 1818 2861 vel
1830 2833 2003 2868 Chrysippum
2018 2836 2138 2869 potuisset
2151 2837 2249 2864 fallere.

1205 2868 1288 2895 Ouid.
1304 2869 1382 2903 Epist.
1397 2878 1432 2902 12,
1453 2878 1483 2902 50
1508 2870 1621 2896 Vltimus
1642 2868 1677 2895 est
1697 2869 1788 2904 aliqua
1808 2869 1929 2904 decipere
1949 2870 2013 2896 Arte
2035 2871 2120 2897 labor.
2193 2873 2248 2899 Cic.

1205 2903 1258 2930 Off.
1274 2913 1285 2930 1
1304 2913 1325 2931 c.
1339 2914 1367 2931 io
1388 2906 1442 2931 Iam
1458 2905 1512 2931 illis
1526 2904 1653 2939 promissis
1667 2904 1785 2931 standum
1799 2914 1854 2931 non
1866 2906 1914 2932 esse
1930 2906 1988 2939 quis
2008 2914 2061 2932 non
2076 2907 2163 2941 videt,
2183 2917 2250 2943 quae

1206 2939 1312 2966 coaetus
1326 2941 1386 2975 qiiis
1400 2946 1487 2973 metii,
1504 2949 1570 2976 quae
1585 2940 1707 2975 deceptus
1720 2940 1791 2967 Dolo
1811 2941 1962 2975 promiserit
1976 2942 1985 2966 ἲ
2040 2943 2120 2968 Ouid.
2135 2952 2166 2970 ex
2176 2950 2250 2971 ront.

1205 2984 1229 3008 3,
1241 2984 1268 3008 9,
1282 2984 1304 3002 11
1323 2975 1455 3003 Iudicium
1469 2983 1556 3003 tamen
1569 2976 1619 3002 hoc
1633 2976 1751 3003 nostrum
1765 2985 1820 3002 non
1838 2975 1936 3011 decipit
1951 2977 2040 3003 Error.
2097 2978 2169 3005 Idem
2184 2986 2245 3006 Met.

1206 3019 1229 3043 3,
1243 3020 1288 3044 431
1316 3012 1403 3046 Atque
1420 3012 1511 3038 oculos
1527 3012 1613 3045 idem,
1630 3012 1678 3047 qui
1693 3011 1808 3047 decipit,
1825 3012 1917 3038 incitat
1929 3013 2018 3038 Error.
2090 3014 2201 3040 Formae
2219 3015 2246 3040 li-

1206 3047 1283 3073 ducia
1297 3053 1322 3073 te
1336 3047 1434 3082 decipit
1449 3047 1531 3075 Ouid.
1545 3049 1609 3074 Met.
1626 3053 1648 3079 8,
1663 3055 1719 3080 435.
1792 3048 1870 3074 Diem
1885 3047 2021 3074 absumere
2035 3053 2060 3074 et
2075 3048 2195 3084 decipere
2208 3050 2245 3076 Id.

1204 3082 1291 3109 Trist.
1306 3094 1334 3117 4,
1348 3092 1386 3117 10,
1402 3092 1453 3116 114.
1523 3083 1750 3118 Exspeehitionem
1762 3083 1873 3109 alicuius
1888 3083 2009 3117 decipere
2022 3085 2078 3110 Cic.
2095 3085 2125 3111 de
2136 3086 2209 3111 Orat.
2223 3094 2247 3116 2,

1204 3123 1254 3150 289
1275 3120 1343 3154 c.'71.
1415 3119 1504 3146 Labor
1518 3119 1622 3145 fallitur
1634 3125 1660 3145 et
1674 3119 1805 3153 decipitur
1817 3118 1992 3145 Ouid-Trist.
2007 3129 2034 3153 4,
2049 3128 2067 3151 1,
2079 3128 2116 3152 14.
2153 3121 2246 3147 Horat.

1206 3155 1295 3180 Carin.
1309 3163 1335 3186 2,
1349 3163 1383 3189 13,
1397 3160 1424 3187 38
1449 3155 1523 3189 Qiin
1536 3161 1562 3181 et
1574 3154 1745 3181 Prometheus
1766 3161 1792 3181 et
1806 3154 1907 3189 Pelopis
1922 3163 2012 3189 parens
2036 3155 2112 3180 Dulci
2126 3155 2247 3183 laborem

1205 3189 1337 3224 decipitur
1349 3191 1428 3222 sono,
1447 3200 1476 3216 ne
1484 3193 1582 3227 Jentz'at
1594 3189 1732 3224 molestias,
1751 3197 1781 3216 vt
1794 3191 1889 3217 dicitur
1904 3190 2004 3217 Fallere
2018 3196 2128 3223 tempus
2184 3192 2247 3219 Stat.

1204 3225 1267 3252 Silii.
1281 3235 1309 3259 4,
1322 3235 1348 3259 4,
1362 3235 1391 3259 19
1413 3226 1533 3253 Aestiuos
1547 3235 1601 3261 quo
1617 3225 1716 3260 decipis
1731 3227 1791 3252 a'e're
1798 3226 1887 3258 Soles,
1906 3225 2103 3261 i.fi1hterfugis,
2127 3233 2156 3252 vt
2174 3230 2246 3254 nimi-

1904 3261 1984 3288 Ouid.
1997 3269 2028 3286 ex
2042 3262 2125 3287 Ponto
2139 3270 2159 3294 i,
2174 3271 2196 3295 2,
2210 3272 2247 3296 49

1203 3298 1255 3323 Aut
1264 3296 1565 3332 vbidecipiornielioris
1573 3297 1689 3331 imagine
1697 3296 1797 3323 Somni.
1834 3297 1929 3324 Horat.
1937 3297 1992 3322 Art.
2002 3297 2110 3330 Poet.24
2129 3298 2247 3326 Maxima

1203 3341 1262 3367 pars
1280 3339 1371 3359 vatum
1392 3340 1480 3368 pater,
1503 3339 1529 3359 et
1549 3333 1659 3359 iuuenes
1677 3338 1749 3367 patre
1770 3331 1846 3367 digni
1883 3331 2036 3365 Decipimur
2057 3332 2147 3366 Specie
2168 3334 2244 3360 10611.

1202 3369 1251 3395 Ρο1
1269 3373 1295 3394 10
1315 3368 1435 3404 decipior
1454 3367 1536 3396 Ouid.
1551 3370 1642 3395 Amor.
1658 3377 1684 3400 2,
1701 3376 1738 3400 10,
1752 3376 1773 3400 3.
1846 3367 1972 3400 Deceptus
1994 3367 2048 3393 sum
2068 3368 2098 3394 in
2117 3377 2150 3394 co
2163 3369 2244 3397 Plaiit.

1202 3403 1271 3431 Asin.
1285 3412 1309 3434 2,
1322 3413 1350 3437 4,
1366 3413 1409 3438 94.
1480 3404 1544 3430 Astu
1562 3403 1730 3438 decipiendus
1745 3402 1827 3430 Ouid.
1841 3403 1904 3428 Met.
1921 3410 1961 3434 13,
1974 3410 2029 3436 194.

1238 3447 1256 3466 D
1265 3446 1281 3465 Ε
1293 3445 1310 3465 c
1322 3446 1338 3465 Ε
1347 3447 1362 3467 Ρ
1372 3446 1393 3465 Τ
1403 3445 1423 3467 ν
1433 3446 1446 3466 s
1455 3460 1463 3472 ,
1479 3449 1493 3467 a
1502 3460 1510 3472 ,
1528 3448 1582 3465 iim.
1618 3439 1709 3466 Partic.
1746 3437 1919 3471 [dnarnbets]
1956 3438 1989 3463 At
2004 3437 2073 3464 bona
2087 3448 2144 3474 pars
2158 3440 2245 3468 hoini-

1202 3484 1267 3501 num
1279 3475 1386 3510 decepta
1400 3475 1525 3511 cupidine
1540 3475 1606 3501 falso
1620 3476 1688 3501 Hor.
1705 3475 1754 3500 Sat.
1769 3482 1788 3505 1,
1802 3481 1821 3503 1,
1835 3476 1874 3498 61.
1890 3483 1891 3489 ¹
1946 3473 2017 3499 Dolo
2035 3475 2090 3500 Cic.
2105 3475 2156 3501 Off.
2171 3486 2192 3503 c.
2208 3486 2244 3504 10.

1202 3510 1299 3545 Virgil.
1321 3511 1384 3537 Aen.
1402 3520 1431 3544 3,
1450 3516 1486 3541 181
1513 3512 1596 3545 Seque
1614 3519 1687 3537 nouo
1707 3515 1828 3536 veterum
1849 3507 1986 3542 deceptum
2002 3518 2093 3536 errore
2114 3510 2243 3539 locorum.

1744 3545 1789 3570 Per
1807 3544 1845 3569 fas
1861 3552 1889 3570 ac
1903 3543 1981 3569 fidem
1996 3544 2098 3580 decepti
2113 3547 2172 3573 Liu.
2186 3556 2205 3578 1,
2218 3555 2242 3580 9.

1201 3581 1282 3608 Ouid.
1297 3582 1376 3616 Epist.
1392 3591 1434 3614 20,
1454 3591 1482 3609 21
1516 3583 1655 3616 Deceptam
1675 3580 1744 3606 dicas
1761 3578 1850 3605 nostra
1871 3585 1896 3606 10
1913 3579 2013 3606 Fraude
2030 3581 2131 3608 licebit.
2169 3618 2190 3645 C
2214 3602 2243 3655 f.

2189 3628 2218 3644 on
2237 3639 2242 3644 .

1466 3619 1595 3652 Deceptus
1616 3616 1703 3642 verbis
1721 3615 1838 3641 aliorum
1854 3614 1935 3641 Ouid.
1950 3615 2029 3650 Epist.
2049 3624 2072 3649 2,
2092 3619 2131 3650 65.

1201 3653 1256 3679 Cic.
1270 3653 1342 3679 Fam.
1356 3661 1376 3686 5,
1391 3655 1427 3685 16,
1442 3655 1467 3679 6.
1504 3653 1570 3687 Nep.
1585 3661 1624 3684 14,
1639 3660 1665 3682 9,
1677 3659 1705 3684 4.

1238 3695 1280 3715 DE
1290 3695 1306 3715 c
1315 3696 1331 3715 E
1340 3696 1354 3715 Ρ
1364 3696 1385 3715 T
1394 3697 1414 3715 v
1423 3696 1446 3721 s,
1462 3687 1500 3714 sis.
1516 3697 1551 3714 in.
1587 3685 1670 3713 Subst.
1707 3684 1828 3712 Tertiill.
1837 3684 1983 3712 addiscare.
1992 3694 2015 3719 3,
2026 3687 2043 3712 6
2064 3686 2192 3714 Conditio
2201 3687 2242 3714 de·

1482 3725 1513 3749 Et
1526 3723 1556 3749 de
1570 3723 1666 3748 Anima
1686 3730 1706 3747 c.
1721 3726 1745 3750 18
1766 3721 1896 3756 Deceptui
1909 3721 2004 3748 facilis.

1237 3766 1279 3786 DE
1288 3767 1304 3787 C
1314 3767 1329 3786 L*
1338 3767 1353 3786 p
1363 3767 1401 3787 T1
1413 3766 1433 3786 O
1444 3779 1452 3791 ,
1471 3758 1536 3783 otiis.
1572 3757 1592 3783 f.
1629 3755 1712 3784 Ac'l'us
1725 3756 1873 3792 decipiendi.
1914 3758 2016 3784 Vitriiu.
2033 3766 2056 3789 2,
2068 3762 2081 3787 8
2107 3758 2243 3791 Quoniam

1003 3793 1190 3826 Quin&11.100
1200 3795 1376 3829 impendentis
1389 3794 1440 3821 loci
1454 3792 1572 3827 deceptio
1586 3794 1666 3828 cogit.
1693 3793 1765 3827 Qiod
1777 3790 1884 3825 ostendit
1896 3797 2023 3828 antiquum
2037 3793 2176 3819 uocabulum
2189 3801 2243 3825 «wc,

1199 3834 1311 3866 quamuis
1324 3840 1371 3856 non
1385 3830 1466 3856 crebro
1481 3830 1634 3865 usurpatum.
1670 3828 1777 3863 August.
1795 3828 1872 3854 conf.
1887 3833 1900 3857 8
1909 3848 1917 3859 ,
1930 3837 1951 3854 2.

1200 3875 1243 3898 22,
1256 3874 1297 3892 22.
1333 3865 1399 3892 Add.
1413 3865 1490 3890 Mart.
1505 3864 1610 3899 Capella
1624 3864 1640 3890 1.
1653 3873 1671 3896 4
1683 3865 1789 3900 Jubjin..
1802 3863 1830 3889 in
1844 3871 1940 3890 metro.

1987 3828 2060 3854 Idem
2074 3828 2105 3854 de
2119 3828 2177 3854 Ciu.
2191 3829 2242 3854 Dei

1928 3897 2103 3929 Sen.Thyest.
2113 3904 2160 3930 140
2180 3898 2242 3924 Pro-

1968 3933 2035 3962 Add.
2050 3933 2167 3960 Tertull.
2180 3933 2240 3960 adu.

1236 3908 1254 3927 D
1264 3908 1280 3927 E
1291 3907 1307 3927 C
1319 3908 1335 3927 E
1344 3908 1358 3927 P
1368 3906 1388 3925 Τ
1397 3907 1415 3926 Ο
1425 3907 1454 3931 R,
1463 3900 1527 3926 oris.
1539 3909 1574 3926 m.
1596 3899 1718 3926 Verbale.
1755 3898 1893 3933 [ιῖπατεών]

1398 3971 1464 4006 Aug.
1480 3971 1563 3998 Serm.
1577 3973 1619 4006 67.

1500 4007 1524 4034 D
2188 4009 2243 4036 »εν
