2479 4225
268 161 340 210 6²7
665 154 697 195 F
784 153 816 215 E
902 149 938 191 L
1754 148 1786 188 F
1864 116 1942 190 ‘E'
2009 150 2043 191 R
2339 153 2441 203 6233

268 257 345 283 gueni
360 248 388 273 in
401 246 552 273 immensam
565 245 663 272 molem
676 245 765 270 ferunt
778 241 928 268 coalescere.
967 237 1152 273 Captatprimo
1165 237 1308 271 gregesbu-
1369 239 1481 267 nestram
1504 240 1633 272 firmiter,
1652 238 1728 265 Vnde
1749 238 1892 265 auscultare
1915 239 2004 274 poffis,
2025 249 2106 276 quom
2131 249 2181 275 ego
2201 240 2280 267 illane
2299 241 2408 269 osculer.
2440 252 2442 270 ε

269 284 347 310 bulos
361 294 367 309 z
402 289 427 308 et
441 282 458 307 fi
473 291 539 316 quae
554 281 670 316 plurimo
684 280 750 305 laste
764 279 837 311 rigua
853 275 900 301 bos
913 273 965 306 est,
985 276 1042 301 eius
1058 275 1081 301 se
1096 272 1221 313 vberibus
1234 273 1307 299 inne·
1370 276 1491 308 Omnino,
1511 276 1575 311 quod
1586 275 1688 312 negabat
1702 273 1798 309 Lipfius
1807 295 1816 307 ,
1836 275 1865 300 de
1877 275 1982 302 cubiculi
1990 275 2106 312 fenestra
2124 276 2302 312 accipiendum,
2310 280 2349 302 cui
2361 277 2408 304 illi-
2441 290 2444 305 ι

269 319 318 345 &it
335 329 339 344 :
375 317 502 352 sufiiuque
515 317 643 343 continuo
657 316 786 348 saginata,
805 312 885 343 longo
898 309 1000 336 saeculo
1013 310 1050 337 ita
1063 309 1171 335 fellebri
1189 309 1305 334 satietate
1369 314 1428 346 gari
1441 313 1495 337 vult
1509 313 1636 338 Chalinum
1651 311 1765 346 Olympio
1773 330 1782 343 ,
1801 317 1830 336 vt
1844 310 1930 337 audiat
1943 311 1978 337 ibi
1992 312 2056 346 quod
2068 313 2139 338 nolit.
2176 312 2244 338 Add.
2258 321 2283 338 v.
2292 321 2318 344 5ι
2333 312 2408 340 Tum

267 354 363 380 vltimo
379 353 562 384 exasperatur,
582 359 610 380 vt
629 350 750 377 obsistere
773 347 828 372 eius
849 345 1027 379 magnitudini
1050 345 1122 371 nulla
1150 344 1190 370 vis
1218 347 1304 378 queat.
1371 352 1409 377 tu,
1428 347 1550 379 furcifer,
1570 346 1639 381 quasi
1654 355 1721 377 mus,
1742 345 1770 371 in
1782 345 1870 371 medio
1883 346 1982 380 pariete
1996 347 2146 373 versabere.
2219 343 2415 381 Angustiaete-‘s

267 388 415 415 Fellebrem
428 389 571 416 satietatem
584 393 669 417 vocat,
689 381 814 417 Copioficm
827 379 903 407 lastis
912 379 1020 417 suHum.
1056 380 1135 406 Gioff.
1149 379 1207 406 md.
1222 380 1304 405 Felle-
1330 381 1345 408 ⁵
1370 381 1513 409 uestrarum
1535 383 1591 409 Cic.
1606 383 1657 408 Att.
1672 389 1698 413 2,
1713 389 1734 412 3.
1805 381 1896 411 Altae,
1911 382 2103 417 caligantesque
2115 382 2242 410 fenestrae
2261 377 2437 416 1uuen.Sat'.jl3=

267 423 342 451 brem
351 444 359 456 5
380 424 465 451 adhuc
477 425 576 451 laetum
589 423 736 449 viuentem,
755 416 818 450 quod
829 415 896 442 recle
906 416 1044 443 emendauit
1062 417 1213 447 Vulcanius,
1227 414 1303 441 lacte.
1370 419 1397 448 6,
1408 425 1442 449 31.
1513 419 1687 452 Armataeque
1701 421 1813 443 vomunt
1827 416 1962 444 stridentia
1976 418 2027 444 tela
2045 418 2107 444 Stat.
2121 418 2213 448 Theb.
2227 420 2327 450 10‚536.
2361 418 2410 445 Ca·
2426 413 2431 431 '¹

305 466 323 486 F
335 467 350 486 E
363 466 379 485 L
393 466 409 485 L
419 462 457 487 'i'T
469 466 489 486 O
499 480 507 492 ‚
527 466 549 485 et
568 464 582 483 F
592 463 631 482 ιῖι
641 456 650 479 ἰ’
661 460 681 479 Τ
694 459 712 478 0
722 471 729 482 ,
750 456 802 478 Ere.
841 451 922 478 Solin.
938 461 959 478 c.
974 460 1004 487 57
1025 452 1200 486 Nequaquam
1222 456 1305 477 mater
1367 460 1415 478 vae
1441 453 1514 488 Virg.
1528 455 1590 480 Aen.
1603 462 1630 486 9,
1644 461 1699 485 534.
1770 453 1863 486 Ingens
1876 452 1989 480 fenestra
2002 453 2055 479 lato
2070 461 2117 479 ore
2135 454 2211 487 Virg.
2227 454 2292 479 Aen.
2305 462 2336 484 2,
2350 458 2412 488 482„
2444 460 2446 463 ’

267 495 342 530 pullo
379 495 459 522 vbera
493 493 597 528 praebet
627 486 772 514 fellitanda.
844 487 924 514 Gloff.
939 488 1052 515 Isidori:
1088 486 1209 518 Fellitat,
1228 487 1305 520 sugit.
1366 490 1386 513 i.
1398 494 1525 523 apertura.
1611 488 1709 515 Patulis
1727 487 1827 514 tedium
1849 487 1962 514 sublime
1976 489 2095 516 fenestris
2130 488 2211 515 Ouid.
2225 490 2290 515 Met.
2304 497 2343 521 14,
2356 495 2411 522 752.

268 531 339 559 Adde
353 531 453 567 Salmas
467 530 499 556 ad
517 527 596 554 Solin.
610 525 633 562 I..
644 533 665 549 c.
754 558 760 563 ι
1032 558 1037 562 ¹
1368 523 1466 550 Fundit
1479 525 1555 558 plena
1566 533 1612 559 pei·
1626 524 1733 550 insertas
1748 524 1772 548 se
1784 523 1846 548 luna
1858 523 1982 550 fenestras
2002 525 2076 559 Virg.
2091 525 2156 550 Aen.
2170 532 2193 556 3,
2208 533 2256 556 152.
2317 523 2434 551 ludere..

305 573 323 593 F
333 573 350 593 E
360 573 375 592 L
387 574 404 593 L
413 573 422 591 1
432 572 452 591 T
460 571 481 590 A
490 569 511 588 N
520 569 548 591 s,
581 564 656 585 antis·
691 559 785 585 Partic-
819 559 949 585 Mammas
979 558 1123 584 fellitantes
1153 556 1306 590 exsugerent
1327 567 1357 586 10
1369 559 1492 586 fenestras
1506 562 1576 587 te&o
1592 559 1689 586 dicitur
1701 564 1811 591 ventus,
1834 559 1887 586 vid.
1896 565 1992 586 ·1NDO.
2080 560 2170 586 Patent
2190 559 2285 593 vigiles
2298 564 2323 585 te
2338 567 2420 594 prae„

268 602 471 634 Arnob.2p.70-
1368 600 1488 621 teretinte
1500 596 1626 622 fenestrae
1652 596 1746 620 quen.
1761 594 1809 633 §ab
1826 602 1848 625 3,
1861 602 1919 628 275.
2165 604 2181 622 z
2216 595 2329 630 Metaph.
2364 595 2425 622 Fen

304 645 319 663 1:
330 636 412 663 51.ss
422 642 441 660 N
451 641 469 659 Α
478 651 486 664 ,
507 639 543 656 ae.
565 630 584 656 f-
622 630 757 664 [Βονωνιόι]
793 630 883 656 Italiae
894 629 962 655 vrbs.
999 628 1067 655 Plin.
1081 637 1093 660 3
1105 648 1112 659 ‚
1128 635 1153 660 15
1171 630 1198 653 in
1218 626 1308 663 descri-
1368 630 1480 657 nestram
1494 631 1525 657 ad
1539 631 1685 666 nequitiam
1700 638 1805 664 aperire
1819 630 1910 662 alicui,
1913 636 1961 665 pro
1969 631 2038 656 Dare
2050 639 2106 656 occa
2118 640 2202 657 ionem.
2239 630 2307 657 Ter.
2315 628 2410 657 Heaut'.
2420 630 2429 665 ,¹

264 676 350 709 priene
362 670 458 697 ocinum·
470 668 579 701 regionis
594 667 697 706 ltaliae:
718 667 790 692 Intus
804 665 909 691 colonia
921 664 1052 698 Bononia,
1071 663 1171 691 Felfina
1183 663 1307 696 vocitata,
1367 674 1388 698 3,
1403 675 1423 699 1,
1437 674 1467 700 72
1492 667 1564 699 Hui,
1584 673 1708 700 quantam
1720 665 1859 705 fenestram
1871 665 1904 691 ad
1917 666 2064 699 nequitiam
2076 666 2238 700 patefeceris.
2274 665 2347 700 Conf.
2366 666 2411 692 Ca·
2435 688 2440 693 .

269 717 350 743 quum
362 705 479 740 princeps
492 702 634 729 Hetruriae
647 701 715 727 esset.
1362 701 1433 737 finib.
1446 701 1481 727 ad
1491 702 1559 729 Suet.
1573 702 1640 729 Tib.
1656 711 1678 727 c.
1693 705 1720 730 28
1740 701 1767 726 Si
1781 700 1847 726 hanc
1862 701 2003 727 fenestram
2017 701 2173 735 aperueritis
2183 700 2365 742 (cpgnosqendi
2382 700 2422 734 da,

1327 742 1354 770 ις
1368 737 1458 763 libellis
1465 737 1572 773 famosis
1586 738 1653 771 etc.)
1674 735 1742 762 nihil
1758 735 1830 762 aliud
1843 737 1886 771 agi
1899 736 1987 763 sinetis
2001 747 2007 762 :
2041 737 2163 763 omnium
2183 738 2342 771 inimicitiae
2360 735 2425 769 hm¹

651 764 674 794 F
771 763 798 794 E
901 762 940 794 M
1367 779 1501 808 praetextu
1516 773 1548 800 ad
1562 782 1609 799 nos
1623 772 1786 798 deferentur.
2415 781 2429 815 ὶ

301 817 318 837 F
328 808 344 837 ἓ
353 818 377 837 Μ
386 817 402 837 Ε
413 816 437 836 Ν
446 830 454 842 ,
470 816 528 845 pen.
542 819 605 837 corr.
628 809 688 835 i’nis.
714 818 740 836 n.
776 809 987 842 (Nominatiuum
1007 808 1103 844 Singul.
1123 805 1217 840 exstare
1234 812 1308 843 negat
1404 814 1420 834 F
1428 816 1445 835 E
1457 815 1479 834 Ν
1491 815 1507 835 Ε
1517 815 1530 835 s
1538 816 1559 835 T
1568 816 1584 835 Ε
1594 816 1609 835 L
1618 816 1634 834 L
1643 815 1664 834 A
1673 825 1682 837 ‚
1695 807 1719 843 s
1741 813 1781 834 FE
1792 813 1814 832 N
1822 813 1839 834 Ε
1847 814 1860 833 S
1868 813 1889 833 T
1899 813 1919 833 R
1928 813 1945 833 E
1953 814 1969 833 L
1980 812 1997 831 L
2005 813 2028 833 A
2036 825 2044 838 ‚
2059 815 2099 833 ae.
2118 806 2139 834 f.
2160 807 2261 834 Dimin.
2283 804 2424 850 [θυρίδιονῇ

268 848 339 873 Seru.
352 846 385 872 ad
397 847 462 872 Aen.
478 855 516 878 ¹0,
530 848 594 880 788)
632 844 743 879 [favetis]
780 846 845 870 Pars
854 844 951 880 flemma
959 844 1063 879 pedum,
1084 853 1099 870 a
1119 844 1215 870 lumbis.
1257 845 1307 869 De·
1368 844 1500 871 Columel.
1517 853 1535 875 i,
1544 847 1568 876 6,
1585 853 1613 870 10
1632 842 1760 869 Granaria
1773 842 1885 869 modieis
1899 841 2040 868 fenestellis
2053 842 2232 877 Aquilonibus
2244 843 2434 877 inspirenturay.

264 886 361 910 riuatur
374 891 389 907 a
402 882 456 907 Feo
477 891 501 907 υ.
517 891 541 907 υ.
578 882 689 907 Femora
712 881 818 915 (inquit
844 881 938 914 Valla)
958 886 1055 914 partem
1074 881 1142 906 illam
1164 881 1308 904 exteriorem
1369 880 1435 907 Add.
1449 879 1486 908 Id,
1500 885 1522 910 8,
1536 889 1556 912 3,
1570 889 1592 912 3.
1663 878 1758 904 Pallad.
1773 886 1794 910 1,
1806 886 1849 911 24,
1864 886 1874 903 1
1891 878 1920 903 de
1934 877 2097 909 columbario,
2117 878 2140 904 A
2153 884 2267 912 quatuor
2284 878 2442 913 partimini<

257 916 404 953 significant
417 927 424 942 :
462 916 587 948 Femina,
604 924 701 951 partem
714 919 872 947 interiorem,
892 916 1085 950 mollioremque,
1103 914 1199 950 quaes:
1211 917 1307 940 contin·
1322 920 1357 938 20
1369 915 1432 941 ficut
1444 923 1500 941 mos
1513 915 1565 948 est,
1592 914 1744 941 fenestellae
1760 913 1924 940 breuiffimae
1937 913 2009 940 fient.
2046 915 2114 939 Ante
2137 912 2276 940 Vitiarium
2298 913 2414 941 edebatur·
2424 918 2432 934 ‘

264 959 335 989 gunt.
408 954 438 978 Et
446 952 522 988 fauet
535 952 600 979 Plin.
613 958 654 984 28,
670 959 694 984 15
708 959 771 978 extr.
803 951 911 977 Femina
930 951 1008 976 atteri
1026 951 1156 985 adurique
1177 950 1306 984 equitatu,
1368 951 1539 977 fenestrellae.
1737 947 1757 984 q
1778 958 1794 975 2
1830 946 1871 981 Est
1886 952 1959 974 etiam
1975 950 2052 975 Porta
2065 950 2192 981 Romana,
2211 952 2252 975 cui
2263 958 2349 975 nomen
2367 949 2415 983 Fe'q:
2431 963 2433 965 ·

264 994 357 1014 notum
372 987 416 1013 est.
487 987 534 1015 Sed
548 987 611 1023 quod
624 988 687 1013 Plin.
702 992 742 1019 28,
752 994 766 1013 2
780 987 824 1019 s.4
838 990 891 1019 ait,
910 986 985 1012 Dixit
998 987 1130 1013 Homerus
1144 986 1307 1020 profluuium
1369 985 1505 1020 nestellae,
1525 985 1712 1017 Fenestrellae,
1733 984 1904 1016 fenestratis,
1923 984 2085 1010 Fenestratae
2099 995 2106 1010 ι
2141 985 2182 1011 Sic
2211 987 2274 1010 enim
2292 991 2316 1010 et
2333 987 2401 1022 magi
2436 983 2438 987 '

265 1023 398 1058 sanguinis
411 1023 550 1050 vulnerato
563 1024 663 1049 femine
675 1023 787 1055 Vlyssein
802 1022 942 1048 inhibuisse
957 1023 1081 1053 cariiiine,
1094 1019 1162 1048 ρκ”εο
1176 1021 1242 1047 nihil
1250 1027 1306 1056 pot·
1370 1025 1442 1048 etiam
1464 1025 1581 1049 variatur
1603 1021 1684 1048 Ouid.
1708 1020 1774 1047 Fast.
1800 1023 1833 1052 6,
1857 1025 1903 1054 578
1924 1019 1966 1046 vbi
1991 1023 2059 1047 ratio
2087 1019 2261 1055 appellationis
2293 1018 2409 1055 aperitur

265 1057 297 1092 est
311 1057 383 1092 effici.
418 1059 494 1094 Apud
507 1060 636 1084 Homerum
649 1062 711 1084 enim
728 1056 812 1092 Otijst]
827 1058 870 1089 T,
890 1065 941 1092 457
959 1057 1134 1093 Autolicifilii
1154 1055 1244 1091 Vlyffis
1264 1056 1307 1082 hu·
1369 1056 1390 1093 ff
1410 1065 1423 1089 3
1459 1056 1500 1090 Est
1512 1062 1642 1093 antiquum
1655 1066 1786 1093 cognomen
1798 1057 1933 1083 Romanum
1949 1055 2102 1092 scriptoris,
2119 1064 2165 1090 quo
2188 1058 2271 1083 vritur
2291 1054 2415 1083 intertium

264 1103 354 1121 merum
367 1102 470 1125 curant,
491 1101 519 1119 vt
534 1094 648 1120 uideatur
660 1103 787 1120 memoriae
802 1103 879 1119 error.
937 1093 1026 1128 Nescio
1039 1103 1071 1119 cin
1085 1094 1131 1119 huc
1137 1092 1225 1128 faciat
1239 1092 1306 1118 Plin.
1321 1093 1352 1120 ΖΞ
1368 1093 1467 1120 Plinius
1479 1099 1524 1119 etc.
2416 1095 2443 1122 ‘'1st

265 1139 298 1162 ιι,
315 1138 342 1155 ιο
363 1129 390 1156 de
404 1129 490 1164 apibus
499 1149 508 1161 ,
528 1129 665 1156 Prioribus
679 1129 788 1164 pedibus
804 1129 903 1155 femina
917 1134 1042 1160 onerant,
1063 1127 1205 1162 propterid
1213 1134 1307 1153 natura
1406 1134 1422 1153 F
1431 1134 1501 1154 ΕΝΕ
1511 1135 1523 1155 s
1534 1134 1556 1155 Τ
1566 1135 1585 1155 R
1594 1134 1613 1154 o
1622 1148 1630 1160 ,
1654 1131 1706 1154 are.
1745 1123 1886 1160 [θυριδᾶω]
1921 1126 2036 1162 Aperire.
2071 1125 2137 1152 Plin.
2150 1134 2189 1159 ιι,
2202 1133 2234 1161 37
2251 1125 2340 1153 Media
2352 1123 2437 1170 ocu-'³'

264 1165 361 1191 scabra.
433 1164 479 1191 Sed
498 1168 595 1191 omnino
611 1165 689 1200 fauet
715 1165 846 1191 Columel.
862 1167 888 1196 6,
902 1173 926 1196 2,
940 1166 957 1189 6
994 1165 1087 1190 Ventri
1100 1172 1207 1198 quoque
1219 1169 1245 1189 et
1259 1162 1307 1188 sub
1370 1164 1457 1190 lorum
1470 1172 1564 1190 cornea
1580 1163 1731 1190 fenestrauit
1743 1162 1851 1197 pupilla.
2411 1160 2417 1179 ’-
2436 1163 2438 1166 ’

265 1201 366 1227 femina
379 1210 485 1226 inanum
499 1200 644 1233 subiicere,
663 1210 696 1226 ne
709 1201 739 1227 ad
753 1199 908 1226 huiusmodi
929 1199 1026 1226 taeium
1046 1199 1213 1234 postmodum
1231 1207 1309 1233 paue-
1405 1205 1421 1225 F
1432 1206 1449 1226 E
1459 1204 1480 1224 N
1491 1205 1583 1226 ESTR
1593 1206 1615 1225 A
1624 1205 1645 1224 T
1655 1206 1696 1225 VS
1706 1218 1715 1231 ,
1741 1207 1769 1229 a,
1797 1206 1852 1224 uin.
1920 1193 2087 1231 [θνριδωτὲς]
2142 1200 2162 1223 i.
2200 1197 2325 1232 Aper-tus,
2357 1176 2439 1232 perd}nl

265 1237 346 1268 scant,
360 1242 385 1262 et
398 1243 425 1262 vt
437 1236 535 1268 vicini,
556 1237 602 1270 qui
626 1236 780 1270 plerumque
806 1235 952 1261 feminibus
972 1236 1127 1267 inhaerent,
1147 1235 1307 1260 eximantur.
1363 1233 1480 1270 foratus.
1533 1235 1617 1261 Nulla
1631 1234 1666 1260 est
1681 1233 1849 1260 fenestratim·
1863 1232 1956 1259 doinus
1976 1233 2061 1259 Plauti
2074 1230 2118 1265 effi:
2129 1232 2232 1259 dicitur.
2304 1227 2444 1267 Petitoragli

263 1272 313 1299 Sed
325 1278 400 1297 totum
409 1272 495 1307 semar
508 1278 592 1301 notat,
609 1281 662 1297 cum
677 1273 763 1298 Varro
778 1272 807 1297 R.
822 1272 852 1297 R.
869 1280 890 1303 3,
903 1279 929 1304 9,
944 1279 956 1303 5
977 1271 1085 1297 Femina
1097 1270 1226 1305 gallorum
1242 1269 1309 1304 pilo·
1323 1274 1355 1298 30
1370 1270 1509 1296 fenestrata
1522 1276 1547 1297 et
1559 1276 1648 1304 aperta
1667 1270 1774 1296 Vitruu.
1789 1278 1801 1301 3
1815 1277 1933 1303 prooem.
2406 1276 2443 1307 fg<

266 1308 291 1334 sa
306 1307 400 1333 laudat.
437 1309 466 1332 Et
479 1307 645 1339 Columel.6‚
655 1316 716 1339 29,3
736 1308 844 1333 Torosa
858 1313 883 1333 et
897 1308 1044 1333 numerosa.
1116 1305 1308 1339 Lucret.4,826
1412 1311 1428 1331 F
1439 1312 1486 1332 EN
1496 1312 1512 1332 E
1522 1313 1534 1332 s
1544 1312 1564 1331 T
1574 1313 1592 1332 R
1604 1306 1625 1331 Ᾰ
1635 1312 1651 1331 L
1662 1313 1671 1331 1
1680 1312 1692 1331 s
1701 1325 1708 1336 ,
1725 1314 1748 1331 e.
1783 1304 1844 1331 Adi.
1881 1300 2022 1339 [sufisia]
2058 1302 2140 1329 Ouid.
2154 1302 2219 1329 Fast.
2227 1305 2253 1335 6,
2261 1307 2307 1337 578
2327 1301 2401 1330 No&
2428 1307 2438 1330 5.
2451 1333 2453 1337 .

265 1343 329 1369 Ideo
342 1342 443 1376 fastigia
459 1343 526 1376 posse
541 1343 665 1369 Suraruin
677 1352 706 1369 ac
721 1342 851 1369 seminum
870 1342 980 1377 pedibus
994 1341 1102 1368 fundata
1121 1341 1223 1375 plicari.
1262 1341 1308 1366 Fa-
1369 1340 1479 1367 domum
1500 1347 1583 1375 parua
1607 1341 1684 1367 solita
1708 1340 1744 1366 est
1769 1340 1868 1367 intrare
1891 1338 2019 1369 fenestra,
2040 1338 2115 1364 Vnde
2136 1338 2283 1365 fenestralis
2307 1338 2379 1364 nom‘

265 1377 355 1412 stigia,
375 1382 393 1404 i.
407 1385 515 1404 extrema
523 1379 654 1414 superiora
667 1381 784 1405 Suo-arum
798 1385 820 1404 ct
833 1381 882 1403 ima
891 1378 1014 1413 feminum
1023 1379 1155 1413 plicantur
1169 1380 1196 1402 in
1210 1379 1308 1412 regione
1369 1383 1446 1411 porta
1457 1382 1537 1404 tenet.
1574 1378 1612 1402 De
1627 1377 1753 1409 Fortuna,
1771 1377 1819 1403 alii
1831 1376 1913 1411 legunt
1927 1373 2098 1400 Fenestrellae
2107 1393 2116 1405 ,
2134 1376 2173 1400 vel
2190 1373 2363 1400 Fenestratae.
2441 1375 2444 1383 *
2462 1402 2467 1412 Ι

263 1417 392 1449 poplitum.
435 1414 476 1441 Sic
490 1414 564 1447 Virg.
579 1415 645 1440 Aen.
663 1422 701 1446 ιο,
715 1419 761 1447 788
782 1414 874 1439 Ensem
889 1415 988 1439 Aeneas
1025 1427 1070 1432 --
1105 1413 1191 1446 Eripit
1204 1422 1218 1438 a
1233 1411 1309 1438 femi.
1409 1418 1425 1438 F
1436 1418 1452 1438 E
1462 1420 1484 1438 N
1494 1420 1531 1439 as
1542 1410 1620 1438 TRV⁹
1631 1418 1646 1436 L
1657 1419 1695 1443 A,
1715 1420 1754 1438 ae.
1780 1412 1800 1438 f.
1829 1410 1930 1438 Dimin.
1967 1410 2015 1437 Per
2028 1408 2159 1444 quandam
2170 1409 2342 1437 fenestrulam
2355 1417 2404 1444 pro
2450 1408 2451 1430 ἶ

265 1458 307 1476 ne.
379 1449 424 1475 Sil.
440 1458 461 1481 1,
474 1458 524 1482 540
545 1450 645 1476 Lancea
686 1464 730 1469 ——
767 1449 867 1475 femine
882 1449 991 1475 aduerso
1006 1447 1101 1474 librata
1115 1448 1219 1482 cuspide
1234 1447 1309 1473 sedit.
1328 1453 1356 1480 35
1371 1448 1470 1483 spicere
1483 1447 1565 1483 gestio
1583 1447 1661 1482 Apul.
1675 1446 1750 1483 9fin.
2264 1458 2267 1466 ι

270 1485 330 1512 Vid.
346 1484 431 1520 Heius]
446 1485 478 1510 ad
492 1485 517 1511 h.
532 1486 549 1510 l.
617 1486 657 1512 Sic
670 1484 742 1510 Caes.
757 1485 785 1510 B.
803 1485 833 1510 G.
849 1492 875 1519 7,
891 1492 920 1518 73
949 1484 1053 1518 Stipites
1073 1484 1181 1510 feminis
1197 1483 1309 1510 crassitu-

266 1520 336 1546 dine.
409 1522 511 1555 Proprie
524 1521 579 1546 Cic.
592 1521 668 1546 Verr.
684 1529 717 1553 4,
731 1528 760 1552 93
776 1530 797 1546 c.
813 1528 843 1552 43
877 1521 984 1554 Signum
1006 1519 1171 1553 AppoHinis,
1189 1520 1262 1545 cuius
1281 1519 1311 1544 in
1751 1509 1776 1540 F
1870 1508 1898 1540 E
2006 1508 2036 1539 Ο
2401 1538 2410 1548 ,,

266 1556 366 1582 femine
375 1573 383 1585 ,
402 1556 516 1582 literulis
534 1556 643 1582 minutis
663 1556 791 1590 argenteis
811 1564 909 1581 nomen
930 1556 1051 1587 Myronis
1071 1564 1125 1581 erat
1147 1555 1309 1589 inscriptum.
1411 1562 1429 1582 F
1440 1563 1458 1583 Ε
1468 1561 1488 1582 0
1498 1575 1506 1587 ,
1526 1564 1562 1583 re.
1610 1554 1760 1591 Antiquitas
1773 1553 1868 1581 ditium
1876 1560 1940 1590 puto
1953 1562 1968 1580 a
1981 1553 2073 1580 Graeco
2085 1552 2153 1587 φύω,
2172 1552 2281 1588 idemque
2292 1552 2356 1590 quod
2364 1551 2431 1587 «plor

268 1591 348 1616 Plaut.
361 1590 429 1616 Afin.
444 1599 467 1621 2,
481 1599 505 1619 2,
520 1598 550 1624 73
572 1591 708 1626 Hyper-bole
722 1594 829 1623 comica,
852 1591 900 1616 Sed
913 1596 1000 1617 tamen
1015 1597 1042 1616 tu
1057 1599 1150 1625 nempe
1164 1599 1208 1617 eos
1227 1590 1311 1616 afinos
1366 1590 1533 1627 fignificaſjb,
1545 1589 1627 1626 nempe
1639 1594 1716 1628 gigno
1725 1611 1732 1623 ,
1746 1600 1834 1627 genero
1847 1597 1892 1616 etc.
1929 1588 2038 1617 Suadent
2055 1589 2099 1615 hoc
2109 1588 2184 1615 verba
2193 1590 2284 1624 plura,
2302 1597 2361 1624 quae
2371 1591 2417 1614 vix

287 1626 400 1652 raedicas
409 1645 417 1657 ,
437 1626 538 1651 vetulos
547 1645 555 1657 ,
581 1626 686 1652 claudos
695 1646 702 1657 ,
727 1626 823 1660 quibus
843 1626 958 1653 obtritae
979 1626 1011 1652 ad
1031 1626 1130 1652 femina
1144 1630 1217 1653 erant
1230 1635 1311 1660 vngu-
1321 1634 1358 1659 40
1373 1627 1520 1653 commodius
1533 1626 1644 1659 deriues,
1661 1627 1787 1659 Femina,
1807 1627 1914 1658 Fetere,
1938 1625 2015 1651 Fetus
2028 1623 2208 1657 Substantiuum
2217 1627 2316 1659 pariter
2328 1629 2351 1650 et
2363 1621 2417 1650 Ad-

279 1670 317 1687 ae.
353 1660 427 1695 Conf.
448 1666 547 1686 FLEME
555 1668 586 1686 N.
657 1660 795 1687 Redundat
810 1662 927 1696 pcdthus,
939 1661 1094 1697 feminibus,
1115 1663 1246 1693 cruribus,
1265 1668 1310 1687 etc.
1373 1661 1505 1694 iebtiuum,
1524 1661 1659 1688 Fecundus
1670 1682 1679 1694 ,
1697 1662 1795 1688 Femen
1807 1668 1830 1687 et
1847 1662 1945 1688 Femur
1951 1659 2023 1696 sedes
2040 1661 2185 1695 genitalium
2199 1658 2419 1690 membrorumst-*e-

269 1698 336 1723 Deus
350 1697 451 1730 Epicuri
470 1696 524 1721 Cic.
541 1695 571 1721 de
586 1696 621 1721 N.
635 1696 667 1720 D.
689 1704 708 1726 ι,
727 1705 772 1721 ioo
791 1705 812 1722 c.
840 1705 866 1728 35
893 1704 957 1724 extr.
1029 1698 1137 1724 Femina
1157 1705 1179 1724 et
1200 1699 1312 1725 femora
1374 1707 1438 1730 nus,
1458 1697 1533 1724 τόκος.
1571 1699 1602 1724 In
1617 1698 1704 1733 quibus
1717 1697 1843 1730 omnibus,
1855 1703 1957 1732 praeter
1970 1696 2066 1722 Femen
2086 1702 2109 1721 et
2123 1696 2233 1726 Femur,
2250 1695 2358 1720 'inuoluit
2376 1701 2421 1721 an*-

261 1731 410 1768 permiscrri
428 1740 443 1756 a
467 1731 598 1763 librariis,
617 1737 720 1756 annotat
743 1731 927 1759 Drakenborch.
955 1732 989 1757 ad
1008 1732 1053 1758 Sil.
1073 1741 1094 1765 ι,
1112 1741 1172 1766 540.
1241 1732 1311 1759 Add.
1375 1736 1530 1768 tiquitus‚vt
1541 1740 1589 1768 per
1603 1742 1636 1759 oe
1643 1734 1828 1769 scriberentur,
1848 1732 1911 1768 quod
1918 1731 1986 1767 satis
1999 1730 2095 1757 indicat
2110 1730 2193 1757 Gellii
2205 1730 2340 1765 obseruatio
2348 1731 2422 1759 16,12

269 1767 356 1801 Heius}
369 1765 404 1791 ad
416 1766 490 1800 Virg-
499 1767 563 1792 Aen·
572 1774 609 1797 10,
617 1771 673 1800 788-
1375 1777 1447 1802 quam
1461 1769 1547 1793 damus
1558 1771 1585 1793 in
1604 1775 1747 1795 FOENVS.
1824 1767 1896 1794 Vidit
1909 1768 1955 1794 hoc
1967 1767 2023 1793 olim
2037 1768 2158 1793 Daumius
2171 1769 2198 1792 in
2211 1766 2290 1792 libello
2304 1763 2333 1789 de
2345 1761 2434 1796 causis,

309 1807 325 1826 F
336 1807 352 1826 Ε
362 1807 386 1825 Μ
397 1808 406 1826 1
415 1808 436 1826 N
446 1808 468 1827 A
478 1807 495 1826 L
506 1809 515 1827 1
524 1808 545 1827 Α
554 1820 563 1833 ,
583 1804 669 1827 orum.
685 1809 711 1826 n.
726 1801 764 1828 Pl.
800 1800 961 1835 [περιμῆριοι,
980 1798 1137 1835 nepio-nemci&
1157 1801 1218 1826 Vet.
1234 1800 1313 1826 Gloff.
1324 1805 1357 1831 45
1376 1800 1516 1834 amissarum
1529 1802 1640 1826 radicum
1656 1804 1684 1827 L.
1699 1804 1728 1827 L.
1741 1805 1784 1837 qui
1795 1805 1869 1828 etiam
1882 1801 1948 1828 reHe
1961 1802 2071 1836 obstruat
2078 1808 2107 1835 p.
2120 1811 2150 1835 17
2163 1810 2191 1827 ex
2204 1801 2250 1827 bac
2262 1799 2346 1825 radice
2356 1799 2424 1824 Fere

268 1836 325 1862 Lat.
340 1835 429 1861 Graec.
447 1835 625 1869 περιζώματα]
666 1836 963 1895 Tegumentadfeminum,
980 1842 1001 1862 et
1010 1836 1175 1871 ficbligacula.
1226 1836 1275 1861 His
1290 1841 1313 1861 et
1376 1834 1419 1869 effi
1427 1834 1575 1870 produflum
1590 1837 1702 1868 Fetere,
1720 1836 1785 1872 quod
1797 1842 1976 1862 contraxerunt
1988 1840 2014 1861 in
2028 1836 2116 1861 Ferre.
2164 1836 2234 1861 Certe
2248 1835 2306 1869 vfics
2320 1834 2424 1859 Latino-

267 1871 378 1897 multem
395 1876 511 1899 orantur,
527 1876 555 1895 vt
568 1873 641 1894 etiam
656 1873 723 1900 viri,
741 1876 770 1895 vt
784 1873 810 1895 vi
829 1880 867 1896 ere
881 1868 914 1900 esi
927 1870 1009 1896 Exod.
1022 1876 1092 1900 c.28.
1128 1870 1267 1896 Leuit.6et
1277 1873 1313 1896 16.
1376 1881 1446 1903 rum,
1468 1872 1615 1897 Graecorum
1634 1878 1658 1897 et
1679 1872 1707 1898 Se
1725 1873 1912 1898 tentrionalium
1932 1870 2082 1906 quorundam
2100 1879 2154 1896 cum
2167 1869 2272 1897 ferendi
2282 1872 2381 1898 notione
2392 1869 2423 1895 iI-
2437 1902 2445 1909 .-

267 1913 291 1932 η
305 1907 311 1930 ἶ
347 1908 397 1930 ...lu
411 1913 485 1937 c.44.
556 1902 682 1938 Augustus
688 1904 784 1942 Hieme
791 1904 971 1929 Feminalibus
982 1905 1152 1930 muniebatur
1171 1905 1239 1930 Suet.
1252 1914 1274 1930 c.
1283 1910 1314 1933 82
1375 1907 1424 1932 lam
1437 1905 1558 1941 gignendi
1571 1913 1594 1932 et
1601 1909 1692 1941 parieti
1712 1910 1721 1932 i
1725 1906 1936 1943 „significationem
1949 1908 2019 1932 varie
2031 1907 2168 1940 coniungit.

266 1944 345 1967 inrui.
366 1939 460 1965 fasciis.
496 1936 570 1965 Ret‘le
583 1941 645 1964 enim
659 1937 811 1973 Casaubonur
823 1936 942 1969 ostendit,
959 1947 994 1968 ea,
1009 1946 1067 1971 quae
1079 1938 1150 1963 hodie
1168 1939 1315 1962 Feminalia

266 1978 307 2003 vel
320 1975 467 2002 femoralia
481 1981 615 2004 vocantur,
627 1974 701 2008 plane
716 1971 819 2008 abfuiffi²
834 1981 849 1997 a
861 1972 1032 2006 consuetudine
1045 1979 1151 1997 veterum
1161 1972 1313 2002 Ebracorum,
1324 1978 1359 2004 50
1743 1977 1767 2008 F
1893 1976 1918 2008 F
2042 1976 2070 2008 R

267 2013 429 2042 Gratiarum,
443 2012 613 2036 Romanorum.
655 2008 712 2034 Vi'd.
727 2011 800 2034 etiam
814 2007 914 2045 Salmas
927 2007 961 2034 ad
974 2007 1108 2042 Lamprid.
1123 2007 1197 2033 Alex.
1212 2007 1313 2040 Seu-40
1904 1999 1921 2007 Α
2390 2011 2392 2013 ’

267 2057 291 2082 p.
306 2050 357 2081 976
366 2047 407 2082 sq·
431 2045 510 2072 Hack.
547 2044 620 2080 Conf.
634 2051 749 2070 BRACA-
1411 2044 1530 2077 ΡΕιὶἈ,
1549 2055 1587 2072 ae.
1609 2045 1629 2072 f.
1665 2045 1747 2082 [θῆρ,
1767 2045 1862 2081 θηρίον,
1880 2044 1948 2081 φῆρ]
1991 2045 2096 2072 Videtur
2108 2043 2267 2073 Adiefliuum
2278 2044 2421 2081 filfflsfl‘

303 2089 320 2109 F
330 2090 345 2107 Ε
356 2089 380 2108 Μ
393 2090 400 2108 Ι
412 2089 431 2108 N
442 2088 478 2112 A,
499 2082 587 2108 mulier
605 2079 658 2106 vid.
677 2086 693 2105 F
703 2086 722 2105 0
733 2084 782 2105 EM
793 2085 802 2104 l
814 2086 835 2105 Ν
844 2086 877 2105 Α.
1376 2089 1422 2116 quo
1440 2080 1586 2115 iamstatim
1600 2082 1720 2113 dicemus,
1738 2084 1817 2108 intell.
1831 2081 1912 2107 bestia
1921 2103 1929 2117 ‚
1949 2083 1989 2107 vel
2010 2081 2105 2113 belua,
2124 2091 2169 2116 quo
2184 2085 2263 2108 utitur
2275 2082 2330 2108 Cic.
2342 2080 2420 2107 Acad.
2456 2111 2458 2115 .

302 2124 453 2149 rnxnvn,
479 2116 543 2142 oris.
574 2125 599 2142 n.
635 2113 744 2150 [μηρὸς]
780 2116 910 2148 Qcatenus
931 2117 1060 2140 conueniat
1081 2123 1134 2140 cum
1155 2114 1270 2143 femine,
1290 2119 1316 2140 et
1375 2126 1404 2148 4,
1418 2122 1461 2146 108
1482 2117 1562 2150 Qiod
1576 2123 1604 2143 vt
1619 2117 1702 2143 feram
1717 2123 1742 2143 et
1755 2118 1898 2143 immanem
1912 2117 2015 2143 beluam
2028 2137 2035 2149 ,
2055 2117 2104 2149 fic,
2124 2124 2168 2143 etc.
2239 2118 2340 2151 Agmen
2351 2117 2419 2143 fera·
2454 2127 2458 2146 ς
2474 2137 2479 2150 .

268 2153 330 2190 quid
340 2153 460 2185 dlffss'rssss
481 2152 548 2178 '⁷¹⁰d0
561 2151 696 2177 indsfflfflm
708 2149 749 2182 est·
787 2150 869 2176 Flam·
884 2149 941 2175 Mil·
958 2158 979 2180 2,
992 2157 1018 2180 2,
1033 2157 1068 2181 49
1094 2150 1210 2175 Dextera
1224 2149 1314 2181 digitis
1332 2157 1361 2183 55
1376 2159 1436 2176 rum
1454 2152 1535 2177 Ouid.
1551 2153 1614 2178 Met.
1631 2160 1664 2184 ιι,
1678 2161 1715 2178 zi.
1822 2152 1974 2178 Concilium
1987 2153 2104 2179 ferarum
2140 2152 2214 2179 Idem
2231 2152 2298 2180 ibid.
2311 2161 2350 2184 10,
2363 2151 2437 2184 144(
2455 2158 2479 2179 ἰ

268 2189 401 2216 rationein
439 2193 573 2221 computat
604 2186 701 2212 feriens
731 2185 819 2211 femur
850 2184 994 2211 dexterum.
1102 2184 1157 2209 Cic.
1183 2183 1215 2208 de
1242 2183 1312 2209 Clar.
1376 2185 1504 2210 Domitor
1517 2187 1634 2212 ferarum
1648 2187 1775 2213 Hercules
1798 2188 1857 2213 Sen.
1873 2189 1950 2214 Herc.
1965 2189 2017 2214 Oet
2038 2189 2056 2214 s.
2072 2196 2109 2222 17.
2178 2188 2265 2214 Genus
2285 2195 2364 2213 omne
2383 2186 2420 2213 fe·
2454 2186 2479 2209 52*

271 2225 345 2251 Orat.
366 2230 418 2257 277
437 2232 457 2248 t·
475 2229 505 2251 80
534 2223 616 2248 Frons
636 2230 689 2247 n0n
703 2221 832 2255 percussa,
852 2229 906 2246 ‘101¹
921 2220 1025 2250 femur,
1044 2217 1220 2259 pedisssquod
1234 2218 1313 2244 mini·
1376 2228 1466 2246 rarum
1484 2221 1560 2254 Virg.
1575 2222 1672 2254 Georg.
1687 2231 1709 2253 3,
1725 2231 1781 2254 242.
1853 2223 1942 2248 Genus
1958 2223 2120 2248 horriferum
2135 2223 2252 2249 ferarum
2282 2211 2427 2259 Lueret.5;i
2467 2239 2471 2246 «

270 2269 344 2285 nium
357 2258 409 2290 est)
431 2258 502 2283 nulla
514 2256 652 2291 supplosio.
725 2256 840 2282 Martial.
855 2258 881 2288 6,
895 2263 926 2289 73
947 2256 1037 2288 Qiuiu
1053 2261 1136 2280 mittis
1152 2253 1313 2287 turdumque
1375 2263 1431 2287 2¹9·
1514 2256 1602 2281 Genus
1618 2257 1802 2291 montiuagum
1816 2257 1933 2282 ferarum
1950 2257 2023 2283 Idem
2038 2265 2068 2287 2,
2084 2262 2154 2286 1080.
2245 2256 2419 2284 Latebraefav

270 2295 356 2326 mihi,
377 2292 538 2328 quadramue
555 2292 704 2327 placentae,
740 2292 800 2317 Siue
815 2291 902 2317 femur
915 2290 1027 2328 leporis,
1046 2289 1097 2316 siue
1111 2290 1176 2324 quid
1192 2289 1232 2315 his
1246 2289 1313 2314 suui-
1375 2299 1464 2316 rarum
1485 2291 1566 2317 Ouid.
1582 2292 1645 2317 Met.
1660 2300 1678 2322 ι,
1694 2294 1746 2318 216,
1815 2292 1913 2318 praeda
1926 2292 2077 2326 rapidamm
2097 2292 2214 2318 ferarum
2247 2293 2330 2319 Ouid.
2343 2286 2422 2328 Epist's¹⁴⁴

271 2331 305 2357 le.
378 2328 506 2362 Qiinffil.
520 2337 544 2360 2,
562 2336 585 2354 12
603 2328 698 2353 Femur
708 2346 715 2357 ,
737 2326 841 2360 pee'tus,
861 2327 976 2353 frontem
989 2325 1112 2357 caedere,
1129 2327 1197 2351 mire
1211 2325 1242 2350 ad
1257 2325 1313 2358 pul·
1335 2327 1410 2358 6011,
1425 2334 1472 2353 ιιι.
1548 2327 1645 2353 Rabies
1658 2327 1789 2353 horrenda
1804 2327 1920 2354 ferarum
1942 2328 1986 2354 Sil.
2003 2331 2040 2359 16,
2054 2335 2112 2358 104.
2204 2326 2290 2353 Saecla
2303 2326 2417 2355 ferarum
2457 2330 2468 2360 ,“

271 2367 352 2392 latum
366 2364 494 2390 circulum
507 2364 579 2390 facit.
649 2361 741 2389 Haulit
756 2363 843 2388 femur
855 2361 940 2388 rostro
953 2361 1055 2387 adunco
1068 2360 1312 2393 Ouid.Met.8,371.
1375 2362 1480 2388 Lucret.
1493 2370 1517 2394 3,
1531 2370 1584 2396 753.
1606 2362 1658 2388 uid.
1679 2369 1861 2389 SAECVLVM.
1898 2363 2034 2397 Serpentia
2048 2362 2128 2388 saecla
2143 2360 2259 2387 ferarum
2279 2363 2383 2389 Luci-et.
2396 2359 2420 2394 6,
2454 2366 2455 2379 l

270 2401 345 2427 Ideni
359 2400 424 2426 ibid.
442 2408 472 2430 ii,
486 2405 512 2429 81
531 2400 561 2425 Et
574 2403 663 2424 contra
678 2398 766 2424 femur
781 2398 912 2423 moerenti
928 2397 1048 2431 plangere
1063 2396 1163 2422 dextra.
1253 2394 1274 2432 fl
1295 2403 1312 2421 2
1375 2399 1437 2431 766.
1507 2398 1613 2432 Spelaea
1625 2398 1741 2424 ferarum
1763 2398 1837 2431 Virg.
1852 2397 1904 2423 Ecl.
1920 2406 1957 2429 io,
1971 2407 2010 2430 52.
2127 2395 2230 2422 Stabula
2238 2397 2290 2423 alta
2300 2398 2417 2424 ferarum
2454 2396 2456 2404 ¹

269 2437 366 2464 Femur
379 2435 526 2466 bubulum,
542 2433 647 2465 Herba,
661 2433 750 2459 neruis
764 2433 836 2459 vtilis
856 2433 920 2458 Plin.
933 2440 977 2466 27,
991 2440 1016 2463 9.
1374 2433 1450 2467 Virg.
1466 2433 1531 2458 Aen.
1546 2436 1570 2465 6,
1586 2441 1641 2467 179.
1711 2432 1799 2459 Tecta
1812 2433 1888 2459 densa
1902 2433 2019 2459 serarum
2039 2430 2113 2457 Idem
2125 2430 2192 2458 ibid.
2206 2433 2233 2463 6,
2244 2439 2269 2465 7.
2359 2429 2379 2469 fl
2396 2427 2416 2458 '2

306 2477 322 2497 F
332 2477 379 2497 EM
389 2477 465 2496 ORA
475 2477 489 2495 L
502 2477 557 2499 1A,
584 2469 650 2494 ium·
677 2478 703 2494 n·
729 2469 766 2494 Pl·
803 2467 997 2502 [περιζώματα]
1037 2466 1150 2502 &stiam
1169 2465 1257 2500 quibus
1269 2465 1313 2500 se·
1374 2465 1512 2495 Adz'eeiiua
1525 2479 1533 2493 :
1569 2470 1648 2495 Acres
1661 2468 1749 2500 ferae,
1764 2468 1818 2495 vid.
1838 2475 1928 2494 ACER.
2019 2467 2144 2501 Expertes
2164 2466 2274 2493 rationis
2285 2472 2311 2492 et
2322 2466 2420 2493 oratio-

269 2516 337 2533 mora
351 2512 478 2541 teguntur.
516 2505 584 2530 Suet.
599 2505 627 2529 in
641 2504 706 2537 Aug.
720 2513 741 2529 e.
756 2508 786 2532 82
805 2503 901 2528 Hieme
915 2502 1047 2536 quaternis
1060 2510 1120 2527 cum
1141 2501 1233 2535 pingui
1252 2507 1313 2535 toga
1329 2505 1360 2536 65
1375 2503 1416 2529 nis
1434 2504 1489 2529 Cic.
1503 2504 1555 2530 Off.
1571 2513 1591 2536 ι,
1606 2513 1637 2537 50
1651 2513 1671 2529 c.
1688 2506 1722 2531 16.
1830 2503 1979 2537 Hori-ibilis
1997 2503 2072 2536 Virg.
2086 2503 2184 2536 Georg.
2197 2511 2225 2536 4,
2238 2504 2301 2535 462.
2369 2503 2422 2528 Im-

270 2542 368 2569 tunicis
383 2540 522 2567 subuculae
537 2539 643 2565 thorace
656 2539 732 2565 laneo
746 2544 771 2564 et
784 2537 973 2569 femoralibus,
995 2543 1020 2564 et
1032 2536 1314 2564 tibialibusniunieba-
1377 2539 1462 2565 manis
1478 2539 1559 2565 Ouid.
1575 2540 1640 2565 Met.
1655 2544 1678 2571 8,
1692 2548 1753 2573 422.
1825 2539 1973 2565 Matutinae
1994 2537 2110 2565 Martial.
2124 2547 2157 2570 13,
2171 2545 2211 2570 95.
2278 2538 2430 2569 =Montanae

271 2584 322 2605 tur.
356 2578 460 2613 Legitur
473 2583 496 2603 et
509 2574 702 2607 Feminalibus,
722 2583 747 2600 v.
759 2582 785 2600 υ.
1376 2573 1458 2601 Ouid.
1473 2575 1539 2601 Fast.
1554 2583 1576 2607 2,
1593 2577 1643 2600 216.
1716 2574 1886 2608 Montiuagae
1904 2575 2102 2606 Lucret.1,403.
2158 2574 2252 2600 Pernix
2275 2573 2434 2609 Semi-Ietta,

1375 2610 1431 2636 fur.
1446 2619 1471 2642 4.
1543 2610 1705 2637 Rabidarum
1719 2618 1794 2636 more
1809 2610 1925 2636 ferarum
1946 2611 2006 2635 Stat.
2023 2608 2113 2635 Theb.
2128 2613 2199 2642 8,71.
2270 2608 2403 2634 Ouid.Me

628 2638 650 2669 F
771 2636 799 2666 E
924 2635 954 2666 N
1378 2654 1401 2676 2,
1418 2653 1465 2677 ¹94
1484 2644 1677 2680 Vastarumque
1688 2645 1762 2671 videt
1775 2645 1892 2679 trepidus
1905 2645 2040 2671 simulacra
2053 2645 2178 2670 ferarum.
2370 2644 2390 2679 (ξ.

309 2682 457 2713 ΡΕΝΒῖΟ
468 2689 531 2717 AE,
547 2686 631 2710 arum.
669 2682 690 2711 f,
726 2683 809 2709 Hirae
828 2681 881 2709 fiue
899 2681 963 2714 ilia,
978 2689 993 2707 a
1013 2680 1116 2715 Findo,
1133 2678 1206 2716 quod
1223 2688 1240 2706 a
1258 2678 1316 2705 fiffie
1325 2687 1362 2715 70
1382 2680 1466 2707 Verba
1481 2691 1488 2705 :
1527 2680 1633 2714 Agitare
1652 2686 1678 2706 et
1697 2681 1811 2706 excitare
1824 2681 1892 2707 feras
1915 2681 1971 2707 Cic.
1985 2679 2036 2707 Off.
2051 2683 2112 2712 3,68
2126 2688 2146 2706 c.
2155 2686 2192 2713 17.
2261 2679 2370 2713 Agitare
2385 2686 2414 2705 er

272 2721 395 2748 carnibus
407 2720 509 2747 fierent.
546 2718 645 2745 Arnob.
660 2725 677 2753 7
696 2728 720 2752 p.
736 2727 789 2750 230.
1379 2722 1465 2743 rantes
1480 2716 1547 2742 feras
1567 2715 1660 2742 Claud.
1674 2716 1702 2742 in
1716 2716 1812 2751 Gigant
1835 2724 1888 2742 122.
1960 2716 2066 2750 Agitare
2081 2715 2150 2740 feras
2162 2714 2235 2741 siluis
2259 2715 2334 2748 Virg.
2357 2715 2414 2740 Aen

312 2763 328 2782 F
340 2764 356 2782 E
368 2763 416 2782 Νι)
426 2762 459 2786 0,
479 2757 532 2780 ere.
576 2754 679 2780 Verbum
693 2756 862 2788 antiquatum,
881 2755 951 2779 cuius
959 2751 1015 2787 sola
1022 2751 1159 2788 supersunt
1179 2749 1315 2785 composita.
1379 2760 1412 2783 11,
1425 2753 1483 2781 686.
1520 2751 1574 2779 vid.
1590 2758 1704 2778 AGITO.
1777 2752 1910 2786 Consequi
1924 2753 1999 2778 cursu
2014 2757 2136 2777 excitatas
2150 2749 2218 2777 feras
2242 2749 2300 2775 Seri.
2312 2749 2403 2784 Hippo

272 2791 396 2818 Priscian.
417 2799 439 2816 ιι
460 2799 484 2824 p.
505 2798 552 2822 923
578 2789 705 2819 Offendo,
725 2788 795 2823 quasi
815 2798 829 2814 a
843 2788 933 2815 Fendo
945 2787 1029 2814 verbo
1043 2787 1227 2821 componitur,
1243 2786 1316 2819 quod
1379 2796 1406 2814 v.
1420 2795 1470 2813 110.
1587 2787 1688 2821 Degere
1703 2787 1785 2813 vitam
1797 2795 1871 2813 more
1885 2788 1958 2814 ferae
1981 2788 2059 2821 Virg.
2072 2788 2135 2813 Aen.
2149 2795 2177 2818 4,
2192 2792 2240 2817 551.
2312 2784 2415 2819 Qine}

272 2836 328 2853 non
343 2826 378 2852 est
392 2825 499 2851 leftum.
536 2824 626 2850 Fendo
633 2823 762 2859 fignificat
775 2823 836 2849 idem
844 2824 913 2860 fere,
927 2823 990 2859 quod
1003 2822 1082 2857 pello.
1121 2823 1188 2849 Nam
1203 2821 1316 2848 defendo
1379 2831 1398 2853 ι,
1420 2830 1447 2847 ιο
1468 2822 1533 2848 Non
1546 2822 1615 2849 feras
1629 2822 1728 2854 modo,
1748 2822 1790 2848 sed
1806 2823 1864 2849 saxa
1884 2823 1982 2854 etiam,
1999 2822 2128 2857 siluasque
2149 2820 2258 2850 duxisse,
2277 2821 2421 2851 memori&

273 2861 318 2896 effe
329 2861 434 2897 depello,
453 2859 559 2886 offendo
572 2861 667 2894 impello
682 2867 726 2885 etc.
735 2860 790 2894 fiiis
805 2861 865 2885 locis
877 2859 985 2885 docetur.
1332 2865 1364 2893 75
1379 2857 1515 2892 proditum
1528 2857 1573 2883 est.
1655 2857 1807 2884 Interficere
1820 2858 1890 2884 feras
1916 2859 2020 2885 Lucret.
2035 2866 2057 2890 5,
2070 2862 2140 2889 ι248.
2222 2855 2341 2883 Mulcere
2353 2856 2424 2883 feras

312 2903 329 2923 1³
339 2904 355 2924 Ε
365 2904 385 2923 Ν
395 2904 407 2923 S
417 2904 437 2922 V
447 2903 459 2922 S
469 2916 477 2928 ,
490 2905 518 2926 a,
530 2905 585 2921 um.
602 2894 695 2921 Partic.
731 2896 761 2921 In
789 2895 869 2922 Gloff.
895 2893 987 2922 Isidor.
1011 2894 1095 2920 Iratus
1112 2891 1226 2919 redditur
1239 2902 1246 2916 :
1284 2889 1318 2924 est
1380 2892 1462 2920 Ouid.
1479 2893 1542 2919 Met.
1557 2901 1597 2926 14,
1613 2901 1662 2925 339.
1734 2893 1813 2928 Sequi
1826 2903 1896 2920 acres
1911 2895 1988 2921 eursu
2000 2894 2068 2919 feras
2086 2892 2142 2917 Sen.
2157 2888 2252 2916 oetan.
2266 2890 2284 2917 s.
2295 2898 2319 2926 7.
2371 2886 2456 2931 V‘{,.·l

273 2935 338 2960 enim
353 2932 415 2958 idem
428 2935 470 2967 qui
486 2931 614 2957 Infensus.
1379 2928 1473 2962 stigare
1486 2927 1554 2954 feras
1579 2928 1636 2955 Sen.
1650 2928 1763 2960 Thyest.
1776 2935 1839 2964 497,
2415 2927 2436 2962 ,ξ

312 2974 328 2994 F
339 2975 344 2993 l
363 2975 385 2994 N
394 2974 410 2994 E
419 2974 431 2994 S
441 2973 462 2992 Τ
472 2973 490 2992 R
501 2974 522 2993 A
531 2987 539 2999 ,
553 2975 598 2995 με.
620 2965 640 2991 f.
677 2964 784 2999 [fineis]
821 2964 869 2991 α’πδ
883 2967 916 2991 r?
931 2965 1034 2997 (Dacium,
1053 2963 1117 2998 quod
1127 2960 1162 2996 est
1177 2963 1265 2994 lucere,
1278 2961 1318 2987 dc·
1416 2969 1433 2990 F
1443 2970 1459 2989 Ε
1469 2970 1487 2989 R
1498 2964 1510 2989 1‘
1520 2970 1541 2989 Ν
1550 2970 1570 2989 v
1580 2971 1592 2989 s
1602 2984 1610 2995 ‚
1627 2973 1641 2990 a
1650 2983 1656 2994 ,
1679 2973 1733 2990 um.
1752 2963 1813 2992 Adi.
1850 2964 1968 3000 [θήρης]
2003 2959 2200 2998 Qodserarum
2213 2963 2265 2986 ritu
2278 2960 2370 2997 velfit,
2384 2957 2445 2991 vel'!

274 3007 375 3031 riuatur
389 3013 403 3029 a
418 3003 490 3029 Non.
507 3011 527 3034 ι,
542 3010 593 3035 159.
630 3001 691 3027 Sunt
701 3000 904 3035 certe-foramina
919 3002 1043 3036 parietum
1057 2998 1184 3025 fenestrae
1197 2998 1231 3024 ad
1244 2999 1319 3024 lucem
1375 2999 1405 3036 fi»
1418 2998 1497 3025 habet.
1533 2999 1613 3032 Apul.
1627 2999 1740 3031 Ferino,
1761 3008 1789 3025 ac
1802 3000 1911 3026 beluino
1923 3000 1986 3026 ritu.
2058 2995 2156 3022 Sallust.
2171 2995 2288 3030 Iugurth.
2303 3001 2357 3026 (ΑΒ
2372 2996 2424 3023 Ge·
2454 3025 2455 3028 ,

275 3038 442 3075 accipiendam
451 3037 551 3073 fatiae.
589 3035 725 3063 Fenestrae
738 3034 804 3070 quast
816 3036 931 3070 quaedam
947 3034 1070 3068 φοὶνεςραι,
1091 3042 1119 3060 vt
1133 3034 1257 3068 palaestra
1273 3040 1318 3059 etc.
1335 3040 1367 3064 κο
1382 3034 1446 3061 tulis
1457 3033 1532 3060 cibus
1546 3041 1600 3060 erat
1619 3043 1679 3060 caro
1693 3035 1788 3061 ferina.
1894 3035 1953 3060 Liu.
1966 3041 2003 3066 35,
2018 3041 2054 3065 49
2072 3031 2253 3058 Condimeutis
2267 3031 2422 3059 varietatem
2455 3052 2456 3059 .

276 3075 333 3101 Cic.
347 3074 428 3100 Tusc.
443 3082 463 3106 i,
477 3075 513 3106 46
545 3073 610 3099 Non
630 3080 671 3097 eas
694 3078 793 3105 partes,
813 3080 878 3105 quae
902 3070 972 3105 quasi
996 3070 1123 3096 fenestrae
1142 3071 1199 3096 sunt
1225 3069 1318 3095 animi.
1382 3071 1456 3097 illam
1471 3075 1496 3095 et
1508 3070 1618 3103 speciem
1633 3069 1735 3096 ferinae
1750 3070 1834 3096 cai-nis
1848 3078 1879 3096 ex
1895 3070 2029 3095 mansueto
2051 3068 2093 3092 sue
2106 3067 2202 3094 factam
2217 3077 2223 3093 ε
2259 3067 2324 3102 quod
2336 3066 2422 3102 deinde

275 3111 363 3137 Varro
376 3110 407 3136 R.
422 3109 453 3135 R.
469 3117 488 3141 i,
505 3117 538 3141 13,
553 3117 566 3141 5
585 3106 717 3134 Fenestras
730 3105 826 3132 habere
841 3111 945 3141 oportet
958 3105 1135 3131 nubiliatium
1149 3114 1180 3131 ex
1194 3113 1224 3131 ea
1238 3110 1321 3139 parte,
1383 3105 1462 3140 lepide
1476 3104 1509 3131 ad
1520 3106 1610 3131 milites
1622 3105 1667 3131 hoc
1681 3115 1763 3131 nomen
1777 3115 1825 3131 non
1839 3112 1954 3131 merentes
1971 3102 2137 3137 transfertur.
2226 3103 2324 3129 Caedes
2343 3101 2436 3133 Ouidss'

275 3145 346 3172 vnde
359 3143 565 3174 commodissime
577 3142 684 3177 perflari
698 3140 780 3176 poffit.
815 3142 856 3169 Sic
863 3141 1007 3168 Punicanae
1020 3141 1146 3167 fenestrae
1159 3141 1321 3172 reticulatae,
1383 3142 1447 3168 Met.
1461 3148 1489 3175 7,
1503 3142 1557 3174 673.
1629 3140 1730 3166 Domus
1744 3141 1845 3166 ferinae
1865 3140 1936 3166 Idem
1949 3138 2015 3165 ibid.
2028 3146 2061 3173 ις,
2076 3145 2134 3172 457.
2151 3141 2168 3164 i.
2183 3138 2291 3173 Corpora
2296 3138 2424 3174 ferarum.

277 3190 311 3207 ne
325 3181 397 3216 quod
410 3179 507 3206 animal
528 3178 676 3205 maleficum
697 3177 808 3203 introire
827 3182 920 3212 queat,
938 3179 965 3202 in
978 3177 1123 3203 columbario
1143 3176 1209 3203 ibid.
1225 3185 1247 3208 3,
1259 3184 1287 3209 7,
1300 3184 1320 3207 3.
1384 3176 1463 3204 Lacte
1477 3176 1565 3202 ferino
1579 3176 1694 3201 nutritus
1714 3175 1795 3202 Ouid.
1812 3175 1895 3202 Trist
1910 3184 1931 3207 3,
1945 3183 1977 3206 ιι,
1991 3182 2012 3206 3.
2084 3175 2164 3207 Sapor
2179 3174 2243 3201 Plin,
2259 3182 2291 3206 ις,
2304 3182 2330 3206 4.
2367 3173 2422 3202 Cic.

277 3218 394 3243 Gerninus
407 3216 464 3242 huic
477 3216 544 3241 Iocus
556 3213 588 3247 est
622 3213 728 3240 Colum.
743 3218 765 3243 8,
779 3221 800 3247 3,
814 3221 841 3245 4.
876 3213 943 3239 Hor.
958 3212 1008 3238 Od.
1023 3221 1042 3244 1,
1058 3220 1098 3244 25,
1112 3221 1121 3239 ι
1147 3212 1249 3239 Parcius
1263 3212 1321 3238 iun-
1341 3218 1370 3247 ες
1385 3212 1418 3239 de
1432 3214 1533 3238 lnuent.
1548 3220 1556 3237 ι
1570 3220 1589 3238 ε,
1603 3219 1619 3237 2
1639 3211 1709 3237 Nam
1723 3211 1775 3237 fuit
1807 3210 1919 3237 uoddam
1931 3214 2048 3242 tempus,
2069 3217 2149 3243 qutun
2165 3209 2192 3234 in
2214 3209 2281 3243 agris
2302 3209 2423 3235 homines
2455 3223 2456 3230 ι

279 3251 333 3278 fias
344 3251 466 3286 quatiunt
480 3250 605 3276 fenestras
617 3248 717 3275 leubus
731 3248 830 3274 crebris
843 3248 951 3275 iuuenes
964 3248 1092 3281 proterui.
1166 3250 1258 3281 Nempe
1278 3249 1321 3282 qui
1385 3247 1471 3283 paffiin
1485 3247 1625 3273 bestiarum
1638 3255 1714 3273 more
1729 3256 1793 3280 vaga
1813 3253 1889 3272 antur
1903 3256 1910 3276 ς
1947 3251 1971 3271 et
1985 3244 2032 3271 libi
2047 3245 2121 3271 victu
2134 3244 2223 3270 ferino
2235 3245 2316 3270 vitain
2330 3252 2432 3280 propa÷A

274 3293 322 3323 per
336 3286 463 3322 fenestras
483 3285 586 3312 admitti
606 3285 693 3311 velint.
734 3283 793 3310 isid.
814 3283 895 3310 Ouid.
913 3284 968 3309 Art.
981 3291 1003 3315 3,
1017 3285 1080 3315 604.
1149 3281 1322 3318 Iuni-laesum
1383 3283 1488 3318 gabant.
1559 3283 1617 3308 Vox
1635 3281 1713 3320 Quid,
1728 3281 1804 3308 Trist
1828 3290 1850 3313 3,
1868 3289 1900 3312 13,
1915 3287 1950 3319 55.
2021 3281 2116 3306 Vultus
2138 3279 2212 3305 Ideni
2224 3281 2289 3306 Met.
2307 3287 2342 3314 7,
2361 3287 2439 3314 270.;⁷

279 3323 373 3357 clausae
386 3324 476 3348 quen.
490 3329 517 3355 9,
531 3327 574 3354 105
594 3320 693 3347 Claude
706 3319 839 3351 fenestras,
859 3319 923 3345 Vela
937 3324 1023 3353 tegant
1043 3319 1133 3350 rimas,
1153 3319 1232 3352 iunge
1245 3318 1321 3350 ostia,
1385 3318 1405 3357 q
1437 3328 1450 3345 2
1485 3318 1580 3345 Ferina
1609 3317 1712 3351 absolute
1731 3316 1863 3352 aliquando
1887 3317 2049 3350 usurpatum:
2087 3322 2110 3341 et
2144 3315 2322 3350 iibi›1teh'jgitur
2343 3316 2430 3355 Caro„
2446 3338 2451 3343 ,

279 3358 370 3384 tollito
385 3358 482 3384 lumen.
573 3355 654 3383 Ouid.
668 3355 733 3381 Fast.
749 3363 771 3387 3,
787 3364 808 3387 3,
822 3364 849 3381 io
882 3355 912 3381 Et
926 3354 1017 3389 genuit
1030 3362 1113 3388 paruo
1125 3360 1198 3379 mota
1210 3352 1322 3380 fenestra
1383 3358 1542 3391 iungitur-que
1563 3352 1724 3380 Adieffluum
1745 3351 1832 3378 aliud:
1869 3351 1943 3385 Virg.
1968 3352 2032 3379 Aen.
2059 3359 2079 3383 r,
2097 3358 2136 3383 21,-
2155 3350 2302 3385 Implentur
2324 3356 2422 3388 veteris⁸

280 3394 355 3419 sono.
375 3396 392 3419 i.
407 3395 491 3420 valna.
564 3393 596 3418 Et
603 3399 650 3424 v.5
672 3391 735 3417 Nox
750 3397 815 3422 erat,
834 3397 859 3416 et
872 3390 973 3417 bifores
988 3389 1103 3416 intrabat
1117 3389 1178 3414 luna
1190 3389 1321 3414 fenestras.
1332 3400 1368 3425 90
1384 3390 1491 3421 bacchi,
1509 3388 1664 3424 pinguisque
1684 3387 1793 3414 ferinae.
2455 3405 2458 3415 .

280 3429 323 3455 sic
335 3427 417 3454 Ouid.
432 3429 523 3454 Amor.
537 3436 558 3459 1,
572 3435 595 3460 ς,
609 3436 621 3459 3
646 3427 705 3453 Pars
719 3426 838 3460 adaperta
851 3426 904 3453 fuit
918 3435 976 3460 pars
990 3425 1071 3452 altera
1085 3424 1168 3451 clausa
1182 3424 1323 3450 fenestrae:
1422 3431 1439 3451 F
1450 3432 1466 3452 Ε
1476 3432 1495 3451 R
1505 3431 1546 3451 vs
1555 3444 1563 3457 ,
1582 3432 1612 3455 a,
1633 3432 1686 3449 um.
1707 3422 1766 3448 Adi.
1802 3419 1953 3455 [S'nqiuiins]
1990 3421 2151 3454 Inhumanus,
2164 3424 2261 3447 minime
2275 3421 2424 3458 mansuetus,
2434 3423 2458 3442 Γ»

283 3464 367 3495 Quale
382 3464 438 3489 fere
452 3464 530 3489 siluae
544 3463 632 3488 lumen
649 3461 745 3488 habere
757 3462 847 3488 solent.
919 3463 949 3488 Et
964 3462 1019 3487 Art.
1032 3469 1061 3493 3,
1076 3465 1125 3494 807
1166 3460 1223 3486 Nec
1238 3460 1323 3485 lucem
1386 3461 1502 3490 crudelis,
1517 3457 1628 3496 agrestis.
1664 3459 1729 3484 Fera
1743 3466 1804 3491 gens
1822 3457 1876 3482 Cic.
1891 3457 1971 3485 Tusc,
1984 3467 2003 3492 ι,
2016 3466 2056 3489 30,
2128 3456 2204 3491 Apud
2217 3456 2281 3482 Non
2305 3466 2326 3490 5,
2340 3466 2364 3490 ι5
2377 3454 2455 3491 Fe-tf'

283 3498 313 3523 in
325 3497 451 3523 thalamos
465 3499 526 3524 totis
541 3497 649 3524 admitte
662 3497 790 3524 fenestris.
859 3499 892 3524 Et
906 3498 979 3524 Rem.
992 3505 1035 3530 4¹¹
1055 3496 1135 3522 Tunc
1149 3495 1230 3520 etiain
1243 3495 1324 3521 iubeo
1385 3506 1430 3523 rus
1443 3502 1467 3522 et
1483 3497 1566 3522 Ferox
1581 3494 1645 3520 hanc
1658 3493 1754 3520 habent
1768 3491 1924 3518 distantiam.
1974 3493 2056 3519 Ferus
2075 3492 2110 3522 est
2130 3493 2225 3518 Saeuus
2240 3502 2246 3517 ε
2283 3493 2366 3519 Ferox
2386 3491 2440 3527 ests

284 3538 352 3558 totas
365 3533 466 3566 aperire
480 3534 618 3566 fenestras,
637 3533 796 3567 Turpiaque
810 3532 919 3559 admisso
933 3532 1052 3559 membra
1064 3537 1157 3557 notare
1169 3529 1221 3557 die.
1258 3531 1323 3557 Plin.
1386 3532 1482 3558 Fortis.
1554 3529 1653 3556 Sallust.
1668 3526 1784 3562 Iugurth.
1800 3536 1820 3553 e.
1835 3531 1878 3553 106
1899 3528 1946 3553 Ille
1959 3529 2048 3554 animo
2062 3528 2147 3554 feroci
2160 3532 2235 3561 negat
2248 3528 2273 3553 se
2284 3528 2362 3554 toties
2380 3528 2422 3554 fu·
2430 3530 2438 3544 ’-

286 3567 365 3600 Epist.
378 3576 403 3599 2,
419 3575 457 3600 i7,
472 3576 504 3593 22
523 3569 681 3595 Cubiculum
700 3577 733 3595 ne
752 3569 822 3595 diem
842 3569 951 3603 quidem
970 3567 1063 3598 sentit,
1078 3566 1125 3592 nisi
1143 3566 1238 3600 apertis
1254 3566 1324 3592 fene·
1341 3573 1373 3598 95
1387 3567 1444 3594 sum
1457 3565 1601 3593 Numidam
1617 3563 1805 3598 pertimescere.
1879 3564 1954 3598 Virg.
1967 3564 2032 3589 Aen.
2047 3572 2067 3593 2,
2081 3566 2126 3595 326
2146 3563 2223 3588 Ferus
2237 3563 2327 3589 onmia
2334 3564 2431 3599 Iuppi-h
2452 3585 2454 3588 ,

286 3601 354 3628 stris.
392 3604 515 3628 Nimirum
529 3603 606 3629 adhuc
619 3604 686 3638 apud
696 3608 811 3640 antiquos
817 3605 955 3640 scriptores
971 3602 1094 3628 fenestras
1108 3611 1155 3627 non
1169 3601 1327 3635 inueniomisi
1388 3609 1428 3629 ter
1440 3604 1523 3636 Argos
1566 3599 1723 3626 Transtulit.
1795 3599 1849 3624 Cic.
1871 3599 1902 3624 dc
1916 3601 2016 3625 Inuent.
2029 3607 2049 3630 ι,
2064 3608 2076 3624 2
2109 3597 2209 3624 Deinde
2222 3605 2328 3632 propter
2342 3598 2439 3625 ratio-'v‘

286 3643 373 3672 aperta
387 3636 420 3662 ad
433 3638 509 3662 lucem
522 3640 687 3671 accipiendam
693 3639 841 3675 foramina,
860 3641 972 3666 reticulis
985 3637 1120 3669 interdum,
1139 3637 1261 3663 interdum
1274 3639 1326 3663 val·
1388 3647 1448 3664 nem
1460 3640 1492 3664 at⁴
1506 3645 1537 3662 ue
1550 3635 1697 3661 orationem
1712 3633 1847 3660 studiosius
1860 3634 2009 3666 audientes,
2027 3642 2059 3660 ex
2071 3634 2133 3659 feris
2149 3639 2173 3658 et
2195 3633 2354 3660 immanibus
2373 3634 2422 3661 mi-

287 3675 329 3699 vis
348 3675 459 3702 munita,
479 3678 507 3696 vt
521 3676 614 3705 aperiri
629 3681 650 3698 et
663 3675 745 3700 claudi
758 3674 859 3710 poffivzt.
914 3676 936 3701 E
957 3674 1029 3699 Vitro
1036 3671 1128 3708 fatias
1142 3676 1248 3707 reperies
1261 3672 1327 3708 apud
1388 3680 1425 3700 tes
1439 3672 1484 3699 red
1505 3671 1554 3698 idit
1567 3676 1591 3696 et
1604 3670 1758 3695 mansuetos‘.
1831 3670 1919 3696 Nemo
1931 3670 1995 3696 adeo
2010 3670 2080 3695 ferus
2094 3668 2144 3699 est,
2164 3669 2210 3702 qui
2224 3678 2276 3695 non
2289 3670 2441 3703 mitescere;

287 3707 401 3734 Anastas.
416 3706 483 3732 Bibl.
497 3706 593 3732 inVita
607 3707 702 3734 Leonis
714 3711 760 3735 ΙΙΙ.
796 3711 912 3736 laudante
925 3708 1023 3744 Salmas
1038 3710 1123 3734 Exere.
1145 3709 1210 3734 le.
1226 3718 1249 3742 p.
1265 3716 1328 3743 770,
1389 3708 1462 3743 poffit
1484 3709 1549 3733 Hor.
1562 3704 1665 3739 Epist.1,
1676 3713 1695 3736 1,
1706 3713 1731 3736 39
1744 3705 1881 3732 Palumbus
1894 3706 2019 3732 masculus
2033 3704 2118 3734 ferus,
2131 3703 2158 3729 id
2173 3703 2224 3736 est,
2239 3713 2323 3739 nuper
2335 3703 2433 3738 captus-„l

290 3744 308 3770 b
320 3744 349 3769 F..
382 3752 386 3756 ’
420 3742 597 3773 Hieronymus
611 3742 642 3767 ad
656 3744 746 3770 Ezeeh.
759 3754 799 3778 41,
814 3748 841 3771 16
873 3744 1007 3771 Fenestrae
1028 3751 1135 3777 quoque
1154 3750 1227 3769 erant
1242 3744 1326 3770 factae
1337 3742 1509 3774 rooScribon.
1525 3743 1561 3767 16.
1642 3740 1774 3766 Indomita
1791 3742 1892 3767 ceruice
1905 3741 1975 3767 ferus
2003 3740 2070 3766 Hor.
2084 3738 2161 3771 Epist.
2178 3748 2197 3770 1,
2210 3748 2230 3771 3.
2244 3748 2284 3772 34.
2369 3740 2431 3775 Me2

288 3779 319 3805 in
332 3777 441 3804 modum
454 3776 533 3808 retis,
551 3777 630 3802 instar
643 3779 833 3811 cancellorum,
852 3786 880 3806 vt
894 3789 947 3806 non
961 3779 1085 3814 speculari
1100 3777 1201 3811 lapide,
1219 3788 1266 3805 nec
1289 3780 1328 3805 vi-
1389 3779 1456 3812 taph.
1494 3777 1532 3803 De
1544 3776 1694 3805 hominibus,
1713 3786 1764 3801 cum
1771 3776 1808 3810 Jit
1821 3780 1888 3802 boum
1896 3778 2035 3811 proprium.
2087 3774 2160 3799 Idem
2174 3774 2251 3808 Epist·
2267 3784 2287 3807 1,
2302 3783 2334 3810 ¹3,
2349 3781 2362 3804 Β
2380 3774 2423 3801 Ne

290 3813 394 3846 tr0‚sed
410 3813 487 3846 lignis
501 3811 689 3838 interrasilibus
702 3820 726 3839 et
740 3815 917 3841 vermiculatis
930 3815 1120 3841 clauderentur.
1156 3814 1235 3848 Qaeam
1248 3815 1328 3840 adhuc
1389 3812 1496 3839 clitellas
1510 3810 1580 3836 ferus
1595 3810 1739 3845 impingas,
1760 3819 1788 3837 vt
1801 3811 1830 3837 de
1843 3811 1916 3845 afino.
1986 3809 2066 3836 Vultu
2082 3815 2161 3835 toruo
2174 3809 2245 3836 ferus
2264 3811 2331 3836 Hor.
2345 3807 2423 3844 Epist.
2468 3808 2470 3814 ’

291 3848 481 3885 antiquiffimam
495 3850 546 3873 eius
557 3851 593 3872 rei
605 3855 747 3873 mentionem
761 3850 891 3883 objeruaui.
934 3850 1007 3885 Cous.
1024 3849 1123 3884 Salmas
1137 3849 1153 3874 I.
1169 3859 1189 3874 c.
1226 3857 1248 3875 et
1263 3856 1328 3876 SPE·
1389 3857 1416 3880 1,
1427 3856 1474 3878 20,
1490 3855 1520 3872 12.
1716 3845 1735 3882 ί]
1763 3855 1779 3873 2
1816 3846 1971 3878 Substantiua
1985 3856 1992 3870 .·
2028 3845 2105 3870 Acies
2124 3844 2208 3875 ferae,
2229 3845 2279 3871 vid.
2300 3851 2422 3876 ACIES-

293 3891 415 3911 chAu.
487 3882 600 3909 Martial.
616 3890 635 3913 1,
650 3887 681 3916 87
713 3884 822 3910 Vicinus
836 3893 907 3910 meus
920 3885 970 3916 est,
989 3893 1120 3918 manuque
1136 3884 1206 3918 tangi
1228 3885 1267 3910 De
1280 3893 1327 3910 no·
1388 3884 1458 3916 Ager
1469 3882 1555 3911 ferus,
1575 3880 1689 3907 incultus
1709 3881 1774 3908 fest.
1845 3882 1937 3908 Animi
1949 3880 1999 3908 feri
2029 3879 2110 3905 Ouid·
2124 3880 2192 3913 Epist
2214 3890 2241 3913 4,
2255 3883 2305 3913 165.
2376 3880 2429 3910 Arm

291 3920 350 3947 stris
362 3919 469 3947 Nouius
481 3918 564 3953 potest
575 3917 704 3946 fenestris.
773 3918 855 3946 Plau-it.
869 3920 952 3947 Calin.
966 3928 976 3949 ι
984 3941 994 3955 ,
1005 3928 1039 3955 43
1072 3919 1236 3951 Concludere
1250 3920 1279 3946 in
1291 3919 1328 3946 fe·
1337 3917 1437 3956 105d01'
1449 3917 1520 3944 ferus
1532 3915 1616 3943 animi
1635 3917 1715 3946 Ouid.
1728 3919 1794 3946 Met.
1809 3922 1832 3952 8,
1846 3920 1907 3951 469.
1977 3916 2058 3946 Arma
2075 3913 2149 3943 Idem
2162 3914 2228 3943 ibid.
2240 3923 2265 3950 5,
2280 3925 2307 3949 4.
2378 3915 2427 3977 Kc:
2444 3914 2445 3917 ’
