2479 4225
10 134 146 196 ¹469'
439 118 474 183 Ε
552 144 589 185 x
665 145 701 188 c

10 238 11 260 ἢ
33 228 193 265 Excogitauit
204 229 313 264 aliquid,
321 230 411 258 eadem
424 231 488 259 dicit
503 242 569 268 quae
583 235 665 263 Stoici
683 236 738 264 Cic.
751 236 830 263 Acad.
845 245 872 270 4,
885 237 926 269 69.
986 236 1058 264 Mira

10 266 11 290 l
32 266 154 301 quaedam
167 273 261 299 genera
274 265 381 292 furandi
408 268 462 294 Cic.
477 270 552 296 Verr.
567 279 592 302 2,
606 280 658 304 ¹34-
773 271 846 298 Idem
860 273 913 298 Art.
926 279 953 304 9,
971 273 987 298 6
1005 272 1057 299 Ad-

8 334 10 338 .
34 301 95 330 haec
108 300 202 335 igitur,
223 301 323 334 cogita,
342 302 380 328 mi
393 303 493 336 Attice,
511 305 552 331 vel
570 308 656 340 potius
670 306 797 340 excogita.

8 339 11 371 l
56 343 110 363 ,Ex
118 341 134 362 C
142 341 161 362 0
170 341 190 361 G
201 341 209 360 Ι
219 342 239 361 Τ
247 337 268 361 Ᾱ
276 343 296 362 Τ
307 344 326 361 V
335 344 347 363 S
356 354 364 366 2
394 346 407 363 a
415 358 423 371 ,
455 348 508 365 um.
552 341 643 368 Partic.
679 342 882 376 [ἐπινενοημένος]
918 341 973 368 Cic.
1009 351 1059 376 pro

8 375 11 404 ς
33 371 132 398 cluent.
145 372 177 402 36
187 379 208 396 c.
224 378 248 402 ¹3
268 371 347 397 Ratio
359 374 504 407 excogitata
517 376 607 403 Larini
621 377 666 404 est.

32 405 111 440 Spe&
127 414 147 431 c.
161 413 183 430 2.
297 407 390 442 Superl.
426 411 531 437 Sueton.
547 412 574 437 in
587 413 671 446 Calig.
685 419 745 437 c.22
764 411 911 445 Templum
926 413 1005 438 etiam
1014 421 1060 438 nu-

32 439 98 502 mani
126 440 173 466 suo
199 441 336 474 proprium
346 462 354 475 ,
393 450 419 471 et
451 446 609 480 sacerdotes,
649 453 675 474 et
711 446 934 480 excogitatiffimas
964 447 1062 474 hostias

31 476 60 502 in
83 475 148 501 ituit.

67 516 110 537 ex
122 516 166 537 co
175 516 196 536 G
205 517 214 535 ι
223 516 303 538 TAT
314 518 333 537 v
342 520 354 539 s
364 533 372 546 ‚
391 512 429 540 fis.
449 525 484 542 m.
520 516 586 543 Geli.
599 524 628 549 ς,
642 525 670 543 ιο
697 517 835 550 Captionis
854 518 972 544 verssutae
985 527 1061 544 exco-

28 545 111 581 gitatu
125 545 260 581 frustratus
273 547 333 573 suit.

65 586 296 608 ExCOGITAT
308 589 361 615 10,
382 584 449 611 onis.
482 586 502 611 f.
536 584 683 620 [ἐπινόησις]
719 586 778 612 Cic.
801 587 883 613 Tusc.
908 597 926 619 ι,
949 590 965 614 6
989 597 1010 614 c.
1034 595 1061 621 ες

31 615 103 649 Quid
118 616 164 642 illa
179 616 234 648 vis,
253 626 319 651 quae
333 619 436 646 tandem
449 621 500 653 est,
517 629 583 655 quae
596 620 734 654 inuestigat
750 623 866 653 occulta,
889 631 955 657 quae
967 623 1060 649 inuen-

29 651 70 678 tio
82 657 158 686 atque
171 653 330 686 excogitatio
343 654 439 682 dicitur
453 657 461 681 3
566 656 620 682 Cic.
634 655 666 681 de
679 657 753 683 Orat.
769 665 792 692 2,
806 666 849 684 120
868 659 941 690 Quae
956 658 988 684 ab
996 660 1061 685 Ora-

0 697 2 701 *
29 691 88 713 tore
101 687 250 721 pariuntur,
269 691 488 723 excogitationem
501 698 555 715 non
569 690 664 716 habent
684 690 836 726 difficilem,
858 693 1061 727 explicationem

20 722 112 755 'inagis
126 722 268 755 illustrem,
289 726 493 759 perpolitamque
511 724 663 753 desiderant.

68 762 162 784 Exco
172 763 270 786 Gi‘rn
280 767 300 786 T
311 766 331 786 o
341 768 359 787 R
369 781 377 793 ,
400 761 462 786 oris.
487 769 522 786 in.
559 761 712 797 [ἐκινοητὴς]
748 762 878 797 Qiine'til.
898 763 969 790 Decl.
992 772 1030 796 10,
1044 771 1061 798 7

32 791 74 818 Sic
86 799 190 826 magum
203 795 340 828 protinus,
359 795 441 821 nescia
460 801 560 828 matre,
580 797 761 831 excogitator,
780 799 823 825 hic
843 799 936 825 mortis
953 799 1062 826 alterius

30 825 147 853 aduocat.
254 831 402 857 Verborum
415 831 579 864 excogitator
591 839 616 858 et
629 833 768 859 nominum
794 833 893 860 Arnob.
908 843 920 866 3
934 844 957 868 p.
974 843 1023 867 119·

65 868 110 889 Ex
120 868 138 890 c
150 869 168 889 ο
178 869 243 897 Go,
260 868 314 892 ere.
348 866 514 891 Innocentius
521 867 684 902 agrimensor
699 878 722 902 p.
736 877 786 903 227
811 869 878 905 GoeJI
914 870 1061 896 Terminos

29 898 179 931 excogimus
193 899 371 934 requirendos.

0 940 3 958 ε
27 936 114 965 tutus,
129 935 280 969 excogimus
311 935 389 961 tinem
413 934 520 963 habere.

25 976 233 1004 ‘rgllnlt'ntfllnur-

65 1010 82 1029 Β
92 1006 188 1032 xc61.
197 1012 232 1038 o,
251 1010 300 1031 are.
337 1004 446 1032 adiecta
458 1007 552 1042 squilla
563 1015 664 1035 acetum
677 1009 830 1045 diligentius
845 1010 979 1038 excolabis
1005 1012 1060 1038 Pal-

27 1037 79 1065 hd.
94 1039 140 1065 Iul.
155 1045 176 1069 8.
244 1039 310 1067 Add.
330 1040 407 1075 Vulg.
423 1042 517 1069 Matth.
532 1052 567 1076 23,
581 1053 620 1076 ²4-

64 1080 106 1100 ΕΧ
117 1073 227 1107 Cd'LO,
255 1074 341 1106 colui,
366 1077 481 1109 cultum,
510 1081 562 1105 ere.

26 1115 112 1148 genter
125 1109 220 1142 Colere,
240 1110 352 1143 Ornare,
375 1113 498 1146 Expolire.
535 1114 598 1142 Plin.
608 1115 685 1149 Epist.
694 1124 720 1148 9,
734 1124 774 1148 39,
788 1125 800 1148 3
829 1117 904 1142 Emas
922 1125 1061 1150 marmora,

27 1142 122 1178 quibus
136 1145 234 1177 solum,
253 1146 348 1180 quibus
362 1149 473 1180 parietes
484 1149 645 1176 excolantur.
761 1152 829 1178 Dare
841 1153 866 1178 se
879 1151 1061 1186 philosophiae

0 1184 1 1205 1
27 1178 199 1219 excolendum
226 1181 379 1220 Cic-..Tusa
394 1193 421 1217 4,
437 1189 477 1216 84.
583 1185 620 1211 Id.
635 1185 667 1211 de
681 1186 775 1220 Legib.
790 1196 816 1219 2,
830 1189 861 1218 36
874 1197 894 1213 c.
910 1196 945 1220 24
981 1189 1060 1216 Nihil

0 1217 1 1243 j
27 1213 119 1254 nielius
126 1214 181 1240 illis
189 1216 328 1248 mysteriis,
337 1218 433 1251 quibus
441 1228 471 1245 ex
481 1219 574 1253 agresti
582 1221 746 1255 immanique
753 1222 807 1248 vita
816 1223 912 1249 exculti
927 1223 958 1249 ad
969 1224 1059 1251 huma-

28 1255 134 1277 nitatem
142 1255 166 1276 et
173 1251 286 1285 mitigari
295 1252 389 1279 sumus.
456 1255 511 1281 Cic.
519 1255 550 1280 de
557 1255 626 1282 Clar.
635 1257 708 1282 Orat.
716 1264 747 1289 95
766 1258 898 1292 Caiusque
906 1259 1058 1286 Tuditanus

31 1293 88 1312 cum
100 1286 172 1312 omni
183 1285 237 1313 vita
251 1293 330 1321 atque
343 1288 416 1315 vie‘tu
425 1290 540 1316 excultus
547 1297 624 1326 atque
640 1292 780 1326 expolitus,
787 1299 842 1319 tum
851 1294 907 1320 eius
915 1294 1015 1328 elegans
1023 1296 1059 1322 est

30 1319 147 1361 habitum
153 1322 231 1348 etiam
240 1324 369 1350 orationis
377 1334 465 1358 genus.
538 1326 593 1353 Cic.
601 1327 683 1353 Tusc.
693 1336 712 1359 ι,
720 1330 751 1354 62
769 1329 971 1364 Omnesmagni,
979 1331 1059 1357 etiam

32 1355 188 1396 superiores,
206 1358 252 1392 qui
270 1359 374 1393 fruges,
395 1362 444 1394 qui
463 1361 602 1394 vestitum,
622 1363 670 1397 qui
688 1363 770 1394 tecta,
796 1365 842 1399 qui
861 1365 960 1392 cultum
979 1367 1060 1398 vitae,

33 1399 80 1426 qui
92 1391 213 1426 praefidia
226 1398 317 1420 contra
327 1394 395 1422 feras
408 1396 583 1429 inuenerunt,
594 1407 608 1424 a
622 1397 718 1432 quibus
730 1400 902 1426 mansuefacti
916 1409 940 1427 et
953 1402 1061 1434 exculti,

32 1434 48 1452 a
66 1427 204 1454 necessariis
223 1429 341 1455 artificiis
361 1431 521 1465 elegantiora
541 1433 708 1460 defluximus.

17 1460 140 1501 'stirpatis
153 1462 292 1490 arboribus
312 1466 374 1492 Pali.
388 1467 452 1493 Mai.
466 1475 487 1499 3,
503 1477 528 1494 2.
621 1470 676 1495 Cic.
690 1470 717 1495 in
731 1470 804 1497 Orat.
819 1481 843 1504 3¹
865 1473 905 1498 An
918 1473 1002 1499 vietus
1014 1472 1061 1499 ho-

26 1504 145 1537 minum,
166 1498 364 1527 Atheniensium
388 1502 521 1529 Beneficio
544 1504 631 1530 excoli
648 1505 752 1539 potuit,
775 1507 863 1533 oratio
880 1516 935 1533 non
954 1509 1061 1543 potuit?

25 1531 176 1571 Excolimur
190 1536 274 1561 teneri
294 1536 375 1563 Ouid.
392 1537 475 1566 Trist.
489 1548 516 1572 4,
530 1546 568 1571 ιο,
584 1547 617 1572 15.
706 1541 805 1567 Dootus
819 1548 844 1568 et
857 1541 971 1569 hirsutus
984 1552 1061 1570 exco-

25 1565 98 1628 ῙΑιιιῐῙξ
109 1570 321 1631 genas6Martial.
336 1574 360 1602 6,
370 1581 409 1599 ¹12.
428 1573 455 1598 de
468 1574 572 1609 tonsore.
679 1575 806 1602 Doctrina
821 1578 921 1603 animos
942 1579 997 1605 Cic.
1011 1588 1061 1613 pro

51 1611 76 1628 rc
99 1612 146 1630 ,ιι
158 1613 178 1630 c.
211 1624 217 1630 .

24 1645 92 1671 quae
105 1639 148 1664 vel
159 1639 347 1667 vitiosiffimatu
361 1648 479 1669 naturam
494 1645 614 1670 excolere
628 1644 710 1678 possit.
793 1647 943 1682 Disciplinis
961 1649 1060 1676 liberos

4 1694 5 1697 ,
25 1672 156 1699 Columel.
169 1684 198 1707 4,
213 1683 233 1707 3.
328 1677 488 1705 Medicinam
513 1680 579 1706 Cels.
595 1689 604 1706 1
620 1681 701 1714 praef.
808 1683 864 1709 Cic.
879 1683 931 1710 Off.
947 1693 967 1716 1,
984 1693 1006 1717 ¹3
1030 1686 1061 1711 In

25 1715 111 1741 eoque
124 1709 268 1736 excolendo
279 1710 324 1738 sita
336 1713 406 1739 vitae
419 1713 455 1739 est
468 1713 586 1741 honestas
600 1716 702 1747 omniS,
721 1721 747 1743 et
760 1716 788 1743 in
800 1718 958 1752 negligendo
977 1721 1060 1753 turpi-

27 1742 101 1782 ttid0.
143 1746 247 1781 Legitur
265 1755 295 1772 ex
318 1746 410 1780 vetusto
429 1751 576 1785 exemplari,
597 1750 724 1776 Colendo.
831 1753 960 1779 Oratione
974 1754 1061 1779 excoli

24 1778 81 1803 Cic.
94 1779 182 1806 Parad.
199 1789 218 1808 1.
310 1782 381 1809 Rura
395 1784 514 1810 excolere
531 1784 623 1809 Claud.
638 1785 666 1809 in
679 1785 785 1818 Eutrop.
799 1794 824 1816 2,
841 1794 895 1818 197.

24 1812 90 1838 tiam
114 1814 180 1840 Cels.
191 1815 274 1848 praef.
381 1818 470 1842 Vitam
481 1818 620 1843 excoluere
634 1826 680 1850 per
693 1819 811 1843 inuentas
824 1826 892 1844 artes
914 1820 985 1853 Virg.
994 1822 1058 1846 Aen.

23 1848 50 1878 6,
63 1848 120 1878 663.
227 1849 281 1874 Cic.
297 1850 333 1881 Q
343 1851 411 1875 Frat.
424 1859 449 1882 2,
464 1859 489 1883 15
508 1853 614 1884 Itaque,
632 1857 660 1876 vt
676 1851 728 1877 tibi
743 1852 826 1886 placet
838 1852 928 1879 damus
940 1863 1058 1888 operam,

23 1889 57 1908 ne
77 1881 149 1907 cuius
167 1881 285 1907 animum
305 1883 478 1915 offendamus,
497 1891 591 1920 atque,
610 1891 638 1911 vt
656 1886 737 1912 etiam
755 1886 788 1913 ab
813 1887 846 1913 iis
860 1888 929 1922 ipsis,
945 1891 992 1924 qui
1010 1900 1058 1917 nos

24 1925 84 1943 cum
104 1916 211 1943 Caesare
227 1923 280 1943 tam
297 1918 450 1945 coniunctos
469 1919 574 1953 dolent,
595 1920 753 1955 diligamur,
773 1922 805 1949 ab
825 1924 915 1958 aequis
936 1934 1000 1952 vero
1014 1932 1058 1952 aut

26 1952 104 1979 etiam
128 1960 141 1978 a
166 1952 298 1986 propensis
320 1953 349 1980 in
372 1953 437 1980 hanc
454 1962 554 1990 partem
571 1956 740 1984 vehementer
753 1958 913 1986 excolamur.

24 1987 111 2014 Burm.
128 1985 159 2013 ad
181 1988 289 2020 Qun&
303 1989 374 2016 Decl.
391 1995 414 2025 8,
424 1998 449 2016 12
462 2000 486 2025 p.
501 1997 554 2022 ¹28·

43 2023 106 2050 ietas
118 2022 186 2049 Deos
206 2022 315 2050 Phaedr.
331 2033 359 2057 4,
375 2033 412 2056 10,
427 2034 464 2052 10.
531 2026 652 2054 Fundum
665 2027 782 2055 alienum
795 2030 916 2057 excolere
936 2032 1015 2058 Caius
1029 2033 1058 2058 in

25 2031 111 2092 {Qu
123 2057 237 2085 alienum
255 2059 293 2088 D..
305 2059 337 2086 de
356 2059 444 2087 donat.
697 2071 713 2090 2
749 2064 807 2100 Obs.
844 2066 929 2093 Boues
957 2068 1060 2095 viCtum

26 2093 139 2126 hominis
152 2095 277 2121 excolunt
304 2095 369 2122 Plin.
383 2101 406 2129 8,
421 2103 508 2137 471221·
529 2100 548 2124 i.
554 2097 626 2133 ficol
655 2107 695 2125 ore
702 2100 851 2134 producunt.
923 2102 970 2129 Sed
983 2105 1060 2130 Varr-

562 941 581 965 ι’.
607 939 665 966 inde
696 939 846 976 colligimus,
873 941 913 966 vel
942 944 1059 977 cogimus,

661 1993 709 2019 Pei·
723 2001 802 2028 quem
817 1995 946 2021 verendos
959 1997 1059 2023 excolit

2 2152 4 2188 Ι
30 2129 62 2156 R.
75 2129 105 2156 R.
118 2137 138 2162 1,
149 2136 190 2164 27,
203 2138 215 2161 3
234 2130 371 2157 Autumno
386 2132 532 2159 vindemias
550 2139 577 2159 et
594 2133 669 2160 siluas
682 2135 769 2161 excoli
805 2150 850 2156 -—
886 2142 948 2163 tunc
961 2139 1060 2172 praeci·
1077 2144 1106 2171 55

31 2162 168 2191 diii-bores
179 2171 303 2199 oportere
340 2181 384 2186 —
421 2167 521 2194 radices
541 2174 628 2195 autem
648 2174 677 2196 vt
691 2169 858 2198 effodiantur.
901 2173 1005 2200 Videtur
1017 2174 1060 2201 bic

2 2201 4 2235 ᾗ
30 2199 185 2236 Iocus-fauere
196 2204 290 2227 numiui
296 2202 448 2235 Excultrix,
465 2213 489 2230 υ.
504 2213 530 2230 υ.

2 2238 4 2262 l
53 2240 80 2274 ‚E
88 2242 107 2262 x
115 2242 131 2262 c
139 2242 158 2262 v
167 2242 182 2262 1.
192 2242 214 2263 T
223 2243 244 2263 v
253 2244 266 2263 s
274 2256 282 2267 ‚
301 2246 325 2270 a,
345 2247 398 2265 um.
420 2239 512 2266 Partic.
549 2239 764 2276 [ἓξειργασμὲνος]
799 2242 922 2269 Excultus
936 2242 1059 2272 doctrina

28 2269 80 2296 Cic.
94 2270 172 2297 Tusc.
186 2280 206 2304 1,
218 2281 236 2306 4
249 2281 269 2298 c.
285 2281 307 2299 2.
409 2274 447 2301 Id.
461 2275 492 2301 de
506 2275 598 2309 Legib.
613 2285 629 2303 2
643 2286 664 2303 c.
680 2286 710 2310 14
747 2277 823 2304 'rum
836 2277 904 2305 nihil
918 2279 1013 2306 melius
1027 2281 1059 2306 il-

25 2303 59 2331 lis
69 2304 211 2339 mysteriis,
230 2308 325 2342 quibus
345 2318 377 2336 ex
397 2310 490 2344 agresti
511 2311 673 2347 immanique
686 2313 741 2339 vita
754 2313 852 2339 exculti
866 2314 897 2339 ad
911 2313 1058 2343 humanita-
1072 2319 1107 2344 60

25 2344 94 2381 tem,
111 2346 135 2367 et
150 2341 263 2376 mitigati
275 2345 369 2372 finnus.
463 2346 561 2372 Studiis
575 2348 693 2374 excultus
718 2348 801 2375 Ouid.
821 2358 853 2375 ex
873 2350 947 2376 Pont.
960 2360 988 2384 4,
1003 2356 1025 2382 8,
1039 2361 1058 2378 1.

24 2376 80 2403 Cic.
94 2375 176 2404 Tusc.
192 2386 215 2409 ς,
228 2386 257 2411 59
278 2380 328 2405 Hic
348 2381 430 2414 igitur
447 2381 464 2407 si
486 2381 522 2408 est
540 2383 673 2416 excultus,
692 2389 717 2409 et
737 2384 755 2410 si
770 2384 826 2410 eius
838 2385 905 2410 acies
917 2385 954 2411 ita
967 2393 1057 2414 curata

23 2410 109 2444 est„vt
120 2421 153 2439 ne
167 2420 285 2440 caecetur
297 2415 433 2441 erroribus
442 2435 451 2447 ,
467 2416 496 2442 fit
511 2418 627 2450 perseam
639 2427 728 2451 mens,
745 2419 774 2445 id
792 2419 828 2445 est
840 2420 958 2447 absoluta
977 2422 1058 2456 ratio,

23 2446 94 2481 quod
106 2447 142 2474 est
154 2448 225 2474 idem
239 2449 332 2474 virtus.
401 2451 470 2476 Adii.
484 2451 522 2476 Id.
536 2452 587 2477 Att.
604 2462 641 2485 12,
654 2456 690 2486 46
704 2460 769 2480 extr.
873 2456 929 2482 Cic.
941 2457 970 2483 in
982 2458 1057 2484 Orat.

2 2518 3 2538 ἒ
41 2516 102 2543 linis
115 2516 214 2542 exculta
226 2517 292 2543 siunt.
398 2520 467 2554 Opes
482 2522 599 2556 Propert.
612 2532 639 2556 4,
654 2531 674 2556 1,
688 2533 737 2556 ¹30·

44 2551 163 2577 ominum
175 2551 235 2578 Vita
251 2553 305 2579 Cic.
314 2554 365 2580 Off.
378 2563 399 2585 2,
413 2563 434 2589 5.

61 2592 107 2647 Εῗιι
113 2593 130 2613 c
138 2593 159 2611 v
160 2593 280 2648 gsrtvs,
297 2587 334 2615 us.
372 2599 407 2616 m.
444 2591 544 2624 Festus,
562 2594 689 2621 Conitum
706 2595 832 2624 Afranius
849 2607 898 2632 pro
918 2605 1012 2626 ornatu
1031 2606 1058 2627 et

21 2630 86 2648 excu
110 2630 126 2647 u
142 2631 158 2656 p
188 2631 216 2648 ui
229 2642 235 2649 .

57 2663 75 2684 E
84 2663 127 2683 xc
137 2664 157 2683 v
165 2664 181 2683 L
190 2664 211 2684 Τ
222 2663 241 2684 o
251 2665 270 2684 R
278 2679 286 2690 ,
304 2659 368 2686 oris.
388 2669 424 2687 m.
459 2661 580 2689 Tertull.
591 2663 622 2690 de
633 2665 743 2699 Monog.
764 2674 786 2692 e.
802 2669 839 2692 16.

56 2698 74 2719 Ε
83 2700 101 2719 Χ
110 2699 127 2719 C
136 2699 157 2719 v
167 2699 183 2718 t.
195 2699 216 2719 'r
225 2699 244 2720 R
254 2701 263 2719 1
272 2701 290 2720 x
312 2695 446 2721 Vitiorum
461 2695 629 2731 philosophia
648 2702 695 2735 leg.
708 2703 735 2724 in
748 2701 805 2727 MS.
840 2701 897 2727 Cie.
909 2701 992 2728 Ture.
1006 2709 1030 2735 5,
1043 2710 1057 2735 5

20 2735 43 2754 e.
56 2735 73 2754 2
86 2727 128 2766 ubi
141 2729 214 2764 vulgo
226 2729 356 2763 expultrix
372 2740 378 2756 z
413 2730 464 2758 vid.
478 2731 503 2758 b.
515 2732 534 2758 1.
550 2733 648 2760 Gruter.
684 2734 731 2762 Sed
743 2735 882 2769 Expultrix
898 2736 963 2763 resse
976 2744 1058 2765 tuetur

20 2764 144 2796 Daug'lzur.
186 2764 244 2790 Vid.
258 2771 378 2792 EXCOLO
395 2773 420 2791 n.
435 2773 460 2792 2.

24 2835 32 2841 Ι
57 2804 299 2860 ξκειῑιοιιυνε,
333 2809 364 2833 a,
393 2809 448 2828 um.
486 2801 547 2829 Adi.
582 2804 652 2838 Ager
690 2805 770 2832 Auci.
801 2805 835 2833 de
865 2806 958 2834 Limit.
994 2808 1057 2844 Agr.

19 2843 39 2860 Ι.
56 2842 113 2860 lncu
136 2843 173 2860 ul.

23 2882 30 2893 l
56 2875 74 2895 E
83 2876 126 2896 xc
134 2876 153 2896 o
161 2876 187 2895 M
195 2875 212 2895 Ε
220 2875 239 2896 D
247 2875 283 2902 ο,
302 2871 356 2898 ἕπε.
391 2871 550 2900 Excomedet
563 2873 728 2908 putredinem
747 2876 826 2910 Apul.
840 2876 873 2902 de
885 2876 968 2904 Herb.
982 2886 1004 2904 c.
1013 2883 1035 2908 8.

23 2945 41 2966 E
56 2911 110 2966 neg
128 2911 144 2931 c
163 2911 182 2931 o
198 2911 224 2931 M
241 2912 251 2931 1
270 2911 292 2931 T
314 2913 341 2933 E.
393 2907 527 2935 Ammian.
563 2917 612 2943 14,
645 2917 662 2945 7
697 2913 741 2947 qui
762 2912 822 2948 fuit
851 2921 937 2939 comes.
996 2914 1055 2942 Vid.

43 2946 62 2966 x
109 2946 197 2966 NSVL.

58 2980 76 3000 E
85 2981 103 3001 x
110 2981 127 3002 c
135 2981 155 3002 o
162 2981 186 3000 M
194 2982 219 3001 M
227 2981 249 3001 v
256 2981 280 3001 N
289 2984 299 3003 1
309 2982 326 3003 c
337 2982 356 3003 ο
365 2996 375 3010 ,
406 2981 460 3005 are.
497 2979 627 3012 Synodus,
644 2989 660 3007 a
678 2990 729 3016 qua
744 2983 985 3011 excommunicatus
1018 2985 1056 3012 est

23 3008 204 3039 Hieromadu.
219 3011 306 3038 Rufin.
324 3020 350 3045 2,
364 3020 386 3046 ς.
423 3014 492 3040 Hinc

58 3049 447 3081 ExcommvaAu-io,
466 3051 535 3076 onis.
552 3050 573 3077 f.
606 3052 706 3088 vulgati
720 3053 786 3089 ufias.

60 3084 130 3106 Exc
142 3086 217 3107 OND
227 3089 264 3115 o,
281 3084 334 3110 ere.
371 3084 471 3112 Verum
482 3094 557 3117 eum,
576 3091 603 3113 et
621 3087 755 3115 vifibilem
773 3090 899 3118 excondis
915 3091 1054 3125 praeliato-

26 3116 83 3139 rem
96 3114 209 3143 Tertull.
224 3117 283 3144 adu.
295 3119 376 3146 Marc.
392 3127 415 3152 5,
426 3125 460 3150 18.
487 3124 505 3147 i.
526 3121 635 3158 detegis,
652 3133 700 3160 agn

63 3154 80 3175 E
89 3156 107 3175 ’ί
115 3155 132 3176 c
140 3157 159 3177 0
168 3158 190 3177 N
198 3159 210 3179 s
218 3159 237 3178 V
245 3160 273 3185 L,
290 3154 350 3181 tilis.
363 3164 400 3182 m.
420 3191 425 3196 .
433 3157 485 3191 Qui
496 3124 798 3194 Confidamfunbiziffist.
834 3161 969 3188 Iustinian.
978 3162 1030 3188 inl.
1038 3170 1054 3189 2

835 2526 944 2554 Artibus
955 2528 1058 2556 exculta

26 3181 52 3223 §1
65 3183 122 3210 Nos
132 3185 221 3221 itaque
237 3189 268 3214 C.
287 3188 318 3215 de
336 3191 428 3217 Veteri
446 3192 503 3218 iure
520 3193 697 3227 enucleando,
716 3196 802 3222 Omne
822 3197 936 3224 studium
951 3197 1093 3236 Tribo—g5

24 3227 106 3259 rii-ano
118 3228 178 3248 viro
189 3223 297 3263 excelso,
305 3226 426 3260 magistro
439 3226 607 3263 officiorum,
625 3231 795 3265 Exquaestori
810 3233 875 3259 sacri
889 3233 970 3259 nostri
984 3234 1053 3267 pala-

24 3259 60 3294 tii
74 3260 99 3280 et
113 3255 249 3284 Exconsuli
263 3259 434 3293 credidimus,
452 3270 498 3290 etc.
531 3271 555 3290 et
561 3264 634 3299 fiiepe
646 3269 673 3291 in
686 3266 764 3292 eadem
776 3269 836 3304 Iege.
924 3269 1054 3295 Exconsu—

24 3288 58 3316 lis
81 3297 160 3332 autem
181 3297 273 3319 nomine
293 3304 365 3331 neque
382 3297 530 3333 confidatum
549 3300 705 3328 honorarium
722 3309 765 3328 aut
784 3303 961 3335 caninium-em,
981 3313 1054 3340 neque

24 3325 188 3352 conditionem
198 3330 248 3354 uiri
260 3338 302 3355 con
314 3333 403 3364 utaris,
414 3333 461 3369 sed
474 3338 654 3362 eminentiorem
665 3339 772 3374 aliquam
784 3339 931 3374 dignitatem
945 3340 1055 3366 indicari

19 3359 214 3397 pri‘mifastigii
225 3366 286 3390 mini
307 3369 343 3391 ris
354 3368 432 3394 tribui
443 3369 560 3406 Jblitam,
578 3370 705 3404 oflendunt
723 3376 777 3400 viri
788 3373 872 3406 doc'h',
892 3375 1054 3401 schwarzius
1067 3391 1103 3414 90

23 3395 104 3424 Schol.
114 3396 203 3432 philol.
217 3397 251 3424 ad
263 3400 292 3440 13²
315 3402 344 3426 it.
353 3409 380 3437 p.
393 3413 431 3438 4⁰·
467 3412 491 3431 et
497 3407 589 3432 Ritter.
602 3407 636 3433 ad
647 3408 689 3434 lib.
702 3410 817 3435 nouellar.
830 3410 921 3436 Themi.
930 3417 1053 3446 rap-70.

24 3431 112 3471 [taque
131 3441 178 3458 non
195 3431 340 3474 fimpltfitqr
358 3437 521 3467 admittendus
534 3442 625 3469 Isidor.
639 3452 665 3476 9,
678 3450 689 3475 3
710 3445 865 3471 Exconsules
879 3445 943 3472 dieti
951 3463 960 3478 ,
979 3446 1051 3481 quod

24 3474 78 3493 iam
86 3467 239 3510 aeonsulatu
247 3476 366 3503 emerint,
375 3472 426 3499 fine
433 3474 599 3509 discesti-int,
613 3478 688 3512 pacto
702 3480 770 3516 (leg.
780 3480 897 3514 pcrafito)
910 3482 977 3508 vicis
991 3483 1052 3509 suae

25 3509 102 3531 anno.
139 3504 242 3538 Legitur
255 3508 326 3530 etiam
340 3506 403 3540 qu‘fi
417 3514 510 3538 nomine
523 3513 694 3540 indeclinabili

61 3544 314 3579 excoa'svcfi,
333 3547 355 3565 et
377 3547 685 3581 EXQVAESTORE:

28 3571 133 3612 Gplstoh'i
146 3573 279 3600 Pandeffils
293 3575 419 3617 praefixa,
435 3580 483 3606 Per
493 3583 694 3611 Tribonianum
707 3586 796 3612 virum
808 3587 984 3621 magnificum,
999 3597 1052 3614 ma-

26 3607 131 3642 gistrum
138 3615 162 3635 et
169 3610 342 3650 {Exquaestore
352 3612 415 3638 sacri
422 3614 518 3650 palatii,
525 3625 549 3644 et
556 3620 708 3648 Exconsule.
744 3622 810 3648 Idem
819 3625 844 3648 in
852 3623 959 3657 epistola
965 3624 1053 3656 tertia,

27 3642 100 3676 Qiae
107 3653 196 3671 omma
204 3654 250 3680 per
257 3654 345 3672 virum
353 3646 489 3689 excelsum,
501 3659 547 3679 nec
554 3663 606 3681 non
615 3656 837 3690 prudentissimum
845 3659 995 3693 magistrum
1005 3660 1052 3684 Ex-

26 3679 159 3711 quaestore
172 3686 197 3706 et
210 3681 350 3707 Exconsule
362 3681 559 3715 Tribonianum
572 3691 687 3724 perfe6ta
709 3693 777 3719 sunt.
814 3694 939 3729 Loquendi
951 3694 1050 3729 forma,

1079 563 1107 581 10
1127 563 1178 588 tas,
1198 560 1225 583 in
1245 564 1377 584 CRVDVS.

439 903 473 927 Ie.
494 910 518 936 p.
538 911 579 929 222
600 910 664 930 extr.
689 905 716 931 Si
729 904 757 931 in
770 911 859 931 monte
873 905 956 931 fuerit
967 906 1059 932 consti-
1074 920 1108 938 20

1119 1156 1194 1218 seipsa
1206 1159 1342 1188 communi,
1357 1156 1382 1183 h.
1395 1166 1414 1183 e.
1428 1156 1552 1183 intellectu
1566 1163 1642 1182 caret.

975 1789 1060 1812 Scien-
1072 1798 1106 1823 45

2 2509 3 2516 ¹
21 2487 56 2515 48
70 2491 92 2515 c».
107 2490 132 2514 ις
156 2482 234 2508 Nihil
253 2483 325 2509 enim
337 2484 374 2510 est
387 2484 501 2512 feracius
521 2487 652 2520 ingeniis,
673 2488 706 2514 iis
721 2490 883 2523 praesertim,
896 2501 962 2525 quae
983 2492 1059 2519 disci·
1076 2501 1107 2532 65
1125 2494 1189 2520 Plin.
1204 2501 1244 2528 37,
1259 2503 1275 2520 2
1295 2496 1475 2530 Excrescitque
1489 2496 1518 2522 in
1532 2495 1586 2522 dies
1599 2496 1654 2522 eius
1669 2496 1709 2521 rei
1722 2495 1807 2520 luxus.

1072 2856 1104 2885 75
1122 2853 1170 2878 34,
1192 2850 1218 2875 18
1238 2846 1263 2885 's-
1284 2853 1324 2878 50.²

1523 148 1798 193 EXC

1159 240 1494 272 nxcousvminis,
1515 250 1537 267 e.
1560 240 1619 267 Adi.

2087 167 2167 203 470

1662 239 1816 275 [ὑπατικός]
1852 243 1882 269 In
1897 244 1915 270 l.
1937 253 1949 276 3
1969 244 2000 271 C.
2020 243 2051 270 de
2069 244 2162 278 proxi-

1123 275 1173 301 mis
1186 277 1317 302 sacrorum
1331 275 1504 308 scriniorum,
1526 276 1663 303 Consulari
1678 275 1780 302 honore
1800 277 1862 303 sulti
1883 279 1951 305 inter
1969 279 2065 306 eled‘tos
2083 280 2160 306 habe-

1123 316 1209 343 antur,
1225 311 1344 346 huncque
1358 310 1486 337 honorem
1501 312 1635 346 dignitatis
1647 312 1816 345 teneant,qui
1829 312 2045 341 Exconsularibus
2060 315 2160 341 deferri

1126 347 1300 373 consueuerit.
1355 346 1477 381 Qut-dum
1503 349 1651 383 exemplaria
1676 349 1775 384 legunt,
1795 347 1832 372 Ex
1857 348 2055 376 Consularibus.
2090 349 2159 377 Add-

770 375 873 402 Malitia
897 376 1014 402 Tei-tull.
1029 377 1062 403 de
1087 384 1100 411 5
1127 382 1257 407 Annnian.
1272 391 1318 413 27,
1335 390 1354 408 1.

1162 423 1178 443 Ε
1191 423 1208 442 Χ
1219 424 1235 443 C
1245 416 1262 444 ὁ
1276 423 1319 453 QV
1329 423 1365 448 o,
1396 416 1439 446 xi,
1470 416 1556 449 ctum,
1587 419 1639 444 ere.
1677 416 1789 452 [ἐξέψω]
1824 414 2004 453 Perfeffionrm
2016 419 2161 455 figmjfican

1126 451 1240 485 videtur,
1260 461 1354 487 nemque
1368 450 1481 486 Perscffl·
1494 461 1598 487 coquere.
1635 453 1703 479 Ter.
1718 452 1793 478 Adel.
1809 460 1832 485 5,
1846 461 1867 485 3,
1881 455 1911 485 63
1940 453 2011 479 Tam
2025 455 2160 482 excomm

1126 486 1233 513 reddam
1246 493 1324 522 atque
1337 492 1435 518 atram,
1455 495 1533 520 quain
1547 488 1624 514 carbo
1639 488 1682 514 est.
1754 487 1885 514 Columel.
1921 506 1928 513 .
1966 508 1972 514 .
2009 489 2056 514 Vis
2076 491 2159 524 frigo-

1126 523 1162 548 ris
1177 524 1301 557 excoquit
1316 528 1422 548 tcrram.
1493 522 1654 549 Cruditatem
1667 532 1812 558 excoquere
1826 523 1979 555 Laconicis,
1999 523 2052 549 vid.
2064 525 2160 551 Crudi-

1450 557 1520 590 Ignis
1533 559 1656 592 excoquit
1670 559 1766 585 vitium
1781 559 1879 585 metalli
1899 558 1978 585 Ouid.
1993 558 2159 594 Fast.4,783.

1126 592 1230 618 Vitium
1247 593 1394 627 perignem
1409 592 1568 626 excoquitur
1598 593 1673 627 Virg.
1693 595 1789 628 Georg.
1811 603 1836 626 ι,
1856 599 1893 624 88.
1999 595 2161 628 Excoquitur

1125 628 1237 653 flammis
1273 627 1391 661 scopulus
1430 627 1475 653 Sil.
1507 636 1528 658 3.
1600 628 1643 656 Sol
1667 634 1761 655 terrani
1783 629 1908 664 excoquit
1945 629 2049 656 Lucret.
2064 632 2089 661 6,
2100 633 2160 662 962.

1125 662 1266 689 Vrbanitas
1279 663 1371 689 aulicis
1383 662 1490 688 ‘excocta
1503 663 1655 689 fornacibus
1677 665 1775 690 Ennod.
1788 673 1817 697 4,
1830 673 1865 697 33.
1937 665 2089 700 Excoquere
2107 674 2161 691 ma-

1125 698 1179 724 lum
1193 698 1274 723 alicui
1293 699 1373 724 Plaut.
1386 698 1451 724 Pers.
1468 706 1486 729 ι,
1501 706 1520 731 1,
1535 706 1571 730 53.
1590 700 1609 724 i.
1635 700 1796 735 Excogitare,
1815 706 1838 726 et
1850 699 1884 727 ad
1894 707 1988 736 tempus
1999 707 2161 736 praeparare.

1993 769 2078 797 Calcis
2095 769 2162 797 ibid.

1078 740 1104 766 ις
1123 733 1191 760 Add.
1206 733 1243 759 Id.
1258 733 1317 760 Mil.
1330 741 1352 765 2,
1366 742 1390 764 z,
1405 741 1441 765 53.

1160 776 1175 795 E
1186 774 1205 794 x
1216 775 1231 795 c
1240 775 1259 794 o
1268 775 1284 795 c
1294 774 1333 794 τι
1342 774 1377 800 ο,
1401 768 1467 794 anis.
1485 768 1505 795 f.
1540 768 1667 795 Bucellati
1680 769 1781 796 Cod.12
1794 775 1813 797 t.
1827 770 1889 804 391·
1902 778 1925 799 2.

1124 809 1143 830 t.
1159 803 1217 830 161.
1231 812 1251 834 3.
1324 803 1398 829 Panis
1419 803 1484 829 ibid.
1498 809 1516 829 t.
1530 812 1560 835 39
1575 804 1592 830 l.
1608 813 1625 830 ι.

1160 845 1178 865 Ε
1189 846 1207 865 x
1219 844 1236 865 c
1249 844 1269 864 o
1278 844 1297 864 R
1307 846 1316 864 1
1327 844 1346 864 ο
1357 858 1365 871 ,
1387 843 1439 865 are.
1473 838 1593 874 [olnodz'fw
1606 840 1686 866 Gloss‘.
1700 840 1745 866 Gr.
1761 840 1837 874 Lat.]
1872 841 1924 875 Ap.
1934 840 2074 877 scriptores
2087 840 2163 867 medii

1123 877 1177 900 aeui
1183 873 1328 910 fignificat,
1342 876 1425 909 virgi:
1436 874 1532 900 caedere
1546 885 1553 899 .·
1588 875 1641 901 vid.
1657 874 1729 908 Gloſji
1741 876 1782 901 Du
1797 877 1893 901 fresne.

1160 916 1377 939 EXCORNIS,
1398 918 1421 935 e.
1451 909 1511 942 Adi.
1546 910 1630 936 Bestia
1650 911 1780 944 extinguis
1803 917 1829 936 et
1850 911 1971 937 excornis
1992 910 2110 939 Tertull.
2128 909 2163 937 de

1123 945 1186 971 Pall.
1199 954 1220 971 c.
1235 952 1256 977 5.
1275 946 1294 970 i.
1306 944 1420 970 cornibus
1433 944 1558 976 destituta.

1158 987 1174 1007 E
1188 986 1206 1006 x
1216 987 1233 1007 c
1241 986 1260 1006 o
1268 986 1286 1006 R
1296 987 1310 1006 r
1319 986 1337 1006 o
1346 986 1364 1006 R
1374 986 1392 1005 o
1401 1000 1409 1011 ‚
1430 984 1482 1007 are.
1520 982 1584 1016 Opp.
1620 981 1794 1014 Incorporare
1802 999 1811 1011 ,
1829 986 1870 1015 ap.
1886 981 1962 1007 Vinc.
1983 981 2069 1007 Lirin.
2081 981 2162 1007 Com-

1124 1016 1219 1042 monit.
1234 1024 1249 1041 2
1263 1024 1286 1049 p.
1300 1017 1350 1047 364
1367 1016 1456 1042 Baluz.

2077 1051 2163 1086 Vrsat.

1159 1057 1177 1077 E
1189 1057 1206 1076 x
1218 1056 1235 1076 c
1244 1057 1263 1077 ο
1272 1057 1291 1076 R
1300 1057 1318 1076 R
1327 1057 1343 1076 E
1354 1056 1372 1076 c
1382 1057 1403 1076 ‘r
1413 1057 1430 1077 o
1441 1058 1458 1077 R
1467 1070 1475 1084 ,
1495 1050 1559 1077 oris.
1578 1059 1613 1076 m.
1651 1051 1703 1085 Qui
1719 1047 1845 1076 correH'or
1864 1047 1907 1082 ²:02
1924 1049 2034 1083 deflerat.

599 1079 791 1114 [ἒξεργοίζομοιι,
807 1079 958 1115 ἔκικοσμέω]
993 1083 1061 1109 Dili-
1077 1098 1105 1124 25
1125 1085 1153 1112 de
1174 1087 1234 1112 Not.
1249 1087 1318 1112 Rom.
1335 1086 1408 1121 Thes.
1422 1089 1484 1112 Ant.
1499 1088 1567 1112 Rom.
1583 1087 1671 1112 Gracia.
1692 1085 1724 1111 T.
1737 1094 1761 1110 ιι
1771 1092 1797 1119 p.
1810 1093 1853 1118 7⁰3
1868 1086 1887 1110 Ε

1568 1121 1698 1155 [ἔκφρων]
1733 1121 1785 1155 Qi
1808 1121 1888 1146 veluti
1911 1119 1985 1146 corde
2002 1126 2027 1145 et
2041 1123 2121 1146 animo
2133 1128 2165 1146 ac

1699 1155 1799 1181 Veteres
1819 1158 1882 1181 enim
1890 1154 2041 1189 stipientiam
2054 1158 2081 1180 in
2093 1154 2164 1181 corde

1123 1200 1151 1218 co
1171 1191 1290 1223 ocultam,
1310 1201 1381 1227 quam
1404 1202 1467 1218 nunc
1488 1194 1516 1218 in
1539 1191 1636 1218 cerebro
1653 1193 1778 1252 gemimus.
1812 1190 1867 1216 Cic.
1891 1191 1976 1217 Tusc.
2003 1199 2023 1222 ι,
2039 1199 2059 1216 ιι
2073 1189 2165 1230 ..Qfid

1125 1235 1206 1262 porro
1219 1227 1272 1261 ipse
1286 1227 1404 1259 animus,
1423 1233 1468 1254 aut
1480 1227 1543 1259 vbi,
1560 1233 1605 1253 aut
1617 1235 1652 1253 vn
1671 1235 1700 1258 e,
1720 1234 1814 1260 magna
1827 1225 1946 1252 diffenfio
1959 1226 1994 1252 est
2007 1236 2013 1251 ι
2043 1225 2103 1252 aliis
2118 1234 2164 1253 coi·

1162 1127 1178 1146 E
1190 1127 1209 1147 x
1219 1127 1235 1147 c
1244 1127 1262 1147 0
1271 1128 1289 1147 R
1299 1128 1312 1147 s
1320 1139 1327 1152 ,
1347 1122 1442 1148 cordis.
1471 1120 1531 1147 Adi.

1078 1276 1109 1300 30
1126 1263 1210 1297 ipsum
1224 1271 1326 1289 animus
1340 1262 1462 1296 videtur,
1480 1271 1512 1289 ex
1526 1272 1580 1297 quo
1593 1261 1732 1293 excordes,
1751 1261 1893 1293 vecordes,
1911 1260 2107 1295 concordesque
2127 1258 2166 1286 di-

1125 1304 1228 1324 cuntur.
1299 1298 1373 1325 Idem
1392 1298 1423 1324 de
1437 1298 1543 1325 Amicit.
1557 1307 1591 1331 99
1623 1298 1719 1331 Aperte
1739 1296 1888 1323 adulantem
1907 1305 1986 1323 nemo
2001 1305 2054 1322 non
2075 1295 2164 1328 videt,

1125 1333 1174 1360 nist
1188 1333 1236 1368 qui
1247 1333 1389 1360 admodum
1403 1334 1438 1360 est
1452 1342 1550 1360 excors.
1622 1334 1652 1359 Et
1672 1341 1719 1366 pro
1732 1332 1815 1358 Plane.
1843 1352 1849 1358 .
1881 1352 1887 1358 .
1917 1352 1924 1358 .
1960 1333 1991 1358 Et
2005 1340 2165 1372 quemquam

1127 1375 1201 1404 putas
1215 1369 1290 1395 fuisse
1303 1375 1356 1396 tam
1372 1369 1528 1401 excordem,
1549 1368 1596 1403 qui
1609 1368 1679 1394 viuis
1693 1367 1748 1400 his,
1769 1368 1849 1393 stante
1865 1367 1946 1408 vrbe,
1970 1373 1995 1394 et
2015 1376 2104 1399 curia,
2124 1375 2165 1393 re-

1126 1405 1246 1431 diturum
1260 1414 1318 1437 me,
1340 1405 1358 1431 fi
1372 1405 1507 1437 viuerem,
1527 1413 1580 1430 non
1598 1404 1722 1439 putaret?
1784 1404 1877 1429 Horat.
1893 1402 1968 1438 Epist.
1986 1412 2012 1442 1,
2020 1411 2044 1433 2,
2056 1410 2086 1435 25
2112 1401 2165 1428 Sub

787 1437 857 1470 Ager
870 1436 1006 1464 excolatur
1020 1446 1062 1463 ex·
1077 1450 1106 1475 35
1126 1440 1235 1467 domina
1248 1440 1387 1467 meretrice
1399 1440 1485 1466 fuiss'et
1500 1440 1600 1474 turpis,
1620 1446 1646 1465 et
1663 1447 1754 1465 excors
1789 1439 1899 1464 Vixisset
1917 1438 1987 1464 canis
2006 1437 2166 1468 immundus,

1126 1476 1170 1503 vel
1183 1476 1267 1503 amica
1281 1475 1338 1502 luto
1352 1477 1402 1502 sus.
1494 1476 1549 1502 Cic.
1564 1483 1611 1509 pro
1624 1475 1712 1501 Domo
1725 1475 1770 1500 sua
1786 1479 1819 1507 48
1841 1474 1934 1508 Neque
1948 1479 1975 1500 tu
1988 1482 2044 1500 eras
2057 1480 2109 1500 tam
2123 1481 2166 1499 ex—

1126 1520 1198 1541 cors,
1215 1516 1320 1546 tamque
1337 1511 1457 1543 demens,
1477 1517 1505 1537 vt
1520 1511 1631 1536 nescires
1649 1509 1718 1536 hunc
1732 1509 1856 1535 Clodium
1872 1510 1935 1541 esse,
1954 1510 2002 1544 qui
2019 1515 2109 1536 contra
2128 1508 2166 1534 le-

1126 1556 1168 1580 ges
1182 1547 1288 1573 faceret.
1343 1548 1402 1573 Hoc
1416 1547 1464 1581 qui
1478 1555 1531 1572 non
1544 1545 1631 1577 videt,
1651 1553 1742 1571 excors
1762 1544 1816 1572 Cic.
1829 1544 1941 1580 Philipp.
1955 1552 1967 1577 5
1989 1554 2010 1571 c.
2025 1553 2050 1584 ⁹1·
2097 1545 2166 1570 Hor.

1125 1583 1208 1608 Serm.
1224 1590 1246 1613 2,
1261 1590 1284 1613 3,
1302 1583 1337 1616 67
1364 1582 1412 1608 Tu
1433 1591 1474 1608 ine
1495 1582 1599 1607 Insanus
1620 1580 1687 1612 eris,
1706 1580 1724 1605 si
1739 1581 1892 1613 acceperis3
1922 1589 1955 1606 an
1974 1587 2056 1613 magis
2075 1586 2167 1605 excors

284 1605 321 1632 Id.
337 1606 369 1632 ad
382 1608 420 1641 Q
433 1608 502 1640 Fm,
513 1617 533 1640 t,
548 1618 560 1635 2
590 1609 625 1635 Ea
638 1614 725 1636 autem
739 1612 858 1639 adhibita
871 1613 998 1640 Doctrina
1012 1614 1058 1646 est,
1068 1626 1105 1651 40
1126 1617 1233 1643 Reieeta
1246 1617 1356 1651 praeda,
1373 1626 1452 1652 quam
1471 1618 1589 1651 praesens
1604 1616 1751 1641 Mercurius
1769 1615 1820 1640 fert
1835 1616 1843 1640 3

1160 1659 1177 1678 E
1187 1659 1230 1679 xc
1239 1660 1258 1679 o
1268 1659 1284 1678 R
1296 1659 1314 1679 ι)
1325 1658 1344 1678 o
1355 1660 1373 1679 R
1382 1672 1390 1685 ‚
1407 1653 1455 1679 ari.
1492 1651 1646 1678 Excordar'is
1661 1650 1754 1681 homo,
1774 1649 1792 1675 si
1806 1655 1888 1683 putas,
1908 1654 1954 1674 erc.
1981 1646 2168 1674 Commodian-

1124 1687 1200 1714 Instr.
1215 1696 1248 1714 21.
1277 1691 1295 1713 i.
1309 1688 1414 1723 insanis.
2027 1719 2032 1723 ι
2124 1719 2128 1724 ¹

1162 1729 1179 1748 E
1189 1730 1206 1748 Χ
1216 1729 1232 1748 C
1242 1728 1260 1747 o
1270 1729 1288 1747 R
1298 1728 1318 1746 T
1328 1730 1337 1747 1
1348 1728 1365 1748 C
1377 1729 1396 1748 o
1408 1741 1416 1753 ‚
1449 1724 1502 1747 are.
1546 1720 1709 1748 Excorticat‚
1727 1716 1818 1751 λιπίζει
1826 1737 1834 1748 ,
1854 1716 1934 1743 Gloss'.
1971 1717 2074 1756 seg-rtur
2093 1722 2169 1743 ettam

1127 1756 1194 1790 apud
1207 1756 1327 1781 Frontin.
1341 1756 1373 1781 de
1387 1755 1503 1789 Aquaed.
1515 1755 1563 1790 sub
1570 1754 1620 1789 fin.
1660 1753 1706 1780 Sed
1718 1751 1784 1778 reHe
1796 1753 1878 1778 Pelen.
1894 1751 2089 1784 excodiccntur,
2100 1761 2126 1778 v.
2140 1761 2167 1778 v.

1160 1795 1484 1821 excREMENTvm,
1512 1790 1565 1815 vid.
1587 1794 1784 1820 EXCERNO,
1803 1794 1827 1813 et
1848 1793 2064 1814 Excnsssco.

1160 1829 1315 1849 EXCREM
1327 1829 1364 1856 ο,
1383 1828 1435 1850 are.

1125 1856 1245 1883 Tertull.
1264 1857 1296 1883 de
1309 1859 1390 1885 Cultu
1404 1860 1475 1885 ch.
1496 1869 1517 1886 c.
1532 1862 1557 1885 6.
1581 1863 1599 1886 i.
1613 1862 1732 1890 cremari,
1749 1858 1851 1884 adoleri.

1124 1901 1146 1918 c.
1163 1901 1190 1919 ιο
1211 1892 1314 1919 Odores
1331 1895 1499 1927 excrematis,
1519 1897 1552 1921 al.
1570 1895 1700 1921 crematis.

1162 1935 1179 1954 Ε
1188 1935 1207 1954 x
1218 1934 1234 1954 c
1246 1935 1264 1954 R
1274 1935 1290 1955 E
1300 1936 1333 1960 O,
1353 1929 1408 1963 siue
1432 1937 1448 1956 E
1457 1939 1475 1957 x
1483 1938 1495 1956 s
1504 1937 1520 1956 C
1530 1937 1548 1956 R
1558 1936 1575 1956 E
1585 1936 1620 1962 O,
1647 1934 1698 1956 are.
1735 1928 1942 1968 [ἷκχρὲμπτομαι
1950 1944 1959 1957 ,
1978 1926 2090 1960 sundra]
2132 1928 2168 1954 Vt

1474 1824 1658 1858 Qiodcunque
1672 1822 1810 1850 immundo
1826 1822 1931 1857 spiritui
1944 1822 2088 1848 excremari
2101 1821 2168 1848 solet

1893 1859 1976 1884 Etiam
1994 1856 2028 1883 ad
2047 1857 2167 1884 nationes

985 1961 1059 1996 Conf.
1076 1974 1107 2000 50
1124 1962 1228 1998 quadam
1241 1964 1369 2003 exspuere,
1390 1971 1413 1990 et
1425 1975 1476 1990 cum
1490 1972 1554 1990 motu
1567 1966 1683 2004 Iaryngis
1701 1965 1740 1990 vel
1754 1964 1820 1999 ruffi.
1856 1962 1936 1989 Plaut.
1952 1962 2046 1996 Amph.
2059 1962 2166 2002 Suppes.

1125 2007 1156 2031 14
1176 1998 1202 2024 Si
1215 1999 1363 2025 minusculo
1378 1999 1464 2033 digito
1477 2000 1657 2034 increpuerint
1671 1999 1756 2030 fores,
1770 1999 1818 2026 hac
1831 1998 1915 2032 tegula
1929 2004 2003 2023 tuum
2018 1998 2168 2038 diminuam

1125 2039 1218 2067 caput,
1237 2039 1266 2060 vt
1278 2043 1338 2060 cum
1354 2035 1477 2062 dentibus
1491 2035 1607 2069 linguam
1624 2036 1746 2061 exscrees.
1830 2034 1998 2072 Spumantem
2013 2034 2167 2066 sanguinem

1125 2070 1258 2096 exscreare
1273 2070 1338 2096 Cels.
1357 2079 1382 2102 2,
1397 2078 1423 2105 7.
1459 2071 1526 2097 Add.
1543 2070 1615 2096 Idem
1627 2079 1650 2102 3,
1663 2079 1696 2096 22
1715 2076 1760 2095 etc.
1796 2070 1951 2095 Amatorium
1962 2070 2097 2104 Lymbolum
2110 2071 2169 2095 olim

1120 2104 1187 2140 fuit.
1225 2105 1306 2131 Ouid.
1320 2106 1399 2139 Epist.
1412 2114 1450 2139 21,
1462 2114 1497 2138 24
1516 2107 1652 2138 Exscreat,
1672 2111 1697 2131 et
1713 2104 1773 2131 ἢᾶἱει
1787 2104 1830 2131 dat
1843 2104 1912 2130 mihi
1925 2103 1993 2138 signa
2006 2110 2077 2130 nota.

1162 2146 1409 2173 fixCREATm,
1429 2141 1455 2176 s.
1472 2147 1744 2172 ΕΧεοΧΕΑΤιο,
1763 2140 1830 2166 onis.
1867 2141 1887 2166 f.
1924 2140 2071 2179 [nemum]
2107 2138 2169 2179 San-

1125 2175 1213 2208 guinis
1227 2176 1418 2202 exscreationes
1435 2176 1499 2202 Plin.
1514 2185 1559 2209 24,
1573 2185 1609 2209 ¹4-
1680 2176 1873 2202 Exscreationes
1886 2175 1975 2201 faciles
1989 2175 2052 2201 facit
2065 2183 2093 2200 in
2106 2174 2169 2200 cibo

1125 2211 1240 2237 sumtum
1253 2210 1334 2246 finapi
1348 2211 1435 2242 1d.20‚
1443 2221 1484 2238 22.
1520 2211 1715 2238 Exscreationes
1726 2211 1839 2246 pectoris
1852 2216 1943 2245 purgat
1957 2210 2091 2250 1³:20³.²²-
2126 2209 2167 2236 Ad

1123 2251 1242 2272 cruentas
1250 2247 1438 2274 exscreationes
1449 2248 1545 2274 teritur
1556 2248 1584 2273 iu
1592 2246 1691 2279 cyathis
1700 2247 1804 2273 duobus
1811 2247 1879 2273 aceti
1889 2252 1915 2272 et
1923 2246 2008 2272 mellis
2016 2246 2081 2272 Plin.
2089 2253 2168 2276 20,22.

1160 2288 1177 2308 E
1187 2289 1203 2308 x
1213 2289 1225 2308 s
1235 2287 1251 2308 C
1261 2289 1280 2308 R
1289 2288 1304 2307 Ε
1314 2290 1336 2309 Α
1345 2290 1366 2309 T
1375 2290 1394 2309 V
1404 2290 1416 2310 s
1427 2303 1434 2315 ,
1458 2281 1496 2311 sis.
1532 2292 1568 2309 m.
1603 2283 1678 2309 Cael.
1691 2282 1781 2309 Aurei.
1789 2282 1875 2308 Tard.
1892 2289 1914 2313 2,
1929 2289 1960 2307 tt.

1161 2324 1178 2344 E
1188 2325 1205 2343 x
1216 2323 1234 2343 c
1247 2324 1265 2343 R
1274 2325 1320 2344 EA
1329 2325 1345 2345 B
1354 2317 1364 2344 ἴ
1373 2326 1388 2344 L
1399 2327 1408 2344 1
1417 2325 1430 2343 s
1439 2338 1446 2350 ‚
1462 2328 1484 2344 e.
1511 2319 1572 2345 Adi.
1597 2317 1750 2351 [ἔκπτυτός]
1785 2316 1858 2353 Qod
1869 2319 1981 2343 excreari
1988 2314 2078 2352 potest.
2098 2315 2166 2342 Plin.

1125 2360 1166 2385 29,
1180 2361 1209 2385 14
1230 2353 1388 2380 Pulmonmn
1402 2354 1468 2380 vitia
1480 2353 1637 2380 excreabilia
1650 2353 1722 2379 facit.

1161 2394 1177 2413 E
1187 2395 1205 2415 x
1217 2394 1233 2414 c
1245 2395 1262 2414 R
1271 2396 1288 2415 Ε
1298 2395 1310 2414 S
1321 2395 1338 2415 C
1350 2396 1368 2416 0
1377 2409 1386 2422 ,
1407 2389 1467 2420 eui,
1484 2393 1570 2420 etum,
1589 2392 1642 2415 ere.
1678 2387 1832 2422 [ἒξοιυξοένω]
1870 2386 1979 2427 Crescere
1990 2389 2017 2412 in
2029 2388 2120 2418 altum,
2140 2392 2166 2412 et

1125 2426 1174 2449 cito
1187 2429 1259 2459 atque
1273 2430 1364 2459 aperte.
1407 2426 1499 2457 Qium
1517 2425 1549 2451 ad
1562 2424 1721 2459 semipedem
1737 2422 1980 2462 excreti-erint'Plin.
1995 2430 2032 2453 19,
2046 2427 2059 2451 8
2079 2422 2116 2456 sc.
2130 2422 2167 2447 la-

1125 2458 1217 2484 aucae.
1288 2459 1420 2486 Columel.
1440 2469 1462 2493 ς,
1499 2480 1505 2486 .
1543 2480 1550 2487 .
1586 2461 1612 2487 Si
1627 2460 1687 2486 satis
1700 2464 1879 2490 exercuerint,
1900 2466 1963 2490 iugo
1977 2457 2165 2490 supponantur.

1879 2493 1976 2518 Lucan.
1991 2501 2025 2524 4,
2041 2499 2062 2516 ιι
2088 2491 2165 2517 Colle

1125 2535 1208 2556 tumet
1226 2530 1332 2557 modico
1346 2531 1453 2565 lenique
1470 2531 1587 2557 excreuit
1601 2532 1630 2556 In
1643 2530 1725 2556 altuni
1760 2529 1858 2561 Pingue
1871 2527 1954 2552 solum
1967 2526 2079 2552 tumulo.
2134 2527 2166 2552 In

1123 2571 1201 2598 eaput
1224 2567 1371 2593 excrescere
1403 2566 1534 2599 Qiinc'til.
1557 2575 1596 2598 4,
1627 2573 1646 2590 1.
1742 2563 1893 2590 Excrescere
1918 2562 1946 2587 in
1970 2560 2165 2595 longitudinem

1123 2600 1189 2627 Plin.
1211 2603 1248 2630 16,
1268 2609 1308 2632 3ο.

1159 2641 1176 2660 E
1184 2642 1202 2660 x
1212 2641 1228 2659 c
1236 2641 1255 2659 R
1264 2641 1279 2659 E
1289 2642 1301 2661 s
1311 2639 1329 2661 c
1342 2640 1358 2660 Ε
1369 2642 1391 2661 N
1399 2642 1411 2661 s
1439 2643 1499 2661 caro
1521 2633 1639 2661 Scribon.
1658 2641 1703 2668 37,
1723 2640 1782 2668 227.
1852 2632 1917 2658 Non
1938 2632 2085 2658 excrescens
2108 2636 2166 2662 228.

1071 2684 1106 2712 70
1123 2668 1196 2703 Conf.
1210 2669 1274 2694 Plin.
1289 2677 1327 2701 32,
1341 2677 1367 2703 7.
1404 2676 1427 2696 et
1445 2678 1486 2702 34,
1501 2675 1524 2700 ιε
1545 2670 1562 2696 s.
1578 2678 1617 2702 50.

1159 2710 1176 2730 Ε
1186 2711 1203 2730 x
1214 2709 1230 2730 c
1245 2709 1264 2730 R
1277 2705 1321 2731 ET
1330 2711 1349 2731 v
1359 2712 1371 2731 s
1381 2724 1389 2737 ‚
1409 2714 1437 2738 a,
1461 2715 1514 2731 um.
1551 2705 1644 2731 Partic.
1679 2702 1830 2737 [αὐξηθεῐς]
1868 2702 1924 2742 Huc
1942 2701 2054 2738 refertur
2066 2702 2165 2737 virgil.

1123 2739 1222 2773 Georg.
1236 2748 1258 2771 3,
1272 2748 1321 2774 397
1345 2740 1426 2766 Multi
1441 2741 1493 2766 iam
1509 2748 1625 2766 excretos
1638 2738 1781 2773 prohibent
1803 2746 1817 2763 a
1835 2737 1963 2764 matribus
1984 2737 2080 2764 haedos
2116 2739 2165 2764 Ex-

1124 2780 1209 2801 cretos
1218 2795 1225 2806 ,
1249 2777 1266 2800 i.
1280 2774 1430 2806 validiores,
1451 2776 1564 2802 Seruius.
1601 2774 1648 2802 Sed
1659 2773 1752 2800 recisus
1760 2773 1919 2808 ponitur-sub
1933 2779 2094 2806 EXCERNO,
2103 2783 2163 2813 υἱυ.

1161 2817 1176 2836 E
1186 2818 1203 2837 x
1214 2816 1230 2835 c
1239 2817 1257 2836 R
1266 2817 1282 2836 E
1290 2818 1303 2837 s
1312 2816 1330 2836 c
1339 2817 1356 2837 E
1365 2817 1417 2837 NT
1428 2817 1437 2837 1
1447 2818 1469 2837 A
1478 2830 1486 2842 ,
1506 2819 1544 2836 ae.
1570 2810 1590 2837 f.
1626 2810 1763 2836 Viscerum
1777 2809 1952 2835 excrescentia
1968 2809 2084 2834 laudatur
2099 2808 2166 2836 Plin.

1379 2845 1428 2874 Sed
1449 2844 1482 2880 <li
1503 2846 1540 2873 ibi
1558 2847 1724 2882 Participium
1746 2847 1859 2872 neutrius
1878 2847 1991 2881 generis,
2011 2851 2102 2870 contra
2122 2852 2167 2871 ex-

1121 2879 1270 2907 crescentia.

1156 2923 1172 2942 E
1181 2924 1199 2943 x
1207 2923 1224 2943 c
1232 2923 1251 2942 R
1259 2923 1277 2943 Ε
1285 2922 1310 2942 Μ
1319 2920 1337 2943 Ε
1346 2922 1369 2942 Ν
1381 2924 1403 2944 Τ
1411 2923 1434 2944 Α
1463 2916 1493 2944 ab
1514 2915 1670 2952 excrescendo
1688 2915 1756 2941 dixit
1773 2912 1864 2955 Sidon..
1885 2923 1901 2941 2
1911 2935 1920 2947 ,
1942 2923 1953 2941 ι
1983 2915 2080 2942 Aream
2094 2914 2163 2943 dorfi

1120 2950 1249 2978 humilior
1261 2953 1331 2979 inter
1342 2958 1505 2979 excrementa
1518 2952 1647 2978 costarum
1660 2951 1733 2986 spina
1745 2950 1916 2978 discriminat.

1157 2993 1345 3019 excitum,
1381 2987 1664 3015 uld.ExSCR1130.

1157 3029 1174 3049 E
1184 3031 1202 3049 x
1211 3029 1227 3048 C
1236 3030 1255 3049 R
1266 3030 1285 3048 V
1297 3028 1314 3049 C
1327 3031 1336 3049 1
1346 3029 1365 3049 O
1374 3043 1383 3055 ,
1401 3028 1453 3049 are.
1491 3022 1627 3057 [ἓξοινιοίω]
1669 3021 1745 3048 Valde
1758 3025 1878 3048 cruciare.
1914 3019 1981 3047 Ter.
1991 3019 2055 3045 Eun.
2068 3027 2091 3052 5,
2105 3028 2128 3052 3,
2138 3028 2161 3047 tt

1121 3058 1203 3092 Spero
1216 3067 1257 3084 me
1270 3057 1382 3090 habere,
1399 3059 1446 3093 qui
1458 3058 1528 3085 hunc
1542 3067 1602 3084 meo
1616 3058 1764 3084 excruciem
1778 3057 1867 3083 inodo.
1944 3054 2017 3094 Idem
2031 3055 2125 3094 Heaut.
2139 3063 2163 3087 r,

1121 3102 1145 3125 2,
1158 3102 1176 3126 4
1197 3093 1277 3119 Proin
1290 3099 1318 3119 tu
1331 3094 1527 3121 solicitudinem
1546 3094 1620 3120 istam
1634 3094 1739 3125 falsam,
1760 3101 1825 3127 quae
1841 3098 1865 3117 te
1878 3094 2025 3129 excruciat,
2044 3096 2161 3130 omittas.

1121 3129 1176 3155 Cic.
1192 3130 1267 3155 Verr.
1285 3138 1305 3161 1,
1318 3137 1351 3162 45
1369 3139 1391 3156 c.
1407 3138 1434 3165 ¹7
1453 3130 1559 3156 Sociurn
1575 3136 1652 3164 atque
1666 3129 1780 3156 amicum
1801 3128 1876 3152 fumo
1893 3126 2159 3165 excmciatum-semi-

1122 3164 1217 3190 viuum
1229 3164 1348 3199 reliquit.
1420 3165 1458 3192 Id.
1473 3174 1521 3200 pro
1534 3166 1563 3191 L.
1572 3165 1664 3191 Manil.
1682 3173 1703 3190 ιι
1738 3163 1819 3190 Omni
1835 3162 1961 3197 supplicio
1980 3167 2159 3200 excruciatum

1119 3200 1230 3226 necauit.
1279 3200 1346 3226 Add.
1361 3201 1467 3227 Sueton.
1481 3201 1552 3228 Caes.
1571 3210 1592 3226 c.
1609 3203 1644 3228 16.
1700 3199 1791 3225 Tacit.
1807 3207 1830 3227 2,
1848 3206 1882 3230 31,
1897 3206 1920 3223 2.
2001 3196 2068 3235 ¹Cic¹
2084 3197 2156 3222 Fam.

1121 3244 1161 3268 14,
1176 3244 1188 3267 3
1209 3234 1345 3262 Conficior
1356 3237 1427 3263 enim
1439 3245 1562 3263 moerore
1577 3245 1634 3262 mea
1647 3235 1777 3262 Terentia
1792 3244 1797 3259 :
1822 3242 1869 3259 nec
1883 3240 1955 3258 meae
1972 3232 2092 3258 miseriae
2102 3240 2157 3271 ina-

1119 3271 1158 3306 gis
1179 3272 1345 3303 excruciant,
1369 3281 1447 3306 quam
1470 3278 1529 3299 tuae
1553 3271 1712 3305 vestraeque.
1808 3268 1889 3308 Omni
1908 3265 1988 3307 inodo
2006 3274 2156 3309 excruciare

1118 3306 1234 3341 aliquem
1252 3307 1338 3333 Catul.
1353 3310 1395 3340 96,
1409 3317 1443 3334 12.
1514 3307 1649 3333 Excruciat
1662 3306 1779 3332 animum
1793 3304 1880 3330 libido
1898 3305 1953 3343 Cic.
1968 3301 1999 3327 de
2013 3302 2069 3327 rin.
2083 3311 2107 3342 1,
2115 3310 2155 3334 30.

1119 3342 1211 3376 Frigus
1225 3342 1390 3369 excruciabat
1403 3343 1486 3370 nudos
1499 3343 1602 3368 Lucret.
1617 3350 1639 3374 5,
1654 3349 1722 3375 1425.
1791 3340 1871 3367 Plaut.
1882 3339 1974 3369 M11.4‚
1987 3345 2011 3367 2,
2019 3340 2053 3370 76
2075 3337 2155 3377 Ϋιάε,

1119 3386 1152 3403 ne
1166 3378 1196 3403 fis
1211 3378 1238 3404 in
1251 3378 1443 3412 exspeeiatione
1460 3389 1465 3404 :
1491 3388 1524 3404 ne
1537 3378 1620 3404 animi
1633 3377 1704 3404 illam
1723 3375 1863 3402 excrucies.
1956 3371 2028 3411 Idem
2043 3372 2116 3413 Εριᾲ.
2131 3381 2156 3413 3,

1119 3422 1141 3445 3,
1157 3419 1170 3442 8
1190 3413 1238 3439 Vel
1252 3414 1322 3448 quasi
1335 3420 1455 3449 egomet,
1473 3414 1519 3447 qui
1534 3413 1583 3439 filii
1598 3413 1671 3439 causa
1687 3420 1824 3445 coeperam
1844 3417 1885 3435 me
1899 3415 2047 3433 excruciare
2061 3416 2154 3434 animi.

1119 3449 1186 3475 Ter.
1201 3449 1305 3475 Phorm.
1319 3458 1339 3482 1,
1353 3459 1380 3483 4,
1395 3459 1423 3476 10
1446 3448 1530 3475 Eheu!
1553 3457 1596 3475 me
1614 3449 1738 3475 miserum
1753 3457 1758 3472 :
1789 3454 1869 3480 quum
1881 3442 1958 3483 ,mihi
1977 3451 2077 3476 paueo,
2095 3448 2156 3471 tum

1671 3481 1840 3509 Excruciatur
1861 3487 1947 3505 vicem
1966 3487 2052 3504 meam
2072 3478 2155 3505 Plaut.

1118 3493 1161 3509 me
1186 3484 1303 3519 Antipho
1327 3486 1459 3511 excruciat
1484 3485 1576 3511 animi.
1897 3512 1903 3517 κ
1977 3513 1983 3518 .
2043 3515 2048 3518 ῃ
2125 3517 2129 3521 .

1798 3514 1962 3542 Excruciatus
1975 3522 2083 3548 inopia,
2101 3514 2155 3541 md.

1118 3519 1196 3546 Most.
1210 3529 1232 3552 3,
1248 3529 1268 3552 ι,
1281 3526 1302 3549 8.
1327 3524 1345 3546 i.
1359 3521 1422 3548 dolet
1437 3520 1607 3556 infortunium
1621 3528 1705 3545 meum.

720 3550 876 3578 Iustinianus
895 3552 922 3577 in
943 3552 1052 3579 secunda
1066 3561 1099 3587 95
1120 3561 1138 3580 o
1147 3562 1162 3581 P
1172 3561 1191 3580 V
1203 3563 1217 3581 ι.
1227 3563 1242 3582 Ε
1251 3563 1273 3581 Ν
1283 3562 1304 3581 Τ
1313 3564 1322 3582 1
1331 3564 1362 3582 A.

1156 3597 1172 3616 E
1181 3598 1199 3617 x
1208 3596 1224 3616 C
1235 3598 1253 3617 R
1263 3597 1282 3617 v
1291 3598 1307 3618 e
1317 3599 1326 3617 1
1334 3599 1356 3618 A
1364 3589 1403 3619 131⁰
1412 3597 1467 3618 Lis
1475 3611 1483 3623 ,
1500 3599 1524 3617 e.
1554 3589 1614 3617 Adi.
1651 3585 1781 3621 [α’νιικτᾶπ]
1817 3586 1926 3625 Dignus,
1940 3587 1982 3620 qui
1993 3588 2155 3626 excrucietur.

1118 3625 1199 3651 Plaut.
1213 3626 1275 3652 Cist.
1289 3636 1316 3660 4,
1333 3635 1352 3659 t,
1367 3636 1376 3653 1
1397 3627 1504 3653 Nullam
1519 3635 1568 3660 ego
1582 3634 1623 3650 me
1637 3622 1728 3649 vidisse
1742 3620 1820 3662 credo
1835 3629 1917 3654 magis
1930 3628 2008 3646 anum
2024 3629 2156 3647 excrucia-

1118 3660 1213 3691 bilem,
1234 3670 1312 3695 quam
1325 3662 1400 3689 illaec
1412 3662 1462 3694 est,
1480 3669 1526 3688 etc.
1566 3659 1616 3688 Sed
1633 3660 1706 3684 aliter
1724 3657 1839 3683 Exitium
1857 3655 1979 3683 Prudent.
1993 3656 2090 3689 Hymn.
2104 3656 2156 3682 Eu-

1117 3695 1194 3721 laliae
1217 3705 1242 3722 v.
1263 3705 1313 3729 114.

25 3714 105 3748 inquit
118 3716 268 3749 ΗαΙοαηᾱεν,
282 3719 304 3742 ei
310 3717 407 3752 fiir-culo
415 3717 555 3752 familiaris
563 3744 571 3757 ‚
586 3733 634 3760 Ρη,
648 3726 789 3761 Qfflfstorio
804 3735 827 3753 et
840 3730 968 3761 consulari
985 3733 1050 3762 viro,
1061 3735 1107 3753 too
1153 3737 1170 3756 E
1179 3739 1197 3757 x
1207 3736 1223 3756 C
1232 3738 1250 3757 R
1261 3739 1280 3757 v
1290 3738 1307 3758 C
1319 3740 1328 3758 1
1337 3741 1358 3760 A
1369 3739 1391 3758 T
1403 3739 1423 3759 v
1433 3739 1445 3759 S
1455 3752 1463 3763 ‚
1483 3730 1521 3756 fis.
1555 3738 1590 3754 m.
1628 3726 1749 3754 Prudent.
1767 3727 1825 3754 Patr.
1840 3727 1965 3761 Agnetis,
1985 3735 2010 3754 v·
2025 3735 2061 3759 19-

28 3754 70 3807 guo
90 3750 157 3777 modo
178 3759 273 3778 veteres
294 3753 379 3778 Latini
401 3753 570 3790 Proconsule,
588 3768 610 3786 et
630 3762 764 3789 sallustius
786 3761 937 3794 Promilite,
956 3772 979 3790 et
993 3764 1051 3793 Cic.

46 3786 206 3818 roquaestore
220 3797 266 3814 ono
279 3788 350 3814 uerbo
360 3795 407 3823 per
419 3797 499 3815 omnes
510 3792 579 3826 casus
591 3801 613 3820 et
624 3806 733 3824 numeros
746 3798 869 3826 dixerunt.
911 3800 968 3826 Vid.
983 3802 1051 3828 Petr.

1 3825 3 3856 ξ
27 3815 113 3877 ἓὶνιὶι.
125 3821 153 3847 de
168 3823 231 3849 Hon.
245 3824 339 3865 pist-ip.
361 3834 386 3850 ιο
399 3833 429 3866 ιε.
447 3826 538 3860 penult.
573 3834 596 3853 ct
614 3832 737 3859 Alciatum
756 3834 1009 3870 Dzspunfliomaem'ii,
1025 3846 1049 3868 3.

46 3859 143 3882 aeterum
153 3857 187 3883 ad
197 3858 338 3886 hodiernam
350 3866 469 3887 rationem
482 3862 567 3887 melius
580 3864 677 3891 videtur
690 3868 871 3907 diuifimscribi
877 3871 914 3898 Ex
923 3872 1048 3899 Consule.

30 3886 86 3915 Vid.
98 3895 134 3918 ax
158 3902 183 3920 n.
199 3895 226 3920 6.
300 3894 357 3922 Vid.
373 3898 446 3922 etiam
466 3902 680 3927 rRoconsvir.

1110 3800 1181 3837 finit.

1116 3842 1215 3868 tatum,
1238 3838 1426 3865 Confistoriani
1440 3843 1547 3897 quoqgie
1564 3835 1687 3864 comita,
1708 3835 1806 3860 notarii
1824 3836 1903 3860 etiarn
1923 3833 2022 3864 nostri,
2042 3838 2067 3857 et
2081 3829 2153 3856 cubi-

1115 3871 1209 3897 cularii
1222 3880 1328 3907 onmes,
1347 3880 1424 3908 atque
1443 3880 1507 3898 excu

1062 3914 1105 3941 105
1114 3907 1291 3935 vindicentur.

1152 3772 1169 3791 Ε
1178 3774 1195 3792 x
1205 3773 1222 3793 c
1233 3773 1252 3791 v
1264 3773 1280 3793 B
1291 3773 1300 3792 1
1314 3774 1331 3794 c
1344 3776 1364 3794 v
1374 3775 1389 3794 L
1398 3775 1418 3794 Α
1432 3775 1449 3794 R
1460 3774 1467 3792 1
1480 3774 1504 3797 1,
1525 3772 1612 3789 orum.
1645 3771 1681 3789 m.
1718 3764 1768 3798 Qi
1787 3763 1933 3789 cubicularii
1951 3772 2047 3788 munere
2061 3757 2155 3800 fienfst

1223 3803 1304 3836 Impp.
1322 3803 1338 3829 1.
1356 3812 1379 3834 ¹23
1405 3803 1437 3828 de
1450 3800 1534 3827 excus.
1550 3798 1637 3825 libert.
1653 3808 1681 3825 ιο
1707 3799 1736 3825 C.
1750 3799 1927 3825 Maximarum
1940 3797 2053 3823 culmina
2068 3796 2153 3829 digni·

1528 3870 1647 3902 icularii,
1668 3869 1701 3896 ab
1721 3870 1848 3897 omnibus
1867 3868 1981 3895 sordidis
2000 3865 2153 3894 muneribus

1420 3940 1571 3970 Nnnn
2097 3939 2149 3961 ⁸¹*
