2479 4225
246 169 317 208 1171
642 142 673 182 1·
742 138 786 180 N
865 133 909 175 T
1247 162 1249 164 ·
1755 121 1772 162 Ῑ
1851 121 1896 162 Ν
1976 120 2022 162 Τ
2199 105 2203 108 .
2310 130 2390 170 1172

244 242 369 282 posterius
383 240 452 267 inter
463 235 549 270 omisit.
592 231 638 260 Sed
651 230 714 267 quod
732 230 831 261 semper
841 223 881 258 fic
893 219 1005 254 interfft
1019 220 1156 248 Ciceronem
1171 220 1211 259 ρίι
1224 217 1285 245 Gro-
1348 216 1418 245 Voss.
1432 216 1493 244 Inst.
1507 217 1581 244 Orat.
1594 222 1613 248 4
1641 223 1666 249 p.
1686 214 1740 246 236.
1799 211 1952 249 Talla‘sunt
1970 211 2122 244 interbibo,
2140 208 2290 243 interficio,
2309 209 2391 237 inter,-

250 281 336 306 nouius
369 279 395 302 in
414 284 438 301 co
454 274 545 298 nimius
561 267 603 302 esi.
656 269 697 294 Ita
718 275 741 291 v.
755 273 779 298 g.
798 262 829 287 de
845 260 918 285 Orat.
934 266 953 290 ι,
969 259 1014 283 126
1034 266 1055 283 c.
1068 265 1098 288 39
1114 254 1212 295 -Q11d,
1233 262 1284 288 qua
1349 254 1454 286 minor,
1476 252 1618 283 interimo,
1639 249 1804 282 interturbo,
1823 249 1966 283 intercipio
1982 260 1987 275 :
2018 251 2045 274 in
2064 249 2150 284 quibus
2168 255 2249 274 tamen
2267 246 2393 277 naturali}

249 315 281 341 de
296 322 324 339 re
341 297 409 338 i’nter
423 307 561 335 Marcellos
575 310 601 331 et
616 301 740 330 Claudios
754 295 877 332 patricios
890 292 1050 319 centumuiri
1064 290 1222 320 iudicarunt,
1237 296 1282 328 etc,
1350 288 1393 314 illa
1411 296 1434 315 et
1448 292 1554 324 propria
1568 289 1635 312 notio
1654 295 1702 311 non
1717 288 1796 321 perit.
1849 285 1920 311 Inter
1939 291 1961 310 et
1977 286 2048 311 Intra
2067 283 2254 319 confunduntur
2273 283 2300 307 in
2315 280 2392 307 MSS.

247 351 280 377 Et
294 355 363 379 2‚1;0
381 356 401 372 c.
410 353 436 377 35
456 344 528 369 Inter
542 340 677 375 ingenium
690 334 795 370 quidem
808 337 832 356 et
845 328 1010 363 diligentiam
1023 325 1216 361 perpaullulum
1229 325 1283 350 loct
1349 323 1403 350 vid.
1418 324 1543 350 Drakenb.
1557 323 1590 349 ad
1603 321 1648 348 Sil.
1663 330 1701 354 14,
1714 323 1774 354 465.
1809 326 1832 346 et
1845 320 1878 346 ad
1890 320 1949 346 Liu.
1965 327 1987 353 5,
2000 327 2043 353 27,
2056 326 2081 345 2.

247 384 382 417 reliquum
397 380 432 407 est
446 379 507 405 arti.
580 377 609 402 Et

247 425 376 454 parentes.
431 416 462 442 Ec
474 423 500 446 33
520 414 594 445 Qtae
607 410 678 440 saepe
692 405 761 430 inter
773 410 815 427 me
830 406 855 426 et
870 400 1019 434 Scipionem
1033 398 1064 424 de
1077 397 1194 423 amicitia
1208 395 1281 421 disse·
1386 401 1397 420 1
1407 400 1428 419 N
1438 401 1459 420 T
1468 402 1541 421 ΕΒΑ
1550 402 1566 420 1.
1576 400 1591 420 Β
1601 395 1634 419 'i'C
1646 399 1664 419 O
1673 412 1681 424 ,
1708 396 1759 418 are.
1795 390 2036 424 [ὑπολευκαίνομαι]
2077 389 2144 416 Plin.
2165 396 2210 423 37,
2230 396 2259 414 ιο
2290 387 2392 413 Leuco-

246 454 382 482 rebantur.
454 449 526 477 Idem
536 446 612 473 Attic.
625 451 651 474 9,
664 449 679 467 2
699 440 860 472 1s.queretur
872 434 1038 462 Brundisium
1053 442 1095 459 me
1108 441 1161 458 non
1176 431 1283 462 veniss'e,
1348 428 1453 461 chrysos
1468 429 1497 456 fit
1510 428 1673 462 chrysolitho
1687 426 1894 453 interalbicante.
1933 427 2026 462 Virgae
2039 423 2157 461 quaedam
2170 431 2194 449 et
2207 424 2314 449 maculae
2324 421 2394 448 indi-
2435 452 2438 457 .
2450 442 2451 446 ,

247 499 307 517 cuni
322 489 392 515 inter
404 495 446 513 me
463 490 488 511 et
501 478 663 510 Brundisium
677 475 769 501 Caesar
782 472 849 498 esset.
905 472 936 498 In
954 470 995 497 his
1012 471 1072 496 locis
1084 467 1175 503 fuiſjet
1194 465 1284 499 occasio
1348 472 1438 491 cantur
1450 465 1500 491 albi
1512 467 1610 491 coloris.
1653 463 1710 490 Vid.
1726 462 1853 501 Harduin.

245 523 388 560 ,epffendag
402 517 596 555 Praepositionis.
631 514 674 538 An
686 509 735 542 sint
748 510 799 535 loca
811 509 872 540 alia,
885 515 944 542 quae
951 505 1059 541 faueant
1074 506 1206 544 Qronouio,
1225 510 1285 542 non-
1385 507 1395 525 1
1408 506 1428 525 Ν
1439 505 1461 525 Τ
1471 506 1514 527 ER
1524 507 1546 527 A
1557 507 1581 526 M
1590 507 1606 526 E
1616 507 1637 525 N
1649 505 1669 525 T
1680 505 1701 524 V
1710 505 1752 531 M,
1772 506 1791 523 i.
1828 507 1854 524 n.
1891 497 1952 524 Liu.
1968 503 2005 528 28,
2020 503 2053 529 45
2080 495 2257 521 Interanienta
2269 493 2391 519 nauium.
2436 517 2439 521 ,

641 554 659 580 7
671 553 714 580 pr.
741 545 877 570 Certatum
897 548 984 568 tamen
1011 555 1055 560 —-
1085 545 1155 565 inter
1169 539 1284 572 Appium
1305 539 1335 559 ¹0
1349 534 1426 569 Poffis
1445 538 1608 570 interpretari
1626 537 1768 561 interiorem
1781 532 1955 569 fiapelleHilem
1974 538 1997 559 ct
2015 529 2209 565 instrumentum.
2247 528 2294 556 Sed
2306 529 2394 555 melius
2431 527 2435 540 ³

355 559 364 563 ”
437 560 441 564 “
520 551 578 577 Liu.
591 557 619 574 10

245 560 534 623 ‘gizigiffmmiiila-xime,
554 590 578 610 et
593 566 662 609 in’ter
674 582 699 607 P.
713 579 825 606 Decium
840 579 960 609 Murem,
976 585 1047 611 quam
1060 574 1187 601 lethonem
1201 579 1285 599 tuetur
1347 577 1428 597 tamen
1442 570 1557 603 videtur,
1576 570 1640 606 quod
1652 579 1716 596 unus
1731 570 1841 604 alterque
1854 568 1927 595 codex
1941 567 2121 603 suppeditant,
2137 571 2161 591 et
2174 563 2241 600 quod
2253 566 2329 597 nimis
2343 562 2393 599 fa-

248 630 373 659 Drakenb,
385 636 435 654 tum
452 624 568 650 librorum
588 624 684 645 tantum
703 625 750 641 non
764 618 869 641 omnium
888 612 1054 643 aut‘ioritate‚
1073 617 1124 636 tum
1138 609 1204 645 quod
1220 609 1285 634 alias
1348 608 1394 632 cile
1412 615 1465 632 cum
1477 607 1554 632 altero
1566 604 1687 642 confundi
1701 603 1781 640 potes?
1796 605 1992 635 Inceramenta‚
2010 612 2037 629 v.
2052 612 2078 629 υ.

246 675 337 703 quoque
344 664 456 699 spasmus
474 656 506 690 est
519 657 591 682 Liuio
609 655 732 690 geminare
743 649 945 685 praepositiones.
1142 643 1163 682 q
1184 652 1200 670 2
1231 645 1285 670 Iam
1383 648 1392 666 1
1403 648 1426 667 N
1437 647 1459 667 T
1469 648 1514 668 ER
1523 648 1578 668 AM
1588 648 1608 666 N
1621 647 1631 666 1
1642 647 1664 666 Α
1676 660 1692 672 ,,
1703 648 1742 666 ae.
1763 640 1783 666 f.
1817 639 2003 674 [Ἰνπροιμνία]
2039 637 2190 664 Ptolemaeo
2202 644 2214 668 3
2223 655 2232 668 ,
2245 643 2256 661 1
2283 634 2394 669 Praegu·

246 692 679 769 353¹111r3eglargoipjrfiqsusermus·
757 723 828 747 inter
847 720 952 750 Annos,
978 718 1031 744 vid.
1049 727 1103 743 mox
1122 717 1194 742 Inter
1213 715 1285 741 Dies.
1304 722 1331 748 ις
1346 713 1423 739 Varr.
1438 713 1467 738 L.
1483 713 1513 738 L.
1528 721 1551 746 5,
1566 723 1594 747 4.

249 771 315 799 Cels.
331 778 356 802 7,
370 777 381 800 3
408 765 502 798 Estque
516 763 584 789 inter
597 760 692 786 Causas
705 757 822 789 timoris,
840 754 857 781 si
872 755 955 781 sensus
969 754 996 779 in
1008 754 1119 780 vulnere
1131 751 1285 778 rodentium
1387 754 1398 774 1
1409 755 1431 774 N
1440 755 1487 775 TE
1497 754 1577 774 RAM
1587 754 1609 774 Ν
1618 753 1669 774 AT
1678 752 1694 772 E
1704 752 1733 779 S,
1752 755 1807 772 um.
1833 754 1871 773 m.
1908 745 2012 772 Incolae.
2050 744 2139 769 Varro
2152 743 2183 769 R.
2197 742 2229 768 R.
2242 749 2265 773 3,
2279 748 2302 772 2,
2315 747 2339 771 3.

246 815 301 834 non
314 804 348 830 est
357 823 365 835 ‚
389 804 407 829 i.
428 799 501 835 causa
523 796 555 831 est
574 805 623 822 vna
641 796 749 820 timoris.
844 791 916 817 Inter
929 790 1063 821 Coenam,
1088 795 1136 823 pro
1151 789 1182 814 In
1202 795 1287 817 coena,
1385 789 1567 810 INTERAM
1576 791 1598 810 N
1607 791 1627 810 v
1636 790 1665 814 S,
1679 791 1702 814 a,
1717 791 1772 808 um.
1799 781 1859 808 Adi.
1887 780 1960 816 Quod
1972 783 2038 806 inter
2050 778 2112 804 duos'
2121 786 2204 804 amnes
2216 780 2290 803 iacet.
2320 774 2394 801 Ter·
2434 781 2436 783 '

244 842 286 868 vel
302 841 419 873 Tempore
432 843 516 862 coenae
535 834 640 859 Sueton.
655 827 762 863 August.
789 836 810 852 c.
826 830 863 860 71.
959 825 1015 851 Cic.
1028 824 1141 857 Philipp.
1155 831 1184 852 2,
1204 829 1234 855 95
1258 821 1286 847 Si
1348 827 1391 846 ras
1405 819 1562 845 interamnas
1580 819 1647 845 dixit
1661 816 1810 844 Alexander
1822 817 1932 843 Seuerus
1953 823 1993 851 ap.
2005 813 2143 849 Lamprid.
2163 822 2184 839 c.
2200 814 2239 845 56.
2275 817 2298 837 et
2310 809 2396 838 Solin.

244 876 294 903 hoc
309 874 360 900 tibi
372 873 440 899 inter
454 871 570 896 Coenam
583 867 611 892 in
625 865 677 892 tuis
696 861 857 890 immanibus
876 860 930 887 illis
950 859 1067 894 poculis,
1086 859 1136 886 hoc
1155 857 1206 885 tibi
1221 856 1286 883 acci·
1350 863 1373 881 c.
1385 863 1424 887 32.
1462 854 1548 889 Spatia
1564 855 1725 886 interamna,
1740 861 1789 889 pro
1804 852 1991 888 Mesopotamia.

245 911 326 938 diss'et.
422 906 494 932 Idem
509 905 579 930 Fam.
593 910 618 936 7,
630 909 659 933 23
686 899 807 925 Illuseras
822 897 880 923 heri
896 897 965 922 inter
984 894 1109 928 scyphos,
1126 893 1197 929 quod
1213 893 1286 918 dixe·
1301 899 1336 919 20
1389 897 1398 915 1
1409 897 1514 917 NTi-:R
1524 897 1647 922 ΑΝΕΑ,
1663 899 1750 916 orum.
1785 897 1812 914 n.
1849 889 1887 915 Pl.
1924 887 2041 921 [synurffi
2055 884 2189 916 intestina,
2211 887 2271 909 exta
2283 880 2394 908 Gloffar.
2438 887 2441 908 ;

243 955 308 974 rani.
380 944 452 969 Inter
465 941 649 967 Conuentum‚
669 943 719 971 pro
734 936 764 960 In
779 940 897 960 conuentu
916 932 987 958 Suet.
1000 930 1077 957 Galb.
1101 939 1121 955 c.
1136 939 1158 963 5.
1214 929 1288 955 Inter
1351 926 1398 952 Gr.
1408 926 1464 952 Lat.
1498 927 1593 961 ἓίιτερα,
1611 926 1691 952 Glosl'.
1706 925 1763 951 Lat.
1772 923 1834 957 Gn]
1872 921 2029 955 intestinum,
2050 920 2114 961 quod
2125 923 2196 946 intra
2208 926 2297 954 corpus
2311 915 2396 943 condi·
2439 928 2442 933 ·

245 983 324 1009 Diem
338 979 407 1006 Gell.
420 986 446 1010 9,
462 984 489 1009 4.
542 974 603 1000 Ter
617 972 645 998 in
657 971 744 997 mense
758 970 827 996 inter
839 968 920 995 denos
935 967 998 993 Dies
1011 966 1129 992 Scribon.
1142 973 1185 998 ¹39
1205 971 1287 999 nempe
1347 968 1401 989 tum
1408 960 1454 1001 fit.
1492 961 1688 997 Frequentzffima
1705 959 1772 996 apud
1784 958 1955 986 Scribonium
1969 965 1991 984 et
2004 957 2121 989 Plinium
2133 957 2223 982 mentio
2238 953 2396 979 medicamen-

240 1020 329 1054 quouis
348 1015 386 1041 die
405 1013 504 1039 decimo.
585 1009 657 1035 Inter
674 1012 713 1033 tot
728 1006 807 1037 Dies,
826 1004 896 1030 inter
916 1009 955 1029 tot
970 1010 1051 1028 annos
1068 1011 1075 1033 ς
1097 1003 1124 1027 Α
1139 1007 1177 1027 tot
1194 1000 1288 1031 diebus,
1348 1003 1421 1033 taque
1435 1002 1638 1024 interaneorum.
1682 997 1712 1023 V.
1725 1006 1751 1033 g.
1770 1000 1794 1027 8,
1808 1003 1845 1028 27.
1868 1002 1892 1020 et
1908 1002 1947 1026 30,
1962 1001 1987 1028 7.
2042 990 2177 1019 Colutnel.
2186 998 2213 1024 9,
2226 994 2306 1022 14314
2327 986 2398 1020 Qti-
2427 1007 2430 1010 .

242 1059 307 1080 ator
321 1053 408 1077 annis:
429 1048 511 1074 Plaut.
524 1046 610 1072 Truc.
623 1053 648 1076 2,
661 1045 686 1077 ό,
699 1050 733 1074 29
761 1042 832 1067 Inter
852 1044 892 1066 tot
912 1039 975 1065 Dies
997 1038 1050 1063 iam
1075 1036 1163 1063 mitum
1182 1035 1286 1070 aliquid
1350 1032 1410 1059 dam
1424 1032 1534 1059 exemtis
1553 1031 1711 1064 interaneis,
1731 1031 1828 1058 occisas
1847 1038 1907 1056 aues
1928 1029 1999 1055 intus
2019 1027 2174 1058 includunt,
2191 1033 2257 1060 quae
2275 1029 2397 1057 tempore

240 1088 371 1123 oportuit.
413 1084 527 1117 Cic.pro
535 1082 566 1108 L.
573 1079 705 1107 Manil.68
725 1085 746 1102 c.
755 1085 783 1108 23
800 1077 890 1110 Qiare
902 1074 986 1100 nolite
999 1073 1131 1107 dubitare,
1146 1071 1210 1107 quin
1224 1071 1285 1097 huic
1300 1074 1331 1100 25
1350 1067 1466 1095 hiberno
1481 1068 1576 1102 plumis
1589 1069 1640 1095 suis
1654 1066 1867 1094 delitescentibus
1878 1065 1972 1100 apibus
1987 1063 2114 1098 praebent
2127 1068 2258 1096 teporem.
2311 1059 2398 1085 Inter·
2425 1073 2431 1080 ι

240 1124 290 1151 vni
304 1120 413 1149 credatis
427 1118 527 1150 omnia,
545 1116 590 1150 qui
604 1115 673 1141 inter
686 1114 775 1139 Annos
791 1117 831 1138 tot
847 1119 912 1137 vnus
926 1110 1049 1136 inuentus
1065 1107 1109 1138 sit,
1128 1115 1207 1142 quem
1219 1106 1287 1133 socii
1349 1112 1424 1136 anea,
1447 1103 1568 1139 quidquid
1579 1107 1627 1130 imo
1643 1111 1729 1130 ventre
1742 1105 1891 1129 continetur.
1947 1097 2305 1132 Add.Scrib.176.194.264.
2342 1094 2399 1120 Do-

240 1160 271 1187 in
285 1158 361 1185 vrbes
380 1158 435 1182 suas
454 1162 512 1181 cum
525 1151 641 1178 exercitu
655 1149 752 1175 venisse
765 1146 901 1182 gaudeant.
955 1145 994 1172 Id.
1004 1153 1052 1179 pro
1060 1143 1154 1177 Qiint.
1162 1145 1199 1176 46
1219 1151 1240 1169 c.
1256 1151 1286 1176 14
1350 1139 1393 1166 lor
1407 1140 1605 1166 interaneorum
1618 1140 1654 1165 ld.
1669 1148 1725 1173 ¹94-
1752 1142 1770 1165 i.
1786 1136 1966 1170 intestinorum.
2020 1134 2167 1168 Adaperire
2180 1133 2324 1163 interanea,
2342 1127 2398 1155 vid.
2441 1160 2444 1166 Ι

244 1195 301 1228 Qti
314 1195 382 1220 inter
396 1196 435 1218 tot
449 1191 538 1215 Annos
550 1195 583 1212 ne
595 1184 733 1220 appellarit
746 1181 855 1218 quidem
869 1181 1020 1215 Qiintium.
1056 1177 1228 1206 Plaut.Stich.
1238 1187 1256 1208 1,
1264 1186 1286 1209 3,
1351 1181 1527 1202 ADAPAERIO.
1579 1176 1639 1202 Vet.
1655 1174 1774 1208 Inscript.
1788 1175 1905 1205 Romae,
1932 1171 2095 1204 RELIQV
2105 1170 2127 1196 A
2160 1167 2274 1196 CARO
2307 1164 2397 1192 CVM

243 1233 273 1257 61
293 1228 411 1259 Prandia,
424 1233 489 1260 quae
505 1224 574 1249 inter
586 1221 742 1248 continuum
755 1218 859 1254 perdidi
872 1217 1026 1244 triennium.
1062 1215 1122 1241 Liu.
1135 1223 1156 1247 1,
1167 1223 1195 1240 10
1214 1214 1286 1240 Inter
1348 1211 1394 1237 PE
1404 1211 1453 1237 LL
1463 1210 1482 1236 E
1513 1210 1571 1236 ΕΤ
1599 1210 1651 1237 ΙΝ
1664 1210 1694 1236 T
1707 1210 1727 1236 Ε
1741 1210 1763 1236 R
1777 1210 1798 1236 A
1813 1210 1841 1236 N
1854 1209 1873 1235 E
1888 1209 1901 1235 I
1914 1208 1929 1234 S
1961 1204 2202 1234 PROFICIAT
2240 1203 2263 1228 V
2273 1200 2399 1228 ENDI-

241 1271 282 1293 tot
299 1272 396 1295 annos,
416 1267 455 1288 tot
474 1259 550 1287 bella.
593 1256 650 1284 Vid.
670 1257 710 1283 bic
724 1256 830 1281 Gronou.
847 1260 871 1280 et
883 1252 1008 1280 Drakenb.
1080 1250 1136 1277 Cic.
1150 1250 1208 1276 Aet.
1221 1257 1233 1275 i
1256 1249 1285 1275 in
1299 1255 1331 1279 30
1348 1246 1476 1273 TORI.
1518 1245 1575 1272 Vid.
1592 1245 1679 1272 Barth.
1694 1245 1803 1271 Aduers.
1818 1252 1841 1278 5,
1851 1255 1878 1278 4.
1949 1244 2092 1278 Singularis
2104 1242 2271 1267 Interaneum
2283 1234 2317 1270 qli
2327 1235 2399 1263 Ptin.
2416 1254 2426 1262 κ

240 1302 318 1327 Verr.
328 1307 356 1333 37
377 1308 398 1324 e.
412 1306 436 1329 ¹3
454 1297 529 1330 Qiae
542 1294 611 1320 inter
624 1292 713 1318 decem
729 1299 811 1317 annos
823 1289 925 1316 nefarie
939 1287 1121 1322 flagitioseque
1135 1285 1204 1312 faeta
1218 1286 1285 1311 fimt.
1348 1290 1387 1315 32,
1400 1290 1417 1315 9
1436 1279 1599 1308 Procidentis
1613 1280 1744 1308 interanei
1757 1280 1882 1307 morbum
1895 1278 2006 1314 torpedo
2021 1276 2137 1313 apposita
2149 1275 2277 1302 continet.

245 1335 303 1364 Vid.
323 1335 365 1362 hic
385 1335 481 1359 Hotom.
574 1331 645 1356 Inter
659 1326 792 1354 Falcarios
811 1325 884 1352 Idem
897 1324 975 1350 Catil.
990 1331 1016 1355 1,
1035 1327 1048 1352 8
1077 1330 1102 1348 eo
1112 1324 1173 1362 uvico
1191 1327 1213 1347 et
1232 1321 1285 1347 Ioco
1386 1332 1395 1351 1
1408 1332 1430 1351 N
1441 1331 1488 1352 TE
1500 1331 1520 1351 R
1530 1332 1674 1358 ANEvs,
1691 1334 1714 1356 a,
1735 1334 1789 1351 um·
1827 1324 1889 1352 Affi-
1923 1323 2007 1351 Scrib.
2017 1324 2092 1357 [ἐπέ.
2107 1321 2234 1356 Compos·
2247 1321 2284 1354 96
2301 1319 2400 1354 plu-gat

239 1375 311 1399 vrb&
318 1391 326 1404 ³
344 1370 385 1396 vbi
403 1368 518 1395 habitant
527 1366 647 1402 folcarii·
720 1363 792 1388 Inter
806 1362 893 1401 Ηᾶθέν
911 1367 960 1395 ΡΥΟ
975 1360 1072 1385 ῙΗΜᾙ
1087 1357 1147 1383 ῙᾸΠ-
1157 1365 1176 1387 ¹,
1189 1364 1223 1389 29
1239 1363 1284 1391 ΡΥ·
1347 1361 1466 1388 vomicas
1481 1361 1634 1388 interaneas.
1674 1361 1742 1388 Flin.
1755 1369 1790 1387 20
1815 1369 1840 1387 11
1859 1360 1996 1387 Tormina
2011 1359 2156 1385 interanea.

238 1408 311 1435 Inter
325 1405 387 1432 hacc
403 1405 455 1430 iam
468 1400 595 1437 praemissi
610 1399 706 1426 Albani
723 1403 796 1424 erant
810 1397 918 1423 milites.
971 1394 1044 1421 Idem
1059 1402 1084 1425 2,
1098 1401 1134 1424 23.
1167 1399 1189 1417 et
1205 1399 1230 1426 7,
1244 1399 1283 1424 23.
1703 1414 1715 1418 -
1790 1380 1799 1394 ²
1859 1411 1865 1421 ,

239 1443 297 1471 cic.
309 1441 391 1469 Tusc.
407 1449 425 1471 1,
438 1448 468 1471 32
489 1437 564 1464 Abiit
577 1436 608 1463 ad
622 1435 684 1462 de'os
698 1433 825 1460 Hercules
834 1452 842 1464 ,
862 1439 996 1465 nunquam
1009 1429 1121 1461 abiiss'et,
1139 1427 1187 1454 nisi
1201 1436 1286 1461 quum
1302 1434 1332 1461 35
1385 1418 1395 1438 ¹
1405 1419 1427 1438 N
1437 1419 1459 1439 T
1468 1418 1483 1437 E
1492 1419 1512 1438 R
1521 1419 1617 1439 APER
1627 1420 1637 1439 1
1646 1418 1682 1444 o,
1705 1419 1754 1438 ¹1¹²·
1790 1408 1911 1444 dicereque,
1933 1409 2011 1436 Gloff·
2020 1409 2078 1435 'Gr-
2091 1409 2150 1435 Lat.

237 1479 308 1506 inter
316 1477 445 1503 Homines
458 1474 526 1506 esset,
541 1482 598 1499 eam
612 1471 660 1498 fibi
674 1470 745 1497 viam
758 1467 917 1495 muniuiffet.
983 1466 1055 1492 Inter
1070 1463 1137 1490 illud
1152 1463 1285 1489 Gaudium
1385 1469 1396 1488 1
1406 1469 1511 1489 NTER
1520 1469 1542 1489 A
1553 1469 1573 1489 R
1584 1469 1621 1489 rs
1630 1468 1674 1489 co
1683 1481 1692 1494 ,
1712 1463 1766 1488 ere.
1801 1458 2019 1495 [διαξηροιίνομαι]
2054 1458 2111 1485 Cic.
2126 1458 2210 1484 Ture.
2228 1465 2253 1490 5,
2265 1465 2303 1490 40
2329 1465 2352 1482 c.
2367 1463 2401 1489 14

237 1519 345 1550 repente
357 1517 476 1538 mortuus
488 1509 523 1535 est
531 1507 671 1540 Gell.3,15-
708 1506 780 1531 Inter
788 1503 868 1530 Initia
882 1502 1044 1537 principatus
1057 1500 1121 1526 Plin.
1133 1499 1284 1533 Epist.10,2.
1349 1498 1430 1525 Nihil
1445 1497 1517 1524 enim
1531 1498 1731 1528 interarescere,
1749 1496 1819 1522 nihil
1833 1496 1981 1530 exstingui,
1998 1493 2069 1520 nihil
2087 1493 2179 1520 cadere
2194 1492 2274 1519 debet
2293 1500 2400 1523 eorum,

238 1552 311 1579 Inter
325 1548 403 1575 Initia
416 1546 481 1573 belli
494 1545 593 1579 Id.7,3.
608 1571 611 1574 .
638 1543 710 1568 Inter
718 1541 808 1572 Initia,
818 1541 911 1574 primis
925 1537 1119 1576 diebus,primis
1131 1545 1217 1565 annas,
1228 1537 1285 1568 pri·
1348 1534 1378 1560 in
1391 1534 1488 1568 quibus
1509 1534 1566 1561 vita
1582 1534 1657 1560 beata
1676 1532 1799 1559 consistit.
1835 1532 1878 1560 Sic
1890 1529 1947 1566 post
1967 1529 2082 1558 Victoria
2109 1549 2116 1555 .
2151 1529 2208 1556 Alii
2223 1529 2307 1563 legunt
2322 1527 2402 1554 Inue-

240 1596 278 1614 mo
297 1591 415 1619 tempore:
442 1581 508 1608 Plin.
523 1589 554 1610 ιι,
567 1584 600 1614 48
621 1579 677 1604 Hae
691 1576 722 1603 de
735 1577 809 1602 causa
825 1575 896 1601 inter
909 1573 989 1599 Initia
1003 1572 1079 1606 pasci,
1096 1570 1143 1597 nisi
1158 1569 1283 1596 submiffis
1348 1570 1485 1596 terascere.
1521 1569 1595 1605 Coris.
1610 1568 1717 1595 Vitruu.
1731 1575 1758 1603 7,
1772 1573 1796 1598 8.
1828 1574 1853 1594 et
1865 1567 1988 1594 Prooem.
2004 1571 2026 1596 8.
2083 1539 2116 1594 ᾖ
2336 1558 2343 1561 ί

240 1621 351 1656 genibus
366 1627 419 1645 non
432 1618 542 1651 potsunt.
583 1613 640 1641 Vid.
655 1612 787 1639 Columel.
800 1620 825 1643 2,
842 1618 873 1636 ιι.
928 1608 994 1635 Cels.
1009 1617 1031 1640 3,
1042 1615 1075 1647 ²1²
1090 1614 1111 1633 et
1126 1614 1162 1639 23.
1216 1605 1283 1631 Plin.
1293 1610 1343 1641 40,
1387 1612 1397 1631 1
1405 1612 1456 1632 NT
1465 1612 1481 1632 E
1489 1612 1508 1631 R
1517 1607 1566 1632 ᾹΤ
1575 1612 1585 1630 1
1595 1612 1637 1638 M,
1660 1611 1683 1630 et
1703 1611 1712 1629 1
1721 1611 1744 1630 N
1754 1611 1775 1630 T
1783 1610 1800 1630 E
1811 1609 1830 1628 R
1839 1609 1859 1629 D
1868 1610 1890 1629 v
1898 1598 1951 1630 A'T
1959 1610 1969 1629 1
1980 1609 2006 1629 M
2016 1605 2035 1633 ,'
2049 1599 2173 1627 dicebant
2187 1598 2309 1634 antiqui,
2326 1595 2400 1633 quod

240 1660 281 1689 21,
298 1664 321 1682 2.
391 1652 463 1679 Idem
476 1650 553 1684 Epist.
569 1659 611 1679 10,
628 1653 653 1677 18
668 1656 710 1682 pr.
739 1646 853 1673 Gabiurn
870 1644 971 1670 Bassum
991 1643 1099 1669 domine
1119 1641 1284 1675 praefeelum
1348 1649 1418 1667 nunc
1430 1641 1568 1667 Interdum
1582 1646 1608 1667 et
1621 1639 1742 1667 Interim.
1779 1638 1877 1665 Festus.
2231 1654 2235 1659 .

242 1701 305 1719 0130
318 1689 405 1720 ponti,
424 1688 567 1720 ¹mtc’givrn,
585 1683 710 1718 probum,
729 1681 899 1711 industrium,
919 1686 996 1714 atque
1015 1679 1084 1705 inter
1098 1678 1146 1703 Ista
1160 1685 1284 1704 reueren-
1386 1684 1396 1703 1
1407 1684 1428 1703 N
1438 1683 1460 1702 'r
1469 1684 1485 1704 E
1495 1682 1514 1702 R
1525 1684 1545 1704 Α
1558 1682 1580 1703 Τ
1594 1682 1616 1702 v
1626 1682 1639 1702 S
1652 1696 1660 1708 ,
1679 1684 1703 1708 a,
1723 1684 1777 1701 um.
1814 1673 1877 1701 Adi.
1912 1674 2037 1705 Interata,
2056 1670 2248 1707 ἓξεντεριιθέντοι,’
2264 1667 2344 1695 Gloff.

241 1727 364 1755 tiffimum
379 1723 447 1755 mei,
467 1727 602 1759 expertus,
624 1726 668 1758 etc.
771 1716 828 1743 Cic.
843 1716 956 1754 Vera-53
969 1719 999 1743 28
1019 1723 1039 1739 c.
1056 1722 1077 1739 ιι
1105 1714 1196 1746 Itaque
1211 1717 1286 1750 erant
1386 1719 1396 1738 1
1407 1720 1428 1738 N
1439 1719 1513 1739 TER
1523 1711 1558 1739 B‘l‘
1568 1718 1584 1738 Β
1594 1717 1630 1743 0,
1654 1711 1708 1742 i'bi,
1735 1710 1849 1743 ibi'tum,
1875 1711 1930 1736 ere.
1967 1707 2101 1742 [διαπίνω]
2143 1708 2233 1733 Totum
2246 1704 2340 1735 bibere,
2359 1702 2402 1730 uel

241 1763 327 1789 exitus
341 1757 489 1789 eiusmodi,
504 1762 532 1782 vt
546 1755 613 1781 alius
628 1759 698 1779 inter
712 1753 804 1778 Manus
820 1759 834 1775 e
848 1757 992 1780 conuiuio,
1012 1754 1138 1787 tanquam
1155 1757 1168 1773 e
1183 1747 1286 1780 praelio
1350 1749 1453 1774 Penitus
1471 1748 1611 1774 exhaurire.
1657 1747 1738 1773 Plaut.
1751 1746 1840 1772 Aulul.
1862 1754 1886 1778 3,
1904 1748 1937 1777 6,
1954 1753 1988 1771 22
2012 1745 2147 1770 Praeterea
2161 1741 2315 1770 tibicinam,
2333 1746 2401 1774 quae

240 1798 398 1825 auferretur.
493 1790 588 1824 Virgss·
598 1791 663 1815 Aen·
678 1797 700 1818 2,
714 1790 756 1817 681
781 1786 907 1818 Namque
918 1784 1011 1809 Manus
1030 1789 1098 1822 mter
1110 1782 1284 1821 moestorum·
1298 1791 1332 1817 45
1350 1781 1419 1807 mihi
1438 1781 1604 1808 interbibere
1619 1782 1687 1813 sola,
1707 1781 1724 1806 Γι
1737 1782 1803 1807 vino
1817 1782 1918 1811 scateat,
1936 1779 2152 1806 Corinthiensem
2166 1777 2270 1804 fontem
2283 1776 2401 1808 Pyrenen
2446 1775 2450 1779 ’

241 1842 293 1868 que
312 1839 358 1857 ora
377 1833 522 1863 parentum.
626 1825 760 1856 Ingratum
780 1820 815 1846 est
830 1828 939 1850 munus,
960 1818 1032 1853 quod
1047 1817 1093 1843 diu
1107 1823 1176 1843 inter
1191 1817 1284 1843 Manus
1350 1816 1442 1851 potest.
1497 1816 1616 1842 Donatus
1634 1816 1668 1841 ad
1681 1816 1749 1842 Ter.
1765 1816 1846 1841 Andr.
1864 1824 1888 1847 3,
1908 1824 1934 1847 2,
1957 1817 1995 1840 16.
2031 1821 2055 1840 et
2068 1815 2133 1839 Eun.
2146 1821 2167 1844 ι,
2186 1821 2196 1838 ι
2217 1819 2282 1838 extr.
2314 1813 2401 1837 utitur

242 1867 327 1895 dantis
342 1864 420 1891 haesit
435 1863 493 1889 Sen.
508 1861 539 1886 de
550 1858 643 1896 Benef.
654 1866 679 1889 2,
694 1866 712 1893 r.
767 1855 840 1890 szf.
854 1854 926 1879 Flor.
942 1862 964 1885 3,
978 1861 1017 1892 31,
1029 1855 1072 1892 ‚²⁶¹
1110 1859 1140 1891 et*
1151 1861 1173 1891 3,
1196 1860 1229 1883 ¹9,
1248 1860 1284 1877 iz.
1349 1853 1474 1883 hocloco,
1497 1857 1527 1877 vt
1539 1849 1665 1883 ostendat,
1685 1850 1792 1886 augendi
1806 1853 1856 1876 uim
1869 1848 1912 1883 cyfi·
1923 1850 1981 1875 huic
1990 1850 2139 1884 particular.

241 1905 309 1932 Plin.
326 1900 404 1936 Epist.
418 1907 443 1931 9,
458 1906 481 1929 13
504 1895 537 1922 ad
547 1895 597 1930 fin.
622 1894 694 1919 Inter
714 1891 818 1920 Moras,
844 1888 942 1914 Consul
963 1893 1048 1913 citatis
1069 1887 1240 1918 nominibus,
1260 1891 1286 1912 et
1387 1887 1632 1917 INTERB'i'ro,
1659 1890 1711 1912 are.
1751 1885 1933 1919 [ἐπέρχομκι]
1982 1883 2159 1910 Interuenire.
2202 1881 2305 1909 Verbum
2333 1882 2401 1908 anti-

872 1924 944 1949 Inter
958 1922 1017 1948 Nos
1037 1921 1198 1947 concertatio
1214 1929 1285 1946 com·
1349 1930 1430 1956 quum.
1468 1920 1549 1946 Plaut.
1563 1920 1641 1946 Most.
1654 1928 1678 1952 5,
1691 1928 1711 1951 ι,
1723 1927 1760 1953 47
1786 1919 1839 1945 Hic
1852 1927 1901 1952 ego
1915 1918 1967 1944 tibi
1982 1917 2152 1952 praesidebo,
2170 1926 2204 1943 ne
2217 1917 2271 1943 vlla
2289 1916 2401 1943 interbi-

242 1937 346 1975 pe1·a&a
359 1933 504 1962 disceffione
513 1952 521 1963 ,
539 1929 622 1957 mittit
635 1929 765 1954 Senatum.
925 1957 930 1962 ι
1494 1955 1499 1959 ”

797 1959 909 1993 Nosque
924 1962 993 1983 inter
1008 1965 1055 1982 nos
1070 1957 1117 1981 effe
1135 1955 1285 1988 complexos
1294 1962 1325 1987 50
1349 1962 1387 1982 tet
1402 1955 1529 1989 quaestu),
1650 1977 1655 1981 ι

241 1980 330 2011 parata
348 1972 438 2004 inique
455 1969 523 1994 Ter.
539 1964 613 1992 Adel.
628 1973 649 1996 2,
663 1971 684 1994 2,
699 1971 727 1995 4.

242 2008 365 2037 narrabat
379 2006 434 2033 Cic.
446 2004 478 2030 de
490 2002 584 2029 Diuin.
598 2009 618 2032 ι,
633 2004 669 2031 58.
740 1996 812 2022 Inter
825 1994 883 2021 Nos
903 1992 1003 2019 die‘tnm
1018 1991 1069 2017 fuit
1089 1991 1157 2017 Ter.
1174 1989 1286 2023 Adelph.
1387 1997 1396 2015 1
1407 1997 1428 2016 N
1438 1997 1483 2016 TE
1492 1997 1512 2016 R
1521 1995 1537 2016 Β
1546 1996 1562 2015 1.
1571 1996 1592 2015 A
1604 1995 1626 2014 N
1639 1995 1675 2015 DI
1686 1994 1705 2015 o
1715 1993 1735 2014 R
1746 2007 1753 2019 ,
1771 1987 1816 2014 iri.
1851 1987 1995 2023 Obsequiis
2009 1987 2076 2015 meis
2091 1987 2300 2015 interblandiens
2313 1986 2403 2022 appel·
2419 2015 2422 2018 ,

241 2054 265 2081 5,
277 2054 299 2078 3,
314 2053 351 2070 10,
421 2040 478 2066 Cic.
492 2037 569 2064 Attic.
585 2044 611 2068 2,
625 2043 643 2067 4
657 2040 697 2069 pr.
720 2030 871 2064 Serapionis
891 2028 990 2068 librum
1007 2026 1039 2067 ad
1059 2035 1100 2052 mc
1121 2025 1227 2052 misisti:
1253 2033 1286 2051 ex
1350 2025 1420 2052 labat
1439 2034 1481 2051 uie
1495 2026 1570 2060 pium
1583 2023 1719 2058 Augustin.
1734 2024 1814 2050 Conf.
1829 2031 1855 2055 9,
1875 2032 1911 2050 12.
1961 2050 1963 2053 ⁴

242 2090 296 2117 quo
315 2077 424 2114 quidem
440 2083 490 2109 ego
511 2071 600 2106 (quod
619 2070 688 2095 inter
701 2068 760 2094 Nos
781 2066 858 2092 liceat
879 2064 983 2094 dicere)
1003 2062 1168 2088 millesimam
1185 2066 1286 2100 partem
1387 2066 1537 2088 iNTERC
1550 2058 1640 2090 KLO,
1667 2063 1720 2086 are.
1758 2057 1919 2092 [elugi-imm,
1940 2057 2134 2094 παρεμέῗᾰλλω]
2175 2058 2338 2095 Interserere,
2353 2057 2402 2094 fi’u

241 2118 289 2144 vix
309 2113 447 2147 intelligo:
471 2108 597 2144 silentium
607 2107 690 2140 petit,
709 2112 757 2128 non
772 2102 826 2127 vult
839 2099 927 2139 efferri
941 2099 970 2125 ab
978 2100 1064 2124 Attico
1078 2097 1196 2122 iudicium
1205 2100 1287 2131 ματη.
1353 2098 1511 2132 Interponere
1531 2096 1608 2126 ditm,
1629 2095 1761 2130 mensemue
1780 2104 1786 2120 .·
1823 2095 1853 2120 ab
1871 2098 1973 2130 antiquo
1994 2096 2094 2127 calare,
2113 2095 2138 2131 J:
2160 2095 2268 2125 Kalare,
2294 2093 2360 2120 vnde
2376 2099 2403 2119 et

240 2153 284 2182 sic
296 2148 353 2181 ’ἦθος
371 2145 501 2175 iucundum
513 2141 709 2180 familiaritatis
726 2137 798 2164 hahet
811 2135 873 2161 illud
884 2136 940 2174 Cic.
959 2134 990 2174 de
1005 2133 1100 2172 Nat-ur.
1116 2133 1196 2158 Deor.
1212 2140 1232 2163 1,
1251 2138 1288 2172 74
1304 2140 1333 2166 55
1351 2132 1497 2164 Calendae,
1510 2131 1535 2167 s.
1551 2130 1688 2158 Kalendae.
1726 2132 1758 2158 In
1771 2130 1823 2166 ipJo
1836 2131 1926 2161 verbo,
1945 2130 2009 2166 quod
2021 2129 2170 2162 truffamus,
2183 2129 2278 2163 similis
2290 2132 2402 2156 varietas

244 2197 267 2215 ς,
283 2189 313 2214 26
337 2184 387 2212 Sed
400 2180 483 2218 (quod
497 2180 565 2206 inter
578 2177 635 2204 Nos
650 2175 743 2204 liceat)
762 2180 793 2197 ne
809 2177 836 2197 tu
850 2170 960 2205 quidem
976 2168 1113 2201 intelligis.
1155 2168 1197 2193 Ita
1212 2169 1287 2193 amici
1351 2167 1551 2202 deprehenditur.
1586 2166 1639 2192 vid.
1664 2171 1856 2197 CALENDAE,
1879 2172 1975 2193 CALO.
2028 2167 2107 2202 Origo
2126 2165 2190 2194 inde.
2251 2167 2401 2192 Placuerune

237 2224 338 2261 fiamus,
357 2227 385 2247 vt
404 2219 447 2245 hoc
462 2216 509 2243 tibi
526 2214 622 2244 dicere,
642 2208 790 2246 praesertim
808 2215 857 2232 non
873 2206 932 2231 aliis
946 2204 1070 2235 arbitris,
1093 2204 1174 2228 liceat.
1225 2202 1288 2227 Tale
1351 2203 1468 2238 gentibus
1480 2204 1591 2237 antiquit
1609 2202 1708 2227 menses
1724 2201 1842 2232 lunares,
1860 2201 1954 2228 dierum
1967 2204 2070 2228 circiter
2083 2203 2171 2227 XXX.
2219 2201 2290 2227 Anni
2309 2198 2415 2233 solaris*
2441 2197 2451 2202 '¹

243 2257 277 2293 est
294 2259 380 2284 Senee.
395 2253 473 2288 Epist.
489 2260 516 2278 ιι.
532 2257 573 2284 pr.
603 2245 684 2280 Qiod
698 2245 767 2271 inter
781 2242 840 2269 Nos
857 2239 914 2280 sit!⁸
937 2243 1039 2279 itemque
1057 2237 1136 2271 Qiafi
1150 2245 1219 2263 nunc
1235 2245 1288 2277 non
1351 2237 1436 2263 modus
1444 2237 1529 2273 serius
1548 2240 1662 2272 cognitus
1676 2247 1685 2266 ‚·
1715 2246 1770 2263 mox
1783 2244 1862 2262 tamen
1876 2236 2088 2272 animaduersum,
2106 2238 2166 2263 XII
2178 2236 2295 2278 mclzfibus
2306 2237 2403 2262 lunari.

243 2294 363 2322 norimus
376 2299 422 2317 nos
437 2287 570 2316 interNos
584 2279 734 2310 Ter.Adel.
744 2288 765 2311 2,
773 2285 833 2312 4,7.
881 2276 1005 2317 Visxergo
1018 2280 1087 2301 intei-
1100 2273 1158 2300 Nos
1173 2280 1291 2306 experia-
1352 2272 1396 2299 bur
1410 2272 1479 2312 illum
1490 2273 1604 2307 pluribus
1616 2272 1699 2298 diebus
1712 2276 1835 2299 maiorem.
1877 2274 1910 2298 Vt
1923 2273 2064 2308 redigerent
2078 2282 2135 2308 ergo
2147 2277 2220 2307 suum
2239 2281 2329 2297 annum
2342 2271 2405 2298 XII

245 2339 305 2358 mur
313 2325 524 2361 Virg.Ecl.3,28.
559 2309 1116 2352 InterNosluda11211srla11t.st1ch.;‚4‚20.
1153 2310 1223 2334 Inter
1231 2308 1291 2333 Nos
1310 2310 1344 2334 60
1353 2310 1466 2342 mensium
1488 2311 1515 2333 in
1532 2307 1688 2334 concordiam
1707 2317 1759 2333 cum
1772 2308 1837 2344 solis
1855 2307 1941 2343 cursu,
1966 2308 2164 2342 imm-posueruut
2184 2314 2277 2332 veteres
2294 2308 2403 2332 Romani

245 2365 380 2393 sordemus
395 2360 471 2388 alteri
491 2358 528 2385 Id.
542 2356 628 2383 Truc.
643 2362 664 2385 2,
682 2361 708 2385 4,
721 2360 760 2383 30.
833 2346 946 2388 TJstMHQ
957 2355 981 2376 2,
996 2348 1027 2377 6,
1041 2347 1075 2371 26
1099 2345 1185 2384 Crura
1199 2345 1290 2369 sonant
1354 2345 1459 2370 alternis
1478 2347 1551 2370 annis
1570 2343 1671 2378 mensem
1690 2344 1790 2376 XXII,
1810 2344 1851 2369 vel
1868 2344 1969 2368 XXIII
1992 2342 2094 2369 dierum.
2148 2341 2196 2368 Sed
2213 2350 2266 2367 cum
2279 2340 2319 2374 fic
2337 2336 2403 2366 ann}

245 2402 330 2432 ferro,
344 2398 385 2425 sed
398 2396 466 2423 canit
485 2395 554 2420 inter
567 2390 722 2424 Opus.1nter
730 2387 767 2413 Os
781 2382 1005 2421 etOl'tam‚u1d.n.
1016 2390 1034 2406 ι,
1080 2380 1140 2405 Liu.
1153 2387 1199 2408 22,
1213 2386 1230 2412 7
1246 2384 1289 2412 pr.
1355 2379 1446 2405 ciuiles
1463 2378 1600 2413 aliquanto
1617 2378 1780 2405 naturalibus
1799 2379 1876 2405 css'cnt
1896 2378 2009 2404 maiores
2028 2377 2134 2411 (uerbis
2152 2379 2248 2402 utimur
2260 2375 2399 2402 Centorin.

244 2437 317 2464 Haec
332 2435 367 2462 est
380 2431 478 2459 nobilis
492 2428 524 2455 ad
537 2427 730 2458 Trasymenum
745 2430 845 2457 pugna,
864 2425 941 2453 atque
954 2422 1024 2456 inter
1036 2416 1132 2441 Paucos
1144 2419 1291 2453 memorata
1354 2414 1387 2453 de
1401 2415 1450 2440 Die
1467 2420 1520 2439 nat.
1541 2423 1562 2440 c.
1579 2417 1628 2445 20)
1648 2413 1818 2440 Pontificibus
1839 2413 1927 2441 datum
1946 2413 1981 2439 est
2000 2412 2153 2447 negotium,
2170 2419 2316 2444 eorumque
2331 2410 2402 2436 arbi-

244 2471 339 2506 Populi
353 2467 466 2496 Romani
480 2464 574 2492 clades.
678 2460 749 2485 Inter
763 2459 875 2484 Poenam
890 2453 1016 2489 gratulari
1034 2451 1139 2477 Sueton.
1156 2457 1184 2474 1ss
1191 2447 1291 2474 leer-
1354 2455 1409 2475 trio
1426 2448 1599 2475 intercalandi
1613 2449 1682 2474 ratio
1696 2449 1732 2475 est
1745 2450 1874 2483 permissa.
1926 2448 1979 2475 ,Sed
1998 2448 2095 2475 horum
2112 2447 2231 2482 plerique
2248 2445 2283 2472 ob
2297 2445 2402 2477 odium,

246 2517 269 2534 e.
282 2510 324 2534 60.

245 2549 286 2570 ter
299 2542 398 2569 Primas
417 2539 491 2566 Idem
504 2545 541 2567 12,
561 2543 579 2561 1.
650 2533 723 2558 Inter
735 2527 867 2562 Principia
881 2525 948 2553 Cels.
963 2534 983 2556 3,
995 2532 1029 2549 22.
1055 2529 1077 2548 et
1092 2531 1116 2556 7,
1131 2529 1167 2552 27.
1220 2519 1293 2545 Inter
1356 2526 1401 2546 aut
1420 2519 1522 2559 publici
1542 2518 1678 2545 redemtor
1696 2527 1727 2544 ex
1748 2519 1811 2544 anni
1831 2519 2015 2551 magnitudine
2035 2520 2061 2544 in
2082 2518 2156 2544 lucro
2175 2518 2306 2543 damnoue
2325 2516 2404 2548 esset,

248 2581 340 2612 Qiae,
355 2584 404 2613 pro
418 2577 515 2602 interca
529 2570 596 2597 Cels.
612 2577 646 2601 4,
661 2577 686 2595 2..
739 2564 830 2591 Tacit.
844 2564 910 2588 Ann.
928 2568 1004 2600 ²’.34’
1019 2567 1027 2584 1
1043 2568 1048 2584 :
1078 2565 1104 2589 2,
1120 2561 1156 2588 58,
1176 2563 1194 2581 1.
1231 2562 1254 2580 et
1273 2563 1293 2585 3,
1358 2555 1415 2590 plus
1430 2563 1550 2581 minusue
1565 2563 1596 2580 ex
1611 2553 1723 2580 libidine
1736 2553 1930 2584 intercalando,
1951 2562 2008 2580 rem
2021 2553 2070 2580 fibi
2084 2554 2116 2579 ad
2129 2551 2315 2587 corrigendum
2332 2556 2406 2578 nianL

247 2623 287 2647 33,
302 2623 319 2640 1.
424 2610 496 2636 Inter
511 2608 577 2633 Rem
595 2604 669 2631 istam
690 2600 815 2636 agendam
836 2598 919 2625 Plaut.
931 2595 1021 2623 Cistel.
1035 2602 1061 2634 4,
1075 2601 1099 2625 z,
1114 2599 1150 2624 55.
1221 2591 1293 2616 Inter
1357 2591 1443 2617 datam
1463 2590 1535 2617 vltro
1548 2590 1744 2624 deprauarunt:
1769 2589 1890 2624 adeoque
1909 2589 2058 2616 aberratum
2072 2589 2124 2620 est,
2144 2595 2172 2615 vt
2186 2589 2215 2615 C.
2231 2589 2325 2615 Caesar
2338 2588 2405 2614 Pon-

248 2651 316 2679 Rem
328 2655 427 2674 nouam
448 2644 522 2670 Idem
540 2640 606 2668 ibid.
620 2648 645 2671 2,
660 2647 678 2668 ι,
693 2645 725 2669 31.
830 2635 901 2661 Inter
914 2632 944 2659 Se
958 2631 1089 2657 fallatiam
1104 2627 1203 2661 fingunt
1223 2626 1292 2653 Ter.
1357 2626 1425 2652 tifex
1444 2626 1593 2657 Maximus,
1612 2626 1659 2651 suo
1678 2625 1732 2656 III,
1749 2630 1775 2651 et
1789 2625 1827 2651 M.
1841 2625 1951 2651 Aemilii
1973 2625 2067 2659 Lepidi
2088 2624 2237 2654 consulatu,
2258 2632 2311 2658 quo
2330 2629 2405 2650 retro

248 2685 331 2712 Andr.
348 2692 367 2713 i,
382 2693 398 2713 ς,
413 2689 445 2714 ι5.
540 2677 595 2704 Cic.
611 2675 743 2708 QFratr.
758 2679 779 2703 3,
794 2679 803 2696 1
830 2669 924 2695 Valent
939 2666 1031 2702 pueri,
1051 2662 1164 2690 studiose
1181 2662 1294 2694 discunt,
1302 2666 1339 2694 70
1358 2661 1486 2688 delictum
1505 2661 1668 2694 corrigeret,
1688 2659 1753 2687 duos
1772 2662 1872 2686 menses
1892 2660 2074 2686 intercalarios
2094 2660 2197 2686 dierum
2218 2659 2350 2694 sexaginta
2368 2659 2406 2685 se-

249 2726 275 2747 et
292 2729 340 2745 nos
357 2723 381 2744 et
403 2718 470 2744 inter
484 2715 515 2741 Se
532 2717 627 2739 amant.
698 2708 769 2733 Inter
781 2705 838 2732 Sese
855 2703 1007 2730 fabulantur
1017 2697 1181 2733 PlautAEpid.
1192 2706 1216 2729 2,
1225 2705 1248 2727 2,
1257 2704 1292 2730 53.
1358 2703 1444 2732 ptem,
1465 2697 1534 2724 inter
1553 2697 1668 2722 mensem
1681 2696 1867 2723 Nouembrem
1888 2703 1913 2722 et
1934 2695 2108 2722 Decembrem
2129 2696 2325 2729 interponeret,
2343 2703 2405 2721 cum
2445 2722 2449 2732 ι

249 2757 323 2782 Inter
335 2755 366 2780 Se
378 2749 524 2786 amplexari
537 2747 611 2774 Idem
626 2744 686 2772 Mil.
699 2751 772 2775 5,4ο.
842 2741 914 2766 Inter
928 2739 952 2765 se
971 2737 1075 2776 iurare,
1090 2734 1294 2774 pro—Com'rgrare,
1358 2733 1412 2760 iam
1431 2734 1519 2759 mense
1532 2731 1680 2758 Februario
1693 2732 1748 2757 dies
1766 2738 1818 2758 tres
1836 2738 1862 2758 et
1875 2731 1972 2765 viginti
1992 2731 2177 2764 intercalasse-t,
2196 2738 2240 2757 etc.
2289 2728 2406 2763 Ostendit

248 2790 304 2817 vid.
325 2795 412 2815 ivm).
485 2785 541 2811 Cic.
554 2783 629 2809 Verr.
645 2779 702 2806 Aet.
718 2786 727 2804 1
754 2776 794 2803 Sic
813 2773 983 2802 honestissimi
997 2772 1117 2798 hommes
1137 2775 1206 2795 inter
1218 2770 1248 2793 Se
1268 2773 1293 2794 et
1359 2768 1462 2801 deinde,
1476 2767 1565 2802 fecisti>
1584 2777 1675 2794 annum
1695 2767 1789 2794 dierum
1810 2767 1954 2800 CCCLXV,
1975 2774 1998 2793 et
2012 2767 2100 2799 addit,
2122 2768 2255 2793 Praeterea
2274 2775 2323 2800 pro
2342 2774 2407 2800 qua.

249 2835 353 2854 mecum
368 2821 554 2858 loquebantur.
596 2815 654 2844 Vid.
673 2812 762 2847 Loqui
780 2812 865 2845 inter,
885 2812 912 2835 in
934 2814 1036 2846 LOQV
1048 2812 1106 2832 OR.
1130 2841 1135 2845 ”
1176 2805 1247 2830 Inter
1263 2804 1294 2829 Se
1360 2804 1451 2831 drante
1470 2804 1539 2834 diei,
1559 2803 1607 2837 qui
1627 2811 1724 2830 annum
1733 2811 1837 2835 „verum
1857 2803 2020 2837 suppleturus
2040 2802 2197 2833 videbatur,
2215 2801 2323 2837 (Pofiait
2342 2803 2406 2826 enim

250 2861 374 2889 distantes
389 2858 472 2886 ternis
487 2853 598 2890 pedibus
611 2849 744 2878 Columel.
759 2855 780 2880 ς,
794 2849 819 2873 6-
891 2846 963 2885 Inter
976 2843 1007 2869 Se
1021 2851 1053 2868 sse
1066 2845 1234 2874 confingant,
1252 2848 1295 2864 ΕΗ·
1309 2843 1342 2871 75
1360 2840 1456 2866 modum
1474 2841 1536 2865 anni
1557 2839 1610 2864 dies
1625 2843 1671 2873 365
1690 2839 1764 2865 horat
1783 2839 1822 2873 6)
1842 2838 1972 2870 instituit,
1990 2844 2018 2864 vt
2040 2838 2147 2872 peracio
2168 2836 2338 2873 quadriennii
2354 2835 2405 2861 cir-

251 2897 311 2925 rato
330 2895 402 2922 Idem
417 2902 439 2927 5,
453 2902 489 2919 10.
561 2889 633 2915 Inter
647 2885 678 2912 Se
696 2882 828 2911 dissimiles
848 2879 956 2914 Qun&
972 2888 996 2912 9,
1010 2887 1037 2911 4.
1107 2877 1179 2902 Inter
1192 2875 1222 2901 Se
1238 2884 1295 2901 cor·
1361 2876 1445 2908 cuitu,
1463 2874 1518 2901 dies
1532 2883 1608 2905 vnuS,
1626 2874 1673 2900 vbi
1687 2873 1779 2900 mensis
1792 2874 1925 2908 quondam
1940 2873 2055 2906 solebat,
2072 2874 2128 2908 post
2141 2872 2312 2900 Terminalia
2325 2871 2406 2897 iuter-

252 2933 333 2959 nibus
350 2934 464 2966 pugnant
477 2927 563 2954 Varro
577 2923 608 2950 de
622 2923 652 2949 R.
666 2922 697 2947 R.
711 2928 735 2950 2,
749 2928 770 2951 3·
841 2918 913 2943 Inter
925 2916 956 2941 SC
975 2914 1048 2940 foliis
1067 2912 1202 2946 strepitant
1221 2911 1295 2944 Vstg-
1363 2911 1508 2938 calaretur:
1537 2908 1609 2944 quod
1623 2919 1690 2936 nunc
1705 2910 1845 2936 Biffextum
1864 2916 1982 2936 vocatur.
2019 2909 2073 2935 vid.
2093 2915 2279 2936 BISSFXTVS.
2336 2907 2406 2932 Haec
2446 2928 2450 2935 ‚

253 2969 350 3002 Georg.
367 2975 386 2998 ι,
398 2974 435 2997 413
460 2963 488 2989 de
504 2963 597 2988 cornis.
666 2957 737 2983 Inter
750 2955 781 2981 Se
796 2952 864 2980 haud
879 2950 969 2986 procul
982 2956 1055 2976 erant
1069 2946 1296 2985 Sallust.111gurth.
1354 2947 1423 2984 satis
1443 2945 1486 2979 effe
1506 2944 1605 2980 pcfiitnt
1625 2945 1659 2971 ad
1676 2948 1727 2971 uim
1746 2946 1816 2972 verbi
1834 2945 2027 2982 Intelligendum.
2087 2946 2136 2971 Res
2154 2943 2206 2979 ipsa
2224 2940 2351 2968 dubiorum
2367 2945 2407 2967 in-

254 3013 277 3029 c.
287 3011 331 3036 -57,
402 3002 475 3027 Inter
487 2998 518 3024 Se
530 2993 676 3031 propinqui
690 2991 764 3018 Idem
779 2989 843 3016 ibid.
859 2997 907 3020 ¹03·
942 2993 966 3012 et
987 2987 1090 3026 Fragm5
1104 2986 1129 3024 ,⁶⁹
1149 2992 1169 3023 ¹⁸.
1240 2982 1297 3007 CR*-
1361 2984 1434 3019 gen'ia
1448 2984 1573 3013 exercuit,
1593 2982 1713 3018 Scaliger-i
1726 2985 1753 3006 in
1768 2987 1837 3015 opere
1853 2980 1881 3006 dc
1895 2981 2060 3007 emendatione
2072 2986 2202 3015 temporum
2216 2989 2225 3007 ,·
2250 2977 2315 3004 Phil.
2330 2978 2407 3003 Mun-

253 3039 286 3065 de
300 3039 358 3066 Inu.
368 3046 383 3064 2
402 3045 424 3062 c.
438 3044 472 3062 20
497 3032 562 3060 Non
576 3030 647 3057 enim
662 3032 767 3062 oportet
781 3026 809 3052 in
821 3028 1018 3058 recuperatorio
1031 3020 1133 3060 iudicio
1146 3027 1203 3045 eius
1217 3017 1298 3043 male·
1312 3018 1345 3041 80
1362 3020 1431 3048 ferri,
1450 3019 1519 3044 cuius
1537 3014 1615 3048 exstat
1630 3025 1688 3051 opor
1707 3016 1736 3042 de
1750 3018 1956 3045 intercutaneum
1982 3017 2044 3042 Iuln‘
2057 3014 2218 3043 Pontedera,
2235 3016 2305 3039 cuiux
2325 3019 2408 3048 opero.

255 3074 327 3107 ficii,
341 3073 373 3100 de
387 3080 440 3106 quo
456 3070 526 3096 inter
539 3066 651 3093 Sicatios
665 3061 817 3098 quaeritur,
833 3057 1024 3094 praeiudicium
1037 3056 1104 3096 fieri.
1162 3053 1235 3080 Idem
1250 3061 1299 3087 pro
1356 3053 1462 3088 fiffimae
1476 3052 1540 3089 sunt
1557 3053 1651 3087 aliquot
1670 3050 1782 3087 epistolae
1806 3051 1835 3078 de
1854 3061 1917 3078 anno
1939 3053 2060 3083 Romano,
2085 3057 2108 3076 et
2122 3049 2268 3084 praesti-tim
2287 3048 2408 3081 XXXV,

256 3111 361 3138 Cluent.
380 3116 400 3134 c.
415 3114 432 3140 7
458 3107 489 3132 In
508 3100 702 3138 QSenatoris,
720 3098 792 3129 eius,
813 3096 859 3130 qui
880 3095 948 3121 inter
966 3093 1079 3119 Sicarios
1098 3091 1233 3131 damnatus
1254 3088 1299 3121 est,
1364 3095 1388 3116 et
1401 3090 1495 3124 aliquot
1507 3087 1635 3123 sequentes
1653 3087 1681 3113 de
1695 3088 1883 3114 intercalatione
1900 3093 1987 3124 agunt.
2043 3087 2097 3113 Nos
2110 3084 2177 3110 modo
2198 3084 2273 3110 uerba
2286 3086 2408 3119 interpre-

255 3153 348 3173 manus
364 3142 465 3170 incidit.
538 3140 568 3165 Et
581 3137 612 3163 de
626 3136 683 3162 Fin.
700 3143 712 3160 2
729 3143 751 3160 e.
767 3135 795 3159 16
816 3133 887 3158 Inter
899 3130 1011 3156 Sicanos
1025 3126 1205 3161 quaestionem
1225 3133 1299 3150 exer·
1365 3131 1462 3156 tamur,
1481 3124 1534 3150 loca
1550 3129 1658 3148 veterum
1672 3125 1796 3157 ponimus.
1850 3124 2034 3154 Intercalatur,
2053 3127 2082 3146 vt
2101 3118 2262 3151 ostendimus,
2280 3121 2309 3145 in
2327 3121 2408 3145 ueteri

257 3178 451 3243 {gffinissptlgpi
465 3184 594 3237 Piioormulci
612 3208 670 3235 haec
682 3209 764 3242 igitur
778 3211 800 3230 ct
813 3203 844 3229 de
858 3200 963 3228 sicariis
974 3197 1120 3235 fignificat,
1140 3203 1163 3222 et
1176 3202 1301 3229 tanquam
1320 3195 1349 3224 85
1367 3194 1400 3221 de
1415 3195 1446 3221 R.
1462 3195 1492 3220 R.
1507 3201 1550 3227 ι5ο
1575 3193 1696 3220 Calendis
1714 3193 1798 3219 Iuniis
1819 3200 1906 3220 emtor
1925 3192 2012 3220 fruetu
2032 3190 2153 3216 decedat:
2183 3189 2200 3216 si
2223 3190 2408 3217 intercalatum

257 3251 380 3278 Sicarius.
450 3248 522 3274 Inter
534 3246 610 3279 Spem
623 3248 778 3275 metumque
792 3245 831 3266 tot
845 3237 958 3272 populos
973 3234 1105 3269 suspensos
1123 3232 1205 3258 animi
1223 3230 1301 3257 habe·
1366 3230 1434 3263 erit,
1454 3229 1561 3256 Calend.
1577 3228 1663 3255 Maiis.
1734 3228 1790 3255 Cic.
1804 3230 1856 3255 Att.
1872 3237 1892 3262 5,
1911 3237 1928 3262 9
1957 3228 2091 3254 Memento
2104 3235 2193 3252 curare
2215 3234 2260 3259 per
2274 3231 2300 3251 te
2318 3230 2345 3252 et
2360 3234 2408 3259 per

260 3287 294 3314 tis
314 3287 373 3312 Lm,
388 3290 411 3317 8,
425 3292 459 3316 ¹3-
529 3281 603 3307 Idem
622 3287 648 3310 2,
660 3285 673 3310 5
695 3283 759 3302 extr.
787 3276 878 3307 Quum
894 3273 964 3299 inter
983 3278 1062 3297 omne
1076 3268 1199 3307 Tempus
1219 3272 1302 3300 pater,
1367 3274 1458 3293 omnes
1479 3265 1597 3297 nostrOS,
1617 3264 1645 3290 in
1665 3264 1758 3297 primis
1780 3273 1826 3299 per
1840 3263 2024 3291 Hortensium,
2046 3267 2075 3287 vt
2094 3270 2176 3290 annus
2195 3260 2283 3287 noster
2303 3265 2408 3287 maneat
2444 3262 2456 3279 Ψ

260 3323 399 3356 vultusque
416 3326 441 3345 et
456 3327 485 3345 os
500 3316 574 3348 eius,
594 3311 739 3348 spectaculo
754 3311 830 3341 esset,
850 3315 896 3334 etc.
968 3307 1040 3332 Inter
1054 3304 1220 3330 Triennium
1242 3310 1302 3328 con·
1367 3303 1414 3328 suo
1426 3301 1508 3333 statu,
1527 3309 1560 3326 ne
1572 3299 1635 3335 quid
1650 3299 1717 3325 noui
1731 3299 1893 3326 decernatur.
1928 3299 1985 3324 Hoc
1999 3296 2050 3323 tibi
2066 3298 2101 3322 ita
2114 3297 2217 3327 mando,
2236 3302 2265 3323 vt
2277 3295 2408 3330 dubitem,
2446 3299 2464 3315 =·'²

260 3358 365 3386 titutum
384 3355 466 3382 Plaut.
479 3351 559 3379 Stich.
575 3359 599 3381 1,
618 3359 638 3382 3,
659 3350 697 3374 61.
732 3345 784 3372 vid.
806 3346 876 3383 Inter
891 3344 962 3369 Dies.
1034 3342 1105 3367 Inter
1117 3339 1179 3365 Vias
1199 3336 1302 3371 aliquid
1367 3346 1401 3363 an
1415 3337 1496 3362 etiam
1511 3342 1537 3362 tc
1557 3344 1661 3370 rogem,
1680 3341 1708 3361 vt
1722 3344 1834 3370 pugnes,
1849 3343 1881 3361 ne
1895 3332 2075 3363 intercaletur,
2105 3335 2124 3358 ι’.
2144 3342 2173 3358 ne
2190 3333 2231 3358 hic
2249 3341 2344 3361 annus,
2377 3341 2408 3358 uo
2447 3326 2464 3337 “’

261 3401 351 3427 agere,
378 3393 448 3418 Inter
464 3385 649 3416 ambulandum,
669 3384 708 3409 uel
727 3384 753 3407 in
770 3381 829 3416 ipjis
865 3378 952 3404 ublscis
971 3379 1021 3403 uiis
1040 3376 1110 3402 Ter.
1123 3375 1186 3400 Eun.
1201 3384 1228 3407 4,
1244 3381 1267 3404 2,
1283 3380 1303 3398 ι.
1312 3377 1348 3402 90
1366 3382 1403 3399 me
1417 3375 1444 3397 in
1457 3373 1591 3398 Prouincia
1606 3369 1679 3403 abest}
1691 3378 1800 3405 oportet,
1820 3370 1862 3396 illo
1873 3369 2019 3394 intercalari
2031 3368 2124 3403 meuse,
2143 3368 2234 3403 (quem
2248 3370 2274 3392 in
2286 3340 2409 3402 poteflqate
2435 3380 2438 3384 ·
2456 3370 2471 3377 '⁴

263 3428 370 3454 Sueton.
383 3425 455 3453 Caes.
475 3434 497 3450 c.
512 3431 548 3456 39v
621 3421 693 3446 Inter
704 3418 796 3450 Viam,
818 3416 832 3442 1
851 3424 893 3441 em.
949 3412 1005 3440 Cic.
1021 3411 1101 3438 Attic.
1116 3419 1142 3442 4,
1156 3418 1167 3441 3
1186 3418 1233 3434 non
1242 3414 1303 3468 pro·
1366 3407 1486 3435 habebant
1500 3406 1653 3442 Pontifices)
1668 3406 1832 3440 producatur,
1851 3412 1873 3430 ct
1887 3405 1983 3438 longior
1989 3403 2050 3438 fiat.
2086 3403 2159 3439 Cous.
2176 3402 2246 3429 Idem
2260 3403 2331 3429 Fam.
2345 3410 2372 3437 7,
2383 3411 2408 3429 2.
2425 3404 2428 3405 ⁷

264 3465 304 3488 cul
323 3472 338 3489 a
350 3462 420 3498 fine,
451 3460 478 3486 Si
495 3461 519 3485 se
539 3458 609 3484 inter
625 3455 701 3482 Viam
718 3451 863 3491 obtulerit,
887 3448 1000 3485 occisum
1021 3447 1057 3488 iri
1075 3445 1108 3472 ab
1126 3446 1182 3479 ipso
1201 3444 1238 3469 Mi
1252 3451 1303 3483 one
1368 3450 1391 3470 et
1407 3448 1431 3474 g,
1445 3444 1470 3469 6,
1543 3441 1680 3482 (jenlsoxjffi⁴
1700 3442 1731 3467 de
1745 3441 1794 3467 Die
1807 3446 1858 3466 „35-
1870 3447 1903 3465 20
1936 3438 2053 3464 Gentibus
2071 3454 2117 3459 ὴ
2137 3437 2262 3465 omnibus
2282 3437 2333 3464 fui,
2348 3446 2409 3472 pro-

264 3497 353 3524 vidCO.
384 3496 411 3522 de
424 3495 506 3522 Clodio
520 3495 637 3528 quuitur.
708 3489 780 3514 Inter
790 3488 873 3516 Vina,
899 3487 916 3510 i.
932 3487 998 3509 inter
1010 3481 1135 3509 bibendum
1149 3478 1303 3512 Hor.Ep1st.
1369 3478 1496 3514 positum,
1515 3478 1574 3504 suos
1588 3476 1678 3503 ciuiles
1693 3485 1773 3502 annos
1791 3476 1853 3511 (qui
1870 3474 1998 3500 lunaribus
2012 3472 2128 3506 mensibus
2140 3474 2262 3509 summum
2277 3474 2336 3499 XII
2353 3483 2412 3499 con-

268 3541 289 3564 ι,
305 3540 331 3567 7,
343 3537 382 3561 28.
450 3532 521 3556 Inter
532 3529 588 3555 Vos
606 3526 673 3553 bene
688 3524 779 3551 dicatis
799 3522 881 3548 Plaut.
894 3518 952 3546 Mil.
968 3528 996 3552 4,
1008 3523 1032 3550 8,
1044 3526 1080 3549 31.
1134 3514 1221 3542 Vobis
1235 3515 1304 3540 inter
1362 3513 1477 3547 starent)
1491 3513 1565 3539 varie
1578 3512 1761 3538 intercalandis
1774 3508 1900 3536 mensibus
1913 3509 1943 3535 ad
1959 3518 2041 3536 vnum
2053 3517 2146 3536 verum
2162 3509 2237 3535 illum
2251 3508 2412 3535 naturalem·
2451 3522 2454 3528 v

266 3569 320 3595 Vos
338 3565 476 3593 coniuncta
489 3563 611 3591 voluntas
626 3562 681 3589 Cic.
696 3560 757 3586 Diu.
771 3556 847 3584 Verr.
858 3564 898 3588 34.
1097 3548 1118 3589 q
1136 3560 1148 3583 3
1186 3548 1304 3584 Obfi’rna-
1320 3549 1352 3575 95
1370 3558 1422 3584 que
1437 3549 1579 3583 corrigere.
1621 3548 1696 3573 Plura
1711 3547 1795 3572 damus
1806 3554 1860 3571 mos¹
1880 3554 1937 3570 voce
1958 3552 1997 3570 IN
2007 3551 2027 3570 T
2037 3551 2080 3571 ER
2092 3550 2109 3570 c
2122 3551 2167 3571 AL
2178 3551 2197 3571 Α
2207 3551 2226 3570 R
2238 3551 2245 3569 1
2256 3551 2268 3570 s
2278 3563 2284 3570 .
2354 3544 2410 3571 Me·

266 3606 346 3629 tiones
360 3613 367 3627 :
402 3602 471 3626 Inter
486 3601 554 3633 ipsos
568 3604 660 3625 mutuo
678 3593 807 3629 Qninffil.
823 3601 867 3624 10,
887 3599 910 3616 2.
936 3592 954 3615 i.
975 3591 1089 3614 inuicem.
1146 3587 1187 3611 Sic
1206 3584 1304 3619 Virgil.
1369 3585 1511 3619 aphorice,
1531 3582 1686 3610 Intercalare
1704 3580 1736 3615 qli
1749 3579 1868 3614 D1fferre.
1905 3580 1966 3606 Liu.
1984 3588 2009 3619 9,
2023 3588 2039 3613 9
2056 3587 2099 3614 pr.
2131 3579 2178 3605 Sed
2199 3579 2216 3605 si
2231 3588 2273 3606 me
2287 3578 2412 3611 audiatis,

628 371 697 399 Lael.
715 377 746 394 22
772 367 806 392 Ea
824 365 928 394 caritas,
947 372 1014 398 quae
1028 363 1064 389 est
1078 363 1147 388 inter
1162 366 1235 387 natos
1256 364 1282 385 et
1308 359 1322 385 ⁵
1387 365 1397 384 1
1408 365 1618 386 NTERAEST
1631 363 1648 381 v
1660 363 1696 389 o,
1714 360 1765 383 are.
1787 355 2010 390 Plin.Epist.6,16
2029 353 2183 380 Stomachus
2194 350 2393 379 interaestuans.
2427 344 2430 351 ’

591 698 655 729 emur
662 687 798 723 formulas.
853 685 926 710 Inter
940 681 1093 717 Agendum,
1118 684 1136 706 i.
1155 680 1216 706 dum
1230 679 1285 713 agis
1347 680 1440 704 tiorum
1461 679 1551 703 ciuitas
1564 680 1591 704 in
1603 678 1690 704 Italia.
1730 676 1809 711 Vulgo
1822 674 1984 702 Teranium.
2020 673 2094 709 Cous.
2108 674 2205 699 Patere.
2218 679 2238 702 1,
2252 678 2292 703 14,
2304 677 2332 702 4.
2368 673 2394 695 ee
2428 673 2434 679 '

392 2505 464 2530 Inter
477 2500 616 2533 Praecipua
631 2495 726 2524 saeculi
743 2497 896 2520 ornamenta
912 2490 977 2515 Plin.
993 2486 1071 2522 Epist.
1086 2491 1109 2517 8,
1124 2493 1160 2515 12,
1176 2493 1195 2510 1·
1250 2483 1292 2508 In·
1306 2485 1338 2516 63
1355 2485 1398 2511 vel
1414 2484 1543 2519 gratiam,
1563 2492 1617 2517 quo
1631 2484 1690 2517 quis
1709 2484 1861 2517 magistratu
1876 2484 1954 2510 citius
1968 2483 2071 2516 abiret,
2089 2483 2224 2509 diutiusue
2239 2482 2404 2516 fungeretur,
2426 2495 2436 2506 *r

526 3175 551 3201 S.
565 3173 641 3199 Rosc.
655 3180 676 3197 ιι
692 3179 715 3196 c.
729 3177 741 3203 5
767 3170 838 3195 Inter
850 3165 962 3193 Sicarios
977 3163 1108 3190 iudicium
1123 3161 1172 3187 hoc
1185 3160 1301 3195 primum
1366 3169 1431 3186 anno
1444 3161 1552 3185 Romano
1564 3157 1665 3191 menfiu
1693 3161 1720 3184 in
1735 3159 1848 3190 Iuliano,
1868 3158 1930 3184 dies.
1971 3157 2015 3184 Ad
2031 3155 2130 3190 mensem
2146 3159 2257 3190 pertinet
2275 3155 2337 3181 illud
2349 3155 2407 3181 Cat.
2448 3152 2449 3158 ¹

2414 188 2417 195 v

267 3640 333 3664 Aen.
348 3646 380 3669 ιι,
393 3644 430 3662 121
454 3634 630 3668 Conuersique
644 3631 736 3658 oculos
757 3630 825 3656 inter
837 3627 877 3657 se,
897 3631 976 3659 atque
995 3632 1041 3650 0ra
1055 3621 1188 3650 tenebant.
1230 3619 1304 3655 Conf.
1370 3621 1442 3655 prius
1456 3628 1535 3654 quam
1547 3618 1690 3649 dedantur,
1709 3617 1752 3643 hic
1764 3616 1793 3641 in
1806 3615 1917 3642 comitio
1929 3616 2013 3650 virgis
2029 3615 2130 3647 caesos,
2143 3614 2209 3641 hanc
2225 3615 2277 3641 iam
2290 3620 2318 3641 vt
2331 3614 2412 3642 inter-
2454 3618 2456 3620 ’
2477 3629 2479 3650 Q

269 3674 360 3707 Nepos
380 3680 402 3704 3,
417 3680 437 3702 1,
455 3679 474 3695 2.
510 3677 532 3694 et
549 3670 602 3695 Cic.
615 3668 693 3694 Attic.
707 3668 734 3698 6,
751 3674 772 3691 ι.
842 3659 999 3696 Posiposttum
1012 3659 1058 3694 suo
1077 3657 1163 3692 casui:
1197 3655 1253 3682 Cic.
1273 3655 1306 3681 de
1370 3656 1466 3682 calatae
1484 3663 1583 3690 poenae
1596 3650 1700 3680 νῶι-3η]
1719 3651 1838 3678 habeam„

271 3709 355 3734 Amic.
370 3715 399 3739 95
423 3708 497 3739 (Qiae
511 3704 528 3730 fi
541 3713 606 3738 quos
618 3704 686 3730 inter
701 3700 809 3727 societas
827 3704 872 3724 aut
885 3696 937 3728 est,
954 3700 999 3721 aut
1014 3694 1076 3725 fuit,
1096 3698 1139 3718 aut
1158 3691 1246 3717 futura
1261 3690 1306 3722 est,
1409 3698 1418 3717 1
1431 3697 1451 3716 N
1461 3697 1482 3718 T
1492 3696 1612 3717 ERCAL
1622 3689 1670 3714 A'R
1680 3694 1688 3712 1
1699 3693 1728 3718 g,
1755 3695 1778 3712 e,
1814 3686 1874 3713 Adi⁴
1910 3686 2088 3720 [ἓμβόλψος]
2131 3684 2212 3719 Quod
2233 3685 2412 3712 interseritur.

273 3750 319 3769 ‘rc-
389 3741 449 3767 Liu.
463 3745 503 3770 28,
539 3759 545 3765 -
583 3758 589 3764 -
619 3740 698 3771 ,Quos
713 3738 782 3762 inter
794 3734 861 3760 belli
880 3732 953 3757 causa
967 3730 1034 3756 esset.
1093 3729 1252 3767 Frequentius
1269 3729 1307 3752 ita
1316 3733 1365 3752 100
1373 3727 1464 3753 Annus
1479 3723 1654 3753 intercalaris,
1670 3731 1737 3757 quem
1748 3720 1895 3754 Bfflweslem
1909 3722 2022 3748 dicimus.
2058 3721 2124 3747 Plin.
2138 3730 2163 3754 2,
2177 3729 2213 3754 47
2227 3727 2291 3746 extr.
2311 3720 2340 3746 de
2353 3729 2412 3746 ven-

266 3781 388 3817 ponitur,
406 3786 457 3802 cum
471 3775 516 3800 duo
531 3773 619 3809 adfimt
635 3771 797 3806 Sub-stamina.
851 3768 912 3794 Liu.
926 3774 991 3798 22,3
1017 3763 1134 3791 Faesulas
1147 3768 1216 3788 inter
1231 3763 1307 3788 Arre·
1373 3765 1424 3794 tis,
1445 3761 1572 3788 Omnium
1592 3758 1697 3793 quidem
1717 3756 1750 3788 (si
1770 3757 1850 3784 libeat
1869 3757 2011 3784 obseruare
2024 3756 2151 3783 minimos
2170 3755 2302 3789 ambitus)
2323 3755 2413 3782 redire

275 3819 341 3838 tium
362 3821 402 3838 ue.

275 3856 305 3879 4,
318 3822 361 3878 69],
377 3855 391 3873 2
411 3845 527 3871 Tectum
541 3845 610 3871 inter
627 3851 650 3869 et
666 3841 807 3876 laquearia.
874 3838 947 3864 Idem
961 3836 1029 3862 Hist.
1045 3844 1069 3864 2,
1082 3839 1123 3868 78,
1137 3842 1157 3866 4
1186 3832 1309 3858 Iudaeam
1375 3832 1426 3865 do,
1447 3840 1540 3858 verum
1554 3836 1580 3855 et
1593 3828 1756 3862 reliquarum
1771 3829 1950 3862 tempestatum
1964 3836 2056 3861 magna
2070 3836 2101 3853 ex
2116 3833 2195 3861 parte.
2248 3826 2278 3851 Et
2291 3825 2327 3852 est
2340 3826 2411 3860 prin..

471 3810 538 3836 Tac.
554 3812 619 3835 Ann.
633 3818 661 3841 4,
674 3815 712 3839 55,
725 3809 740 3831 6
766 3804 905 3832 Sardianos
920 3802 989 3827 inter
1003 3801 1202 3832 Smyrneosque.
1268 3797 1306 3823 Id.
1374 3796 1478 3824 easdem
1494 3796 1564 3822 vices
1577 3792 1752 3828 quadriennio
1765 3793 1857 3819 exaeh)
1866 3813 1873 3825 ,
1895 3792 2016 3818 Eudoxus
2029 3798 2116 3826 putat,
2134 3800 2188 3817 non
2201 3797 2342 3816 ventorum
2355 3799 2412 3816 mo-

278 3882 345 3907 inter
359 3881 519 3914 Syriamque.
555 3878 707 3910 Add.Virg.
722 3876 773 3902 Ecl.
789 3883 808 3905 1,
823 3881 858 3906 25.
931 3873 962 3898 In
975 3868 1164 3904 compositione
1183 3868 1311 3903 particula
1375 3869 1474 3902 cipium
1492 3865 1567 3891 lustri
1581 3864 1638 3890 eius
1656 3863 1755 3896 semper
1768 3863 1917 3890 intercalari
1931 3871 2017 3895 anno,
2038 3862 2179 3889 Caniculae
2192 3866 2263 3887 ortu.
2355 3861 2414 3888 Cic.
2442 3883 2444 3889 ‚

276 3915 414 3943 adaue'tiua
425 3921 526 3941 vocatur
538 3914 633 3941 Donat.
647 3912 750 3940 in‘rer.
756 3909 838 3937 Andr.
846 3917 874 3942 4,
882 3916 901 3942 1,
910 3914 947 3941 31.
980 3913 1004 3935 et
1016 3906 1083 3934 Eun.
1097 3912 1118 3939 i,
1131 3912 1151 3937 1,
1162 3911 1199 3938 35.
1235 3902 1310 3940 C‘Qfl
1320 3909 1366 3937 105
1375 3911 1424 3938 pro
1437 3901 1530 3936 Qint.
1546 3907 1581 3934 79
1600 3908 1622 3926 c.
1634 3907 1666 3932 25
1690 3899 1740 3926 Dic
1753 3899 1844 3927 Naeui
1857 3899 1936 3926 diem.
1971 3899 2041 3926 Ante
2054 3898 2079 3926 V
2092 3895 2218 3925 Calendas
2235 3896 2415 3966 intercalarjs‚

2296 3941 2315 3959 ι.
2329 3940 2381 3958 men
2391 3939 2414 3958 is
