2479 4225
59 245 117 286 141
437 229 694 270 DIA

95 315 366 353 musca—fea,
390 327 429 346 ae.
449 317 502 353 flue
526 322 782 348 nmmc‘ricr,
800 323 835 342 cs.
861 314 881 354 f7
916 312 1093 356 [διαλειιςικὴ]

59 359 113 387 Ars
133 357 189 383 bene
210 355 356 389 disti-rondi,
383 353 429 381 dno*
448 355 480 380 τέ
503 351 661 388 διαλέγομαι,
677 350 742 392 quod
762 349 913 390 ‘’stssistf'ro
933 357 957 375 ει
979 352 1092 386 Disputo.

60 394 115 420 Cic.
130 393 158 419 in
171 390 271 426 Topic.
286 394 302 417 6
318 400 339 417 c.
355 399 367 416 2
388 389 416 416 de
428 390 532 422 Stoicis,
551 386 684 417 [udicandi
698 385 769 412 enim
782 395 838 412 vias
851 386 993 419 diligenter
1012 388 1093 420 perse.

60 429 198 460 cinisum,
218 436 249 453 ea
260 426 381 458 scientia,
399 435 477 460 quam
491 425 641 451 dialecticen
653 421 793 461 appellant.
835 421 892 461 [sid.
907 421 963 447 Cic.
979 420 1010 447 de
1018 423 1092 449 Orat.

61 470 150 498 2,1‚·7.
222 461 381 493 Dialeffica,
399 461 455 487 veri
477 466 502 487 et
528 459 581 487 falsi
601 457 670 492 quasi
698 456 865 491 disceptatrix
883 463 908 483 et
926 457 1004 483 iudex
1034 458 1090 484 Cic.
1115 459 1128 486 5

59 498 164 530 Acad.4
180 505 241 528 c.23
258 498 320 530 s·9¹·
391 496 548 527 Dialetffica,
567 492 635 528 quasi
649 492 782 518 contracta
795 497 820 518 et
834 491 954 518 adstric‘ta
968 493 1092 526 eloquen-

59 534 97 561 tia
112 533 225 567 putanda
238 533 288 559 est:
323 531 375 558 sine
388 541 438 566 qua
451 533 528 558 ctiam
542 536 585 560 tu,
605 528 701 560 Brute,
720 526 842 553 iudicasti
857 534 882 554 tc
902 528 975 553 illam
997 528 1090 554 iustam

58 568 253 603 eloquentiam,
272 572 349 602 quam
365 566 527 594 dialecticam
546 563 679 590 dilatatam
698 563 745 588 csse
764 568 872 597 putant,
888 564 1012 598 consequi
1037 572 1091 590 non

59 605 128 640 posse
149 604 206 630 Cic.
220 604 251 630 de
266 603 335 629 Clar.
351 603 423 629 Orat.
437 609 492 635 309.
562 598 635 634 Conf-
655 598 695 638 'de‘
710 598 768 638 Fin.
790 607 812 629 2,
828 606 855 636 17
874 608 895 625 c.
909 601 934 625 6.
971 602 1001 624 it.
1016 598 1090 626 Orat.

8 636 12 647 '
60 649 82 666 c.
97 648 135 672 32.
225 638 368 665 Dialetftica
383 636 507 664 infantiae
518 634 620 668 garrula
634 633 771 668 disciplina
795 634 895 660 Auc'lor
907 633 939 660 ad
956 635 1053 661 Hei-en.
1074 644 1090 661 2

59 683 82 702 c.
100 683 130 701 11.
217 673 359 700 Dialectica
372 674 400 700 in
412 668 588 704 excogitandis
602 669 761 704 argumentis
775 676 847 696 muta
861 669 973 695 nimium
992 669 1043 700 est,
1062 670 1090 696 in

61 708 207 738 indicandis
221 709 334 735 nimium
346 709 440 743 loquax
464 705 521 732 Cic.
547 704 580 730 de
600 705 675 731 Orat.
693 713 715 736 2,
727 713 763 736 32.
855 704 999 731 Diale-{lica
1013 705 1091 732 habet

60 746 241 778 rationem,ne
249 746 291 771 cui
304 745 368 771 falso
379 741 549 771 assentiamur,
569 748 636 766 neue
647 748 763 774 vnquam
778 740 890 775 captiosa
903 740 1092 774 probabilitate

58 781 190 809 fallamur.
262 782 293 807 Et
304 778 390 815 paullo
399 774 455 812 pest
474 775 501 802 de
520 774 614 808 eadem,
636 775 706 802 Nam
721 775 773 801 sine
790 775 836 802 hac
851 781 906 801 arte
919 777 1038 810 quemuis
1051 786 1091 803 ar-

60 815 192 844 bitramur
203 824 218 842 a
231 824 296 842 vero
310 813 417 844 abduci,
434 810 546 845 fallique
561 811 629 844 posse
647 812 702 838 Cic.
720 811 752 837 de
766 811 824 838 Fin.
839 819 861 843 3,
874 818 915 844 72.
1005 813 1092 838 Diale.

60 851 127 878 &ica
139 851 227 886 prin-10
243 848 370 886 progressu
387 846 482 873 festiue
507 846 589 872 tradit
613 846 743 873 elementa
758 845 898 881 loquendi.
916 852 943 872 et
956 847 1092 881 ambiguo-

58 895 119 914 rum
149 886 360 921 intelligentiam,
378 881 603 916 concludendique
634 882 765 909 rationem
778 892 784 908 :
819 887 876 907 tum
907 883 995 916 paucis
1020 883 1092 910 addi-

58 922 93 949 tis
117 922 190 948 venit
220 922 252 948 ad
280 919 389 950 Sor-itas,
406 917 541 945 lubricum
573 918 633 944 sanc
662 926 688 944 ct
719 917 899 952 periculosum
929 917 1017 944 locum
1037 919 1092 946 Cic.

60 958 140 984 Acad.
152 966 170 991 4
178 977 186 990 ‚
197 965 237 990 9²·

95 994 358 1022 D1ALECT1CA,
375 989 463 1015 orum.
482 987 517 1023 pl.
531 997 557 1014 n.
594 987 646 1022 [τά
661 986 824 1020 διαλεκτικοὶ]
861 988 917 1015 Cic.
940 989 994 1015 Λα.
1011 998 1054 1023 14,
1066 999 1093 1017 12
1106 994 1141 1013 20

63 1027 197 1055 Accubans
207 1024 272 1061 apud
290 1023 443 1050 Vestorium
460 1023 596 1050 hominem
615 1029 747 1050 remotum
765 1032 781 1049 a
794 1023 954 1056 dialecticis,
974 1025 1002 1051 in
1015 1026 1095 1053 arith-

60 1064 161 1090 meticis
173 1062 230 1088 satis
242 1059 423 1087 exercitatum.
511 1061 543 1086 In
555 1058 700 1086 dialcfflcis
717 1067 824 1085 omnem
839 1068 927 1086 curam
941 1062 1094 1089 consumere

61 1100 117 1126 Cic.
130 1098 161 1125 de
173 1096 240 1124 Clar.
254 1096 328 1122 Orat.
341 1103 391 1128 119.
463 1094 532 1122 Add.
547 1094 578 1121 dc
591 1095 648 1121 Fin.
662 1102 674 1126 3
687 1103 709 1121 c.
727 1103 761 1121 12.

96 1141 115 1162 D
124 1140 133 1160 1
141 1138 210 1160 ALE
218 1138 235 1159 C
243 1138 264 1159 Τ
272 1138 282 1158 1
292 1136 308 1157 C
321 1137 346 1157 E.
366 1129 435 1156 Adu.
472 1131 485 1164 [
497 1128 668 1164 διαλεκτικῶς]
710 1130 758 1161 Vt,
774 1129 918 1157 Dialecffice
930 1130 1016 1158 dicere
1037 1133 1092 1160 Cic.

61 1169 138 1196 Acad.
152 1177 172 1201 1,
185 1172 207 1198 8.
277 1165 420 1192 Dialectice
434 1165 566 1201 disputare
603 1164 678 1192 Idem
697 1165 729 1192 de
744 1165 802 1193 Fin.
819 1173 836 1192 2
848 1175 869 1191 c.
882 1168 907 1192 6.

60 1202 194 1232 dialectice
212 1201 342 1235 Qinciil.
356 1209 380 1233 1,
394 1210 432 1228 10.

95 1245 132 1266 m
141 1243 234 1266 ALEC
243 1244 264 1264 T
273 1236 287 1263 1u
294 1244 310 1264 c
319 1243 339 1262 v
348 1244 360 1264 s
370 1256 378 1269 ,
405 1237 424 1263 i.
463 1245 499 1263 m.
535 1233 720 1269 [διαλεκτικὰ]
757 1236 808 1271 Qu·
836 1236 990 1264 dialecticam
1019 1245 1092 1266 tenet.

45 1292 48 1293 ν
60 1275 116 1302 Cic.
128 1275 156 1301 in
168 1273 241 1300 Orat.
253 1281 281 1305 32
303 1271 459 1307 Disputandi
473 1271 543 1298 ratio
557 1277 582 1297 et
595 1271 722 1306 loquendi
732 1271 938 1299 Diales-:ficorum
953 1274 994 1300 sit:
1029 1275 1095 1302 Ora·

59 1316 146 1338 torum
158 1314 259 1340 autern,
276 1308 382 1335 dicendi
396 1314 421 1334 et
435 1307 556 1334 ornandi.
629 1307 703 1343 Conf.
724 1307 813 1334 Sidon.
833 1308 878 1342 Ep.
892 1318 920 1342 4,
934 1317 954 1335 ιι
967 1310 1054 1336 Carm.
1066 1319 1092 1337 v.

58 1350 82 1377 8.
148 1343 287 1371 Dialectici
299 1342 398 1371 aus-‘lori
411 1343 443 1369 ad
456 1342 623 1369 Herennium
640 1351 672 1375 2,
686 1344 716 1369 16
732 1352 780 1369 non
793 1344 841 1369 alit·
847 1344 909 1380 sunt
921 1353 992 1379 quam
1008 1346 1094 1377 Stoici,
1106 1351 1137 1374 30

56 1387 87 1408 vt
103 1387 128 1406 et
145 1381 209 1406 alias
222 1379 296 1415 saepe
316 1378 384 1414 apud
401 1379 558 1406 Ciceronem
572 1389 578 1404 z
615 1380 681 1405 Nam
697 1378 762 1414 quod
778 1379 959 1415 diligentiffime
973 1385 1094 1407 rationem

59 1414 204 1451 disputandi
226 1414 362 1447 cauebant,
381 1424 465 1441 nomen
489 1413 629 1449 uniuersum
646 1417 777 1449 proprium
799 1415 918 1450 suumque
953 1415 1094 1449 effecerant.

54 1451 97 1477 lta
114 1457 195 1477 autem
214 1450 266 1482 ibi,
286 1449 462 1476 Vehementer
482 1450 614 1484 pertinere
632 1449 812 1484 cognitionem
833 1449 1095 1485 amphibologiarum

55 1494 123 1518 eam,
130 1494 196 1520 quae
209 1494 223 1513 a
237 1485 381 1512 dialecticis
395 1486 547 1520 profertur,
565 1492 609 1511 etc.
629 1485 718 1511 Turn.
726 1494 776 1518 20,
790 1494 828 1511 20.
909 1487 1027 1513 Acumen
1041 1487 1096 1514 dia-

52 1520 209 1549 lecticorum
227 1522 283 1548 Cic.
304 1520 336 1547 de
354 1522 428 1548 Orat.
449 1529 468 1552 1,
481 1528 536 1555 127.

55 1557 135 1583 Acad.
148 1566 176 1590 4,
189 1561 230 1591 98.
303 1556 376 1590 Quid
390 1556 420 1583 sit
433 1565 527 1583 verum
540 1560 584 1582 aut
598 1556 708 1588 falsum,
727 1555 881 1582 dialecticus
897 1556 1027 1584 iudicabit
1056 1558 1095 1586 Id.

53 1591 120 1654 abici.
132 1601 161 1625 4,
197 1612 203 1618 .
239 1612 246 1619 .
302 1592 343 1619 Ad
357 1591 526 1619 dialecticum
543 1590 700 1618 deferendae
714 1592 772 1618 sunt
785 1592 866 1619 sortes
879 1592 1017 1627 ambiguae
1038 1594 1095 1621 Cic.

71 1637 85 1654 e
98 1628 189 1654 Diuin.
204 1636 226 1659 2,
242 1634 288 1660 ¹¹3-

91 1669 128 1690 1>1
138 1670 210 1691 ALE
220 1668 237 1689 c
249 1670 288 1690 TI
297 1668 314 1689 c
323 1669 344 1689 v
353 1670 382 1694 s,
400 1671 430 1695 a,
448 1671 502 1689 um.
523 1661 584 1688 Adi.
620 1658 809 1695 [διαλεκτικὰ]
846 1661 920 1697 ,Quod
936 1662 970 1688 ad
982 1661 1097 1690 dialecii-

54 1706 108 1724 cam
116 1701 236 1733 perfluet.
278 1700 321 1730 Vt,
334 1699 476 1733 Captiones
489 1696 643 1724 dialeciicae
662 1697 718 1723 Cic.
733 1696 765 1723 de
776 1697 836 1724 Fin.
850 1706 879 1729 2,
892 1705 921 1732 17
936 1707 957 1724 c.
972 1700 997 1726 6.

54 1732 214 1767 sputationes
228 1732 383 1759 dialecticae
411 1732 542 1767 Quinetil.
556 1740 580 1765 ς,
595 1740 634 1764 ¹4·

91 1775 111 1794 D
119 1775 129 1794 1
137 1775 160 1794 A
168 1775 184 1794 L
193 1773 210 1793 E
219 1775 236 1794 C
244 1774 265 1793 T
274 1775 294 1794 v
304 1775 316 1794 s
324 1787 333 1799 ,
353 1768 372 1795 ι’.
389 1768 409 1795 f.
446 1768 541 1795 Idioma
548 1768 672 1801 firmmzis
685 1765 752 1799 apud
768 1764 880 1803 diuersos
891 1765 1023 1801 diuerficm,
1036 1770 1097 1801 quia

55 1811 211 1836 unaquaeque
223 1804 322 1837 Lingua
334 1802 432 1836 aliquid
435 1803 564 1837 peculiare
575 1800 655 1826 habet.
691 1800 808 1832 Lingua,
819 1801 844 1832 Ji
859 1800 961 1825 velimus
983 1808 1098 1827 accurate

52 1834 218 1871 distinguere,
237 1834 271 1867 est
282 1835 374 1861 Modus
387 1834 500 1870 loquendi
512 1834 665 1868 diuerstzrum
676 1836 794 1868 gentium.
831 1833 964 1860 Dialed'tus
977 1844 1033 1861 uero
1041 1837 1098 1862 Mo-

53 1870 100 1897 dus
110 1870 224 1905 loquendi
237 1872 264 1895 in
277 1868 381 1902 diuersis
391 1871 535 1903 prouinciis
545 1870 619 1893 vnius
631 1870 715 1904 gentis
727 1876 776 1893 vna
790 1869 888 1905 Lingua
901 1873 1002 1896 utentis.

51 1905 118 1941 apud
144 1906 249 1932 Graecos
266 1905 318 1931 alia
342 1904 475 1930 maffeius
488 1902 521 1936 est
535 1903 637 1937 Attica,
655 1903 706 1928 alia
719 1903 826 1935 Ionica,
845 1905 896 1930 alia
910 1905 1023 1938 Dorica,
1044 1909 1096 1933 alia

53 1941 178 1973 Aeolica,
196 1941 247 1966 alia
267 1939 424 1966 communis.
494 1939 602 1965 Sueten.
618 1938 687 1964 Tib.
707 1947 729 1964 c.
748 1940 780 1971 56
809 1939 941 1965 Zenonem
965 1942 1096 1975 quendam

51 1976 206 2012 exquisitius
223 1975 441 2002 sermocinantem
454 1983 536 2009 quum
549 1974 745 2008 interrogasset,
764 1975 900 2007 Qlaenam
915 1975 961 2001 illa
974 1982 1025 2002 tam
1039 1986 1096 2003 mo-

52 2012 115 2039 lesta
129 2010 254 2038 dialectus
268 2011 327 2037 esset
340 2012 350 2037 3
387 2016 412 2037 et
426 2010 471 2036 ille
483 2008 667 2044 respondisset,
689 2008 818 2035 Doridem
833 2020 838 2035 :
874 2010 1002 2045 relegauit
1019 2013 1096 2039 Cina-

607 1520 682 1547 Mina
699 1529 798 1547 merces
819 1520 1020 1548 diale&icorum
1037 1524 1094 1550 Cic.
1110 1525 1139 1553 35¹

1053 1699 1097 1725 Di.
1103 1698 1140 1723 40

1056 1872 1098 1899 Sic
1104 1872 1138 1899 45

1569 222 1830 268 DlA
2131 244 2197 282 142

1158 322 1212 341 non
1232 315 1334 350 perpeti
1355 315 1524 342 meretricum
1539 315 1731 343 contumelias?
1767 314 1894 349 Exclusit,
1912 326 2039 347 reuocat:
2072 320 2195 350 redeam}

1158 359 1228 382 non,
1245 351 1262 376 si
1276 360 1317 377 ine
1335 350 1460 377 obsecret.

1195 391 1212 410 Ι)
1223 393 1230 412 1
1241 394 1260 413 A
1271 394 1286 412 1.
1296 393 1315 413 0
1325 393 1344 413 G
1353 394 1362 412 1
1373 393 1385 413 s
1395 392 1415 411 T
1424 393 1445 413 Λ
1455 406 1462 418 ,
1482 395 1519 412 ac.
1540 394 1575 413 in.
1612 383 1775 420 [ὣαλογῖςης]
1812 387 1863 427 Qti
1874 393 1951 413 artem
1964 389 2103 424 differendi,
2116 403 2131 419 v
2146 404 2196 421 um-

1158 429 1201 455 qut¹
1215 425 1303 456 optime
1315 421 1393 448 callet.
1431 423 1471 448 S1c
1497 425 1559 448 enlm
1580 425 1607 448 in
1629 421 1762 448 Auidieno
1782 422 1863 448 Callio
1877 431 1898 447 c.
1911 431 1923 454 3
1944 425 2196 462 VulcatiusJL·r1bit:

1160 456 1223 482 Non
1236 457 1353 489 deerant,
1362 457 1408 491 qui
1420 456 1494 482 illum
1513 458 1653 483 Catilinam
1666 463 1802 488 vocarent,
1821 466 1901 491 quum
1915 457 1951 483 ita
1964 460 1988 484 sc
2002 464 2194 499 appellat-igau.

1159 491 1231 518 deret
1246 503 1251 518 ε
1285 492 1412 524 addebat,
1429 494 1459 517 Se
1473 492 1590 518 futurum
1605 493 1740 527 Sergium,
1759 493 1776 519 si
1792 492 1957 527 dialogistam
1977 497 2124 531 occidisset,
2142 503 2195 527 An.

1159 528 1280 553 touinum
1299 527 1487 562 philosophum
1506 527 1657 561 significans

1193 570 1229 589 1³1
1244 570 1284 589 Αι
1304 571 1323 589 v
1334 570 1354 589 T
1364 570 1381 589 E
1390 570 1409 588 N
1420 571 1432 589 s
1444 570 1483 594 is,
1492 571 1514 588 e.
1529 564 1586 588 Adi.
1605 564 1669 589 l’lin.
1678 572 1702 596 9,
1711 563 1766 597 371³.
1775 566 1803 589 61
1824 563 1865 590 Est
1874 563 1951 598 longe
1959 565 2089 599 optimum
2098 578 2196 604 pul-pu.

1156 598 1193 623 ris
1208 598 1367 631 dialutense,
1386 598 1414 624 id
1429 598 1465 624 cst
1477 598 1552 624 vario
1569 598 1617 624 soli
1631 608 1723 632 genere
1743 598 1851 633 pastum.
1907 601 1948 626 Sic
1962 604 2035 626 etiam
2050 604 2132 629 Harrl.
2152 610 2196 640 qui

1107 640 1136 657 ιθ
1153 633 1243 668 probat
1263 632 1428 660 conieHuram
1448 635 1603 668 Dolecampti
1614 653 1622 665 ,
1646 634 1688 667 effi*
1703 644 1731 660 rx
1752 632 1862 660 διάλυτον
1882 633 2027 668 άιᾙόΙυηιηι.
2062 638 2194 674 Salmaflm

1156 667 1296 695 emendabat
1318 669 1477 695 Dislocense.
1514 697 1517 698 .

1195 710 1213 729 D
1225 711 1233 729 1
1243 711 1264 730 A
1273 712 1289 730 L
1298 705 1315 730 is
1325 712 1338 731 8
1348 712 1356 730 1
1366 712 1394 736 S,
1413 704 1445 730 is.
1463 704 1482 729 f.
1508 700 1650 738 [διάλυσις]
1686 704 1774 730 Latine
1787 698 1919 738 Diffolutio
1933 705 2035 733 dicitur.
2071 705 2113 742 Est
2122 713 2195 737 etiam

1156 740 1263 774 Figura,
1283 739 1312 765 de
1325 749 1374 775 qua
1386 742 1412 764 in
1428 744 1611 765 DiALYTON.

1193 780 1210 799 ι)
1221 781 1260 800 ῙΑ
1270 781 1284 799 L
1294 774 1312 800 ’Ῡ
1321 782 1342 801 Τ
1352 781 1371 802 o
1380 781 1411 805 N,
1422 774 1440 801 i.
1452 783 1477 800 n.
1496 771 1644 807 [διάλυτον]
1679 775 1739 800 Dici
1752 775 1834 808 potest
1847 772 2022 803 Diffolutum.
2051 778 2147 813 Figura
2159 781 2196 808 cst

1108 813 1133 840 ις
1157 810 1289 836 contraria
1309 809 1498 842 Polysyndeto,
1516 816 1602 835 carens
1621 809 1854 837 coniunctionibus
1869 820 1884 842 ;v
1912 819 1940 838 vt
1962 813 2038 838 Ferte
2056 815 2103 840 citi
2123 817 2195 843 flam-

1158 854 1229 878 maS,
1250 845 1308 871 date
1323 846 1373 871 tela
1384 865 1392 878 ,
1416 845 1543 880 impellite
1558 853 1652 871 remos.
1690 845 1814 870 Donatus.
1852 848 1955 873 Dicitur
1968 855 1990 873 et
2007 848 2161 884 Asjmdeton,

1193 887 1229 907 DI
1239 887 1292 907 AM
1301 888 1323 906 A
1331 888 1344 907 S
1354 887 1374 906 T
1386 888 1394 907 1
1404 886 1425 907 G
1436 888 1454 907 0
1468 887 1479 906 S
1490 888 1498 906 1
1508 888 1530 911 S,
1538 880 1567 905 is.
1589 880 1608 905 f.
1645 877 1852 914 [διοιμοιςίγωσις]
1888 883 2041 909 sollemnitas
2047 886 2108 920 fuit
2120 890 2199 913 maxi·

1158 924 1197 942 ma
1212 915 1277 951 apud
1287 916 1497 943 Lacedaemonios.
1538 914 1721 941 Tertullianus
1734 914 1764 940 ad
1778 915 1905 947 Martyres
1918 927 1939 943 c.
1949 928 1966 950 4
1987 919 2055 945 Nam
2072 930 2137 955 quae
2150 922 2199 949 ho,

1160 950 1203 977 die
1218 951 1285 985 apud
1306 951 1529 978 Lacedaemonios
1548 950 1706 977 sollemnitas
1719 950 1833 975 maxima
1847 951 1882 976 est
1895 952 2087 988 Diamastigolis
2096 977 2103 989 ‚
2121 957 2148 983 id
2161 958 2198 985 est

1158 987 1318 1021 flagellatio,
1338 996 1391 1013 non
1404 987 1474 1013 latet.
1511 988 1540 1012 In
1565 994 1620 1020 quo
1640 986 1712 1011 sacro
1731 990 1791 1011 ante
1810 994 1881 1011 aram
1904 987 2007 1014 nobiles
2021 992 2121 1026 quique
2135 994 2197 1020 ado-

1158 1022 1281 1048 lescentes
1298 1023 1407 1056 flagellis
1428 1019 1755 1056 affliguntur‚adstantibus
1774 1020 1925 1054 parentibus
1938 1029 1963 1048 ct
1977 1026 2130 1060 propinqui,-
2142 1048 2150 1060 5
2172 1035 2199 1056 ct

1158 1058 1198 1084 vti
1212 1059 1378 1092 perseuerent
1391 1056 1598 1084 adhortantibus.
1651 1055 1719 1082 Adel.
1741 1054 1859 1081 Tertull.
1875 1056 1951 1090 Apol.
1966 1066 1997 1089 50
2024 1061 2102 1087 Certe
2117 1064 2200 1090 Laco-

1157 1102 1221 1119 num
1235 1093 1334 1130 llagella
1349 1093 1396 1119 sub
1409 1094 1492 1119 oculis
1505 1092 1585 1119 etiam
1598 1090 1762 1117 hortantium
1777 1091 1989 1126 propinquorum
1998 1096 2125 1123 acerbata.
2162 1102 2200 1125 De

1157 1129 1204 1155 hac
1222 1132 1294 1155 etiam
1319 1127 1485 1161 Philostratus
1502 1131 1531 1155 in
1552 1131 1607 1153 vita
1630 1126 1712 1162 Apoll.
1739 1132 1762 1152 et
1782 1127 1912 1152 Nazianz.
1939 1128 2012 1164 Greg.
2043 1137 2067 1155 et
2096 1133 2200 1161 Luciam.

979 1168 1094 1195 Probare
1104 1170 1136 1197 25
1156 1167 1183 1191 in
1196 1163 1343 1196 Anacharsi.

1194 1197 1354 1226 ΒιΑΜιὲΤ
1366 1205 1427 1231 ER,
1444 1200 1484 1226 vel
1503 1194 1757 1228 mAME‘ers,
1776 1196 1794 1223 i.
1815 1195 1835 1223 f.
1872 1195 2037 1234 [διάμετρος]
2073 1200 2201 1234 EstReHa

1157 1237 1222 1262 linea
1232 1242 1279 1270 per
1290 1241 1398 1262 centrum
1413 1235 1548 1270 inscripta,
1560 1233 1717 1269 figuramque
1738 1241 1767 1258 ex
1783 1241 1856 1267 aequo
1870 1233 1967 1268 ficans.
2004 1236 2091 1261 Latini
2112 1238 2202 1266 Dime-

1159 1272 1269 1298 tientem
1281 1278 1380 1297 vocant.
1417 1270 1535 1297 Macrob.
1549 1270 1577 1295 in
1590 1269 1678 1295 Somn.
1692 1267 1760 1301 Scip.
1774 1276 1794 1300 1,
1808 1276 1842 1293 20
1860 1270 1930 1295 Haec
1945 1268 2014 1296 linea
2028 1281 2094 1306 quae
2106 1274 2200 1301 orbem

1159 1306 1192 1333 sic
1207 1306 1258 1340 (vt
1269 1313 1314 1342 per
1326 1307 1458 1340 centrum)
1480 1305 1608 1336 transeat,
1628 1303 1774 1337 aequaliter
1793 1302 1907 1337 diuidit,
1933 1305 2083 1333 Diametros
2102 1318 2201 1336 nuncu-

1159 1349 1244 1377 patur.
1280 1343 1348 1368 Item
1361 1342 1447 1368 omnis
1462 1341 1609 1367 Diametros
1623 1339 1801 1373 cuiuscunque
1814 1337 1900 1370 orbis,
1920 1341 2061 1375 triplicata,
2083 1353 2142 1370 cum
2156 1345 2202 1371 ad-

1160 1378 1277 1404 iefflone
1290 1377 1414 1412 septimae
1431 1377 1511 1411 partis
1525 1376 1584 1402 suae
1599 1375 1746 1401 mensuram
1759 1374 1822 1400 facit
1835 1374 1945 1408 circuli,
1984 1385 2019 1402 uo
2032 1378 2104 1404 orbis
2117 1380 2203 1406 inclu-

1159 1414 1232 1440 ditur
1244 1420 1289 1439 etc.
1327 1414 1380 1439 Hoc
1393 1417 1430 1439 ita
1443 1414 1564 1447 eloquitur
1584 1410 1649 1437 Plin.
1664 1419 1687 1442 2,
1702 1418 1728 1442 23
1743 1410 1760 1436 s.
1776 1418 1802 1436 21
1828 1411 1943 1443 Qiantas
1964 1386 2103 1440 dimetiens
2123 1415 2203 1443 habet

1160 1449 1296 1483 septimas,
1314 1454 1395 1475 tantas
1408 1447 1506 1474 habere
1520 1446 1647 1473 circulum
1661 1446 1714 1471 duo
1729 1452 1754 1471 et
1766 1446 1907 1472 vicesimas.
1979 1448 2111 1476 Columel.
2122 1459 2203 1487 5,2,7

1160 1485 1219 1512 Esto
1233 1493 1294 1510 area
1306 1484 1437 1516 rotunda,
1453 1483 1527 1509 cuius
1540 1483 1684 1508 diametros
1696 1480 1789 1506 habeat
1801 1480 1877 1515 pedes
1891 1482 2059 1517 septuaginta.

1198 1526 1357 1547 DiAME'r
1369 1526 1430 1550 ER,
1453 1525 1508 1550 tra,
1529 1524 1608 1543 trum.
1635 1516 1696 1542 Adi.
1731 1516 1891 1549 Firmic.4‚1
1910 1517 2021 1544 Siissnm
2035 1520 2124 1547 Lunae
2145 1531 2205 1549 eur-

1161 1557 1217 1582 sum
1226 1575 1234 1587 ,
1255 1556 1324 1581 Mars
1340 1554 1382 1580 vel
1397 1555 1521 1580 Saturnus
1534 1552 1674 1587 quadrata,
1690 1552 1736 1577 seu
1747 1551 1876 1577 diametra
1888 1552 2037 1581 radiatione
2051 1557 2204 1589 respexerit.

1159 1592 1201 1618 Sic
1214 1591 1275 1616 alibi
1282 1590 1440 1626 frequenter.
1767 1618 1769 1621 ι

1197 1631 1216 1651 D
1226 1632 1235 1650 1
1242 1633 1266 1652 A
1275 1632 1298 1651 M
1308 1632 1326 1651 O
1336 1631 1355 1651 R
1364 1631 1382 1650 O
1391 1631 1424 1656 N,
1432 1624 1450 1650 it
1459 1633 1486 1650 n.
1508 1620 1664 1657 [διαμόρων]
1700 1621 1908 1647 Medicamentum
1921 1624 2062 1656 ςοματικόν,
2070 1628 2088 1650 i.
2096 1628 2135 1651 ori
2145 1636 2206 1662 gra-

1161 1667 1228 1692 tum,
1249 1661 1311 1696 quod
1325 1669 1445 1686 mororum
1453 1659 1553 1693 Jieccum
1566 1660 1664 1691 recipit.
1688 1655 1799 1695 vAuaeflor
1814 1657 1898 1682 Galen.
1913 1667 1924 1683 1
1937 1658 1965 1684 de
1979 1661 2085 1686 Alzmen.
2107 1662 2205 1688 facult.

1161 1696 1256 1722 Pallad.
1271 1695 1402 1729 Septemb.
1415 1695 1457 1720 tit.
1474 1695 1502 1719 16
1514 1695 1599 1719 lemma
1612 1689 1661 1724 qli,
1679 1691 1719 1717 De
1739 1691 1885 1723 Diamoro,
1906 1699 1972 1724 tum,
2005 1695 2113 1722 Succum
2132 1697 2206 1724 mori

1162 1731 1268 1764 agrestis
1282 1730 1429 1764 paullulum
1443 1729 1522 1755 facies
1536 1727 1682 1753 deseruere.
1724 1726 1782 1752 Via.
1797 1725 1857 1752 Οὸὶ.
1871 1728 2012 1755 Horatian.
2027 1738 2046 1762 1,
2063 1739 2097 1763 ις.

1198 1766 1342 1797 ῡιᾹΝΑ,
1363 1774 1400 1792 ae.
1427 1765 1447 1790 f.
1482 1760 1647 1797 [’Άρτεμις]
1683 1770 1698 1786 a
1711 1760 1779 1791 Διὸς,
1791 1761 1865 1799 ⁴quast
1875 1763 2002 1797 louiana,
2023 1767 2091 1792 Iouis
2102 1766 2163 1801 filia
2174 1778 2204 1794 ex

1162 1799 1272 1829 Latona,
1293 1809 1352 1834 quae
1365 1807 1388 1826 et
1402 1801 1492 1831 Luna,
1515 1801 1542 1824 in
1555 1798 1624 1823 Caelo
1637 1803 1660 1822 et
1674 1796 1740 1830 apud
1751 1798 1847 1832 injeros
1860 1798 1967 1825 Hecate.
2015 1801 2126 1827 Diuiana
2141 1804 2206 1830 Var-

1162 1834 1223 1859 roni
1239 1834 1270 1860 de
1285 1835 1314 1860 L.
1329 1835 1359 1860 L.
1373 1845 1391 1868 4
1406 1844 1430 1868 p.
1446 1843 1481 1867 19.
1500 1837 1518 1859 i.
1533 1833 1583 1859 Dia
1594 1834 1634 1858 vel
1644 1832 1715 1859 Diua
1726 1833 1796 1858 lana.
1839 1833 1896 1860 Vid.
1911 1836 1974 1860 Scal.
1984 1835 2012 1861 de
2020 1838 2110 1861 [mend
2126 1843 2207 1873 temp.

1163 1868 1211 1895 lib.
1226 1877 1241 1895 2
1256 1879 1280 1904 p.
1296 1877 1352 1904 174.
1405 1872 1497 1904 Nempe
1513 1870 1574 1894 lana
1589 1868 1651 1894 luna
1664 1866 1705 1900 <sl-
1764 1869 1831 1893 Hinc
1844 1869 1924 1900 Deia,
1945 1869 2060 1906 DeiuaJl
2073 1872 2142 1899 Diua
2161 1879 2208 1900 aut

1162 1904 1213 1930 Dia
1225 1905 1283 1931 adeo
1296 1906 1366 1931 Iana.
1403 1905 1421 1939 (
1431 1904 1488 1931 Vid.
1506 1908 1616 1934 1ANA.)
1653 1904 1688 1929 Ex
1703 1902 1746 1928 illa
1757 1905 1879 1929 varietate
1891 1904 2056 1932 deriuationis
2075 1906 2122 1940 est,
2142 1908 2211 1943 quod

1156 1943 1243 1975 prima
1257 1939 1380 1966 interdum
1390 1939 1554 1975 producitur,
1574 1946 1603 1965 vt
1616 1938 1690 1971 Virg.
1704 1938 1769 1963 Aen.
1784 1946 1802 1968 1,
1816 1945 1859 1970 503
1888 1940 1980 1971 Qalis
2016 1955 2061 1961 ——
2097 1943 2208 1971 Exercet

1162 1975 1247 2002 Diana
1259 1975 1364 2001 choros.
1437 1976 1521 2001 Plures
1537 1974 1632 2000 Dianas
1641 1971 1719 2008 fuisti·
1733 1973 1789 1999 Cic.
1803 1972 1834 1998 de
1848 1973 1884 1999 N.
1902 1975 1932 1999 D.
1947 1983 1970 2006 3,
1985 1980 2012 2007 58
2026 1985 2047 2001 c.
2060 1985 2088 2008 23
2102 1979 2208 2012 scribit.

1162 2011 1250 2036 Prima
1271 2011 1343 2037 Iouis
1363 2015 1390 2036 et
1409 2009 1595 2044 Proserpinae,
1616 2017 1682 2042 quae
1695 2008 1832 2041 pinnatum
1846 2008 1997 2042 cupidinem
2013 2014 2126 2044 genuisse
2140 2013 2207 2041 dici.-

51 2048 120 2075 riam
134 2057 139 2073 :
172 2046 334 2079 existimans,
352 2046 542 2081 exprobratum
556 2044 606 2071 fibi
619 2051 737 2071 veterem
753 2045 872 2071 secessum
881 2066 889 2079 ,
908 2046 981 2081 quod
999 2048 1096 2074 Dorice
1108 2047 1140 2073 50
1162 2051 1206 2072 tur
1220 2056 1225 2071 ε
1261 2046 1371 2072 secunda
1392 2045 1498 2077 notior,
1518 2053 1595 2078 quam
1612 2045 1678 2069 Ioue
1697 2043 1779 2068 tertio
1794 2049 1818 2068 et
1832 2043 1932 2070 Latona
1945 2052 2030 2071 natam
2045 2049 2207 2083 accepimus:

53 2083 154 2111 Rhodii
172 2082 325 2116 loquantur.

89 2125 108 2145 D
117 2126 127 2145 1
135 2125 156 2145 Α
165 2125 182 2144 1.
189 2124 206 2144 E
216 2124 237 2142 v
250 2124 266 2144 C
275 2123 294 2144 0
303 2122 337 2149 N,
345 2115 363 2142 i.
376 2124 402 2142 n.
423 2113 583 2149 [δικλενκδν]
621 2116 694 2142 Croci
699 2114 782 2151 satiui
795 2124 879 2152 genus,
887 2119 914 2143 in
923 2117 1000 2144 medio
1008 2118 1097 2143 'candi-

54 2153 124 2185 dum,
141 2152 205 2180 vnde
217 2159 241 2179 et
252 2161 336 2179 nomen
349 2153 451 2186 accepit.
486 2151 553 2178 Plin.
563 2159 605 2184 ¹21,
620 2153 638 2177 6
654 2150 696 2176 Est
709 2156 734 2177 et
746 2160 793 2185 per
806 2152 831 2177 se
844 2160 924 2185 genus
939 2153 1097 2179 satiuiblan-

57 2189 201 2216 diffimum:
237 2187 336 2222 vulgo,
354 2195 436 2222 quum
449 2186 478 2214 sit
491 2186 581 2213 medio
594 2186 750 2218 candidum,
771 2186 910 2213 dialeucon
922 2194 1024 2215 vocant.

90 2229 110 2251 D
120 2231 186 2251 1A1.
195 2224 289 2251 IBAN
299 2229 365 2256 ON,
385 2223 403 2249 i.
416 2231 447 2248 Ἢ.
482 2222 574 2249 Herba.
603 2221 663 2249 06³1.
677 2222 772 2248 Horat.
788 2231 814 2254 1,
826 2231 864 2249 10.

88 2266 136 2321 Dbl
151 2266 174 2286 A
192 2264 210 2285 1.
232 2265 243 2284 1
257 2265 276 2285 Ο
291 2265 331 2292 Ν,
367 2257 387 2285 i.
424 2267 451 2285 n.
502 2257 604 2292 Herba,
643 2259 677 2285 al.
713 2258 895 2293 Heliotropion.
951 2258 1030 2292 Apul.
1063 2257 1096 2285 de

50 2295 107 2322 Her
128 2314 134 2321 .
149 2303 170 2320 c.
223 2313 229 2320 .

87 2336 106 2356 D
116 2338 126 2356 1
138 2302 242 2362 AL41'9S,
256 2337 280 2356 e.
298 2328 358 2355 Adi.
380 2327 447 2365 quast
459 2329 572 2356 Iouialis.
607 2327 655 2355 ota-el
668 2328 700 2355 ⁷3
707 2327 776 2361 Διδς,
797 2328 863 2364 quod
870 2330 949 2355 Iouem
956 2328 1096 2366 fignificat.

56 2366 106 2397 Vt,
127 2364 211 2392 Dialis
223 2366 318 2391 flamen
337 2363 397 2391 Liu.
411 2372 435 2397 ς,
447 2372 495 2398 52:
527 2363 597 2391 Vell.
612 2373 639 2396 2,
653 2373 695 2397 43,
710 2373 728 2391 1.
771 2364 841 2391 Gell.
855 2373 893 2396 10,
909 2372 942 2397 ις.
999 2365 1095 2391 Flami-

51 2401 128 2428 nium
145 2401 214 2428 Suet.
229 2401 296 2435 Aug.
311 2409 333 2427 c.
343 2407 378 2432 31.
431 2398 556 2427 Sacerdos
574 2400 611 2426 Id.
626 2399 728 2426 Domit.
742 2409 770 2434 4.

52 2439 78 2468 6,
91 2446 130 2470 4¹·
185 2431 253 2462 Md.
268 2438 313 2468 26,
321 2444 367 2473 ι25.
404 2442 449 2470 27,
461 2440 484 2465 8.
534 2435 592 2462 Vid.
608 2435 676 2461 Gell.
692 2444 730 2467 10,
745 2442 778 2467 ις.
850 2435 941 2461 Tacit.
954 2444 983 2468 4,
996 2438 1024 2462 16
1045 2435 1094 2462 Sed

50 2470 103 2499 lata
113 2473 171 2504 lex,
192 2480 244 2505 qua
265 2470 411 2502 Flaminica
429 2469 514 2497 Dialis
533 2471 667 2497 sacrorum
687 2471 760 2497 causa
775 2470 804 2496 in
816 2470 941 2504 potestate
952 2471 1023 2502 viri,
1041 2479 1096 2497 cae—

51 2513 107 2534 tera
121 2507 273 2542 promiscuo
287 2506 447 2534 feminarum
458 2506 519 2532 iure
531 2512 626 2540 ageret.
675 2505 732 2532 Vid.
746 2509 818 2532 etiam
832 2508 881 2532 An.
895 2514 918 2538 3,
933 2511 969 2538 58.
1040 2506 1096 2533 Ne-

53 2542 252 2577 muni-Dialem
265 2548 328 2577 prae
340 2542 370 2577 se
382 2542 458 2577 ferre
477 2541 577 2568 videtur
590 2541 731 2575 Inscriptio
743 2548 813 2567 vetus
825 2541 893 2576 apud
906 2542 1010 2568 Reines.
1026 2550 1046 2574 1,
1061 2550 1097 2576 97

51 2581 97 2640 gilii
119 2585 213 2610 tamen,
233 2584 263 2613 p.
286 2586 328 2612 ¹37
350 2574 501 2603 coniunctim
519 2578 570 2613 legi
590 2577 646 2603 vult
669 2577 695 2604 N
702 2577 721 2603 E
729 2577 746 2603 Ρ
754 2577 784 2604 T
791 2577 814 2604 V
822 2577 869 2604 Nl.
876 2577 899 2604 D
907 2578 919 2603 I
926 2578 949 2603 A
956 2578 978 2604 L
986 2579 997 2603 l
1007 2578 1021 2604 S
1029 2597 1038 2610 ,
1058 2579 1099 2604 vel
1108 2578 1139 2609 65

83 2614 232 2648 eptunialis.
267 2612 341 2649 Conf.
354 2612 439 2639 Dialis
454 2612 501 2648 sub
514 2618 591 2640 DIES.

88 2649 282 2681 DIALIA,ium.
294 2657 320 2674 n.
339 2648 483 2674 dicebantur
485 2647 562 2682 sacra
568 2657 583 2673 a
581 2648 688 2682 fiamine
695 2648 768 2673 Diali
769 2646 912 2683 peragenda
924 2647 1016 2673 Tacit.
1025 2648 1092 2673 Ann.

51 2692 75 2717 3,
91 2689 127 2717 58,
142 2692 154 2716 3
172 2684 250 2717 Saepe
265 2682 404 2709 Pontifices
422 2682 504 2708 dialia
523 2682 593 2709 sacra
609 2682 712 2713 fecisse,
728 2681 746 2707 fi
765 2683 861 2708 flamen
880 2681 1031 2707 valetudine
1050 2687 1094 2708 aut

51 2728 162 2745 munere
177 2718 285 2753 publico
304 2716 490 2751 impediretur.

87 2760 107 2779 D
116 2761 158 2780 1A
167 2760 184 2779 L
195 2762 204 2780 1
213 2761 226 2779 s
235 2773 243 2786 ,
262 2762 284 2780 c.
327 2752 384 2779 Vid.
403 2757 481 2778 mes.

87 2794 106 2814 D
116 2795 125 2814 1
135 2795 159 2814 A
168 2795 185 2814 L
194 2795 211 2815 ι.
221 2787 244 2815 A*
252 2795 274 2815 G
282 2795 308 2819 E,
321 2797 357 2815 es.
377 2788 398 2814 f.
417 2784 583 2820 [δὶαλλανῆ]
619 2785 780 2812 Conciliatio
792 2795 808 2812 a
820 2783 912 2818 nostris
923 2784 1091 2820 transfertur.

52 2824 252 2852 consummatio
270 2823 354 2857 Fabio
367 2831 394 2856 9,
406 2831 433 2855 2,
447 2829 491 2854 103
510 2824 550 2847 cui
562 2821 583 2847 F
585 2820 709 2854 igurarest
718 2840 727 2853 ,
747 2829 830 2855 quum
848 2821 925 2854 plura
940 2826 1094 2854 argumenta

50 2859 84 2888 ad
94 2868 176 2886 vnum
190 2858 311 2884 efficium
325 2859 500 2885 deducuntur.
568 2855 636 2883 Add.
651 2863 678 2888 9,
690 2864 710 2887 3,
726 2864 762 2889 49
780 2855 823 2881 vbi
839 2855 875 2881 ad
891 2864 932 2881 eas
947 2854 1044 2890 figuras
1057 2864 1095 2881 re-

45 2895 120 2932 fert,
156 2894 228 2922 uibus
239 2902 293 2920 non
306 2894 386 2920 verba
400 2893 499 2926 modo,
518 2890 565 2918 sed.
580 2890 666 2918 sensus
689 2890 760 2917 idem
782 2890 909 2917 facientes
928 2896 1093 2918 aceruantut.

57 2930 136 2958 Viden
153 2940 182 2957 us
196 2927 228 2962 gli
240 2936 308 2956 totus
328 2930 404 2956 locus.
841 2943 843 2945 »

88 2971 106 2992 D
116 2973 179 2993 1A1.
189 2964 208 2992 ὅ
216 2971 237 2992 G
245 2972 265 2991 V
275 2972 288 2992 S
296 2984 305 2998 ‚
324 2965 344 2992 1'.
369 2973 404 2990 ln.
440 2960 590 2997 [διάλογος]
625 2963 714 2988 Latine
727 2960 873 2997 Disputatio
880 2971 889 2986 .·
908 2970 924 2988 a
937 2959 1091 2995 διαλέγομαι,

51 3000 117 3038 quod
127 3000 160 3035 cst
173 3001 288 3037 Disputo.
323 3001 413 3028 Oratio
426 2997 470 3032 cst,
479 3001 507 3024 in
522 3007 570 3034 qua
581 2997 736 3033 disputante:
748 2997 956 3028 introducuntur,
974 3004 1093 3033 quotquot

52 3030 149 3064 aubiori
161 3036 268 3063 libuerit.
303 3037 341 3062 Dc
347 3035 459 3072 sermone
463 3033 599 3070 familiari
605 3053 614 3066 ,
632 3042 676 3059 nec
683 3032 737 3066 fine
749 3035 815 3063 ioco,
834 3033 1025 3065 Cic.Att.13‚13
1045 3034 1091 3059 Fe—

53 3072 140 3099 liciter
152 3072 250 3104 velim,
271 3071 395 3107 inquam,
415 3076 494 3105 teque
510 3069 598 3096 laudo.
636 3068 685 3095 Sed
698 3067 820 3104 quando?
856 3067 936 3094 Nihil
950 3068 981 3094 ad
996 3077 1038 3094 me
1052 3069 1091 3095 in-

54 3107 126 3142 quit,
147 3107 178 3134 de
191 3113 310 3142 tempore
325 3118 331 3133 :
365 3107 492 3141 quoniam
506 3103 681 3145 rennprobo.
716 3104 750 3130 At
768 3112 833 3138 ego,
853 3103 979 3138 inquam,
999 3105 1090 3131 censeo
1102 3107 1135 3134 80

30 3144 34 3147 ⁴
54 3151 142 3177 prius,
162 3152 240 3178 quam
253 3142 440 3177 proficisceris,
460 3142 498 3168 ita
510 3147 580 3176 patri
594 3148 700 3175 quoque
715 3148 817 3166 morem
831 3140 943 3174 gesseris
980 3140 1094 3171 Faciam,

59 3178 160 3212 inquit,
176 3184 205 3205 vt
217 3179 311 3205 censes.
348 3178 399 3205 Hic
420 3177 539 3211 dialogus
557 3175 590 3202 fic
604 3176 741 3202 conclusus
754 3175 799 3201 est.
834 3174 884 3201 Sed
906 3174 971 3202 heus
982 3181 1027 3207 tu,
1047 3182 1094 3202 etc.

57 3212 146 3247 Scripsi
158 3219 209 3240 tres
223 3213 305 3240 libros
319 3214 347 3240 in
361 3213 535 3248 disputatione
555 3217 581 3238 et
594 3211 701 3246 dialogo
720 3211 776 3238 Cic.
791 3212 862 3237 Fam.
879 3219 899 3243 1,
912 3219 937 3243 9.
1008 3211 1094 3237 Inclu—

60 3246 118 3273 dere
130 3247 157 3274 in
169 3248 285 3284 dialogos
305 3250 360 3276 Cic.
375 3252 427 3275 Att.
442 3257 477 3281 13,
489 3257 535 3281 40.
607 3246 738 3281 Qiinffil.
752 3254 775 3279 ς,
790 3254 817 3281 7,
829 3251 857 3276 28
876 3246 920 3272 vbi
931 3245 960 3272 de
979 3246 1094 3273 interro-

60 3281 162 3315 gatione
173 3284 296 3316 iudiciali,
317 3285 344 3311 Si
352 3284 424 3319 qnod
436 3290 523 3311 tamen
533 3283 681 3318 exemplum
689 3282 721 3309 ad
730 3281 909 3309 imitationem
917 3280 1095 3309 demonstran·
1108 3288 1136 3317 ες

59 3317 123 3343 dum
134 3317 179 3349 sit,
197 3320 279 3346 solum
294 3320 345 3353 est,
365 3320 436 3355 quod
449 3328 480 3346 ex
494 3318 615 3354 Dialogis
632 3318 842 3350 Socraticorum,
859 3318 1026 3352 maximeque
1039 3318 1094 3344 Pla-

62 3353 148 3383 tonis,
165 3352 224 3380 duci
233 3356 334 3389 potest:
370 3356 399 3382 in
422 3354 519 3390 quibus
542 3354 607 3381 adeo
630 3354 708 3381 scitae
728 3354 788 3380 sunt
810 3353 1046 3388 interrogationes,
1066 3360 1097 3380 vt

60 3396 119 3414 cum
133 3386 260 3422 plerisque
271 3390 337 3417 bene
352 3390 555 3426 respondeatur,
572 3399 613 3417 res
626 3396 714 3416 tamen
726 3389 758 3416 ad
772 3388 817 3419 id,
834 3388 905 3423 quod
925 3389 1021 3415 volunt
1040 3387 1094 3416 cffi-

60 3432 134 3454 cere,
155 3423 294 3456 perueniat.
328 3427 401 3462 Conf.
422 3434 450 3460 ς,
471 3435 518 3459 14,
539 3433 579 3460 27.
614 3425 653 3452 Id.
666 3434 699 3458 9,
715 3433 746 3457 2,
758 3433 781 3457 31
801 3426 941 3451 Sermones
954 3424 1095 3451 hominum

61 3458 216 3486 affimulatos
235 3457 317 3487 dicere
335 3459 448 3495 διαλόγες
465 3461 581 3494 malunt,
601 3470 695 3496 quam,
715 3460 788 3495 qued
809 3460 966 3486 Latinorum
986 3460 1093 3495 quidam
1104 3467 1140 3493 90
1161 3455 1328 3490 Omniuaga,
1347 3454 1400 3481 vid.
1423 3460 1632 3481 OMNIVAGVS.

62 3494 185 3521 dixerunt
196 3513 204 3525 ,
222 3493 471 3525 sermocinationem.
541 3498 673 3532 Proprium
686 3495 886 3532 Philosophorum
899 3495 1041 3530 Dialogum
1050 3496 1096 3532 fu-

59 3528 101 3563 iffe
113 3531 236 3556 Lucionus
250 3526 336 3555 auctor
346 3531 378 3564 est
389 3535 417 3558 in
427 3533 475 3560 Bis
488 3532 611 3568 accufizto.
646 3533 687 3560 Sic
699 3532 778 3566 Apul.
792 3531 893 3558 florid.
907 3540 933 3563 2,
972 3551 977 3558 .
1058 3551 1065 3558 .

65 3565 123 3591 Vid.
137 3566 160 3591 'et
171 3565 262 3600 Scalig.
278 3564 345 3591 Po'et.
357 3575 378 3597 1,
388 3576 411 3598 3.
446 3569 483 3595 De
495 3567 604 3603 artificio
618 3576 697 3594 eorum
711 3569 838 3594 Himerius
851 3567 918 3602 apud
931 3567 1055 3599 Photium,
1071 3572 1096 3594 et

58 3601 181 3628 Sturmius
195 3600 265 3626 Part.
279 3599 385 3626 Dialefl’.
399 3612 425 3636 4,
437 3610 464 3633 18
476 3610 564 3640 agunt.
633 3601 675 3636 sisi
681 3604 830 3638 praeclarus
846 3604 908 3629 liber
920 3602 949 3628 de
961 3603 1068 3638 Dialogo
1080 3612 1096 3628 a

59 3636 117 3662 Car.
132 3635 231 3672 sigonio
245 3634 338 3661 erudite
349 3636 377 3660 et'
389 3637 505 3697 eleganter
517 3639 631 3675 soo'ptus
649 3638 789 3674 editusque,
806 3647 836 3664 ex
853 3647 900 3674 quo
919 3637 1096 3672 Dialogorum
1106 3644 1138 3670 95
1160 3642 1194 3660 va
1215 3633 1296 3660 Ollid·
1312 3633 1376 3659 Met.
1391 3635 1417 3665 6,
1453 3651 1460 3658 ·
1499 3651 1505 3659 ·

58 3674 125 3698 ratio
138 3671 238 3697 hauriri
251 3679 263 3696 e
281 3672 347 3706 regie
356 3674 422 3704 pote]
436 3691 442 3698 .
478 3673 631 3700 Phauorinus
642 3674 709 3709 apud
719 3676 769 3701 Dio
789 3694 795 3699 .
814 3675 900 3700 laert.
921 3676 948 3699 in
968 3676 1024 3699 vita
1038 3674 1095 3699 Pla-

57 3706 155 3742 tonis-J:
165 3713 198 3741 48
220 3715 251 3732 au
280 3715 307 3732 or
322 3703 365 3737 esi,
378 3706 500 3734 Platonem
506 3713 614 3743 primum
626 3709 756 3736 introduxi
776 3719 787 3736 e
799 3707 934 3743 Dialogos.
970 3708 1044 3742 Quod
1057 3711 1096 3734 ita

57 3741 241 3777 intelligendum
253 3739 297 3774 est,
310 3750 357 3766 non
371 3740 436 3776 quod
446 3749 501 3767 ante
517 3745 639 3771 Platonem
655 3745 717 3772 nulli
734 3747 831 3772 omnino
848 3743 957 3777 Dialogi
972 3744 1094 3780 fuerint,

52 3775 100 3814 sed
110 3776 212 3804 rudibus
224 3783 247 3802 et
262 3777 383 3812 impolitis
395 3777 538 3812 elegantiam
562 3779 601 3806 ille
612 3783 711 3816 primus
731 3790 761 3808 ac
776 3778 958 3816 perfectionem
983 3778 1093 3807 addidit.

65 3812 120 3838 Vid.
134 3812 285 3839 Athenaeum
297 3822 330 3843 11,
343 3821 376 3846 15·

86 3855 87 3858 ¹
97 3853 284 3876 D1ALOG13
294 3854 318 3873 M
327 3854 348 3873 v
358 3854 370 3874 s
379 3866 387 3879 ,
409 3846 427 3872 i.
455 3853 491 3872 m.
526 3844 717 3886 [δὶαλογισμδς]
752 3850 781 3878 A
811 3848 955 3877 Rufiniano
980 3849 1092 3886 refertur

60 3883 127 3908 inter
141 3881 267 3909 schemata
280 3880 393 3915 διάνοιαι,
410 3891 491 3916 quum
504 3882 603 3909 scilicet
616 3885 682 3919 Quis
702 3888 790 3912 secum
807 3895 866 3912 rem
884 3886 1000 3920 aliquam
1016 3886 1092 3913 volu-

60 3922 131 3949 tans,
149 3922 270 3952 tanquam
285 3927 344 3944 cum
357 3918 440 3944 altero
454 3917 613 3952 colloquens,
631 3920 775 3955 interrogat
787 3926 812 3948 et
826 3918 972 3955 respondet.
1009 3922 1093 3948 Exem-

50 3953 122 3988 plum
136 3952 227 3988 infigne
240 3952 273 3986 est
285 3953 347 3980 illud
357 3954 425 3980 Ter.
438 3954 502 3979 Eun.
520 3961 539 3985 ι,
552 3961 571 3984 ι,
584 3961 597 3978 2
624 3955 693 3987 Qiid
706 3956 788 3990 igitur
805 3957 901 3983 faciam
915 3958 925 3983 ἓ
959 3965 1014 3983 non
1033 3965 1091 3983 eam

55 3995 90 4016 ne
102 3995 172 4016 nunc
183 3988 305 4025 quidem,
318 3997 401 4026 quum
413 3989 531 4025 accersor
543 3988 615 4019 vitro
627 3989 638 4021 Ξ
671 3998 706 4020 ιιι
717 3992 805 4028 potius
817 3992 856 4023 ita
873 4001 917 4023 me
930 4001 1092 4030 comparem,
1099 4002 1145 4031 105

1112 2219 1140 2247 55
1161 2222 1272 2248 venando
1279 2222 1359 2256 Jiluas
1373 2221 1493 2247 incolebat
1502 2241 1509 2252 ‚
1524 2229 1658 2255 paucarum
1672 2229 1798 2255 vtrgtnum
1811 2223 1928 2248 comitatu
1940 2230 2062 2250 contenta.

808 2402 839 2426 Et
852 2401 925 2434 Apex
939 2399 1014 2426 dialis
1035 2395 1138 2427 Liu.60

1102 2755 1138 2783 70

1098 3824 1146 3843 100

1163 2082 1257 2107 tertiae
1278 2087 1350 2115 pater
1370 2081 1434 2114 Vpis
1456 2080 1582 2111 traditur,
1598 2078 1696 2103 Glauce
1711 2083 1803 2103 mater.
1858 2079 1921 2105 Eam
1935 2080 2029 2107 Graeci
2045 2084 2117 2117 saepe
2133 2086 2208 2119 Vpin

1162 2122 1271 2151 paterno
1281 2116 1391 2142 nomine
1404 2115 1543 2150 appellant.
1580 2113 1625 2141 Sed
1638 2112 1682 2140 illa
1694 2112 1885 2148 nominatissima
1897 2114 1929 2147 est
1937 2135 1944 2147 ‚
1962 2126 2021 2152 quac
2034 2118 2112 2145 eodem
2127 2128 2209 2155 partu

1161 2161 1214 2177 cum
1229 2152 1344 2186 Apolline
1364 2160 1392 2177 ex
1407 2152 1465 2176 Ioue
1477 2157 1500 2175 et
1514 2151 1609 2176 Latona
1622 2154 1682 2175 nata
1703 2146 1745 2181 est.
1789 2150 1856 2175 Haec
1870 2150 1898 2176 ob
1919 2154 2083 2188 virginitatis
2101 2165 2208 2182 amorem

1154 2186 1245 2222 fertur
1257 2188 1379 2213 hominum
1391 2186 1515 2221 consortia
1522 2183 1631 2221 fuglffi’s
1651 2191 1674 2210 et
1689 2191 1719 2210 vt
1731 2194 1746 2210 a
1750 2184 1779 2219 se
1798 2184 1913 2211 libidinis
1927 2191 2057 2222 pruritum
2077 2198 2210 2224 amouere&

2111 2228 2209 2253 Arcum

1155 2257 1258 2294 serebat
1272 2265 1296 2283 et
1303 2258 1465 2293 pharetram,
1482 2253 1615 2290 succint‘l'a
1625 2255 1722 2291 'semper
1733 2255 1866 2293 incedens,
1887 2265 1908 2283 et
1923 2259 2041 2285 cothurno
2056 2261 2161 2291 induta,>
2179 2262 2210 2288 ob

1162 2293 1227 2321 hanc
1241 2294 1336 2329 causam
1342 2292 1463 2326 siluarum
1476 2299 1500 2318 et
1512 2300 1634 2318 nemorum
1645 2290 1692 2318 dea
1701 2291 1848 2325 putabatur.
1891 2293 1948 2320 lsai.
1963 2294 2070 2321 Seruius
2083 2298 2143 2323 locis
2152 2299 2210 2332 plu·

1161 2331 1249 2359 rimis,
1267 2338 1326 2364 quae
1340 2328 1512 2363 Musiricianus
1524 2326 1599 2353 index
1606 2326 1688 2362 facile
1695 2326 1875 2361 suppeditabit.
1930 2331 2088 2364 Spanhemt'us
2096 2334 2211 2368 praeser-

1162 2367 1209 2390 tim
1223 2364 1256 2390 ad
1268 2364 1440 2390 Callimachum
1453 2369 1497 2389 etc.
1569 2362 1626 2388 Cic.
1645 2361 1676 2388 de
1697 2362 1733 2388 N.
1756 2362 1787 2388 D.
1808 2371 1832 2393 2,
1847 2365 1878 2393 68
1891 2372 1913 2390 e.
1926 2372 1972 2399 27,
1990 2367 2081 2400 Itaque
2097 2374 2123 2393 vt
2138 2368 2207 2402 apud

1162 2400 1277 2425 Graecos
1292 2400 1422 2430 Dianam,
1443 2406 1554 2432 eamque
1568 2397 1735 2429 Luciferam,
1753 2397 1787 2423 sic
1802 2398 1870 2432 apud
1883 2400 1985 2426 nostros
1993 2401 2120 2427 lunone-11³
2130 2404 2209 2428 Luci-

1160 2444 1223 2461 nam
1237 2435 1266 2460 in
1280 2434 1406 2469 pariendo
1419 2434 1559 2466 inuocant,
1579 2442 1645 2467 quae
1666 2433 1757 2459 eadem
1779 2434 1862 2460 Diana
1885 2435 2032 2469 Omniuaga
2058 2437 2110 2469 (al.
2126 2438 2209 2465 Anni-

1162 2474 1244 2505 vaga)
1260 2470 1374 2503 dicitur,
1392 2478 1446 2496 non
1459 2478 1473 2496 a
1488 2469 1633 2501 Venand0,
1651 2469 1695 2494 sed
1708 2468 1778 2502 quod
1798 2469 1827 2494 in
1847 2471 1943 2502 septem
1963 2470 2059 2503 (stellis
2073 2474 2208 2508 planem)

1161 2513 1316 2533 numeratur
1330 2513 1455 2540 tanquam
1467 2504 1634 2539 vagantibus.
1669 2503 1752 2529 Diana
1767 2503 1853 2534 dieta,
1871 2504 1933 2537 quia
1948 2505 2038 2532 Noeiu
2054 2508 2124 2541 quasi
2134 2508 2208 2537 diem

1161 2541 1282 2568 efficeret.
1320 2540 1471 2567 Adhibetur
1482 2546 1568 2566 autem
1584 2538 1616 2565 ad
1630 2543 1726 2571 partus,
1741 2536 1812 2571 quod
1826 2537 1848 2563 ii
1861 2538 2036 2567 maturescunt
2049 2548 2094 2569 aut
2108 2544 2208 2578 septem

1162 2585 1367 2610 nonnunquam,
1388 2582 1432 2602 aut
1444 2581 1473 2601 vt
1486 2575 1753 2611 plerumqne'nouem
1766 2572 1842 2598 lunae
1856 2574 1982 2608 cursibus,
2003 2578 2049 2611 qui
2064 2579 2126 2612 quia
2133 2589 2208 2606 men-

1161 2614 1186 2638 sa
1199 2612 1280 2647 spatia
1294 2611 1455 2641 conficiunt,
1466 2609 1568 2634 Menses
1581 2613 1753 2633 nominantur
1765 2614 1810 2634 etc.
1847 2610 1885 2635 De
1896 2609 1977 2636 earnm
1993 2612 2060 2638 Idem
2073 2623 2101 2639 tn
2113 2616 2209 2648 Arato,

1161 2649 1196 2673 Vt
1214 2646 1346 2681 quondam
1359 2645 1448 2671 Orion
1462 2643 1583 2670 manibus
1599 2642 1704 2669 violasse
1719 2643 1829 2669 Dianam
1866 2645 1986 2678 Dicitur,
2006 2654 2050 2674 etc.
2122 2651 2161 2676 De
2175 2651 2207 2677 fi.

1160 2682 1278 2708 mulacro
1294 2681 1395 2707 Dianae
1409 2688 1415 2704 t
1452 2680 1508 2705 Cic.
1523 2680 1598 2705 Verr.
1614 2686 1640 2710 2,
1654 2684 1684 2711 71
1708 2678 1769 2718 Fuit
1788 2677 1859 2713 apud
1884 2680 2032 2715 Segestanos
2050 2692 2081 2710 ex
2099 2693 2158 2712 aere
2175 2685 2208 2712 si.

1160 2717 1308 2743 mulacrum
1321 2716 1430 2747 Dianae,
1443 2720 1499 2740 tum
1512 2715 1612 2739 summa
1626 2718 1705 2747 atque
1717 2714 1892 2748 annquiffima
1904 2718 2052 2750 praeditum
2065 2720 2207 2754 religione,

1160 2760 1207 2779 etc.
1277 2753 1316 2778 De
1330 2750 1434 2784 speculo
1448 2750 1547 2776 Dianae
1569 2748 1643 2774 Seru.
1655 2748 1689 2774 ad
1700 2749 1764 2774 Aen.
1778 2756 1804 2783 7,
1818 2758 1866 2783 5¹3·
1878 2781 1882 2784 Ι
1962 2754 2104 2788 Alphcrnia
2113 2757 2208 2789 Diana,

1160 2786 1311 2817 Amarusia,
1329 2785 1377 2812 vid
1387 2783 1422 2819 ff.
1442 2785 1467 2811 u.
1575 2783 1713 2818 Anniuaga
1732 2786 1801 2811 modo
1813 2794 1946 2814 memorata
1957 2798 1987 2815 ex
2002 2791 2058 2816 Cic.
2074 2791 2106 2817 de
2121 2793 2155 2819 N.
2171 2793 2206 2820 D,

1161 2831 1184 2854 2,
1197 2825 1228 2852 68
1242 2832 1264 2848 c.
1278 2829 1321 2856 27.
1417 2819 1525 2847 Aricina
1544 2819 1598 2846 vid.
1612 2819 1685 2845 Seru.
1698 2820 1732 2846 od
1745 2821 1809 2846 Aen.
1827 2823 1851 2851 6,
1865 2824 1914 2854 136.
2008 2826 2116 2853 Armata
2143 2828 2207 2856 Stat.

1157 2857 1251 2885 Theb.
1265 2865 1292 2890 9,
1304 2855 1367 2890 604‘..
1476 2855 1596 2887 Caryatis
1612 2855 1684 2881 Seru.
1699 2855 1733 2881 ad
1748 2858 1812 2882 Aen.
1829 2858 1959 2891 Ecl.8‚3o.
2057 2862 2133 2889 Clara
2154 2864 2206 2891 Va-

1158 2893 1205 2920 ler.
1219 2894 1318 2927 Argon.
1334 2900 1357 2924 3,
1370 2892 1429 2924 645.
1500 2890 1631 2922 Dictynna
1643 2890 1696 2916 vid.
1706 2891 1731 2927 s.
1748 2893 1766 2918 l.
1874 2894 1998 2927 Fan-elis,
2020 2897 2090 2931 quod
2103 2896 2205 2933 signum

1102 2931 1135 2958 75
1156 2929 1230 2955 illius
1245 2929 1381 2963 lignorum
1394 2927 1463 2953 fasce
1476 2926 1660 2958 absconditum
1672 2926 1705 2952 ab
1714 2927 1805 2954 Oreste
1819 2928 1936 2955 Ariciam
1950 2930 2066 2958 delatum
2081 2933 2116 2959 est
2132 2936 2205 2962 Seru,

1160 2965 1194 2992 ad
1206 2966 1270 2991 Aen.
1283 2974 1306 2996 2,
1320 2965 1368 2990 116.
1463 2962 1604 2988 Iaculatrix
1625 2961 1707 2988 Ouid.
1723 2962 1788 2989 Fast.
1801 2971 1826 2996 2,
1840 2972 1888 2997 155.
1961 2966 2034 2993 Idem
2048 2969 2127 3002 Epist.
2138 2979 2164 3003 4,
2172 2975 2206 3004 87

1157 3000 1232 3035 Qud
1252 3000 1329 3027 iuuat
1349 2997 1480 3024 incintfflie
1504 2997 1588 3024 studia
1608 3005 1729 3024 exercere
1743 2998 1865 3026 Dianae?
1936 3002 2058 3035 Inferna,
2078 3007 2096 3029 i.
2113 3006 2205 3031 Hecate

1155 3036 1245 3063 Valer.
1267 3036 1367 3070 Argon.
1389 3040 1418 3066 ς,
1436 3038 1487 3065 238.
1594 3033 1716 3067 Integra,
1735 3033 1761 3061 h.
1775 3043 1796 3060 e.
1821 3036 1990 3073 [neor-rupta,
2009 3037 2077 3072 casta
2092 3050 2100 3065 ;
2135 3041 2203 3068 flor.

1156 3070 1208 3099 Od⁴
1223 3080 1247 3105 32
1259 3080 1289 3105 42
1302 3078 1338 3107 70

1270 3116 1277 3128 ““
1356 3118 1447 3147 Testis
1466 3127 1586 3146 mearum
1599 3119 1761 3146 centimanus
1775 3120 1844 3153 Gyan

1353 3155 1565 3188 Sententiarum,
1585 3162 1662 3182 notus
1675 3161 1701 3181 et
1720 3156 1837 3191 integrae

1352 3191 1488 3218 Tentatur
1507 3191 1595 3218 Orion
1619 3192 1720 3217 Dianae

1354 3227 1482 3263 Virginea
1502 3226 1618 3253 domitus
1638 3226 1738 3261 sagitta.

1159 3276 1250 3305 Tacit.
1264 3277 1333 3304 Ann.
1344 3286 1373 3311 4,
1386 3286 1418 3311 43
1439 3276 1550 3304 Auditae
1570 3276 1664 3303 dehinc
1683 3274 1953 3304 Lacedaemoniorum
1971 3283 1997 3304 et
2014 3278 2204 3307 Messeniorum

1159 3314 1304 3348 legationes
1318 3312 1349 3339 de
1363 3313 1422 3340 iure
1438 3313 1531 3347 templi
1545 3311 1643 3338 Dianae
1657 3310 1839 3345 Limenetidis.
1934 3312 2069 3340 'Lucifera
2078 3333 2085 3346 ‚
2106 3318 2122 3340 i.
2132 3316 2203 3342 Luna

1160 3349 1248 3376 Valer.
1273 3349 1373 3383 Argon.
1392 3356 1418 3382 7,
1441 3356 1486 3383 179
1520 3349 1588 3388 vulg.
1609 3347 1751 3374 Laetifera.
1858 3348 1956 3374 Lucina
1978 3348 2051 3383 Virg.
2066 3350 2118 3375 Ecl.
2133 3361 2204 3384 4,.10

1160 3385 1234 3412 Casta
1249 3385 1327 3417 fane,
1351 3384 1468 3415 Lucina,
1487 3389 1546 3409 tuus
1561 3391 1614 3409 iam
1628 3390 1718 3418 regnat
1731 3383 1837 3417 Apollo.
1943 3383 2024 3409 Ouid.
2039 3385 2204 3419 Met.1;‚196

1161 3421 1219 3448 Nec
1243 3428 1304 3455 par,
1333 3424 1378 3446 aut
1399 3419 1490 3445 eadem
1507 3419 1653 3445 nocturnae
1673 3419 1760 3446 forma
1776 3419 1874 3444 Dianae
1908 3417 1962 3444 Esse
1975 3420 2059 3453 potest
2075 3430 2202 3455 vnquam.

1710 3453 1820 3485 Orthia,
1841 3452 1925 3489 vids.
1938 3455 1955 3480 l.
2063 3456 2133 3482 Tria
2148 3458 2205 3484 vir-

1161 3492 1231 3526 ginis
1244 3500 1292 3517 ora
1308 3491 1408 3517 Dianae
1429 3491 1504 3524 Virg.
1519 3491 1585 3516 Aen.
1599 3499 1626 3523 4,
1641 3497 1687 3522 511.
1724 3488 1824 3514 Alludit
1856 3488 1890 3514 ad
1904 3492 1957 3515 tria
1976 3494 2074 3517 nomina
2094 3493 2203 3519 Dianae.

1160 3528 1293 3554 Siluarum
1324 3532 1415 3561 potens
1452 3526 1520 3552 Hor.
1543 3526 1571 3551 in
1592 3526 1679 3551 Carm.
1700 3523 1792 3550 saecul.
1806 3532 1825 3549 ι.
1931 3525 2013 3552 Ouid.
2029 3528 2094 3552 Met.
2109 3535 2146 3560 14,
2162 3537 2205 3560 331.

1161 3564 1291 3597 Qiaeque
1313 3561 1404 3588 colunt
1431 3561 1567 3593 Scythicae
1585 3560 1702 3594 stagnum
1715 3558 1851 3585 nemorale
1863 3558 1972 3587 Dianae.
2066 3563 2203 3589 Succinela

1161 3598 1243 3625 Ouid.
1257 3599 1350 3624 Amor.
1364 3606 1386 3629 3,
1399 3605 1425 3629 2,
1440 3605 1474 3629 3¹·
1546 3597 1665 3623 Taurica
1690 3594 1742 3620 vid.
1755 3595 1827 3621 Seru.
1841 3594 1876 3620 ad
1887 3596 1952 3621 Aen.
1969 3598 1994 3628 6,
2008 3600 2058 3629 136.
2129 3599 2204 3625 Tor-

1576 3629 1728 3657 Verecunda
1753 3629 1833 3656 Ouid.
1851 3630 1881 3657 in
1900 3630 1960 3658 Ibin
1973 3637 2029 3665 481.
2141 3633 2201 3660 Vid-

1160 3668 1239 3703 Apul.
1272 3668 1336 3694 Met.
1368 3676 1393 3694 u
1419 3674 1463 3703 pr.
1502 3666 1546 3693 vbi
1578 3666 1667 3691 Lunae
1696 3667 1802 3692 omnium
1835 3667 1945 3693 Dearum
1982 3671 2082 3694 nomina
2115 3675 2138 3694 et
2155 3675 2202 3705 po.

1158 3703 1258 3738 testate:
1277 3703 1441 3739 qfflgnantur.

1195 3745 1214 3767 D
1224 3746 1295 3767 IAN
1305 3737 1318 3766 ἶ
1327 3745 1347 3765 ν
1356 3745 1369 3765 s
1379 3757 1388 3771 ,
1403 3747 1434 3770 a,
1455 3742 1508 3763 um.
1529 3735 1588 3762 Adi.
1625 3736 1699 3771 Quod
1709 3734 1742 3769 est
1755 3737 1862 3763 Dianae.
1898 3736 1980 3764 Ouid.
1995 3737 2061 3764 Fast.
2073 3745 2095 3771 ς,
2106 3746 2148 3773 141

1353 3778 1488 3811 Exagitant
1501 3782 1526 3801 et
1538 3777 1604 3808 Lar,
1626 3781 1653 3802 et
1665 3774 1742 3802 turba
1754 3776 1851 3803 Diania
1865 3776 1935 3803 fures
1944 3795 1951 3808 ,

1389 3812 1603 3846 Peruigilantque
1616 3811 1712 3844 Lares,
1732 3812 1945 3847 peruigilantque
1968 3822 2051 3839 canes.

1157 3849 1284 3877 Turbam
1290 3849 1413 3877 Dianiam
1427 3847 1532 3881 appellat
1539 3857 1611 3874 canes
1618 3849 1715 3874 Dianae
1724 3848 1831 3880 dicatos,
1841 3856 1923 3883 utpote
1931 3848 2017 3882 quibus
2024 3850 2107 3874 utitur
2115 3849 2202 3874 Diana

1157 3889 1284 3913 venatrix.
1320 3886 1360 3911 Sic
1374 3882 1448 3909 Festo
1457 3882 1555 3909 Dianus
1569 3882 1641 3909 locus
1649 3882 1749 3909 Dianae
1763 3885 1882 3910 sacratus.
1921 3883 1966 3909 Sed
1980 3886 2074 3909 monuit
2081 3884 2202 3918 Scaliger,

1157 3920 1283 3957 (egendum
1298 3918 1439 3958 Dianium..
1469 3918 1511 3946 Sic
1523 3918 1585 3947 Liu.
1598 3927 1618 3953 r,
1630 3924 1664 3955 48
1684 3918 1725 3956 Ad
1739 3920 1871 3953 summum
1884 3918 2014 3954 Cyprium
2026 3918 2130 3946 vicum.
2151 3917 2200 3944 vbi

1158 3956 1286 3985 Dianium
1297 3963 1382 3990 nuper
1400 3953 1460 3985 suit.

1463 4023 1480 4058 8'
1512 4033 1530 4058 a
2108 4030 2200 4057 ,mn-
