2479 4225
31 175 103 248 349
393 186 673 229 EME

33 291 92 321 quae
108 279 223 309 embolia
239 280 416 314 pronunciaret
432 283 568 313 ageretque.
611 277 670 304 Vid.
687 285 743 303 mox
763 280 838 302 EMB
849 279 869 300 ο
880 278 988 299 ΜνΜ.
1024 271 1066 299 Sic

35 317 155 348 Harduin.
170 315 205 342 ad
214 316 258 342 loc.
270 317 314 340 cit.
324 311 380 349 post
393 314 484 348 Scalrg.
493 316 519 339 in
533 313 624 339 Manil.
639 320 662 346 ς,
675 320 718 345 27.
752 312 837 338 Aliter
843 308 950 348 ’Salmas
965 307 997 334 ad
1011 308 1066 333 νο-

55 353 98 380 isei
113 350 246 378 Aurelian.
260 357 295 383 42
308 358 332 384 p.
345 357 398 380 530.
417 352 460 384 qui
474 349 651 383 Empolariam
663 348 724 373 velit
734 345 800 381 apud
812 344 925 370 ΡΙιιιιιιιιι
935 363 943 375 ,
961 346 979 368 ι’.
993 352 1064 379 quae-

26 363 163 424 ffiuariam,
179 384 243 421 quod
254 384 366 420 scenicae
382 385 496 411 mulieres
515 384 607 410 eaedem
623 380 742 418 quaestum
756 386 855 414 corpore
864 379 982 413 facerent
992 398 1001 410 ‚
1018 385 1067 406 etc.

35 422 83 453 Sed
97 431 150 449 mox
161 420 227 448 redit
240 426 334 446 mutata
341 419 468 456 fluitent&
480 419 513 445 ad
525 418 700 445 Embolariam
713 416 752 442 vel
764 414 970 446 Emboliariam,
989 416 1007 440 i.
1015 413 1067 449 sce-
1088 423 1103 449 ς

36 461 128 488 nicam,
146 455 270 482 emboliis
285 454 350 486 illis,
370 463 430 490 quae
446 454 514 481 modo
525 455 648 484 diximus,
662 450 747 487 fiebito
760 449 930 485 excogitandis
945 456 968 475 ct
978 452 1070 475 iacien-

36 492 219 529 dis-florentem.
254 490 322 517 Ada'.
338 491 399 517 Nic.
411 492 522 517 Alcman.
541 489 575 516 ad
583 489 697 522 Procopii
707 485 802 512 Anecd.
819 493 840 511 c.
852 493 869 518 9
881 494 906 519 p.
922 493 958 517 33.

30 529 36 533 ’
71 532 245 555 EMBomv
253 533 294 558 M,
310 525 328 552 i.
349 534 375 551 n.
412 524 561 559 [ἔμεῗόλιον]
593 527 722 558 cognatum
737 528 766 546 vt
779 527 874 555 etymo,
891 523 928 546 ita
939 518 1069 556 fignifica-

35 565 100 590 tione
122 561 271 593 emblemaei,
291 560 388 596 aliquid
401 562 518 597 insertum
539 565 582 586 aut
595 561 715 584 intextum
731 559 841 583 orationi
848 562 951 590 practer
964 556 1070 590 canj‘am,

34 598 101 626 velut
114 596 276 632 Episodium.
312 596 354 624 Sic
365 603 429 623 certe
447 597 502 622 Cic.
515 593 547 621 ad
560 594 611 626 Q.
626 593 668 618 Fr.
681 600 702 623 3,
717 600 726 617 1
742 598 806 618 extr.
834 589 980 617 Mirificum
993 589 1068 623 ἓμβᾶ-
1084 600 1113 618 ιο
1129 591 1171 617 nis
1190 591 1228 618 Id.
1244 590 1276 617 de
1291 591 1362 617 Clar.
1374 591 1448 616 Orat.
1466 596 1524 621 259.

35 635 84 660 λων
97 633 184 667 cogito
205 631 233 658 in
251 631 393 658 secundum
413 630 542 658 librorum
559 630 680 654 meorum
699 626 793 661 (credo
811 626 839 652 de
857 626 988 662 Consulatu
1000 625 1069 661 suo)

35 666 187 699 includere,
209 667 339 693 dicentem
360 666 523 701 Apollinem,
542 669 588 689 etc.
649 661 696 689 Sed
713 661 787 688 Idem
801 670 848 696 pro
863 662 930 688 Sext.
952 669 988 694 115
1001 670 1023 686 c.
1037 669 1069 695 34

36 704 94 731 Cur
105 703 151 730 ille
162 703 215 737 ipse
233 704 348 729 maxime
361 702 447 728 ludius
462 708 515 726 non
527 698 613 726 solum
631 697 776 732 spedlator,
793 696 836 723 sed
850 696 925 723 actor
943 703 969 722 et
982 705 1070 723 acroa-

36 748 96 770 ma,
116 738 161 774 qui
179 738 270 764 onmia
282 737 380 765 sororis
401 734 515 763 embolia
528 734 621 765 nouit,
638 733 685 768 qui
705 733 734 759 in
746 738 851 759 coetum
865 731 1008 758 mulierum
1023 741 1070 766 pro

36 774 140 809 psaltria
159 772 315 806 adducitur,
336 781 382 799 nee
399 776 457 797 tuos
471 769 548 795 ludos
562 769 694 803 adspexit,
714 769 743 794 in
758 768 808 794 isto
821 767 923 794 ardenti
935 767 1071 793 tribunatu
1089 777 1114 803 ις

35 810 102 836 suo?
137 810 188 835 Hic
200 810 275 837 latere
286 807 432 844 turpiculum
445 805 576 841 quidquam
588 804 704 835 videtur,
723 813 776 830 cum
788 802 900 838 allusione
913 803 946 829 ad
960 803 1070 836 ἑμβόλικ

28 844 146 882 fienica,
165 851 189 870 et
201 851 305 878 etymon.
342 844 432 877 Nempe

71 885 279 911 EMBOLVM,
302 878 320 905 i.
339 887 365 903 n.
385 883 408 903 et
433 880 631 907 εΜΒοινς,
652 874 671 901 i.
692 883 729 901 m.
765 874 904 904 Paxillum,
927 873 1021 899 Cuneus
1034 874 1075 900 vel

33 915 131 950 aliquid
147 915 284 941 huiusmodi
295 912 357 949 quod
363 911 401 947 sc.
412 913 567 937 immittitur.
604 911 646 937 sic
659 913 686 936 in
704 909 833 936 Machinis
845 909 1001 943 hydraulicis
1014 910 1072 935 Em-

35 949 115 976 bolus
128 953 183 980 erit,
199 953 267 976 cuius
273 955 335 975 motu
348 949 471 982 reciproco
478 946 577 981 sursum
590 947 715 972 attollitur
729 953 800 980 aqua.

37 993 75 1011 12.
111 985 216 1012 Emboli
237 982 342 1010 masculi
355 981 419 1008 lima
433 981 529 1016 politi,
549 986 575 1007 et
589 981 650 1007 oleo
663 980 773 1007 subacti.
815 980 889 1015 Conf.
902 979 975 1006 Bata,
989 981 1072 1006 Lexic.

37 1018 58 1057 ff
79 1029 96 1046 2.
130 1018 243 1054 Rostrum
260 1021 346 1050 viantis,
378 1024 408 1043 vt
426 1019 515 1043 Graeci
533 1016 625 1043 Rostra
645 1019 672 1042 in
683 1016 746 1077 {oro
764 1016 834 1042 Rom.
854 1017 955 1049 ἔμβολα
974 1022 1072 1042 vorant.

37 1057 142 1084 Petron.
156 1065 176 1082 e.
184 1064 215 1088 30
233 1053 347 1081 Fascium
355 1052 436 1079 imam
449 1058 549 1086 partem
557 1051 627 1086 quali
641 1060 681 1077 em
702 1051 777 1077 olum
791 1051 867 1077 nauis
875 1059 985 1077 aeneum
998 1050 1072 1077 finie-

37 1091 92 1119 bat.
135 1091 191 1118 Vid.
207 1091 247 1116 Fr.
261 1089 328 1116 Pieh.
342 1087 502 1114 ColleHanea.
516 1087 576 1113 ibid.
591 1086 681 1119 Schff
700 1086 728 1112 de
742 1087 823 1112 Milit.
839 1088 906 1113 Nau.
919 1096 954 1118 11,
964 1097 987 1120 5.

72 1133 90 1153 Ε
98 1133 173 1153 MBR
181 1132 202 1152 Α
210 1131 226 1152 C
235 1132 256 1151 Τ
264 1131 285 1151 V
295 1131 334 1156 M,
352 1130 368 1150 E
376 1130 400 1150 M
411 1130 427 1150 Β
435 1130 454 1150 R
463 1130 480 1149 E
491 1129 508 1150 c
523 1128 545 1148 T
555 1129 577 1147 v
586 1129 610 1148 M
619 1142 628 1154 ‚
647 1131 679 1147 an
700 1128 717 1148 Ε
726 1128 751 1147 Μ
760 1129 775 1148 Ρ
785 1128 805 1147 H
815 1129 834 1147 R
843 1129 864 1148 Α
873 1129 889 1148 c
899 1128 919 1147 T
929 1128 949 1147 v
961 1123 1001 1148 M?
1019 1121 1073 1156 (fic
1086 1131 1118 1158 25·
1134 1122 1226 1149 tiendo
1241 1120 1349 1156 quidem
1363 1121 1479 1154 potueris
1492 1119 1628 1146 auetorem
1640 1117 1797 1144 adumbrare
1810 1117 1968 1144 meliorem?

38 1164 103 1188 enim
115 1163 245 1188 variatur.-
270 1159 333 1186 illud
346 1159 420 1185 libris
426 1157 641 1194 praeferentibus,
665 1155 891 1191 haecfitbstituente
909 1156 1073 1192 consessura)

37 1196 99 1233 quid
103 1195 142 1231 fit
166 1196 238 1230 Apic.
253 1203 291 1227 10,
304 1203 333 1227 14
355 1194 466 1221 iudicari
478 1200 507 1220 vt
514 1192 606 1228 pofflt,
619 1200 740 1227 ponamus
751 1199 830 1219 totum
844 1193 907 1223 cibi,
926 1196 969 1228 qui
982 1196 1019 1219 ita
1032 1203 1074 1219 vo-

36 1239 110 1259 catur
118 1231 268 1268 formulam:
289 1229 473 1264 Emphraeium
488 1229 623 1255 Baianum.
674 1228 778 1255 Ostreas
791 1228 921 1261 minutas,
940 1228 1074 1263 Sphondy-

37 1266 93 1300 Ios,
118 1267 228 1298 vrticas,
252 1266 280 1292 in
299 1265 422 1291 cacabum
442 1265 548 1296 mittes,
581 1263 687 1290 nucleos
709 1263 790 1290 tostos
808 1264 942 1296 concisos,
973 1271 1075 1296 rutam,

1497 182 1533 223 E
1623 183 1673 223 M
1753 182 1788 223 E
2096 199 2165 238 350

1161 279 1178 300 Ε
1188 276 1392 300 MENDATE.
1427 272 1496 299 Adu.
1531 271 1586 298 Cic.
1600 270 1633 297 de
1646 271 1707 305 Opt.
1719 279 1777 304 gen.
1791 272 1865 297 Orat.
1878 281 1897 305 4
1909 281 1932 300 c,
1946 281 1960 299 2
1975 273 2168 302 perficiendum

1128 308 1173 340 est,
1187 314 1216 335 vt
1229 317 1293 342 pure
1306 313 1332 333 et
1345 307 1480 334 emendate
1493 307 1646 342 loquentes,
1664 306 1736 340 quod
1749 306 1784 332 est
1799 307 1900 333 Latine.
1970 311 2102 343 Qiinftil.
2118 317 2141 344 8,
2158 320 2169 337 1

1129 344 1269 370 Emendate
1291 342 1375 377 loqui.
1447 343 1552 369 Vitruu.
1567 351 1605 375 10,
1618 351 1638 368 11
1667 341 1808 368 Emendate
1828 341 1983 371 describere.
2055 348 2169 384 Compar.

1129 380 1194 406 Plin.
1210 388 1252 412 34,
1267 384 1280 408 8
1302 377 1468 404 Emendatius
1481 379 1576 404 facere.

1164 422 1180 440 E
1190 422 1213 441 M
1223 422 1239 441 Ε
1249 422 1270 441 Ν
1279 421 1298 441 D
1306 415 1329 440 Ᾱ
1337 420 1358 440 Τ
1368 420 1386 439 0
1396 420 1414 438 R
1423 432 1430 444 ‚
1459 413 1522 439 Oris.
1547 423 1583 439 m.
1618 410 1818 446 [ἒποινορθωτῆς]
1864 412 1918 438 Cic.
1934 422 1982 447 pro
1999 417 2079 443 Corn.
2094 417 2169 445 Balb.

1130 457 1162 475 20
1176 459 1196 476 c.
1212 455 1225 479 8
1249 451 1273 477 O
1287 448 1449 484 praeclarum
1469 449 1639 482 interpretem
1654 448 1736 480 iuris,
1757 447 1893 474 auetorcm
1911 449 2091 485 antiquitatis,
2111 463 2170 481 cor.

1130 485 1261 512 rectorem
1274 491 1351 518 atque
1364 483 1561 510 emendatorem
1578 483 1680 510 nostrae
1690 483 1814 510 ciuitatis.
1885 484 1958 509 Idem
1973 485 2084 521 Philipp.
2099 497 2123 520 2,
2135 498 2169 522 43

1129 521 1185 547 lam
1202 522 1274 547 enim
1294 518 1420 554 quoniam
1440 518 1595 545 criminibus
1615 519 1672 545 eius
1692 519 1752 545 satis
1770 518 1910 552 respondi,
1928 519 1961 545 de
1980 520 2035 554 ipso
2050 524 2171 551 emenda-

1130 560 1188 582 tore
1202 561 1227 582 et
1239 555 1388 582 corrthore
1401 553 1492 580 nostro
1501 554 1625 588 quaedam
1639 554 1750 580 dicunda
1763 554 1829 580 sunt.
1900 555 2059 582 Emendator
2072 559 2170 586 sermo-

1131 627 1146 653 }
1189 627 1201 651 ἲ
1594 589 1697 616 Timor
1715 589 1751 616 cst
1765 589 1919 616 emendator
1935 591 2080 618 acerrimus
2103 595 2169 622 Plin.

1140 627 1150 652 j
1170 626 1188 652 it
1203 646 1209 652 .
1225 633 1251 660 7,
1264 633 1302 660 17.

1152 636 1182 688 PE
1191 668 1214 687 M
1224 668 1240 687 E
1249 668 1271 687 N
1279 668 1297 687 n
1307 662 1329 687 Ᾰ
1339 667 1387 687 TR
1396 666 1407 685 1
1416 667 1435 686 x
1444 678 1451 691 ‚
1476 658 1531 685 icis.
1552 658 1572 686 f.
1592 659 1648 686 Cic.
1656 659 1687 686 de
1698 660 1777 694 chg.
1787 668 1807 692 1,
1816 664 1844 692 58
1859 670 1880 686 c.
1889 669 1922 688 22.
1942 661 2078 695 Qioniam
2090 662 2173 690 vitio-

1132 706 1190 724 rum
1203 696 1407 723 emendatricem
1419 695 1505 729 legem
1517 695 1565 721 esse
1579 700 1692 730 oportet.
1747 697 1789 724 Sic
1801 696 1883 723 Tusc.
1896 706 1926 729 4,
1941 699 1975 730 69
2001 697 2173 726 Emendatrix

1130 738 1201 759 Vitae
1215 732 1327 766 poetica.

1166 774 1214 794 EM
1225 774 1241 793 E
1250 774 1271 792 N
1281 773 1299 792 D
1308 774 1328 792 A
1337 771 1359 791 Τ
1370 771 1380 791 1
1395 772 1414 792 0
1426 785 1433 797 ‚
1459 765 1526 792 onis.
1560 765 1579 791 f.
1616 765 1810 800 [ἐπανόρθωσις]
1847 766 1902 793 Cic.
1916 767 1949 793 de
1963 768 2021 794 Fin.
2039 777 2066 801 4,
2078 776 2106 796 21
2120 778 2142 796 c.
2154 778 2174 803 9

1132 804 1203 831 Haec
1216 801 1342 829 videlicet
1357 800 1393 827 est
1408 801 1540 827 correctio
1553 800 1736 836 philosophiae
1749 801 1856 834 veteris,
1876 808 1903 828 et
1914 803 2073 831 emendatio.
2129 805 2174 832 Se-

1132 838 1231 865 veritas
1243 837 1436 863 emendationis
1468 837 1598 870 Qiinctil.
1613 846 1638 869 2,
1651 847 1677 870 4.
1750 838 1876 870 Accipere
1889 838 1997 865 auribus
2012 839 2173 868 emendatio-

1133 883 1194 900 nem
1215 872 1289 900 Idem
1302 880 1325 904 2,
1338 874 1363 898 6.
1433 872 1543 898 Obstare
1557 871 1736 899 emendationi
1756 872 1794 898 Id.
1811 881 1831 904 1,
1846 881 1870 898 2.
1906 873 1975 900 Ado'.
1987 874 2025 900 Id.
2040 885 2076 907 10,
2090 885 2116 909 4.

1167 917 1183 936 E
1192 916 1216 935 M
1225 915 1241 935 E
1251 915 1272 934 N
1282 914 1300 933 D
1310 915 1332 934 A
1342 914 1357 933 B
1367 905 1401 933 fr
1412 915 1421 933 1
1431 914 1443 932 s
1452 927 1460 940 ,
1480 917 1503 934 e.
1522 908 1582 934 Adi.
1619 909 1670 941 Qn'
1682 910 1777 942 corrigi
1785 906 1873 941 potest.
1910 909 1970 936 Liu.
1983 918 2030 943 44,
2044 920 2072 937 10
2090 913 2121 939 In
2134 921 2176 940 er-

841 944 898 970 Vitl'·
913 945 1021 970 Vitruu.
1037 953 1118 977 ¹0‚20
1132 954 1222 972 rorem
1237 942 1432 970 emendabilem
1447 944 1540 977 lapsus.
1576 943 1649 978 Conf.
1671 943 1727 968 Scn.
1742 944 1773 967 de
1787 943 1870 968 Clem.
1884 951 1910 976 2,
1923 952 1949 978 7.

1169 988 1187 1008 Ε
1197 987 1222 1006 Μ
1233 986 1249 1006 E
1257 986 1280 1005 N
1288 985 1307 1004 D
1315 986 1337 1005 A
1346 985 1367 1004 T
1379 985 1397 1003 0
1405 985 1423 1004 R
1433 986 1442 1004 1
1451 985 1471 1004 v
1481 986 1493 1005 s
1502 999 1510 1011 ‚
1530 978 1666 1012 Augustin.
1680 977 1758 1011 Epist.
1773 985 1828 1009 109.

1170 1020 1371 1045 EMENsvs,
1388 1014 1442 1040 vid.
1465 1019 1657 1041 EMETioR.

1171 1058 1188 1078 E
1196 1058 1221 1077 M
1229 1058 1246 1077 E
1255 1057 1277 1076 N
1288 1055 1309 1075 T
1318 1057 1328 1075 1
1338 1055 1356 1075 ο
1366 1056 1384 1075 R
1393 1069 1401 1081 ,
1421 1050 1464 1075 ῐιι.
1500 1046 1658 1082 [ψεύδομαι]
1694 1045 1837 1082 Οονιῇηςενε
1848 1047 1949 1081 aliquid
1954 1048 2034 1084 falso,
2047 1050 2119 1086 idque
2125 1059 2176 1087 Ρη,

1133 1095 1192 1113 vero
1208 1086 1297 1113 dicere.
1333 1084 1387 1111 Cic.
1402 1094 1450 1119 pro
1463 1085 1551 1111 Domo
1570 1084 1613 1109 sua
1627 1088 1658 1113 80
1691 1080 1765 1115 Qud
1780 1082 1956 1115 desperatius,
1982 1085 2029 1118 qui
2042 1094 2075 1111 ne
2087 1095 2178 1114 emen,

2022 1120 2103 1147 Ouid.
2111 1123 2178 1149 Met.

1136 1166 1158 1191 5,
1172 1162 1213 1188 188
1236 1157 1291 1190 Qli
1304 1157 1329 1182 se
1341 1156 1458 1190 genitum
1477 1154 1644 1190 septemplice
1657 1153 1726 1180 Nilo
1763 1153 1909 1179 Ementitus
1922 1159 1985 1179 erat.
2058 1156 2113 1182 Cic.
2130 1166 2179 1191 pro

1135 1194 1211 1220 Rosc.
1225 1193 1314 1219 Amer.
1331 1199 1377 1226 127
1395 1192 1448 1226 Ego
1463 1191 1527 1218 haec
1539 1190 1630 1217 omnia
1645 1187 1846 1222 Chrysogonum
1859 1188 1946 1215 fecisse
1960 1189 2031 1222 dico,
2049 1196 2078 1217 vt
2090 1200 2180 1218 emen.

1135 1229 1248 1260 tuetur,
1272 1233 1302 1254 vt
1314 1227 1414 1253 malum
1432 1227 1516 1253 ciuem
1535 1225 1659 1252 Roscium
1680 1224 1755 1250 fuiffe
1776 1225 1895 1259 tingeret.
1974 1224 2048 1251 Idem
2062 1227 2137 1254 Verr.
2152 1236 2180 1260 2,

1137 1269 1169 1296 89
1181 1274 1201 1290 c.
1215 1267 1245 1296 3⁶
1266 1263 1333 1289 Eum
1347 1268 1434 1289 autem
1449 1260 1617 1288 inimiciss'uui
1632 1259 1733 1286 Sthenii
1746 1259 1855 1285 domum
1870 1260 1942 1285 silam
1956 1260 2041 1286 statim
2055 1262 2180 1295 inuitant,

36 1303 143 1337 apium,
162 1302 252 1337 piper,
269 1300 455 1332 coriandrum,
472 1299 624 1332 cuminum,
638 1299 750 1334 passum,
769 1298 919 1334 liquamen,
938 1309 1072 1332 carenum,
1087 1311 1119 1335 30
1136 1306 1165 1327 vt
1186 1300 1305 1325 animum
1324 1298 1380 1325 eius
1404 1298 1432 1323 in
1451 1297 1588 1324 Sthenium
1609 1297 1816 1327 inflammarent,
1842 1296 2010 1322 ementiendo
2029 1296 2132 1332 aliquid
2153 1304 2181 1326 et

35 1338 136 1364 oleum.
172 1339 240 1364 Hinc
251 1338 403 1372 colligimus,
422 1334 591 1363 Embreflum
605 1335 657 1361 dici
663 1333 786 1370 potuilfi,
812 1344 828 1362 a
845 1335 918 1362 verbo
931 1337 1027 1371 βρέχειν
1040 1339 1075 1362 ri-

35 1382 113 1409 gare,
137 1372 265 1408 iusculum,
291 1371 438 1398 embamma:
468 1370 557 1404 ve1‚fi
574 1378 697 1405 ponamus
710 1371 821 1405 paullum
839 1371 948 1397 humoris
968 1371 1077 1405 affusum

30 1408 149 1443 pluribus
157 1407 249 1442 flecis,
275 1406 478 1441 EmphraCtum‚
499 1416 513 1432 a
531 1407 643 1441 φράσων
656 1406 697 1432 vel
710 1404 869 1440 ἐμφράσσων,
888 1406 1076 1442 quatenusfar-

34 1447 86 1470 cire
96 1442 230 1479 fignificat,
236 1442 350 1478 fartum,
362 1442 478 1478 impeti-fii,
492 1451 539 1478 qua
545 1441 664 1478 farcitur
675 1439 816 1474 intestinum
829 1442 869 1467 vel
879 1451 937 1467 caro
951 1449 1077 1468 excauata.

70 1484 175 1504 EMBR
187 1485 204 1504 Y
216 1485 282 1510 ON,
306 1478 325 1503 i.
351 1487 377 1504 n.
410 1478 429 1504 s.
450 1483 626 1509 EMBRYO,
643 1476 712 1503 onis.
727 1486 763 1502 m.
801 1475 948 1512 [ἐμέρύων]

27 1511 119 1549 festus
127 1519 220 1575 Ρὲινιάιις
236 1513 339 1540 dicitur.
393 1515 481 1549 Nuper
492 1515 592 1549 genitus
611 1512 715 1549 infans,
734 1513 774 1538 vel
786 1512 878 1538 crudus
896 1519 921 1538 et
932 1512 1079 1549 indigestus,

33 1558 61 1575 ιη
79 1555 118 1575 mt
158 1552 183 1575 ui
201 1558 237 1575 as.

62 1558 89 1610 qE
96 1590 122 1610 M
130 1590 145 1610 13
153 1591 173 1610 R
180 1592 199 1611 Υ
209 1590 229 1610 0
239 1591 258 1610 R
266 1591 283 1611 E
292 1590 308 1611 c
318 1590 339 1610 T
348 1590 364 1610 E
373 1589 387 1609 S
395 1603 404 1616 ,
415 1592 454 1610 ae.
467 1592 503 1609 m.
524 1580 717 1615 lustramentum
730 1582 861 1610 extrahens
869 1582 955 1618 fetum
967 1586 995 1610 in
1009 1590 1079 1612 utero

36 1625 166 1647 mortuum.
215 1619 276 1648 Vid.
288 1619 408 1646 Tertull.
426 1618 457 1645 de
469 1618 566 1645 Anima
583 1627 606 1644 c.
621 1624 660 1651 23.

408 1682 435 1713 E
537 1680 577 1711 M
677 1680 705 1711 E

75 1732 93 1753 E
102 1733 126 1752 M
135 1732 152 1753 Ε
162 1733 182 1754 o
190 1746 199 1759 ,
217 1729 271 1754 are.
306 1728 390 1754 Exire.
426 1726 574 1754 Marcellin.
588 1733 629 1758 29,
642 1733 656 1759 ς
685 1726 795 1752 Emeato
807 1724 875 1752 mari
889 1734 949 1752 cum
962 1725 1044 1752 claffe.

73 1767 93 1788 E
101 1768 126 1788 M
135 1767 152 1788 E
160 1769 182 1789 A
192 1768 213 1788 Τ
223 1770 242 1789 ν
252 1769 264 1788 s
272 1781 281 1794 ,
299 1761 338 1789 sis.
355 1772 390 1788 m.
463 1764 553 1788 Exitus
577 1761 650 1787 Idem
663 1768 702 1796 17,
710 1770 729 1794 4
753 1761 833 1788 Nilus
849 1760 897 1787 sub
910 1767 1024 1786 emeatus
1036 1760 1078 1786 sui

38 1796 200 1823 discrimine.
238 1797 361 1823 Nonnulli
372 1797 433 1824 libri
444 1797 535 1823 babent
549 1797 660 1821 Meatus.

75 1838 196 1857 EMED1
207 1838 258 1857 'ro
269 1839 304 1863 R,
324 1833 373 1857 ari.
393 1831 458 1857 vnde

72 1872 90 1892 Ε
98 1871 148 1890 ΜΕ
156 1871 175 1890 ι)
183 1872 192 1890 1
202 1872 252 1890 TA
262 1872 312 1890 Τν
321 1872 350 1895 s,
369 1874 394 1896 a,
408 1873 462 1889 um.
489 1863 582 1888 Partic.
617 1861 770 1888 Emeditatis
783 1860 815 1887 ad
828 1860 891 1887 haec
905 1860 951 1886 illa
964 1860 1079 1893 fletibus,

36 1907 170 1934 quamque
188 1898 340 1924 sanfflffime
353 1904 473 1932 poterat,
492 1897 616 1924 adiurans
629 1897 723 1923 cuneta
736 1896 862 1928 numina,
880 1901 982 1923 tantum
998 1897 1079 1923 scelus

37 1934 168 1962 abnuebat
187 1933 265 1968 Apul.
279 1934 343 1959 Met.
362 1942 388 1960 2.

74 1977 91 1996 E
99 1976 148 1996 ME
156 1976 175 1995 D
184 1975 205 1996 V
214 1975 231 1995 L
243 1975 260 1995 L
271 1975 290 1995 0
299 1988 307 1999 ,
323 1972 376 1995 ire.
405 1966 569 2002 [ἔκμυελόω]
604 1966 739 1994 Medullum
752 1966 888 1993 extrahere.
924 1968 962 1993 De
968 1966 1078 2002 scolymo

39 2005 105 2033 Plin.
120 2013 162 2037 22,
175 2013 205 2031 22
239 2005 306 2030 Item
318 2005 526 2038 graueolentiam
538 2003 639 2029 alarum
658 2002 780 2030 emendat
797 2002 894 2029 radicis
907 2002 1079 2028 emedullatae
1096 2008 1128 2035 50

41 2041 117 2068 vncia
130 2040 158 2066 in
171 2039 230 2066 vini
243 2039 339 2066 falerni
363 2039 478 2067 heminis
491 2038 576 2066 tribus
590 2038 704 2064 decoeta.
777 2038 868 2064 Sidon.
881 2043 904 2070 8,
918 2040 934 2063 6
961 2039 1078 2064 Virtutes

41 2077 137 2104 artium
147 2075 254 2102 istarum
290 2090 336 2095 -——
368 2084 416 2110 per
428 2081 539 2102 aetatem
551 2073 644 2100 mundi
656 2074 710 2100 iam
723 2073 876 2099 senescentis
889 2074 981 2099 lassatis
995 2073 1079 2099 veluti

30 2110 182 2145 ,seminibus
196 2110 384 2144 emedullatae,
403 2118 496 2146 parum
510 2109 613 2144 aliquid
648 2124 694 2129 —
728 2109 865 2136 ostentant.
901 2108 1079 2135 Emedullatae

37 2146 103 2182 ficut
115 2153 238 2173 eneruatae
251 2144 299 2179 est,
318 2155 343 2173 eo
355 2147 421 2183 quod
427 2144 663 2183 praeliantffmum
678 2151 742 2176 erat,
761 2147 847 2180 vigore
854 2144 910 2180 fiw,
926 2152 949 2170 et
963 2145 1028 2170 uelut
1042 2147 1081 2170 vi-

43 2183 93 2209 sali
104 2182 185 2209 robore
196 2184 322 2217 priuatae.

45 2226 111 2244 rare.
145 2217 268 2244 Laudatur
281 2217 363 2243 Plaut.
378 2216 466 2243 Narra
480 2216 533 2243 iam
546 2225 603 2243 rem
615 2215 693 2242 nobis
706 2224 828 2247 omnem,
846 2221 926 2250 atque
939 2214 1080 2242 emedulla.

79 2260 98 2280 Ε
106 2259 130 2281 M
138 2259 155 2280 E
164 2259 186 2279 N
194 2260 212 2280 D
220 2253 234 2279 f
240 2259 256 2280 c
264 2259 283 2279 Ο
292 2273 300 2285 ,
328 2257 380 2279 ire.
417 2251 528 2287 [ἐρανίξω
538 2255 548 2286 ]
586 2252 722 2278 Humiliter
736 2251 842 2286 petendo
861 2257 885 2277 et
906 2251 973 2277 uelut
986 2250 1080 2277 mendi-

43 2288 121 2314 cando
133 2288 229 2324 aliquid
237 2291 378 2323 impetrare.
431 2288 536 2314 Sueton.
554 2288 620 2321 Aug.
633 2297 655 2313 c.
668 2296 696 2320 91
714 2287 812 2322 Stipem
823 2295 838 2313 a
853 2287 952 2321 populo
963 2285 1081 2313 emendi-

43 2331 110 2349 care.
179 2324 252 2350 Idem
265 2325 293 2350 in
307 2324 380 2351 Caes.
389 2333 410 2350 c.
419 2331 451 2357 54
470 2324 501 2350 In
513 2323 640 2358 Hispania
655 2332 669 2349 a
681 2322 836 2349 Proconsule
850 2328 874 2348 et
887 2332 902 2348 a
916 2322 993 2348 sociis
1006 2331 1083 2357 pecu-

40 2359 98 2385 nias
109 2359 206 2393 accepit
218 2359 391 2386 emendicatas
407 2360 437 2389 in
449 2359 580 2385 auxilium
594 2358 661 2385 aeris
675 2358 763 2385 alieni.

41 2394 265 2427 Accusadonibus,
286 2395 387 2429 Singuli
399 2394 569 2429 vniuerfique
583 2394 682 2421 iudices
694 2394 850 2428 cognoscant
863 2394 890 2419 in
903 2394 1016 2428 publicis
1032 2394 1081 2420 cri-

41 2429 159 2456 minibus
170 2439 223 2457 non
236 2436 359 2464 oportere
378 2430 548 2456 emendicatis
562 2429 691 2464 suffragiis
711 2430 894 2460 decretorum,
915 2435 960 2455 aut
974 2429 1081 2456 relatio—

40 2465 119 2491 nibus
139 2474 154 2492 a
166 2465 278 2500 publicis
296 2466 414 2499 personis
433 2464 591 2491 destinandis
613 2464 727 2491 credere.
781 2466 812 2490 Et
824 2468 851 2490 in
869 2465 887 2490 l.
907 2465 1029 2498 Scriniis,
1048 2464 1081 2492 de

42 2500 165 2526 Palatinis
182 2501 313 2526 sacrarum
332 2500 513 2534 largitionum.
581 2501 612 2526 In
625 2500 682 2535 lege
695 2500 780 2534 prima
796 2500 827 2526 C.
845 2499 900 2527 Vbi
920 2500 979 2535 quis
991 2500 1024 2526 de
1038 2509 1082 2526 cu-

2 2581 3 2590 *
43 2576 116 2596 mota
127 2578 141 2596 a
153 2569 256 2603 iudice,
273 2577 319 2597 etc.

2 2650 4 2667 ε
45 2646 68 2673 ς,
80 2648 117 2672 21,
131 2642 148 2666 6
167 2641 233 2674 Qiis
247 2648 333 2668 autem
348 2642 390 2668 hic
404 2642 455 2677 est,
470 2643 516 2677 qui
530 2643 653 2669 emendet·
662 2643 782 2677 publicos
794 2644 900 2669 mores?

81 2611 213 2632 EMENDO
221 2625 230 2638 ,
247 2610 298 2633 ire.
315 2605 631 2643 [s’noevopbeimJCorrigerq
638 2613 662 2633 et
673 2606 788 2634 amentiis
798 2607 910 2634 liberare.
927 2607 994 2634 Plin.
1003 2607 1080 2642 Epist.

955 2643 1011 2668 Cic.
1075 2662 1081 2668 .

47 2684 74 2708 2,
92 2677 120 2702 16
142 2676 181 2702 Ita
192 2677 278 2703 rursus
290 2677 418 2716 remittit,
442 2683 472 2703 vt
484 2687 528 2703 me
541 2684 632 2711 roget,
654 2685 685 2704 vt
703 2678 807 2704 annales
827 2678 886 2703 suos
905 2644 1082 2703 emendenlitett

984 1478 1077 1512 Imper-
1094 1483 1122 1510 35
1139 1478 1199 1504 Liu.
1213 1486 1249 1510 21,
1262 1478 1301 1509 63.

1090 1830 1125 1856 43
1140 1828 1244 1854 tientia.

516 2178 537 2219 fl
562 2189 579 2207 2
614 2182 662 2207 Per
679 2181 754 2206 aliam
772 2183 976 2212 translationem,
992 2181 1079 2206 Decla-
1096 2189 1126 2216 ςς
1143 2181 1210 2221 cipis
1229 2180 1329 2207 aditum
1348 2183 1502 2206 emercatus.

814 2359 844 2385 In
860 2354 878 2384 l.
891 2358 992 2392 Singuli
1005 2359 1034 2385 C.
1048 2357 1080 2384 de
1094 2364 1129 2390 60

1138 1334 1314 1362 criminando.
1387 1335 1418 1360 Et
1433 1334 1498 1359 Part.
1511 1342 1542 1366 50
1555 1341 1577 1358 c.
1593 1341 1623 1366 ¹4
1639 1331 1767 1357 Dolorem
1781 1331 1913 1365 fugientes
1927 1332 2006 1357 multi
2020 1332 2048 1358 in
2061 1339 2181 1361 tormen-

1138 1371 1172 1397 tis
1185 1370 1307 1396 ementiti
1330 1369 1464 1404 (Lambin.
1479 1368 1602 1399 mentiti)
1624 1367 1697 1401 saepe
1711 1367 1769 1393 sunt
1782 1367 1905 1401 morique
1922 1367 2072 1394 maluerunt
2084 1369 2182 1397 falsum

1138 1406 1255 1439 fatendo,
1270 1414 1347 1441 quam
1361 1404 1500 1431 infitiando
1515 1403 1614 1429 dolere.
1650 1417 1696 1422 -—
1731 1401 1787 1428 Alii
1800 1402 1921 1428 ementiti
1933 1403 1992 1428 sunt
2004 1403 2032 1429 in
2042 1402 2099 1435 eos,
2113 1414 2183 1439 quos

1139 1442 1259 1469 oderant.
1328 1440 1452 1475 Auspicia
1466 1439 1592 1466 ementiri
1611 1438 1668 1465 Cic.
1680 1437 1711 1464 de
1725 1437 1817 1464 Diuin.
1830 1446 1850 1470 ι,
1863 1445 1897 1471 ις.
1915 1444 1938 1464 et
1954 1438 2020 1464 Phil.
2035 1447 2051 1465 2.
2064 1449 2086 1466 c.
2099 1448 2127 1473 35
2135 1448 2181 1476 pr.

1371 1476 1426 1502 Cic.
1441 1485 1490 1510 pro
1505 1476 1593 1501 Domo
1606 1475 1649 1500 sua
1662 1483 1693 1506 50
1712 1473 1811 1500 Satisne
1825 1472 1878 1499 tibi
1889 1473 1995 1500 videtur
2007 1483 2021 1500 a
2033 1475 2127 1502 Senatu
2141 1477 2184 1503 iu-

1139 1513 1266 1545 dicatum,
1284 1521 1328 1545 me
1341 1521 1395 1538 non
1407 1510 1488 1537 modo
1501 1519 1556 1537 non
1569 1510 1726 1537 ementitum
1738 1509 1787 1535 else
1800 1508 1985 1535 auffroritatem
1999 1510 2055 1536 eius
2068 1511 2184 1545 ordinis,

1140 1548 1184 1576 sed
1198 1549 1294 1580 etiam,
1312 1555 1358 1573 etc.
1429 1548 1459 1573 Et
1472 1546 1494 1573 c.
1510 1551 1543 1578 48
1575 1544 1649 1577 Quid
1662 1550 1688 1571 te
1705 1544 1852 1579 impurius,
1873 1545 1921 1579 qui
1936 1544 2078 1579 religiones
2090 1556 2182 1574 omnes

1140 1584 1269 1618 pollueris
1283 1588 1328 1609 aut
1343 1581 1511 1608 ementiendo
1525 1586 1570 1607 aut
1581 1580 1731 1614 stuprando.
1802 1580 1859 1605 Cic.
1867 1589 1915 1614 pro
1924 1581 2004 1606 Corn.
2015 1581 2096 1607 Balbo
2109 1590 2122 1614 ς
2135 1592 2156 1608 c.
2166 1592 2184 1610 α.

1142 1621 1207 1646 Non
1219 1618 1291 1644 enim
1304 1618 1406 1644 furatus
1419 1617 1454 1643 est
1467 1616 1619 1647 ciuitatem,
1640 1624 1694 1641 non
1706 1616 1795 1641 Genus
1808 1616 1881 1640 suum
1896 1616 2046 1640 ementitus.
2108 1617 2183 1644 Idem

1087 1663 1125 1688 40
1142 1655 1174 1681 de
1186 1655 1248 1688 Opt.
1262 1662 1321 1687 gen.
1336 1654 1410 1679 Orat.
1423 1661 1448 1678 21
1461 1662 1482 1679 c.
1497 1660 1514 1686 7
1548 1653 1639 1685 Itaque
1652 1650 1725 1676 causa
1738 1650 1790 1675 fuit
1802 1649 1941 1680 Aeschini,
1959 1651 2087 1683 quoniam
2100 1652 2155 1685 ipse
2167 1661 2185 1679 a

1142 1688 1317 1716 Demosthene
1337 1689 1397 1714 esset
1414 1688 1505 1722 capitis
1518 1687 1660 1715 accusatus,
1681 1684 1753 1719 quod
1774 1684 1933 1717 legationem
1953 1686 2094 1712 ementitus
2113 1687 2184 1714 effer,

1141 1725 1290 1757 Naufragia
1309 1724 1368 1749 Liu.
1383 1731 1420 1755 ες,
1435 1731 1457 1755 3.
1527 1721 1640 1754 Stirpem
1664 1719 1737 1745 Idem
1753 1727 1779 1751 9,
1795 1724 1829 1748 18.

1178 1766 1193 1785 E
1203 1766 1227 1784 M
1236 1766 1252 1784 E
1263 1765 1284 1783 N
1295 1765 1317 1784 T
1327 1765 1336 1784 1
1348 1765 1396 1784 EN
1405 1765 1432 1788 s,
1448 1756 1526 1783 entis.
1545 1754 1637 1782 Partic.
1657 1752 1835 1789 [ψευδόμενος]
1871 1753 2093 1790 Cic.deDiuin.i‚
2103 1765 2129 1790 ις
2138 1767 2158 1784 c.
2167 1766 2184 1791 9

1141 1793 1269 1819 Videmus
1289 1793 1353 1819 haec
1375 1793 1445 1826 ligna
1464 1798 1655 1824 nonnunquam
1675 1790 1733 1816 fere
1750 1789 1931 1816 ementientia.
1973 1790 2032 1818 Vid.
2051 1793 2098 1829 leg.
2112 1802 2187 1821 men-

1177 1862 1337 1889 EMENTI'
1346 1867 1397 1887 TV
1407 1869 1436 1894 s,
1453 1870 1477 1892 a,
1494 1869 1549 1888 um.
1570 1859 1662 1887 Partic.
1683 1858 1770 1885 Paffiu.
1796 1858 1961 1894 [ἐψευσμένος]
1984 1861 2032 1892 Vt,
2053 1862 2185 1892 Ementita

1141 1897 1236 1932 opinio
1257 1897 1313 1923 Cic.
1325 1897 1410 1924 Tusc.
1424 1906 1448 1930 3,
1462 1902 1499 1930 58.
1569 1895 1701 1924 Ementita
1720 1903 1751 1921 ea
1764 1900 1789 1921 et
1801 1895 1866 1921 falsa
1883 1895 2014 1930 plenaque
2027 1899 2126 1925 erroris
2144 1899 2186 1927 Id.

1142 1934 1175 1960 de
1189 1933 1224 1960 N.
1239 1933 1271 1959 D.
1286 1941 1303 1959 2
1316 1942 1337 1959 c.
1352 1941 1385 1959 21.

1177 1975 1250 1995 EME
1259 1967 1340 1994 er
1349 1975 1373 1993 M
1383 1987 1392 1999 ,
1411 1967 1489 1993 Glofs.
1502 1966 1560 1993 Ifld.
1573 1964 1748 2000 Excogitatio.
1770 1964 1801 1991 ab
1813 1965 1976 1998 Eminiscor,
1993 1975 2019 1993 v.
2033 1976 2059 1993 v.

1176 2011 1194 2030 E
1202 2011 1227 2030 M
1235 2010 1252 2029 E
1260 2010 1279 2029 R
1288 2009 1305 2028 C
1315 2009 1334 2029 O
1344 2010 1362 2029 R
1372 2022 1379 2033 ‚
1403 2002 1450 2028 ari.
1488 2001 1617 2035 [ὦνὲμαι]
1659 2002 1741 2027 Emere
1748 2020 1756 2032 ,
1776 2003 1861 2035 pretio
1873 2001 1948 2035 suum
1960 2001 2058 2036 facere.
2094 2003 2188 2032 Tacit.

1141 2041 1210 2067 Ann.
1224 2048 1258 2071 12,
1269 2047 1307 2071 14,
1321 2047 1330 2064 1
1350 2038 1429 2064 Miffis
1438 2036 1640 2072 corruptoribus
1652 2036 1797 2062 exuendam
1811 2035 1842 2061 ad
1855 2035 1935 2062 fidem
1948 2035 2033 2063 hostes
2046 2040 2185 2067 emercari.

1141 2075 1214 2103 Idem
1228 2076 1295 2100 Ann.
1315 2082 1352 2105 12,
1366 2081 1408 2106 43,
1421 2081 1433 2105 ς
1466 2073 1615 2099 Auaritiam
1631 2071 1759 2105 praefecti
1780 2077 1941 2103 emereatur,
1960 2075 1979 2097 i.
1993 2081 2094 2099 auarum
2111 2082 2189 2109 prae.

1135 2109 1237 2147 festum
1251 2112 1332 2145 pretio
1344 2112 1488 2143 corrumpit.
1525 2107 1614 2142 Paffiu.
1630 2107 1762 2132 Ammian.
1776 2114 1815 2138 21,
1828 2107 1846 2132 6
1864 2107 2070 2135 Emercabantur
2082 2109 2169 2137 donis.

1179 2152 1196 2171 E
1206 2151 1231 2172 Μ
1241 2152 1284 2171 ER
1294 2151 1310 2171 C
1320 2152 1341 2171 Α
1351 2150 1436 2175 TVS,
1462 2152 1487 2175 a,
1507 2152 1562 2170 um.
1598 2142 1691 2169 Partic.
1727 2139 1788 2168 Aa.
1803 2141 1893 2168 Tacit.
1908 2143 1975 2169 Ann.
1989 2146 2026 2176 16,
2041 2153 2060 2176 1,
2074 2153 2090 2171 2
2112 2146 2188 2172 Prin-

1573 2177 1639 2211 Paff.
1660 2177 1793 2204 Ammian.
1812 2179 1855 2209 26,
1874 2186 1890 2205 2.
1917 2179 2049 2207 Emercati
2066 2181 2187 2209 multitu-

1141 2216 1211 2243 dinis
1233 2216 1369 2242 clamores.

1177 2256 1438 2281 EMERCATIO,
1465 2249 1571 2276 anisf.
1596 2255 1620 2275 et
1914 2268 1918 2271 .

1178 2295 1195 2315 E
1204 2295 1229 2314 M
1241 2293 1258 2313 e
1267 2295 1286 2314 R
1296 2293 1313 2314 c
1325 2293 1347 2313 A
1357 2292 1378 2312 T
1389 2291 1408 2312 o
1417 2293 1436 2312 R
1444 2305 1452 2317 ‚
1470 2286 1534 2312 oris.
1555 2294 1590 2311 m.
1607 2287 1633 2311 in
1647 2283 1760 2319 Digestis
1772 2282 1816 2318 effle
1827 2283 1955 2313 dicuntur.

1178 2321 1357 2354 EM123'REQ
1378 2322 1415 2348 ui.
1436 2327 1459 2347 ει

1179 2366 1197 2386 Ε
1206 2365 1232 2385 M
1243 2365 1260 2385 E
1269 2365 1287 2385 R
1296 2364 1312 2384 E
1321 2365 1340 2385 O
1350 2364 1379 2384 R.
1416 2356 1588 2392 [περιποιέμοιι
1595 2375 1604 2388 ,
1621 2355 1772 2390 μιιθοφορὲω,
1789 2353 1976 2390 μιιθοδοτέμαι]
2001 2357 2076 2385 Plane
2088 2367 2190 2392 merere,

1143 2400 1167 2421 et
1180 2397 1268 2421 merito
1275 2394 1321 2430 fi¹⁰
1334 2396 1474 2427 impetrare.
1529 2391 1584 2418 Cic.
1600 2392 1652 2417 Att.
1668 2393 1694 2423 6,
1708 2399 1724 2417 2
1750 2392 1859 2418 Annuae
1873 2392 1944 2418 enim
1961 2393 2029 2419 mihi
2044 2402 2139 2428 operae
2154 2394 2188 2421 ad

1145 2437 1193 2457 111
1213 2428 1319 2457 Calend.
1334 2428 1423 2454 Sextil.
1443 2434 1602 2454 emerentur.
1621 2429 1638 2453 i.
1652 2433 1753 2457 exeunt,
1772 2433 1801 2452 vt
1812 2426 1940 2462 stipendia
1954 2432 2070 2461 emerita,
2088 2429 2117 2455 de
2126 2437 2188 2464 pro-

1142 2468 1229 2492 vincia
1237 2466 1287 2501 fica
1299 2466 1408 2500 quuitur
1417 2474 1424 2488 :
1467 2462 1524 2489 Vid.
1537 2472 1592 2489 mox
1606 2463 1753 2488 Emeritum
1766 2462 1895 2497 Tempus.
1940 2464 2057 2497 Propert.
2070 2473 2099 2496 4,
2112 2473 2145 2496 11,
2157 2467 2188 2491 61

1143 2502 1173 2528 Et
1193 2506 1280 2527 tamen
1299 2500 1401 2526 emerui
1420 2499 1560 2534 generosos
1576 2498 1655 2524 vestis
1676 2497 1800 2524 honores.
1889 2498 1970 2524 Ouid.
1986 2500 2044 2523 Am.
2063 2507 2091 2530 a,
2111 2504 2134 2531 8,
2150 2508 2188 2534 24

2 2529 3 2538 ¹
41 2535 107 2561 tiali
119 2535 161 2560 vel
174 2534 321 2567 cohortali,
337 2535 496 2571 Penitusque
509 2534 666 2563 emendicati
679 2535 791 2563 honoris
804 2535 1009 2571 praescriptione
1022 2536 1081 2563 sub·
1094 2537 1126 2570 65
1142 2538 1231 2564 Vnum
1243 2537 1278 2563 est
1290 2545 1305 2562 e
1318 2535 1435 2562 dominis
1448 2534 1583 2560 emeruiffe
1596 2534 1655 2559 satis
1665 2552 1672 2564 ,
1691 2536 1709 2557 i.
1727 2531 1835 2566 obsequio
1849 2531 1958 2565 merwffi³
1971 2534 2039 2558 illius
2051 2531 2190 2561 beniuolen-
2210 2560 2218 2563 t

1142 2576 1213 2599 tiam.
1286 2571 1359 2598 Idem
1373 2570 1452 2604 Epist.
1468 2572 1491 2600 6,
1506 2574 1545 2600 138
1576 2568 1605 2593 de
1617 2567 1704 2593 Medea
1718 2567 1839 2592 Crimine
1856 2566 1945 2593 dotata
1963 2568 1998 2594 est
2012 2569 2187 2604 Emeruitque

1142 2609 1241 2634 virum.
1259 2610 1276 2632 i.
1283 2606 1448 2640 Jibiparauit
1460 2606 1557 2630 meritis
1564 2603 1630 2637 fiiis.
1664 2601 1711 2628 Sed
1718 2601 1787 2627 Tib.
1801 2610 1867 2634 1,1o,
1874 2604 1909 2628 60
1928 2603 1985 2629 Nec
1999 2604 2095 2630 lasciua
2110 2606 2187 2633 soror

1144 2643 1246 2668 dicatur
1260 2641 1335 2675 plura
1349 2640 1441 2666 bibisse
1453 2637 1562 2668 Pocula,
1588 2646 1635 2663 nec
1650 2637 1737 2671 plures
1751 2637 1886 2663 emeruiffe
1898 2638 1987 2670 viros,
2007 2639 2136 2666 concubitu
2148 2644 2188 2667 in-

1145 2678 1236 2712 tellige.
1309 2674 1391 2701 Ouid.
1407 2673 1492 2701 Trist.
1505 2682 1533 2706 4,
1546 2678 1569 2705 8,
1583 2680 1611 2706 52
1643 2674 1677 2698 At
1690 2681 1736 2698 vos
1749 2672 1881 2698 admoniti
1900 2673 1996 2699 nostris
2008 2683 2115 2709 quoque
2128 2676 2189 2703 cali-

45 2710 131 2751 edam.
166 2710 238 2737 Idem
245 2711 362 2745 de‚Legg.
371 2720 458 2743 3,30c.
469 2720 492 2743 13
502 2713 536 2738 Vt
544 2714 614 2738 enim
622 2712 810 2745 cupiditatibus
818 2712 967 2746 principum
976 2718 1001 2737 et
1009 2712 1083 2738 vitiis
1096 2719 1131 2746 70
1144 2711 1194 2738 bus
1207 2712 1258 2738 este
1273 2711 1435 2745 Aequantem
1452 2710 1559 2743 superos
1573 2708 1709 2734 emeruiffe
1722 2708 1811 2733 virum
1820 2727 1829 2739 ‚
1846 2710 1864 2733 i.
1881 2707 2018 2744 Augustum
2031 2715 2133 2738 comiter
2147 2721 2188 2738 ve-

45 2745 120 2772 inficx
130 2746 195 2773 solet
211 2752 266 2773 tota
277 2747 380 2778 ciuitas,
395 2746 427 2772 fic
435 2746 535 2780 corrigi
546 2752 572 2773 et
581 2746 716 2773 emendari
729 2746 901 2773 continentia.
962 2748 1081 2781 Propert.
1144 2750 1239 2774 nerari.
1295 2745 1363 2772 Geli.
1376 2748 1402 2777 6,
1416 2752 1433 2779 7
1465 2745 1493 2770 de
1505 2746 1574 2770 Acca
1587 2745 1707 2775 Larentia
1724 2743 1828 2777 Corpus
1848 2743 1877 2769 in
1889 2745 1984 2778 vulgus
1999 2745 2090 2778 dabat,
2110 2756 2188 2781 pecu-

43 2789 113 2813 3,21,
124 2789 150 2813 25
171 2782 268 2808 Studiis
275 2782 401 2808 Animum
409 2781 546 2808 emendare
553 2781 666 2808 Platonis
683 2782 820 2817 Incipiam.
857 2782 912 2808 Cic.
920 2782 1030 2809 inOrat.
1045 2789 1085 2815 155
1144 2782 1271 2817 niamque
1289 2786 1436 2808 emeruerat
1455 2788 1487 2806 ex
1500 2788 1533 2805 eo
1548 2778 1654 2814 quaestu
1668 2777 1786 2805 vberem.
1857 2779 1938 2805 Ouid.
1954 2781 2010 2807 Art.
2023 2790 2046 2813 3,
2059 2791 2113 2815 409
2138 2784 2188 2808 En-

43 2817 132 2850 Atque
145 2818 224 2843 etiarn
237 2826 252 2843 a
265 2817 423 2851 quibusdam
434 2818 491 2843 sero
499 2817 552 2843 iam
569 2817 723 2844 emendatur
740 2818 893 2852 antiquitas,
909 2818 955 2852 qui
969 2817 1030 2844 haec
1044 2826 1084 2844 re·
1143 2819 1204 2845 nius
1224 2817 1353 2849 emeruit,
1373 2815 1493 2843 Calabris
1514 2814 1543 2840 in
1560 2813 1695 2840 montibus
1714 2819 1803 2845 ortus,
1827 2814 1973 2849 Contiguus
1994 2817 2073 2850 poni,
2099 2818 2189 2853 Scipio

47 2851 220 2886 prehendunt.
258 2853 357 2879 Bouem
372 2852 519 2879 cubitorem
539 2852 644 2879 Colum.
654 2855 680 2884 6,
689 2861 750 2883 2,11.
787 2854 900 2887 Cic.pro
913 2854 1033 2880 Mun-aen.
1048 2855 1083 2878 60
1146 2862 1254 2887 magne,
1273 2851 1336 2879 tibi.
1407 2849 1538 2884 Quinctil.
1553 2849 1715 2884 inprooem.
1729 2858 1747 2882 4
1776 2849 1865 2877 Altior
1878 2851 2034 2883 solicitudo,
2055 2854 2132 2887 quale
2146 2856 2189 2880 Iu-

45 2896 68 2914 c.
81 2896 115 2920 29
134 2888 188 2921 Ego
196 2893 272 2914 tuum
281 2888 436 2921 Confilium,
445 2889 520 2920 Cato,
528 2893 635 2922 propter
642 2887 768 2922 fingulare
775 2888 857 2914 animi
868 2888 922 2914 mei
933 2888 965 2914 de
978 2894 1022 2914 tua
1030 2888 1083 2914 vir·
1097 2895 1129 2923 73
1147 2889 1247 2915 dicium
1261 2887 1401 2914 hominum
1414 2894 1560 2917 emererer,
1577 2885 1683 2911 accessit.
1754 2885 1835 2911 Plaut.
1850 2885 1910 2912 Aul.
1925 2897 1953 2921 4,
1968 2891 2005 2919 1¹0,
2020 2896 2033 2921 ς
2054 2889 2127 2922 Qud
2138 2898 2188 2924 ego

44 2925 101 2949 tute
109 2923 405 2958 iudicium‚vitupcrare
413 2933 466 2950 non
473 2923 567 2956 audeo,
580 2924 903 2955 nonnullainreforsitan,
916 2924 1085 2950 conformare
1146 2924 1249 2951 emerui
1263 2923 1337 2955 mali,
1352 2924 1438 2956 Quam
1450 2921 1486 2948 ob
1499 2930 1557 2948 rem
1567 2921 1604 2947 ita
1615 2921 1723 2953 faceres,
1740 2929 1836 2955 meque
1850 2930 1976 2957 meosque
1988 2923 2122 2957 perditum
2135 2926 2189 2951 ires

47 2963 73 2984 et
87 2958 183 2985 leuiter
195 2960 333 2985 emendare
344 2960 451 2993 possum.
512 2958 736 2986 Consuetudinem
749 2959 873 2986 vitiosam
887 2965 912 2985 et
925 2966 1085 2994 corruptam,
1147 2960 1262 2986 liberos?
1317 2958 1384 2985 Vell.
1400 2966 1425 2989 2,
1436 2959 1480 2988 66,
1493 2965 1502 2983 1
1534 2957 1603 2983 Cum
1617 2956 1697 2983 ambo
1716 2956 1825 2983 mallent
1844 2957 1892 2983 fibi
1912 2959 2030 2985 nuntiari
2049 2960 2113 2994 quid
2129 2960 2189 2995 pani

46 3002 112 3029 pura
123 2999 149 3020 et
161 2994 312 3029 incorrupta
320 2994 508 3022 consuetudine
516 2994 655 3021 emendare
674 2994 712 3021 Id.
726 2995 758 3022 de
766 2995 836 3022 Clar.
844 2996 918 3022 Orat.
931 2997 983 3021 261.
1039 2996 1085 3021 Fa·
1146 2996 1239 3028 essent,
1270 3003 1350 3029 quam
1369 2992 1435 3028 quid
1456 2992 1637 3024 emeruissent,
1667 2994 1685 3018 i.
1704 2995 1785 3027 magis
1802 2993 2004 3020 recordabantur.
2059 2996 2189 3023 Laudatur

36 3029 119 3055 -ἑὶιιπι
132 3038 267 3064 perperam
288 3031 347 3056 Col.
358 3039 417 3063 11‚1,
425 3036 464 3060 28.
500 3031 644 3057 Fortunam
657 3030 840 3058 emendaturus
853 3036 908 3058 arte
926 3032 994 3058 Hor.
1003 3031 1086 3057 Serm.
1145 3035 1219 3058 etiam
1233 3031 1384 3057 Mamertin.
1398 3030 1488 3063 Pancg.
1498 3028 1547 3054 Iul.
1560 3036 1581 3054 c.
1597 3036 1634 3061 19.
1671 3027 1718 3055 Sed
1732 3027 1851 3055 Cellarius
1863 3031 1917 3055 ita:
1934 3030 2001 3056 Eum
2014 3029 2127 3058 adsiduis
2140 3031 2190 3058 ob-

51 3069 78 3096 2,
95 3070 119 3097 8,
138 3070 175 3098 85.
247 3067 296 3092 Res
309 3066 386 3093 Italas
400 3065 503 3101 legibus
528 3066 602 3093 Idem
614 3066 691 3100 Epist.
707 3075 729 3097 2,
744 3075 763 3099 ι,
777 3075 798 3093 2.
871 3067 964 3093 Succos
984 3066 1086 3093 Auctor
1100 3071 1132 3096 80
1146 3066 1244 3102 sequiis
1257 3065 1475 3097 demet-ebatum,
1491 3063 1620 3098 donisque
1633 3062 1779 3097 captabant.

52 3098 84 3131 de
95 3100 231 3127 Medicam.
245 3101 342 3128 Faciei.
398 3102 482 3128 Vrbes
495 3102 603 3128 iudiciis
623 3101 754 3135 Quinotil.
764 3102 792 3129 in
806 3111 925 3137 prooem.
940 3110 960 3129 1.
1030 3099 1050 3138 ff
1070 3110 1086 3128 2
1183 3109 1233 3129 ΕΜ
1243 3108 1259 3128 Ε
1269 3107 1402 3131 RITVS,
1429 3109 1454 3132 a,
1472 3109 1526 3126 mn.
1564 3100 1631 3126 Part.
1671 3099 1804 3126 Tribuitur
1815 3105 1868 3124 tum
1883 3099 2035 3132 hominibus,
2057 3104 2101 3136 qui
2108 3101 2188 3137 satt't,

54 3134 201 3169 Medicorum
212 3137 311 3164 verbum
323 3135 370 3170 est,
383 3140 535 3173 poniturque
541 3145 591 3173 pro
604 3138 719 3172 auferre,
739 3147 826 3165 curare
845 3137 911 3164 Plin.
923 3146 964 3170 24,
979 3146 1008 3164 10
1025 3137 1086 3163 Suc·
1147 3144 1172 3164 et
1187 3138 1221 3164 ad
1230 3136 1308 3171 finem
1326 3136 1384 3163 adeo
1403 3141 1557 3168 meruerunt,
1577 3141 1629 3161 tum
1646 3134 1731 3165 rebus,
1765 3143 1808 3160 uae
1824 3134 1869 3169 vsu
1888 3135 2010 3167 detritae,
2027 3137 2067 3162 vel
2085 3138 2189 3162 multum

57 3177 100 3194 cus
123 3169 246 3211 hederae,
270 3173 356 3200 taedia
373 3174 477 3199 narium
500 3173 760 3209 graueolentiamque
780 3173 915 3205 emendat,
943 3172 1085 3208 praecipue
1146 3180 1211 3200 certe
1222 3172 1347 3199 adhibitae
1357 3172 1428 3208 sunt.
1471 3173 1589 3198 Pontinus
1601 3174 1700 3196 nomina
1712 3143 1798 3196 ordine
1816 3171 1991 3198 elementorum.
2045 3172 2100 3197 Acu
2118 3181 2190 3199 eme-

55 3203 126 3230 albae
140 3206 245 3234 satiuae.
315 3209 430 3235 Martial.
450 3217 485 3242 11,
501 3217 549 3235 100
578 3209 722 3236 Emendare
740 3210 813 3245 cupis
834 3209 933 3235 vitium
951 3209 1085 3235 deforme:
1147 3209 1199 3235 rita
1212 3209 1285 3235 cessat
1298 3210 1429 3239 ornatrix,
1450 3209 1468 3232 i.
1481 3216 1529 3232 non
1545 3208 1652 3241 amplius
1667 3215 1694 3231 ea
1711 3208 1802 3231 vritur.
1871 3206 1986 3232 Martial.
2001 3214 2025 3241 7,
2039 3209 2070 3232 62
2087 3207 2189 3234 Emeri-

57 3237 171 3281 docebp,
205 3242 299 3269 Lesbia
315 3253 361 3271 nec
380 3245 469 3279 surgas
489 3245 581 3271 censeo
587 3265 596 3277 ‚
619 3253 667 3271 nec
681 3245 777 3272 sedeas.
846 3245 985 3279 Alopecias
999 3253 1085 3270 emen-
1102 3246 1131 3275 85
1148 3250 1188 3271 tos
1203 3244 1295 3276 musis,
1321 3249 1346 3269 et
1361 3241 1469 3269 Phoebo
1482 3241 1591 3268 tradidit
1607 3242 1705 3267 Annos.
1729 3241 1753 3267 b.
1767 3249 1786 3266 e.
1802 3242 1855 3267 Iam
1870 3241 1964 3274 effisos.
2034 3243 2100 3275 Apes
2120 3243 2188 3269 Plin.

58 3273 101 3300 dat
119 3283 182 3302 cinis
199 3285 213 3302 e
227 3278 314 3306 radice
334 3280 470 3314 asphodeli
499 3280 566 3307 Plin.
588 3288 630 3313 22,
643 3288 682 3307 22.
752 3280 850 3307 Aluum
866 3280 946 3306 citam
967 3279 1087 3306 emendat
1149 3289 1181 3312 ιι,
1195 3289 1226 3306 11.
1278 3278 1359 3306 Ouid.
1369 3278 1433 3305 Fast.
1448 3286 1468 3310 1,
1482 3280 1531 3311 665
1548 3277 1667 3303 Rusticus
1682 3277 1822 3302 emeritum
1837 3277 1896 3311 palo
1911 3276 2041 3311 suspendit
2054 3279 2189 3306 Aratrum.

58 3308 241 3349 flosqhederae,
261 3314 289 3340 in
306 3315 370 3341 vino
387 3316 491 3342 austero
505 3316 546 3342 bis
562 3315 606 3342 die
626 3321 703 3350 potus
721 3316 796 3343 Idem
809 3325 851 3348 24,
867 3324 904 3342 10.
973 3315 1087 3342 Dolores
1147 3317 1243 3347 Arma,
1269 3315 1397 3346 hebetata,
1422 3314 1466 3349 vsu
1484 3319 1602 3348 corrupta
1632 3312 1697 3338 Plin.
1713 3312 1740 3337 in
1754 3313 1846 3346 Paneg.
1870 3319 1903 3344 ις,
1917 3321 1938 3344 3.
2008 3312 2088 3338 Ouid.
2102 3313 2189 3341 Trist.

57 3350 150 3384 §flpms
161 3347 325 3388 {mentiantur
338 3352 453 3378 contrito
467 3351 596 3378 nasturtio
614 3351 652 3378 Id.
667 3360 711 3385 20,
725 3361 759 3385 13.
795 3351 951 3386 Epiphoras,
965 3355 990 3377 et
1003 3350 1087 3387 filqua
1148 3361 1177 3384 4,
1195 3356 1219 3383 8,
1239 3359 1266 3377 21
1298 3349 1377 3376 Miles
1391 3354 1420 3376 vt
1432 3349 1550 3375 emeritis
1562 3357 1617 3374 non
1635 3347 1671 3374 est
1691 3347 1750 3373 satis
1763 3348 1836 3374 vtilis
1848 3347 1936 3374 armis.
1962 3348 1995 3373 al.
2013 3348 2103 3381 annis,
2133 3349 2188 3376 vid.

57 3388 87 3406 in
101 3379 182 3406 oculis
200 3388 265 3422 yitta
279 3386 344 3418 sunt,
358 3387 479 3413 emendat
508 3387 575 3414 Plin.
592 3395 632 3421 25,
651 3395 688 3414 12.
757 3388 884 3414 Furfures
897 3386 1036 3413 emendant
1050 3387 1087 3420 pi·
1148 3386 1235 3423 HeinJI
1304 3386 1386 3412 Caelo
1400 3386 1513 3411 emerito
1523 3384 1591 3410 clara
1604 3384 1674 3410 inter
1687 3383 1767 3409 sidera
1781 3383 1882 3417 fulgent
1895 3384 1989 3409 Heroas
2018 3383 2063 3410 Sil.
2078 3393 2110 3416 11,
2123 3388 2188 3419 464.

56 3416 145 3448 tyusae
157 3415 224 3456 folia
234 3425 261 3444 m
273 3426 344 3458 aceto
358 3421 463 3449 dec0&a
481 3422 555 3449 Idem
567 3432 612 3456 24,
624 3425 649 3449 6.
720 3423 842 3450 Grauitas
856 3423 954 3449 artium
967 3422 1087 3448 emenda·
1098 3429 1135 3454 90
1148 3425 1179 3448 it.
1196 3430 1223 3457 7,
1238 3430 1275 3454 19.
1294 3421 1338 3448 vbi
1350 3420 1404 3448 vid.
1417 3420 1544 3447 Drakenb.
1596 3420 1680 3446 Canes
1700 3419 1761 3445 Stat.
1770 3419 1835 3444 Silu.
1848 3427 1871 3450 3,
1886 3426 1905 3449 1,
1919 3423 1955 3450 58.
2011 3418 2067 3445 Sen.
2076 3420 2189 3452 Thyest-

56 3456 102 3477 tur
114 3450 241 3477 nasturtio
254 3458 332 3494 ttlt-0,
349 3456 470 3491 impofito
481 3458 589 3485 auribus
606 3459 646 3485 Id.
659 3467 704 3491 20,
719 3467 750 3491 13.
822 3458 941 3485 Scabiem
952 3457 1089 3493 palpebra·
1148 3459 1167 3485 s.
1180 3467 1197 3491 9
1215 3457 1292 3484 Iubet
1305 3456 1430 3484 emeritos
1443 3456 1546 3482 soluere
1561 3456 1670 3482 Currus.
1742 3454 1836 3479 Cursus
1844 3472 1853 3484 ,
1868 3453 1935 3487 apud
1950 3453 2032 3480 Ouid.
2041 3455 2105 3481 Fast.
2122 3464 2142 3487 3,
2155 3464 2189 3489 43

57 3495 117 3513 rum
130 3486 304 3525 emendat-fici
315 3491 399 3518 succus
412 3493 510 3520 la&eus
537 3495 603 3520 Plin.
617 3502 658 3526 23,
671 3501 698 3528 7.
1165 3503 1192 3520 ro
1207 3494 1332 3528 completo.
1392 3491 1466 3518 Idem
1481 3491 1545 3518 Fast.
1557 3500 1585 3524 4,
1600 3493 1646 3520 688
1673 3489 1807 3515 Demserflt
1825 3488 1941 3514 emeritis
1955 3488 2008 3515 iam
2026 3489 2087 3525 iuga
2106 3491 2189 3518 Phoe-

64 3556 65 3559 ,
92 3527 109 3548 Ε
119 3528 143 3547 M
153 3528 169 3548 E
179 3528 199 3546 N
209 3528 227 3561 Ι)
237 3529 259 3547 A
268 3529 390 3566 TVSsbm
409 3537 462 3555 um.
490 3530 583 3556 Partic.
621 3528 810 3565 [ἐπανορθωθεῐς
817 3530 835 3564 ],
865 3528 921 3557 Cic.
936 3529 968 3556 de
980 3529 1087 3556 Amicit.
1141 3500 1198 3556 ⁴bus
1212 3528 1302 3563 Equis.
1374 3529 1406 3554 Et
1420 3527 1486 3554 Fast.
1503 3536 1526 3560 ς,
1541 3529 1589 3559 596
1609 3526 1670 3552 Rite
1683 3522 1923 3557 deo'templumque
1934 3522 2024 3551 datum
2036 3535 2189 3562 nomenque

58 3558 92 3583 62
103 3565 124 3597 c.
141 3564 169 3592 17
187 3558 236 3583 H1s
249 3566 312 3592 ergo
323 3558 415 3603 finibus
428 3565 554 3591 vtendum
566 3564 697 3596 arbitror,
717 3571 746 3592 vt
759 3573 842 3600 quurn
854 3565 986 3593 emendati
1000 3574 1087 3591 mores
1149 3564 1191 3591 bis
1204 3565 1260 3590 vlto
1269 3584 1277 3597 ,
1313 3563 1445 3590 Emer-itus
1456 3563 1514 3589 voti
1527 3562 1616 3588 debita
1629 3561 1708 3587 soluit
1722 3560 1825 3585 Honor.
1868 3559 1915 3586 sed
1927 3560 2012 3586 Burm.
2025 3562 2056 3588 Et
2068 3563 2188 3589 meritus.

57 3600 203 3619 amicorum
216 3592 278 3625 fint‚
297 3600 353 3620 tum
366 3595 393 3622 fit
405 3605 472 3637 inter
485 3609 530 3627 eos
542 3600 664 3627 omnium
676 3609 764 3627 rerum
774 3621 782 3633 ‚
798 3600 986 3632 consiliorum,
1002 3606 1027 3626 et
1039 3609 1086 3626 vo·
1102 3602 1134 3629 95
1150 3600 1251 3634 Iugales
1271 3598 1365 3626 Claud.
1379 3598 1411 3624 de
1423 3599 1499 3633 Rapt.
1513 3598 1629 3631 Proserp.
1644 3605 1667 3625 2,
1680 3603 1732 3627 319-
1801 3593 1882 3621 Ouid·
1896 3595 1986 3624 Amor·
2003 3604 2026 3629 3,
2041 3605 2073 3628 11,
2087 3606 2117 3631 ¹4
2146 3599 2190 3625 In-

59 3626 188 3668 luntatum
203 3627 254 3667 5¹3⁸
268 3628 321 3655 Vll&
334 3637 482 3665 e'‘ceptlone
494 3636 677 3663 communitas,
746 3636 818 3663 Idem
834 3636 914 3662 Acad.
929 3645 948 3669 1,
964 3645 987 3668 13
1008 3636 1086 3662 Certe
1148 3635 1267 3662 validum
1280 3635 1397 3661 referens
1409 3634 1604 3667 emeritumque
1627 3632 1721 3661 Latus,
1741 3629 1770 3655 de
1790 3636 1913 3662 amatore,
1931 3633 2122 3667 intemperantia
2144 3635 2189 3660 Ve-

57 3671 129 3690 enim
141 3663 311 3704 recentiffima
324 3673 441 3705 quaeque
451 3669 507 3696 sunt
518 3671 636 3698 cometa
649 3677 675 3698 et
688 3671 824 3698 emendata
835 3673 958 3698 maxime.
996 3671 1089 3696 Emen-
1148 3673 1216 3696 neris
1235 3668 1357 3702 exhausto.
1428 3669 1506 3696 Miles
1515 3689 1523 3701 ,
1545 3669 1596 3693 Oui
1607 3669 1658 3691 iam
1678 3674 1693 3691 a
1707 3666 1800 3691 militia
1816 3665 1939 3700 absolutus
1952 3665 1993 3699 est.
2048 3669 2190 3701 Emerirus,

57 3697 116 3725 dfltfl
134 3704 160 3725 et
181 3700 274 3726 Lflssna
293 3700 416 3741 loquarne
446 3703 484 3730 Id.
497 3705 530 3732 de
547 3707 617 3734 Clar.
634 3708 709 3734 Orat.
728 3713 774 3741 238
793 3717 814 3733 c.
827 3715 872 3741 74.
941 3706 1046 3740 Sapiens
1060 3712 1087 3732 et
1147 3705 1369 3740 οἷπαλειτεργήσκς,
1387 3694 1645 3740 &duocenti-:valueras
1653 3700 1799 3727 VCt·Gl0ffi
1825 3700 1941 3734 ’Έντιμος
1954 3702 2020 3728 κστ-τοὶ
2034 3704 2191 3738 §poci-curtina&

41 3742 44 3754 ⁸
58 3734 208 3774 ‘mffldfltus
229 3736 297 3775 ῌΟΓ·
313 3735 390 3770 hpist.
406 3745 428 3768 2,
439 3740 475 3769 ¹⁶³
488 3747 527 3770 30.
596 3742 731 3769 Velocitas
749 3742 880 3776 Quinffil.
896 3750 916 3774 1,
930 3751 949 3768 1.
1018 3741 1085 3768 Plin.
1148 3740 1265 3773 καμάτκς
1284 3740 1356 3767 Eaed.
1399 3740 1496 3766 Lucan.
1516 3747 1536 3769 1,
1550 3745 1609 3769 344.
1646 3734 1703 3761 Ifid.
1717 3744 1744 3768 9,
1759 3744 1771 3767 3
1795 3737 1907 3763 Emeriti
1926 3737 2050 3765 dicuntur
2064 3739 2190 3766 Veterani

60 3769 136 3808 E‚l²¹st-
148 3778 196 3810 3³3
215 3771 265 3797 Vlr
277 3771 314 3797 0st
329 3771 493 3811 efflssndassss,
511 3780 538 3814 et
547 3780 640 3810 grauis.
713 3778 825 3813 Compar.
845 3779 948 3804 Petron.
962 3779 1007 3803 126
1029 3778 1087 3803 Mu·
1095 3785 1143 3803 100
1151 3776 1282 3810 solutique
1300 3775 1417 3807 Milites,
1438 3775 1485 3810 qui
1501 3774 1554 3799 iam
1571 3772 1600 3797 in
1612 3772 1658 3797 vsu
1678 3771 1773 3806 praelii
1785 3781 1839 3798 non
1853 3773 1925 3805 sunt,
1946 3774 1992 3808 qui
2007 3776 2104 3801 mereri
2119 3775 2189 3801 mili-

61 3803 112 3845 ΙιειῖΔ
121 3805 243 3832 omnibus
257 3806 399 3847 simulacris
411 3807 580 3837 emendatior.
640 3814 737 3843 Forma
749 3812 916 3840 emendatior
932 3813 1028 3840 Nazar.
1043 3814 1088 3838 Pa·
1150 3820 1205 3839 tare
1225 3812 1348 3839 dicuntur
1368 3820 1383 3837 a
1402 3808 1553 3844 stipendiis,
1569 3808 1607 3842 sc·
1629 3808 1703 3840 Q¹2¹e
1721 3814 1865 3834 meremus·
1936 3809 2041 3835 ΞΗΕΓΟΠ-
2062 3811 2090 3836 in
2103 3810 2188 3844 Calig-

61 3845 117 3873 11εὲ-
134 3841 294 3868 Constantin.
317 3852 348 3883 c..
359 3851 398 3876 34.
467 3843 559 3882 Superi.
583 3847 685 3881 Ingenii
703 3848 901 3876 emendatiffimi
919 3848 1002 3874 homo
1029 3849 1088 3874 Scn.
1151 3857 1171 3874 c.
1192 3856 1230 3880 44
1254 3846 1403 3874 Commoda
1416 3844 1540 3871 emeritae
1554 3842 1668 3869 Militiae
1691 3843 1722 3869 ad
1736 3843 1917 3870 sexcentorum
1931 3845 2048 3870 millium
2061 3845 2189 3871 summam

63 3873 150 3913 c⁰f¹⁸¹²
164 3885 192 3909 42
204 3882 244 3908 28-
315 3879 365 3905 VH*
378 3878 597 3919 emendatlffimu}
628 3883 723 3910 Auson.
736 3885 809 3912 Grat.
829 3884 886 3910 A&
929 3884 1003 3919 Cous.
1018 3884 1084 3909 Plin.
1149 3882 1264 3910 rescidit.
1336 3882 1431 3908 Lucan.
1455 3888 1477 3911 3,
1496 3881 1542 3911 619
1578 3878 1702 3912 Telaque
1726 3879 1872 3905 multorum
1891 3880 1945 3905 leto
1964 3881 2051 3906 casura
2070 3881 2189 3912 suorum,

60 3907 136 3941 Epist.
147 3915 212 3943 8,22.
247 3912 364 3941 Lafiant.
379 3923 404 3948 2,
420 3924 438 3947 4
457 3913 659 3945 Emendatissimi
670 3918 743 3948 libri.
777 3919 991 3954 Add.Q1in6til.
1003 3920 1086 3955 praef.
1148 3918 1264 3945 Emerita
1285 3917 1339 3943 iam
1359 3917 1447 3942 Morte
1468 3921 1546 3941 tenet.
1618 3914 1782 3948 Stipendium
1793 3934 1801 3946 ‚
1826 3914 1920 3950 paffiue
1938 3914 2032 3941 dicitur
2050 3915 2115 3949 quod
2132 3918 2188 3950 quis

59 3943 92 3970 ’ά
109 3944 209 3982 TWPh-
1093 3957 1139 3986 ¹05
1147 3956 1251 3981 meruit:
1269 3961 1323 4015 ςιιὶαί
1328 3955 1355 3977 in
1367 3960 1393 3977 re
1406 3960 1454 3977 non
1465 3957 1517 3978 tam
1529 3949 1564 3978 ad
1570 3953 1711 3987 praemium
1724 3950 1819 3987 ipsum,
1836 3960 1907 3985 quam
1919 3950 1953 3976 ad
1962 3958 2022 3981 rem,
2037 3953 2106 3977 cuius
2112 3958 2190 3986 prae-

1344 3995 1361 4013 κ
1395 3994 1413 4012 2
2113 3989 2189 4014 mium
