2479 4225
210 219 282 246 Inire
293 219 424 252 honorem
433 238 441 252 ,
458 218 510 245 vid.
525 226 566 246 1N
575 225 628 246 Eo.
698 215 831 244 Inseruire
843 213 941 241 honori
971 214 1040 241 Hor.
1053 214 1086 240 de

32 260 111 292 *NArte
123 256 192 283 Puer.
209 258 264 289 167.
334 255 464 281 Inseruire
479 254 642 286 honoribus,
663 253 718 280 vid.
736 261 745 280 1
756 260 775 278 N
787 259 799 279 s
808 258 823 277 E
832 257 880 278 RV
891 257 899 276 1
910 256 940 276 ο.
1012 250 1088 276 Insti-

31 299 121 325 „tnere
132 290 213 318 alicui
246 289 305 316 Sall.
320 290 377 325 Iug.
396 298 430 325 79
448 298 512 317 extr.
601 289 725 323 Largitur
746 287 860 314 honores
877 287 962 312 saci-os
982 286 1087 319 templis

38 324 134 357 “Valeit
147 327 244 361 Argon.
258 334 283 356 2,
296 328 349 358 651.
420 326 498 354 Libat
511 326 644 352 Lenaeum
656 324 788 350 honorem
818 322 891 355 Virg.
905 324 969 347 Aen.
983 330 1012 354 4,
1026 329 1086 356 207.

12 355 17 395 l
33 360 67 397 [i.
83 367 174 390 vinum.
246 361 374 388 Mactauit
388 361 503 388 honores
516 362 625 387 meritos
637 360 689 386 aris
714 359 788 393 Virg.
803 358 866 384 Aen.
882 365 904 388 3,
919 361 965 386 ¹18-
1016 357 1085 383 Tac.

34 394 161 433 spanni,
174 405 207 423 22
228 397 377 431 Manlitque
390 396 548 423 Consulibus
561 395 671 430 potestas
684 393 832 429 deligendi,
849 392 932 418 donec
949 401 1009 418 cuni
1021 401 1086 427 quo-

48 443 100 471 que
111 433 241 460 honorem
258 433 369 467 populus
382 433 533 465 mandaret,
568 435 588 458 ι’.
608 429 788 468 magistratum.
896 427 1023 467 Mandare
1039 428 1085 454 ho-

47 478 122 498 nores
134 467 288 494 hominibus
301 469 377 495 nouis
404 469 459 495 Cic.
475 469 553 494 Vcrr.
566 477 594 501 4,
609 472 645 498 81.
715 463 890 503 Merebuntur
904 472 990 489 minus
1003 463 1086 490 hono-

45 506 82 538 ris
96 503 291 530 Lacedaemone
306 504 390 531 studia
402 504 555 535 literarum,
576 511 654 537 quain
668 500 777 528 Athenis
802 498 932 532 Qunc'fil.
950 507 978 531 3,
994 507 1023 534 7,
1041 509 1084 533 24.

45 540 169 568 Minuere
183 539 312 567 honorem
344 540 400 566 Cic.
415 540 453 574 Q
464 540 532 566 Frat.
548 547 568 571 i,
584 547 603 564 i.
672 536 808 570 Obrcpere
821 534 853 561 ad
867 533 982 560 honores
1013 535 1085 561 Ideni

40 584 93 611 ,pro
106 576 190 601 Plane.
206 583 243 610 17.
315 575 419 603 Ornare
433 574 582 601 honoribus
613 573 651 600 Id.
664 573 735 598 Fam.
751 580 795 601 10,
812 579 848 596 10.
941 570 997 597 Cic.
1036 591 1041 597 .
1080 591 1086 597 .

45 611 128 638 Omni
141 611 244 637 honore
259 620 286 637 ae
300 611 428 646 dignitate
447 611 600 646 priuentnr,
625 614 670 634 etc.
757 605 947 645 Parere-alicui
967 612 1087 633 aeternos

43 645 159 673 honores
191 648 258 673 Hor.
276 647 364 674 carm.
378 656 409 679 2,
432 655 458 679 1,
480 654 513 679 ¹5·
602 641 755 670 Perfimetus
769 640 915 668 honoribus
928 642 1086 676 aiiiplissiniis

12 679 15 682 ’
42 679 103 710 Cic.
115 683 186 708 Fam.
200 691 218 714 1,
228 687 249 712 8.
320 682 463 710 Perhibere
478 681 620 710 honorem,
646 677 699 705 vid.
718 684 734 704 P
742 684 758 704 Ε
768 684 786 704 R
795 684 815 703 H
825 685 834 703 1
844 683 860 703 Β
869 683 886 703 E
895 684 924 703 0.
996 678 1086 704 Tacit.

46 717 114 751 Ann.
128 726 156 750 4,
169 726 202 750 34
228 719 258 744 Et
273 723 383 753 vterque
395 718 504 753 opibus,
523 722 601 749 atquc
617 713 763 740 honoribus
777 713 922 748 peruigere.
995 714 1086 740 Petere

34 753 161 780 honores
186 754 318 786 Qiinetil.
335 762 351 788 7
361 774 369 786 ‚
382 761 405 787 5.
472 753 500 779 Si
513 751 641 783 dicimus,
662 750 708 776 1110
724 755 824 783 patrem
837 747 1022 782 strangulauit‚
1040 748 1086 774 ho.

1 806 7 813 1
43 797 139 816 norem
152 798 207 815 non
225 791 386 824 praefamur.
447 788 492 815 Sin
509 786 541 813 de
560 786 669 813 Aurelia
688 784 790 820 aliquid
808 791 854 811 aut
873 783 976 817 Lollia,
1002 784 1086 810 honos

43 823 202 859 praefandus
221 825 266 851 est.
310 825 367 852 Vid.
387 832 442 850 mox
463 823 557 849 Honos
576 821 615 848 Sit
638 821 756 848 auribus.
811 820 867 847 Cic.
889 820 958 845 Fam.
982 827 1019 852 9,
1044 829 1085 846 22.

31 858 118 888 ·ldem
131 860 163 886 de
179 861 235 887 Fin.
250 869 264 887 2
275 880 282 892 ‚
302 869 319 894 9
349 861 459 887 Caetera
482 858 555 884 addit
568 857 709 891 Epicurus:
744 864 811 891 quae
824 855 842 882 fi
856 855 982 889 appelles,
1003 855 1087 882 honos

12 923 13 926 ,
32 896 200 930 ,praefandus
214 896 259 922 est.

42 931 193 958 honoribus
213 931 344 967 appellare
365 933 428 957 Prae
440 930 502 957 fatis
529 928 629 956 Arnob.
643 937 655 961 5
674 937 699 963 p.
713 929 768 962 176.
859 926 986 953 Praestare
1020 928 1085 953 Plin.

42 967 136 1001 Paneg.
150 977 172 994 c.
180 972 218 998 88.
290 967 416 1001 Recipere
430 965 560 992 honorem
588 964 643 990 Cic.
659 964 712 990 Att.
725 971 750 996 9,
765 971 784 988 1.
857 962 929 988 Idem
944 971 992 996 pro
1010 963 1084 989 Rosc.

43 1003 134 1029 Amet.
150 1005 193 1035 136
212 1003 294 1029 Suum
305 1003 402 1037 cuique
416 1001 547 1027 honorem
559 1006 585 1026 et
599 999 709 1034 gradum
717 998 851 1025 redditum
864 997 974 1031 gaudeo.
1011 998 1085 1034 Conf.

35 1039 121 1066 -Curt.
135 1043 159 1071 8,
172 1047 199 1071 9,
212 1047 248 1070 32.
319 1038 424 1064 Sacrate
437 1037 569 1063 honorem
581 1035 662 1061 alicui
686 1034 761 1068 Virg.
776 1035 841 1060 Aen.
854 1042 890 1065 12,
906 1042 961 1067 140.
1027 1035 1086 1060 Suc-

43 1074 136 1100 cedere
147 1074 181 1100 ad
192 1074 323 1100 summurn
336 1072 467 1099 honorem
493 1073 598 1098 Lucret.
614 1079 638 1104 5,
651 1077 724 1104 1274.

43 1109 88 1136 eit.
103 1117 140 1143 70
163 1109 271 1135 Honori
284 1115 310 1135 et
322 1108 446 1143 dignitati
460 1108 513 1134 Effe
527 1106 690 1141 propinquis.
763 1104 801 1131 ld.
816 1104 869 1131 Off.
885 1114 915 1138 2,
930 1111 956 1138 58
981 1105 1088 1132 Honori

33 1145 148 1171 ,1111111110
161 1153 245 1179 nuper
258 1144 348 1170 nostro
361 1144 459 1171 Miloni
471 1143 547 1175 Fuit,
567 1141 656 1176 quod,
676 1147 722 1168 etc-
777 1140 846 1167 Adel.
866 1141 940 1167 Curt.
957 1148 979 1174 5,
1000 1149 1032 1175 7,
1053 1150 1086 1168 12.

30 1179 74 1206 —In
86 1178 190 1206 honore
203 1181 257 1206 Esse
270 1180 338 1214 apud
352 1180 469 1214 aliquem
497 1177 610 1211 Cie.pro
626 1177 702 1202 Rosc.
715 1176 804 1203 Anier.
817 1178 843 1202 6.
915 1177 952 1202 Id.
967 1177 998 1203 de
1011 1179 1085 1203 Orat.

26 1222 65 1249 τε,
77 1223 123 1247 235
151 1215 221 1241 Haec
234 1224 275 1242 ars
290 1216 393 1242 summo
409 1215 436 1240 in
448 1214 551 1240 honore
564 1213 666 1246 semper
678 1211 749 1238 Fuit.
803 1211 877 1247 Conf.
891 1212 963 1239 Curt.
977 1219 999 1244 8,
1013 1219 1036 1242 8,
1050 1221 1086 1239 10.

30 1250 72 1276 -In
85 1249 189 1276 honore
203 1252 353 1277 mensarum
367 1251 436 1283 Effe,
459 1248 512 1275 vid.
535 1254 586 1274 ΙΝ.

23 1284 168 1315 :conuiuia
181 1286 332 1312 ineuntium
352 1286 381 1312 iri
392 1284 525 1320 principio
546 1283 679 1310 modestus
697 1283 734 1309 est
755 1283 875 1310 habitus:
911 1284 972 1309 dein
986 1285 1085 1309 summa

31 1328 160 1356 quaeque
172 1322 285 1348 amicula
297 1326 412 1352 exuunt,
436 1319 627 1355 paullatimque
646 1319 776 1354 pudorem
795 1319 949 1353 profanant,
970 1319 1002 1345 ad
1026 1319 1087 1345 vlti-

30 1360 115 1385 imum
150 1356 254 1388 (honos
272 1356 381 1382 auribus
401 1356 458 1387 Sit)
501 1355 555 1382 ima
583 1363 727 1388 corporum
754 1355 902 1381 velamenta
932 1355 1085 1389 proiiciunt.

23 1390 112 1526 ’ξυὶε
131 1391 221 1418 honor
239 1392 276 1418 Sit
300 1391 405 1417 habitus
423 1391 586 1417 sanctissimis
606 1389 718 1417 auribus
763 1390 896 1423 Qiinistil.
916 1391 988 1417 Deci.
1009 1399 1019 1422 3
1043 1398 1086 1425 pr.

34 148 110 188 <913

32 224 140 258 .3‚·264·

794 1069 872 1095 Sum:

11 1485 13 1488 .
65 1468 91 1489 'r
103 1462 204 1489 deferri
218 1463 302 1497 potest
327 1462 494 1489 Modestinus
506 1462 535 1488 in
549 1462 566 1487 1.
578 1461 711 1488 honorem
729 1461 761 1487 D.
774 1461 806 1487 de
818 1462 950 1488 munerib.
964 1468 989 1488 et
1003 1461 1087 1487 hono-

30 1511 34 1513 -
63 1498 90 1524 b.
163 1499 267 1539 Nempe,
285 1504 315 1524 vt
327 1498 398 1524 docet
411 1497 575 1523 Callistratus
587 1497 604 1522 1.
613 1505 643 1529 14
656 1495 716 1522 eod.
738 1497 834 1523 Honor
847 1497 883 1523 est
892 1497 1087 1524 administratio

11 1552 12 1555 =
31 1534 105 1569 ›reip.
133 1543 193 1561 eum
212 1534 349 1568 dignitatis
368 1531 467 1566 gradu,
493 1532 546 1558 siue
567 1539 627 1558 cum
649 1531 751 1563 sumtu,
782 1532 836 1558 siue
856 1532 909 1558 tine
932 1533 1087 1567 erogatione

11 1599 13 1602 ¹
37 1570 200 1604 contingens.
256 1570 354 1596 Munus
372 1582 418 1587 —
437 1567 509 1602 quod
525 1568 553 1593 in
567 1566 770 1593 administranda
784 1577 839 1601 rep.
857 1577 917 1593 cum
933 1569 1017 1594 siin-‚tu
1033 1568 1086 1594 fine

36 1605 117 1632 titulo
131 1605 268 1640 dignitatis
275 1604 409 1630 subimus.

10 1655 13 1671 3
36 1649 58 1673 1,
72 1650 91 1671 i,
104 1647 126 1670 8.
197 1639 336 1666 Tribuere
348 1639 479 1665 honorem
503 1639 559 1664 Cic.
575 1638 607 1664 de
620 1639 678 1664 Fin.
692 1647 710 1669 3,
724 1645 764 1671 73.
838 1639 974 1665 Velificari
989 1639 1087 1665 honori

35 1676 112 1702 Idem
125 1681 217 1700 eontra
229 1674 301 1700 Rull.
317 1682 344 1706 1,
363 1682 406 1709 27.
498 1674 599 1700 Sallust.
614 1674 642 1700 in
657 1672 736 1699 Catil.
750 1683 771 1698 c.
784 1682 821 1707 49
853 1675 960 1701 Catulus
976 1684 1006 1701 ex
1020 1675 1087 1708 peti-

37 1711 112 1738 tione
126 1710 294 1736 Pontificatus
307 1709 372 1736 odio
385 1710 520 1741 incensus,
545 1708 617 1744 quod
630 1715 748 1735 extrema
760 1715 845 1735 aetate
867 1710 990 1736 maximis
1003 1710 1087 1735 hono-

37 1745 112 1772 ribus
125 1746 206 1777 Vsus,
225 1746 257 1771 ab
269 1745 432 1771 adolescente
449 1746 558 1771 Caesare
570 1745 657 1771 victus
669 1744 824 1770 discesserat.
895 1745 953 1770 Cic.
970 1745 1086 1777 Philipp.

35 1815 138 1840 ciuitas.
610 1814 733 1839 Honores
741 1831 748 1841 ‚
770 1810 892 1846 officiofize
911 1813 1069 1838 aHocutioncs
1077 1831 1084 1841 ,

331 1813 352 1850 fl
371 1823 390 1847 4
426 1814 567 1849 Obseruatt.

34 1850 230 1884 Complirnenta
239 1849 300 1884 fere
314 1855 387 1874 vocat
402 1849 507 1882 Europa.

29 1885 138 1913 audiret
155 1884 273 1911 honores
302 1884 369 1910 Hor.
388 1883 468 1917 Epist.
482 1891 514 1915 2,
533 1891 562 1913 2,
583 1887 621 1913 88.

30 1929 57 1954 ,1,
72 1928 115 1953 591
150 1921 244 1947 Laetos
257 1919 341 1945 oculis
353 1919 452 1945 afflarat
466 1918 591 1944 honores.

713 1881 890 1908 Pulchritudo:
927 1882 1003 1916 Virg.
1020 1884 1084 1908 Aen.

682 1917 751 1943 Hor.
769 1916 851 1951 Epod.
875 1925 921 1951 17,
944 1923 969 1947 18
1001 1918 1084 1944 Tunc

28 1991 152 2034 fidorum
170 1990 261 2026 Vlyffis
274 1993 301 2016 in
317 1990 430 2025 for-mam
443 1991 580 2016 humanam.
652 1988 730 2021 Virg.
750 1988 847 2021 Georg.
863 1996 890 2019 2,
907 1996 964 2020 404
999 1987 1083 2021 Frigi-

20 2034 21 2050 l
32 2027 82 2056 dns
95 2033 122 2053 et
135 2027 207 2054 siluis
221 2026 321 2061 Aquilo
341 2025 445 2052 decussit
463 2023 603 2050 honorem.
676 2023 780 2049 Frontis
795 2022 911 2049 honores
941 2023 1002 2049 Stat.
1019 2023 1083 2049 Silii.

21 2066 66 2096 -ᾓ,
80 2071 128 2094 113.
200 2061 266 2088 Plin.
282 2062 375 2095 Paneg.
390 2066 403 2091 8
432 2061 488 2087 Iam
502 2059 630 2090 firmitas,
648 2058 702 2084 iam
714 2060 860 2092 proceritas
873 2059 1010 2092 corporis,
1028 2058 1082 2084 13111

17 2098 121 2206 {zor
134 2098 242 2132 capitis,
266 2103 292 2123 et
310 2097 424 2131 dignitas
438 2096 510 2128 oris,
526 2104 617 2122 nonne
631 2094 708 2128 longe
722 2094 825 2128 lateque
837 2094 986 2128 principem
999 2094 1083 2119 osten-

78 2140 89 2161 t

91 2178 150 2196 eece
162 2178 228 2204 puer
243 2168 360 2195 detecitus
373 2167 522 2194 honestum.
591 2167 622 2191 Et
636 2165 733 2198 Georg.
747 2174 776 2196 2,
795 2172 845 2195 392
876 2164 907 2189 Et
922 2171 1082 2197 quocunque

18 2224 19 2231 .
65 2234 71 2236 .
89 2234 91 2239 ¹
109 2206 208 2232 circum
222 2210 299 2238 caput
311 2204 366 2239 egit
378 2203 534 2234 honestum,
561 2209 629 2236 quem
641 2200 736 2234 versum
749 2198 783 2224 ad
789 2205 890 2233 patrem
896 2198 1017 2233 familias
1024 2199 1082 2233 pul-

9 2259 11 2262 ·
31 2199 231 2308 ἓξιναηψνε
246 2240 352 2266 Colum.
367 2247 390 2271 3,
403 2246 443 2271 21,
455 2247 483 2271 4.
555 2235 664 2262 Aestatis
679 2235 795 2260 honores
803 2240 853 2267 pro
860 2233 994 2269 frugibus.
1021 2233 1080 2259 ls'i'd.

92 2285 114 2309 3,
127 2282 188 2311 487.
262 2276 366 2301 Bentlei.
378 2273 413 2299 ad
427 2274 495 2299 Hor.
514 2270 567 2299 Od.
581 2278 607 2302 1,
624 2277 668 2304 17,
683 2277 713 2302 14
746 2269 789 2295 vbi
804 2269 883 2295 Ruris
896 2269 1012 2296 honores
1018 2269 1082 2305 sunt

44 2336 45 2339 ,
78 2310 143 2338 clus.

8 2337 11 2369 l
27 2306 78 2380 {gun
95 2347 227 2374 honorem
239 2346 301 2372 Ioui
315 2344 417 2376 libare,
434 2347 452 2370 i.
467 2346 555 2369 vinum
584 2341 661 2375 Virg.
677 2343 741 2366 Aen.
756 2350 783 2373 4,
798 2347 859 2373 207.
951 2341 989 2367 De
1002 2338 1081 2373 hostia

9 2380 11 2421 l
29 2383 190 2419 &sacrificio
216 2382 292 2416 Virg.
308 2383 373 2407 Aen.
387 2389 413 2412 3,
427 2384 467 2408 118
500 2376 612 2404 Meritos
626 2377 678 2402 aris
695 2375 822 2402 mac'lauit
841 2374 967 2402 honores.
1039 2377 1082 2402 Sic

5 2424 11 2431 '¹
26 2418 115 2448 Ouid..
125 2413 189 2445 Met.
202 2422 226 2450 8,
239 2425 295 2452 740
319 2415 376 2449 Qii
386 2415 496 2440 numina
509 2411 604 2438 diutim
612 2412 768 2445 Sperneret‚
788 2417 814 2437 et
827 2410 915 2437 nullos
927 2411 979 2438 aris
992 2410 1081 2437 adole-

278 2452 317 2478 Id.
329 2450 396 2477 Fast.
412 2456 434 2482 5,
447 2456 486 2482 551
512 2448 594 2474 Vltor
618 2447 737 2481 (Mars)
761 2447 792 2472 ad
808 2447 863 2481 ipse
878 2447 938 2472 suos
952 2447 1025 2473 caelo
1037 2447 1080 2473 de-

212 2310 319 2337 Terrae
333 2309 450 2335 honores
459 2327 468 2340 ,
499 2306 553 2333 vid.
569 2307 655 2333 Bur-m.
666 2305 700 2331 ad
712 2305 786 2331 Grat.
800 2308 858 2338 375.

29 2456 73 2483 *ret
87 2455 211 2481 honoreS.

3 2507 6 2510 -
26 2491 133 2518 *stendit
145 2490 276 2518 honores,
293 2489 311 2512 i.
319 2486 430 2523 sac-rimi,

16 2542 17 2545 =
50 2535 97 2553 ore
109 2545 116 2557 ,
130 2523 261 2560 postquam
273 2523 375 2548 litatum
388 2519 449 2554 fiet.
521 2520 553 2546 Et
568 2521 618 2551 264
649 2518 769 2546 Numina
782 2526 875 2551 magna
887 2523 981 2550 vocat,
1001 2518 1081 2545 meri-

16 2534 125 2595 rtbsque
139 2558 236 2585 indicit
249 2557 381 2589 honores,
400 2555 466 2582 iubet
471 2555 548 2592 ,ᾗτε-να
554 2554 625 2590 fieri.
696 2555 728 2580 Et
740 2561 791 2588 547
818 2553 879 2579 Rite
892 2554 990 2580 Iunoni
1005 2554 1081 2588 Argi-

30 2606 80 2624 vae
94 2596 171 2622 iuffos
183 2593 320 2620 adolemus
333 2592 458 2618 honores.
548 2591 622 2616 Grat.
642 2594 690 2623 458
725 2589 792 2616 Suos
811 2589 859 2615 vbi
879 2589 991 2623 contigit
1012 2590 1081 2624 ignis

26 2633 164 2663 honores,
189 2632 208 2655 i.
221 2627 351 2655 vissimum
368 2630 396 2653 in
409 2635 455 2653 ara
468 2624 614 2661 impofitam.
675 2624 732 2650 Vid.
752 2626 811 2651 Viri
824 2622 893 2650 doeh·
913 2624 946 2649 ad
964 2624 988 2650 h.
1002 2626 1020 2650 I.
1057 2631 1081 2649 et

30 2703 78 2730 Sil.
92 2710 119 2737 7,
133 2710 176 2734 90.
212 2699 279 2727 Add.
292 2698 373 2725 Ouid.
387 2699 451 2724 Met.
464 2701 488 2728 8,
504 2703 568 2730 740.
639 2696 784 2730 Sepultura:
819 2694 894 2733 Virg.
911 2695 975 2720 Aen.
990 2696 1023 2727 6,
1038 2702 1080 2727 333

29 2738 127 2766 Cernit
141 2737 182 2763 ibi
194 2734 324 2767 1110οἢ05,
341 2740 368 2760 et
380 2731 475 2759 mortis
487 2731 591 2757 honore
603 2736 729 2757 carentes.
805 2729 844 2756 Id.
857 2729 923 2756 ibid.
940 2738 965 2755 12
974 2749 980 2761 ,
993 2737 1021 2762 57
1053 2729 1080 2755 Si

30 2774 92 2809 quis
107 2774 216 2799 Amatae
241 2770 345 2805 Tangit
357 2769 442 2796 honos
456 2767 585 2794 animum.
621 2768 640 2792 i.
657 2775 724 2792 amor
736 2771 841 2791 mutuus.
911 2767 960 2791 Pro
968 2768 1080 2801 praemio

28 2809 107 2844 Nix-g.
123 2810 187 2834 Aen.
201 2815 229 2840 5,
245 2815 295 2839 249
326 2805 388 2840 Ipsis
401 2804 555 2839 praecipuos
575 2800 722 2828 cultoribus
741 2801 814 2828 addit
833 2800 957 2827 honores.
1028 2801 1080 2826 Hic

30 2844 137 2882 ‘pietatis
152 2844 237 2870 honos
263 2841 337 2868 Idem
349 2840 417 2869 ibid.
433 2848 457 2871 1,
478 2847 529 2872 253.
632 2872 637 2877 .

28 2883 87 2909 ‘rum
99 2889 195 2906 nomme
210 2882 329 2905 veniunt:
366 2876 420 2903 vid.
439 2876 525 2902 Burm.
538 2873 573 2900 ad
583 2873 693 2906 Qun&
708 2872 832 2899 Decl.261
851 2881 876 2907 p.
889 2877 949 2905 489.
1022 2872 1080 2898 Cic.

30 2926 83 2954 ipro
98 2916 174 2942 Rosc.
189 2915 279 2940 Amer.
295 2918 339 2942 108
379 2913 466 2945 Qiain
478 2909 514 2936 ob
530 2909 633 2936 causam
644 2917 659 2935 a
678 2908 851 2942 Chrysogono
865 2908 943 2934 tantis
956 2908 1081 2942 praemiis

50 2952 206 2981 onabantur,
221 2949 238 2975 11
252 2948 322 2975 1111111
335 2948 409 2974 aliud
428 2947 562 2977 fecerunt,
583 2943 631 2970 nili
652 2953 710 2971 rem
727 2944 893 2976 detulerunt,
919 2953 1007 2970 nonne
1021 2944 1080 2970 satis

35 3166 112 3193 ribus
126 3170 232 3196 operam
242 3161 304 3189 dare
333 3162 425 3196 Nepos
438 3169 486 3193 24,
503 3168 528 3192 i,
548 3168 567 3186 t.
639 3159 750 3185 Honore
763 3158 838 3185 abire
872 3158 942 3185 Suet.
958 3159 1026 3193 Aug.
1041 3160 1080 3184 26.

36 3202 76 3229 De
89 3197 280 3224 nundinatione
291 3196 424 3224 honorum
437 3204 478 3233 ap.
491 3197 623 3223 Romanos.

39 3245 62 3262 e.
77 3244 112 3262 19.
148 3231 208 3258 Sall.
222 3232 278 3265 Ing.
292 3237 320 3265 8,
333 3241 358 3265 15
376 3240 400 3259 et
413 3240 450 3265 35.
605 3228 626 3269 ff
646 3237 660 3263 5
697 3231 792 3257 Honor
804 3232 888 3262 Deus,
907 3232 977 3256 cuius
989 3233 1080 3255 mentio

39 3269 107 3305 apud
121 3266 256 3301 Augustin.
268 3266 299 3292 de
312 3268 371 3294 Ciu.
384 3269 434 3295 Dei
448 3278 476 3302 4,
489 3276 512 3294 21
527 3274 550 3294 et
562 3275 606 3300 24.
642 3270 672 3292 it.
687 3274 709 3299 5,
723 3275 755 3292 12.
789 3268 820 3293 it.
835 3267 943 3292 Vitruu.
957 3274 985 3297 3,
1002 3274 1011 3291 1
1025 3272 1050 3291 et
1062 3272 1080 3300 7

40 3306 84 3333 Pr.
137 3302 276 3330 Val.Max.
290 3310 317 3333 1,
328 3311 351 3334 i,
365 3308 378 3333 8
410 3303 519 3330 Honori
533 3309 558 3329 et
570 3302 671 3329 Virtuti
683 3302 781 3329 Romae
794 3301 871 3328 aedes
886 3301 1007 3335 gemellas
1020 3301 1080 3327 iun-

40 3342 106 3370 &im
118 3337 217 3366 locauit
230 3338 267 3363 M.
281 3337 418 3364 Marcellus
431 3339 614 3372 Syracusarum
628 3338 726 3364 vietor.
787 3337 844 3365 Vid.
866 3338 920 3364 Cic.
941 3345 989 3371 pro
1010 3337 1078 3363 Sext.

41 3385 103 3413 t.54
125 3375 168 3402 vbi
178 3372 326 3407 Templum
339 3373 455 3400 Honoris
478 3390 524 3395 —
543 3374 656 3401 Virtutis
676 3378 794 3400 vocatur.
850 3373 897 3400 Sed
909 3373 1022 3407 Verr.4‚
1038 3381 1078 3398 121

38 3423 61 3441 c,
76 3413 108 3445 34
138 3409 257 3437 Honoris
271 3413 351 3442 atque
366 3408 485 3436 Virtutis.
561 3410 707 3442 symmach.
723 3409 800 3443 Epist.
812 3411 841 3441 ’1,
855 3417 882 3435 21
893 3415 935 3443 pr.
965 3409 1034 3434 Bene
1048 3417 1077 3434 ae

37 3449 168 3483 sapienter
180 3445 294 3471 mfliOrCS
307 3442 389 3469 nostrl
401 3444 474 3472 aedes
484 3446 593 3473 Honori
606 3452 684 3480 atque
698 3445 800 3472 Virtuti
815 3445 924 3479 gemella
938 3444 1006 3470 facie
1020 3444 1080 3470 iun-

40 3485 106 3513 etim
121 3483 256 3512 locarunt,
275 3479 434 3511 commenti,
460 3481 532 3515 quod
543 3482 572 3508 in
585 3490 615 3508 re
628 3482 748 3508 videmus
757 3501 766 3512 ,
788 3479 829 3507 ibi
842 3482 889 3507 effe
903 3480 1018 3514 praemia
1031 3479 1079 3506 ho-

33 3520 129 3551 norst,
155 3517 203 3544 Vbi
216 3517 274 3542 sunt
287 3513 383 3540 merim
395 3515 508 3544 Virtuti&
578 3517 653 3553 Qcod
669 3523 749 3544 autem
769 3516 899 3552 ingre-[liam
917 3519 943 3542 in
964 3516 1079 3550 templum

37 3594 87 3620 lum
106 3589 139 3623 est
157 3588 190 3616 ad
203 3584 412 3623 significandum,
457 3595 555 3614 uaenam
577 3587 632 3622 effi’t
654 3598 714 3616 vera
734 3588 769 3615 ad
788 3597 871 3615 verum
894 3587 1006 3614 honorem
1025 3589 1076 3612 via.

11 3642 13 3646 ·
38 3627 164 3655 Caeterum
177 3631 297 3658 nusquam
317 3621 362 3647 hoc
380 3626 427 3655 apu
463 3627 555 3650 veteres
572 3627 684 3652 inuenire
699 3631 812 3660 poteram
829 3633 882 3650 cum
896 3622 995 3649 vellem:
1031 3620 1079 3655 nist

38 3768 142 3796 Gallico
167 3783 213 3786 —
230 3764 322 3791 aedem
334 3762 442 3789 Honori
455 3767 481 3788 et
493 3762 597 3789 Virtuti
608 3766 724 3798 voiiiffet,
742 3766 880 3793 Dedicatio
894 3766 950 3791 eius
962 3774 977 3791 a
990 3763 1078 3790 Ponti-

38 3804 132 3832 ficibus
149 3800 358 3837 impediebatur,
380 3797 452 3832 quod
470 3797 614 3831 negabant,
632 3808 710 3827 vnain
728 3802 819 3828 00113111
833 3801 938 3828 duobus
951 3800 1022 3827 1οἇἱο
1034 3800 1077 3825 de-

9 3842 11 3870 ‘1
38 3839 123 3867 dicari
145 3853 191 3858 —
209 3838 246 3863 ita
257 3835 345 3863 addita
360 3834 475 3861 Virtutis
488 3833 562 3859 aedes
576 3833 750 3868 adproperato
764 3847 853 3873 opere.
925 3838 1010 3869 Potuit
1018 3835 1078 3871 spa.

11 3877 12 3880 ’
36 3879 99 3902 tium
110 3872 257 3901 commodius
268 3881 316 3898 non
323 3868 418 3906 suff,
441 3879 513 3905 quam
530 3875 560 3895 vt
577 3869 655 3905 ipsum
667 3869 806 3904 vestibulum
817 3874 903 3910 templi
917 3872 1031 3901 Virtutis
1049 3874 1077 3898 in

5 3918 11 3926 ·’
36 3909 156 3939 Honoris
167 3908 249 3936 aedem
263 3912 461 3969 comrriutaretur.
622 3928 626 3931 ,

192 3949 213 3971 V
221 3949 241 3971 0
249 3950 277 3971 1..
312 3943 325 3969 Ι
342 3961 348 3968 .

1110 366 1125 391 5
1153 362 1306 392 norarium,
1327 369 1482 395 pei-mouere⁴
1502 363 1679 390 ncecti'arium.

1108 724 1133 749 15
1154 717 1206 742 Iur.
1221 714 1244 752 §.
1255 724 1283 742 io
1304 715 1393 742 Edicta
1407 722 1557 750 praetorum
1572 717 1615 743 Ius
1630 717 1802 745 honorarium
1818 720 2017 748 constituerunt.

908 1069 962 1096 Cic.
977 1069 1008 1096 de
1016 1070 1087 1096 Ami-
1107 1076 1138 1102 25

675 1248 751 1274 Ciirt.
766 1255 795 1281 5,
814 1256 838 1278 1,
853 1253 880 1279 38
917 1249 1085 1274 Feminarum
1104 1257 1135 1281 30

74 1426 182 1453 stinenti
196 1427 327 1453 honorem
339 1435 434 1453 munus
447 1426 551 1461 imponi
562 1435 617 1452 non
630 1425 729 1460 potest:
764 1435 859 1452 munus
873 1426 1023 1458 sustinenti,
1040 1426 1087 1452 ho·
1107 1432 1134 1458 35

481 1602 596 1630 Το11010
609 1603 726 1636 aliquem
741 1602 888 1629 honoribus
915 1604 982 1629 Hor.
999 1605 1086 1630 Carni.
1098 1609 1136 1634 40

37 1785 61 1811 8,
72 1788 100 1805 12
134 1781 304 1815 Qamquam
318 1780 369 1806 hoc
380 1780 485 1806 honore
497 1780 533 1806 vsi
546 1780 629 1813 togati
642 1779 690 1804 effe
704 1779 803 1810 solent,
823 1787 907 1812 quum
927 1779 964 1804 est
977 1779 1005 1803 in
1020 1779 1086 1811 sagis
1099 1784 1133 1809 45

580 1848 615 1873 Vt
636 1848 702 1873 alter
720 1846 838 1872 Alterius
856 1848 978 1873 sermone
995 1855 1083 1872 meros
1101 1857 1103 1859 ¹

34 1965 108 1984 mens
122 1963 148 1982 et
161 1957 238 1982 sonus
252 1955 391 1989 Relapsus,
412 1960 491 1988 atque
508 1959 587 1979 notus
605 1952 634 1979 in
648 1952 737 1979 vultus
751 1951 847 1979 honor.
884 1954 912 1978 de
929 1951 1083 1985 restitutione
1095 1959 1128 1985 50

928 2305 970 2332 Sr'c
983 2305 1082 2331 Lenae-
1094 2309 1130 2334 60
1150 2312 1191 2332 tiis
1202 2306 1248 2333 est.

30 2667 156 2696 Brouckh.
169 2665 203 2691 ad
213 2664 323 2691 Tibull.
336 2672 370 2697 4,
389 2665 422 2694 6,
437 2670 456 2688 1.
490 2664 520 2687 it.
535 2661 594 2688 Erh.
613 2659 647 2686 ad
659 2660 764 2686 Petron.
781 2667 828 2691 133.
863 2666 887 2684 et
902 2659 1030 2685 Drakenb.
1048 2659 1128 2693 adr70
1148 2659 1231 2685 manis
1245 2659 1410 2692 honoribus,
1429 2668 1527 2686 nomen
1540 2659 1640 2686 diuinis
1653 2659 1813 2688 honoratum
1840 2663 1909 2689 Vell.
1922 2673 1948 2697 2,
1964 2673 2017 2697 124,
2032 2675 2052 2698 3.

601 2833 758 2863 Hereditates
770 2846 863 2872 quoque
875 2843 898 2862 et
910 2837 993 2873 legata
1007 2835 1080 2863 hono·
1097 2843 1129 2871 75
1148 2837 1216 2863 Hist.
1228 2846 1249 2870 3,
1267 2846 1302 2864 12.

665 3194 724 3221 Vid.
738 3195 857 3230 Bernegg.
871 3194 905 3220 ad
922 3194 991 3220 Suet.
1006 3195 1079 3221 Caes.
1100 3199 1130 3228 85
1148 3203 1177 3227 2,
1190 3202 1224 3226 99
1238 3200 1303 3220 extr.
1399 3195 1494 3229 Superi.

10 3564 13 3580 ι
37 3555 158 3584 Honoris
174 3554 250 3579 alium
258 3548 364 3585 patuiſj}
375 3557 480 3585 negant,
503 3552 549 3586 nifi
556 3559 603 3588 per
620 3553 735 3580 Virtutis
754 3553 884 3587 templum;
920 3551 947 3577 id
957 3551 1019 3586 sane
1031 3551 1079 3577 bel·
1096 3564 1128 3590 95
1143 3552 1263 3578 noratius
1287 3551 1345 3577 Val.
1359 3552 1427 3577 Max.
1442 3559 1470 3584 5,
1486 3559 1512 3582 1,
1525 3559 1555 3577 11.

1084 3915 1130 3944 105
1179 3910 1526 3935 HONORABILITER.

1533 130 1817 175 HON

1191 224 1211 244 ii
1221 225 1239 245 o
1250 225 1272 244 N
1283 224 1303 245 ο
1314 226 1331 245 R
1341 225 1381 245 IN
1392 225 1412 243 v
1423 226 1435 245 5
1445 238 1452 251 ,
1473 218 1490 246 i.
1533 228 1568 246 ni.
1625 218 1692 247 Idem
1706 226 1748 256 qni
1761 223 1856 252 Honor
1869 227 1948 254 Deus.

1156 253 1204 279 Dei
1221 264 1246 286 4,
1262 263 1283 280 η1
1311 255 1368 281 Deo
1383 255 1524 282 Honorino
1540 256 1734 290 commendat-c,
1748 264 1775 284 vt
1790 259 1990 293 honorarentur.

1193 296 1213 315 Η
1227 296 1245 316 O
1258 297 1278 316 Ν
1290 298 1308 317 o
1320 291 1371 329 Rs(
1382 296 1400 315 R
1413 298 1420 315 1
1434 297 1453 314 v
1466 298 1496 323 s,
1518 300 1547 324 a,
1567 301 1620 318 11111.
1657 292 1717 319 Adi.
1754 293 1918 330 [τιμητικδς]
1954 300 2025 325 (mod
2037 301 2070 327 ad
2080 302 2194 329 honorem

1151 330 1269 359 pertinet.
1321 326 1377 351 Cic.
1391 325 1422 351 dc
1436 326 1497 360 Opt.
1510 328 1575 354 Gen.
1589 328 1636 354 Or.
1649 336 1661 360 3
1690 329 1790 355 Docere
1807 329 1925 356 debitum
1939 325 1988 363 css,
2007 335 2137 364 delcc‘lare
2146 338 2192 364 ho.

1206 399 1208 402 ι
1749 364 1857 394 Arbiter
1871 365 2026 396 honoramus
2035 391 2042 401 ,
2065 374 2140 406 Qirm
2153 374 2194 400 ho-

1152 406 1222 422 mms
1236 402 1323 436 cau-jn,
1348 403 1452 431 utraque
1463 406 1525 432 pars
1534 398 1732 435 Juinmumsacie
1740 400 1800 436 stiae
1812 400 1897 436 caujln’
1909 409 1931 427 et
1944 410 2117 437 controuersiae
2131 408 2194 434 iudi.

1152 441 1209 458 cem.
1266 434 1321 458 Cic.
1336 432 1417 458 Tusc.
1431 439 1452 463 5,
1467 440 1512 471 ¹²50
1526 442 1584 465 ⁸³·41
1608 436 1942 468 Qoruuicontrouersiam
1959 435 2192 476 [010113113110113111

1153 467 1311 507 honorarius
1323 467 1423 494 arbiter
1435 468 1550 494 iudicare
1563 469 1717 497 carneades.
1786 474 1824 498 De
1839 473 1998 499 Honorariis
2012 475 2149 504 Codicillis
2161 479 2195 511 est

1153 503 1265 529 Titulus
1279 504 1344 530 eod.
1359 503 1468 529 Theod.
1483 505 1509 534 6,
1523 511 1556 529 21.
1589 505 1617 530 dc
1630 507 1717 540 quibus
1731 510 1812 533 omnia
1824 507 1906 533 docuit
1920 510 1972 535 Iac.
1990 511 2153 545 Gothostedm
2168 524 2194 540 in

2122 155 2196 196 914

2005 230 2070 265 Aug.
2086 230 2118 258 dc
2132 231 2193 259 6111.

1108 545 1137 563 10
1153 540 1277 565 paratitlo
1292 546 1315 564 ct
1328 540 1456 564 Commcnt.
1473 540 1602 572 Breuiter,
1623 541 1685 576 Jimi
1705 545 1750 567 ulii
1773 543 1868 577 quiilcm
1885 544 1961 578 plane
1982 548 2129 581 imaginarii
2141 550 2191 575 iliu»

1145 573 1240 607 strium
1253 574 1421 611 dignitatum,
1440 582 1499 608 quos
1511 578 1566 608 quis
1580 576 1744 607 emejulicatus
1758 581 1788 609 cst
1805 577 1882 612 officii
1891 579 1986 614 publici
1999 587 2022 607 et
2036 586 2144 607 muneris
2159 593 2196 609 ex.

1147 616 1236 648 pm:
1262 614 1307 636 atii
1319 619 1378 645 quos
1392 608 1604 644 aclipi'fhcbantur,
1631 615 1673 638 zui
1686 615 1713 638 in
1726 607 1784 639 ‹zfiu
1801 608 1883 649 aisquo
1897 614 1974 650 positi
1994 623 2065 642 antea
2072 616 2196 652 fuerant,

1153 648 1203 670 iam
1211 646 1262 679 Jibi
1275 647 1408 671 vicantes.
1455 644 1497 671 Illi
1510 651 1525 670 a
1537 622 1676 672 muneribus
1688 657 1735 673 non
1750 649 1886 676 liberabant
1899 652 2019 678 curialcs:
2034 652 2082 688 fid
2095 652 2131 678 hi.
2150 660 2197 682 etc.

1155 682 1207 707 Nec
1221 684 1284 706 enim
1295 683 1396 720 proprie
1408 679 1442 705 ad
1459 679 1565 713 nostrum
1584 680 1722 714 institutum
1742 687 1867 718 psi-tinent
1886 686 2011 722 Poiiipon.
2024 687 2040 714 1.
2060 697 2076 714 2
2097 687 2129 714 de
2146 690 2195 716 Or.

1170 752 1174 756 η
1259 752 1263 757 .
1284 751 1289 756 .
2073 724 2197 750 Honora-

1153 760 1224 778 riuiu
1238 751 1351 784 dicitur,
1366 751 1443 791 *quod
1456 751 1489 777 ab
1502 752 1604 779 honore
1619 755 1748 787 praetoris
1761 762 1876 781 venerat.
1932 759 2023 792 Nempe
2043 758 2196 786 Honoratus

1153 793 1258 826 praetor
1273 786 1304 820 cst
1319 786 1400 813 Ouid.
1415 787 1479 812 Fast.
1496 795 1521 818 1,
1536 795 1573 820 52.
1645 791 1712 816 Hinc
1728 791 1794 824 apud
1806 792 1878 817 ICtot
1895 792 2062 820 Honoratiae
2076 802 2197 822 vocantur

1153 822 1284 854 actiones,
1304 822 1497 857 obligationes,
1517 832 1633 857 poenae,
1653 826 1822 859 successores,
1850 833 1950 854 tutores
1966 829 2052 863 pallini
2070 830 2098 856 in
2118 830 2197 865 Dige-

1152 859 1195 884 stis
1204 879 1212 890 ,
1233 868 1286 884 cum
1299 857 1441 890 indicatur,
1459 868 1486 884 ex
1499 857 1578 885 εᾱιέἷο
1588 864 1717 894 praetoris
1731 870 1756 887 c.1
1769 861 1888 888 deriuari.
1959 859 2084 891 Caberam
2100 874 2147 892 non
2155 866 2197 902 fh-

347 896 417 929 Quas
432 895 502 921 inter
514 893 591 920 castas
604 900 680 919 aures
695 892 748 919 sine
762 892 839 918 venia
851 890 923 917 nefas
945 890 981 917 est
994 900 1021 917 ac
1034 892 1085 918 sine
1107 901 1142 920 20
1152 896 1203 920 lum
1214 896 1253 919 ius
1269 894 1422 919 Praetorium
1428 893 1467 927 fic
1480 898 1576 926 vocari,
1587 895 1635 930 fid
1646 896 1689 922 illa
1702 900 1758 923 iura
1772 900 1861 929 omnia,
1874 907 1933 933 quae
1947 908 1976 925 ex
1986 900 2197 935 Honoratorum,

1152 933 1171 956 i.
1189 927 1377 965 magistratuum
1392 939 1586 965 quorumcunque
1600 929 1688 956 ediflis
1702 933 1841 967 onustant,
1861 932 1917 968 post
1935 936 1997 961 alios
2017 934 2122 965 ollendtt
2138 938 2196 964 Hei-

1154 974 1219 991 necc.
1235 962 1301 997 Hist.
1316 963 1425 990 Edsflor.
1441 974 1460 995 ι,
1475 974 1485 991 1
1500 965 1608 1001 p-13J'q-
1671 968 1701 992 V.
1713 978 1738 1002 g.
1760 968 1899 995 Modestin.
1914 969 1970 1002 l.52
1988 964 2037 1006 §.6
2057 972 2087 997 D.
2102 973 2134 998 de
2148 973 2196 999 ob-

1153 1001 1199 1034 lig.
1213 1006 1239 1027 et
1251 1000 1301 1026 361.
1338 1001 1398 1026 Iure
1416 999 1562 1027 honorario
1582 1000 1733 1034 obligamur
1754 1011 1784 1028 ct<
1801 1003 1857 1035 his,
1885 1013 1951 1038 quae
1967 1006 2055 1032 edicio
2070 1014 2198 1042 perpetuo

1153 1035 1196 1062 vel
1208 1045 1222 1062 a
1235 1033 1385 1069 magistratu
1399 1035 1458 1062 fieri
1471 1036 1685 1070 praecipiuntur,
1704 1037 1746 1063 vel
1760 1037 1818 1064 fieri
1837 1039 2026 1072 prohibentur,
2049 1050 2095 1068 etc.
2165 1046 2198 1070 Et

1153 1071 1204 1107 ipse
1219 1071 1310 1097 lustin.
1327 1069 1351 1108 ᾗ.
1366 1079 1381 1106 7
1414 1071 1472 1097 Inst.
1486 1070 1517 1097 de
1531 1071 1590 1098 iure
1603 1079 1654 1098 nat.
1667 1079 1736 1106 gent.
1751 1078 1776 1099 et
1790 1072 1842 1099 ciii.
1869 1075 1926 1099 Hoc
1940 1076 2019 1101 etiam
2035 1077 2146 1104 solemus
2158 1079 2198 1106 ius

1153 1107 1330 1133 honorarium
1338 1107 1484 1141 appellare,
1506 1107 1578 1141 quod
1593 1107 1640 1141 qui
1655 1108 1769 1134 honores
1784 1114 1893 1142 gerunt,
1913 1108 1941 1135 id
1954 1110 2004 1141 est,
2024 1113 2198 1146 magistratus,

1153 1142 1340 1169 311610111310111
1357 1142 1418 1168 huie
1433 1143 1485 1169 iuri
1500 1142 1636 1169 dederunt.
1703 1144 1841 1170 Tumiilus
1859 1144 2032 1178 honorarius,
2060 1149 2111 1173 (lui
2125 1149 2198 1175 hono-

1152 1181 1191 1205 ris
1203 1178 1275 1213 causa
1286 1181 1394 1214 erigitur
1401 1177 1592 1213 JineJi’pulcro,
1616 1184 1645 1204 vt
1657 1187 1700 1211 ea,
1713 1188 1772 1214 quae
1786 1180 1874 1206 Castra
1894 1180 1996 1207 doloris
2018 1173 2107 1208 vocsszsszt
2120 1184 2199 1210 hodie.

1154 1214 1224 1240 Suet.
1239 1215 1267 1240 in
1279 1213 1372 1240 Claud.
1385 1214 1456 1240 Caes.
1472 1222 1511 1240 c.1
1543 1215 1683 1240 Caeterum
1696 1215 1825 1241 exercitus
1840 1215 2014 1242 honorarium
2028 1218 2052 1243 ei
2067 1219 2201 1246 tumulum

1154 1249 1297 1281 excitauit,
1321 1256 1366 1275 etc.
1439 1248 1509 1274 Ludi
1522 1248 1678 1282 honorarii,
1701 1250 1816 1285 antiquis
1835 1251 1968 1278 Liberalia
1981 1251 2152 1288 dicebantur,
2171 1261 2200 1281 vt

1152 1288 1190 1312 ait
1202 1285 1299 1312 Festus.
1354 1281 1428 1310 Diffi
1441 1285 1585 1311 Honorarii
1595 1304 1603 1316 ,
1623 1286 1652 1310 ab
1667 1286 1764 1312 Honore
1779 1295 1868 1318 eorum,
1882 1290 1923 1321 qui
1936 1297 2034 1314 munera
2044 1293 2135 1324 populo
2149 1291 2199 1316 ede-

1152 1321 1221 1347 bant.
1263 1319 1319 1347 Vid.
1334 1320 1435 1356 Cafizub.
1453 1319 1487 1345 ad
1505 1320 1574 1346 Suet.
1590 1321 1657 1354 Aug.
1676 1329 1697 1346 e.
1712 1330 1745 1353 31.
1815 1323 1997 1349 Hoiiorarium
2015 1325 2114 1351 Vinum
2139 1325 2198 1352 md.

1155 1365 1196 1388 20,
1211 1364 1232 1388 3.
1268 1357 1357 1382 Locum
1371 1355 1457 1381 damus
1471 1358 1497 1381 in
1515 1361 1534 1381 v
1546 1363 1554 1380 1
1566 1362 1659 1382 NVM.

1190 1397 1211 1417 11
1222 1398 1241 1418 0
1251 1399 1272 1417 N
1282 1398 1301 1418 o
1312 1398 1330 1417 R
1340 1398 1388 1417 AR
1398 1398 1407 1416 1
1418 1398 1437 1417 v
1448 1397 1472 1417 Μ
1481 1408 1488 1421 ,
1508 1391 1526 1417 1.
1551 1400 1576 1417 n.
1629 1393 1725 1417 Donum
1733 1412 1741 1423 ‚
1760 1390 1826 1426 quod
1836 1389 1973 1419 refloribus
1982 1397 2128 1429 prouinciae
2142 1397 2200 1422 olim

1153 1430 1180 1453 in
1189 1429 1336 1462 prouincias
1355 1425 1542 1453 aduenientibus
1559 1428 1660 1452 honoris
1671 1428 1743 1461 causa
1755 1428 1873 1458 dabatur,
1895 1438 1942 1455 non
1962 1437 2077 1465 tunquam
2097 1431 2202 1457 debitum

1151 1462 1305 1499 exigebatur.
1388 1462 1443 1488 Cic.
1456 1462 1484 1487 in
1502 1463 1587 1488 Pison.
1603 1464 1633 1491 86
1667 1464 1721 1495 Qii
1737 1462 1830 1488 modus
1851 1463 1901 1489 tibi
1915 1464 1967 1490 fuit
1985 1466 2111 1492 frumenti
2127 1466 2201 1492 aesti-

1153 1497 1261 1525 mandi?
1274 1511 1279 1518 υ
1297 1497 1344 1532 0111
1358 1496 1514 1524 honorarii?
1587 1498 1768 1524 Honorarium
1785 1499 1983 1532 Decurionatus,
2006 1501 2038 1526 [tl
2049 1501 2114 1536 quod
2125 1512 2140 1528 α
2152 1504 2201 1528 Βε-

1153 1534 1295 1560 curionibus
1305 1540 1352 1568 pro
1365 1536 1447 1559 curia:³
1461 1535 1568 1559 introitu
1580 1532 1638 1559 duri
1646 1534 1749 1568 solitum
1763 1534 1805 1566 est.
1889 1535 1954 1561 Ptin.
1981 1536 2057 1570 Epist.
2086 1545 2114 1562 10
2125 1558 2133 1570 ,
2159 1539 2202 1563 116

1153 1569 1273 1603 Superest
1286 1577 1359 1603 ergo,
1371 1575 1400 1594 vt
1414 1569 1468 1603 ipse
1483 1567 1619 1602 dispicias,
1645 1577 1677 1594 an
1691 1569 1718 1594 in
1733 1569 1858 1596 omnibus
1871 1570 2026 1596 ciuitatibus
2039 1578 2140 1597 certum
2153 1572 2201 1598 ali-

1155 1605 1218 1639 quid
1233 1613 1334 1636 0111005,
1348 1605 1395 1637 0111
1410 1603 1505 1629 deinde
1521 1603 1643 1629 buleutae
1659 1604 1795 1638 leguntur,
1815 1604 1926 1630 debeant
1940 1614 1988 1638 pro
2003 1606 2116 1632 introitu
2131 1606 2202 1634 dare.

1153 1640 1197 1668 Ad
1210 1649 1280 1675 quam
1294 1638 1418 1674 epistolam
1439 1639 1575 1674 rescribens
1593 1639 1744 1669 Traianus,
1767 1640 1966 1671 Honorariuni,
2001 1643 2099 1676 inquit,
2120 1642 2204 1667 Decu-

1154 1676 1273 1702 rionatus
1287 1683 1385 1705 omnes,
1400 1675 1446 1708 qui
1461 1676 1488 1699 in
1503 1682 1608 1707 quaque
1622 1674 1730 1700 ciuitate
1751 1674 1912 1700 Decuriones
1929 1675 2010 1706 fiunt,
2038 1676 2139 1702 inferre
2160 1676 2203 1703 dc-

1144 1710 1250 1742 ¹beant,
1267 1717 1363 1739 necne,
1382 1718 1396 1734 a
1415 1717 1457 1734 nie
1471 1717 1525 1734 non
1538 1707 1620 1741 potest
1635 1708 1719 1733 statui.
1810 1709 2009 1740 Honorariuin,
2031 1718 2081 1745 pro
2105 1712 2203 1739 Salaria

1154 1744 1219 1778 quod
1230 1745 1305 1769 datur
1320 1741 1520 1778 magistratibus,
1538 1742 1661 1773 arbitris,
1681 1749 1705 1766 et
1716 1743 1775 1767 aliis
1787 1742 1927 1769 huiusmodi
1941 1745 2043 1779 leian.
2059 1746 2087 1772 in
2101 1746 2116 1772 l.
2131 1755 2140 1772 1
2159 1751 2182 1784 9.
2193 1757 2203 1774 1

1153 1780 1185 1804 D.
1201 1778 1218 1803 fi
1233 1787 1302 1803 nien.
1314 1778 1360 1803 fal.
1374 1776 1446 1802 mod.
1460 1775 1530 1802 dixe.
1599 1777 1793 1808 Honorariuni,
1811 1778 1886 1813 Quod
1897 1782 1970 1805 etiam
1984 1781 2111 1807 aduocatis
2117 1782 2201 1809 datur.

1153 1812 1224 1838 Paul.
1237 1813 1266 1842 in
1282 1812 1298 1837 1.
1318 1812 1366 1846 0111
1377 1819 1471 1846 operas
1486 1812 1517 1837 D.
1531 1811 1610 1838 locati
1624 1818 1650 1838 et
1662 1813 1785 1839 conduci.
1818 1814 1948 1840 Aduocati
1968 1825 2091 1850 quoque,
2115 1817 2132 1842 {i
2153 1827 2201 1851 per

1154 1856 1198 1873 eos
1212 1856 1266 1873 non
1279 1847 1395 1878 steterit,
1415 1856 1470 1881 quo
1484 1847 1572 1873 minus
1586 1849 1686 1873 causam
1700 1855 1791 1880 agant,
1811 1848 1956 1875 honoraria
1968 1851 2077 1877 reddere
2091 1861 2143 1878 non
2157 1852 2201 1879 de·

1152 1883 1225 1909 bent.
1297 1883 1353 1909 Cic.
1368 1891 1416 1916 pro
1430 1883 1560 1908 Caecin.6
1583 1883 1647 1908 Ideo
1662 1883 1733 1917 quod
1746 1884 1835 1909 omnia
1849 1884 1949 1910 iudicia
1963 1892 2007 1912 aut
2022 1887 2199 1914 distrahenda.

1151 1927 1212 1944 rum
1227 1917 1484 1949 controuersiarum,
1517 1924 1561 1943 aut
1580 1917 1775 1951 puniendorum
1799 1919 1991 1947 maleficiorum
2011 1924 2082 1948 caiisa
2096 1930 2200 1956 reperta

1152 1954 1224 1979 sunt:
1245 1961 1360 1986 quorum
1375 1953 1486 1978 alterum
1502 1952 1586 1978 leuius
1606 1952 1658 1985 est,
1682 1960 1727 1981 etc.
1753 1954 1866 1980 alterum
1881 1955 1917 1981 est
1931 1955 2200 1985 vehementiiiiinuni:

1152 1987 1225 2022 quod
1239 1995 1264 2014 et
1278 1987 1308 2014 ad
1322 1987 1459 2022 grauiores
1470 1996 1512 2013 res
1525 1989 1653 2022 pertinet,
1679 1995 1704 2015 et
1727 1998 1781 2015 non
1794 1990 1966 2017 honorariam
1980 2001 2088 2026 operam
2103 1994 2198 2028 amici,

1151 2024 1194 2050 sed
1208 2024 1376 2050 seueritatem
1388 2022 1484 2049 iudicis
1493 2043 1501 2054 ,
1520 2032 1549 2049 ac
1563 2024 1619 2050 vim
1637 2024 1762 2058 requirit.

1186 2066 1208 2085 H
1217 2066 1235 2085 O
1246 2066 1268 2084 N
1277 2060 1296 2086 6
1305 2065 1324 2085 R
1333 2065 1352 2085 Ο
1361 2077 1368 2088 ,
1390 2063 1440 2084 are.
1478 2057 1589 2091 [afgudon
1606 2060 1667 2092 τίω]
1705 2059 1845 2085 Honoribus
1859 2058 1962 2094 afficere.
2000 2063 2057 2090 Cic.
2065 2063 2096 2090 de
2105 2065 2197 2094 Diuin.

1152 2102 1173 2125 1,
1188 2099 1216 2123 88
1237 2102 1258 2119 c.
1266 2102 1301 2127 40
1327 2092 1518 2126 Amphiaraum
1531 2093 1564 2119 fic
1578 2093 1723 2120 honorauit
1736 2094 1805 2120 fama
1818 2095 1951 2127 Graeciae,
1970 2097 2033 2125 deus
2048 2106 2075 2125 vt
2089 2100 2197 2127 habere-

150 2134 251 2168 Capitis
266 2132 354 2159 honor
364 2133 405 2159 hic
417 2131 522 2164 dicitur,
544 2137 574 2157 vt
585 2130 662 2163 Virg.
676 2131 739 2155 Aen.
754 2138 797 2160 10,
811 2137 850 2160 133
882 2128 1030 2155 Dardanius
1042 2137 1082 2154 ca·
1103 2134 1132 2161 55
1148 2134 1209 2158 tur,
1230 2134 1309 2162 atque
1321 2133 1350 2154 vt
1363 2128 1396 2153 ab
1409 2127 1466 2154 eius
1481 2128 1553 2160 solo,
1579 2129 1607 2154 in
1628 2138 1682 2163 quo
1703 2129 1738 2156 est
1759 2129 1894 2163 humatus,
1919 2135 2024 2160 oracula
2037 2141 2196 2168 peterentur.

1149 2163 1224 2189 Idem
1238 2163 1351 2197 Philipp.
1370 2171 1400 2194 2,
1419 2170 1449 2196 25
1469 2172 1490 2189 c.
1506 2172 1528 2189 11
1566 2164 1621 2198 Qii
1634 2174 1677 2191 me
1691 2175 1744 2191 non
1759 2166 1842 2192 solum
1856 2167 1922 2193 meis
1939 2168 2060 2195 laudibus
2074 2179 2181 2198 ornaret

1149 2198 1194 2225 sed
1208 2199 1288 2225 etiam
1301 2199 1445 2225 honoraret
1458 2199 1561 2225 alienis.
1633 2201 1780 2227 Honorarit
1800 2210 1844 2228 eos
1859 2211 1889 2228 an
1903 2202 2036 2237 deceperit
2067 2192 2198 2240 Qiinffil’.

1150 2242 1174 2267 5,
1189 2243 1225 2265 10,
1240 2240 1286 2264 118.
1322 2238 1341 2260 i.
1352 2238 1464 2269 praemio
1478 2244 1535 2262 vcro
1548 2232 1645 2269 afficere
1658 2238 1780 2269 voluerit,
1800 2247 1832 2262 an
1845 2237 1900 2263 ludi
1912 2238 1982 2265 ‘cama
2041 2242 2097 2267 Vni.
2114 2244 2198 2269 Burni.

1143 2277 1174 2306 p.
1189 2279 1244 2304 432.
1316 2271 1413 2297 Patere.
1428 2280 1456 2302 2,
1471 2278 1526 2303 112,
1541 2279 1556 2296 2
1588 2271 1631 2297 Ob
1646 2271 1673 2297 id
1689 2272 1851 2298 ornamentis
1865 2274 2071 2308 triumphalibus
2084 2277 2199 2305 honoram

1319 2306 1394 2332 Idem
1411 2314 1435 2336 2,
1449 2314 1500 2338 129,
1515 2315 1526 2337 3
1556 2307 1688 2341 Populum
1698 2308 1842 2341 congiariis
1855 2308 2007 2337 honorauit.
2077 2313 2150 2339 Curt.
2166 2322 2198 2348 7,

1149 2350 1168 2374 i,
1182 2350 1210 2373 23
1237 2342 1306 2368 Cum
1320 2342 1395 2367 donis
1409 2341 1583 2367 honoramur.
1655 2343 1809 2375 Honorati,
1829 2345 1958 2379 Deponens
1971 2346 2038 2381 apud
2045 2348 2198 2383 Ampelium

1148 2386 1171 2404 c.
1185 2377 1217 2403 de
1232 2385 1257 2403 12
1270 2376 1362 2411 (ignis,
1382 2378 1450 2403 Iuno
1464 2377 1581 2403 Leonem
1595 2377 1698 2404 caelesti
1711 2378 1855 2413 dignitate,
1871 2380 1907 2406 est
1920 2381 2057 2408 honorata.
2075 2381 2078 2385 ”

1185 2419 1206 2438 Η
1218 2418 1236 2438 0
1248 2419 1270 2438 N
1279 2419 1298 2439 0
1309 2419 1327 2438 R
1338 2419 1360 2439 A
1369 2419 1389 2438 N
1401 2418 1419 2437 D
1431 2418 1450 2436 V
1461 2419 1489 2444 S,
1505 2422 1519 2439 a
1528 2433 1536 2445 ,
1557 2421 1610 2438 um.
1648 2414 1740 2440 Partic.
1784 2415 1858 2441 Mors
1870 2425 1924 2441 non
1937 2419 2132 2452 monumentis,
2154 2421 2195 2447 sed

1148 2447 1221 2473 luein
1236 2448 1344 2482 publico
1358 2447 1514 2474 honoranda
1537 2449 1595 2475 Cic.
1609 2448 1721 2484 Philipp.
1735 2458 1753 2482 9
1766 2458 1815 2481 c.3.
1868 2451 2031 2479 Honorande
2044 2454 2073 2480 in
2088 2455 2196 2482 Christo

501 2483 578 2517 Virg.
596 2483 660 2510 Aen.
674 2491 698 2515 3,
712 2487 756 2517 178
792 2482 916 2512 Perfeelo
938 2483 1019 2509 laetus
1032 2482 1080 2508 ho·
1098 2481 1130 2514 65
1149 2484 1262 2511 Hieron.
1278 2483 1355 2518 Epist.
1371 2492 1391 2516 1,
1407 2492 1443 2518 17.

1187 2525 1208 2544 Η
1221 2526 1240 2545 0
1250 2526 1272 2546 Ν
1283 2526 1302 2547 O
1313 2526 1329 2544 R
1340 2520 1362 2545 Ᾰ
1374 2525 1394 2545 Τ
1406 2526 1427 2545 V
1436 2526 1449 2545 S
1457 2537 1465 2550 ‚
1485 2526 1514 2549 a,
1536 2526 1589 2544 um.
1642 2517 1702 2544 Adi.
1759 2519 1926 2553 [τιμώμενσῃ
1944 2523 2050 2555 ἔντιμος,
2070 2526 2179 2559 waizos

1147 2565 1205 2590 7³9²
1222 2554 1265 2588 ὂς]
1302 2556 1353 2590 Qi
1367 2558 1394 2580 in
1407 2555 1497 2581 honore
1509 2561 1532 2578 et
1539 2556 1624 2588 pretio
1637 2552 1670 2586 5st
1683 2554 1750 2590 apud
1762 2557 1865 2590 aliquos.
1921 2558 1975 2584 Cic.
1992 2559 2044 2585 Off.
2056 2569 2076 2592 1,
2090 2549 2129 2593 158
2150 2547 2195 2588 Di:

1149 2599 1196 2615 cen
1217 2599 1262 2616 um
1275 2590 1311 2616 est
1325 2590 1422 2622 etiam,
1444 2588 1550 2622 qualem
1571 2588 1687 2615 hominis
1702 2589 1828 2617 honorati
1841 2597 1866 2618 et
1879 2593 2006 2628 principis
2019 2594 2128 2622 domum
2143 2597 2196 2631 pla-

1148 2630 1188 2650 cet
1201 2625 1258 2650 effe.
1331 2626 1404 2651 Idem
1419 2624 1450 2650 de
1464 2623 1563 2650 Sene&
1576 2633 1603 2649 22
1635 2625 1707 2651 61311
1720 2631 1744 2651 et
1760 2625 1886 2653 honorati
1900 2629 1962 2655 viri.
2032 2632 2134 2666 Corpus
2148 2632 2195 2659 hu-

1187 2694 1192 2699 .
2111 2669 2130 2694 E
2151 2677 2195 2694 ue-

1147 2694 1194 2734 stri
1206 2694 1287 2721 statua
1299 2695 1443 2722 honoratus
1476 2695 1513 2721 Id.
1527 2703 1557 2726 2,
1570 2698 1613 2726 61,
1629 2705 1648 2727 3.
1720 2697 1801 2723 Vetus
1815 2703 1841 2724 et
1852 2697 1982 2726 honorata
1997 2701 2098 2729 familia
2126 2677 2195 2731 Scliet.

1147 2739 1175 2756 in
1190 2730 1290 2757 Othon.
1305 2740 1326 2757 c.
1336 2740 1355 2757 1.
1391 2738 1415 2757 et
1428 2730 1497 2757 Tib.
1512 2739 1561 2762 c.3.
1634 2731 1683 2758 Vir
1696 2731 1841 2760 honoratus
1868 2735 1948 2761 Ouid.
1964 2745 1995 2762 ex
2010 2738 2083 2764 Pont.
2097 2750 2124 2771 4,
2139 2748 2161 2772 5,
2171 2749 2194 2766 z.

1147 2766 1204 2792 Cic.
1219 2766 1333 2793 Tuscul.
1345 2775 1369 2798 1,
1383 2772 1410 2799 85
1439 2766 1564 2792 Metellus
1578 2766 1625 2792 ille
1639 2766 1784 2794 honoratus
1798 2775 1912 2803 quatuor
1926 2771 2005 2804 filiis,
2026 2779 2051 2798 et
2067 2775 2197 2808 quinqua-

1146 2802 1220 2835 ginta
1233 2802 1360 2829 Priamus.
1433 2801 1565 2834 Achilles,
1592 2802 1645 2828 vid.
1667 2810 1689 2829 A
1698 2809 1714 2829 C
1726 2810 1746 2829 H
1758 2811 1765 2829 1
1777 2811 1791 2829 1.
1801 2812 1817 2831 L
1826 2812 1843 2831 Ε
1853 2812 1875 2831 5.
1947 2808 2073 2834 Custodia
2105 2810 2195 2837 Tacit.

1278 2873 1284 2878 .
1372 2837 1440 2864 63111
1458 2837 1541 2864 Ouid.
1554 2837 1616 2864 Met.
1630 2843 1652 2868 8,
1667 2847 1692 2870 9.
1766 2840 1842 2866 Diem
1859 2841 1959 2876 semper
1973 2843 2132 2870 honoratum
2151 2846 2195 2872 ha-

1147 2872 1211 2899 bere
1250 2874 1327 2907 Virg.
1347 2874 1413 2900 Aen.
1435 2880 1467 2906 5,
1491 2881 1530 2906 50.
1614 2873 1677 2900 Dies
1711 2874 1803 2902 Claud.
1819 2877 1896 2903 Coris.
1913 2879 1989 2905 Prob.
2005 2885 2030 2906 et
2046 2881 2123 2912 Olyb.
2139 2884 2194 2908 261.

1147 2908 1291 2944 Verbaque
1304 2909 1448 2935 honoratus
1460 2908 1544 2935 libera
1556 2909 1664 2935 Praetor
1678 2908 1757 2937 habet
1779 2911 1861 2938 Ouid.
1879 2906 1976 2946 Fuisti,
1991 2922 2030 2947 52.
2083 2916 2194 2951 Sedfal-

1146 2945 1232 2971 luntur
1241 2964 1249 2977 ‚
1268 2947 1310 2980 qui
1327 2945 1372 2971 hoc
1386 2945 1451 2984 uelut
1461 2948 1592 2980 proprium
1612 2945 1743 2972 Praetoris
1758 2947 1880 2981 epitheton
1894 2949 2060 2977 arbitrantur.
2133 2952 2194 2979 Liu.

35 2989 44 3018 'v
65 2989 86 3014 it
99 2988 140 3014 his
154 2986 250 3021 gratias
264 2984 325 3018 agi?
351 2982 467 3017 denique
476 3002 484 3014 ‚
503 2987 531 3008 vt
544 2979 740 3016 perliberaliter
753 2986 889 3014 ageretur,
906 2979 1018 3006 honoris
1032 2980 1081 3005 ali-
1147 2988 1188 3013 25,
1203 2988 1214 3012 5
1237 2981 1313 3006 Senes
1327 2980 1504 3014 honoratique
1517 2980 1551 3006 ad
1562 2980 1718 3007 Consulares
1732 2987 1758 3008 et
1766 2983 1908 3009 Censorios
1916 2989 2037 3019 pertinet.
2109 2987 2193 3014 Ouid.

8 3035 10 3038 .
43 3052 45 3055 Δ
72 3024 99 3050 id
111 3022 223 3049 habel-13
277 3019 352 3047 [dem
365 3019 437 3045 Fam,
452 3020 489 3049 16,
502 3026 528 3050 9.
576 3016 648 3043 Caes.
663 3016 689 3042 Β,
705 3016 735 3042 C.
748 3024 773 3049 2,
787 3024 821 3041 21.
865 3015 924 3042 Vid.
939 3016 1080 3042 Honorem
1105 3021 1138 3048 80
1147 3024 1178 3042 ex
1194 3016 1278 3042 Ponto
1291 3025 1324 3048 4,
1337 3023 1366 3048 5,
1378 3024 1393 3042 2
1421 3016 1591 3042 Honoratum
1604 3017 1694 3043 virum
1713 3018 1868 3052 Pompeium
1890 3024 1960 3045 Cos.
1980 3027 2060 3047 vocat.
2115 3024 2194 3049 Plura

18 3066 19 3069 ,
43 3053 149 3091 ἰδέη,
166 3060 194 3083 in
215 3061 360 3082 HABEO·
433 3055 483 3080 pro
504 3050 659 3088 Magvstratu
670 3054 748 3086 poni,
770 3055 821 3078 iam
833 3050 965 3087 superiora
984 3051 1079 3077 docent.
1148 3053 1262 3078 Heinecc.
1280 3049 1345 3084 Htjsi.
1362 3050 1508 3086 Ediflor.p.
1523 3052 1600 3088 12sq.
1690 3053 1801 3088 Compar.
1838 3054 1899 3079 Liu.
1913 3063 1959 3086 32,
1988 3075 1994 3081 .
2034 3075 2040 3081 .
2076 3057 2134 3083 Pars
2149 3066 2194 3083 na-

64 3094 288 3124 onorPraeturae,
307 3089 468 3124 Qaesturae
489 3087 660 3115 Suet.Claud.
670 3095 716 3113 c.1.
736 3093 760 3114 et
767 3087 828 3114 Tit.
836 3095 889 3120 ας.
956 3088 1080 3114 Honores
1146 3087 1217 3114 vales
1231 3087 1296 3114 socii
1309 3086 1409 3114 relictis
1423 3096 1508 3121 nuper
1520 3087 1634 3114 classibus
1649 3086 1681 3115 ad
1695 3089 1765 3122 spem
1780 3088 1961 3116 honoratioris
1980 3091 2092 3117 militiae
2112 3098 2194 3119 trans-

34 3136 142 3166 Petere,
161 3136 268 3162 capere,
284 3135 376 3161 gerere
401 3125 492 3160 Nepos
506 3133 550 3157 24,
567 3132 593 3156 1,
606 3132 625 3150 1.
662 3122 728 3149 Plin.
743 3122 822 3158 Epist.
838 3124 869 3156 6,
882 3131 915 3153 31.
987 3124 1080 3149 Ηοηο-
1147 3122 1228 3158 grelli.
1301 3123 1468 3149 Honoratior
1481 3123 1550 3158 apud
1566 3123 1670 3158 plebem
1702 3124 1775 3150 Idem
1789 3133 1822 3156 4,
1840 3131 1875 3156 35.
1947 3126 1984 3151 M.
1999 3127 2065 3152 Cato
2079 3127 2193 3155 honora-

1146 3159 1213 3185 tiori
1227 3167 1319 3193 parere
1331 3158 1425 3185 maluit
1454 3159 1550 3186 Patere.
1559 3168 1584 3192 2,
1596 3168 1637 3192 54.

1550 3196 1602 3221 Vir
1624 3195 1834 3221 honoratissimae
1855 3195 1978 3230 imaginis
2017 3198 2076 3224 Liu.
2100 3207 2112 3229 3
2124 3219 2131 3231 ,
2153 3205 2190 3232 58.

1146 3229 1238 3257 Sedem
1251 3229 1333 3257 alicui
1345 3229 1415 3256 inter
1426 3230 1531 3264 aliquos
1544 3230 1744 3256 honoratissimo
1757 3231 1817 3256 loco
1830 3230 1892 3258 dare
1912 3232 1968 3258 Val.
1979 3233 2049 3259 Max.
2061 3242 2087 3266 4,
2101 3241 2114 3266 5
2128 3242 2193 3262 extr.

1183 3271 1204 3291 H
1213 3272 1232 3293 Ο
1242 3273 1264 3292 Ν
1275 3271 1295 3292 O
1305 3272 1324 3292 R
1332 3272 1355 3292 A
1364 3272 1386 3292 T
1397 3272 1423 3292 E.
1458 3266 1525 3293 Adii.
1560 3266 1736 3299 [τιμωμένως]
1782 3266 1855 3302 Quod
1864 3276 1917 3292 cum
1930 3268 2019 3294 honore
2032 3275 2055 3294 ct
2068 3269 2193 3305 dignitate

1140 3300 1245 3338 fufium
1259 3300 1300 3334 est.
1373 3302 1429 3327 Cic.
1444 3300 1557 3335 Philipp.
1571 3309 1603 3333 11,
1617 3309 1642 3333 33
1678 3302 1754 3334 Quae
1769 3302 1800 3328 de
1812 3302 1860 3329 illo
1873 3303 1935 3328 viro
1948 3303 2015 3330 Sulla
2025 3323 2031 3334 .
2050 3313 2116 3338 quae
2133 3307 2193 3332 Mu-

1148 3346 1235 3368 raena,
1255 3346 1322 3372 quae
1335 3337 1474 3368 Seruilius,
1494 3345 1561 3371 qnae
1574 3336 1715 3369 Lucullus,
1737 3346 1814 3372 quam
1828 3337 1967 3371 honorate,
1988 3348 2066 3373 quam
2082 3339 2193 3368 honori-

1709 3160 1802 3185 Otium
1816 3159 1972 3186 honoratius
1986 3162 2101 3196 irnperio
2118 3164 2192 3190 Idem

1098 3386 1134 3411 90
1147 3372 1210 3404 fiee,
1230 3382 1309 3408 quam
1323 3373 1440 3407 grauiter
1453 3373 1526 3407 saepe
1541 3372 1569 3398 in
1581 3372 1674 3398 Senatu
1689 3373 1920 3406 praedicanerunt?
1957 3375 1993 3400 Ex
2005 3375 2098 3407 verusio
2111 3377 2192 3403 codice

1145 3410 1249 3444 legimus
1260 3418 1325 3435 nunc
1337 3409 1444 3435 Ornate.
1535 3408 1625 3434 Tacit.
1640 3408 1706 3433 Hist.
1722 3418 1756 3441 4,
1770 3410 1799 3440 63
1830 3409 1912 3442 Qiod
1929 3408 2014 3436 filium
2030 3411 2087 3437 eius
2102 3413 2190 3446 primo

1144 3454 1235 3471 rerum
1249 3450 1324 3471 motu
1338 3444 1366 3470 in
1380 3443 1485 3470 colonia
1498 3443 1681 3478 Agrippinensi
1697 3443 1902 3477 deprehensum,
1921 3444 2051 3472 honorate
2063 3447 2192 3474 custodie-

1144 3486 1214 3506 runt.
1286 3481 1399 3515 Compar.
1434 3479 1524 3506 lustin.
1534 3487 1557 3512 5,
1570 3489 1598 3513 4,
1614 3488 1637 3511 13
1661 3480 1769 3506 Certant
1783 3480 1867 3505 seeum
1882 3479 1939 3514 ipsi,
1953 3487 2042 3507 vtriiiii
2055 3490 2191 3510 contume.

1142 3516 1235 3542 iiofius
1249 3524 1310 3542 eum
1322 3515 1484 3549 pepulerint,
1505 3523 1537 3541 an
1550 3515 1735 3541 reuocauerint
1749 3515 1913 3541 honoratius.
2006 3517 2127 3545 Cremarj
2144 3519 2190 3546 ho.

1627 3552 1721 3585 Superl.
1757 3550 1962 3578 Honoratiffime
1974 3561 2055 3587 quein
2072 3555 2192 3589 excipere

1144 3587 1202 3613 Val.
1216 3588 1287 3619 Max.
1304 3596 1334 3617 2,
1350 3595 1393 3617 io,
1408 3596 1429 3612 2.

1182 3628 1204 3648 H
1214 3629 1262 3649 ou
1272 3629 1291 3650 o
1301 3629 1319 3648 R
1329 3621 1464 3649 Assfeis
1476 3641 1484 3654 ,
1504 3612 1528 3648 ἐ.
1564 3620 1623 3649 Adi.
1659 3619 1780 3656 [γεραιός]
1833 3621 1908 3657 Qod
1920 3621 1953 3655 erl?
1974 3623 2063 3651 honore
2078 3624 2189 3661 dignum.

38 3663 103 3701 quod
116 3659 203 3694 vidiffi‘
217 3660 266 3685 tale
279 3656 405 3693 quidpiam
417 3655 516 3695 yid-etur
528 3658 662 3693 Augustin.
676 3659 709 3687 de
722 3661 752 3687 C.
767 3660 798 3686 D.
812 3667 841 3693 5,
857 3668 890 3686 12.
964 3659 1023 3684 Non
1038 3657 1078 3683 ab·
1145 3657 1206 3684 Liu.
1221 3668 1249 3692 4,
1264 3667 1292 3698 10
1332 3658 1458 3692 Qiinque
1475 3657 1630 3683 Consulatus
1649 3656 1742 3697 eodem
1758 3663 1851 3697 tenore
1870 3658 1950 3692 gesti,
1976 3661 2084 3693 vitaque
2103 3661 2189 3686 omnis

31 3698 110 3737 surde
121 3697 166 3724 hoc
173 3696 265 3731 putari
272 3713 280 3725 ,
291 3691 380 3728 suadet
392 3691 467 3731 Liuii
480 3697 609 3734 narratio,
633 3705 705 3731 quam
718 3697 765 3722 huc
779 3705 854 3730 osque
867 3693 1014 3726 distulimus,
1028 3700 1062 3727 27
1071 3712 1079 3725 ,
1146 3693 1328 3732 Consulariter
1334 3694 1401 3725 3613,
1418 3693 1564 3733 yerendum
1573 3699 1653 3725 paene
1666 3693 1751 3732 ipsum
1765 3701 1847 3727 magis
1860 3703 1940 3728 quam
1952 3694 2137 3721 honorabilem
2151 3696 2189 3720 fa-

38 3741 71 3766 ας
95 3731 254 3759 Marcellum
285 3743 331 3748 —-
351 3726 492 3760 religiones
505 3727 640 3761 tenebant,
658 3731 686 3757 in
699 3731 808 3766 quibus,
829 3730 901 3765 quod
915 3738 997 3764 quum
1005 3728 1077 3754 bello
1089 3745 1137 3763 100
1145 3728 1270 3755 ciebant-s
1330 3730 1403 3755 Haec
1416 3730 1470 3763 ipsa
1486 3729 1542 3753 sunt
1555 3726 1724 3753 honorabilia
1749 3728 1803 3761 (al.
1816 3728 2019 3756 honorabiliora
2030 3734 2038 3759 )
2068 3739 2134 3763 01130
2147 3730 2188 3756 vi·

1145 3763 1242 3790 dentur
1258 3763 1328 3791 leuia
1348 3771 1427 3799 atque
1439 3762 1600 3794 communia,
1620 3762 1741 3796 salutari,
1765 3764 1870 3799 appeti,
1888 3764 1994 3796 decedi,
2014 3765 2123 3798 affin-gi,
2143 3765 2186 3791 de-

1145 3798 1221 3829 duci,
1240 3799 1408 3835 (insuram)
1428 3798 1517 3826 reduci
1538 3798 1678 3833 (domum)
1695 3800 1810 3831 consul13
1832 3809 1899 3835 quac
1914 3808 1939 3826 et
1952 3799 2017 3833 apud
2031 3809 2077 3825 nos
2089 3820 2098 3831 ‚
2117 3806 2143 3826 et
2157 3801 2186 3826 in

1145 3834 1204 3860 aliis
1219 3834 1374 3862 ciuitatibus
1383 3856 1390 3867 ,
1414 3841 1442 3860 vt
1456 3843 1576 3868 quaeque
1589 3835 1690 3868 optime
1703 3842 1804 3862 morata
1813 3856 1821 3868 ,
1846 3836 1881 3862 ita
1895 3834 2085 3869 diligentissime
2097 3835 2185 3861 obser·

1145 3875 1242 3896 vantur
1266 3870 1321 3896 Cic.
1336 3871 1369 3897 de
1384 3871 1441 3898 Sen.
1451 3874 1479 3901 63
1494 3874 1558 3900 c.18.
1632 3871 1770 3906 Comparat.
1807 3871 1885 3904 Vulg.
1898 3871 1961 3896 Dan.
1976 3878 2010 3901 13,
2023 3878 2050 3901 4.

1578 3903 1648 3932 Adu.
1705 3906 1909 3934 Honorabiliter
1921 3905 2030 3939 sepelire
2069 3904 2183 3937 Capitol.

1296 3947 1312 3974 5
1332 3941 1352 3967 Z
2070 3941 2182 3968 Macrin.
