2479 4225
48 182 142 259 225*
433 196 472 235 D
550 195 590 235 1v
646 197 683 237 v

47 291 142 325 Pergit,
155 286 276 314 Inusitate
287 284 356 312 dixit
372 284 493 312 dim-nare
511 293 559 319 pro
573 285 619 312 diu
631 286 739 313 viuere:
757 283 801 311 sed
816 292 846 311 ea
863 282 1021 319 figuratione
1032 283 1078 316 est,

47 332 98 360 qua
113 322 224 350 dicimus
238 329 384 358 perennare.

81 364 274 390 m-vnnvs,
305 356 358 383 vid.
386 362 479 382 Dies.

82 399 257 425 D1VT1VS,
282 393 337 419 Com
355 392 494 418 anaDiu.
531 389 587 425 [διαὶ
605 389 757 424 μακροτέρη
792 388 864 415 Tibi
878 387 997 421 affirmo,
1011 394 1035 415 te
1048 389 1076 415 in

45 429 102 456 istis
115 428 240 456 molestiis
252 437 308 454 non
346 427 426 453 iutius
440 427 560 454 futurum
579 426 634 453 Cic.
646 425 717 465 Fam:
732 433 760 457 4,
776 432 808 455 13.

50 473 71 497 1,
83 473 114 497 30
136 464 274 497 Postquam
292 462 364 490 videt
385 471 426 488 ine
445 463 501 488 eius
519 467 601 489 mater
619 460 666 486 esse
686 458 729 484 hie
747 459 855 486 diutius.
926 460 981 487 Cic.
999 461 1075 486 Acad.

46 508 74 533 4,
111 518 118 526 .
155 518 162 526 .
199 499 299 526 Didicit
320 497 386 532 apud
402 498 539 524 Philonem
563 495 678 525 tamdiu,
696 499 724 520 vt
742 494 870 521 constaret
888 494 988 521 diutius
1009 495 1077 521 didi-

46 533 104 561 eilse
123 535 264 560 neminem.
335 533 406 560 ldem
422 535 497 560 Verr.
510 542 538 566 4,
551 539 596 562 109
636 529 699 556 Non
717 529 861 555 obtundam
880 530 979 557 diutius
1000 539 1076 557 aures

45 569 150 596 vestras.
221 570 253 596 Se
266 568 366 596 diutius
385 569 508 595 sustinere
519 574 572 593 non
585 565 652 599 posse
671 565 743 591 Caes.
758 566 785 591 B.
800 566 832 591 G.
847 574 872 597 2,
885 568 912 598 6,
927 575 952 599 4.
1006 566 1074 592 Ter.

45 606 141 632 Heaut.
154 614 177 638 3,
192 614 212 640 1,
225 613 250 638 ις
276 606 382 637 Qianto
398 604 496 631 diutius
506 600 591 632 abest,
604 601 686 634 inagis
704 601 782 634 cupio
797 607 885 633 tanto,
899 607 923 628 et
937 601 1018 635 inagis
1033 600 1075 626 dc·
1093 613 1122 631 10

45 640 141 668 fidere.
212 641 268 667 Cic.
283 640 314 666 de
331 640 399 666 Clar.
411 641 482 666 Orat.
495 638 525 662 26
550 636 657 662 Tamen
676 635 761 662 inulto
776 636 876 662 diutius
890 637 1008 663 Athenae
1023 637 1076 662 iam

46 680 135 708 erant,
154 684 233 711 quam
254 675 289 701 est
311 676 395 701 Roma
413 673 445 700 ad
460 671 617 699 hodiernum
638 670 716 697 diem.
786 672 891 698 Tibine
904 672 965 698 hacc
979 672 1078 698 diutius

47 712 127 739 licere
146 712 230 746 speras
250 711 351 742 facere,
366 718 407 737 me
425 708 488 734 viuo
510 708 601 740 patre?
623 707 691 733 Ter.
712 707 808 734 Heaut.
827 716 848 739 1,
862 716 881 734 1.
952 707 1008 733 Cic.
1025 708 1077 734 Att.

46 755 74 782 7,
110 766 117 773 .
153 767 159 772 .
198 746 241 772 Ne
261 746 361 772 diutius
378 751 445 771 anno
463 743 490 768 in
509 742 646 776 prouincia
663 742 747 768 ess'em.
819 742 927 769 Diutius
940 743 1011 768 enim
1025 744 1077 769 iani

44 783 74 809 in
87 782 136 808 hoc
150 780 278 808 desiderio
297 781 345 808 etl'e
357 787 409 806 non
421 777 519 812 possum
531 777 605 803 Idem
619 777 651 803 de
665 777 772 804 Amicit.

44 825 77 850 39
97 818 193 852 Neque
205 817 329 851 illis,qui
348 813 486 841 vietor-iam
505 812 593 846 adepti
610 813 716 845 forent,
736 813 835 839 diutius
854 822 884 839 ea
899 814 940 840 vti
959 814 1078 845 licuisset,

43 852 110 887 quin
123 852 221 878 defess‘is
235 859 259 878 et
276 848 460 885 exsanguibu5‚
476 848 524 883 qui
537 848 595 883 plus
607 849 702 883 poss‘et,
716 848 859 883 imperium
879 854 958 884 atque
973 849 1078 876 liberta-

43 894 98 915 tem
117 893 295 922 extorqueret.

80 929 145 950 D1V
154 931 175 950 T
187 930 197 950 1
207 931 220 950 S
229 931 241 950 S
251 927 323 949 1ME.
342 918 441 953 Superl.
477 918 590 952 [πλεῖςον
601 918 700 954 χρόνον,
721 917 759 945 διαὶ
773 918 939 954 ,cauponi-ris]
975 919 1077 956 1⁴⁰²²g²f

40 957 99 992 fimo
119 965 231 994 tempore.
267 956 320 983 Cic.
339 953 371 980 de
384 953 492 980 Amicit.
507 962 526 986 4
554 952 627 981 Cato*
641 953 778 980 diutillime
797 952 873 981 senex
892 955 954 981 fuit.
990 956 1075 982 Varro
1090 970 1125 988 20

42 993 76 1020 de
89 994 120 1020 R.
136 995 167 1020 R.
182 1003 207 1025 2,
221 994 245 1020 6¹
262 990 359 1024 Vtique
371 995 400 1016 vt
415 999 495 1024 quain
510 988 650 1016 diutissiine
663 989 780 1016 fruCtum
801 990 871 1016 ferre
885 990 966 1024 possit.
1021 992 1076 1024 Qii

43 1029 182 1056 diutiffime
196 1025 340 1061 impuberes
353 1026 567 1060 permanserunt,
586 1025 728 1051 maximam
747 1025 816 1051 inter
835 1026 893 1051 suos
914 1025 1003 1052 ferunt
1023 1027 1076 1052 lau-

42 1063 103 1091 deni
118 1065 187 1092 Caes.
201 1063 226 1090 B.
239 1063 270 1088 G.
285 1063 311 1093 6,
325 1069 366 1087 20.
421 1061 477 1087 Cic.
494 1060 523 1086 in
534 1061 620 1087 Pison.
635 1069 670 1093 90
696 1060 778 1087 Mitto
791 1070 886 1088 aurum
900 1061 1077 1094 coronarium,

44 1099 116 1134 quod
134 1106 159 1126 te
171 1096 305 1126 diutisliine
318 1095 400 1123 torsit.

78 1141 114 1162 Di
124 1141 144 1160 v
154 1133 223 1161 ΤῐΝ
234 1139 260 1160 Ε.
280 1131 347 1158 Adu.
383 1128 493 1166 [δηρῶς]
530 1131 611 1157 Plaut.
625 1130 694 1158 Rud.
709 1139 737 1163 4,
750 1138 775 1165 7,
790 1139 815 1164 ις
844 1109 893 1158 Ille
913 1131 959 1165 qui
975 1133 1076 1158 consul·
1092 1146 1125 1172 25

41 1175 84 1203 te,
104 1169 194 1201 doeie,
212 1174 290 1202 atque
308 1167 390 1194 astute
410 1173 501 1198 cauct,
519 1166 624 1193 diutine
643 1167 682 1193 vti
702 1166 770 1193 bene
795 1167 856 1193 licet
875 1173 980 1202 partum
999 1167 1075 1195 bene.

41 1205 116 1242 Cous.
130 1204 205 1239 Apul.
218 1204 281 1230 Met.
295 1212 319 1237 p.
333 1207 384 1234 238.
397 1208 420 1227 et
433 1211 445 1234 3
458 1201 531 1228 Flor.

76 1244 261 1267 nivTiNo.
298 1238 376 1272 Apul.
395 1236 470 1272 Apol.
491 1246 498 1263 1
520 1246 543 1271 p.
559 1245 613 1269 134.

77 1281 98 1303 D
110 1272 267 1302 iv'rxi‘LE.
286 1273 353 1300 Adu.
369 1273 470 1299 Dimin.
506 1272 564 1305 [ἐπ’
579 1272 677 1306 Exim]
710 1272 883 1308 Aliquamdiu.
922 1275 989 1301 Gell.
1005 1282 1028 1307 ς,
1044 1284 1073 1302 10

39 1312 129 1345 Qium
141 1309 241 1336 diutule
257 1310 350 1336 tacitus
364 1307 504 1342 cogitando
518 1308 628 1334 fuissem.
665 1308 744 1342 Apul.
759 1310 786 1334 in
799 1308 897 1334 Florid.
907 1316 950 1344 pr.
970 1311 1004 1336 At
1018 1320 1073 1337 non
1090 1326 1122 1350 30
1137 1311 1222 1337 lucres
1243 1309 1396 1338 diuerberat
1417 1319 1500 1338 auras.
1537 1313 1652 1340 Seruius.

38 1346 133 1374 itidem
142 1345 229 1372 'maior
245 1353 319 1371 meus
330 1345 461 1376 Socrates,
478 1343 525 1377 qui
539 1352 623 1378 quum
634 1343 760 1371 decorum
773 1344 964 1372 adolescentem
977 1352 1003 1373 et
1014 1345 1074 1377 diu-

37 1382 93 1409 tule
105 1386 231 1408 tacentem
246 1379 408 1414 conspicatus
421 1379 506 1409 foret,
519 1385 564 1405 etc.

73 1424 93 1444 D
101 1425 111 1444 1
122 1423 143 1443 ν
153 1423 166 1443 s
174 1422 275 1443 cvm.
312 1414 419 1450 August.
433 1413 464 1440 de
478 1414 559 1446 Trin.
573 1422 606 1446 11,
622 1421 647 1441 2.

69 1458 89 1478 D
99 1459 109 1478 1
119 1458 139 1476 V
151 1449 194 1478 Τῖ
202 1459 218 1478 1.
227 1458 254 1478 E.
273 1450 340 1477 Adu.
377 1449 612 1477 Macrochaturn.
625 1456 653 1484 7,
669 1458 692 1476 11
717 1436 864 1484 Quumque
876 1449 971 1477 diutile
991 1456 1075 1478 tacen-

845 424 913 450 Ter.
928 423 1032 450 Phoriu.
1050 434 1076 457 4,
1101 426 1115 452 ς

842 777 941 804 Sallust.
958 778 985 804 in
998 779 1077 805 Catil.
1096 794 1105 812 1

1527 198 1794 240 D1V

1142 284 1260 312 Auellere.
1306 284 1404 311 Sallust.
1421 286 1497 313 Catil.
1514 294 1539 320 51
1573 287 1610 315 Ra
1630 287 1638 314 i
1657 287 1792 322 virgines,
1807 299 1917 326 pucros,
1932 293 2025 322 diuelli
2046 296 2144 325 liberos
2159 309 2173 327 a

1144 322 1280 355 complexu
1300 327 1443 360 9³fef¹¹¹¹¹¹h
1512 322 1603 358 Aliqui
1643 324 1775 350 mordicus
1795 325 1920 354 diuellere
1939 332 2004 358 lior.
2020 333 2100 359 Scrni.
2116 344 2124 360 1
2151 342 2163 366 8

1144 364 1186 389 27.
1204 391 1208 395 ⁶
1257 357 1514 396 Λ1111ς11131111ε111111
1529 367 1582 385 non
1599 360 1735 393 spessnon
1748 361 1844 393 timor,
1857 371 1910 388 non
1927 367 2047 393 vtilitatis
2059 369 2118 397 suae
2128 354 2173 397 iu:

1142 399 1170 416 ra
1184 391 1288 417 dunellit
1308 392 1364 417 Seii.
1379 392 1456 425 hpist.
1471 396 1496 418 6.
1568 395 1694 429 Amplexu
1715 395 1786 422 dulci
1805 396 1898 423 diuelli
1918 400 1990 434 virg.
2005 405 2067 430 Aen.
2081 410 2092 435 8
2121 410 2163 437 ·68

1143 427 1220 452 Artus
1233 427 1359 453 diuellere
1373 427 1461 453 morsu
1476 429 1556 455 Ouid.
1566 432 1630 457 Met.
1646 434 1667 462 8,
1681 436 1739 465 877.
1811 433 1866 458 Cic.
1881 433 1933 459 Off.
1949 443 1974 467 2,
1989 442 2014 467 83
2037 422 2173 474 anue-’est'

1143 462 1242 502 sumina
1267 463 1336 488 ratio
1356 468 1381 488 et
1401 462 1527 495 sapientia
1546 466 1608 491 bont
1630 466 1711 499 ciuis,
1736 468 1882 494 Commoda
1900 469 2001 497 ciuium
2021 473 2161 504 defendere

1142 505 1195 522 non
1209 496 1350 538 diuellere,
1362 504 1440 532 atque
1453 506 1544 524 omnes
1559 502 1689 535 acquitate
1703 502 1792 529 eadem
1806 504 1949 530 continere.
2020 510 2121 544 Corpus
2134 499 2173 539 dii

1140 532 1237 559 vellere
1251 534 1324 568 Virg.
1339 533 1443 574 Acin-4,
1459 535 1519 560 600.
1590 537 1835 571 Conglutinationcs
1857 538 1984 571 diuellere
2003 544 2058 569 Cic.
2079 546 2111 572 de
2131 548 2172 575 Se.

1140 567 1208 594 ne&
1223 575 1266 602 72.
1303 570 1343 596 Sic
1361 568 1508 608 dillolutam
1523 574 1549 595 et
1562 570 1691 599 diuulsain
1709 582 1765 600 rem
1784 574 1978 608 conglutinare,
1993 579 2058 612 apud
2075 583 2174 610 vinnom

1141 603 1173 629 dc
1189 604 1263 643 Orat.
1280 613 1299 636 i,
1316 608 1364 634 188.
1422 604 1492 643 ¹Cic.
1509 604 1541 630 de
1554 607 1644 640 Arusp.
1659 608 1733 642 Resp.
1748 611 1782 635 60
1799 619 1820 635 c.
1835 615 1864 640 28
1887 612 2030 639 Conscnsus
2047 616 2171 645 ordinum

1140 638 1175 678 cti
1188 638 1312 678 diuulsns.
1383 639 1475 665 Crines
1494 640 1592 667 laceros
1607 643 1745 670 Claudian.
1761 644 1910 679 Gigantoni.
1925 656 1950 673 v.
1965 656 2003 680 39.
2072 652 2173 680 Dolore

1140 673 1234 700 diuelli
1248 675 1302 714 Cic.
1318 682 1366 708 pro
1380 674 1469 714 Planc-¹
1477 682 1521 709 79.
1573 677 1677 704 Montes
1689 679 1816 707 diuellere
1830 682 1951 708 manibus
1966 684 2070 712 Lucrct.
2085 695 2093 712 1
2114 696 2162 715 2³2

1140 709 1235 736 Nodos
1254 709 1383 736 diuellere
1401 709 1521 736 inanibus
1540 712 1613 746 Virg.
1627 714 1690 740 Aen.
1709 723 1733 747 2,
1749 723 1805 742 220.
1874 719 1897 743 A
1916 718 2050 752 voluptate
2069 706 2116 748 nc’c
2136 709 2175 750 dii

1140 744 1204 784 velli
1222 753 1269 771 nec
1284 743 1394 784 distrahi
1414 745 1496 779 potest
1509 746 1564 786 Cic.
1579 748 1610 774 de
1625 750 1681 775 Fin.
1700 759 1720 782 1,
1741 758 1772 783 50
1791 761 1812 777 c.
1828 754 1864 778 16.
1936 754 2037 781 Vulnus
2051 750 2175 786 inanibus

1139 781 1211 820 Hirt.
1224 780 1252 806 B.
1267 780 1350 806 Afric.
1373 789 1394 805 c.
1410 785 1447 810 88.
1517 782 1678 810 Diuelliniur
1703 786 1765 812 inde
1791 787 1893 821 Iphitus
1919 794 1944 814 ct
1964 790 2044 816 Pelias
2070 802 2174 822 mecum

1138 817 1213 849 Virg.
1228 816 1293 855 Aen.
1308 824 1329 846 2,
1343 822 1399 855 4533.
1472 816 1537 843 Non
1555 819 1632 845 facilc
1646 819 1740 846 diuelli
1758 830 1773 847 a
1786 823 1936 850 Polemonis
1949 830 1975 851 et
1990 826 2174 861 Peripatetico-

1139 860 1198 878 rum
1218 849 1315 876 finibus
1328 851 1383 890 Cic.
1399 851 1476 878 Acad.
1495 862 1524 886 4,
1544 862 1594 886 132.
1630 855 1706 890 Apud
1721 857 1865 889 Capitolin.
1880 860 1977 886 Per-tin.
1990 870 2012 887 c.
2026 867 2048 892 8.
2072 867 2176 901 itemque

1138 885 1284 948 Zpqulsiiet.
1299 886 1399 913 Domit.
1413 896 1434 913 c.
1449 896 1490 913 22.
1505 895 1555 924 pro
1573 889 1701 917 diuellere
1719 892 1843 927 legendum
1861 894 1995 922 deuellere
2014 900 2102 926 volunt
2122 904 2176 929 viri

1157 931 1168 948 o
1198 931 1216 947 i.
1862 931 1865 936 '

1176 963 1213 983 Dl
1223 962 1273 996 νν
1282 962 1298 981 L
1307 963 1348 996 εν
1357 963 1369 982 s
1378 976 1386 988 ‚
1404 966 1434 989 a,
1452 966 1507 984 um.
1543 959 1637 987 Partic.
1894 964 1941 995 Vt,
1954 966 2076 997 Membra
2089 970 2176 999 diuul-

1139 993 1166 1019 sa
1192 991 1274 1019 Ouid.
1293 991 1416 1031 ‘frist-3,
1432 1001 1457 1025 9,
1473 1001 1516 1028 27.
1587 995 1661 1021 Vnda
1684 996 1785 1022 diuulsa
1808 997 1887 1023 remis
1914 999 1987 1027 Idem
2006 1004 2070 1031 Met.
2089 1011 2102 1036 8
2126 1014 2166 1040 ¹38

1140 1029 1224 1054 Ainor
1236 1029 1413 1062 querimoniis
1427 1029 1544 1055 diuulsus
1560 1031 1627 1056 Hor.
1640 1029 1692 1057 Od.
1708 1040 1728 1062 1,
1743 1039 1777 1063 ¹3,
1791 1039 1829 1064 ¹9-
1864 1033 1945 1059 Viola
1957 1035 2023 1063 Plin.
2038 1047 2073 1070 21,
2089 1029 2112 1068 μ’
2169 1028 2176 1035 “

1174 1069 1370 1094 ΒινΕΝυΟ,
1391 1062 1435 1093 ὀὶ,
1459 1063 1561 1097 ditum,
1585 1068 1637 1092 ere.
1675 1064 1834 1100 [διανέομαι]
1873 1069 1941 1094 Huic
1956 1077 1980 1095 et
2003 1073 2042 1098 illi
2064 1062 2167 1105 vcniiere

1138 1098 1199 1124 Liu.
1217 1107 1237 1131 1,
1251 1106 1277 1131 33
1303 1098 1394 1130 Qum
1411 1098 1547 1128 diuendita
1568 1100 1663 1135 praeda
1681 1102 1726 1127 XL
1745 1101 1841 1128 talenta
1860 1105 1963 1138 argenti
1982 1109 2095 1143 aurique
2109 1100 2178 1139 rece:

1139 1134 1220 1168 piss'et.
1256 1135 1297 1161 Sic
1314 1133 1375 1159 ibid.
1395 1142 1416 1165 3,
1430 1143 1463 1166 13.
1534 1136 1592 1162 Cic.
1611 1136 1642 1162 de
1656 1137 1725 1171 Lege
1740 1138 1801 1170 Agr.
1818 1146 1838 1169 1,
1855 1145 1871 1172 7
1887 1148 1909 1164 c.
1922 1147 1934 1171 3
1973 1142 2025 1168 Hic
2047 1148 2178 1178 permittit

1138 1171 1182 1196 sua
1195 1169 1252 1202 lege
1267 1169 1447 1202 Decemuiris,
1464 1175 1493 1196 vt
1505 1170 1533 1196 in
1546 1171 1644 1206 quibus
1663 1172 1833 1198 commodum
1846 1173 1875 1199 fit
1893 1174 2025 1210 tenebris,
2042 1186 2070 1206 vt
2084 1181 2112 1207 in
2125 1192 2178 1217 qua

1136 1204 1222 1232 velint
1240 1204 1398 1236 solitudine,
1415 1205 1485 1231 bona
1498 1206 1594 1241 Populi
1608 1207 1722 1234 Romani
1735 1207 1826 1242 possint
1839 1208 1993 1238 diuendere.

1172 1246 1264 1266 DIVE
1274 1246 1290 1265 R
1302 1246 1341 1266 BE
1352 1247 1370 1266 R
1381 1247 1400 1267 0
1414 1260 1421 1272 ‚
1444 1244 1498 1268 are.
1535 1243 1549 1276 [
1562 1240 1681 1268 ὢακόπτω
1694 1245 1705 1276 ]
1740 1244 1876 1270 scindere:
1905 1246 1981 1281 Virg.
2001 1249 2067 1276 Aen.
2088 1259 2102 1283 ς
2134 1260 2178 1280 ‘02

1135 1275 1277 1310 Primaque
1298 1284 1344 1309 per
1366 1275 1466 1302 caelum
1486 1286 1571 1304 neruo
1584 1277 1709 1304 stridente
1722 1279 1813 1312 sagitta
1838 1281 1996 1312 Hyrtacidae
2012 1272 2117 1313 iuuenis
2131 1270 2178 1315 ἰιο-

1734 1314 1824 1341 Bellua
1851 1316 2028 1346 diuerberatis
2049 1322 2176 1350 fluetibus

1136 1347 1253 1374 alienans
1274 1346 1300 1372 se
1320 1347 1394 1373 Curt.
1410 1356 1437 1380 4,
1451 1355 1479 1379 4,
1490 1356 1512 1379 3.
1582 1348 1639 1375 Ic'tu
1660 1348 1831 1376 diuerberare
1847 1352 1949 1386 aliquid
1964 1355 2073 1383 Lucret.
2088 1366 2097 1384 1
2121 1368 2176 1392 223.

1135 1385 1154 1408 i.
1182 1381 1324 1408 Verberare.
1395 1382 1478 1408 Ferro
1499 1382 1652 1410 diuerberat
1671 1384 1777 1411 viubras
1795 1386 1870 1421 Virg.
1884 1389 1949 1418 Aen..
1961 1391 1987 1422 6,
2002 1399 2061 1425 294.
2099 1378 2108 1391 ²
2133 1396 2177 1422 Sol

1136 1418 1220 1444 a'e'rias
1235 1416 1388 1444 dinerberat
1401 1417 1481 1444 vndas
1495 1418 1598 1445 Lucret.
1612 1428 1637 1453 2,
1651 1427 1698 1452 151.

1172 1459 1235 1479 D1V
1244 1460 1260 1479 E
1270 1460 1289 1479 R
1298 1459 1314 1479 Β
1323 1460 1332 1479 1
1341 1460 1361 1479 V
1370 1459 1394 1479 M
1405 1473 1413 1486 ,
1434 1453 1464 1479 ii.
1485 1463 1510 1479 n.
1553 1455 1658 1482 Videtur
1670 1453 1753 1489 effi'Ha
1766 1465 1815 1483 vox
1827 1466 1856 1483 ex
1869 1458 1962 1486 Graeca
1983 1458 2099 1496 διάλογος,
2134 1464 2178 1500 Est

2105 215 2174 250 226

1674 958 1835 994 [amman.
1841 963 1854 997 ]

32 1490 86 1513 tem
110 1487 208 1513 crebris
233 1485 382 1513 hortatibus
401 1486 538 1518 excitaret,
551 1492 596 1512 etc.
633 1487 664 1511 Et
678 1494 699 1511 c.
719 1494 742 1517 ¹3
772 1486 941 1513 sordidatum
964 1486 1073 1520 pallium
1092 1501 1120 1527 33
1136 1488 1232 1524 quidem
1250 1488 1316 1514 nihil
1328 1488 1398 1514 aliud
1411 1489 1572 1516 Diuerbiuni
1584 1499 1655 1526 quam
1675 1492 1833 1526 colloquium,
1852 1493 1895 1519 vbi
1905 1494 2029 1523 diuiditur
2045 1502 2113 1526 inter
2121 1503 2179 1536 plu·

31 1530 121 1548 meum
133 1522 160 1548 in
175 1522 243 1548 mari
261 1522 357 1549 diutile
371 1521 433 1549 laui.
470 1523 512 1549 Sic
525 1521 586 1548 alibi
598 1520 750 1557 frequenter
764 1521 831 1556 apud
843 1522 940 1548 emzdcm
949 1533 956 1547 :
969 1521 1017 1558 sed
1028 1525 1076 1549 aiii

30 1557 115 1594 legunt
127 1556 245 1584 Diutule.

68 1599 87 1618 D
98 1592 291 1625 ivrfrivs,
317 1601 348 1625 a,
375 1600 429 1618 um.
464 1591 525 1617 Adi.
562 1587 667 1625 [δηρός]
702 1593 721 1616 i.
741 1591 886 1617 Continuus.
923 1592 980 1618 Cic.
1001 1593 1073 1619 Fam.

32 1635 68 1661 u,
81 1633 95 1658 8
124 1628 230 1655 Tantus
249 1628 329 1654 ardor
348 1627 488 1661 occupauit
507 1627 609 1652 animos
630 1625 771 1652 hominum
791 1626 922 1652 libertatis
935 1626 1074 1659 desiderio,

1135 1533 1176 1551 res
1188 1524 1286 1559 firmo,
1306 1523 1349 1549 vbi
1367 1523 1456 1557 diuersi
1474 1526 1616 1559 loquuntur.
1652 1526 1775 1553 Diomed.
1788 1535 1800 1558 3
1822 1536 1847 1561 p.
1861 1533 1912 1561 489
1919 1537 1962 1564 pr.
1990 1533 2111 1561 Membra
2125 1537 2177 1563 Co-

1136 1559 1304 1586 moediaruui
1322 1559 1373 1584 tria
1394 1560 1469 1591 suut,
1488 1560 1664 1594 Diucrbium‚
1683 1561 1827 1593 canticum,
1847 1563 1942 1591 chorus
1972 1582 2017 1586 ——
2048 1570 2177 1599 Diucrbia

1136 1596 1195 1620 sunt
1215 1599 1299 1628 partes
1312 1594 1520 1620 Comoediarum
1530 1614 1537 1625 ‚
1552 1595 1581 1621 in
1596 1595 1692 1630 quibus
1707 1596 1874 1624 diuersorum
1888 1601 2012 1632 personae
2030 1606 2167 1633 vcil'antur

1135 1630 1262 1656 Personae
1278 1634 1366 1655 autem
1380 1628 1574 1657 Diuerbiorum
1590 1637 1635 1656 aut
1648 1630 1715 1656 duae
1727 1637 1772 1657 aut
1791 1637 1859 1664 tres,
1878 1642 1940 1660 raro
1959 1642 2047 1663 autem
2062 1627 2178 1672 quatuor

32 1663 173 1698 taedioque
192 1663 310 1690 diutinae
330 1663 473 1689 seruitutis.
508 1662 550 1689 Sic
569 1661 641 1687 Caes.
655 1661 683 1687 B.
697 1661 727 1686 C.
746 1669 770 1690 2,
791 1669 815 1692 ¹3
843 1662 968 1688 Diutinus
986 1662 1073 1689 labor.
1086 1676 1122 1701 40
1137 1665 1185 1690 esse
1200 1664 1309 1690 debent:
1334 1663 1403 1690 vltra
1418 1673 1513 1698 augere
1525 1673 1665 1691 numerum
1682 1674 1735 1691 non
1749 1666 1818 1691 licet.
1855 1668 1885 1692 in
1900 1669 2015 1696 Canticis
2027 1680 2113 1700 autc-in
2126 1685 2178 1704 vna

32 1697 97 1733 Liu.
115 1706 153 1731 ες,
168 1708 179 1725 1
213 1699 354 1725 Diutinum
377 1698 487 1724 bellum.
558 1696 684 1722 Diutinus
709 1696 787 1722 dolor
816 1696 936 1723 scribon.
956 1705 1000 1731 79.
1015 1705 1071 1732 217.

31 1734 142 1760 Diutina
154 1734 254 1760 duritia
270 1741 320 1766 103.
355 1733 479 1759 Diutinae
496 1731 597 1758 fitsurae
613 1739 668 1763 223.
705 1731 845 1757 Diutinum
858 1732 931 1757 vlcus
944 1740 1000 1764 2¹4·

68 1775 87 1795 D
98 1775 136 1794 lv
148 1775 169 1795 T
184 1776 202 1792 V
212 1776 232 1796 R
241 1776 262 1795 N
271 1775 291 1795 V
301 1776 314 1795 S
322 1788 332 1802 ,
354 1777 369 1794 a
377 1788 384 1798 ,
409 1777 464 1794 um.
501 1766 562 1792 Adi.
598 1767 610 1797 [
622 1766 729 1799 χρόνιος,
748 1765 912 1798 πολυχρόνιος,
931 1769 1047 1798 χρονιαῒὸς
1058 1766 1071 1798 ]

30 1802 100 1830 Idem
112 1803 177 1838 quod
188 1805 320 1830 Diutinus.
357 1804 413 1829 Cic.
427 1802 459 1828 de
472 1800 570 1826 Sene6h
584 1802 620 1825 26
655 1801 727 1831 Qias
740 1799 846 1832 quidem
860 1799 893 1824 fic
913 1799 992 1824 auide
1005 1799 1071 1824 arri-

27 1837 90 1872 pui,
106 1837 177 1870 quali
195 1838 348 1862 diuturnam
365 1837 435 1861 litim
449 1835 554 1867 explere
573 1834 688 1866 cupiens.

28 1879 107 1906 quam
125 1870 211 1904 potest
230 1871 278 1896 eise
296 1870 450 1895 diuturnum
475 1869 530 1895 Cic.
544 1867 597 1894 Off.
614 1876 637 1899 2,
651 1875 683 1900 43
704 1875 726 1892 c.
742 1874 775 1892 12.
846 1867 948 1893 Bellum
968 1867 1071 1895 diutur-

26 1914 90 1934 num
106 1905 181 1932 Idem
195 1914 244 1940 pro
256 1905 326 1938 Lege
340 1904 432 1930 Manil.
444 1911 480 1936 33.
537 1904 568 1928 Et
580 1901 612 1928 de
625 1903 699 1928 Orat.
713 1910 734 1934 3,
747 1907 777 1934 98
803 1903 933 1935 Qiamuis
948 1903 1025 1930 claris
1039 1903 1070 1937 sit

25 1941 161 1969 coloribus
172 1940 243 1976 pieta
255 1940 298 1966 vel
316 1939 412 1974 po'e'fis,
435 1939 479 1968 vel
498 1938 603 1970 oratio,
622 1946 677 1964 non
696 1938 764 1971 potsc
783 1938 811 1963 in
824 1937 1000 1964 delcetatione
1020 1940 1069 1965 effe

26 1976 159 2004 diuturna.
230 1976 287 2003 Cic.
301 1975 354 2004 Off.
369 1984 390 2007 1,
404 1977 440 2007 113
465 1975 553 2008 Quam
568 1973 652 1999 multa
665 1973 745 2007 palsus
760 1973 797 1999 cst
811 1973 909 2005 Vlylses
923 1974 951 1999 in
964 1973 1014 2000 illo
1029 1983 1069 2000 er-

25 2021 88 2040 rore
100 2012 226 2038 diuturno
235 2031 243 2044 ,
257 2019 339 2046 quum
352 2016 377 2036 et
389 2009 557 2041 mulieribus,
571 2015 616 2034 etc.

25 2057 55 2082 4,
68 2050 93 2080 6,
108 2056 147 2081 50.
215 2047 271 2074 Cic.
287 2054 335 2080 pro
348 2045 418 2072 Sulla
433 2047 467 2080 76
502 2045 539 2071 Ex
552 2043 653 2078 magnis
671 2049 697 2069 et
710 2043 853 2076 diuturnis,
874 2049 899 2070 et
913 2044 966 2071 iam
980 2044 1067 2079 despe-

25 2082 96 2110 ratis
116 2081 229 2116 Reipub.
247 2080 350 2108 morbis
377 2080 425 2108 ista
444 2086 552 2114 repente
575 2081 617 2105 vis
645 2079 742 2112 erupit.
814 2079 887 2105 Idem
908 2079 941 2106 dc
955 2080 1013 2106 Sen.
1032 2083 1066 2112 69

24 2127 50 2145 e.
59 2127 87 2152 19
126 2118 196 2145 Mihi
207 2127 241 2144 ne
259 2117 416 2143 diuturnum
428 2115 536 2150 quidem
551 2114 698 2149 quidquam
719 2114 825 2141 videtur
834 2135 842 2146 ,
860 2115 889 2141 in
902 2124 956 2149 quo
970 2115 1006 2141 est
1019 2115 1067 2141 ali-

335 2151 494 2178 Obseruatio
508 2150 634 2176 diuturna
651 2149 689 2176 Id.
704 2150 735 2176 de
749 2150 840 2176 Diuin.
854 2159 879 2182 2,
894 2155 934 2180 28.
1002 2151 1066 2177 Pace

45 2153 92 2180 uid
111 2159 267 2180 extremum.

49 2189 154 2215 'uturna
166 2189 192 2215 se
211 2195 330 2215 recreare
346 2187 403 2214 Cic.
423 2186 455 2213 de
470 2186 593 2213 Prouinc.
607 2186 685 2212 Cens.
705 2193 727 2218 ς.

25 2233 56 2251 ac
73 2224 223 2252 voluntaria
242 2232 332 2250 rerum
352 2223 493 2257 arduarum
510 2230 539 2248 ac
558 2219 727 2253 difficilium,
746 2220 889 2247 honestatis
902 2226 928 2247 et
942 2221 1065 2248 Vtilitatis

24 2259 113 2292 causa,
133 2259 254 2293 Definitio
266 2256 299 2291 est
312 2258 468 2290 patientiae,
483 2257 557 2284 Idem
570 2257 602 2283 de
615 2258 718 2284 Inuent.
737 2265 762 2289 2,
778 2258 828 2289 165.
900 2258 932 2283 Et
944 2257 998 2283 Att.
1013 2264 1039 2291 7,
1054 2266 1065 2283 1

23 2295 111 2328 Qam
126 2303 180 2322 non
194 2294 231 2321 est
247 2293 335 2321 facilis
354 2294 452 2325 virtus,
472 2302 552 2328 quam
564 2301 631 2319 vero
643 2291 760 2318 difficilis
778 2292 836 2319 eius
849 2291 975 2321 diuturna
989 2292 1065 2319 {imu-

24 2329 90 2357 latio
98 2329 112 2362 l
157 2329 226 2365 Equi
245 2329 425 2357 diuturniores
451 2330 538 2356 Varro
556 2328 588 2355 R.
602 2329 633 2355 R.
646 2336 672 2361 2,
686 2335 712 2363 7.
782 2327 929 2363 impunitas
949 2329 1021 2355 Caes.
1035 2329 1064 2355 B.

24 2365 57 2393 G.
71 2373 91 2398 i,
102 2364 144 2399 14.
199 2365 338 2392 Molestiae
352 2365 409 2392 Cic.
423 2365 494 2391 Fam.
508 2366 536 2397 6,
550 2373 583 2396 13.

59 2407 78 2426 1)
88 2407 380 2432 iv‘rvnixiionms.
399 2401 513 2435 Compar.
532 2399 722 2432 Ouid.Met.4‚
734 2406 786 2434 472
806 2399 859 2426 Hic
873 2399 919 2434 qui
932 2398 1065 2433 diligitur,

21 2435 119 2463 vellem
132 2436 287 2463 diuturnior
299 2436 368 2462 esset.
403 2436 476 2462 Idem
486 2435 551 2462 Fast.
559 2437 586 2467 6,
624 2454 630 2460 .
669 2454 675 2461 .
711 2435 772 2460 Liu.
789 2443 809 2464 1,
843 2456 850 2462 .
887 2454 893 2460 .
929 2436 991 2468 Qio
1005 2433 1064 2460 diu-

21 2472 126 2500 tui-nius
138 2472 226 2498 Seruii
247 2480 357 2506 regnum
377 2472 445 2497 ess'et.
481 2469 711 2497 Diuturniffiinnm
725 2469 824 2496 bellum
836 2470 914 2496 Oros.
928 2470 945 2496 l.
960 2477 973 2502 ,-
977 2469 1028 2504 fin.

60 2513 80 2532 D
90 2513 98 2532 1
108 2513 189 2533 VTV
199 2512 287 2532 RNE.
307 2506 375 2532 Adu.
412 2506 469 2532 Cic.
482 2507 555 2532 Fam.
569 2508 594 2536 6,
609 2513 637 2530 10
669 2505 740 2531 Tibi
762 2505 835 2531 istam
854 2505 1023 2532 acerbitatem
1037 2510 1064 2531 et

799 2185 926 2219 Perpessio
940 2184 1066 2212 diuturna
1082 2197 1110 2223 ςς
1127 2196 1156 2221 4,
1169 2190 1202 2214 60
1221 2197 1246 2222 p.
1261 2195 1301 2220 315
1318 2188 1384 2214 Tou.

1077 2371 1112 2396 60
1125 2372 1263 2391 reuocatum
1288 2369 1339 2396 iri,
1365 2372 1389 2392 et
1408 2368 1476 2393 velut
1494 2365 1624 2395 astionem.

1136 1706 1236 1726 tantum
1256 1699 1335 1725 debet
1354 1700 1402 1724 effe
1421 1701 1532 1733 persona
1567 1714 1612 1719 ——
1646 1700 1756 1726 Latinae
1774 1702 1928 1729 comoediae
1941 1704 2052 1733 chorum
2064 1718 2118 1735 non
2132 1711 2177 1738 ha-

1134 1734 1215 1765 bent,
1231 1734 1275 1759 sed
1299 1734 1403 1759 duobus
1422 1740 1526 1760 tantuin
1543 1733 1672 1760 membris
1698 1735 1830 1768 constant,
1856 1738 1990 1767 Diuerbio
2011 1749 2037 1768 et
2063 1747 2166 1774 cantico

1134 1770 1186 1793 Hic
1202 1770 1268 1794 Iocus
1287 1768 1398 1802 clafficus
1416 1767 1464 1802 est,
1484 1769 1519 1794 ad
1529 1778 1597 1804 quem
1610 1771 1729 1809 reliquam
1746 1770 1871 1798 Diuerbii
1890 1781 1913 1799 et
1924 1776 2099 1806 Diucrbmrum
2111 1768 2178 1809 men:

1133 1805 1224 1828 tionem
1240 1804 1418 1830 accommodare
1431 1810 1542 1839 oportet,
1561 1814 1605 1830 nec
1618 1804 1720 1839 difficile
1732 1804 1774 1840 eft.
1830 1808 1888 1834 Liu.
1903 1818 1930 1843 7,
1946 1819 1962 1836 2
1989 1813 2083 1840 Liuius
2100 1818 2176 1850 (An-

759 1833 817 1858 Nec
831 1832 979 1858 finnilatuni
994 1833 1070 1867 quid·
1083 1846 1117 1871 45
1133 1836 1250 1862 ‹ironicus
1265 1836 1328 1870 ille)
1347 1852 1393 1857 ——
1412 1839 1525 1871 dicitur,
1543 1848 1603 1865 cum
1618 1840 1718 1875 saepius
1733 1849 1872 1869 reuocatus
1892 1845 2024 1878 (carmen,
2040 1852 2104 1884 quod
2117 1855 2175 1887 pla-

1132 1870 1231 1904 cuissbt,
1249 1878 1357 1906 repetere
1369 1872 1466 1908 iuſjus)
1484 1883 1577 1901 vocem
1591 1875 1750 1908 obtudilset‚
1770 1879 1847 1904 venia
1860 1880 1942 1913 petita
1953 1890 2063 1915 puerum
2085 1887 2116 1912 ad
2135 1897 2175 1915 ca.

1130 1906 1246 1947 nendum
1255 1908 1415 1946 (canticum,
1430 1910 1495 1944 quod
1505 1910 1555 1946 ipſs
1571 1912 1647 1936 Poe'ta
1659 1912 1748 1938 Liuius
1753 1912 1864 1947 fecerat,
1879 1914 1992 1952 gestuque
2004 1921 2054 1945 iam
2065 1931 2080 1947 α
2099 1923 2175 1958 ebat)

1131 1949 1191 1968 ante
1210 1941 1350 1968 tibicinem
1367 1944 1475 1977 (modos
1486 1947 1665 1979 praeeuntem)
1678 1954 1737 1972 cuin
1757 1947 1894 1980 statuisset,
1916 1954 2047 1980 canticum
2100 1960 2165 1985 iilud

1131 1975 1244 2009 μυγῳδίαν
1263 1980 1338 2003 unius
1350 1979 1470 2018 personae
1483 1986 1626 2019 perpetuam
1634 1981 1647 2009 )
1661 1981 1738 2015 egisse
1752 1982 1890 2017 aliquanto
1903 1988 1984 2020 inagis
1999 1989 2103 2023 vigente
2117 1980 2175 2021 mo:

666 2008 738 2034 Mala
752 2007 877 2034 diuturna
889 2008 969 2035 Ouid.
981 2009 1067 2036 Trist.
1084 2018 1174 2045 50,tu,
1196 2012 1259 2046 quia
1278 2011 1347 2038 nihil
1362 2021 1436 2039 vocis
1449 2015 1507 2040 vsus
1521 2015 1690 2049 impediebat.
1704 2015 1838 2051 (Difficile
1857 2021 2009 2054 enimgm'mis
2028 2024 2062 2057 4st
2076 2037 2175 2063 canere,

1129 2054 1230 2082 corpore
1247 2050 1349 2074 interim
1357 2047 1495 2082 fizltatione
1508 2050 1552 2076 illa
1570 2049 1718 2082 histrionica
1730 2055 1860 2088 exercito)
1877 2054 1941 2082 Inde
1955 2057 1985 2083 ad
2000 2068 2106 2089 manum
2120 2066 2165 2098 (il

1128 2084 1177 2122 lasti
1191 2084 1312 2118 loquacem
1325 2082 1487 2116 histrionum,
1500 2088 1570 2110 cuius
1580 2087 1684 2111 maxime·
1698 2092 1759 2120 opus
1772 2085 1805 2120 est
1812 2088 1941 2126 fizltatio)
1954 2098 2053 2123 cantari
2067 2083 2174 2127 histrio-

1128 2117 1206 2143 nibus
1219 2124 1357 2151 coeptum‚
1381 2119 1564 2154 Diuerbiaque
1581 2124 1682 2147 tantum
1696 2121 1716 2155 (
1718 2121 1761 2148 vbi
1778 2126 1845 2150 vices
1857 2124 2024 2161 loquentium
2042 2118 2174 2163 respirare-

1128 2152 1231 2184 fiuunt)
1250 2153 1368 2186 ipsorum
1388 2154 1536 2190 (agentium
1549 2152 1717 2191 histrionum)
1731 2159 1793 2184 voci
1806 2159 1908 2188 relicta.
1961 2165 2059 2195 Auson.
2076 2161 2173 2205 Eidyll.

1234 2222 1284 2250 Tu
1304 2232 1428 2258 quoque,
1447 2225 1494 2259 qui
1511 2225 1618 2252 Latium
1636 2226 1707 2253 lecto
1727 2228 1849 2258 sermone
1868 2232 1988 2263 TerentI

1234 2259 1344 2291 Comis,
1365 2265 1390 2286 et
1409 2260 1535 2287 adstricto
1552 2263 1685 2296 percurris
1704 2264 1805 2299 pulpita
1825 2268 1911 2302 socco,

1232 2294 1272 2320 Ad
1292 2303 1363 2321 noua
1382 2295 1429 2321 vix
1446 2305 1592 2324 memorem
1609 2297 1733 2326 diuerbia
1753 2310 1817 2336 coge
1834 2304 1975 2334 senectam.

1127 2329 1183 2356 Hoc
1205 2328 1283 2362 dicit,
1298 2336 1347 2365 per
1365 2330 1509 2364 occasionem
1521 2330 1663 2365 studiorum
1675 2339 1772 2370 nepotis
1777 2338 1822 2372 sui
1828 2339 1857 2374 ſs.
1869 2340 1903 2366 ad
1920 2343 2034 2370 Terentii
2044 2344 2174 2375 leffionem

1153 2401 1157 2405 ι
1233 2402 1238 2406 η
1296 2401 1302 2406 .
1344 2401 1350 2405 .
1556 2405 1562 2409 .
1699 2371 1794 2399 Donat.
1815 2375 1962 2410 Prolegom.
1978 2379 2091 2408 Terent.
2105 2391 2171 2410 extr.

1125 2400 1257 2427 Diuerbia
1275 2401 1416 2428 histriones
1436 2403 1660 2437 pronuntiabant,
1680 2406 1787 2435 Cantica
1800 2419 1866 2437 vero
1884 2414 2097 2447 temperabantur
2113 2427 2171 2444 mo.

1127 2435 1168 2476 dis
1179 2444 1262 2476 nona
1274 2437 1369 2467 Poeta,
1382 2437 1424 2477 sed
1437 2447 1452 2464 a
1466 2438 1553 2472 perito
1565 2440 1628 2467 artis
1640 2441 1751 2469 inuficae
1764 2444 1850 2471 factis.
1886 2449 1917 2473 Et
1928 2452 1955 2473 in
1966 2450 2076 2478 Praefat.
2085 2453 2159 2479 Andr

1126 2471 1265 2498 Diuerbiis
1280 2471 1523 2514 aritstcnticissleg.
1542 2484 1595 2515 cum
1608 2478 1674 2502 viris
1693 2477 1775 2504 doffls
1788 2488 1817 2505 ac
1832 2482 1958 2513 canticis)
1971 2483 2058 2518 lepide
2077 2473 2169 2514 distin:

1124 2506 1166 2533 &a
1178 2506 1223 2533 cst.
1294 2507 1468 2535 Trimalchio
1483 2511 1655 2536 Peri-omanus
1675 2515 1711 2544 64
1729 2512 1758 2538 de
1771 2514 1908 2542 Diuerbi'is
1927 2517 1992 2552 hisce
2010 2522 2170 2550 inaudiuerat

23 2541 151 2569 iniuriam
170 2550 225 2568 non
244 2540 368 2568 diuturne
384 2541 453 2567 fore.
489 2541 531 2568 sic
550 2543 640 2575 optimi
653 2540 711 2566 Cod.
725 2541 799 2568 MSS.
814 2542 888 2577 vulgo
903 2541 1062 2568 Diuturnam
1076 2546 1108 2579 65
1124 2543 1222 2578 aliquid
1233 2552 1286 2568 cum
1297 2543 1331 2569 ad
1338 2543 1413 2578 suum
1420 2544 1562 2579 seruulum,
1583 2546 1654 2572 Tibi
1667 2546 1737 2579 dico,
1750 2548 1839 2582 inquit
1849 2570 1856 2581 ‚
1868 2551 2013 2587 Plocrime,
2025 2556 2095 2583 nihil
2109 2568 2168 2586 nai·-

22 2577 123 2614 legitur.
157 2577 237 2612 Comp.
257 2576 345 2609 Sidon.
358 2576 436 2611 Epist.
450 2585 476 2608 9,
489 2585 514 2608 9.
550 2575 620 2603 Add.
634 2575 671 2602 Id.
686 2584 712 2608 2,
725 2585 764 2609 14.
777 2583 801 2602 ct
815 2581 839 2608 8,
852 2586 875 2609 3.

59 2610 366 2645 DIVTVRNi‘TAs,
394 2613 450 2638 atis.
476 2612 497 2637 f.
532 2611 693 2646 [χρονιότης]
729 2611 786 2638 Cic.
810 2612 842 2638 de
863 2611 963 2638 Seneffi.
990 2631 996 2638 .
1024 2631 1031 2638 .
1054 2631 1062 2638 .

23 2647 83 2675 Nec
97 2647 183 2675 subito
202 2647 350 2681 frangitur,
366 2646 410 2674 sed
430 2647 603 2674 diuturnitate
622 2647 796 2680 extinguitur.
832 2648 875 2674 Sic
894 2647 1064 2673 Diuturnitas

21 2683 88 2710 belli
99 2683 172 2710 Caes.
188 2683 216 2709 Β.
230 2683 262 2709 G.
279 2691 299 2715 1,
313 2691 358 2715 40.
410 2683 469 2708 Cic.
488 2681 520 2707 de
539 2682 597 2707 Fin.
618 2689 644 2712 2,
656 2686 688 2714 87
715 2682 881 2707 Diuturnitas
900 2688 1063 2714 temporum.

19 2718 171 2745 Contraria.-
204 2717 278 2744 Idem
297 2717 330 2743 de
348 2716 406 2742 Fin.
427 2725 446 2746 1,
459 2725 496 2748 40

19 2751 215 2787 longinquitate
227 2753 310 2784 leuis,
330 2752 359 2778 in
372 2751 501 2786 grauitate
516 2749 605 2776 breuis
623 2749 705 2776 soleat
723 2751 771 2776 eise
782 2770 791 2782 ‚
813 2756 842 2777 vt
861 2751 917 2776 eius
931 2750 1062 2784 magnitu-

19 2787 109 2816 dinem
125 2788 260 2820 celeritas,
278 2787 479 2815 diuturnitatem
496 2785 622 2813 alleuatio
641 2786 800 2812 consoletur.
872 2786 957 2812 Malus
978 2785 1062 2812 custos

20 2822 201 2851 diuturnitatis
213 2829 297 2850 metus
310 2822 431 2854 Cic„0ff.
445 2830 461 2847 2
476 2830 497 2852 c.
506 2828 535 2855 7.
608 2819 847 2848 Dominationis‘et
859 2821 989 2847 vic'ioriae
1003 2820 1061 2847 diu-

17 2859 128 2886 turnitas
139 2858 212 2885 Idem
225 2859 277 2884 Att.
294 2866 319 2892 7,
333 2867 370 2885 21.
439 2855 549 2890 Imperii
560 2855 731 2882 diuturnitati
750 2855 843 2883 modus
856 2856 1005 2882 statuendus
1017 2856 1056 2882 Id.

18 2894 68 2936 pro
80 2895 149 2929 Lege
160 2893 254 2920 Manil.
267 2896 306 2919 26.

18 2929 133 2965 insigne,
152 2938 199 2956 nec
212 2936 266 2955 tam
278 2928 311 2954 ad
328 2927 533 2955 diuturnitatem
546 2926 691 2954 memoriae
703 2926 805 2959 stabile,
813 2936 893 2961 quain
907 2926 945 2959 id,
958 2927 987 2953 in
1001 2936 1056 2961 quo

19 2964 121 3001 aliquid
137 2964 287 2991 offenderis.
359 2963 431 2990 Pacis
453 2962 612 2989 diuturnitas
632 2962 717 2988 otium
735 2962 905 2994 confirmauit
929 2961 1004 2989 Idem
1023 2962 1056 2990 dc

20 3001 93 3028 Orat.
109 3008 129 3033 1,
142 3009 172 3033 14
190 3010 212 3027 c.
225 3008 253 3032 4.
323 2999 470 3033 Temporis
483 2997 659 3024 diuturnitate
671 3007 724 3024 non
737 2998 938 3025 confirmaretur
952 2998 1058 3032 opinio,

20 3044 68 3063 nec
85 3045 135 3062 vna
155 3045 214 3062 cum
232 3034 340 3063 saeculis
364 3034 545 3068 aetatibusque
561 3033 701 3060 hominum
713 3033 862 3061 iiiueterare
875 3034 998 3069 potuisset
1016 3034 1056 3061 Id.

24 3070 57 3098 de
66 3069 102 3098 N.
115 3072 148 3098 D.
158 3079 185 3103 2,
198 3078 219 3104 ς.
288 3070 425 3097 Vitiorum
444 3070 603 3095 diuturnitas
623 3069 743 3096 Scribon.
764 3078 813 3104 117.

23 3104 190 3133 diuturnitate
210 3106 282 3133 fictas
301 3111 379 3141 atque
391 3114 474 3132 nouas
495 3105 636 3139 opiniones
649 3104 768 3131 videmus
783 3105 838 3132 Cic.
852 3105 884 3132 de
898 3106 932 3132 N.
947 3106 978 3131 D.
992 3114 1017 3138 2,
1031 3114 1053 3139 ς.

23 3138 197 3168 Diuturnitate
208 3150 262 3168 non
272 3142 409 3169 vanescere
423 3141 505 3167 animi
520 3140 607 3173 labes,
626 3149 673 3167 nec
691 3141 813 3168 manibus
827 3141 888 3168 vllis
901 3141 957 3167 elui
969 3141 1053 3176 potest

23 3175 95 3204 Idem
108 3175 138 3203 de
149 3176 240 3211 Legib.
253 3185 275 3210 2,
286 3185 330 3210 24.
400 3176 567 3203 Diuturnitas
587 3176 715 3203 maximos
733 3177 819 3204 lue’tus
839 3177 966 3204 vetustate
980 3177 1053 3204 tollit

25 3209 63 3238 Id.
75 3211 142 3238 Fam.
154 3220 176 3245 5,
187 3214 224 3238 16.
292 3212 484 3239 Diuturnitates
497 3212 565 3239 dixit
577 3212 678 3238 Arnob.
692 3214 719 3245 6,
754 3232 762 3240 .
800 3232 808 3240 .

59 3250 301 3280 DIVAGATIO,
325 3248 391 3274 anis.
426 3248 547 3274 Tertull.
584 3267 590 3274 .
628 3268 634 3274 .
673 3267 679 3274 .

60 3285 316 3310 vaGAmms
329 3303 339 3316 ,
369 3292 393 3310 e.
430 3283 491 3310 Adi.
533 3283 672 3318 Augustin.
708 3302 715 3309 .
752 3302 759 3310 .
797 3302 804 3309 .

60 3321 80 3341 n
89 3321 99 3340 1
108 3321 236 3350 VA-L1A,
249 3326 332 3345 orum.
353 3328 379 3345 11.
417 3321 501 3346 feriae
513 3320 594 3345 Diuae
605 3320 753 3355 Angeronae
761 3338 769 3351 ,
779 3321 820 3344 cui
831 3317 964 3353 Pontifices
972 3317 1052 3354 'insa-

22 3350 80 3377 cello
93 3350 206 3384 Uolupiae
212 3352 308 3385 sacrum
314 3354 453 3390 faciebant.
489 3354 641 3381 Dicebantur
654 3358 727 3381 etiam
734 3355 912 3390 Angeronalia.
926 3354 979 3380 vid.
993 3355 1050 3380 Vct.

20 3385 79 3450 5511.
92 3384 125 3411 ad
142 3385 262 3446 XII6Kal.
274 3389 336 3416 Dec.
355 3390 422 3426 apud
438 3392 526 3419 Graeu.
543 3390 616 3426 They:
628 3391 803 3426 Rom..Antiq.
822 3391 891 3417 Tom.
904 3396 919 3420 8
928 3396 958 3425 p.
972 3400 1007 3417 12.
1027 3396 1051 3417 et

51 3431 96 3448 om.
110 3430 135 3447 11
172 3439 178 3446 .
244 3440 250 3446 .

56 3463 75 3484 1>
84 3427 249 3487 IVKPGOQ'
265 3457 312 3495 firi.
336 3459 401 3495 Dep.
437 3461 600 3495 [πλανῶμαι]
638 3460 746 3493 Oberro,
760 3460 807 3486 huc
819 3459 878 3486 illuc
891 3469 978 3496 vagor.
1000 3461 1049 3488 La-

21 3491 101 3519 &ann
114 3498 138 3524 ς,
158 3511 165 3517 .
186 3510 193 3517 .
218 3489 273 3527 Vb}
282 3492 379 3522 animus
392 3496 421 3522 in
432 3497 514 3524 multa
528 3497 655 3532 dispersus
667 3496 717 3522 huc
731 3501 809 3530 atque
823 3495 886 3522 illuc
900 3496 1048 3531 diuagatur.

21 3526 128 3563 Qidam
144 3527 228 3567 legugit
240 3525 391 3561 Deuagatur.
426 3532 498 3568 Conf.
512 3532 551 3560 Id.
566 3532 598 3558 de
613 3533 654 3559 Ira
668 3541 689 3558 c.
704 3540 720 3565 9
732 3539 796 3558 extr.

57 3569 123 3590 D1V
131 3568 152 3588 A
163 3569 183 3588 R
191 3569 201 3587 1
212 3568 229 3588 C
237 3567 256 3587 0
265 3581 273 3592 ,
296 3565 352 3603 ΞΝ..
379 3565 392 3598 [
406 3564 494 3600 aneni..
507 3568 519 3601 ]
556 3568 597 3595 Est
606 3588 614 3600 ,
632 3566 732 3594 auflore
750 3566 844 3594 Nonio
852 3587 861 3599 ,
881 3567 1048 3594 Distenderc:

20 3597 90 3624 Certe
102 3605 121 3629 i,
136 3605 185 3632 147
205 3596 364 3632 Diuaricari,
374 3602 461 3640 inpie,
472 3603 572 3630 dietum
586 3603 623 3630 est
634 3603 761 3630 distendi:
780 3603 881 3629 dietum
894 3603 927 3629 ab
942 3604 986 3635 iis,
1000 3604 1047 3638 qui
1059 3612 1092 3638 95
1106 3603 1249 3639 hospitandi
1266 3609 1360 3641 gratia.
1396 3607 1452 3633 Cic.
1465 3607 1498 3633 de
1512 3608 1614 3634 Inuent.
1634 3617 1653 3639 i,
1669 3616 1693 3640 ις
1713 3617 1734 3634 c.
1748 3617 1767 3641 4

19 3633 90 3659 vitio
105 3638 214 3660 naturae
230 3637 267 3658 ita
285 3632 343 3673 sunt
359 3642 389 3667 pe
407 3635 465 3663 ibus
485 3639 616 3670 discretis,
635 3645 664 3665 vt
682 3648 726 3665 eos
740 3640 768 3665 in
782 3638 919 3665 diuersum·
932 3639 1046 3665 habeant

19 3669 156 3702 separatos.
191 3667 353 3708 M..Tullius
373 3667 404 3695 de
415 3671 495 3704 Signis
515 3676 609 3706 (Verr-
622 3684 650 3707 4,
665 3677 696 3704 86
709 3684 730 3701 e.
738 3678 785 3708 40)
806 3674 945 3709 Sopatrum
961 3674 1047 3700 homi-

19 3712 81 3744 nem
93 3710 150 3731 tum
167 3702 393 3743 dom-irobilem,
411 3709 465 3732 tum
479 3709 580 3736 summo
599 3710 751 3744 magistratu
769 3710 932 3744 praeditum,
947 3709 1047 3736 dinari-

19 3748 73 3766 cari
84 3748 112 3766 ac
124 3738 234 3773 deligari
245 3737 330 3765 iubet.
367 3740 434 3766 Haec
449 3741 513 3769 Non.
527 3745 611 3772 Varro
625 3746 657 3772 de
669 3746 700 3772 R.
713 3746 744 3772 R.
761 3754 786 3777 2,
799 3753 812 3778 ς
834 3745 863 3771 de
875 3745 965 3777 bubus,
986 3745 1044 3771 Nec

19 3775 93 3800 cuius
105 3774 216 3809 vngulae
231 3773 385 3801 diuaricent.

19 3809 102 3842 seres,
120 3815 205 3837 ternas
217 3809 295 3836 taleas
309 3810 418 3845 ponito,
441 3819 535 3845 easque
545 3813 698 3843 diuaricato.

55 3848 194 3884 Dav-ARI
203 3851 221 3872 c
232 3852 254 3872 A
263 3852 284 3872 T
293 3851 314 3872 v
325 3853 338 3873 S
348 3866 356 3878 ,
376 3854 404 3877 a,
424 3855 477 3872 um.
513 3844 610 3875 Partiri
636 3851 758 3879 Prudent.
772 3851 861 3879 Perist.
880 3859 903 3886 ς,
915 3859 965 3885 252
997 3851 1044 3879 Di-

16 3886 138 3905 varicatis
150 3880 278 3908 cruribus.
315 3881 426 3908 Pedibus
439 3881 569 3909 Ammian.
582 3892 622 3916 22,
634 3891 674 3916 28.
967 3881 970 3886 ¹

51 3919 347 3950 DIVARICAT10‚
369 3918 433 3944 onis.
454 3917 475 3944 f.
510 3917 616 3952 August.
653 3939 660 3946 .

50 3954 140 3977 D1VE
149 3956 165 3975 1.
174 3956 191 3976 1.
201 3958 220 3978 0
228 3971 237 3984 ,
256 3951 320 3979 velli
338 3960 362 3981 et
380 3952 446 3980 vulfi
453 3973 463 3987 ‚
481 3953 601 3987 vulsum,
626 3955 679 3983 ere.
696 3941 703 3949 ‘
712 3957 725 3991 [
734 3942 859 3992 ὲιαεπαὶω]
895 3957 963 3986 Idem
976 3957 1041 3994 quod
1051 3967 1094 3995 105

146 3991 167 4013 v
176 3991 229 4015 01..
263 3988 298 4015 II.

1122 2612 1216 2639 verbia
1235 2612 1339 2639 adicere
1358 2613 1460 2639 melica.

1122 2649 1209 2677 vuius,
1231 2647 1288 2672 dnm
1307 2655 1454 2683 agerentur,
1469 2651 1621 2684 arripuerat.

1036 2715 1042 2720 ¹
1122 2688 1146 2708 et
1158 2682 1201 2708 vbi
1213 2682 1374 2709 Diuerbium
1388 2683 1456 2709 dicat
1469 2684 1582 2718 primam
1594 2685 1700 2712 fabulae
1712 2691 1952 2722 partem,Protafin
1970 2705 2017 2722 non
2031 2698 2136 2726 dixerim

533 2715 614 2748 Quod
630 2724 702 2741 mors
721 2717 795 2741 sensti
814 2722 916 2747 careat,
937 2715 1015 2741 dolor
1033 2724 1062 2741 111
1071 2729 1106 2757 70
1954 2715 1963 2727 '
2139 2721 2145 2727 ”

377 2893 432 2920 Cic.
447 2892 479 2918 de
491 2892 565 2918 Orat.
580 2900 600 2924 1,
615 2900 659 2924 1²9
673 2900 694 2917 c.
708 2896 739 2921 28
771 2891 849 2917 Nihil
862 2891 898 2918 est
912 2891 985 2917 enim
1003 2898 1056 2917 tam
1073 2903 1106 2932 75·
1119 2901 1187 2927 quae
1201 2902 1289 2919 meum
1301 2894 1421 2922 animum
1435 2896 1539 2922 diuerse
1556 2898 1670 2926 trahunt.

1116 3035 1257 3070 Frequent.
1279 3046 1294 3062 α
1313 3037 1426 3063 Diuerto
1442 3045 1490 3073 pro
1504 3039 1623 3074 Defleflo.
1642 3054 1644 3056 v

883 3070 1054 3097 Extabescere
1068 3077 1100 3103 80
1116 3071 1173 3112 eius
1191 3071 1393 3103 amoenitatem,
1412 3082 1459 3099 nec
1479 3073 1510 3100 ad
1529 3075 1674 3102 verborum
1693 3080 1838 3107 venustates
1859 3082 2064 3114 diuersitandum
2109 3090 2160 3118 Sed

1113 3116 1141 3132 ιη
1153 3106 1280 3133 nonnullis
1292 3108 1468 3144 exemplaribus
1480 3112 1607 3138 inuenisur
1616 3132 1624 3143 ,
1633 3113 1857 3143 Deuerfitandum.
2067 3109 2074 3115 ⁵

1124 2587 1182 2609 ras,
1196 2577 1265 2603 nihil
1280 2586 1327 2604 nos
1340 2578 1495 2606 delectaris}
1521 2586 1547 2605 et
1567 2579 1667 2606 solebas
1682 2581 1768 2608 suauis
1787 2585 1851 2617 etse,
1870 2589 2002 2616 canturire
2017 2590 2086 2618 belle
2122 2594 2166 2621 de-

1503 2614 1645 2648 Intellexit,
1657 2616 1745 2650 credo,
1752 2625 1843 2654 partes
1853 2621 2019 2658 fabularum,
2038 2613 2101 2662 quai3
2111 2630 2168 2665 st’r-

1777 2652 1799 2689 Ἷ
1818 2663 1836 2682 2
1873 2657 1939 2693 Quis·
1958 2667 2037 2687 autem
2055 2664 2166 2698 Seruius,

1157 2723 1176 2743 D
1186 2725 1195 2743 1
1205 2723 1225 2742 v
1235 2723 1251 2743 Ε
1260 2724 1278 2743 R
1288 2724 1309 2744 G
1318 2726 1327 2744 1
1338 2724 1359 2742 v
1369 2725 1393 2744 M
1404 2739 1412 2751 ,
1432 2719 1462 2745 ii.
1491 2729 1517 2746 n.
1536 2755 1542 2760 .
1552 2721 1642 2761 Amriis
1661 2724 1688 2747 in
1707 2722 1829 2764 diuerſjem
1848 2736 1961 2764 vergens.
1997 2732 2116 2761 From-in.
2131 2736 2165 2763 de

1122 2752 1154 2778 R,
1170 2753 1231 2786 Agr,
1246 2762 1271 2786 p,
1284 2758 1333 2786 278
1359 2754 1494 2793 Aquarum
1515 2754 1652 2789 diuergiis.
1686 2758 1754 2785 Add.
1769 2761 1817 2786 Sic.
1836 2762 1918 2790 Flacc.
1932 2765 1963 2792 de
1978 2768 2085 2796 Condit.
2101 2772 2164 2806 Agr.

1120 2788 1283 2856 {inapfii'geg
1294 2788 1434 2850 ligeizpcehrgiis
1449 2798 1531 2825 aquae
1550 2790 1613 2817 fines
1628 2792 1699 2819 inter
1716 2794 1742 2820 se
1755 2794 1911 2827 diuidebant
1924 2801 2023 2837 Aggen.
2037 2804 2066 2831 in
2080 2807 2163 2834 Fron-

1156 2863 1174 2882 D
1185 2865 1194 2883 1
1204 2863 1274 2884 VER
1285 2865 1332 2885 SE.
1353 2858 1421 2885 Adu.
1457 2860 1526 2887 Ter.
1542 2861 1624 2888 Andr.
1639 2871 1659 2895 1,
1673 2871 1698 2897 5,
1712 2872 1740 2897 23
1771 2866 1831 2894 Tot
1850 2877 1892 2896 ine
1912 2870 2061 2906 impediunt
2074 2885 2162 2911 curae,

1726 2901 1803 2928 Pauci
1822 2905 1911 2938 paullo
1923 2907 2051 2937 diuerfius
2065 2914 2163 2940 cecide-

1117 2935 1177 2956 rant
1191 2928 1250 2955 Sall.
1265 2930 1321 2956 Cat.
1336 2939 1358 2957 c.
1373 2932 1420 2957 vlt.
1455 2931 1562 2965 Qiibus
1574 2933 1741 2962 diuerfissime
1755 2935 1916 2968 afficiebatur
1930 2943 2075 2974 Suet.Tib.
2088 2952 2161 2976 c.66‚

1154 2964 1473 3012 DquRsicorok,
1494 2968 1558 2994 aris.
1575 2978 1611 2995 m.
1637 2971 1717 2997 Mart.
1731 2973 1831 3007 Capell.
1845 2984 1854 3001 1
1869 2986 1893 3011 p.
1909 2980 1934 3003 6.
1947 2986 1995 3009 2218
2014 2990 2038 3015 p.
2054 2991 2113 3018 274.

1153 3007 1216 3026 1311
1229 3006 1389 3032 ERSITO,
1409 3011 1462 3028 are.
1477 3002 1503 3038 s.
1523 3010 1788 3040 Divrnsiron,
1805 3011 1854 3037 ari.
1890 3013 2006 3047 [θαμινά
2019 3019 2164 3055 καταλύω]

1670 3042 1790 3078 Ge11.17,
1804 3054 1838 3071 20
1864 3047 1928 3074 Non
1949 3050 1980 3076 ad
2002 3054 2158 3082 vocularum

1152 3148 1171 3168 D
1182 3150 1191 3168 1
1204 3147 1224 3168 ν
1234 3149 1251 3169 Ε
1260 3150 1278 3169 R
1288 3148 1300 3169 S
1308 3151 1318 3169 1
1327 3149 1348 3169 T
1356 3150 1375 3171 Ο
1384 3151 1403 3170 R
1412 3165 1421 3177 ,
1442 3145 1508 3172 oris.
1532 3155 1567 3173 m.
1602 3148 1636 3174 Vt
1650 3149 1793 3183 Diueffor,
1806 3152 1901 3188 Hospes
1923 3156 2006 3191 aliquo
2031 3158 2158 3187 diuertem

1114 3178 1220 3204 Petron.
1233 3187 1254 3204 c.
1269 3185 1303 3212 79
1316 3186 1339 3205 et
1352 3187 1392 3212 95.

1148 3220 1168 3240 D
1178 3221 1186 3239 1
1195 3220 1214 3238 ν
1223 3221 1239 3240 E
1248 3221 1266 3240 R
1275 3222 1287 3241 s
1298 3221 1317 3241 o
1327 3221 1356 3247 R,
1369 3214 1419 3242 ari.
1442 3216 1507 3251 Dep.
1528 3217 1690 3252 [κατάφρμαι
1699 3241 1707 3254 ‚
1725 3221 1862 3258 καταλύω]
1884 3224 1951 3251 Idem
1964 3226 2029 3261 quod
2040 3229 2155 3262 Diuerto,

1067 3253 1097 3284 85
1106 3247 1132 3283 s
1147 3249 1284 3290 Deroerto,
1302 3252 1329 3276 in
1344 3253 1386 3276 via
1398 3257 1442 3277 aut
1455 3256 1657 3289 peregrinatione
1670 3255 1736 3289 apud
1743 3258 1851 3292 aliquem
1865 3258 1917 3293 esti,
1932 3268 1955 3286 et
1967 3261 2063 3296 ver-fiiri
2070 3271 2100 3290 vt
2111 3266 2156 3292 ho.

1105 3284 1207 3324 sonem.
1246 3286 1302 3312 Cic.
1319 3287 1396 3313 Verr.
1412 3295 1431 3319 1,
1447 3291 1481 3320 69
1501 3288 1577 3323 Apud
1590 3297 1668 3322 quein
1683 3290 1828 3319 diuersatus
1846 3303 1879 3321 es.
1915 3296 1988 3331 Conf.
2004 3297 2062 3324 Liu.
2076 3307 2105 3332 23
2130 3306 2144 3331 8

1112 3320 1169 3346 Cic.
1183 3320 1265 3347 Tusc.
1279 3330 1300 3353 ς,
1313 3329 1346 3347 22
1360 3331 1381 3348 c.
1397 3326 1410 3351 8
1438 3324 1529 3356 Qium
1544 3323 1653 3351 Athenis
1668 3326 1735 3360 apud
1750 3336 1810 3354 eum
1824 3329 1978 3357 diuersarer.
2107 3321 2116 3333 ⁹
2145 3321 2152 3329 ι

1112 3364 1166 3389 quo
1182 3356 1259 3390 Apul.
1274 3357 1338 3383 Met.
1351 3364 1368 3392 7
1388 3367 1413 3391 p.
1429 3363 1478 3389 188.

1576 3360 1580 3364 η
2024 3334 2091 3361 Cum
2106 3336 2154 3363 ali-

1549 3360 1606 3385 Cic.
1620 3361 1694 3387 Vcrr.
1707 3371 1726 3394 1,
1740 3365 1776 3396 64
1808 3365 1955 3396 Rubrium,
1970 3366 2077 3396 delicias
2096 3372 2152 3399 suas

1111 3391 1140 3417 in
1154 3391 1278 3433 omnibus
1292 3392 1445 3433 huiusmodi
1459 3394 1537 3434 rebus
1549 3394 1700 3424 adiutorem
1714 3399 1788 3425 suum
1801 3405 1827 3425 et
1840 3401 1972 3426 conscium
1986 3411 2079 3436 parum
2095 3407 2151 3433 lau-

1060 3436 1097 3461 90
1110 3432 1136 3453 te
1149 3426 1280 3454 diuersari
1292 3428 1374 3460 dicit,
1393 3429 1425 3455 ad
1437 3429 1622 3457 Philodamum
1636 3431 1728 3459 deduci
1748 3433 1829 3460 iubet.

1110 3471 1132 3489 c.
1145 3469 1181 3496 27
1198 3464 1297 3490 Omnes
1311 3463 1343 3490 ad
1356 3473 1413 3491 eam
1426 3464 1538 3492 domum
1551 3466 1579 3492 in
1591 3476 1643 3501 qua
1656 3468 1704 3494 iste
1717 3468 1914 3502 diuersabatur‚
1928 3474 2042 3506 profecti
2056 3478 2124 3506 sunt,

1902 3436 1974 3463 Idem
1989 3439 2064 3467 Verr.
2081 3451 2100 3474 1,
2115 3446 2151 3476 69

1146 3504 1183 3524 Di
1194 3505 1239 3525 νΕ
1249 3506 1320 3527 RSA
1330 3506 1391 3533 Ns,
1413 3501 1489 3528 antis.
1524 3502 1619 3529 Partic.
1653 3503 1721 3530 Gell.
1737 3512 1772 3536 12,
1786 3512 1809 3531 11
1834 3505 1973 3539 Diuersans
1989 3509 2018 3536 in
2033 3512 2150 3546 quodam

1108 3534 1217 3568 tugurio
1230 3540 1304 3561 extra
1317 3534 1419 3563 vrbem.

1144 3576 1163 3596 D
1172 3577 1182 3595 1
1191 3576 1212 3596 V
1219 3577 1236 3597 E
1246 3577 1285 3597 Rs
1292 3577 1335 3598 OR
1344 3590 1351 3602 ‚
1371 3571 1434 3598 oris.
1462 3580 1498 3598 m.
1535 3571 1548 3605 [
1554 3572 1729 3607 καταγωγεῦς]
1764 3574 1816 3609 Qui
1835 3577 1863 3601 in
1880 3576 2014 3613 hospitium
2032 3581 2148 3617 dinei-tit,

1803 3610 1893 3646 Caupo
1913 3622 1967 3641 non
1986 3617 2070 3644 multo
2090 3620 2147 3653 post

1106 3640 1282 3679 conclamauit
1299 3640 1436 3669 hominem
1456 3643 1504 3669 eise
1517 3644 1647 3681 occisum,
1669 3648 1767 3671 etcum
1785 3646 1943 3680 quibusdam
1961 3650 2145 3682 diuersoribus

1106 3675 1199 3708 illum,
1219 3677 1266 3711 qui
1278 3683 1338 3703 ante
1350 3678 1465 3711 exierat,
1483 3679 1660 3712 consequitur.

1142 3717 1161 3737 D
1171 3718 1180 3736 1
1190 3717 1209 3736 ν
1221 3719 1237 3739 E
1246 3720 1264 3739 R
1273 3719 1285 3739 s
1295 3719 1314 3739 ο
1324 3719 1342 3738 R
1352 3720 1360 3739 1
1372 3721 1391 3739 v
1400 3720 1425 3740 M
1434 3733 1442 3746 ,
1463 3713 1493 3739 ii.
1514 3722 1539 3739 n.
1576 3712 1763 3750 [καταγώγιον]
1798 3716 1866 3744 Idem
1879 3719 1945 3754 quod
1955 3722 2144 3752 Diuerriculum.

1105 3746 1145 3772 Ac
1158 3750 1262 3783 proprie
1281 3748 1394 3783 quidem,
1414 3749 1459 3783 vfic
1480 3748 1604 3773 duntaxat
1623 3749 1748 3776 Ciceronis
1768 3750 1944 3781 diuersorium
1966 3756 1999 3789 est
2021 3760 2088 3785 locus
2111 3760 2147 3786 ad

438 3775 502 3802 Cato
521 3786 542 3804 c.
555 3788 586 3813 45
605 3781 632 3807 Si
651 3781 680 3808 in
700 3780 835 3808 scrobibus
857 3786 902 3808 aut
921 3780 950 3807 in
967 3780 1098 3807 sulcisioo
1105 3785 1172 3808 uiam
1187 3785 1227 3810 vel
1242 3786 1318 3810 amici
1336 3785 1376 3810 vel
1392 3783 1486 3817 noster,
1507 3783 1550 3809 vbi
1566 3783 1688 3811 diuertere
1706 3792 1729 3811 et
1741 3789 1927 3825 interquiescere
1946 3793 2036 3819 liceat:
2058 3794 2145 3829 hospi.

1105 3817 1173 3844 tium
1186 3818 1229 3845 vbi
1246 3820 1326 3845 alieno
1337 3819 1449 3854 beneficio
1467 3818 1619 3853 aliquamdiu
1634 3829 1771 3848 moramur:
1800 3833 1917 3858 caupona
1928 3825 2052 3859 stabulum
2070 3834 2143 3856 meri.

1102 3857 1194 3880 torium
1203 3874 1210 3885 ‚
1221 3854 1281 3889 fere
1295 3854 1384 3880 humile
1397 3855 1437 3879 vel
1452 3853 1608 3888 Ilbidinofism
1618 3865 1625 3880 :
1643 3855 1751 3884 taberna
1771 3859 1851 3892 Iocus,
1864 3862 1951 3887 leuiter
1963 3863 2106 3898 aedificatus
2119 3871 2143 3891 et

1103 3887 1240 3921 instruam
1253 3890 1287 3915 ad
1298 3889 1408 3924 artifices
1425 3889 1575 3924 recipiendos
1584 3909 1590 3920 ‚
1601 3892 1641 3917 vel
1648 3898 1748 3925 potores
1763 3901 1811 3921 etc.

1103 3925 1174 3951 Fam.
1188 3926 1213 3956 6,
1227 3933 1255 3957 19
1266 3932 1309 3959 pr.
1339 3926 1427 3950 Latius
1443 3930 1522 3950 tamen
1536 3932 1624 3960 patere
1636 3927 1783 3954 Diuersorii
1803 3933 2003 3966 appellatmzem,
2022 3940 2046 3959 rt
2058 3942 2141 3960 tinnis-

1095 3959 1169 3996 ferri
1187 3961 1325 3996 elegantcr,
1338 3958 1371 3985 ad
1389 3968 1480 3987 omnem
1492 3960 1586 3989 breuem
1604 3967 1831 3999 commorationem,
1848 3968 1955 4003 exenffwla
1972 3967 2140 3996 declarabunt.

1855 3897 1911 3923 l‘id.
1925 3899 2023 3924 Manat.
2038 3904 2070 3924 acl
2084 3901 2140 3926 Cic.

1282 3995 1313 4022 -F
1334 3994 1350 4021 f
2081 4005 2139 4032 Cic.
