2479 4225
48 222 106 262 353
400 201 458 241 Ἐ
544 202 593 242 M
680 201 696 241 1
1515 199 1550 240 E
1639 201 1685 241 Μ
1783 203 1819 242 0
2058 222 2187 261 '354

50 293 126 324 Hasta
143 292 257 319 eminere
278 290 306 318 in
320 288 409 317 ambas
423 295 507 325 partes
523 289 637 323 dicitur,
650 299 709 327 quae
725 294 775 325 par
794 287 898 314 medium
917 283 1026 312 trutina
1047 284 1079 318 est
1144 292 1269 326 torquens
1284 287 1383 314 emittit
1398 287 1425 314 in
1440 297 1522 316 auras.
1592 289 1748 316 Ficulneum
1764 289 1830 323 Lac,
1846 292 1918 326 quod
1937 293 2036 321 emittit
2054 294 2150 327 arbor,
2163 295 2181 322 si

50 336 134 366 corpus
147 327 227 355 Ouid.
240 327 303 353 Met.
318 334 340 359 5,
355 334 405 358 ¹39-
475 325 576 352 Globus
593 334 675 353 terrae
688 325 802 351 eminens
816 331 830 348 e
842 323 910 348 mari
926 322 980 348 Cic.
995 322 1078 347 Tusc.
1145 331 1200 348 eius
1215 324 1346 350 virentem
1359 323 1454 350 saucies
1469 326 1592 352 cortici-uz
1614 325 1720 352 Colum.
1735 333 1761 361 7,
1775 331 1797 355 8.
1870 328 2000 356 Lacrimas
2019 330 2100 357 Ouid.
2116 332 2180 357 Met.

52 374 62 393 ι
83 358 126 396 63.
177 363 248 389 Caes.
263 363 290 389 B.
303 362 335 388 G.
349 369 376 396 7,
389 369 420 395 73
448 361 486 387 Ita
501 368 529 387 vt
548 371 600 388 non
614 361 724 396 amplius
737 364 850 393 quatuor
861 357 951 391 digitis
965 365 996 383 ex
1010 364 1079 383 terra
1146 366 1177 384 ιι.
1192 364 1246 391 458.
1317 358 1451 391 Libellos,
1469 361 1521 386 vid.
1542 361 1672 392 Libellus,
1691 364 1717 386 in
1739 368 1837 388 LiBER.
1908 365 1963 390 Cic.
1984 375 2031 398 pro
2047 367 2129 392 Plane.
2149 374 2181 401 57

51 385 201 427 eininerent.
272 397 422 431 Indignatio
443 397 542 423 eminet
561 398 634 424 Curt.
647 406 675 429 4,
712 415 718 421 .
755 413 761 419 .
830 394 871 419 Ira
893 393 952 419 Liu.
966 401 991 424 2,
1028 412 1034 418 .
1072 412 1078 418 .
1146 402 1167 418 c.
1183 402 1211 425 23
1242 393 1320 420 Nihil
1338 394 1374 420 est
1386 400 1473 420 autem
1489 402 1540 422 tam
1555 396 1763 431 volusrc,qu;un
1783 396 1971 430 Maledictum,
1985 401 2053 427 nihil
2076 402 2182 428 facilius

51 434 143 463 Oratio
161 432 290 466 Qinffll.
304 441 326 465 3,
338 441 360 465 3.
428 432 487 458 Liu.
501 442 521 465 1,
549 452 555 459 .
582 453 589 458 .
625 430 770 458 Necduma
783 427 904 462 singulis,
918 428 981 462 quia
1001 436 1080 453 nemo
1105 424 1119 450 5
1147 429 1293 462 emittitur,
1313 429 1380 455 nihil
1398 430 1475 456 citius
1495 432 1640 465 excipitur,
1659 432 1726 458 nihil
1749 433 1825 459 latius
1846 432 1986 466 dillipatur.
2063 438 2182 469 Manum,

52 477 204 504 magnopere
223 468 355 495 eminebat
375 467 403 493 in
421 476 492 494 nouo
507 468 620 503 populo,
637 469 809 501 peruenerant
829 463 966 490 factiones.
1022 464 1080 489 Cum
1146 462 1177 496 cst
1194 466 1333 491 Cautionem
1350 468 1457 500 propria
1480 475 1551 492 manu
1566 470 1670 501 jacere:
1706 467 1870 494 Modestinus
1890 468 1917 494 iu
1931 469 1949 495 l.
1974 469 2088 502 (Qiidam
2110 474 2180 507 quasi

50 503 209 540 Accufhtiuo,
222 503 311 530 afflue.
353 503 427 530 Curt.
442 513 468 536 4,
484 512 506 536 2,
520 511 547 530 21
585 503 691 535 Iamque
714 499 859 534 paullulum
883 500 966 525 moles
986 507 1081 533 aquam
1147 500 1178 524 D.
1194 499 1225 526 de
1245 500 1348 534 probat.
1363 505 1388 526 ct
1408 502 1544 534 praesumt.
1565 503 1744 537 Qum-ebant,
1759 513 1790 530 an
1805 512 1863 530 cum
1877 512 1909 530 eo
1923 503 1955 531 de
1969 504 2114 533 hereditate
2130 509 2182 535 fra·

50 538 196 571 eminebat,
216 544 241 565 et
262 538 336 565 simul
356 540 457 573 aggeris
473 537 583 565 latitudo
598 535 743 567 crescebat,
756 542 803 560 etc.
821 537 840 561 i.
866 533 1083 568 Excedebat‚siue
1146 535 1194 561 tris
1221 541 1327 570 propter
1351 536 1464 562 emiliam
1492 536 1524 561 ab
1544 538 1581 562 eis
1603 547 1708 565 manum
1728 539 1818 573 possint
1841 539 1911 573 quasi
1935 548 1993 566 cum
2014 540 2071 567 filio
2095 551 2180 576 agere.

41 574 117 612 fiper
130 584 144 600 α
162 584 215 600 ,mm
230 574 347 601 eminebat
362 573 524 610 nstahatque,
1146 571 1227 596 Plaut.
1244 572 1324 597 Merc.
1338 581 1366 605 4,
1384 578 1405 604 ς,
1420 574 1447 597 16
1481 572 1582 597 Gradus
1602 574 1721 607 grandit,
1736 575 1835 601 emittit
1846 575 1962 608 Oculos,
1974 576 2127 603 circumfert
2147 580 2181 606 se.

83 616 132 636 EM
162 616 277 642 NENS,
296 610 371 636 entis.
402 610 493 636 Partic.
529 607 651 641 [ἕξέχων]
687 605 810 632 Eminens
824 605 926 631 animus
942 604 970 631 in
983 605 1082 636 futura,
1100 612 1128 629 10
1145 607 1204 632 Oua
1217 606 1337 633 emittere
1351 606 1445 633 dicitur
1463 606 1558 640 gallina
1577 609 1643 634 Plin.
1660 618 1690 641 ιι,
1706 619 1749 643 24.
1820 610 1951 637 Rudentes
1965 620 2049 646 puppe
2062 613 2183 641 emittere

45 651 92 681 pro
106 647 236 672 [inminens
256 645 314 671 Sen.
328 645 360 671 de
374 643 521 679 Tranquih
536 643 615 668 vitae.
693 641 749 667 Cic.
769 640 801 667 de
814 641 849 667 N.
869 641 901 668 D.
919 649 939 673 1,
953 648 984 674 75
1011 640 1081 666 Illud
1146 642 1207 667 Stat.
1222 641 1308 667 Achil.
1324 650 1347 673 2,
1361 646 1395 671 18.
1467 642 1575 675 sagittas
1588 652 1648 671 arcu
1668 645 1732 671 Plin.
1747 654 1772 678 9,
1786 650 1809 675 8.
1851 647 1907 672 Cic.
1919 647 1952 673 de
1964 648 2055 682 Arusp.
2069 648 2144 682 Resp.
2157 658 2181 675 2.

47 680 128 708 video
151 688 265 715 pugnare
286 687 327 713 te,
349 681 443 714 species
463 685 491 706 vt
510 677 636 712 quaedam
653 676 683 702 sit
703 675 831 709 deorum,
846 685 913 709 quae
931 676 1000 702 nihil
1022 684 1082 702 con-
1144 677 1304 710 Sanguinem
1321 677 1395 703 venis
1416 677 1483 703 Pliu.
1497 686 1536 710 25,
1554 686 1575 711 5.
1647 680 1812 707 Saturitatem
1833 681 1906 708 Idem
1926 691 1962 713 10,
1975 690 2010 715 33.
2027 686 2045 709 i.
2071 684 2183 719 Purgare

48 716 111 742 creti
127 716 235 748 habeat,
249 715 317 742 nihil
332 716 426 748 solidi,
438 713 504 741 nihil
517 712 638 747 expresli,
650 711 719 739 nihil
733 712 889 744 eminentis,
904 711 988 745 sitque
1006 720 1080 745 pura,
1143 719 1261 738 venirem.
1333 712 1460 746 Spiritum
1474 714 1559 740 emisit
1572 713 1668 746 Phyllis
1686 716 1722 742 ob
1736 716 1892 743 desiderium
1907 717 2116 752 Demophoontis
2130 721 2184 751 Hy-

47 751 129 782 lenis,
144 751 284 786 perlucida.
351 752 422 778 Idem
436 749 467 776 de
480 749 515 775 N.
531 749 562 774 D.
577 757 598 779 2,
610 755 647 782 47
682 748 755 781 Quid
771 748 841 773 enim
855 746 990 781 pulchrius
1009 756 1038 773 ea
1052 747 1081 772 fi.
1145 746 1277 786 gin.nFab.
1292 755 1331 786 59:
1368 749 1410 774 Sic
1430 751 1502 774 etiam
1517 750 1643 776 Murcian.
1658 752 1733 778 ICtus
1747 752 1764 778 l.
1779 757 1804 782 18
1820 753 1852 778 D.
1871 752 1894 790 ᾗ.
1910 754 1938 779 in
1951 754 2061 787 quibus,
2076 755 2114 782 De
2126 754 2182 781 reb.

65 795 125 818 ura,
146 795 213 821 quac
227 787 280 813 sola
292 796 382 813 omnes
394 785 457 812 alias
471 784 566 818 figuras
581 782 716 817 complexa
730 784 864 810 continet?
901 790 1022 817 quaeque
1042 783 1080 808 ni·
1100 792 1125 817 15
1145 782 1241 808 dubus.
1298 784 1397 822 Vinum
1409 784 1530 810 emittere
1543 785 1661 812 scribon.
1677 795 1722 821 271
1735 787 1859 814 German.
1871 788 1998 824 abgieſjbn.
2053 790 2184 823 Liu.1,54

67 821 85 847 il
99 822 243 856 asperitatis
263 822 372 854 habere,
386 820 453 846 nihil
470 819 619 845 offensionis
640 819 739 853 potest,
751 819 818 845 nihil
839 818 950 845 incisum
969 818 1082 851 angulis,
1143 819 1193 844 Seu
1213 818 1269 849 ira,
1284 818 1328 843 seu
1347 818 1428 850 odio,
1442 819 1485 845 seu
1506 820 1626 854 superbia
1648 822 1721 849 insita
1740 823 1863 857 ingenio,
1883 824 1983 850 nullam
2007 833 2067 852 eum
2089 835 2184 853 vocem

44 856 113 883 nihil
127 857 305 890 anffflffibus,
318 855 382 883 nihil
396 855 530 888 eminens,
546 854 614 880 nihil
628 854 796 881 lacunosum!
867 852 950 880 Aedes
965 853 1083 879 eminen-
1144 853 1263 892 emisisse.-
1315 854 1441 880 Emittere
1450 856 1547 881 Vocem
1563 866 1621 883 cum
1636 858 1805 892 qucrimonia
1826 859 1881 885 Cic.
1898 861 1974 886 Verr.
1990 869 2017 892 2,
2039 880 2045 887 .
2080 880 2086 887 .
2115 861 2185 889 Add.

44 897 100 924 tes,
119 896 137 918 1·-
160 893 270 928 fixe-§.Iste
286 893 354 919 1:10¹--
370 899 390 923 1,
404 899 431 923 9,
444 899 471 924 4,
527 890 599 916 Bona
612 890 721 923 Quin&
736 892 761 923 6,
773 891 797 920 6,
811 897 829 915 ι.
886 889 997 915 Carnem
1018 889 1082 915 emi-
1145 889 1203 916 Seu.
1219 887 1296 923 Epist.
1310 896 1335 920 9.
1407 891 1534 918 Emittere
1553 901 1633 918 manu
1652 893 1783 928 aliquem,
1799 900 1847 928 pro
1860 896 2052 928 Manumitterffi
2064 904 2087 922 et
2106 900 2132 923 in
2153 899 2185 923 li-

44 934 150 954 nentem
164 928 257 955 tollere
271 927 387 954 Seribon.
401 934 460 960 227.
481 925 509 951 de
527 925 709 951 medicamento.
782 924 838 951 Cic.
853 924 885 950 de
897 925 991 958 Arusp.
1007 925 1081 959 Resp.
1143 924 1259 951 bertatem
1272 923 1390 957 aſjertre:
1427 926 1507 952 l’laut.
1521 928 1610 954 Anlnl.
1624 936 1646 960 5,
1661 936 1686 960 15
1707 928 1778 954 Volo
1793 938 1835 955 me
1850 931 1935 957 emitti
1949 940 2035 957 manu.
2060 939 2086 958 1..
2101 941 2185 967 egone

44 972 67 989 c.
84 971 117 998 27
144 965 229 997 Quam
248 963 361 997 denique
382 966 435 987 tam
454 961 595 987 immanem
609 960 772 992 Charybdim
785 961 880 986 Po‘e’tae
899 960 1021 993 fingendo
1039 970 1081 986 ex·
1095 967 1129 986 20
1144 960 1263 986 emittam
1286 961 1383 985 manu?
1420 961 1493 997 Cous.
1514 963 1582 989 Ter.
1603 964 1710 989 Phorm.
1732 971 1754 996 5,
1774 971 1797 996 5,
1819 972 1840 990 2.
1912 966 2039 994 Emittere
2057 966 2090 1000 est
2111 972 2185 995 etiam

43 999 160 1033 primere
173 1004 327 1033 potuerunt,
361 1012 407 1017 —
442 1002 486 1023 aut
498 1002 551 1022 tam
564 996 741 1023 eminentibus
755 995 872 1022 Canibus
885 995 1007 1028 Scyllam,
1017 1003 1080 1022 tam·
1143 999 1242 1030 Aquam
1251 1001 1299 1030 per
1309 994 1412 1030 fistulas
1424 1001 1462 1022 uel
1478 1000 1575 1024 canales
1588 998 1716 1029 deducere,
1734 998 1789 1025 vid.
1807 1006 2017 1027 EMISSARWM.
2077 1003 2184 1030 Sueton.

44 1043 96 1069 que
116 1035 211 1060 ieiunis
226 1041 271 1060 etc.
308 1030 348 1066 Est
365 1031 406 1058 hic
419 1030 524 1067 pistura
543 1030 646 1064 monstri
665 1031 750 1063 illius,
763 1040 774 1057 e
785 1034 854 1056 cuins
868 1040 910 1057 cor
928 1040 970 1057 ore
983 1031 1081 1067 subin-
1144 1029 1236 1057 Claud.
1253 1039 1275 1056 c.
1288 1038 1323 1056 20
1351 1031 1478 1057 Fucinum
1500 1033 1584 1059 lacum
1603 1034 1730 1068 aggressus
1751 1034 1787 1060 est
1800 1042 1854 1059 non
1876 1035 1963 1061 minus
1976 1038 2127 1071 compendii
2143 1041 2186 1073 spe

43 1071 160 1106 gm'ni'bus
173 1077 290 1105 emergere
306 1067 412 1103 undique
424 1077 511 1100 canes,
525 1074 549 1093 et
562 1068 630 1094 vltra
648 1075 736 1102 aquam
753 1070 856 1092 eminere
869 1069 898 1092 vi
916 1074 1002 1097 entur,
1014 1067 1082 1102 quast
1143 1075 1224 1101 quam
1239 1066 1356 1100 gloriae,
1375 1076 1434 1093 cum
1449 1068 1557 1103 quidam
1572 1069 1679 1103 priuato
1696 1070 1782 1095 sumtu
1796 1070 1823 1095 se
1840 1070 1976 1096 emissuros
1989 1073 2186 1105 promitterent.

43 1108 136 1140 cripere
143 1105 173 1141 se
185 1104 280 1136 vellem,
290 1111 312 1130 et
325 1102 413 1130 relicta
423 1104 513 1137 Scylla,
522 1106 563 1129 cui
575 1101 721 1133 adhaerent,
729 1101 846 1128 inuadere
858 1105 885 1127 in
894 1103 1083 1137 praeteruehen-
1143 1101 1216 1129 Adde
1229 1110 1250 1127 c.
1272 1110 1296 1127 21
1315 1108 1381 1128 extr.

43 1147 89 1166 tes.
160 1140 243 1167 Color
255 1140 371 1165 eminens
384 1138 446 1164 fuco
459 1138 588 1171 Qunffll.
604 1142 627 1170 8,
641 1145 663 1169 3.
731 1135 836 1172 Effigies
843 1138 951 1163 virtutis
963 1139 1081 1164 eminens
1098 1143 1129 1169 25
1182 1143 1198 1162 Ε
1210 1144 1234 1163 Μ
1247 1144 1255 1163 1
1266 1144 1367 1168 ssvs,
1394 1145 1425 1169 a,
1447 1146 1500 1164 um.
1538 1139 1631 1166 Partic.
1667 1139 1900 1175 [ἐξαπεςαλμένος]
1935 1140 1990 1167 Cic.
2010 1141 2092 1169 Tusc.
2113 1151 2131 1173 1,
2151 1151 2187 1177 74

44 1176 101 1202 Cic.
114 1176 195 1202 Tusc.
208 1183 230 1207 3,
243 1183 264 1207 3.
335 1175 431 1201 Forma
444 1174 501 1200 Sen.
514 1173 608 1200 oetan.
621 1181 648 1205 4.
704 1173 792 1199 Genae
800 1173 857 1199 Cic.
866 1173 898 1199 de
906 1173 942 1200 N.
954 1174 1079 1208 D.2,143.
1143 1172 1192 1199 Sed
1208 1179 1332 1206 tanquam
1348 1181 1363 1198 a
1377 1174 1530 1206 magistratu
1544 1181 1589 1201 aut
1607 1175 1640 1202 ab
1654 1175 1742 1209 aliqua
1758 1176 1882 1209 potestate
1901 1175 2035 1210 legitima,
2059 1177 2092 1204 sic
2108 1187 2122 1204 a
2136 1178 2187 1204 deo

42 1211 180 1246 Ingenium
192 1209 321 1243 Qiinffil.
335 1212 361 1242 6,
397 1229 404 1236 .
442 1229 448 1236 .
515 1208 594 1235 Oculi
607 1208 664 1234 Cic.
678 1208 707 1234 in
720 1209 808 1235 Vatin.
823 1217 850 1241 4.
921 1209 985 1236 Saxa
1003 1211 1078 1236 Curt.
1143 1215 1268 1234 etiocatus
1281 1214 1359 1242 atque
1373 1210 1476 1235 emilius
1491 1210 1595 1237 exierit.
1668 1210 1739 1237 Idem
1754 1211 1780 1237 in
1796 1211 1874 1237 Catil.
1890 1220 1910 1243 1,
1924 1219 1957 1246 27
1984 1213 2019 1238 Vt
2037 1212 2081 1239 abs
2097 1218 2121 1239 te
2133 1222 2187 1240 non

43 1254 67 1279 5,
80 1255 102 1278 3,
115 1255 152 1272 20.
222 1245 322 1272 Statura
342 1244 474 1272 Columel.
487 1253 510 1276 3,
524 1242 546 1274 8‘.
616 1244 756 1280 Comparat.
776 1244 848 1271 Caes.
863 1244 890 1270 B.
905 1244 935 1271 C.
952 1253 973 1275 2,
990 1254 1006 1277 9
1027 1246 1081 1271 Has
1144 1243 1247 1275 emissus
1267 1252 1298 1269 ex
1320 1243 1400 1275 vrbe,
1427 1247 1446 1270 i.
1468 1243 1574 1278 fiet-7111,
1601 1246 1643 1273 sed
1665 1246 1792 1272 immissus
1813 1247 1841 1272 in
1867 1247 1961 1273 vrbem
1984 1248 2033 1274 esse
2055 1247 2187 1278 videatur.

43 1281 148 1308 Trabes
167 1280 254 1314 paullo
272 1281 405 1315 longiores
419 1286 496 1314 atque
510 1279 714 1311 eminentiores,
728 1288 808 1314 quam
822 1281 936 1306 extremi
949 1281 1081 1315 parietum
1144 1281 1245 1314 Agmen
1266 1279 1339 1313 Virg.
1353 1280 1451 1314 Georg.
1467 1289 1494 1312 4,
1508 1286 1543 1312 58.
1614 1282 1706 1308 Facete
1725 1282 1827 1309 dietum
1845 1283 1963 1309 emissum
1981 1282 2090 1310 haerere
2109 1285 2188 1312 debet

43 1323 130 1348 erant,
143 1316 290 1343 effecerunt.
361 1316 445 1342 Nasus
460 1314 623 1342 eminentior
643 1316 712 1341 Suet.
727 1317 792 1349 Aug.
807 1325 828 1341 c.
842 1323 887 1349 79.
958 1317 1081 1342 Eminen-
1098 1323 1130 1347 30
1144 1316 1200 1342 Cic.
1217 1314 1248 1341 de
1260 1315 1334 1341 Orat.
1348 1323 1371 1347 2,
1386 1318 1429 1340 216
1445 1324 1466 1340 c.
1482 1325 1523 1348 54.
1595 1317 1713 1343 Vixdum
1732 1319 1819 1344 emissa
1839 1318 1893 1344 dies
1913 1318 1974 1344 Stat.
1989 1318 2053 1345 Silu.
2069 1329 2090 1352 1,
2102 1329 2127 1353 2,
2142 1329 2188 1353 229

41 1352 147 1379 tiffimus
164 1352 252 1378 titulus
271 1351 424 1387 dignitatis,
445 1353 487 1386 qui
507 1348 651 1385 Praefeflis
665 1352 794 1377 Praetorio
811 1351 947 1382 tribuitur,
962 1359 985 1377 et
1004 1355 1082 1387 magi·
1144 1351 1286 1386 metaphora
1299 1351 1329 1377 ab
1341 1353 1409 1386 equis
1421 1353 1555 1384 curulibus,
1569 1356 1611 1387 qui
1625 1355 1766 1379 carceribus
1779 1356 1934 1380 emittuntur.
1962 1354 2019 1380 Vid.
2034 1365 2086 1381 moa
2096 1357 2187 1382 Ortus.

33 1386 98 1420 striis
120 1389 241 1419 militum,
255 1393 278 1413 et
292 1389 429 1421 patriciis,
451 1384 527 1422 §.Ad
545 1386 623 1412 istum
638 1386 715 1420 Epist.
736 1386 769 1412 de
789 1386 968 1415 Iustin.,Cod.
988 1388 1081 1414 confir.
1145 1386 1223 1420 Virg.
1237 1387 1301 1412 Aen.
1318 1395 1339 1418 1,
1353 1391 1394 1415 128
1420 1386 1596 1420 Emisl'amque
1610 1388 1724 1415 hiemem
1745 1389 1819 1415 sensit
1837 1389 1984 1423 Neptunus,
2006 1393 2023 1415 i,
2048 1391 2187 1425 Temqur'a.

0 1434 1 1438 =
46 1423 116 1449 Vnde
124 1421 335 1448 Eminentislimas
343 1422 520 1448 Praefectum
533 1423 636 1458 legimus
649 1424 676 1447 in
689 1422 707 1448 1.
722 1423 739 1448 6
753 1422 785 1448 de
801 1421 883 1448 exa&
897 1422 991 1449 tribut.
1010 1432 1037 1449 10
1051 1424 1082 1449 C.
1144 1428 1201 1448 tem.
1258 1422 1340 1448 Ortus
1359 1422 1421 1447 solis
1434 1422 1537 1448 emisl'us
1556 1423 1647 1449 Claud.
1662 1425 1738 1450 Con's.
1751 1426 1821 1451 Hon.
1834 1434 1861 1457 4,
1873 1430 1924 1456 388.
1947 1432 1975 1451 vt
1988 1426 2059 1453 Dies.
2107 1428 2187 1454 Ratio

39 1457 257 1484 Eminentiffimus
276 1458 303 1483 in
322 1458 476 1492 eloquentia
501 1456 633 1491 anffil.
652 1458 680 1483 in
699 1465 819 1491 prooem.
840 1466 868 1491 4.
951 1458 1081 1485 Auelores
1145 1457 1301 1491 simulatque
1316 1458 1404 1497 emissa
1417 1457 1449 1483 esi
1461 1477 1469 1488 ,
1481 1457 1642 1485 adhaerescit
1654 1460 1709 1491 Cic.
1724 1459 1755 1486 de
1769 1461 1843 1487 Orat.
1857 1468 1882 1491 2,
1896 1469 1944 1493 214
1962 1463 2067 1496 metaph.
2080 1463 2188 1499 aJagit-

29 1492 233 1519 «eminentislimi
247 1493 318 1519 Idem
334 1502 352 1524 1,
369 1502 391 1525 2,
405 1502 427 1519 2.
454 1502 475 1526 1,
492 1502 530 1525 10,
545 1501 581 1519 ιο.
599 1501 636 1524 ιο,
650 1501 670 1525 1,
683 1500 724 1525 45.
794 1493 998 1527 Magnanimitas
1017 1495 1082 1520 emi-
1099 1497 1128 1524 35
1143 1496 1187 1519 tis.
1243 1493 1346 1527 Spicula
1362 1494 1433 1526 Virg.
1448 1494 1512 1519 Aen.
1527 1502 1557 1523 ιι,
1567 1496 1627 1528 676.
1702 1496 1796 1521 Lucan.
1810 1504 1831 1527 3,
1845 1503 1891 1527 545
1918 1497 1947 1521 In
1960 1498 2068 1531 puppim
2084 1498 2188 1525 rediere

37 1528 182 1555 nentiffima
214 1529 271 1555 Sen.
293 1529 371 1563 Epist.
392 1536 439 1561 115.
509 1529 587 1554 Mons
607 1527 822 1554 eminentissimus
853 1528 926 1556 Flor.
940 1538 968 1563 4,
984 1538 1022 1563 12,
1036 1539 1080 1564 49.
1144 1535 1231 1560 rates,
1245 1529 1386 1562 emissaque
1405 1528 1476 1554 Tela
1503 1531 1570 1555 Aera
1590 1536 1719 1556 texerunt.
1792 1531 1865 1564 Virg.
1880 1531 1976 1565 Georg.
1992 1541 2014 1564 3,
2029 1542 2067 1565 551
2098 1535 2126 1559 In
2149 1535 2187 1560 lu-

37 1563 258 1591 Eminentislimae
272 1563 445 1598 simplicitatis
458 1564 502 1590 vir
515 1564 585 1590 Vell.
604 1572 624 1595 2,
638 1570 682 1597 72,
696 1571 717 1594 3.
1145 1573 1201 1590 cem
1216 1563 1312 1598 Stygiis
1327 1564 1414 1589 emilia
1434 1563 1549 1589 tenebris
1586 1565 1683 1591 Pallida
1701 1564 1851 1599 Tisiphone
1930 1568 2009 1593 Venti
2028 1568 2108 1595 Ouid.
2123 1571 2188 1596 Met.

73 1606 123 1626 EM
134 1608 141 1626 1
151 1606 318 1626 NENTER.
340 1599 408 1626 Adu.
445 1598 536 1625 Sidon.
555 1607 575 1632 1,
590 1607 613 1625 11
641 1599 706 1625 Non
724 1597 885 1625 eminentius
905 1608 984 1634 quam
997 1601 1083 1627 muni-
1145 1607 1177 1629 ιι,
1192 1607 1248 1631 433.
1319 1600 1386 1624 Hor.
1399 1598 1476 1632 Epist.
1500 1608 1519 1631 1,
1535 1604 1570 1631 18,
1585 1608 1606 1626 11
1646 1601 1676 1627 Et
1697 1601 1776 1627 semel
1794 1601 1912 1627 emissum
1924 1602 1998 1628 volat
2010 1603 2188 1630 irreuocabile

37 1635 159 1670 cipaliter
178 1641 261 1661 natus.
1143 1634 1274 1661 Verbum.
1327 1634 1387 1659 Vox
1401 1634 1488 1659 emissa
1505 1635 1576 1660 caelo
1598 1635 1657 1661 Liu.
1674 1643 1702 1668 5,
1739 1655 1746 1662 .
1784 1655 1791 1662 .
1862 1638 1900 1662 De
1912 1646 2030 1670 aquarum
2049 1636 2124 1664 ductu
2139 1640 2188 1665 La-

73 1677 124 1697 ΕΜ
134 1678 143 1696 1
154 1677 172 1695 Ν
184 1677 231 1697 ΕΝ
243 1676 332 1701 T1A,
359 1678 398 1696 ae.
425 1669 445 1695 f.
481 1668 590 1704 [ἕξοχῆ,
609 1667 715 1704 προσχῆ]
755 1668 890 1695 Tribuitur
908 1668 979 1695 rebus
997 1676 1082 1705 corpo·
1095 1674 1132 1699 40
1144 1678 1188 1695 cus
1203 1669 1312 1695 Velinus
1331 1678 1345 1695 a
1358 1670 1394 1695 M.
1410 1669 1493 1695 Curio
1512 1670 1615 1695 emissus
1636 1671 1692 1696 Cic.
1708 1671 1760 1696 Att.
1776 1679 1803 1702 4,
1818 1678 1855 1702 14.
1910 1672 2053 1707 Singularis
2071 1671 2103 1706 est
2122 1676 2190 1700 locu,-

36 1705 262 1739 ratibus,fh11·dis‚
278 1707 305 1730 in
325 1705 411 1740 quibus
430 1714 479 1730 non
498 1704 566 1730 modo
583 1705 686 1738 planum
712 1704 812 1739 aliquid
829 1705 898 1730 velut
914 1703 1020 1739 pistura
1038 1704 1082 1738 est,
1145 1705 1252 1731 Colum.
1267 1713 1289 1736 3,
1302 1713 1335 1736 13,
1351 1712 1364 1736 5
1385 1704 1476 1730 Crudo
1487 1705 1553 1734 sole,
1567 1705 1639 1738 quod
1654 1706 1772 1730 emissum
1787 1705 1837 1731 est:
1855 1704 1895 1738 fic
1909 1714 1990 1732 omnes
2002 1707 2070 1735 libri.
2108 1710 2139 1735 Et
2151 1716 2189 1735 ta-

32 1740 82 1776 Ji’d
99 1740 161 1775 quod
180 1739 269 1772 exstet,
283 1743 388 1766 emineat
397 1744 455 1766 ‘ete.
492 1740 548 1766 Cic.
563 1739 595 1766 de
608 1740 645 1765 N.
659 1739 691 1765 D.
708 1747 729 1771 1,
744 1747 787 1771 105
805 1748 826 1765 c.
840 1744 868 1771 38
897 1740 967 1766 Nam
989 1740 1006 1765 si
1026 1746 1081 1766 tan·
1143 1749 1197 1765 men
1211 1740 1338 1774 sententia
1351 1739 1449 1765 uidetur
1462 1741 1588 1773 pqtiulare
1600 1741 1721 1767 omifl'um
1735 1740 1776 1772 gli.
1819 1740 1955 1766 Videndum
1969 1744 2066 1777 igitur,
2080 1754 2112 1769 an
2123 1746 2189 1771 alius

39 1775 177 1801 tummodo
191 1768 221 1801 ad
237 1775 426 1810 cogitationem
446 1774 550 1806 valent,
568 1783 616 1800 nec
629 1773 726 1799 habent
739 1774 822 1799 vllam
842 1773 1020 1805 soliditatem,
1033 1783 1080 1799 nec
1142 1777 1217 1799 etiam
1236 1774 1354 1799 emissum
1365 1782 1413 1808 pro
1427 1775 1521 1800 omisso
1532 1773 1635 1801 dixerit.
1673 1775 1821 1801 Germanica
1831 1777 1894 1811 Jane
1911 1777 2082 1812 emisit-tudine
2099 1784 2137 1807 ita
2155 1782 2190 1807 10.

37 1811 220 1840 eminentiam,
235 1817 280 1836 etc.
353 1810 427 1835 Idem
441 1809 518 1834 Acad.
534 1817 564 1841 4,
575 1817 609 1833 20
623 1817 644 1833 c.
657 1815 674 1841 7
695 1808 783 1839 Qiam
796 1807 880 1832 multa
891 1807 984 1832 vident
995 1808 1080 1840 ρίἃο-
1141 1810 1257 1842 quimur,
1273 1809 1358 1842 ausien
1372 1808 1455 1840 laſjbn.

36 1854 79 1871 res
95 1845 120 1869 in
134 1844 250 1875 vmbris,
270 1849 296 1869 et
310 1845 339 1869 in
353 1843 510 1873 eminentia,
527 1850 595 1874 quae
610 1849 664 1866 non
677 1841 817 1866 videmus?
853 1840 902 1867 Sed
914 1841 980 1866 Plin.
993 1849 1034 1876 37,
1051 1851 1079 1867 ιο
1093 1844 1127 1869 45
1177 1848 1245 1867 ΕΜ]
1257 1849 1269 1868 s
1279 1849 1292 1867 s
1302 1849 1321 1867 v
1332 1849 1361 1874 s,
1380 1841 1418 1868 sis.
1439 1853 1475 1870 m.
1512 1843 1615 1871 Lucret.
1630 1854 1657 1879 4,
1671 1852 1720 1877 205
1746 1844 1868 1872 Emiffiun
1883 1856 1923 1873 res
1937 1847 2007 1874 nulla
2023 1855 2151 1877 moratur.

36 1879 142 1906 Habere
155 1878 311 1903 eminentias
324 1877 421 1902 similes
434 1877 559 1902 verrucis.
615 1874 777 1901 Eminentias
789 1874 884 1902 tollere
898 1875 1019 1902 scribon.
1034 1882 1079 1907 228
1178 1882 1195 1901 Ε
1205 1882 1228 1901 Μ
1239 1884 1248 1902 ι
1259 1884 1271 1903 s
1280 1884 1341 1903 810
1350 1897 1358 1909 ,
1383 1879 1452 1905 onis.
1478 1878 1497 1904 f.
1536 1878 1652 1913 [ἔφη-ις,
1671 1881 1797 1915 ἐξέλασις]
1834 1884 1883 1908 Pro
1898 1885 2049 1910 Iaculanone
2067 1892 2091 1911 et
2105 1886 2187 1914 vibra-

33 1913 62 1940 de
75 1913 174 1939 medico·
677 1940 680 1943 η
1140 1914 1224 1938 tione:
1242 1919 1271 1937 vt
1284 1913 1341 1938 Cic.
1353 1913 1435 1940 Tusc.
1450 1922 1474 1946 2,
1488 1922 1518 1949 57
1531 1924 1553 1941 c.
1567 1924 1598 1948 ²4
1619 1917 1653 1941 Vt
1672 1917 1743 1941 enim
1761 1915 1869 1943 balistae
1890 1918 2024 1952 lapidum,
2038 1926 2064 1946 et
2082 1921 2188 1956 reliqua

74 1956 90 1976 E
101 1955 124 1975 m
137 1944 257 1974 1Nv”LV
267 1953 296 1978 S,
314 1954 343 1976 a,
363 1954 418 1972 um.
456 1944 516 1971 Adi.
530 1945 632 1971 Dimin.
670 1944 729 1979 [ἐπὶ
740 1945 824 1981 μικρόν
838 1945 948 1981 ἒξὲχων]
987 1947 1079 1973 Parum
1141 1952 1273 1973 tormenta
1293 1948 1407 1974 telorum
1430 1958 1463 1975 eo
1480 1950 1616 1983 grauiores
1630 1960 1661 1976 eu
1675 1950 1774 1976 illiones
1790 1951 1902 1985 habent,
1921 1963 1974 1988 quo
1989 1956 2046 1981 sunt
2066 1963 2188 1985 contenta

35 1987 148 2012 eminens.
184 1983 270 2008 Varro
282 1981 313 2007 de
328 1981 358 2007 R.
374 1982 404 2008 R.
420 1989 446 2013 2,
463 1988 477 2014 5
508 1981 542 2007 Vt
555 1980 650 2007 habeat
663 1980 822 2008 inferiorem
839 1988 940 2016 partem
954 1981 1078 2016 frequen·
1141 1988 1220 2017 atque
1236 1982 1348 2009 adducta
1368 1984 1559 2011 vehementius.
1614 1986 1686 2011 Idem
1700 1986 1731 2012 de
1745 1987 1836 2013 Diuin.
1852 1997 1873 2020 2,
1887 1992 1920 2014 62
1933 1998 1954 2016 c.
1968 1998 2002 2020 29
2034 1991 2137 2018 Emiffio
2150 1993 2187 2018 fe—

36 2020 106 2047 tibus
123 2018 181 2054 pilis
196 2017 370 2051 subet-ispani,
385 2016 528 2051 compaGtis
546 2016 683 2042 cruribus:
706 2017 794 2051 potius
808 2016 983 2044 breuioribus
997 2026 1076 2052 quam
1092 2026 1124 2051 50
1140 2019 1227 2044 minae
1247 2019 1338 2052 anguis
1358 2026 1473 2046 mortem
1491 2019 1616 2047 afferebat
1629 2021 1763 2053 Graccho,
1784 2025 1802 2048 i.
1823 2022 1937 2058 dc'mi'ffio.
1976 2025 2085 2053 Vitruu.
2102 2035 2140 2060 10,
2155 2037 2186 2055 22

36 2055 121 2090 longis
130 2074 138 2087 ,
148 2053 225 2081 reffis
239 2053 349 2087 genibus
361 2058 386 2078 et
399 2052 523 2078 eminulis
532 2072 540 2084 ,
555 2051 709 2078 distantibus
724 2052 794 2079 inter
807 2053 840 2079 se.
885 2052 951 2079 Ibid.
965 2053 993 2079 de
1003 2054 1076 2080 Cani·
1139 2053 1253 2088 Sagittae
1267 2054 1375 2080 emissio.

37 2091 80 2118 &us
93 2092 114 2117 ·ς,
129 2099 144 2123 9
163 2089 239 2124 Spina
254 2097 341 2123 neque
355 2088 487 2120 eminula‚
500 2096 586 2122 neque
599 2096 687 2113 curua.
1174 2096 1190 2116 E
1201 2096 1225 2115 M
1236 2097 1244 2115 1
1254 2097 1266 2115 s
1276 2097 1288 2116 s
1298 2097 1319 2116 A
1328 2097 1346 2116 R
1356 2097 1365 2115 1
1376 2096 1394 2114 v
1404 2097 1416 2116 s
1425 2110 1432 2122 ,
1454 2090 1472 2116 i.
1493 2100 1528 2117 m.
1565 2092 1619 2128 Qi
1626 2097 1735 2126 paratus
1746 2090 1779 2125 est
1793 2095 1874 2120 emitti
1885 2101 1908 2120 et
1920 2095 2004 2122 inuehi
2023 2099 2050 2123 in
2065 2098 2169 2126 aliquem
2178 2108 2185 2125 ,-

73 2130 286 2153 EMINISCOR.
306 2125 419 2159 Antique
433 2130 480 2159 Pro
494 2123 657 2159 Comminisci.
675 2123 754 2149 Gloss.
768 2122 859 2150 Ifidor.
901 2124 1006 2150 Verbum
1017 2124 1078 2160 for·
1139 2124 1310 2151 Calumniator
1332 2132 1356 2150 et
1373 2125 1485 2158 delator,
1496 2125 1628 2162 Jiibm1ffits
1648 2134 1671 2153 et
1683 2128 1835 2163 julwrnatm
1846 2129 1875 2155 ab
1887 2133 2006 2158 inlruicis.
2043 2129 2186 2161 Civfifam.

40 2167 63 2189 ee
75 2160 238 2194 restituendum
251 2159 353 2193 Nepoti
367 2159 452 2185 Alcib.
467 2167 492 2189 2,
506 2167 515 2185 1
542 2160 578 2185 Vt
592 2158 609 2184 si
625 2159 678 2193 ipse
693 2158 793 2193 fingere
807 2159 903 2192 vellet,
917 2168 1003 2194 neque
1020 2160 1076 2194 plu-
1139 2166 1166 2194 7,
1178 2168 1194 2186 2
1213 2160 1428 2194 Persuaseratque
1446 2162 1583 2188 nonnullis
1598 2161 1698 2189 inuidis
1709 2163 1785 2195 meis,
1801 2165 1825 2190 se
1839 2164 1866 2191 in
1885 2175 1927 2191 me
1947 2167 2107 2194 emissarium
2123 2170 2185 2196 sem-

41 2205 70 2224 ra
88 2197 156 2223 bona
174 2195 302 2225 eminisci,
316 2204 403 2229 neque
421 2195 523 2220 maiora
543 2195 622 2228 posset
642 2194 784 2229 consequi,
803 2203 883 2229 quam
904 2195 947 2221 vel
967 2195 1076 2222 fortuna
1093 2197 1122 2223 55
1138 2203 1185 2229 per
1203 2195 1272 2221 fore.
1343 2196 1474 2222 Excursor
1495 2203 1520 2223 et
1539 2198 1684 2224 emissarius
1709 2199 1764 2225 Cic.
1779 2201 1855 2226 Verr.
1876 2209 1901 2232 2,
1915 2210 1954 2228 22.
2029 2205 2186 2234 Placent-sor

0 2254 3 2262 1
40 2232 82 2259 vel
99 2238 188 2258 natura
204 2230 340 2257 tribuerat.
377 2230 519 2263 Eminisci,
537 2233 555 2256 i.
576 2233 732 2266 excogitare,
744 2230 889 2265 suspicatur
909 2230 1076 2267 Heufingerus
1139 2237 1165 2257 et
1179 2231 1324 2257 emissarius
1347 2231 1422 2258 Idem
1436 2233 1512 2259 Verr.
1528 2242 1550 2265 5,
1566 2241 1622 2268 107.
1695 2234 1844 2261 Emifl‘arios
1864 2237 2013 2264 Domitiani
2031 2248 2101 2265 vocar
2124 2241 2185 2267 Sue-

36 2267 160 2302 legendum
172 2265 221 2301 pro
238 2268 306 2302 vulg.
321 2266 470 2297 reminisci,
496 2265 543 2292 uod
560 2275 613 2292 cum
626 2265 699 2292 verbo
714 2266 812 2300 fingere
825 2275 874 2292 non
886 2266 942 2292 bene
954 2269 1077 2294 conuenit.
1139 2272 1194 2292 ton.
1211 2267 1239 2292 in
1253 2267 1354 2293 Domit.
1369 2276 1391 2293 c.
1406 2276 1428 2293 ιι
1446 2277 1547 2303 quorum
1562 2276 1635 2303 opera
1649 2268 1684 2295 ad
1701 2270 1863 2297 delatationes
1879 2274 2031 2300 abutebatur.
2103 2277 2185 2303 Erns-

34 2301 175 2337 Suspimtur
189 2305 261 2328 etiam
272 2302 392 2328 Varroni
406 2311 453 2328 non
466 2275 545 2337 Juiffe
566 2304 735 2342 incognitum,
748 2303 907 2333 cuiusblocum
920 2301 951 2328 de
965 2302 995 2328 L.
1010 2303 1040 2328 L.
1054 2310 1077 2335 5,
1139 2302 1238 2335 sarius,
1254 2309 1283 2328 vt
1302 2303 1429 2328 Asconius
1449 2303 1533 2336 docet,
1554 2304 1697 2331 Furtorum
1714 2307 1887 2340 conciliator,
1901 2315 1979 2344 atque
1996 2310 2185 2344 internuntius,

36 2340 54 2364 6
65 2347 89 2373 p.
102 2346 137 2370 53,
152 2342 165 2367 8
180 2340 217 2363 ita
238 2337 364 2373 legendum
379 2340 495 2368 coniicit,
524 2336 566 2363 Sic
586 2337 747 2369 Reminisci,
768 2346 827 2364 cum
842 2346 886 2369 ea,
901 2346 970 2371 quae
989 2338 1076 2364 tenuit
1139 2346 1205 2372 quae
1224 2346 1238 2364 a
1252 2337 1448 2372 magistratibus
1466 2339 1671 2366 committuntur
1689 2341 1745 2368 Cic.
1762 2343 1838 2369 Verr.
1859 2351 1882 2376 3,
1900 2353 1940 2377 91.
1978 2347 2008 2372 In
2022 2347 2094 2373 eund.
2114 2357 2136 2379 2,
2152 2357 2184 2375 22

0 2393 2 2400 ,
36 2382 107 2400 mens
126 2381 155 2399 ac
173 2374 318 2405 memoria,
330 2373 495 2407 cogitantur,
509 2378 535 2399 et
555 2372 697 2406 cogitando
710 2379 874 2407 repetuntur.
912 2373 982 2399 Hinc
995 2374 1076 2400 etiam
1090 2371 1125 2396 60
1139 2373 1206 2399 Petit
1222 2373 1345 2400 Naeuius
1360 2374 1471 2408 Turpio
1485 2375 1594 2408 quidam
1613 2376 1686 2402 istius
1707 2378 1831 2404 excursor
1844 2385 1870 2404 et
1887 2381 2045 2414 emissarius,
2061 2382 2142 2409 homo
2157 2393 2184 2409 o-

35 2409 197 2435 eomminisci
220 2408 344 2439 dietum,
356 2417 415 2434 cum
435 2408 570 2442 finguntur
588 2409 618 2434 in
648 2403 690 2444 (f.
704 2411 782 2440 cum)
807 2414 894 2435 mente
907 2427 916 2440 ,
936 2418 1003 2443 quae
1022 2418 1076 2436 non
1139 2409 1243 2435 nmium
1256 2417 1287 2435 ex
1303 2409 1351 2435 illo
1366 2416 1498 2436 conuentu
1514 2410 1750 2446 quadruplatorum
1764 2413 1931 2442 deterrimus.
2002 2418 2130 2444 Ennss‘arii
2149 2426 2184 2444 et-

0 2459 1 2464 =
34 2445 109 2476 sunt,
128 2450 153 2470 et
165 2443 197 2469 ab
216 2443 265 2469 hoc
283 2443 349 2469 illud
363 2443 436 2477 quod
455 2443 554 2469 dieitur
571 2444 715 2470 eminiscor
727 2446 814 2480 (vulg.
828 2444 1002 2476 reminiscor)
1017 2453 1077 2471 cum
1136 2447 1188 2471 iam
1203 2444 1303 2470 Milites
1317 2445 1434 2472 dicuntur
1447 2445 1481 2472 ad
1492 2450 1641 2480 excursiones
1651 2452 1748 2483 parati.
1787 2449 1885 2476 Vellei.
1899 2459 1924 2482 2,
1941 2457 1975 2481 18,
1989 2455 2005 2477 6
2024 2454 2071 2478 Per
2085 2454 2183 2480 emissa-

0 2490 3 2497 ¹
33 2485 212 2506 commentum
227 2479 423 2512 pronuntiatur.
460 2478 582 2504 Habuerit
594 2488 651 2514 ergo
663 2482 833 2515 cognationem
847 2479 892 2506 hoc
909 2479 1010 2506 uerbum
1023 2490 1077 2506 cum
1137 2479 1193 2507 rios
1209 2481 1267 2506 suae
1281 2480 1417 2507 faelionis.
1595 2480 1616 2519 ἦ
1634 2491 1650 2509 2
1687 2484 1827 2519 Obstrnatt.
1847 2486 1998 2512 Emisl'arius
2012 2491 2054 2521 qui
2066 2488 2099 2513 ad
2118 2497 2182 2515 sene-

35 2515 166 2541 ementior
178 2520 224 2538 etc.
245 2513 324 2538 Gloss.
342 2512 400 2539 Isid.
420 2513 559 2540 Ementum
577 2514 753 2549 Excogitatio.
788 2514 959 2542 Eminifcitur
977 2515 1005 2541 in
1022 2525 1076 2542 me·
1137 2514 1242 2542 randum
1255 2516 1361 2552 Jbtlolcm
1375 2519 1515 2548 emittitur,
1534 2517 1653 2544 laudatur
1670 2528 1699 2544 cx
1711 2522 1822 2552 antiquis
1834 2519 1989 2546 editionibus.
2025 2523 2106 2549 Plaut.
2122 2524 2180 2551 Mil.

34 2550 150 2583 mogiam
168 2548 283 2574 reducit:
301 2551 378 2583 prius
394 2547 474 2575 ret-‘ies
487 2547 613 2584 posterius
630 2551 716 2577 melius
736 2553 913 2586 interpreteris
935 2551 1075 2586 excogitat.
1090 2546 1121 2579 65
1139 2560 1166 2584 4,
1181 2560 1203 2583 3,
1219 2559 1247 2583 19
1276 2551 1328 2577 Abi
1349 2551 1379 2577 sis
1398 2551 1473 2578 hinc:
1494 2560 1553 2577 nam
1573 2558 1601 2578 tu
1616 2553 1828 2587 quidem-aeque
1847 2555 1920 2581 fuisti
1934 2557 2011 2582 scitus
2026 2559 2181 2593 ennss‘arius,

2 2592 3 2612 l
34 2585 109 2620 Corzf·
127 2590 144 2610 E
153 2590 177 2610 M
186 2590 202 2610 E
212 2590 234 2609 N
243 2590 264 2610 T
273 2590 337 2610 VM.
1137 2587 1185 2621 qui
1199 2586 1364 2617 consectare,
1378 2586 1424 2620 qui
1437 2595 1520 2612 mares
1529 2605 1536 2617 ‚
1551 2595 1617 2619 quae
1631 2588 1755 2614 feminae.
1824 2589 1870 2615 Sed
1880 2593 1929 2616 iam
1942 2592 1999 2617 inde
2012 2603 2026 2618 α
2041 2594 2181 2621 (lanieras-io

69 2618 244 2650 EMfNOR,
262 2619 311 2646 ari.
337 2619 402 2654 Dep.
436 2618 578 2654 [οἷπειλέω]
608 2620 782 2656 Minari,ftd
800 2619 940 2657 sigvzfficatu
961 2619 1075 2648 adaucto.
1137 2620 1203 2648 refse
1217 2621 1314 2652 editur,
1335 2621 1375 2646 Ad
1396 2629 1474 2654 equas
1496 2620 1570 2659 fuisti
1589 2622 1666 2648 scitus
1682 2623 1861 2659 admissarius,
1886 2626 1941 2659 Qii
1962 2628 2110 2655 consociare
2127 2639 2180 2664 qua

34 2656 116 2682 Plaut.
133 2655 206 2689 Capt.
225 2663 253 2687 4,
274 2663 298 2686 2,
322 2663 346 2681 ιι
386 2655 504 2685 Eminor,
524 2655 748 2689 interminorque,
762 2664 794 2681 ne
808 2657 868 2690 quis
883 2656 1016 2682 obstiterit
1029 2657 1076 2682 ob·
1138 2664 1238 2686 mares,
1253 2663 1305 2688 qua
1319 2655 1439 2680 feminas.
1496 2655 1563 2681 Plzn.
1581 2664 1619 2691 17,
1633 2666 1662 2690 23
1704 2660 1739 2684 ΡΧ
1753 2659 1794 2684 his
1814 2661 1893 2686 emisli
1914 2661 2034 2694 palmites
2054 2666 2180 2698 proximo

32 2691 115 2718 viam.
159 2691 244 2715 l'titur
258 2697 279 2715 ec
293 2689 366 2715 Flor.
384 2698 410 2721 2,
423 2698 457 2721 12,
473 2696 497 2722 7.
518 2690 560 2714 vbi
573 2690 625 2715 vid.
642 2691 755 2716 Freinsb.
1136 2699 1206 2716 anuo
1219 2690 1280 2716 imis
1292 2690 1445 2724 ingerantur
1460 2691 1583 2723 scamnis,
1593 2700 1621 2718 ac
1637 2702 1683 2727 per
1697 2694 1808 2727 singulos
1822 2703 1903 2721 annos
1917 2697 1947 2722 ad
1963 2699 2095 2732 superiora
2111 2702 2180 2727 scan-

69 2733 85 2752 E
98 2733 118 2751 M
131 2731 246 2752 1NAT1
260 2730 279 2750 0
290 2743 297 2755 ,
315 2724 383 2750 onis.
404 2724 424 2750 f.
460 2723 624 2758 [ἀπείλησις]
660 2724 742 2750 Plaut.
763 2724 839 2758 Capt.
858 2732 887 2757 4,
907 2732 933 2756 2,
948 2732 976 2756 19
999 2725 1075 2758 Qiae
1084 2729 1120 2757 7ο
1137 2724 1215 2757 dant,
1233 2725 1330 2751 relicto
1345 2726 1446 2760 semper
1461 2727 1616 2753 duramento
1630 2729 1657 2755 in
1672 2728 1779 2763 singulis
1793 2729 1927 2764 tabulatis,
1942 2739 1967 2759 et
1981 2735 2111 2763 emislario
2125 2746 2179 2763 vno

31 2761 108 2789 illaec
121 2760 249 2786 eminatio
263 2759 317 2785 est?
1136 2761 1183 2795 qui
1200 2761 1288 2787 subeat
1297 2761 1376 2795 vsque
1385 2770 1439 2796 quo
1456 2761 1592 2795 placuerit.
1631 2765 1731 2790 Nouello
1741 2766 1855 2800 palmite,
1864 2770 1904 2793 cui
1915 2772 2082 2804 inputatione
2092 2776 2179 2808 parci.

68 2795 171 2823 EMfN
183 2802 199 2819 v
212 2803 233 2821 s.
271 2794 338 2820 Adu.
381 2793 533 2830 [πόρῥοθεν]
571 2795 591 2819 Ε
607 2794 692 2829 longia
712 2803 755 2827 uo,
770 2797 853 2830 inquit
876 2794 955 2821 Valla.
973 2797 1015 2821 cui
1033 2801 1074 2830 op-
1134 2803 1194 2828 tur,
1214 2802 1242 2821 vt
1255 2798 1436 2830 interpretatur
1452 2797 1607 2823 Harduinus.

26 2839 132 2869 ponitur
146 2831 284 2857 Cominus.
320 2829 376 2856 Cic.
393 2829 424 2855 de
438 2828 536 2855 Sene&
553 2837 580 2862 19
594 2838 615 2854 c.
630 2831 646 2854 6
707 2838 734 2855 ec
754 2830 826 2856 enim
845 2829 1011 2860 excursione,
1025 2839 1073 2856 nee
1174 2837 1220 2857 ΕΜ
1230 2838 1239 2856 1
1248 2838 1260 2857 s
1269 2837 1282 2857 s
1291 2838 1312 2857 Α
1322 2838 1340 2857 R
1350 2838 1386 2858 ιν
1395 2838 1420 2858 M
1430 2852 1438 2864 ,
1458 2831 1477 2857 i.
1498 2841 1523 2858 n.
1544 2832 1706 2869 [ἐξαγώνιον]
1726 2836 1813 2869 Locur,
1822 2843 1869 2872 per
1882 2847 1951 2873 quem
1964 2849 2028 2875 aqua
2041 2850 2052 2867 e
2066 2842 2121 2868 lacu
2133 2850 2178 2869 aut

32 2868 113 2899 saltu,
125 2875 173 2894 nec
190 2867 292 2891 eminus
314 2865 408 2897 hastis,
422 2870 466 2891 aut
486 2864 604 2890 cominus
623 2863 718 2898 gladiis
736 2870 861 2891 vteretur.
905 2866 978 2891 Caes.
994 2866 1022 2891 B.
1041 2866 1072 2891 C.
1126 2864 1171 2898 sta
1190 2875 1220 2892 no
1233 2868 1365 2892 emittitur.
1401 2866 1507 2894 Sueton.
1523 2868 1550 2893 in
1565 2869 1657 2896 Claud.
1673 2872 1746 2897 Caes.
1760 2881 1781 2897 c.
1795 2882 1826 2898 20
1848 2874 1914 2900 Item
1929 2876 2088 2903 emiffarium
2102 2879 2177 2905 Fuci-

32 2912 54 2936 1,
69 2904 100 2929 26
120 2902 162 2928 Sic
184 2901 305 2936 quotidie
325 2901 451 2935 vti-inque
469 2900 572 2926 eminus
585 2899 691 2932 fundis,
706 2900 822 2935 sagittis,
835 2900 999 2935 reliquisque
1012 2900 1072 2927 telis
1089 2904 1121 2932 75
1134 2902 1162 2927 ni
1186 2911 1260 2933 acus,
1274 2908 1432 2936 portumque
1448 2903 1622 2930 Hostiensem.
1676 2907 1731 2933 Cic.
1747 2908 1817 2934 Fam.
1832 2911 1869 2941 16,
1886 2915 1909 2939 18
1946 2912 2043 2938 Helico
2056 2914 2176 2947 nequissi-

31 2937 202 2975 pugnabatur.
239 2936 306 2962 Add.
324 2935 361 2961 ib.
374 2943 402 2970 7,
416 2944 460 2968 24.
1134 2947 1192 2963 mus
1207 2944 1253 2964 Hs.
1276 2945 1309 2963 Μ.
1332 2937 1408 2964 dabat
1422 2939 1497 2965 nullo
1510 2939 1601 2973 aprico
1616 2940 1711 2974 horto,
1724 2944 1798 2969 nullo
1810 2945 1952 2978 emissario,
1966 2948 2036 2973 nulla
2051 2950 2175 2982 maceria,

69 2981 118 3001 EM
128 2975 141 3000 ῑ
148 2979 165 2999 ’κ
177 2980 195 2999 0
205 2979 223 2998 R
233 2992 241 3004 ,
259 2971 306 2997 Tiri.
334 2971 399 3005 Dep.
436 2970 634 3005 [ἔπιθαυμιίζω]
674 2970 751 2997 Valde
773 2973 871 2996 mirari.
897 2971 965 2998 Hor.
981 2971 1070 2999 Carm.
1132 2973 1204 2999 nulla
1219 2971 1283 2999 casa.
1319 2974 1460 3008 Memphor.
1474 2975 1503 3000 de
1515 2976 1656 3010 aperiendis
1663 2978 1811 3013 suppuratis
1825 2980 1989 3008 Emislarium
2007 2984 2175 3012 collectionis

36 3017 58 3043 1,
68 3011 113 3042 5,6
139 3009 234 3043 Aspera
253 3007 347 3041 Nigris
362 3014 477 3041 aequora
491 3006 576 3032 ventis
603 3005 766 3033 Emirabitur
778 3006 899 3032 insolens.
1131 3009 1218 3035 facere
1231 3008 1349 3035 Scribon.
1365 3012 1422 3035 206.
1480 3011 1606 3038 Vomicae
1619 3014 1779 3040 emissarium
1793 3015 1851 3041 ficri
1870 3025 1931 3050 229.

69 3050 275 3075 EMIKSCENS,
298 3043 374 3069 entis.
412 3042 479 3068 Vina
493 3041 600 3068 hauriet
618 3042 741 3068 emiscens
755 3042 848 3068 Manil.
870 3050 892 3074 5,
908 3050 964 3076 245.
984 3045 1003 3069 i.
1023 3052 1069 3069 me·
1170 3051 1187 3071 Ε
1200 3051 1223 3070 Μ
1235 3052 1241 3070 1
1252 3044 1332 3071 ssz
1343 3043 1436 3077 iLIS‚
1456 3055 1479 3073 e.
1506 3046 1567 3072 Adi.
1609 3049 1683 3083 Qcod
1702 3053 1784 3076 emitti
1797 3050 1887 3086 potest.
1925 3054 1984 3079 Vet.
2003 3053 2099 3088 Intcrp.
2119 3056 2173 3082 Ire.

37 3082 118 3106 ratius
135 3081 250 3115 mist-ens,
262 3079 314 3114 fic.
331 3079 422 3114 Scall'g.
443 3086 454 3103 e
468 3076 617 3103 comestura.
653 3078 714 3104 Alia
730 3076 872 3104 comestura
890 3078 972 3105 Bentl.
997 3079 1070 3106 Hau·
1083 3078 1115 3104 80
1129 3080 1188 3106 naei
1208 3089 1228 3112 2,
1243 3088 1276 3112 15.

37 3113 88 3141 riet
100 3123 114 3140 e
126 3121 230 3141 cratere.
254 3115 327 3146 Vale.
342 3113 455 3139 Hauriet
468 3122 482 3139 e
495 3113 611 3139 miseris:
632 3112 695 3139 vnde
711 3113 819 3140 Turneb.
833 3122 847 3139 e
860 3113 972 3145 mystris.
1167 3121 1356 3145 EMissmws,
1370 3124 1394 3148 a,
1408 3124 1462 3142 um.
1484 3116 1545 3143 Adi.
1564 3116 1722 3153 [ἒκέῗόλιμος]
1739 3120 1812 3156 Qiod
1823 3124 1954 3149 emittitur.
1975 3123 2031 3149 Cic.
2046 3123 2077 3149 de
2092 3124 2170 3159 chg.

74 3151 248 3182 EMISENI,
263 3144 357 3184 Populi
375 3150 405 3175 in
422 3149 540 3175 Emisena
558 3148 666 3183 regione
684 3149 783 3181 Syriae.
821 3149 901 3175 Paull.
923 3149 955 3175 de
975 3149 1068 3176 censib.
1130 3160 1152 3183 3,
1165 3160 1199 3177 20
1220 3151 1250 3177 C.
1265 3159 1328 3177 vero
1343 3151 1475 3178 Gracchus
1494 3153 1579 3179 ruinis
1594 3161 1619 3180 et
1640 3155 1784 3188 emissiciis,
1805 3166 1867 3191 quas
1885 3158 1940 3192 ipse
1956 3159 1979 3184 se
1993 3153 2171 3192 proiecisse-*in

36 3185 177 3218 Imperator
193 3185 280 3211 noster
293 3185 424 3211 Antonius
437 3183 574 3211 ciuitatem
586 3185 770 3211 Emisenorum
784 3185 919 3212 coloniam
938 3185 1007 3212 iuris
1019 3187 1069 3212 Ita·
1130 3187 1221 3213 forum
1235 3186 1313 3219 dixit,
1326 3194 1371 3213 etc.
1385 3187 1433 3223 sed
1443 3195 1491 3222 pro
1505 3189 1635 3216 emifficiis
1652 3190 1717 3217 reste
1729 3201 1756 3217 ex
1771 3193 1844 3219 MSS.
1859 3193 1891 3219 iis
1906 3193 1961 3220 sicis
1976 3199 2114 3226 refutatum
2126 3194 2169 3228 est.

37 3218 82 3245 lici
95 3220 165 3245 fecit.
184 3221 220 3246 Ex
236 3219 350 3247 Nebriffi
1134 3223 1192 3248 Vid.
1210 3222 1317 3249 Turneb.
1332 3229 1355 3248 et
1369 3224 1474 3249 Gronau.
1486 3224 1521 3250 ad
1531 3226 1577 3251 loc.
1648 3226 1772 3253 Emifficii
1791 3228 1878 3259 oculi,
1898 3230 1949 3264 Qii
1962 3230 2007 3255 huc
2019 3237 2042 3255 et
2054 3230 2111 3256 illuc
2125 3231 2167 3257 ad-

73 3260 91 3280 E
99 3260 122 3279 M
131 3262 160 3281 18
169 3262 181 3281 S
191 3262 255 3282 AR1
265 3263 284 3281 V
293 3263 305 3282 S
314 3276 323 3288 ,
357 3262 374 3282 E
383 3263 408 3282 M
418 3263 428 3281 1
438 3263 450 3282 S
460 3262 520 3282 SIT
531 3263 540 3282 1
551 3262 568 3282 C
581 3262 619 3282 IV
628 3263 650 3282 S.
698 3255 758 3282 Vid.
792 3262 809 3282 E
819 3262 843 3281 Μ
852 3263 861 3282 Ι
870 3259 890 3281 Τ
900 3261 921 3280 T
933 3260 964 3281 0.
1083 3255 1112 3283 85
1122 3255 1240 3299 spfrffant
1248 3278 1256 3289 ,
1269 3265 1291 3284 et
1305 3259 1382 3284 veluti
1395 3259 1448 3294 sese
1459 3261 1621 3287 eiaculantur.
1675 3262 1755 3289 Plaut.
1771 3264 1831 3289 Aul.
1847 3272 1867 3296 1,
1883 3273 1901 3295 1,
1915 3274 1927 3290 2
1963 3265 2169 3299 Circumspectis-

72 3295 241 3321 EM1TTO,
263 3290 308 3323 isi,
335 3291 425 3324 issum,
452 3293 506 3318 ere.
541 3292 699 3326 [surripui-w,
725 3291 880 3323 ἒξαποςέλλω
894 3311 901 3323 ,
925 3289 1067 3325 ἐξελαύνω]
1127 3299 1180 3320 tr1x
1197 3303 1256 3320 cum
1277 3293 1361 3320 oculis
1380 3294 1517 3321 emisliciis.
1562 3296 1634 3333 Cous.
1655 3298 1754 3326 Gruter.
1770 3299 1891 3336 Itfirzpt.
1913 3305 2125 3333 DCCCCXXVII,
2141 3304 2167 3330 6.

37 3325 117 3351 Extra
129 3327 236 3357 mittere,
248 3326 310 3361 quod
325 3326 447 3353 interdum
460 3330 562 3362 imperio
572 3326 617 3362 fit,
636 3326 759 3353 interdum
772 3336 856 3358 manu,
869 3326 901 3359 est
915 3329 998 3358 etiam,
1013 3336 1066 3353 cum
1128 3332 1159 3356 it.
1177 3329 1295 3356 Tertull.
1310 3329 1341 3355 de
1354 3329 1415 3356 Pall.
1433 3339 1455 3356 c.
1470 3339 1492 3363 3.

28 3360 86 3396 fila
102 3359 264 3394 permissione,
276 3367 298 3386 et
318 3371 366 3388 non
384 3362 544 3397 impediendo.
581 3363 688 3389 Emittat
706 3362 738 3388 ad
752 3371 792 3389 me
805 3361 980 3397 Publius,qui
1000 3362 1067 3393 obsi·
1164 3372 1246 3392 ΕΜΜ
1256 3363 1277 3391 A*
1287 3373 1308 3391 N
1319 3371 1373 3398 Es,
1395 3366 1425 3391 is.
1446 3366 1465 3392 f.
1487 3365 1571 3393 Herba
1585 3367 1761 3404 Hyofiyamus.
1780 3369 1859 3404 Apul.
1877 3369 1909 3395 de
1923 3368 2005 3396 Herb.
2021 3379 2042 3396 c.
2056 3379 2083 3404 4.

38 3401 135 3429 gnent:
163 3393 270 3426 iurabog,
283 3402 324 3422 etc.
344 3397 399 3424 Cic.
416 3399 470 3425 Att.
490 3407 515 3430 2,
535 3407 575 3432 24.
647 3399 775 3425 Emittere
793 3397 825 3424 de
845 3397 967 3424 manibus
991 3397 1065 3425 idem
1162 3407 1353 3431 EMMOTA,
1372 3401 1554 3428 Medicamenta
1579 3403 1695 3438 quaedam
1708 3405 1783 3440 sunt,
1818 3406 1823 3431 ζ
1844 3404 1985 3439 emplastra,
2005 3415 2064 3441 quae
2083 3411 2166 3440 μστοῖς

35 3439 86 3465 pro
100 3428 171 3456 Cael.
186 3431 228 3455 66.
246 3436 267 3455 et
279 3431 352 3459 Verr.
365 3440 388 3465 5,
401 3441 439 3465 23.
473 3434 532 3460 Liu.
554 3443 591 3464 21,
628 3453 635 3461 .
673 3453 680 3460 .
750 3433 843 3460 Emitti
861 3442 875 3459 e
889 3442 992 3460 carcere
1008 3434 1064 3462 Cic.
1076 3438 1111 3463 90
1125 3436 1310 3463 linteaminibus
1326 3444 1445 3472 tanquam
1461 3439 1542 3464 alutae
1560 3439 1720 3466 inducuntur.
1756 3443 1790 3467 Re
1813 3443 1873 3466 ituit
1885 3440 2036 3467 Theodoro
2054 3443 2131 3470 Prisc.
2146 3453 2166 3475 1,

34 3475 85 3501 pro
100 3466 183 3492 Plane.
197 3473 228 3496 3ο
243 3473 264 3490 c.
279 3473 313 3504 13..
382 3469 473 3495 Emitti
489 3478 504 3495 e
524 3469 657 3501 custodia,
670 3475 696 3495 et
708 3469 795 3496 leuari
810 3469 923 3495 vinculis
935 3469 1063 3497 Id.Tusc.
1125 3477 1164 3502 28.
1185 3473 1278 3508 Retrzejz
1305 3473 1335 3498 V.
1353 3473 1381 3498 L.
1402 3481 1425 3504 3,
1440 3481 1462 3499 ιι
1485 3482 1509 3508 p.
1523 3481 1573 3508 515.
1605 3476 1681 3502 Alias
1695 3477 1796 3503 Graecis
1816 3478 1922 3508 ἔμμοτον
1940 3477 2009 3503 vlcus
2026 3487 2127 3512 cauum,
2140 3486 2164 3506 et

38 3509 60 3534 1,
73 3509 104 3536 75
118 3510 140 3526 c.
153 3508 198 3532 49·
208 3534 214 3539 ·
242 3534 246 3539 ¹
267 3498 326 3538 Liu-
340 3506 379 3534 28,
389 3512 424 3536 42
446 3505 464 3530 E
478 3505 599 3531 manibus
611 3505 664 3530 tuis
677 3505 705 3531 in
718 3505 822 3531 Italiam
835 3504 950 3532 emisisti.
1025 3507 1063 3532 Ex
1124 3509 1246 3542 ἓξιιμοτοι,
1263 3511 1307 3544 qui
1320 3517 1346 3534 eo
1358 3507 1464 3536 laborat.

35 3536 148 3563 vinculis
163 3540 249 3561 cmittl
268 3534 322 3560 C1c.
334 3535 412 3564 Tusc.
424 3547 444 3570 1,
456 3546 496 3574 75.
568 3541 699 3567 Emittunt
712 3540 792 3566 noctu
807 3549 854 3575 per
868 3541 968 3567 vallum
989 3542 1062 3568 Caes.

37 3571 66 3598 B.
79 3572 109 3612 C.
125 3580 144 3602 1,
156 3572 200 3605 76.
256 3569 378 3609 Einittere
391 3572 418 3598 in
429 3573 527 3602 hostem
540 3576 642 3612 equites
655 3576 714 3602 Liu.
728 3584 771 3609 24,
808 3596 815 3603 .
854 3596 860 3603 .
920 3577 1062 3603 Afflonem
1500 3571 1528 3604 E
1623 3572 1663 3604 M
1758 3571 1787 3602 O

33 3606 157 3642 eqmdem
171 3605 251 3632 solam
267 3614 294 3644 in
308 3604 358 3630 hoc
367 3611 463 3642 tempus
474 3611 610 3638 emiseram
623 3611 753 3645 Qiineffl.
767 3619 792 3646 7,
804 3620 826 3644 3.
845 3612 870 3638 h.
883 3621 902 3638 ε.
924 3612 1063 3643 Edideram,
1075 3614 1107 3640 95

36 3643 80 3668 vul
97 3652 172 3668 aram.
244 3641 299 3667 Cic.
312 3648 360 3674 pro
373 3641 442 3668 Cael.
455 3653 484 3678 29
503 3646 551 3673 Sed
566 3647 665 3673 vestrae
678 3647 818 3681 sapientiae
830 3647 932 3674 Iudices
945 3648 994 3678 est,
1008 3657 1062 3674 non
1162 3656 1179 3676 Ε
1189 3656 1241 3677 Mo
1251 3670 1259 3683 ,
1279 3651 1333 3683 mi,
1351 3657 1407 3678 tum
1416 3672 1425 3685 ,
1445 3653 1499 3679 ere.
1536 3651 1671 3685 [ὦνέομκυ
1695 3650 1819 3686 a'yoqu'g'u,
1836 3653 1961 3692 πμῖαμαι]
1997 3656 2105 3682 Pecunia
2123 3657 2164 3683 vel

37 3676 70 3704 ab
89 3678 130 3703 uei
148 3686 162 3703 a
178 3685 239 3703 reo:
264 3684 310 3701 nee
326 3684 392 3709 quos
410 3679 509 3717 aculeos
528 3681 621 3709 habeat
639 3684 763 3709 seueritas
783 3685 950 3718 grauitasque
968 3683 1062 3716 vestra,
1122 3689 1223 3721 gratia,
1236 3693 1280 3712 aut
1295 3691 1421 3722 praemio,
1435 3690 1475 3714 vel
1486 3688 1534 3714 alio
1547 3690 1631 3721 quouis
1644 3686 1712 3712 modo
1725 3687 1823 3723 aliquid
1833 3689 1885 3722 Jibi
1892 3695 1993 3723 parare.
2029 3694 2068 3719 De
2080 3693 2162 3718 ortho-

38 3721 117 3747 quum
131 3719 174 3739 eos
193 3713 325 3751 accusator
344 3719 455 3751 erexerit
468 3713 495 3740 in
511 3725 582 3750 rem,
595 3719 623 3745 in
636 3718 718 3750 vitia,
733 3719 760 3744 in
774 3728 877 3751 mores,
891 3719 919 3745 in
935 3724 1063 3753 tempora,
1123 3721 1231 3756 graphia
1244 3722 1335 3757 Supini
1348 3730 1371 3749 et
1387 3723 1444 3750 inde
1458 3722 1586 3749 ductorum
1593 3729 1641 3756 prr
1655 3729 1676 3748 T
1691 3729 1734 3748 aut
1752 3730 1811 3756 PT,
1828 3723 1881 3750 vid.
1898 3727 2006 3762 Dausqu.
2043 3728 2097 3754 Cic.
2113 3736 2162 3761 pro

38 3748 156 3774 emittere
169 3748 196 3774 in
210 3747 346 3789 ὴοιημῑεῑη
361 3753 387 3773 et
401 3756 429 3772 111
439 3756 521 3776 reum.
590 3754 711 3780 Animam
731 3755 852 3781 emittere
860 3761 909 3789 pro
923 3756 1008 3786 Mori,
1022 3756 1064 3781 lta
1124 3757 1230 3783 Caecin.
1253 3777 1259 3783 .
1279 3777 1286 3783 .
1309 3778 1314 3783 .
1350 3759 1430 3785 Sumn
1445 3760 1502 3789 effe,
1515 3758 1592 3790 seque
1606 3756 1654 3783 libi
1668 3759 1763 3787 emisse.
1832 3760 1926 3786 Emere
1939 3762 2045 3797 (inquit
2060 3763 2161 3794 Festus)

18 3818 19 3821 Ἴ
40 3782 111 3823 Codes.
134 3785 190 3810 Non
202 3784 353 3823 anndurum
367 3782 430 3822 quoti
442 3783 561 3812 obtinebat
571 3790 660 3825 vulgo,
674 3790 742 3824 Nep.
759 3798 793 3823 ις,
808 3799 832 3823 9.
859 3790 915 3816 Vid.
935 3790 1061 3816 Emittere
1069 3796 1116 3815 100
1123 3793 1195 3827 quod
1210 3802 1278 3819 nunc
1292 3794 1328 3819 est
1339 3795 1468 3825 Mercari,
1488 3792 1591 3825 antiqui
1604 3793 1768 3827 accipiebant
1780 3803 1829 3829 pro
1842 3796 1950 3822 Sumere
1963 3797 2016 3823 siue
2026 3799 2161 3832 Accipere,

41 3816 170 3851 Spiritum.
242 3819 298 3859 Cic.
311 3817 344 3858 de
358 3819 449 3859 Duum
461 3827 487 3850 2,
500 3828 536 3852 44
569 3822 595 3849 Si
612 3832 698 3851 autem
718 3825 830 3852 nubium
844 3825 970 3852 confli6'tu
983 3826 1063 3852 ardor
1123 3837 1201 3863 quam
1218 3829 1435 3863 significationem
1454 3828 1568 3854 retinent
1587 3836 1619 3854 ex
1633 3829 1791 3864 Compositis
1804 3831 1939 3858 nonnulla.
1975 3833 2089 3866 Adime,
2104 3834 2161 3859 Exi-

4 3870 5 3875 .
43 3854 162 3886 expressus
175 3855 199 3880 se
213 3855 345 3894 emiserit,
360 3853 387 3880 ld
407 3855 455 3879 esse
477 3854 584 3895 fulmen,
648 3859 721 3887 Idem
736 3862 807 3887 Fam.
820 3869 845 3896 7,
860 3869 884 3893 33
904 3862 938 3887 Vt
951 3862 1030 3888 etiam
1045 3862 1063 3888 si
1123 3868 1237 3897 mo,‘etc.
1273 3865 1347 3900 Coris.
1368 3863 1491 3890 Drakenb.
1507 3862 1540 3889 ad
1551 3863 1596 3890 Sil.
1610 3872 1632 3897 5,
1647 3867 1703 3891 601.
1723 3873 1746 3892 et
1765 3874 1791 3900 7,
1813 3869 1868 3899 619.
1941 3867 1997 3894 Cic.
2019 3870 2071 3902 Qt.
2091 3869 2160 3895 Frat.

44 3889 144 3927 quando
155 3890 255 3930 aliquid
270 3889 379 3924 dignum
397 3889 487 3929 nostro
499 3898 605 3917 nomme
620 3895 763 3927 emisimus,
780 3900 799 3923 i.
821 3897 949 3923 edidimus.
1005 3898 1064 3924 Ful.
1125 3908 1152 3932 2,
1189 3919 1196 3925 .
1233 3919 1240 3925 .
1277 3900 1381 3925 Emerat
1402 3898 1433 3925 de
1448 3899 1579 3925 Cosconio
1595 3907 1620 3926 et
1634 3901 1782 3936 Pomponio
1802 3901 1949 3929 bestiarios.
2020 3905 2092 3929 Idem
2107 3905 2160 3929 Att.

42 3930 112 3949 mina
128 3925 252 3967 et.¹f¹c¹¹¹‘⁷¹
271 3925 310 3951 Id.
324 3924 460 3965 de.D¹¹'l¹¹¹'
474 3933 500 3957 2,
507 3934 556 3965 *44-
626 3928 700 3965 Virg.
715 3932 777 3958 Aen.
794 3941 820 3965 9,
834 3941 864 3965 52
904 3933 998 3967 Ecquis
1016 3934 1067 3960 erit
1127 3944 1163 3967 13,
1178 3943 1202 3966 3¹
1229 3935 1254 3960 Is
1274 3941 1312 3961 cc
1333 3935 1422 3968 iugera
1436 3933 1467 3959 de
1481 3935 1518 3960 M.
1533 3935 1601 3961 Pilio
1616 3937 1690 3963 emiti
1702 3941 1712 3945 ²
1725 3937 1793 3964 Add.
1808 3937 1846 3963 Id.
1860 3938 1912 3964 Att.
1925 3947 1963 3968 ιο,
1975 3946 1997 3970 ς.
2068 3939 2161 3965 Emere

4 3962 5 3986 ]
37 3965 138 3986 mecum
150 3969 166 3986 ο
179 3969 364 4024 ιιιιιεηεεῂῳιι
383 3969 483 3996 primus
504 3970 533 3987 m
549 3960 666 3990 hostem}
700 3966 754 4000 En,
767 3968 818 3995 ait:
838 3974 864 3995 et
884 3967 999 3995 iaculum
1021 3969 1062 3996 in·
1074 3977 1116 4003 105
1126 3970 1197 3997 malo
1218 3978 1297 4005 quam
1315 3978 1408 4031 τέγξει-ε
1435 3969 1491 3996 Cic.
1507 3971 1613 4005 Verr.4
1633 3981 1656 3998 c.
1669 3974 1693 3999 6.
1729 3972 1803 4008 Conf.
1821 3973 1899 4007 Apul.
1919 3972 1991 4000 Flor.
2012 3981 2033 4004 3.
2060 4009 2081 4034 Δ
2105 3974 2161 4000 Cic.

167 4003 189 4024 V
198 4003 217 4024 Ο
225 4003 252 4023 1..
315 4016 322 4025 .
726 4016 728 4021 κ
1362 4014 1378 4037 y
2084 4014 2112 4035 tt.
2123 4018 2142 4043 1,
2150 4014 2164 4040 8
