2479 4225
41 239 100 279 341

0 2120 1 2134 ³
36 2115 68 2167 h

22 2226 30 2230 “
45 2229 110 2254 rem,
123 2221 161 2247 vel
176 2220 270 2256 causam
282 2222 331 2250 rei,
344 2228 400 2246 vere
417 2225 460 2245 aut
468 2218 555 2254 falfi),
571 2218 653 2245 laudis
672 2225 715 2245 aut
727 2221 848 2254 vituperii
864 2218 936 2254 causa
949 2218 1074 2258 indicans.
1082 2231 1111 2258 55

29 390 33 395 “
78 386 281 411 ΕιιΧᾸΤΙΜ.

28 842 164 869 *miscetur
184 844 268 869 caseus
289 842 400 871 Herbae.
419 840 466 867 Sed
481 840 515 868 al.
534 840 621 866 elisae.

423 221 691 264 ELI

44 311 174 343 coliculos
194 312 304 340 elixatos
317 311 446 339 mediabis
462 311 536 347 Apic.
549 321 571 345 3,
587 321 612 346 9.
647 312 715 341 Add.
728 311 767 339 Id.
779 316 805 344 2,
818 319 836 338 1.
872 305 981 337 Theod.
995 309 1074 337 Prisc.

43 350 75 377 de
88 350 170 376 Diact.
184 357 205 375 c.
222 357 259 374 10.

319 382 385 410 Adu.
422 383 549 410 Laudatur
564 384 636 418 Apic.
649 390 672 417 ς,
691 386 704 411 8
729 380 851 407 Elixatim
866 381 952 406 sumto
966 380 1073 406 semine.

42 419 89 448 sed
101 419 207 446 Humelb.
227 426 250 445 et
265 415 374 451 Listerus
394 419 498 445 Elixati.
535 419 581 446 Sed
598 429 625 453 4,
641 426 654 449 3
669 426 695 451 p.
715 424 752 447 ¹33
773 416 888 442 Citrium
912 431 957 435 —
979 416 1075 442 tcss'ela-

43 455 92 482 tim
104 454 234 481 concisum
252 460 278 480 et
296 454 416 480 elixatim
436 455 462 480 in
475 455 597 480 cacabum
609 453 711 481 mittes,
730 449 854 483 Listerus,
870 451 980 478 Humelh.
995 452 1075 477 elixa·
1099 456 1113 483 ς

44 496 108 518 tum.
143 491 228 524 Itaque
241 498 314 525 neque
327 489 466 516 azct‘torieas
472 491 567 524 firma,
585 496 657 523 neque
661 486 825 522 significatio.

77 531 235 555 Blevs,
253 534 283 557 a,
302 533 355 551 um.
392 525 451 551 Adi.
488 523 602 558 [ἑφᾶἆι]
635 524 708 557 Aqua
728 519 821 548 coelus.
864 521 946 548 Plaut.
967 521 1072 548 Mostel.

40 566 66 594 ς,
78 568 96 590 1,
110 561 144 585 66
175 560 245 586 Nam
263 560 347 586 elixus
362 561 409 586 ess'e
425 569 502 595 quam
514 554 660 586 affus‘soleo
676 557 791 583 suauior.
837 556 910 583 Idem
924 558 1001 583 Poen.
1014 566 1033 589 1,
1048 565 1074 589 2,

42 596 77 629 67
96 595 181 621 Ass'um
195 595 263 630 apud
281 597 309 621 te
329 605 426 622 eccum.
445 602 499 622 AG.
519 599 544 620 at
556 601 605 627 ego
621 592 721 619 elixum
740 592 813 618 volo.
868 593 941 619 Non.
956 592 1074 619 Marcell.

1527 219 1808 263 ELO
2109 241 2178 281 342

1137 307 1316 337 Christianum
1330 306 1358 336 in
1371 307 1460 344 elogio
1473 311 1636 338 toitciislion*.¹
1649 311 1705 337 eius
1720 310 1852 338 intellecta
1867 310 1978 349 dimisit,
1996 314 2068 346 scisso
2081 317 2178 347 eodem

1139 346 1245 379 elogio,
1267 346 1319 372 fine
1333 347 1480 372 accusatore
1494 356 1588 381 negans
1601 348 1626 373 se
1640 346 1794 373 auditurum
1807 346 1943 376 hominem
1956 360 2000 379 etc.
2027 356 2068 382 Sic
2084 356 2177 383 Mode-

1140 381 1222 407 stinus
1241 382 1269 408 in
1283 382 1299 409 l.
1314 381 1481 407 Desertorem
1494 383 1525 408 1).
1539 383 1571 408 de
1590 391 1618 408 re
1633 382 1712 408 milit.
1731 382 1898 409 Desertorem
1916 387 2034 415 auditum
2052 391 2083 416 ad
2103 392 2178 418 sunm

1140 416 1232 442 ducem
1251 426 1309 443 cum
1330 416 1418 450 elogio
1438 419 1537 450 praeses
1557 418 1652 444 mittet.
1706 417 1747 445 Sic
1760 416 1776 443 l·
1791 421 1807 444 6
1821 419 1851 444 I).
1873 419 1904 445 de
1925 422 2022 449 custod.
2043 431 2068 452 et
2086 427 2167 454 exhib

1139 460 1209 478 reor.
1228 453 1291 479 Non
1305 452 1352 478 effe
1372 452 1465 485 vtique
1485 453 1601 486 epistolis
1614 461 1707 479 eorum
1727 453 1902 487 credendum,
1922 457 1969 489 qui
1989 460 2057 492 quali
2073 448 2178 490 damna:

1138 492 1179 512 tos
1194 487 1225 513 ad
1246 487 1387 522 praesidem
1401 487 1551 514 remiserint
1584 500 1630 508 ⁶-
1665 489 1728 523 quia
1746 498 1799 515 non
1818 498 1908 516 omnes
1928 499 1959 517 ex
1973 493 2023 519 fide
2042 496 2108 522 bona
2123 499 2177 525 elo.

1139 523 1181 556 gia
1201 523 1315 549 scribere
1335 528 1498 556 compertum
1512 523 1556 549 est.
1602 525 1632 550 Εϊ
1646 523 1662 550 l.
1677 533 1697 550 11
1713 524 1773 551 eod.
1792 525 1859 551 Illud
1880 534 1894 551 a
1913 527 2069 561 quibusdam
2090 534 2178 561 obser.

1138 558 1197 584 vari
1210 558 1288 589 solet,
1307 565 1335 584 vt
1349 567 1408 584 cum
1429 558 1556 591 cognouit
1575 564 1600 584 ct
1620 559 1768 591 constituit,
1782 561 1900 587 remittat
1918 562 1995 589 illum
2008 571 2067 591 cum
2085 568 2175 603 elogio

1138 593 1169 619 ad
1184 602 1259 626 eum,
1273 594 1320 628 qui
1339 593 1493 628 prouinciae
1512 593 1624 627 praeest,
1638 595 1705 621 vnde=
1727 596 1747 622 is
1767 595 1849 622 homo
1867 596 1911 623 est.
1967 599 2097 627 Ammian.
2114 612 2151 636 14,
2165 611 2178 636 ς

42 638 63 661 1,
76 638 124 662 309
148 631 251 657 Elixum
269 631 381 657 dicimus
399 640 466 666 aqua
475 629 594 656 socium.
614 642 659 648 -—-
677 629 763 654 Varro
782 642 827 647 -—
846 627 960 654 Proinde
980 633 1009 654 vt
1026 627 1073 653 eli·
1102 636 1131 656 10
1139 628 1256 663 Ideoque
1270 630 1354 655 fertur
1373 629 1507 654 neminem
1527 629 1668 662 aliquando
1681 630 1716 656 ob
1736 630 1797 657 haee
1817 632 1859 658 vel
1881 632 1975 660 similia
1989 644 2088 669 poenae
2103 638 2177 665 addi-

41 673 104 693 xum
119 675 210 700 panem
224 675 255 692 cx
268 667 338 693 farre
353 673 378 693 et
394 675 459 701 aqua
477 663 573 698 frigida
586 662 727 698 fingebant.
783 663 855 689 Idem
872 672 891 695 1,
906 668 938 695 48
969 663 1073 689 Elixum

42 700 173 736 quidquid
186 710 216 727 ex
229 710 297 736 aqua
312 703 430 728 mollitur
443 700 483 727 vel
496 698 667 733 decoquitur:
704 699 800 729 Varro,
813 698 843 724 In
854 700 1008 732 pauimento
1020 705 1074 725 non

42 736 121 764 audes
142 736 228 763 facere
250 738 380 764 laconam:
399 742 424 763 at
443 735 470 761 in
484 734 565 761 humu
581 734 678 761 calceos
699 734 763 760 facis
783 734 873 760 elixos.
891 736 909 761 i.
931 733 1076 769 Madefacis

41 773 140 799 calceos.
176 772 249 806 Apic.
264 780 290 808 7,
304 775 321 799 6
346 774 382 799 ali
398 774 472 798 uoties
482 769 583 796 Elixam
594 769 744 804 simpliciter
761 769 828 795 dixit
844 776 891 804 pro
908 778 982 795 carne
1002 771 1075 795 elixa.

42 806 179 834 Balneator
191 808 273 834 elixus
294 808 387 835 Martia
399 826 405 833 .
419 814 441 838 5,
454 812 479 839 7.

690 841 771 874 Nates
791 839 887 866 elixae:
901 839 952 865 vid.
967 840 1034 866 Pers.
1049 850 1076 873 4,

39 885 81 910 39.
106 880 125 903 i.
151 881 277 905 curatione
304 885 328 905 ee
345 876 493 912 dropacifino
517 875 631 902 mollitae.
702 876 814 902 Sorbum
841 875 972 902 Columel.
995 880 1018 907 8,
1038 884 1075 910 17.

40 913 145 939 Veruex
159 915 248 940 quen.
262 915 311 940 Sat.
325 921 346 945 3,
359 919 420 944 294.
488 911 555 937 Hor.
569 911 650 938 Serm.
664 919 687 944 2,
702 919 728 944 2,
742 910 772 945 73
804 911 838 936 At
858 910 933 937 simul
951 910 1005 937 assis
1024 912 1076 938 Mi-

40 948 137 975 scueris
149 949 233 982 elixa,
252 948 324 975 simul
338 946 474 978 conchylia
487 944 580 973 turdis.

77 991 268 1017 ΕιιχνκΑ,
285 984 324 1010 vel
339 987 599 1013 nixA'rva,
618 989 656 1008 ae.
678 980 698 1007 f.
724 981 759 1009 Vt
777 979 892 1011 Coum.
927 981 1121 1016 Apic.9,1.20

40 1025 67 1046 er
84 1019 181 1047 Macer.
194 1028 216 1054 ι,
228 1027 270 1047 22.

426 1055 576 1087 E‘L
670 1054 696 1086 L

78 1131 328 1157 Erimonvm,
346 1132 400 1151 cum
416 1123 548 1158 det-iunia,
567 1124 918 1152 uid.1—1131.LEBORVM.
1056 1152 1061 1160 Ι

77 1169 233 1195 ΕιιοΡε,
267 1160 321 1187 vid.
357 1166 489 1187 ELors.
1084 1172 1115 1199 23

78 1204 96 1225 E
104 1205 121 1224 L
129 1204 145 1224 1.
154 1204 215 1224 VM.
251 1196 317 1223 Adu.
338 1195 538 1222 demonstrantis
556 1193 625 1228 apud
640 1194 765 1221 Comicos
782 1197 865 1230 inquit
877 1195 994 1222 Donatus
1003 1215 1011 1228 ,
1025 1204 1075 1230 pro

247 1232 328 1258 Plaut.
342 1232 420 1258 Cure.
434 1240 457 1264 2,
472 1240 493 1262 2,
506 1235 534 1260 28
564 1229 705 1256 Parasitum
724 1236 800 1256 tuum
818 1229 898 1257 video
914 1237 1078 1258 currentem:

535 1265 604 1292 Ter.
618 1265 701 1292 Andr.
720 1273 744 1298 ς,
756 1274 782 1298 2,
796 1274 825 1299 14
855 1266 953 1293 Nescio
968 1268 1027 1301 quis
1042 1269 1078 1293 se-

682 1301 750 1329 Aa'd.
766 1301 805 1328 Id.
813 1301 924 1336 Adelph.
938 1310 963 1334 z,
971 1310 1017 1337 3,7
1031 1309 1076 1329 etc.

1084 1349 1116 1373 30

41 1233 105 1260 Ecce
124 1233 210 1260 illum.

43 1269 123 1295 ellum
138 1269 216 1302 vsque
234 1268 263 1293 in
282 1267 365 1301 platea
379 1267 481 1293 vltima.

41 1312 93 1330 nex
105 1303 185 1330 modo
199 1303 284 1329 venit:
303 1302 394 1335 ellum,
408 1300 552 1334 confidens,
565 1307 645 1328 catus.

44 1338 104 1366 Vid.
129 1339 222 1366 Vallum
242 1347 263 1369 a,
283 1345 317 1371 ις.

77 1381 94 1401 Ε
102 1382 118 1401 L
127 1382 143 1401 L
153 1380 194 1401 vc
202 1380 223 1400 u
232 1381 253 1400 N
263 1381 271 1399 1
281 1381 301 1399 v
313 1380 338 1400 M
348 1393 356 1406 ,
377 1373 395 1399 i.
416 1382 441 1400 n.
478 1371 645 1406 [ἐλλύχνιον]
680 1372 785 1398 Dicitur
799 1372 932 1399 Funiculus
944 1372 984 1398 ille
996 1378 1078 1408 papy-

0 1406 1 1428 3
38 1408 136 1442 racem,
143 1409 196 1443 Jiue
202 1409 320 1445 sparteus
327 1409 517 1441 cannabtnusue,
532 1406 690 1442 autstupeus,
702 1411 745 1443 qui
750 1406 826 1440 stans
837 1410 866 1434 in
880 1409 929 1435 oleo
938 1411 1079 1443 peruritur,

0 1451 1 1478 ᾗ
27 1444 104 1476 ,ΡΙίῐι.
118 1453 157 1477 23,
172 1454 190 1478 4
209 1443 344 1476 Ellychnia
358 1453 390 1471 ex
402 1453 453 1471 vua
467 1444 532 1478 (cici
549 1443 664 1478 arboris)
682 1443 749 1469 fiunt
767 1443 892 1469 claritatis
913 1443 1077 1478 praecipuae.

0 1481 1 1496 ³
29 1479 111 1511 ‚Idem
124 1487 200 1512 3ς,ἰς
219 1479 247 1506 de
259 1479 379 1515 fiilphure
391 1481 507 1516 loquens,
1027 1480 1032 1484 '

0 1531 1 1546 3
38 1515 208 1542 conficienda.

0 1551 1 1583 I
37 1550 187 1579 Bulborum
207 1550 319 1578 tunicae.
355 1551 430 1588 Conf.
444 1551 551 1579 Vitruu.
564 1554 586 1582 8,
600 1557 620 1577 1.

537 1480 641 1512 Quarto
658 1485 746 1505 autem
764 1478 797 1505 ad
813 1478 944 1510 ellychnia
963 1488 1079 1506 maxime

262 1516 323 1541 Stat.
336 1515 401 1542 Silu.
414 1525 442 1549 4,
456 1523 483 1547 9,
496 1522 530 1547 29
562 1515 628 1541 Non
647 1513 779 1547 ellychnia
791 1513 871 1547 sicca,
883 1523 939 1542 non
950 1515 1077 1550 replictae
1085 1529 1114 1555 35

542 1622 568 1654 L
664 1622 694 1654 Ο

419 1625 447 1656 Ε

74 1700 92 1721 E
102 1700 119 1720 L
131 1691 151 1722 ὂ
160 1700 178 1721 c
191 1699 210 1721 ο
219 1713 227 1726 ,
251 1696 306 1721 5re.
340 1694 432 1722 Locare
445 1692 578 1730 sorasjet*
588 1691 706 1722 utendum
717 1691 894 1728 faciendumne
906 1691 966 1720 dare
977 1696 1080 1720 interce·
1086 1708 1124 1733 40

40 1727 110 1755 dente
119 1733 210 1764 pretio.
245 1731 301 1756 Cic.
316 1738 365 1764 pro
377 1729 460 1755 Flacc.
473 1731 507 1761 69
521 1737 543 1754 c.
557 1732 585 1757 ²8
610 1727 638 1754 de
651 1726 795 1754 Iudaeorum
806 1736 893 1764 gente,
918 1730 1006 1761 Qum
1020 1738 1079 1755 cara

41 1763 94 1790 diis
115 1765 310 1792 immortalibus
329 1766 406 1798 esset,
420 1763 528 1795 docuit,
541 1762 613 1797 quod
630 1763 666 1789 est
686 1762 774 1794 vidia,
789 1763 860 1796 quod
875 1763 990 1794 clocam,
1004 1763 1077 1796 quod

42 1800 157 1826 seruata:
181 1800 246 1835 quod
256 1799 407 1835 vectigalia,
412 1799 439 1832 st
450 1808 499 1825 non
527 1803 640 1832 erpetua,
653 1805 733 1822 tamen
744 1797 779 1822 ad
793 1803 888 1830 tempus
901 1796 942 1822 illi
954 1796 1076 1830 imposita,

38 1842 111 1869 eaque
126 1835 266 1867 publicanis
285 1836 365 1859 locata
378 1835 448 1867 sunt.
483 1833 502 1857 P
513 1832 549 1857 in.
563 1833 604 1861 26,
619 1839 629 1856 ι
661 1830 797 1863 Siquidem
816 1835 917 1855 certum
935 1830 972 1855 est
990 1831 1078 1856 Mani-

38 1868 106 1894 lium
120 1869 267 1893 Cornutum
284 1876 315 1892 ex
329 1866 470 1892 praetoriis
491 1864 605 1898 legatum
617 1863 790 1898 Aquitanicae
812 1864 984 1897 prouinciae,
1004 1872 1073 1891 H-s.
1082 1875 1116 1902 45

39 1908 86 1930 cc.
105 1902 213 1928 elocasse
222 1902 251 1927 in
263 1909 295 1927 eo
312 1901 407 1926 morbo
423 1898 566 1925 curandum
580 1898 640 1924 sese.
711 1898 796 1924 Boues
813 1898 933 1932 elocare,
949 1900 974 1926 h.
989 1909 1008 1926 e.
1028 1901 1075 1927 Al-

37 1940 88 1965 teri
101 1939 195 1968 locare,
214 1943 244 1962 vt
261 1935 318 1962 inde
337 1937 431 1961 lucrum
449 1937 608 1969 accipuzmus.
644 1933 775 1960 Columel.
796 1942 817 1966 1,
829 1942 856 1968 7,
869 1937 886 1961 6
910 1936 941 1961 Et
960 1936 1076 1962 maxime

37 1978 133 2000 vexant
152 1972 237 2004 serui,
251 1972 298 2006 qni
318 1970 535 2002 honestior-ant,
548 1969 707 2004 eosdemque
728 1975 754 1996 et
774 1976 874 1996 caetera
893 1979 987 2004 pecora
1006 1971 1075 1997 male

39 2010 152 2045 pascunt.
221 2007 342 2034 Fundum
357 2006 475 2032 elocare:
493 2006 518 2032 h.
532 2015 551 2031 e.
574 2005 682 2031 Fundam
701 2006 777 2031 alteri
789 2008 939 2032 committere
952 2013 976 2032 et
988 2007 1076 2033 locare.

39 2045 96 2078 Cic.
109 2045 183 2071 Verr.
193 2051 216 2076 3,
231 2051 258 2075 ςς
274 2052 294 2070 c.
307 2050 338 2068 22¹
367 2042 406 2068 Ad
420 2042 446 2067 fe
462 2041 594 2076 pertinere
607 2039 732 2075 negabat:
752 2041 864 2067 fundum
876 2041 1007 2068 elocatum
1027 2043 1076 2068 effe
1085 2049 1117 2076 30

41 2080 152 2107 dicebat.
220 2079 284 2105 Plin.
298 2086 334 2110 21,
349 2085 361 2109 3
387 2077 455 2103 Affes
469 2086 532 2111 ergo
547 2076 660 2102 contulit
673 2076 801 2111 populus,
815 2083 841 2103 et
857 2076 937 2104 funus
951 2077 1075 2104 elocauit.

79 2125 98 2142 e.
118 2116 198 2145 Eunus
210 2113 356 2150 faciendum
370 2114 446 2139 alicui
461 2112 543 2144 dedit,
562 2118 645 2146 nempe
652 2118 757 2147 pompas
769 2112 900 2147 funebres.

79 2156 294 2182 Etocvmo,
316 2154 566 2175 ELOCVTRIX.
605 2147 663 2174 Vid.
684 2153 879 2185 ELOQVOR.

79 2193 120 2212 EL
128 2192 147 2212 ο
156 2191 220 2212 G1V
229 2191 254 2211 M
267 2205 276 2217 ,
302 2184 321 2210 i.
347 2193 373 2211 n.
411 2184 423 2217 [
434 2182 544 2216 ἐλλόγιον
555 2184 569 2218 ]
617 2183 719 2209 Titulus
744 2181 793 2217 ist,
814 2182 958 2219 scripturae
983 2182 1074 2216 breuis,

42 2258 152 2283 Primam
163 2255 244 2291 sedem
258 2254 362 2288 habuiffi
380 2254 480 2281 videtur
498 2258 526 2281 in
543 2254 696 2286 rationibus,
723 2260 747 2281 et
766 2254 823 2280 inde
842 2263 928 2280 nomen
951 2253 1074 2289 accepisse.

42 2291 102 2317 Cum
115 2294 176 2318 enim
195 2291 300 2324 ἐλλογέἲν
313 2290 350 2324 fit
370 2294 508 2325 imputare,
521 2289 648 2325 expensum
660 2289 752 2326 ferre:
770 2289 934 2325 Ellogiums
951 2290 1074 2324 Elogium

35 2326 94 2363 suit
105 2327 202 2359 titulus,
210 2326 256 2361 fiib
269 2335 314 2362 quo
326 2335 384 2353 aera
392 2326 495 2362 singula
510 2332 673 2361 ponerentur.
708 2326 750 2353 Sic
763 2325 881 2360 elogium
895 2327 970 2361 fuit,
985 2326 1013 2352 de
1028 2335 1074 2361 quo

43 2362 253 2396 Sueton.Vespas.
261 2371 282 2388 c.
291 2371 319 2394 23
344 2363 510 2396 Expugnatus
523 2370 537 2387 a
551 2361 678 2396 quadam,
692 2360 762 2395 quali
775 2370 865 2388 amore
879 2361 918 2387 sui
931 2361 1075 2396 deperiret,

0 2388 3 2422 l
41 2406 123 2432 quum
144 2397 267 2431 perducta
282 2406 331 2431 pro
348 2396 496 2423 concubina
512 2396 628 2423 sestertia
645 2396 816 2432 quadraginta
832 2397 962 2429 donasset,
985 2397 1116 2431 admo-50

2 2443 3 2446 ¹
40 2440 118 2459 nente
132 2433 322 2467 dispensatore,
340 2431 562 2466 quemadmodum
574 2433 702 2459 summam
715 2432 863 2459 rationibus
875 2432 955 2458 vellet
967 2433 1075 2464 referri,

2 2497 3 2502 ¹
40 2469 136 2495 VESP
145 2468 318 2499 ASIANO,
343 2467 447 2501 inquit,
472 2467 589 2494 ADAM
598 2468 695 2494 ATO.
739 2469 823 2500 Haec,
847 2471 963 2503 inquam,
990 2468 1075 2499 verba,

39 2503 196 2538 Vespasiano
208 2502 343 2534 adamatoe‘,
357 2501 473 2536 elogium
480 2503 550 2538 sunt.
586 2503 654 2529 Haec
665 2502 777 2539 disputat
789 2503 942 2542 casaubonus
951 2503 986 2528 ad
998 2503 1076 2539 ipsum

2 2547 3 2576 ᾖ
40 2540 59 2566 1.
74 2548 95 2564 c.
109 2539 224 2565 Suetonii.
261 2538 377 2573 Scaliger.
389 2537 423 2563 ad
434 2538 510 2571 Virg.
523 2537 643 2564 Culicem
656 2546 719 2564 extr.
743 2540 946 2574 Praepositionem
958 2540 1076 2565 Latinam

41 2576 70 2600 in
81 2573 129 2599 hac
145 2581 201 2600 voce
215 2572 341 2612 amzpscit,
353 2579 383 2599 vt
395 2575 422 2599 in
434 2573 571 2608 Prologus,
587 2573 772 2608 Antelogium‚
784 2574 927 2601 Postscenia
940 2581 986 2601 etc.
1024 2576 1076 2600 No·
1097 2576 1128 2607 65
1135 2573 1233 2605 Cyrilli
1243 2572 1365 2606 μακρύνω.
1400 2572 1560 2598 Onomastic.
1577 2572 1692 2604 ἅφίςημι.

41 2613 83 2636 tat
95 2611 175 2645 igitur
194 2603 315 2642 Eldgium
466 2606 490 2670 ¹2
511 2617 528 2635 2
567 2610 680 2636 Titulum
694 2610 813 2645 jepulcri.
849 2610 923 2644 Virg.
937 2609 997 2636 Cul.
1009 2616 1074 2636 extr.

150 2643 199 2670 His
213 2643 328 2670 tumulus
342 2644 419 2678 super
436 2644 463 2670 in
477 2645 576 2671 eritur:
594 2651 651 2671 tum
664 2645 751 2671 fronte
766 2645 868 2672 locatur

150 2679 285 2713 Elogium,
305 2680 383 2704 tacita
400 2680 498 2705 format
521 2679 592 2713 quod
612 2680 688 2706 litera
705 2689 772 2706 voce

148 2715 229 2741 Parue
241 2714 331 2745 culex,
345 2713 472 2747 pecudum
487 2714 570 2739 custos
588 2714 640 2739 tibi
653 2715 705 2740 tale
716 2714 829 2740 merenti

148 2750 258 2776 Funeris
271 2747 387 2775 officium
399 2748 468 2774 vitae
481 2757 528 2782 pro
543 2757 652 2775 munere
665 2748 761 2775 reddit.

40 2785 93 2811 Hit·
112 2784 157 2811 duo
177 2784 289 2816 verliculi
300 2784 414 2820 stpulcro
435 2784 552 2819 inscripti
562 2784 626 2819 sunt
640 2784 771 2818 Elogium.
807 2784 848 2811 Sic
860 2782 911 2818 ipse
924 2783 979 2811 cic.
992 2783 1075 2810 Tusc.

42 2827 64 2852 1,
78 2828 101 2851 31
114 2830 135 2845 e.
152 2829 181 2853 14
202 2820 275 2853 Qud
291 2820 344 2854 ipsa
357 2819 536 2854 sepulcrorum
550 2826 729 2851 monumenta,
743 2819 808 2854 quid
825 2820 909 2853 elogia
924 2818 1076 2854 significant,

40 2855 90 2882 nifi
106 2864 152 2881 nos
167 2856 255 2881 futura
269 2857 347 2881 etiam
362 2855 496 2889 cogitare?
544 2854 616 2880 Idem
633 2855 690 2880 Fin.
707 2864 729 2886 2,
744 2857 784 2881 116
797 2864 818 2880 c.
832 2862 859 2887 3,-
878 2855 975 2881 Nonne
989 2854 1075 2888 elogia

41 2896 210 2917 mortuorum
231 2891 257 2916 id
272 2890 430 2925 significant,
445 2890 518 2916 velut
535 2889 585 2916 hoc
604 2890 635 2916 ad
655 2895 771 2924 portam,
795 2890 853 2915 Vno
866 2898 913 2916 ore
933 2890 975 2916 eui
994 2890 1074 2923 pluri-

42 2935 99 2952 mae
111 2926 274 2952 consentiunt
289 2931 391 2960 gentes,
410 2926 501 2960 populi
519 2926 675 2960 primarium
693 2926 768 2952 fuisse
783 2925 880 2952 virum.
916 2926 1015 2960 Repetit
1027 2925 1099 2966 Ca-7

41 2967 104 2988 tone
117 2963 178 2988 mai.
192 2964 219 2988 61
234 2971 255 2988 c.
272 2970 309 2996 17.
346 2961 393 2988 Sed
420 2961 467 2987 uod
485 2961 603 2988 laudatur
623 2964 696 2987 etiam
707 2970 735 2986 ex
748 2960 798 2987 eod.
814 2961 870 2987 Car.
885 2968 920 2994 74
934 2970 955 2987 c.
969 2969 1002 2987 20
1030 2961 1074 2986 So-

37 2997 112 3026 ,lonis
131 2997 237 3032 quidem
257 2997 379 3032 sapientis
390 2970 507 3031 eiogium
526 2996 578 3028 est,
591 3005 645 3031 quo
660 2996 685 3023 se
704 3002 779 3032 negat
793 2997 861 3023 velle
876 2997 947 3022 suam
960 3002 1076 3022 mortem

47 3031 137 3060 dol'ore
153 3033 297 3060 amicorum
323 3039 349 3059 et
372 3032 493 3059 lamentis
511 3041 616 3058 vacare.-
641 3035 721 3069 magis
730 3031 807 3067 probo
826 3032 955 3066 clegium,
975 3033 1076 3064 ἓλεγὲἴον

48 3076 140 3094 carmen
152 3071 280 3105 elegiacum
293 3070 442 3095 Hcs-ametro
455 3074 478 3094 et
490 3069 645 3095 Pentametro
651 3066 773 3101 conjians.
809 3068 922 3094 Seruauit
935 3068 990 3094 iilos
1003 3067 1076 3101 verfi-

48 3103 111 3128 culos
126 3104 267 3131 Plutarchus
286 3107 313 3129 in
325 3107 505 3138 comparatione
518 3104 613 3130 Solonis
624 3110 648 3129 et
661 3104 806 3130 Publicolae.
841 3104 893 3138 Qu*
906 3104 984 3129 Iocum
997 3104 1076 3138 inspe-
1093 3115 1125 3141 30

48 3140 167 3170 serignon
179 3139 360 3175 inscriptionem
366 3139 476 3175 sepulcri
488 3137 540 3173 este,
547 3139 595 3175 sed
604 3139 758 3174 epiPhonema
771 3138 948 3174 disputationis
955 3140 1077 3165 Mimner-

50 3181 87 3198 mo
105 3173 232 3208 oppolitae‚
256 3181 374 3201 caeterum
392 3173 498 3208 disticho
516 3176 620 3211 elegiaco
639 3173 763 3208 constare,
784 3174 952 3209 deprehendet.
988 3175 1077 3209 Magis

49 3207 95 3247 buc
105 3212 208 3242 pertinet
221 3210 274 3237 Cic.
287 3210 315 3236 in
329 3210 413 3237 Pison.
445 3219 460 3237 2
472 3219 494 3236 c.
509 3218 543 3243 29
562 3211 596 3237 At
608 3209 658 3236 hoc
671 3210 812 3244 nusquam,
825 3210 937 3244 opinor,
950 3210 1076 3244 scriptum

49 3241 123 3268 funTe
140 3244 168 3270 in
185 3245 233 3271 illo
251 3245 354 3279 elogio,
365 3218 443 3280 qumi
455 3252 481 3272 te
502 3246 608 3272 consule
627 3246 656 3272 in
675 3246 795 3280 sepulcro
816 3246 881 3280 reip.
896 3245 1006 3271 incisum
1024 3244 1075 3275 est3

42 3277 83 3312 fic
100 3285 170 3318 uocat
181 3284 327 3315 rogationem
345 3281 373 3307 de
385 3281 568 3317 proscriptione
588 3282 722 3308 Ciceronis.
918 3278 938 3317 q
960 3289 971 3312 3

48 3313 135 3347 elogia
151 3323 202 3341 cum
219 3316 299 3341 laudes
310 3316 369 3351 fere
385 3320 554 3350 continerent,
571 3317 700 3351 Elogium
712 3320 784 3343 etiam
799 3323 849 3352 pro
866 3315 1007 3342 laudatione
1026 3315 1077 3341 dici

48 3355 172 3389 coeptus-113
189 3349 296 3387 baeton.
308 3353 337 3378 in
348 3352 403 3379 vita
415 3353 542 3385 Horatii,
557 3350 685 3389 Augustus
698 3354 806 3379 Horatio
818 3351 935 3386 expressit
947 3351 1076 3386 elogium,

47 3391 123 3410 euius
136 3389 242 3424 initium
254 3386 304 3418 est,
322 3387 389 3414 Cum
401 3394 442 3415 tot
454 3389 577 3415 sustineas
590 3395 616 3415 et
629 3394 699 3415 tanta
711 3389 817 3423 negotia
833 3389 908 3417 solus,
921 3396 980 3422 quae
993 3385 1025 3420 cst
1033 3387 1074 3413 ho-

47 3419 87 3446 die*
100 3418 178 3453 Epist.
191 3427 215 3449 Ζ»
229 3427 247 3444 ι.
281 3422 325 3447 Sed
337 3422 408 3457 forte
424 3425 509 3450 melius
526 3424 567 3450 hic
585 3425 677 3460 legitur
689 3424 848 3458 Ecloga,vel
861 3422 990 3457 Eclogion
1007 3422 1074 3448 adeo.

46 3457 79 3482 Et
91 3455 153 3491 sane
167 3454 286 3494 Eclongam
298 3456 364 3483 dedit
374 3460 496 3486 Baxterus
507 3462 535 3486 in
546 3459 637 3495 fronte
651 3461 763 3486 Horatii.

48 3490 129 3530 bac.3
150 3490 310 3529 Imagineset
320 3492 523 3527 elogiavniuerfi
538 3495 639 3530 generis
653 3495 760 3529 exsequi
772 3494 880 3528 longum
888 3493 937 3520 est:
955 3494 1074 3520 familiae

46 3525 166 3553 bremt&
183 3531 318 3558 ὃΐῐῑῑῐέὃῐῃ·
428 3549 430 3553 »
465 3528 485 3567 fl
501 3539 520 3564 4
562 3529 688 3566 Maleficis
710 3533 784 3556 etiam
808 3529 912 3565 appensa
933 3531 973 3555 vel
996 3528 1073 3563 affixa

48 3561 149 3596 elogia,
168 3564 186 3587 i.
207 3561 287 3586 breuis
299 3560 437 3590 dumorum
449 3565 576 3594 indicatio.
611 3566 718 3593 Sueton.
728 3565 786 3592 Cal.
800 3575 822 3592 c.
831 3573 865 3600 27
886 3564 1073 3591 Custodiarum

48 3598 142 3624 seriem
160 3596 362 3629 recognoscenS,
377 3598 472 3626 nullius
488 3600 605 3635 inspecto
624 3601 713 3636 elogio
730 3602 782 3636 (vt
796 3610 825 3627 ex
843 3603 940 3626 meritis
960 3604 1074 3636 cuiusque

40 3632 188 3668 sententiam
204 3632 277 3667 ferre
291 3629 389 3671 poffit)
401 3632 464 3660 stans
477 3637 661 3664 tantummodo
674 3638 744 3663 intra
764 3636 896 3671 porticum
914 3636 1045 3667 mediam,
1058 3644 1073 3661 a
1094 3648 1126 3674 93
1134 3644 1203 3661 nem.
1239 3635 1311 3670 Conf.
1327 3635 1365 3661 Id.
1382 3636 1408 3661 in
1421 3637 1495 3662 Orat.
1517 3642 1540 3666 18
1555 3647 1575 3662 c.
1590 3644 1611 3668 ς.

46 3667 122 3696 ,ειῙιιο
136 3667 168 3694 ad
182 3667 285 3693 caluum
299 3666 360 3692 duci
379 3667 528 3701 imperauit:
552 3680 634 3707 nempe
639 3672 678 3706 fic
691 3672 910 3708 defignauit‚quos
924 3671 981 3697 duci
992 3671 1073 3702 vellet,

42 3703 130 3739 seriem
141 3701 265 3735 stantium
276 3703 305 3728 ab
324 3711 371 3728 vno
385 3704 452 3728 caluo
463 3705 517 3731 inde
530 3707 564 3732 ad
580 3710 691 3735 aiterum.
748 3707 866 3734 Tertull.
881 3707 1020 3740 Apologet.
1035 3714 1073 3738 44

33 3740 36 3741 ⁷
49 3737 151 3765 vestrm
165 3738 217 3764 iam
231 3737 404 3778 contestafnffl'
415 3737 499 3771 ὃᾱῑῐὲ,
512 3741 559 3774 qul
571 3743 691 3777 quotidie
704 3742 853 3770 iudicandis
866 3741 990 3768 custodiis
1003 3750 1074 3775 prae-

49 3772 147 3805 sidetis,
174 3774 222 3808 qui
243 3774 377 3800 sententiis
399 3773 486 3807 elogia
501 3774 667 3812 dispungitis:
695 3782 713 3805 i.
739 3779 902 3809 diiudicatis,
920 3784 966 3812 pro
986 3774 1073 3803 deusti

50 3809 123 3843 elogio
134 3807 273 3849 significati
289 3812 415 3845 grauitate
430 3815 531 3842 poenam
544 3814 677 3846 imponitis.
717 3815 749 3840 Et
763 3824 784 3840 c.
799 3823 810 3839 2
834 3813 860 3839 Si
875 3812 906 3838 dc
917 3813 1010 3847 aliquo
1025 3821 1125 3845 κιο-[00
1133 3812 1222 3847 eloqui
1237 3813 1349 3846 cogitata
1380 3812 1452 3838 Idem
1465 3811 1496 3836 de
1512 3810 1580 3837 Clar.
1595 3811 1668 3838 Orat.
1684 3820 1735 3844 253.

51 3849 121 3869 cente
135 3845 362 3879 cognoscit15,non
379 3844 463 3870 statim
476 3845 588 3871 confesso
600 3856 631 3873 eo
644 3857 741 3876 nomen
756 3848 905 3875 homicidae
914 3868 920 3879 ,
936 3849 978 3874 vel
998 3848 1072 3874 sacri-

50 3875 117 3918 legi,
127 3879 166 3905 vel
181 3879 288 3912 incesti,
301 3880 342 3906 vel
356 3879 457 3914 publici
471 3878 552 3905 hostis
567 3883 612 3911 (vt
625 3881 656 3908 de
669 3885 763 3910 nostris
776 3884 870 3918 elogiis
883 3884 993 3918 loquar)
1010 3892 1071 3910 con.

48 3917 113 3939 tenti
126 3913 176 3940 sitis
188 3915 218 3942 ad
231 3915 468 3950 pronuntiandum,
479 3914 526 3940 nifi
546 3921 572 3941 et
586 3918 768 3952 consequentia
782 3920 892 3954 exigatis
904 3927 949 3946 etc.
988 3921 1017 3946 ln
1031 3919 1072 3945 his

13 3962 14 3967 =
46 3957 103 3984 ergo
122 3949 232 3984 elogium
246 3951 374 3986 praecedit
388 3952 537 3986 finientium
555 3950 583 3976 de
596 3957 690 3986 poena,
701 3961 724 3979 ct
735 3956 813 3990 solam
828 3956 972 3981 delationem
986 3962 1010 3981 et
1023 3957 1070 3981 cri-

43 3992 97 4010 men
112 3988 230 4014 concinet:
247 3986 315 4021 ficut
332 3994 356 4014 et
368 3987 400 4014 ad
418 3985 553 4021 Scapulam
569 3995 591 4013 c.
609 3995 627 4020 4
654 3987 752 4016 Pudens
774 3991 853 4018 etiam
872 3990 976 4018 missum
993 3990 1026 4017 ad
1042 3991 1068 4017 se
1077 4004 1122 4033 ω,-
1131 3991 1209 4017 Ennio
1216 3989 1264 4025 suo
1277 3996 1302 4022 p.
1316 3995 1358 4013 20.
1371 3994 1395 4013 et
1408 3988 1513 4017 Gronau.
1526 3991 1554 4014 in
1563 3988 1654 4015 Gellio
1667 3989 1843 4025 Eloqueretur
1856 3990 1954 4022 dedere,
1976 3993 2049 4026 Qioi
2069 4001 2111 4019 res
2124 4002 2169 4020 au-

551 804 632 831 Ouid.
645 804 709 832 Fast.
723 814 749 838 4,
764 812 808 839 371
843 804 976 830 Candidus
991 805 1076 831 elixae
1096 817 1122 843 ¹⁵

1089 2758 1125 2786 70
1138 2748 1159 2773 A
1179 2747 1313 2773 nonnullis
1332 2747 1473 2780 Acipenser
1487 2747 1572 2773 dicius
1601 2748 1667 2774 Plin.
1682 2756 1707 2780 9,
1724 2756 1760 2783 17.

807 3458 881 3485 Idem
896 3459 1002 3484 Sueton.
1016 3458 1075 3484 Gal·
1092 3474 1128 3499 90

1138 663 1210 690 &um
1230 663 1322 690 oblato
1346 663 1379 689 de
1400 672 1475 689 more
1498 664 1587 698 elogio
1615 667 1736 692 reuocari
1757 666 1855 693 iuffiss'e.
1915 669 1972 696 isid.
1993 670 2034 697 hic
2057 673 2177 706 Valesius.

1137 697 1158 737 fl
1178 707 1191 732 ς
1230 700 1297 725 Hinc
1309 702 1382 725 etiam
1392 705 1440 733 pro
1454 700 1600 725 criminibus
1613 709 1660 725 non
1674 701 1846 735 iudicialibus,
1860 709 1883 729 et
1890 703 1996 739 famosis
2009 706 2067 733 adeo
2079 709 2168 735 libellis

1136 735 1177 761 vel
1195 735 1347 760 carminibus
1361 738 1474 768 ponitur.
1511 735 1591 761 Plaut.
1606 737 1686 761 Merc.
1700 745 1726 769 2,
1739 745 1761 769 3,
1774 745 1812 771 74
1836 739 1999 772 Impleantur
2012 751 2085 769 meae
2107 729 2179 771 fore:

1137 770 1288 803 elogiorum
1304 769 1479 803 carbonibus,
1503 773 1522 796 i.
1538 769 1846 808 ›11a1c111ffls‚c.=nenugis
1860 779 1991 802 alnatot‘iis
2000 777 2094 804 domum
2110 780 2179 815 insa—

1137 805 1277 837 mantibus,
1291 804 1393 831 carbone
1405 805 1522 840 scriptis.
1560 808 1601 832 Sic
1620 806 1737 833 Tertull.
1758 808 1835 842 Apol.
1858 816 1883 841 13
1912 810 1943 836 Et
1961 813 2090 840 sustinetis
2105 815 2179 842 Iouis

1138 840 1225 874 elogia
1237 840 1354 872 cantari,
1372 842 1391 866 i.
1411 843 1519 867 crimina
1532 850 1547 866 a
1560 843 1643 868 Poetis
1657 844 1683 867 in
1698 843 1765 868 illum
1783 843 1898 879 confiHa.
1933 847 2001 875 Add.
2016 849 2133 877 Alunkcr,
2146 849 2180 877 ad

1138 876 1257 910 fulgent.
1279 885 1304 910 p.
1324 884 1363 907 30.
1560 876 1580 912 ‘J
1601 879 1616 902 6
1654 877 1701 904 Sed
1719 880 1791 903 etiam
1811 882 1901 905 titulus
1918 882 1993 916 ipsius
2011 884 2180 912 damnationis

1137 911 1255 945 elogium
1271 909 1314 944 ist.
1350 911 1477 944 Spartian.
1493 911 1592 938 Seuero
1608 919 1633 944 51
1655 911 1776 938 Fustibus
1796 922 1856 940 eum
1874 916 1920 942 sub
1940 918 2030 954 elogio
2043 924 2180 954 praeconis

1138 947 1249 978 cecidit,
1268 947 1394 980 Legatum
1408 946 1500 979 Populi
1520 948 1596 973 Rom.
1616 947 1697 973 homo
1719 947 1836 981 plebeius
1855 957 1954 978 temere
1974 956 2098 990 amplecti
2114 958 2178 984 noli.

1139 982 1218 1008 Auid.
1232 981 1328 1008 Caffius
1351 982 1379 1006 in
1397 982 1505 1015 epistola
1525 982 1590 1018 apud
1601 983 1701 1008 Volcat.
1715 982 1783 1009 Gall.
1803 993 1826 1017 p.
1848 992 1902 1019 470
1923 988 1960 1014 cd.
1982 992 2062 1017 Haclc.
2097 993 2178 1019 Vides

1138 1017 1230 1044 multis
1246 1026 1311 1052 opus
1330 1018 1378 1042 ess'e
1392 1017 1501 1050 gladiis,
1516 1017 1605 1044 multis
1618 1017 1730 1051 elogiis,
1743 1024 1771 1043 vt
1784 1018 1813 1043 in
1833 1020 1971 1053 antiquum
1987 1025 2078 1052 statum
2092 1029 2178 1061 publi.

1139 1061 1168 1079 (a
1183 1053 1270 1079 forma
1283 1051 1417 1079 reddatur.
1615 1051 1635 1090 Ἴ
1657 1061 1673 1087 7
1708 1053 1866 1079 Censorium
1881 1056 1997 1090 elogium
2011 1062 2043 1092 est
2054 1065 2142 1088 titulus
2156 1070 2180 1090 ct

1137 1089 1304 1124 causa,quam
1323 1088 1428 1113 reddunt
1440 1087 1501 1123 fiiae
1519 1087 1746 1121 animaduetfionis.
1793 1089 1909 1116 Declam.
1922 1093 1950 1118 in
1966 1094 2024 1121 Sall.
2037 1104 2067 1128 25
2097 1099 2178 1131 ond

1137 1123 1157 1150 fi
1176 1139 1222 1144 —
1240 1123 1306 1150 illud
1325 1124 1475 1150 censorium
1493 1123 1611 1157 elogium
1630 1123 1711 1157 Appii
1725 1123 1831 1150 Claudii
1851 1131 1876 1151 et
1896 1126 1925 1153 L.
1945 1128 2045 1156 Pisonis
2061 1146 2106 1151 —
2125 1143 2180 1167 quo

1137 1159 1197 1185 vsus
1217 1159 1253 1186 est
1273 1159 1385 1194 quisque
1405 1168 1499 1185 eorum
1517 1174 1563 1178 —
1581 1160 1736 1191 recitarem5
1771 1168 1860 1187 nonne
1877 1161 1928 1189 tibi
1942 1164 2048 1192 viderer
2063 1173 2181 1195 aeternas

1138 1195 1246 1221 inurere
1260 1195 1374 1221 maculas
1387 1202 1432 1220 etc.
1470 1193 1632 1228 Subscriptio
1651 1201 1754 1220 vocatur
1771 1196 1889 1222 Ciceroni.
2058 1201 2078 1238 q
2098 1207 2111 1232 8
2148 1205 2181 1230 J„

1137 1228 1287 1263 testamentis
1302 1230 1420 1264 elogium
1438 1228 1471 1262 est
1480 1250 1488 1263 ,
1507 1239 1553 1264 quo
1566 1229 1638 1265 causa
1651 1228 1817 1262 institutionis
1832 1233 1871 1259 vel
1887 1232 2084 1263 exheredationis
2098 1238 2182 1264 reddi-

1137 1273 1189 1293 tur.
1225 1266 1283 1292 Sen.
1302 1267 1431 1292 Controu.
1447 1274 1471 1298 ις
1502 1266 1532 1292 T
1534 1265 1676 1292 estamcnto
1696 1266 1817 1293 onmium
1838 1267 1970 1295 bonorum
1990 1271 2098 1299 suorum
2117 1274 2181 1301 reli-

1138 1302 1198 1336 quit
1210 1301 1356 1328 formosam
1374 1300 1515 1332 heredem,
1532 1306 1558 1327 et
1578 1301 1675 1327 adiecit
1689 1301 1820 1335 elogium,
1836 1303 1898 1337 quia
1918 1305 2040 1338 pudicam
2054 1310 2181 1343 comperi.

1138 1339 1181 1364 Sic
1199 1335 1233 1370 est
1252 1340 1280 1363 in
1300 1338 1418 1367 themate,
1430 1343 1452 1362 et
1472 1339 1500 1362 in
1520 1337 1575 1372 ἰωὴ
1593 1334 1753 1363 vastatione.
1805 1339 1859 1365 Cic.
1873 1349 1921 1373 pro
1937 1341 2042 1369 Cluent.
2059 1353 2097 1377 135
2112 1356 2132 1371 c.
2148 1352 2182 1379 48

1139 1373 1263 1407 Elogium
1275 1372 1390 1400 recitasti
1403 1371 1435 1398 de
1448 1371 1601 1398 testamento
1615 1372 1777 1406 CnAEgnatii
1798 1382 1842 1394 ’-
1860 1375 1961 1401 idcirco
1977 1378 2002 1403 se
2016 1379 2194 1407 exheredafle‘

1140 1408 1241 1441 filium,
1267 1408 1339 1443 qnod
1366 1408 1387 1434 is
1416 1407 1452 1434 ob
1473 1408 1615 1442 Oppianici
1645 1408 1841 1435 damnationem
1871 1412 2007 1444 pecuniam
2038 1417 2180 1450 accepiss'et.

1140 1443 1270 1477 Qiincfil.
1283 1451 1309 1478 7,
1324 1452 1353 1477 4,
1366 1452 1400 1470 20
1425 1444 1452 1469 Si
1465 1443 1654 1470 exheredatum
1667 1453 1681 1470 a
1695 1444 1720 1469 se
1733 1443 1817 1471 filium
1831 1452 1905 1479 pater
1916 1448 2020 1474 testatus
2033 1450 2115 1478 fucrit
2128 1452 2183 1478 elo-

1140 1480 1200 1513 gio,
1212 1485 1351 1514 propterea
1365 1478 1436 1514 quod
1454 1479 1477 1504 is
1497 1479 1664 1506 meretricem
1679 1480 1817 1506 amauerit.
1854 1481 1926 1508 Idem
1941 1483 2014 1510 Deci.
2030 1493 2056 1518 2,
2071 1495 2095 1519 ις
2115 1487 2182 1515 Non

1140 1514 1178 1550 est
1189 1515 1305 1547 iudices,
1320 1515 1393 1549 quod
1412 1515 1523 1548 putetis,
1545 1514 1607 1540 ideo
1625 1514 1728 1540 nullum
1747 1515 1879 1542 adiectum
1898 1517 1929 1544 ad
1948 1519 2182 1550 exheredationem

1140 1551 1246 1576 iuuenis
1264 1551 1398 1584 elogium,
1412 1550 1475 1583 quia
1489 1550 1521 1575 de
1540 1549 1634 1575 scelere
1647 1549 1785 1576 constaret.
1830 1552 1934 1580 Petron.
1947 1562 1973 1586 53
1993 1556 2182 1586 Recitaban‘tur

1143 1586 1329 1612 saltuariorum
1348 1584 1499 1611 testamenta
1508 1604 1516 1617 ‚
1530 1584 1628 1619 quibus
1640 1585 1811 1612 Trimalchio
1825 1595 1884 1613 cum
1898 1589 1988 1622 elogio
2007 1591 2183 1620 exheredaba-

1140 1627 1195 1647 tur.
1233 1621 1347 1647 ictorum
1358 1626 1466 1646 ueterum
1479 1622 1531 1647 loca
1546 1621 1694 1656 collegerunt
1708 1622 1841 1647 Panciroll.
1861 1624 1922 1649 Var.
1934 1624 2003 1650 Ι-εέἶ.
2016 1635 2037 1657 1,
2048 1636 2087 1660 37.
2102 1636 2124 1653 et
2133 1630 2182 1654 He-

1140 1655 1205 1683 rald.
1219 1656 1321 1691 Obstru.
1335 1661 1374 1685 28.
1392 1665 1417 1682 v.
1451 1675 1456 1680 .
1479 1656 1496 1681 l.
1510 1664 1540 1687 14
1552 1654 1575 1691 §.
1590 1665 1602 1681 2
1617 1656 1648 1681 D.
1663 1655 1695 1681 de
1710 1655 1788 1682 liber.
1802 1662 1829 1682 et
1841 1657 1952 1690 polium.
1978 1659 2041 1685 Non
2056 1663 2127 1688 enim
2142 1664 2182 1689 vi.

1142 1691 1199 1718 deri
1213 1691 1282 1726 quast
1297 1691 1383 1716 filium
1395 1699 1426 1716 ex
1448 1691 1583 1716 eredatum
1597 1691 1661 1722 effe,
1677 1699 1759 1724 quum
1779 1690 1898 1725 elogium
1915 1699 2003 1727 pater,
2022 1705 2080 1723 cum
2094 1698 2181 1726 filium

1140 1726 1313 1752 exheredaret
1326 1725 1513 1760 proposuisset,
1535 1730 1560 1750 et
1578 1724 1726 1757 adiecisset,
1751 1732 1860 1760 propter
1878 1736 1934 1753 eam
1954 1731 2061 1757 cauflam
2075 1733 2182 1761 exhere-

1139 1760 1210 1786 dare.
1408 1758 1429 1797 ᾖ
1449 1769 1465 1792 9
1503 1761 1551 1786 Pro
1564 1766 1616 1785 toto
1634 1758 1786 1791 Testamento
1792 1764 1898 1795 ponitur
1909 1763 1928 1789 l.
1940 1772 1971 1789 20
1985 1766 2014 1792 C.
2029 1766 2060 1793 de
2075 1769 2124 1795 iur.
2139 1769 2183 1796 de.

1137 1794 1215 1820 liber.
1237 1795 1254 1820 l.
1269 1802 1296 1826 33
1309 1800 1332 1820 et
1345 1802 1373 1827 3ς
1393 1795 1423 1820 C.
1443 1795 1475 1821 de
1496 1793 1595 1820 inoffic.
1615 1794 1714 1821 testam.
1734 1795 1750 1821 l.
1768 1804 1780 1827 3
1799 1797 1830 1823 C.
1843 1797 1875 1823 de
1897 1799 2008 1832 postum.
2028 1802 2118 1830 hered.
2137 1813 2175 1832 etc

1138 1826 1159 1890 ἒ
1181 1837 1209 1854 10
1247 1829 1294 1855 Sed
1306 1831 1379 1854 etiam
1395 1831 1466 1856 tituli
1476 1831 1524 1855 alii
1536 1829 1628 1863 Elogia
1636 1830 1708 1865 Jiint.
1745 1831 1944 1869 Sueton.Calig.
1954 1844 1975 1861 c.
1989 1846 2020 1869 ²4
2041 1838 2112 1865 Tres
2128 1826 2184 1874 gia:

1157 1864 1197 1889 ios
1217 1863 1246 1889 in
1264 1872 1354 1889 necem
1374 1864 1446 1890 suam
1464 1871 1568 1899 paratos
1587 1866 1668 1891 Marti
1686 1866 1768 1893 vltori
1787 1868 1876 1894 addito
1896 1870 1984 1904 elogio
2009 1874 2173 1903 consecrauit

1137 1901 1156 1925 i.
1170 1898 1268 1931 tabella,
1284 1901 1311 1924 in
1324 1908 1371 1934 qua
1382 1899 1522 1936 perscripta
1535 1900 1589 1934 esti-t
1604 1903 1676 1936 causa
1690 1908 1883 1936 consecratorum
1895 1905 2043 1940 gladiorum.
2115 1909 2136 1949 fl
2157 1896 2182 1938 ιζ

1137 1934 1261 1969 Elogium
1275 1932 1404 1968 διάταγμα
1415 1937 1475 1962 Vet.
1490 1936 1532 1962 Gl.
1547 1936 1575 1961 id
1587 1934 1621 1968 est
1635 1940 1771 1970 imperium.
1808 1941 1850 1964 Sic
1863 1940 1994 1969 Ammian.
2008 1952 2047 1976 29,
2063 1954 2075 1969 2
2086 1954 2111 1979 p.
2127 1949 2181 1982 607

1139 1970 1221 1996 Gron.
1239 1970 1330 2004 Elegia
1345 1971 1459 2003 parentis
1476 1971 1577 2004 publici
1590 1972 1740 2005 praeferens
1757 1974 1805 2004 (al.
1820 1975 1974 2008 perferens)
1997 1978 2086 2006 futura
2100 1981 2181 2015 pluri—

1141 2005 1189 2031 bus
1203 2004 1332 2037 luc‘luosa‚
1353 2005 1381 2031 de
1393 2006 1526 2032 Heliodoro
1540 2006 1700 2033 cubiculario.
1737 2009 1888 2043 Nempecum
1901 2011 1988 2045 elogia
2000 2013 2170 2044 damnatorum

1138 2047 1167 2066 vt
1180 2040 1289 2066 vidimus
1303 2049 1329 2066 n.
1344 2042 1360 2066 6
1367 2047 1415 2075 per
1420 2048 1566 2076 praeconem
1574 2045 1818 2076 pronuntiarentur,
1831 2053 1926 2078 nomen,
1941 2054 1970 2072 vt
1977 2048 2029 2083 fit,
2050 2053 2126 2078 iarius
2140 2037 2181 2079 ex:

1137 2076 1247 2111 tensium
1272 2082 1295 2101 et
1308 2076 1337 2101 de
1354 2078 1414 2102 aliis
1426 2079 1538 2111 imperiis
1556 2083 1664 2111 coeprum
1681 2077 1804 2104 adhiberi·
1849 2081 1905 2106 Huc
1918 2084 1968 2117 rej.
1983 2084 2060 2111 Gloss]
2076 2086 2171 2115 Philox

1136 2110 1272 2145 ῗΑπόκμσις
1290 2108 1329 2136 dial
1349 2110 1435 2144 λόγων.
1603 2110 1624 2149 Ἴ
1647 2120 1674 2138 12
1710 2113 1742 2139 In
1759 2113 1838 2141 Glois.
1852 2115 1954 2143 Philox.
1970 2119 2091 2154 Elogium
2106 2107 2183 2150 atiani

1135 2146 1251 2174 redditur
1270 2147 1401 2181 προοίμιον,
1426 2146 1514 2179 credo,
1534 2146 1600 2182 quod
1604 2148 1714 2183 solerent
1732 2155 1790 2175 ante
1801 2157 1892 2185 poenas
1904 2153 1990 2187 elogia
2000 2158 2181 2190 puniendorum

1131 2188 1180 2217 per
1194 2188 1340 2216 praeconem
1353 2185 1533 2216 pronuntiari,
1556 2183 1753 2218 quemadmodum
1770 2193 1794 2211 et
1806 2186 1892 2221 causas
1905 2189 2041 2225 legatorum
2056 2195 2096 2219 vel
2109 2195 2179 2222 exhe.

1135 2216 1289 2243 redarionum
1309 2217 1424 2251 praefari
1438 2218 1520 2253 solent
1538 2218 1682 2251 testatores,
1705 2225 1753 2245 etc.
1810 2222 1858 2248 sed
1877 2227 1948 2250 etiam
1967 2225 2180 2261 οἷνοικεφαλαίωσις

1134 2252 1223 2279 ibidem
1236 2259 1340 2278 vocatur
1360 2252 1495 2287 Elogium,
1512 2256 1540 2279 in
1556 2261 1673 2288 quantum
1687 2254 1768 2281 breuis
1780 2259 1915 2285 criminum
1929 2269 1953 2286 υ.
1967 2270 1994 2298 g.
2004 2266 2144 2299 comprehen
2156 2275 2180 2294 zo

1134 2294 1158 2315 et
1164 2288 1262 2324 stamma
1274 2287 1389 2323 quaedam
1403 2297 1427 2314 eo
1440 2291 1536 2314 nomine
1539 2288 1711 2325 significatur.

1170 2330 1187 2350 Ε
1197 2331 1213 2350 L
1224 2330 1243 2349 ο
1253 2329 1274 2350 G
1284 2330 1337 2356 10,
1364 2327 1418 2350 are.
1454 2324 1526 2350 Cael.
1541 2325 1631 2351 Aurei.
1644 2324 1731 2352 Tard-

1130 2362 1151 2386 i.
1164 2359 1272 2385 breuiter
1285 2359 1409 2395 discripta
1417 2360 1597 2395 proposuimus.

1171 2401 1189 2420 E
1199 2397 1351 2421 ιοσιᾹΤ
1361 2401 1380 2419 ν
1391 2401 1422 2426 s,
1441 2404 1465 2427 a,
1482 2404 1535 2421 um.
1572 2395 1665 2423 Partic.
1700 2397 1773 2424 Cael.
1788 2399 1971 2427 Aurel.Tard.
1985 2408 2012 2433 α,
2027 2410 2037 2427 1
2057 2402 2178 2431 Nomina

1135 2430 1283 2465 specialiter
1295 2430 1418 2464 elogiata.
1433 2434 1451 2456 i.
1465 2431 1598 2466 Descripta
1607 2451 1615 2464 ‚
1634 2432 1755 2467 imposita.

1172 2472 1190 2492 Ε
1198 2473 1214 2492 1.
1223 2472 1242 2492 ο
1253 2472 1274 2491 Ν
1283 2472 1304 2492 G
1314 2473 1333 2492 O
1343 2485 1352 2498 ‚
1371 2470 1424 2492 Ere.
1462 2466 1633 2501 [ἐπιμηκύιω]
1670 2469 1737 2494 Idem
1751 2469 1816 2503 quod
1827 2470 1992 2505 prolongare,
2008 2477 2032 2496 et
2042 2474 2178 2505 prolatare,

1134 2511 1163 2528 ac
1175 2501 1290 2534 differre.
1325 2501 1471 2534 Laudatur,
1490 2503 1570 2538 nescio
1584 2512 1631 2538 qua
1638 2502 1701 2538 fide.
1737 2505 1803 2530 Plin.
1826 2522 1832 2530 .
1909 2507 1973 2538 Qio
1986 2508 2100 2532 maxime
2113 2516 2178 2535 tem—

1140 2546 1204 2572 pore
1226 2537 1281 2563 dies
1299 2536 1465 2571 elongantur.
1508 2538 1638 2563 Has-tinini
1656 2545 1720 2563 certe
1740 2539 1818 2564 Index
1835 2539 1901 2565 nibil
1918 2543 1976 2565 talc.
2019 2542 2178 2571 Glossarium

1625 2607 1629 2611 ἱ
1889 2573 1909 2611 ἦ
1930 2583 1946 2600 2
1977 2577 2025 2601 Pro
2039 2578 2178 2612 Remouere,

1135 2618 1189 2634 cum
1202 2616 1247 2642 quo
1261 2606 1371 2632 iuni-'tum
1385 2614 1518 2641 reperitur.
1575 2607 1671 2633 Sarisb.
1687 2615 1713 2641 7,
1728 2608 1757 2633 16
1782 2607 1804 2634 A
1817 2609 1951 2636 consortio
1967 2610 2116 2640 diuinitatis
2129 2616 2176 2642 ali-

1137 2651 1215 2677 quem
1229 2650 1369 2667 remouere
1382 2647 1408 2666 et
1420 2639 1551 2675 elongare.
1587 2641 1660 2668 Adde
1672 2643 1790 2676 Fulgent.
1803 2645 1881 2678 Epist.
1897 2654 1924 2677 4.
1941 2646 1973 2671 ad
1988 2646 2072 2673 Niob.

1172 2683 1201 2702 EI
1213 2683 1287 2707 OPS,
1302 2678 1342 2701 ve!
1354 2682 1382 2701 Γ]
1394 2683 1476 2708 LOPS,
1492 2677 1523 2702 is.
1540 2686 1575 2704 m.
1595 2677 1696 2711 [ἔλοψ]
1716 2678 1796 2712 Piscis
1813 2679 1880 2713 apud
1890 2683 2005 2715 antiquos
2018 2684 2178 2715 nobilissimus*

1135 2711 1242 2738 habitus.
1280 2713 1351 2737 Vnus
1360 2711 1481 2738 omnium
1497 2713 1609 2746 squamis
1621 2713 1654 2738 ad
1668 2722 1697 2738 os
1705 2713 1783 2739 vertis
1792 2720 1881 2741 contra
1896 2724 1989 2749 aquam
1999 2718 2085 2745 nar-do
2098 2715 2175 2748 ineat.

1739 2785 1741 2787 Ι
1815 2750 1887 2785 Cons-
1901 2751 1981 2778 Ouid.
1997 2754 2114 2782 Halieut.
2134 2760 2177 2789 96.

1137 2783 1205 2808 Geli.
1219 2791 1245 2816 7,
1262 2785 1297 2808 16.
1335 2783 1410 2808 Varr.
1426 2782 1458 2809 de
1470 2783 1501 2809 R.
1517 2783 1548 2808 R.
1564 2791 1589 2815 2,
1603 2785 1628 2809 6.
1654 2783 1775 2819 diuerJum
1787 2785 1817 2810 ali
1830 2789 1967 2822 acipensere
1975 2789 2047 2823 fam
2062 2792 2090 2816 L.
2108 2793 2178 2818 Non..

1136 2820 1193 2843 nius
1205 2818 1233 2843 de
1245 2826 1271 2844 re
1286 2817 1337 2843 Cib.
1353 2826 1378 2849 2,
1390 2826 1431 2844 20.
1671 2827 1684 2844 2
1722 2817 1762 2852 ist
1777 2827 1799 2846 et
1813 2821 1929 2848 Centauri
1942 2833 2025 2850 nomen
2035 2831 2166 2861 proprium

1136 2863 1151 2879 α
1170 2852 1204 2878 ud
1216 2852 1297 2879 Ouid.
1311 2853 1375 2878 Met.
1396 2862 1430 2885 υ,
1449 2860 1491 2886 333
1520 2853 1599 2879 Fixus
1618 2854 1694 2889 hops
1714 2855 1808 2881 iaculo.
1863 2858 1903 2883 Sic
1917 2859 2001 2885 But-m.
2022 2863 2054 2887 al.
2071 2847 2177 2898 Helops?

1175 2897 1186 2920 3
1224 2890 1285 2914 Item
1300 2888 1424 2923 Serpentis
1436 2898 1521 2924 genus.
1541 2889 1606 2915 Plin.
1619 2897 1658 2921 32,
1670 2898 1682 2923 ς
1696 2891 1714 2917 s.
1729 2898 1758 2924 17
1778 2890 1996 2921 Salsamentorum
2010 2896 2083 2923 cibus
2098 2900 2176 2933 prod*

1748 2333 1771 2359 ς,
1784 2336 1813 2361 4,
1826 2330 1862 2356 66
1893 2329 1972 2365 Signa
1993 2329 2180 2366 elogiauimus,

1102 2938 1114 2964 3
1135 2923 1171 2950 est
1190 2932 1205 2949 a
1224 2925 1342 2953 serpente
1363 2924 1497 2958 percullis,
1532 2939 1578 2945 ——
1614 2925 1784 2952 Peculiariter
1802 2936 1817 2953 a
1837 2927 1968 2961 chalcide,
1999 2933 2094 2958 ceraste
2131 2950 2176 2955 —-

1134 2965 1180 2986 aut
1192 2955 1283 2994 elope‘,
1301 2959 1440 2993 dipsadeue
1455 2959 1582 2993 percuffis.
1617 2961 1658 2987 Sic
1672 2961 1753 2988 Hard.
1767 2972 1795 2988 ex
1807 2964 1881 2991 MSS.
1895 2966 1928 2991 al.
1941 2966 2029 3001 Empe,
2044 2968 2071 2994 de
2084 2970 2165 3005 Elope

1135 2994 1188 3021 vid.
1208 3003 1231 3021 et
1246 2994 1375 3021 Nicander
1388 2998 1415 3020 in
1432 2996 1547 3022 Theriac.
1568 3005 1593 3030 p.
1606 3004 1642 3029 35.
2167 2988 2176 3004 ³

1173 3037 1214 3056 EL
1223 3029 1299 3066 &QV
1312 3037 1331 3056 O
1340 3037 1376 3064 R,
1394 3031 1449 3065 qui.
1469 3028 1608 3065 Nimim,
1628 3032 1758 3067 ἑρμηνεύων,
1775 3033 1942 3070 ἕυρεσιλσγὲω]
1969 3038 2064 3069 Dicere,
2077 3039 2175 3072 ffrre.

1137 3066 1218 3092 Plaut.
1232 3066 1327 3100 Amph.
1344 3066 1410 3100 prol.
1424 3074 1448 3099 31
1467 3067 1658 3101 Argumentum
1672 3067 1750 3095 huius
1763 3069 1875 3104 eloquar
1887 3071 2046 3105 tragoediae.
2084 3075 2175 3101 Elocu-

1136 3108 1161 3128 ta
1174 3111 1200 3128 es
1214 3102 1296 3128 Plaut.
1309 3101 1371 3127 Mil.
1382 3110 1405 3133 3,
1419 3111 1442 3134 3,
1454 3110 1492 3134 32.
1517 3103 1571 3129 Vox
1579 3103 1712 3138 probantis
1723 3103 1800 3130 ditia.
1816 3106 1890 3140 Qid.
1906 3107 2038 3134 Exlocuta.
2053 3110 2083 3134 Et
2092 3109 2174 3136 Merc.

1139 3146 1158 3168 1,
1172 3146 1197 3168 2,
1211 3140 1246 3171 67
1272 3137 1388 3177 Obsecro
1402 3142 1443 3169 te,
1456 3137 1520 3164 istuc
1534 3138 1574 3164 vti
1588 3145 1616 3165 tu
1629 3139 1727 3165 malum
1742 3139 1810 3166 mihi
1826 3141 1904 3167 facias
1919 3142 2011 3176 palam.
2050 3151 2099 3171 Ac.
2114 3145 2176 3172 Elo-

1136 3181 1215 3207 quar,
1235 3171 1450 3207 qnandoqmdem
1469 3182 1512 3200 me
1529 3182 1598 3200 oras.
1650 3175 1706 3201 Cic.
1720 3175 1770 3202 Off.
1784 3184 1806 3210 3,
1820 3184 1843 3208 51
1862 3177 1890 3202 de
1902 3177 2027 3204 venditore
2041 3186 2064 3204 et
2077 3187 2176 3213 emtore,

1137 3209 1256 3243 Vterque
1269 3208 1287 3234 fi
1299 3208 1331 3234 ad
1345 3208 1524 3242 eloquendum
1544 3210 1665 3243 venerit,
1682 3219 1736 3236 non
1754 3211 1812 3245 plus
1832 3221 1910 3246 quam
1929 3214 2005 3239 semel
2024 3215 2173 3246 eloquetur.

1136 3244 1267 3278 Eloquere
1280 3253 1333 3270 vno
1348 3243 1431 3270 verbo
1450 3245 1534 3271 Plaut.
1550 3245 1636 3272 Truc.
1650 3255 1679 3278 4,
1694 3255 1719 3278 ε,
1733 3256 1774 3280 43.
1810 3247 1876 3273 Add.
1889 3247 1926 3274 Id.
1939 3249 2033 3284 Amph.
2050 3258 2068 3281 1,
2084 3259 2101 3280 ι,
2114 3254 2175 3278 262.

1010 3282 1078 3306 Haec
1093 3290 1122 3319 85
1136 3286 1160 3305 et
1174 3279 1237 3305 eist.
1254 3288 1274 3312 1,
1287 3288 1306 3312 1,
1321 3284 1357 3312 58.
1371 3286 1417 3306 etc.
1454 3281 1534 3314 Perge
1546 3281 1638 3316 eloqui
1657 3282 1724 3308 Ter.
1740 3283 1845 3309 Phorm.
1858 3292 1885 3316 4,
1901 3292 1923 3316 3,
1937 3287 1979 3316 96.
2017 3286 2095 3317 Qod
2110 3287 2175 3314 veni

1137 3314 1246 3349 eloquar
1263 3314 1337 3341 Idem
1351 3316 1446 3341 Heaut.
1460 3316 1528 3350 prol.
1541 3325 1562 3348 3.
1633 3318 1700 3343 Cum
1714 3317 1779 3344 hero
1792 3327 1872 3352 pauca
1885 3319 1994 3353 eloquar
2017 3321 2098 3347 Plaut.
2112 3322 2173 3349 Mil.

1135 3360 1164 3384 4,
1180 3356 1203 3383 Β,
1218 3360 1259 3384 43.
1330 3352 1386 3385 Ipse
1397 3351 1508 3386 eloquar
1521 3360 1619 3378 nomen
1632 3361 1719 3379 meum
1734 3353 1806 3380 Idem
1820 3354 1912 3388 Amph.
1927 3354 1993 3388 prol.
2011 3360 2044 3384 18.
2099 3357 2173 3384 Caes,

1136 3386 1163 3412 B.
1177 3387 1207 3413 C.
1222 3395 1244 3419 e,
1262 3394 1293 3418 34
1312 3387 1361 3412 Ille
1375 3388 1462 3413 Vnum
1477 3386 1604 3419 elocutus,
1622 3393 1651 3414 vt
1663 3389 1791 3415 memoria
1806 3394 1924 3415 tenerent
1936 3390 2032 3416 milites
2046 3400 2085 3424 ea,
2107 3401 2174 3427 quae

1136 3422 1224 3456 pridie
1245 3421 1294 3447 fibi
1314 3421 1503 3449 confirmassent
1517 3443 1525 3455 ,
1550 3423 1623 3457 sequi
1648 3424 1699 3451 sese
1733 3424 1814 3451 iubet.
1904 3425 2051 3452 Monstrum
2081 3427 2174 3463 eloqui

1136 3458 1193 3484 Sen.
1207 3458 1285 3484 Here.
1299 3458 1358 3484 Oet.
1372 3459 1390 3484 s.
1404 3461 1429 3485 6.
1444 3486 1446 3488 ,
1480 3458 1560 3485 Plaut.
1577 3457 1649 3493 Epid.
1666 3468 1684 3489 1,
1698 3468 1723 3491 ι,
1738 3469 1771 3486 20
1790 3459 1864 3485 Prius
1900 3474 1945 3479 ——
1979 3470 2057 3495 quam
2071 3464 2172 3495 argenti

1134 3493 1212 3519 fuero
1230 3493 1349 3520 elocutus
1367 3492 1392 3519 ei
1408 3493 1563 3528 postremam
1577 3494 1711 3527 syllabam.
1782 3494 1867 3521 Verba
1886 3494 2019 3523 simillima
2038 3491 2111 3524 veris
2119 3500 2174 3526 elo-

1155 3538 1205 3555 uor
1235 3528 1317 3555 Ouid.
1332 3529 1410 3563 Epist.
1425 3538 1460 3562 15,
1476 3538 1527 3560 130.
1600 3531 1677 3564 Virg.
1690 3531 1754 3555 Aen.
1770 3537 1791 3561 3,
1808 3537 1838 3561 39
1867 3528 1997 3565 Eloquar,
2017 3542 2049 3559 an
2068 3534 2172 3562 sileam}

1135 3538 1159 3626 Ξ
1178 3573 1193 3590 2
1230 3564 1343 3599 Eloqui,
1362 3565 1395 3590 ad
1408 3573 1517 3591 oratores
1522 3563 1637 3601 spet‘i'at,
1661 3564 1722 3590 unde
1734 3564 1850 3590 dicuntur
1863 3565 2030 3601 Eloquentes.
2066 3570 2121 3596 Cic.
2139 3570 2172 3597 de

1162 3608 1209 3626 rat.
1226 3608 1246 3632 1,
1261 3602 1297 3632 64
1317 3600 1433 3627 Disertos
1447 3608 1490 3626 me
1504 3601 1622 3635 cognoss'e
1635 3599 1791 3631 nonnullOS,
1810 3599 1977 3635 eloquentem
1991 3603 2076 3631 adhuc
2089 3607 2173 3632 nemi-

1682 3634 1845 3669 Compoffle,
1865 3640 1975 3670 ornate,
1994 3642 2098 3674 copiose
2117 3642 2172 3668 elo-

1135 3671 1182 3704 qui
1202 3669 1274 3696 Idem
1288 3670 1320 3696 de
1333 3671 1407 3697 Orat.
1429 3679 1447 3701 ι,
1464 3677 1497 3704 48
1511 3681 1533 3697 c.
1547 3680 1577 3697 11.
1648 3669 1762 3703 Copiose
1781 3671 1887 3705 eloqui,
1914 3675 1995 3700 modo
2014 3677 2171 3710 prudenter:

1136 3705 1231 3732 melius
1243 3705 1289 3737 est,
1305 3714 1384 3739 quam
1399 3707 1441 3733 vel
1454 3706 1593 3733 acutiffime
1607 3704 1659 3730 fine
1673 3706 1823 3739 eloquentia
1837 3708 1953 3741 cogitare
1972 3710 2010 3736 Id.
2021 3712 2072 3737 Off.
2090 3715 2169 3745 1,1,·6.

1136 3741 1220 3775 Digne
1238 3741 1414 3774 Sen.Thyest.
1428 3743 1446 3768 s.
1461 3748 1482 3771 8.
1539 3740 1686 3766 CicTusc.
1700 3749 1719 3772 1,
1735 3743 1752 3767 6
1771 3742 1842 3769 Fieri
1854 3750 1940 3770 autem
1950 3746 2041 3779 potest,
2057 3754 2084 3773 vt
2098 3748 2169 3774 re&e

1134 3778 1194 3811 quis
1208 3775 1315 3803 sentiat:
1332 3784 1357 3803 et
1371 3777 1398 3803 id
1410 3777 1482 3811 quod
1494 3776 1587 3807 sentit,
1605 3776 1689 3802 Polite
1709 3776 1799 3812 eloqui
1817 3786 1871 3804 non
1886 3779 1965 3813 poffit.
2037 3784 2169 3810 Praeclare

1444 3849 1446 3851 Ι
1686 3848 1690 3851 γ
1806 3814 1852 3840 Vis
1867 3815 2008 3849 eloquendi
2021 3817 2170 3844 rhetoricae

1131 3856 1229 3874 nomen
1243 3847 1317 3873 dedit
1337 3848 1468 3880 Qiinehl.
1489 3854 1514 3878 2,
1530 3854 1551 3878 ι,
1564 3853 1586 3878 ς.
1658 3848 1704 3873 V1s
1718 3848 1861 3883 eloquendi
1874 3852 1988 3877 maxima
2002 3853 2050 3878 soli
2065 3852 2167 3879 oratori

1132 3884 1261 3910 tribuitur
1282 3884 1337 3909 Cic.
1352 3885 1379 3908 in
1393 3884 1465 3908 Orat.
1502 3899 1520 3911 .,
1548 3900 1554 3907 .
1589 3895 1598 3908 ι
1650 3882 1767 3909 Domina
1780 3893 1869 3911 rerum
1883 3884 2024 3921 eloquendi
2037 3889 2077 3914 vis
2090 3897 2169 3921 quam

1133 3919 1168 3945 est
1183 3918 1328 3953 praeclara,
1347 3925 1477 3951 quamque
1492 3916 1584 3943 diuina
1607 3916 1679 3944 Idem
1694 3918 1727 3945 de
1739 3919 1774 3946 N.
1789 3919 1820 3946 D.
1838 3929 1860 3952 2,
1876 3927 1920 3954 148
1934 3932 1954 3948 c.
1967 3931 2006 3954 59.
2076 3922 2169 3949 AH'i'ne

1131 3954 1203 3981 haber
1217 3954 1280 3979 Enn.
1293 3953 1359 3987 apud
1370 3952 1439 3978 Gell.
1454 3961 1487 3982 ιε,
1500 3961 1527 3985 4.
1560 3960 1624 3979 certe
1636 3957 1662 3979 in
1676 3954 1749 3981 libris
1762 3955 1912 3990 quibusdam.
1971 3956 2019 3982 Sed
2030 3959 2128 3984 Merula
2140 3962 2168 3984 in

1282 4023 1306 4049 V
1326 4031 1344 4047 V
1379 4031 1396 4050 2
2078 4028 2167 4070 dadier
