2479 4225
307 152 373 191 47¹
678 135 713 177 Ε
813 133 971 178 XC
1794 130 2081 172 EXC
2360 146 2431 184 472

343 222 507 257 Excxiao,
525 223 569 256 ui,
588 224 670 255 itum,
689 228 742 252 are.
777 220 947 258 [παννυχίζω
965 219 1106 254 neuneu-2¹1⁶]
1147 218 1267 254 Vigilare,
1280 216 1338 242 dili.
1397 226 1414 253 7
1438 219 1549 252 Verbis,
1572 219 1676 254 inquit,
1694 218 1835 250 obsoletis,
1854 219 2056 256 exculcatisque.
2115 221 2182 248 Idem
2201 220 2262 247 alibi
2280 220 2430 256 Inuulgata,

306 268 391 298 genter
405 259 531 292 custodire.
564 260 667 287 Videtur
673 264 757 295 primo
765 257 842 294 suiffi
855 264 926 282 extra
938 255 1047 287 domum,
1063 262 1119 281 ante
1131 257 1230 279 ianuam
1242 251 1338 282 cubare,
1396 254 1580 289 [ardentiaque
1597 261 1678 281 vocat.

306 303 336 323 vt
348 295 492 330 procubare
509 293 543 328 est
562 292 623 322 ante*
634 298 719 321 iacere.
761 294 815 319 Hoc
827 301 879 318 cum
892 290 977 316 deinde
983 290 1131 326 frequenter
1143 286 1263 320 custodiae
1273 306 1282 318 ,
1297 293 1334 313 tu-
1431 297 1448 316 E
1458 298 1476 317 x
1485 297 1501 317 c
1511 297 1531 316 V
1540 298 1556 317 L
1566 296 1582 316 C
1593 293 1614 317 Ᾱ
1623 297 1643 316 Τ
1654 297 1672 316 O
1681 297 1699 316 R
1709 310 1716 322 ,
1738 289 1800 315 aris.
1820 298 1854 316 m.
1893 291 1987 316 Nomen
1999 292 2117 323 militare,
2125 291 2188 326 quod
2200 294 2226 316 in
2235 290 2435 324 Notit.1)ignit..

305 332 379 360 telae,
397 331 556 366 vigiliarum,
568 330 640 365 causa
651 330 736 365 fieret:
762 337 809 353 non
822 334 943 360 nunquam
958 324 1090 359 etiamstne
1102 321 1211 359 respc’t‘lu
1224 322 1258 349 ad
1268 321 1335 348 illam
1395 325 1461 359 Imp.
1473 327 1536 352 Occ.
1560 329 1669 352 occurrit
1686 327 1815 360 aliquoties
1828 322 1892 360 βᾶ.
1906 325 2032 352 Labbeana
2047 335 2086 359 μ’,
2104 329 2171 352 inter
2193 326 2291 352 auxilia
2310 325 2432 360 Palatina,

304 368 423 394 rationem
432 385 440 398 ‚
458 364 591 398 custodiam
604 375 633 392 ac
644 366 742 391 tutelam
748 363 827 398 solam
833 360 859 394 st
878 360 972 395 nificat.
1015 362 1045 387 In
1059 361 1143 386 multis
1158 365 1237 384 tamen
1250 363 1336 392 aperta
1357 367 1370 392 5
1396 366 1419 386 et
1436 360 1496 387 se&
1509 370 1554 395 40,
1573 365 1640 388 inter
1653 369 1777 387 numeros
1791 360 1859 386 intra
1872 360 2032 394 Hispaniam.
2070 361 2146 387 Nihil
2158 365 2221 387 certi
2232 361 2303 388 habet
2316 362 2431 387 Panciroa

304 400 373 426 illius
387 404 494 437 originis
509 400 614 436 vestigia
627 400 782 434 obstruamus.
872 395 954 422 allust.
970 396 998 422 in
1010 395 1127 430 Iugurth.
1144 403 1165 420 c.
1180 402 1226 420 100
1241 393 1336 427 Neque
1397 395 1436 421 Ius
1454 405 1475 422 c.
1489 404 1522 422 22.
1543 405 1568 422 n.
1584 405 1622 430 50.
1674 396 1825 423 stewechius
1838 403 1876 421 eos
1889 404 1978 431 quoque
1989 396 2035 429 libi
2046 395 2161 429 inueniffe
2180 396 2246 432 visits
2260 395 2292 428 est
2304 395 2370 432 apud
2381 397 2431 422 Ve-

304 436 392 470 secus‚
407 445 487 471 quam
502 436 519 462 si
535 437 584 462 iter
596 435 706 463 faceret,
726 431 804 457 castra
816 431 930 462 munire,
948 431 1099 458 excubitum
1113 430 1140 456 in
1152 434 1228 464 porta
1243 427 1337 468 cohor·
1397 435 1447 464 get.
1460 439 1486 463 2,
1506 438 1539 464 ις.
1559 431 1615 468 post
1629 431 1750 459 Turneb.
1765 439 1815 463 24,
1834 439 1866 457 12.
1892 439 1934 456 nec
1953 438 2073 467 repugnat
2093 431 2205 465 Biffilius
2225 432 2328 467 Miscell.
2343 428 2430 458 Philoi.

305 476 343 498 tes
355 480 387 497 ex
400 471 555 506 legionibus,
572 478 619 503 pro
634 468 719 493 castris
733 466 834 501 equites
845 467 1001 494 auxiliarios
1013 467 1126 493 mittere.
1196 463 1338 490 Tribunus
1397 475 1419 491 c.
1433 469 1452 492 6
1467 472 1495 501 p.
1511 476 1561 501 175.
1614 467 1661 494 Sed
1673 468 1823 493 vehementer
1839 469 1942 492 variant
1960 466 2020 493 libri
2038 468 2142 503 ls'egetii.
2194 468 2319 493 Caeterum
2333 465 2431 501 poffitnt

305 506 435 533 excubans
454 507 557 533 Sueton.
573 505 636 530 Ner.
657 511 677 528 c.
692 510 716 533 9.
787 502 847 528 Liu.
866 510 897 535 ς,
934 521 941 528 .
979 522 986 529 .
1021 501 1154 529 Excubare
1176 508 1224 534 pro
1243 499 1335 532 portis.
1396 501 1453 527 boni
1464 504 1554 527 ominis
1567 503 1639 538 causa
1651 506 1689 529 ita
1702 500 1766 528 dieti
1786 501 1844 535 esse,
1863 504 1906 537 qui
1918 502 2081 529 exculcarcnt
2095 500 2188 535 hostes,
2205 509 2234 528 vt
2247 502 2287 528 ille
2302 503 2431 528 Plautinus

304 541 344 568 Ad
358 548 463 576 portum
477 541 546 567 Caes.
560 537 622 564 Bell.
636 536 719 563 Ciuil.
732 545 757 568 2,
772 545 809 563 22.
877 539 908 564 In
920 546 984 572 agro
998 544 1110 564 armatos
1125 535 1182 562 Cic.
1197 534 1228 561 de
1242 534 1334 561 Diuin.
1349 543 1378 562 ιο
1394 535 1512 567 iaHator,
1530 546 1597 572 quem
1610 538 1677 564 modo
1689 537 1836 564 audiuimus.
1873 537 2022 572 Promiscrat
2035 537 2063 564 de
2076 538 2129 565 illis
2143 539 2282 566 Scriuerius
2294 540 2322 563 in
2335 545 2431 563 nomen-

305 585 325 608 ι,
339 586 383 603 112.
452 578 482 602 In
496 574 576 600 muris
594 572 654 598 Liu.
675 580 721 604 34,
758 591 765 597 .
802 591 809 598 .
863 573 935 599 Caes.
958 574 985 600 B.
998 573 1057 599 Ciu.
1072 581 1094 605 3,
1108 579 1147 604 50.
1219 569 1333 604 Metaph.
1393 573 1485 598 clarore
1495 570 1643 608 strategico.

303 612 437 638 Excubant
452 612 479 636 in
492 609 571 635 tutela
583 607 652 634 ruris
668 607 695 632 in
708 616 775 641 aqua
789 608 856 634 satae
872 608 961 635 salices
979 609 1044 634 Plin.
1060 610 1095 638 16,
1108 614 1150 641 27.
1217 605 1333 632 Excubat
1431 613 1449 633 E
1460 615 1478 634 x
1488 612 1505 633 c
1517 614 1536 632 v
1546 613 1561 632 L
1571 614 1586 634 P
1596 613 1630 639 o,
1656 609 1697 634 vel
1721 614 1764 634 Ex
1774 613 1915 634 SCVLPO
1924 626 1932 638 ,
1961 605 1996 640 pfl
2006 625 2015 638 ‚
2036 612 2124 640 ptum,
2151 610 2203 634 ere.
2240 605 2430 642 [znxaeol-nw]
2441 619 2452 637 q.
2463 608 2466 613 ·

302 647 388 674 laurus
401 652 457 672 ante
469 645 577 675 limina,
592 649 641 678 pro
655 641 696 675 Est
709 642 773 668 Plin.
783 651 865 675 15,30.
920 644 988 670 Ante
1001 644 1110 670 domum
1121 640 1236 668 excubui
1250 640 1332 667 Ouid·
1393 641 1634 678 Perfec‘leflulpere,
1650 642 1830 678 velfiulpendo
1839 641 1965 677 perficere.
2001 641 2067 668 Plin.
2076 650 2135 674 33,9
2155 643 2229 676 Quin
2242 642 2321 668 etiam
2336 641 2430 676 pocula

301 684 393 709 Amor.
404 689 426 712 3,
443 688 476 711 11,
492 687 523 704 12.
594 679 660 704 Ante
673 678 743 704 fores
756 678 866 705 excubat
879 679 1010 706 Cerberus
1022 678 1119 705 Tibul.
1134 687 1151 710 1,
1163 684 1233 711 3,72.
1285 677 1334 701 Ex·
1394 677 1431 704 ita
1444 677 1607 712 figurantur,
1628 678 1767 712 exsculptis
1781 678 1851 704 intus
1869 677 1968 703 crebris
1983 685 2030 703 ceu
2045 677 2168 711 speculis,
2187 684 2214 704 vt
2235 678 2277 703 vel
2293 685 2346 703 vno
2360 677 2432 703 intu-*

303 717 396 744 cubare
410 723 458 748 pro
469 723 531 747 pace
544 713 653 740 Modest.
669 714 697 739 in
711 713 728 739 l.
743 713 843 739 Famosi
865 714 896 740 D.
908 714 941 741 ad
958 715 1008 749 leg.
1024 715 1118 741 Iuliam
1132 712 1231 739 maiest.
1285 712 1333 737 Ex·
1353 722 1377 749 ις
1395 718 1468 744 ente,
1484 714 1596 748 populus
1615 712 1727 739 totidem
1745 714 1890 747 imaginum
1905 713 1957 739 fiat.
1999 713 2102 748 Legitur
2119 716 2191 739 etiam
2210 712 2334 747 Expulsis.
2381 712 2430 738 Ex-

301 752 394 778 cubare
406 749 510 781 animo,
526 756 575 783 pro
592 749 720 785 Vigilare,
739 754 763 774 et
776 751 885 784 inquieto
901 753 984 776 animo
1003 749 1045 784 iste
1056 760 1063 774 :
1087 749 1143 775 Cic.
1154 748 1236 775 Tusc.
1249 755 1283 780 4,
1303 754 1335 782 37
1395 749 1500 783 sculptis
1518 752 1590 775 etiam
1610 748 1734 774 Harduin.
1754 749 1772 774 s.
1786 756 1828 782 45.
1923 749 1979 774 Cic.
1997 748 2076 774 Attic.
2092 756 2131 779 13,
2151 753 2181 778 28
2207 749 2314 775 Tamen
2331 747 2430 780 nescio,

300 787 354 819 Qu
368 786 467 818 semper
479 784 569 811 animo
583 784 616 810 sic
630 784 756 816 excubat,
777 791 804 810 vt
817 784 843 810 ei
855 784 924 811 nihil
937 785 1111 820 improuisum
1123 783 1240 811 accidere
1253 782 1334 817 poffit,
1396 784 1461 818 quid
1477 793 1491 810 e
1504 793 1601 819 quercu
1619 783 1806 817 exsculpseram
1816 804 1824 816 ‚
1844 783 1916 819 quod
1928 783 2064 809 videretur
2081 783 2171 809 siuiile‘
2183 783 2322 810 simulacri.
2392 782 2430 809 Sia

298 820 365 846 nihil
384 820 564 854 inopinatum,
583 819 651 845 nihil
665 820 776 845 omnino
787 828 898 846 nouum.
933 821 1000 847 Add.
1016 821 1088 847 Idem
1103 821 1155 846 Att.
1170 828 1196 852 9,
1211 827 1241 844 11.
1276 817 1333 844 Cic.
1394 828 1473 854 gnum
1489 828 1520 846 ex
1533 819 1618 854 lapide
1636 818 1766 852 Qninffil.
1781 827 1806 851 z,
1819 828 1856 851 19,
1871 828 1892 851 3.
1944 818 2017 845 Idem
2036 827 2063 849 2,
2076 828 2110 852 4,
2123 826 2141 853 7
2166 820 2304 855 Metaphor.
2323 817 2352 844 de
2363 821 2430 855 inge-

296 855 406 889 Philipp.
415 858 441 887 6,
457 860 482 885 18
495 854 597 891 subfin.
618 854 800 889 Quamobrem
813 855 943 888 Quirites,
963 856 1073 882 consilio
1086 861 1213 891 quantum
1227 859 1332 888 potero,
1392 858 1443 881 niis
1458 862 1606 890 puerorum,
1632 854 1771 881 Materiem
1792 855 1840 880 esse
1855 855 1971 888 primum
1990 853 2054 880 volo
2090 869 2135 873 -—
2170 855 2284 881 Multum
2306 852 2367 880 inde
2386 856 2433 889 tie·¹

296 890 386 916 labore
407 890 462 924 plus
484 899 564 925 paene
583 899 662 925 quam
684 897 794 925 potero,
817 890 968 922 excubabo,
990 892 1161 926 vigilaboque
1181 899 1228 924 pro
1248 888 1333 915 vobis.
1343 901 1380 919 20
1394 897 1508 925 coquent
1523 892 1599 920 anni,
1616 890 1728 916 multum
1743 889 1812 915 ratio
1827 889 1930 916 limabit
1940 910 1947 923 ,
1960 889 2062 924 aliquid
2076 889 2147 915 velut
2160 891 2205 915 vsu
2219 890 2274 924 ipso
2287 889 2430 916 deteretur.
2444 910 2447 913 ,

295 926 380 952 Planc.
394 927 449 952 Cic.
463 927 534 952 Fam.
546 935 583 959 10,
598 931 611 956 8
630 927 666 952 Ex
680 935 734 961 quo
749 925 863 960 intelligi
877 926 960 960 potest
975 936 1064 953 curam
1078 928 1126 953 Rei
1147 925 1201 952 ubl.
1216 926 1333 950 summae
1394 926 1433 952 Sit
1451 927 1532 952 modo
1551 926 1619 952 vnde
1637 925 1723 951 excidi
1741 924 1828 959 poffit,
1847 930 1872 951 et
1887 925 1958 959 quod
1972 925 2095 959 exsculpi.
2168 926 2252 951 Varro
2271 925 2303 951 de
2315 926 2347 951 R.
2359 925 2391 950 R.
2405 932 2429 957 3,
2443 935 2447 939 ·

295 961 476 988 defendundae
490 961 647 996 iampridem
659 960 728 995 apud
741 970 788 987 nos
803 961 939 988 excubare.
1115 936 1168 999 ξπ.
1205 961 1312 996 Obserua
1325 970 1333 984 :
1395 969 1422 994 9,
1433 969 1450 996 7
1473 963 1573 988 Contra
1587 961 1697 995 singulas
1712 961 1821 995 perticas
1835 960 1863 985 in
1879 961 1976 994 pariete
1996 960 2125 995 exsculpta
2143 959 2190 986 sint
2210 960 2309 987 cubilia
2326 968 2445 990 earum}-

295 996 444 1024 Excubatur
464 1006 553 1024 rerum
572 1006 625 1023 non
642 997 725 1023 animi
744 997 836 1031 pretiis
852 997 968 1029 Plin.3;,
981 1004 998 1031 7
1023 997 1042 1023 s.
1057 1006 1094 1029 32.
1132 996 1335 1032 Qcaesententia
1395 996 1423 1022 de
1435 998 1545 1033 gallinis.
1601 998 1632 1023 Et
1645 1006 1716 1029 mox,
1736 997 1791 1028 Ita,
1812 1002 1840 1021 vt
1861 996 1890 1021 in
1908 997 2052 1030 parietibus
2072 996 2171 1022 circum
2186 996 2276 1022 omnia
2293 995 2369 1030 plena
2382 995 2444 1022 sint.

294 1032 356 1067 quid
360 1032 411 1066 fibi
424 1034 500 1064 velit,
514 1033 621 1070 equidem
634 1042 681 1059 non
696 1032 797 1064 diuino,
816 1042 891 1068 neque
903 1031 1005 1066 dixiſje,
1022 1033 1085 1067 quod
1097 1034 1248 1068 intelligam,
1267 1032 1333 1056 Har-
1394 1032 1493 1058 cubilia
1511 1033 1667 1067 gallinarum
1679 1052 1687 1064 ,
1710 1038 1754 1058 aut
1772 1031 1918 1065 exsculpta,
1943 1038 1987 1058 aut
2008 1030 2093 1058 afficta
2111 1031 2230 1057 firmiter.
2306 1029 2431 1064 Exsculpe

294 1068 413 1100 duinum,
424 1067 521 1102 fateor.
566 1068 647 1096 Sermo
661 1066 694 1101 est
707 1068 736 1094 de
743 1066 855 1103 piilura.
892 1069 958 1095 Olim
971 1069 1062 1104 easuit
1070 1068 1195 1103 pretiosa,
1210 1076 1265 1092 cum
1274 1069 1332 1102 pig-
1347 1078 1377 1104 25
1393 1067 1501 1094 oculum
1515 1069 1582 1094 Ter.
1593 1068 1697 1094 Phorm.
1710 1076 1734 1100 ς,
1748 1073 1771 1099 8,
1783 1069 1825 1099 96.
1861 1067 1974 1093 Exclude
1986 1066 2019 1100 eft
2031 1070 2057 1093 in
2071 1070 2172 1102 opnmis
2187 1066 2337 1102 quibusdam.
2373 1066 2443 1102 Hos-

295 1110 376 1129 menta
391 1101 463 1136 efflent
479 1105 551 1130 vilia.
614 1104 690 1129 Nunc
708 1112 748 1129 res
767 1110 854 1129 contra
865 1103 895 1140 Je
913 1103 983 1130 habet
996 1113 1003 1129 :
1039 1104 1164 1138 Purpuris
1181 1103 1209 1128 in
1223 1103 1334 1136 parietes
1394 1103 1483 1129 versus
1501 1104 1703 1130 Lacedaemonii
1721 1103 1932 1136 exsculpserunt:
1965 1112 2051 1137 neque
2066 1102 2139 1129 aliud
2159 1102 2332 1136 scripserunt,
2350 1109 2430 1136 quam

294 1138 471 1173 migrantibus
506 1153 550 1158 —-
586 1138 657 1165 nulla
678 1138 777 1165 nobilis
800 1138 902 1173 pidhxra
923 1139 968 1165 est.
1022 1140 1120 1165 Omnia
1139 1147 1202 1173 crgo
1221 1138 1333 1163 meliora
1395 1139 1502 1165 nomina
1516 1148 1606 1165 earum
1624 1139 1778 1170 ciuitatum,
1797 1147 1909 1172 quarum
1928 1138 2029 1164 auxilio
2042 1139 2131 1164 Persae
2149 1145 2224 1164 erant
2239 1137 2306 1163 vieti
2318 1137 2388 1171 Nep.
2402 1135 2441 1170 4‚'

295 1179 357 1200 tunc
371 1174 459 1204 suere,
478 1182 536 1199 curn
549 1173 639 1201 minor
653 1174 736 1208 copia.
785 1175 824 1201 Ita
836 1174 872 1200 est
885 1185 891 1205 ;
919 1175 1060 1209 quoniam,
1076 1181 1104 1201 vt
1119 1176 1195 1209 supra
1207 1173 1333 1204 diximus,
1396 1182 1415 1205 ι,
1429 1183 1450 1206 3.
1520 1175 1660 1210 Metaphor.
1682 1175 1750 1200 Ter.
1765 1174 1828 1199 Eun.
1844 1183 1872 1207 4,
1890 1182 1918 1206 4,
1937 1182 1970 1207 43
1996 1174 2131 1199 Possumne
2149 1182 2198 1207 ego
2212 1172 2292 1199 hodie
2306 1181 2337 1199 ex
2350 1179 2375 1199 te
2388 1180 2431 1198 ex.
2450 1184 2455 1187 ⁴

294 1218 384 1236 rerum
397 1218 451 1235 non
464 1209 546 1234 animi
560 1209 651 1242 pretiis
665 1211 815 1237 excubatur.
867 1209 987 1245 Respicit,
1001 1217 1063 1249 puto
1077 1210 1110 1236 ad
1123 1219 1144 1236 c.
1157 1219 1173 1236 2
1193 1210 1332 1235 Materiam
1395 1209 1513 1243 sculpere
1526 1219 1626 1236 verum.
1679 1210 1759 1236 Plaut.
1774 1209 1836 1235 cist.
1852 1218 1877 1240 2,
1890 1218 1915 1241 z,
1930 1212 1945 1235 6
1971 1210 2022 1235 Vix
2037 1209 2167 1243 exsculpli,
2186 1215 2213 1234 vt
2228 1209 2334 1235 diceret.
2381 1208 2431 1234 Ex.

294 1244 395 1270 malunt
410 1244 525 1278 conspici
537 1252 642 1277 omnes,
660 1254 737 1279 quam
752 1246 775 1271 se
789 1245 871 1271 nosci.
913 1246 1010 1281 Qidji
1022 1246 1146 1281 legamus,
1166 1246 1264 1271 Rerum
1279 1253 1332 1269 non
1345 1257 1377 1280 30
1393 1252 1519 1279 torquere
1531 1248 1710 1280 interpretatur
1724 1246 1797 1271 Non.
1812 1253 1836 1278 2,
1847 1248 1899 1276 362,
1919 1247 1960 1279 qui
1972 1248 2045 1270 etiam
2058 1244 2145 1270 laudat
2158 1244 2242 1270 Lucil.
2255 1244 2304 1271 Sat.
2318 1253 2330 1270 2
2351 1243 2431 1270 Nune

293 1279 394 1312 animi,
418 1282 438 1305 i.
454 1283 533 1309 artis,
551 1282 661 1315 ingenii,
684 1280 775 1315 pretiis
793 1281 943 1307 aestimatur
955 1279 1070 1316 piflura.
1126 1280 1270 1309 Scribebant
1288 1281 1330 1305 Li·
1393 1289 1505 1313 nomen,
1524 1281 1629 1315 iamque
1645 1287 1676 1306 ex
1691 1280 1797 1306 testibus
1811 1280 1864 1314 ipse
1878 1279 2168 1314 rogandunffixsculpo,
2183 1279 2245 1306 hacc
2260 1279 2353 1307 dicam.
2398 1280 2435 1306 Et
2452 1309 2454 1311 ¹

291 1314 374 1340 brarii
393 1315 544 1340 extimatur.
600 1316 668 1341 Hinc
688 1317 738 1342 leui
758 1319 926 1342 immutatione
948 1316 1101 1343 excubatur.
1178 1314 1329 1346 Excubare‚
1392 1316 1477 1343 Lucil.
1509 1317 1554 1343 Vti
1568 1317 1693 1343 esurienti
1708 1316 1780 1342 leoni
1794 1324 1824 1341 ex
1838 1324 1885 1341 ore
1897 1316 2056 1350 exsculperet
2068 1315 2200 1350 praedam.
2424 1319 2429 1323 “

291 1349 428 1375 incubando
450 1350 578 1381 excudere,
602 1352 642 1377 vel
661 1351 786 1378 excludere
808 1361 861 1377 oua.
932 1352 1063 1379 Columel.
1077 1357 1099 1382 8,
1114 1359 1137 1384 Ξ,
1153 1358 1166 1383 5
1197 1350 1330 1377 Nouellae
1427 1358 1444 1378 Ε
1453 1360 1471 1378 x
1481 1357 1499 1377 c
1510 1360 1530 1378 v
1540 1359 1555 1377 L
1567 1359 1588 1378 T
1599 1359 1619 1377 v
1628 1358 1640 1377 s
1649 1371 1656 1382 ‚
1687 1351 1741 1378 vid.
1764 1357 1781 1377 E
1790 1359 1808 1377 x
1817 1357 1833 1377 C
1842 1358 1860 1377 O
1871 1358 1886 1376 1.
1896 1357 1924 1376 0.

289 1384 403 1421 gallinae
415 1385 496 1419 magis
510 1385 631 1418 edendis,
651 1395 729 1420 quam
743 1386 902 1413 excubandis
919 1388 979 1413 ouis
994 1387 1115 1413 vtiliores
1129 1387 1202 1418 sunt,
1223 1385 1328 1412 inhibe·
1428 1394 1470 1414 Ex
1482 1393 1499 1414 c
1513 1394 1531 1412 V
1543 1395 1564 1413 N
1574 1394 1617 1413 ΕΛ
1627 1394 1647 1413 Τ
1657 1394 1713 1418 vs,
1733 1395 1763 1419 a,
1790 1396 1844 1412 um.
1881 1385 1942 1412 Adi.
1979 1385 2054 1420 Apul.
2070 1385 2169 1412 Florid.
2183 1394 2194 1418 3
2211 1392 2254 1421 pr.
2289 1394 2314 1420 p.
2332 1392 2385 1418 353,
2397 1391 2433 1420 37.

290 1426 387 1454 tui-que
400 1421 526 1454 cupiditas
541 1421 683 1447 incubandi
697 1421 804 1456 pinnula
823 1431 869 1456 per
888 1431 963 1448 nares
975 1422 1092 1449 traiefita.
1159 1423 1190 1448 Et
1206 1431 1262 1447 mox
1282 1423 1300 1447 s.
1313 1423 1328 1447 6
1345 1430 1372 1456 35
1389 1422 1416 1449 de
1429 1423 1525 1449 theatro
1538 1423 1632 1458 referto
1643 1423 1797 1454 hominibus,
1817 1421 1935 1447 Extimus
1948 1422 2060 1456 quisque
2074 1422 2210 1447 excuneati
2226 1426 2390 1456 queruntur,
2410 1423 2442 1447 ιζ’

291 1456 427 1488 Quoniam
443 1456 510 1482 aliae
526 1457 619 1482 melius
637 1457 782 1488 excubant,
802 1457 870 1483 aliae
888 1457 973 1483 editos
989 1458 1073 1491 pullos
1088 1457 1253 1483 commodius
1265 1457 1328 1483 edu·
1389 1465 1460 1484 extra
1473 1468 1559 1484 cuncos
1578 1459 1671 1484 theatri
1679 1458 1708 1492 se
1722 1457 1846 1493 extrusos,
1862 1465 1892 1483 vt
1911 1466 1959 1483 non
1973 1457 2074 1491 astidere
2093 1460 2119 1482 in
2131 1456 2211 1493 gradu
2221 1455 2331 1491 pffm,
2343 1455 2392 1492 sed
2402 1458 2453 1514 inu}

291 1496 358 1517 eant.
414 1491 455 1518 Sic
471 1497 495 1517 et
514 1496 537 1523 8,
551 1500 590 1525 14,
605 1499 621 1526 7
642 1495 738 1526 primae
751 1492 869 1518 editiones
881 1493 971 1518 habent
989 1494 1068 1527 pullis
1087 1492 1234 1519 formandis
1253 1501 1329 1518 excu-
1388 1497 1440 1520 viis
1454 1493 1479 1529 s.
1489 1493 1630 1529 scalaribus
1648 1493 1785 1519 haererent.
1840 1493 1882 1519 Sic
1901 1491 1967 1519 reHe
1987 1497 2166 1528 interpretatus
2185 1491 2217 1525 est
2230 1491 2331 1527 Salmas.
2344 1493 2431 1533 Exere:

289 1525 450 1561 bandisquc‚
474 1526 517 1553 vbi
533 1525 590 1562 post
611 1526 701 1553 editum
721 1526 950 1561 excludendisque.
1009 1529 1177 1563 Obseruabilis
1199 1532 1272 1554 etiam
1294 1525 1328 1560 cst
1388 1530 1456 1556 Plin.
1473 1536 1500 1563 p.
1516 1533 1564 1562 645
1588 1528 1604 1553 b
1622 1528 1650 1553 B.
2358 1559 2364 1565 .
2429 1544 2438 1549 .

290 1561 347 1588 Cic.
362 1561 393 1587 de
406 1561 496 1587 Diuin.
505 1570 525 1594 1,
539 1565 572 1594 96
591 1571 612 1588 c.
627 1571 658 1595 43
682 1563 736 1595 Qui
750 1568 884 1596 praeerant
898 1562 1122 1595 Lacedaemoniis,
1141 1572 1196 1589 non
1210 1563 1328 1588 contenti
1426 1571 1442 1590 Ε
1453 1571 1469 1590 x
1481 1569 1498 1589 c
1508 1570 1555 1589 VR
1566 1570 1602 1594 Π)
1612 1582 1620 1594 ,
1646 1567 1698 1588 are.
1733 1561 1897 1597 [ἓξκρχαέω]
1940 1562 2023 1588 Curia
2044 1561 2194 1588 excludere.
2229 1562 2315 1587 Varro
2328 1561 2430 1596 Hippo·

290 1596 462 1630 vigilantibus
484 1598 568 1629 curis,
592 1597 621 1622 in
641 1598 774 1632 Pasiphaae
792 1598 870 1630 fano,
890 1598 961 1633 quod
975 1599 1011 1625 est
1036 1599 1064 1624 in
1081 1607 1145 1632 agro
1160 1604 1268 1632 propter
1287 1607 1328 1624 vr-
1336 1611 1372 1635 40
1387 1607 1479 1630 cyone.
1517 1598 1689 1632 Apollonium
1705 1596 1767 1624 ideo
1787 1598 1938 1630 excutiant,
1960 1598 2022 1632 quia
2042 1597 2112 1623 nihil
2126 1595 2248 1624 babebat.
2283 1597 2429 1632 Antiquam.

290 1630 367 1662 bem,
387 1632 534 1658 somniandi
552 1633 624 1658 causa
644 1633 812 1660 excubabant.
855 1636 896 1660 Ita
911 1635 985 1661 MSS.
1029 1634 1075 1661 Sed
1089 1635 1237 1666 Manutius,
1257 1642 1327 1669 quem
1389 1635 1462 1661 Non.
1478 1642 1498 1666 1,
1514 1636 1570 1667 164.

290 1666 440 1697 Lambinus,
463 1666 623 1702 Dauifiusque
642 1667 793 1703 sequuntur,
818 1669 991 1701 incubabant,
1011 1671 1121 1700 malunt,
1138 1669 1202 1704 quod
1220 1667 1253 1701 eli
1265 1669 1327 1704 sane
1426 1674 1643 1696 EXCVRATV
1655 1675 1684 1700 s,
1703 1677 1726 1698 a,
1748 1676 1803 1694 um.
1841 1668 1933 1695 Partic.
1970 1668 2205 1702 [ἒξητοιμασμένος]
2245 1667 2384 1702 Diligenter
2402 1670 2426 1692 et

290 1701 389 1728 verbum
403 1710 430 1727 ea
446 1704 473 1727 in
485 1711 511 1728 re
521 1705 659 1737 proprium.
697 1702 777 1735 Potest
794 1710 874 1728 tamen
888 1705 970 1730 Cicero
983 1704 1016 1731 ad
1028 1707 1148 1741 originem
1167 1705 1237 1731 verbi
1254 1705 1329 1739 respi-
1388 1715 1441 1732 cum
1455 1714 1515 1731 cura
1529 1711 1674 1739 apparatus.
1710 1703 1794 1730 Plaut.
1807 1703 1897 1729 Pseud.
1912 1711 1936 1737 ς,
1952 1711 1972 1736 1,
1984 1709 2000 1733 3
2024 1704 2062 1729 Ita
2074 1708 2197 1729 excurato
2211 1701 2283 1728 virilu
2292 1721 2300 1734 ,
2319 1701 2356 1727 ita
2373 1708 2428 1740 ma-

290 1739 358 1763 ciens
370 1736 399 1762 id
406 1736 526 1772 pofiiiffe,
541 1744 590 1772 pro
604 1742 676 1763 extra
689 1737 782 1764 vrbem
795 1738 899 1764 cubare.
1389 1741 1447 1773 gnis
1460 1740 1615 1771 munditiis,
1630 1746 1676 1765 etc.
1746 1739 1828 1766 Plaut.
1836 1739 1920 1767 Calin.
1935 1747 1958 1771 3,
1971 1741 2022 1772 6‚6
2042 1738 2141 1774 Lepide
2154 1743 2290 1765 excuratus
2302 1735 2432 1768 incessistl,

327 1778 371 1798 ΕΧ
381 1778 397 1798 C
407 1779 427 1797 V
436 1778 452 1798 B
461 1779 482 1798 A
492 1779 513 1798 T
524 1780 532 1798 1
545 1778 564 1798 0
575 1792 583 1804 ‚
604 1772 672 1798 finis.
709 1773 728 1799 f.
764 1772 965 1807 [παννυχισμός]
1001 1774 1089 1800 Valet.
1102 1781 1134 1806 4,
1146 1780 1173 1806 7,
1188 1779 1205 1806 7
1223 1773 1273 1798 Pro
1288 1772 1327 1797 di·
1339 1780 1372 1805 43
1389 1781 1507 1805 ornatus,
1525 1773 1671 1805 iifiruffus.
2447 1800 2450 1802 ,

288 1806 388 1840 gnitate
401 1812 426 1832 et
439 1807 520 1833 salute
535 1808 680 1834 amicorum
693 1814 844 1843 perpetuam
857 1808 1066 1836 excubationem.
1104 1807 1177 1843 Conf.
1193 1808 1221 1833 L.
1236 1815 1248 1838 3
1275 1805 1297 1843 §
1311 1809 1328 1832 6
1427 1815 1444 1834 Ε
1453 1816 1469 1834 x
1479 1814 1495 1833 C
1504 1815 1550 1834 VR
1560 1815 1577 1833 R
1586 1815 1604 1833 o
1615 1827 1623 1839 ,
1642 1808 1731 1839 curri,
1758 1814 1782 1833 et
1800 1808 1922 1840 cucurri,
1941 1810 2045 1835 cursttm
2054 1828 2063 1840 ‚
2083 1810 2136 1834 ere.
2173 1809 2186 1841 [
2193 1808 2284 1839 ἒκθέω,
2302 1804 2431 1842 infixa]
2442 1804 2450 1835 1

289 1840 322 1867 de
336 1849 366 1867 re
380 1841 460 1866 milit·
1390 1844 1469 1869 Extra
1481 1852 1594 1874 currere,
1605 1849 1769 1876 procurrere,
1789 1843 1858 1868 vltra
1869 1845 1996 1869 terminos.
2031 1844 2087 1869 Cic.
2099 1843 2152 1868 Att.
2165 1851 2186 1874 5,
2200 1850 2224 1874 ις
2244 1843 2299 1875 Ego
2312 1841 2375 1867 dum
2388 1849 2433 1875 pa'-

325 1883 369 1904 Ex
380 1881 397 1902 C
410 1882 430 1901 v
440 1882 455 1902 Β
465 1874 507 1901 i'T
517 1880 581 1907 OR,
606 1877 668 1901 oris,
703 1886 738 1902 m.
775 1878 930 1912 [nedum-os,
949 1878 1109 1911 παννυχιςῆς]
1146 1878 1198 1911 Qu*
1216 1875 1330 1902 excubias
1390 1887 1433 1903 nes
1448 1884 1473 1903 et
1487 1884 1586 1903 caetera
1601 1883 1739 1911 parantur,
1759 1885 1870 1903 excurro
1886 1877 1914 1903 in
1926 1878 2123 1911 Pompeianum.
2180 1877 2241 1902 Liu.
2250 1885 2275 1908 2,
2290 1884 2317 1910 17
2337 1877 2431 1909 Qum

287 1913 351 1948 agit.
396 1909 487 1937 Isidor.
500 1917 526 1941 9,
539 1918 560 1941 3.
607 1910 737 1937 Columel.
752 1919 778 1944 7,
797 1920 824 1937 12
849 1914 916 1944 Quis
928 1913 1011 1938 custos
1030 1913 1213 1944 incorruptior
1226 1913 1234 1936 ζ
1270 1911 1329 1943 quis
1392 1913 1479 1946 plures
1503 1913 1559 1945 igni
1581 1920 1661 1945 quam
1683 1912 1758 1937 ferro
1784 1912 1879 1937 armati
1904 1913 2122 1944 excucurriss'ent‚
2148 1912 2225 1937 caede
2253 1910 2431 1944 incendioque

288 1945 427 1973 excubitor
441 1945 557 1971 inueniri
570 1945 653 1979 potest
667 1945 840 1979 vigilantior?
863 1949 901 1972 Dc
914 1947 1022 1971 canibus.
1071 1946 1143 1971 Caes.
1152 1945 1214 1970 Bell.
1224 1944 1290 1969 Gall.
1302 1952 1328 1976 7,
1347 1955 1377 1979 30
1391 1946 1482 1971 cuneta
1497 1946 1638 1978 complent.
1675 1947 1717 1971 Sic
1729 1946 1854 1970 Drakenb.
1890 1947 1946 1971 Cic.
1961 1948 2039 1972 Verr.
2053 1955 2079 1978 1,
2098 1949 2132 1979 67
2153 1955 2174 1971 c.
2189 1948 2220 1972 26
2245 1947 2370 1972 Excurrat
2382 1945 2439 1972 ali.»

288 1984 324 2014 69
343 1982 415 2008 Haec
434 1981 525 2008 eadem
543 1980 623 2007 noctu
642 1980 843 2007 excubitoribus
862 1989 891 2007 ac
909 1980 992 2006 firmis
1012 1979 1146 2013 praesidiis
1165 1978 1328 2004 tenebantur.
1392 1981 1450 2013 quis
1471 1979 1521 2012 (de
1535 1980 1633 2013 epulis)
1651 1979 1698 2012 qui
1720 1978 1771 2003 hoc
1794 1985 1895 2005 tantum
1916 1979 2053 2006 domestici
2077 1980 2140 2006 mali
2161 1980 2219 2006 filio
2241 1981 2288 2007 suo
2313 1981 2427 2008 nunciet,

289 2016 357 2044 Add.
373 2017 449 2051 Apul.
471 2016 502 2042 de
515 2017 610 2051 Dogm.
625 2016 687 2042 Plat.
705 2024 722 2042 2
746 2025 771 2050 p.
785 2018 828 2043 26.
899 2015 1042 2042 Tribunus
1061 2014 1201 2041 excubitor
1222 2014 1328 2039 Sueton.
1391 2015 1562 2041 Excurremus
1581 2014 1660 2048 legati
1679 2013 1711 2039 ad
1724 2012 1844 2039 Pisonem
1866 2014 1922 2040 Cic.
1938 2015 1991 2041 Att.
2004 2023 2028 2046 r,
2045 2023 2065 2041 1.
2138 2015 2211 2041 Idem
2224 2015 2257 2042 de
2271 2015 2340 2043 Clar.
2352 2017 2427 2043 Orat.

288 2052 382 2080 Claud.
401 2062 421 2078 c.
435 2060 480 2085 42.
1391 2058 1444 2084 274
1468 2050 1562 2085 Itaque
1574 2054 1660 2076 tantos
1674 2049 1802 2083 processus
1816 2048 1961 2082 efficiebat,
1979 2056 2008 2076 vt
2023 2050 2152 2083 Euolare,
2169 2060 2223 2077 non
2236 2060 2372 2081 excurrere
2385 2051 2425 2078 vi·

322 2094 512 2119 ΕΧΕνΒΙΛ,
532 2095 572 2113 ae.
607 2086 628 2113 f.
664 2086 805 2113 Ambrosio
825 2086 955 2113 tribuitur.
991 2085 1039 2113 Sed
1058 2083 1174 2119 vsttatius
1389 2086 1503 2112 deretur.
1574 2085 1688 2120 Metaph.
1714 2083 1741 2110 de
1759 2083 1876 2120 profeHu
1891 2088 1918 2111 in
1932 2087 2079 2121 eloquentia.
2117 2087 2171 2113 Cic.
2185 2087 2256 2113 Fam.
2269 2095 2298 2120 3,
2316 2093 2334 2122 7
2351 2087 2424 2113 Man·

323 2130 368 2150 Ex
378 2128 396 2149 C
405 2130 426 2149 v
436 2130 470 2150 31
480 2130 501 2149 Α
510 2129 541 2154 Ε,
559 2131 643 2149 arum.
670 2123 690 2148 f.
727 2120 905 2157 [παννυχίδες]
946 2121 1052 2148 Videtur
1066 2128 1157 2146 natura
1167 2117 1327 2146 Adiefliuum
1344 2127 1373 2153 ςς
1389 2120 1453 2147 claui
1467 2121 1574 2155 vtriquc
1585 2129 1688 2151 eorum,
1709 2125 1737 2146 vt
1750 2126 1810 2146 ante
1825 2120 1856 2146 ad
1869 2129 1912 2147 me
1925 2127 2105 2155 excurrerent,
2119 2128 2147 2148 vt
2161 2122 2213 2149 tibi
2227 2122 2334 2150 obuiam
2347 2120 2423 2157 prod-

288 2156 349 2192 effi,
369 2164 398 2184 vt
412 2157 562 2185 Concubius
576 2168 581 2184 :
598 2158 738 2184 ‘Excubiae
758 2158 835 2184 intell.
847 2156 971 2190 stationes
979 2176 986 2188 ,
1012 2157 1052 2183 vel
1064 2158 1137 2181 etiam
1157 2155 1230 2182 horae
1249 2158 1326 2180 inter·
1389 2157 1428 2183 ire
1442 2157 1546 2191 possem.
1618 2156 1654 2182 Ex
1667 2155 1758 2190 aliquo
1773 2155 1832 2181 loco
1846 2156 1917 2182 Idem
1931 2165 1979 2191 pro
1991 2157 2020 2183 L.
2035 2158 2096 2192 Agr.
2109 2166 2134 2189 2,
2147 2160 2187 2188 86.
2281 2157 2342 2185 Liu.
2355 2165 2365 2184 ι
2374 2176 2383 2190 ,
2399 2163 2426 2190 13

289 2193 355 2219 dum.
390 2193 485 2220 Deinde
502 2193 613 2228 confitero
627 2195 780 2228 Metonymia
796 2200 844 2228 pro
861 2192 1041 2219 excubitoribus
1055 2194 1170 2226 ponitur.
1214 2190 1272 2216 Cum
1290 2199 1326 2215 re·
1388 2193 1419 2219 In
1432 2192 1495 2218 fines
1509 2192 1641 2218 Romanos
1654 2198 1860 2218 excucurrerunt
1875 2192 2057 2227 populabundi
2069 2194 2165 2228 magis,
2182 2201 2261 2228 quam
2275 2193 2338 2220 iusti
2350 2198 2425 2219 more
2477 2213 2479 2216 Α

283 2229 308 2265 s
331 2226 373 2254 flu
392 2228 425 2255 ad
440 2235 551 2262 etymon,
575 2228 603 2255 de
620 2238 665 2264 quo
686 2232 713 2255 in
734 2229 840 2255 Excubo
862 2228 930 2254 modo
951 2225 1045 2253 diflum
1068 2225 1109 2259 est.
1147 2224 1326 2252 Plaut.Cas1n.
1388 2227 1461 2254 belli.
1499 2228 1539 2254 Sic
1553 2227 1679 2254 Drakcnb.
1715 2227 1797 2253 Plaut.
1811 2227 1889 2255 Most.
1902 2236 1958 2260 2‚1,
1972 2237 1999 2255 12
2023 2229 2079 2262 Ego
2091 2229 2159 2255 dabo
2172 2230 2197 2255 ei
2210 2229 2352 2260 talentum,
2373 2226 2426 2262 pri-
2460 2236 2479 2246 ¹=

289 2236 359 2291 gol.
371 2271 404 2297 54
424 2265 447 2290 Is
462 2264 560 2297 sperat,
580 2264 597 2289 si
613 2265 639 2290 ei
652 2264 680 2290 sit
694 2263 766 2297 data,
782 2263 830 2290 sibi
844 2264 903 2290 fore
916 2269 1015 2298 paratas
1029 2262 1095 2289 clam
1108 2270 1190 2288 vxore
1204 2260 1326 2287 excubias
1388 2272 1456 2296 mus,
1474 2263 1522 2297 qui
1536 2263 1564 2289 in
1578 2272 1681 2289 crucem
1693 2263 1880 2290 excucurrerit.
1952 2264 2096 2290 Excurrere
2107 2263 2207 2298 aliquid
2218 2263 2327 2295 dicitur,
2343 2252 2429 2322 Quat*
2440 2273 2452 2288 ,ι

289 2299 366 2326 soris.
459 2299 514 2325 Cic.
530 2308 578 2333 pro
592 2300 709 2326 Marcell.
724 2308 750 2332 33
774 2300 837 2326 Non
851 2299 933 2325 modo
948 2298 1070 2326 excubias
1083 2303 1108 2325 et
1123 2296 1251 2323 custodias
1261 2316 1269 2328 ‚
1283 2295 1325 2322 scd
1339 2301 1374 2326 60
1382 2298 1545 2334 protenditur
1558 2301 1585 2324 in
1598 2300 1695 2334 longum
1707 2300 1748 2325 vel
1759 2300 1835 2324 latum
1854 2298 1913 2324 Liu.
1932 2301 1976 2330 26,
2010 2318 2017 2324 .
2054 2318 2061 2325 .
2131 2299 2278 2325 Excurrunt
2293 2299 2425 2332 germina-

288 2335 369 2361 etiam
383 2335 494 2360 laterum
506 2334 656 2361 nostrorum
670 2334 801 2369 oppositus
820 2340 845 2361 et
859 2343 1001 2369 corporum
1016 2334 1180 2368 pollicemur.
1251 2331 1325 2357 Idem
1387 2334 1472 2360 tiones
1486 2334 1551 2360 Plin,
1567 2341 1604 2368 17,
1620 2336 1662 2360 26.
1720 2333 1776 2360 Cic.
1791 2332 1823 2360 de
1837 2333 1910 2359 Orat.
1924 2341 1946 2365 3,
1960 2338 2000 2363 188
2017 2334 2061 2360 Ne
2073 2334 2136 2360 fluat
2149 2333 2246 2364 oratio,
2259 2340 2292 2358 ne
2304 2340 2423 2368 vagetur,
2462 2357 2463 2364 ¹

288 2379 338 2405 pro
352 2370 446 2397 Milon.
461 2372 492 2399 68
518 2370 544 2396 Si
560 2370 621 2396 hace
634 2379 722 2403 arma,
740 2370 757 2396 fi
771 2370 936 2405 Capitolinae
953 2369 1089 2401 cohortes,
1110 2369 1127 2395 si
1142 2367 1285 2399 excubiae,
1305 2366 1323 2392 fi
1386 2379 1419 2396 ne
1432 2369 1528 2396 insistat
1543 2370 1669 2402 interius,
1685 2377 1718 2394 ne
1732 2374 1851 2395 excurrat
1864 2368 1983 2402 longius,
2001 2375 2030 2395 vt
2044 2369 2170 2395 membris
2183 2367 2370 2401 distinguatur,
2392 2369 2419 2395 h.
2459 2370 2462 2371 ⁷

288 2405 412 2440 vigiliae,
433 2405 450 2431 fi
466 2405 564 2431 delecta
578 2407 716 2437 iuuentus,
737 2414 804 2440 quae
824 2412 899 2432 tuum
913 2414 1007 2439 corpus
1025 2405 1187 2439 domumque
1202 2402 1325 2434 custodit,
1385 2415 1404 2431 e.
1424 2414 1453 2430 ne
1467 2406 1564 2441 longius
1583 2404 1783 2441 diieagationibus
1801 2404 1927 2430 obruatur.
1963 2404 2011 2431 Sed
2027 2408 2112 2430 virtus
2132 2405 2253 2430 orationis
2271 2400 2301 2435 est
2316 2403 2371 2429 Cic.
2387 2402 2416 2429 in

287 2447 334 2467 ⁶²⁶·
405 2440 460 2466 Cic·
475 2441 588 2475 PhiliPP·
604 2449 630 2476 7,
645 2450 678 2474 24
697 2442 780 2467 Cuius
793 2450 842 2475 ego
854 2441 975 2467 excubias
994 2447 1020 2467 et
1033 2439 1163 2467 custodias
1181 2439 1235 2465 mei
1247 2437 1324 2471 Capi·
1386 2441 1514 2475 Orat.170
1533 2450 1553 2467 c.
1563 2449 1587 2472 51
1609 2440 1682 2473 Qud
1695 2440 1741 2472 est,
1756 2448 1802 2465 cur
1815 2438 1961 2467 claudicare
1973 2444 2018 2465 aut
2031 2439 2145 2465 insistere
2157 2438 2307 2465 orationem
2317 2437 2416 2469 malint,

287 2476 322 2502 ¹⁴1⁵
340 2477 463 2510 cognoui.
535 2476 677 2502 CustOdum
698 2476 778 2503 Ouid·
799 2478 890 2503 Amor·
904 2486 929 2507 1,
947 2479 977 2509 6,
991 2484 1016 2511 7·
1088 2474 1207 2509 Vigilum
1228 2472 1324 2506 Virgil.
1338 2475 1369 2507 6,-
1386 2485 1466 2510 quam
1480 2485 1538 2502 cum
1553 2477 1680 2502 sententia
1695 2476 1794 2510 pariter
1807 2475 1962 2501 excurrere?
1999 2476 2184 2510 proportionem
2202 2472 2349 2500 commendat
2366 2481 2418 2499 ora·

288 2513 353 2538 Aen.
366 2519 391 2543 9,
406 2519 457 2544 ¹59·
528 2512 583 2538 Cic.
598 2521 647 2546 pro
660 2512 744 2538 Plane.
760 2521 799 2538 101
818 2521 839 2538 c.
853 2521 889 2545 42
909 2513 933 2538 O
945 2511 1065 2538 excubias
1079 2517 1150 2541 tuas,
1165 2510 1213 2536 Cn.
1226 2508 1324 2540 Planci,
1384 2514 1463 2538 tionis
1481 2521 1534 2537 cum
1547 2518 1706 2546 argumento,
1726 2518 1756 2537 vt
1775 2511 1901 2545 numerosa
1913 2509 1967 2543 fit,
1979 2509 2006 2543 fi
2023 2511 2102 2546 ipsum
2120 2515 2289 2546 argumentum
2300 2508 2380 2544 facile
2397 2512 2420 2533 et

287 2546 410 2577 miseras,
428 2555 445 2572 0
460 2545 560 2573 flebiles
574 2548 695 2582 Vigiffls,
716 2557 732 2574 0
746 2548 837 2574 Πῡὲἲθὲ
851 2548 969 2579 acerbas,
989 2557 1006 2574 0
1021 2546 1164 2574 custodiam
1178 2545 1257 2571 etiam
1271 2544 1324 2569 mei
1384 2546 1537 2582 expeditum,
1555 2553 1578 2572 et
1592 2546 1704 2580 rhythmi
1723 2545 1861 2580 quandam,
1877 2547 1998 2579 velutique
2010 2546 2158 2581 saltationis
2171 2545 2276 2580 speciem
2296 2543 2422 2574 admittat·

290 2581 382 2615 capitis
395 2581 527 2607 infelicem
543 2582 548 2607 !
617 2583 722 2609 Tristes
736 2583 860 2610 excubiae
875 2584 968 2610 Horat.
978 2584 1065 2611 Carm.
1079 2591 1102 2615 3,
1118 2584 1154 2612 16,
1170 2589 1190 2612 3.
1240 2581 1324 2613 Agere
1384 2584 1415 2609 In
1428 2582 1516 2609 locum
1529 2582 1646 2615 aliquem
1658 2581 1755 2606 laetum
1768 2586 1794 2606 et
1807 2579 1982 2614 plausibilem,
1997 2589 2075 2614 quam
2089 2580 2203 2608 maxime
2216 2579 2307 2613 poffint
2319 2579 2423 2605 fauora-

290 2615 413 2642 excubias
429 2616 510 2642 Ouid.
524 2617 589 2643 Fast.
603 2626 624 2648 3,
638 2627 695 2650 245.
750 2620 855 2645 Sueton.
870 2619 952 2645 Galba
973 2628 993 2644 c.
1007 2628 1044 2645 10.
1100 2617 1245 2650 Disponcre
1257 2615 1324 2641 Tac·
1386 2617 1495 2649 biliter‚
1515 2616 1742 2651 exciirreresolent
1755 2622 1864 2642 oratores
1879 2615 2072 2648 Qiine'til.4,3‚
2088 2624 2106 2641 1.
2172 2615 2228 2641 Cic.
2242 2623 2292 2649 pro
2303 2614 2426 2640 Muraen.

288 2651 358 2678 Hist.
378 2659 409 2682 2,
429 2659 482 2683 44,
501 2660 527 2683 4·
598 2652 703 2679 Habere
721 2654 843 2680 excubias
863 2654 928 2681 Plin.
943 2664 981 2687 10,
995 2663 1034 2687 23.
1104 2651 1240 2680 Madentes
1259 2651 1324 2676 vino
1337 2659 1373 2687 70
1387 2658 1412 2682 18
1434 2652 1547 2679 Nullum
1561 2652 1633 2678 enim
1645 2651 1724 2678 vobis
1741 2652 1796 2677 sor-s
1813 2659 1933 2684 campum
1952 2651 2040 2683 dedit,
2059 2651 2087 2677 in
2100 2659 2155 2685 quo
2173 2658 2312 2677 excurrere
2328 2649 2425 2682 virtus,

291 2686 383 2713 Claud.
399 2688 426 2712 in
441 2686 522 2719 Nupt.
536 2686 607 2711 Hon.
620 2691 651 2715 80
666 2694 714 2721 pro
727 2689 914 2715 excubitoribus.
1385 2688 1559 2722 cognoscique
1579 2687 1666 2721 posset.
1759 2687 1900 2712 Excurrens
1920 2686 1948 2712 in
1964 2685 2243 2720 meridiem'planities
2263 2685 2328 2712 Plin.
2345 2694 2385 2717 17,
2399 2690 2426 2722 35

328 2728 344 2748 E
354 2728 396 2748 XC
406 2728 426 2746 V
436 2727 451 2746 Β
461 2719 503 2746 ῩΤ
512 2727 532 2746 V
541 2728 569 2753 s,
590 2719 628 2746 ¹⁵¹5·
649 2730 683 2747 ΠΙ·
719 2723 919 2756 [mmmm-5465]
947 2730 993 2757 pro
1008 2723 1131 2749 Excubiis.
1167 2721 1273 2748 Hirtius
1293 2720 1325 2747 de
1386 2724 1506 2750 Excurrit
1519 2732 1562 2758 pes
1576 2724 1604 2749 in
1618 2722 1736 2757 quinque
1756 2721 1864 2754 syllabas
1878 2721 2008 2755 Qiinffil.
2023 2730 2048 2754 9,
2060 2730 2089 2755 4,
2101 2728 2144 2756 79.
2214 2722 2329 2748 Euentus
2342 2720 2443 2778 donaffi!

289 2756 354 2783 Bell.
366 2756 439 2789 Hisp.
453 2757 470 2781 6
493 2756 589 2782 Partim
608 2761 637 2782 vt
651 2756 777 2790 pedestres
791 2757 881 2790 copiae
895 2759 922 2782 in
936 2759 1044 2784 statione
1059 2764 1083 2784 et
1098 2758 1223 2784 excubitu
1237 2756 1326 2782 castris
1386 2760 1467 2785 tionis
1487 2759 1602 2785 excurrit
1621 2759 1649 2784 in
1669 2757 1719 2784 hoe
1740 2764 1841 2791 teinpus
1855 2757 1959 2791 leian.
1973 2757 2001 2784 in
2016 2757 2034 2784 l.
2060 2759 2115 2791 Qui
2129 2758 2158 2783 in
2172 2757 2222 2783 hoc
2242 2757 2274 2783 D.
2287 2757 2318 2783 de
2333 2756 2443 2789 donat&

291 2790 418 2825 Praesidio
431 2791 517 2816 essent.
588 2791 719 2825 COl‘iPPUS
736 2800 758 2823 3,
774 2794 815 2823 165
840 2792 930 2825 Ingens
951 2793 1102 2823 excubitus,
1121 2793 1213 2818 diuina
1230 2791 1325 2825 Palatia
1386 2795 1455 2821 inter
1468 2795 1558 2821 virum
1573 2800 1598 2821 et
1610 2802 1730 2820 onrem.
1800 2793 1911 2819 Euolant
1925 2800 2003 2827 atque
2015 2800 2156 2820 excurrunt
2175 2793 2246 2819 foras
2259 2792 2344 2820 animi
2364 2789 2442 2832 eiefg

292 2827 396 2853 seruans
431 2825 578 2852 Porticibus
592 2826 676 2861 longis
690 2834 763 2860 porta
776 2826 918 2853 condensus
932 2827 964 2853 ab
979 2827 1040 2860 ipsa,
1055 2834 1100 2853 etc.
1135 2827 1203 2853 Adai.
1211 2836 1239 2860 4,
1252 2835 1305 2859 241.
1337 2837 1368 2865 75
1387 2830 1419 2856 de
1432 2830 1524 2856 Diuin.
1539 2838 1557 2859 1,
1574 2838 1622 2862 ¹14·
1693 2827 1797 2862 Viginti
1811 2837 1940 2854 annorum
1961 2835 1987 2854 et
2000 2830 2070 2863 quod
2089 2828 2204 2856 excurrit
2221 2836 2271 2862 pax
2290 2829 2383 2860 Veget.
2400 2825 2443 2862 ¹⁸³⁷ss

328 2868 373 2888 Ex
384 2866 401 2886 C
413 2867 433 2885 V
444 2867 586 2894 BIALxs,
606 2871 628 2887 e.
663 2862 722 2888 Adi.
759 2861 923 2897 Obsequium
936 2862 1059 2890 Sarisber.
1074 2871 1096 2894 2,
1110 2870 1150 2896 27.
1389 2871 1424 2895 28.
1495 2864 1576 2891 Paull.
1590 2865 1618 2890 in
1632 2863 1649 2890 l.
1660 2863 1722 2889 Pub.
1736 2864 1823 2889 Maeu.
1845 2862 1867 2900 §.
1881 2863 1926 2890 fin.
1955 2864 1986 2890 D.
1999 2863 2117 2898 Depofiti
2133 2863 2175 2890 vel
2188 2869 2292 2894 contra,
2312 2861 2439 2889 Debetis*

326 2904 344 2924 E
354 2905 371 2923 Χ
382 2903 451 2923 CVB
461 2903 479 2921 V
489 2903 518 2928 8,
545 2896 563 2922 i·
599 2906 634 2922 ¹¹¹·
670 2900 687 2923 ἰ.
703 2897 842 2923 Excubitor.
879 2897 974 2924 sarisb·
995 2898 1012 2923 l·
1027 2907 1048 2923 c·
1387 2899 1456 2928 mihi
1470 2899 1574 2930 decem,
1592 2908 1661 2934 quos
1673 2899 1740 2933 apud
1755 2898 1863 2926 Titium
1878 2899 2045 2934 deposuistis,
2063 2901 2129 2926 Item
2142 2898 2300 2933 κεροτροφᾶαν
2317 2898 2433 2924 decem?

329 2939 346 2959 E
356 2939 398 2959 XC
407 2933 451 2958 VD
461 2938 479 2958 Ο
488 2951 496 2963 ⁷
516 2932 618 2964 excudi,
639 2935 673 2963 (θ’
686 2932 767 2958 eXfflfi
776 2932 905 2967 secundum
914 2933 1060 2960 Charifissm
1074 2939 1096 2959 et
1103 2932 1230 2963 Probum)
1244 2932 1326 2963 Usum,
1388 2937 1452 2962 item
1463 2943 1494 2961 ex
1507 2935 1609 2961 ratione
1622 2934 1702 2969 patris
1716 2934 1795 2961 vestri
1809 2935 1896 2961 decem
1916 2942 1941 2961 et
1960 2933 2033 2968 quod
2051 2933 2164 2960 excurrit
2173 2952 2181 2964 ‚
2205 2936 2222 2958 i.
2243 2932 2320 2959 decem
2333 2937 2419 2960 aureo}

293 2968 347 2994 δῖε.
382 2967 565 3001 [ἓκκολαέπτω]
607 2967 734 2993 Cudendo
754 2967 869 3000 efficere,
893 2972 975 3004 inquit
994 2969 1109 2995 Seruius.
1152 2968 1248 3002 Virgil.
1263 2969 1326 2993 Aen.
1386 2979 1410 2997 et
1421 2973 1515 3006 aliquot
1528 2970 1642 2997 denarios
1657 2969 1839 3006 vel-sestertios.
1889 2971 2032 2996 Excurrere
2047 2972 2110 2994 enim
2129 2968 2157 2993 id
2169 2967 2276 2999 dicitur,
2296 2969 2370 3004 Qod
2380 2978 2420 2996 or-

292 3005 320 3035 ⁶‚
333 3007 379 3035 848
400 3002 532 3028 Excudent
545 3002 592 3028 alii
607 3003 730 3037 spirantia
742 3004 848 3029 mollius
867 3013 934 3030 acra.
1003 3003 1135 3030 Excudere
1144 3023 1152 3035 ,
1171 3003 1327 3035 Procridem,
1341 3014 1373 3039 80
1386 3007 1466 3032 dinem
1479 3012 1523 3032 aut
1536 3006 1647 3038 modum,
1682 3009 1701 3032 i.
1718 3006 1871 3041 mensuram,
1891 3013 2042 3031 numeramus
2055 3003 2189 3039 egreditur.
2231 3004 2287 3031 Cic.
2300 3005 2328 3030 in
2342 3005 2416 3031 Orat.

292 3044 318 3064 et
338 3039 413 3064 lucus
434 3038 503 3071 ipsa,
523 3047 537 3064 a
552 3038 669 3065 cudendo
688 3038 757 3065 difta
776 3040 848 3070 sunt,
867 3038 924 3072 uste
944 3039 1026 3066 Festo.
1098 3040 1176 3065 Ceras
1195 3039 1325 3065 excudunt
1387 3047 1429 3076 ¹78
1455 3051 1476 3067 c.
1491 3049 1517 3074 53
1549 3041 1576 3067 de
1600 3045 1707 3067 numeris
1729 3044 1848 3067 oratoriis
1869 3041 1981 3075 loquens,
2006 3039 2176 3065 Excurrentia
2197 3041 2304 3076 appellat
2326 3039 2420 3073 verba,-

292 3082 352 3107 apes
367 3073 463 3107 Virgil.
478 3073 573 3107 Georg.
588 3083 615 3107 4,
630 3082 667 3109 57.
761 3073 831 3100 Idem
847 3074 942 3108 Georg.
958 3083 977 3105 1,
993 3083 1030 3106 ¹35
1052 3076 1084 3100 Vt
1100 3074 1176 3100 filicis
1189 3075 1262 3101 venis
1281 3073 1325 3100 ab-
1385 3079 1461 3110 Qae
1485 3077 1552 3103 vltra
1573 3076 1707 3108 rythmum
1727 3076 1874 3110 legitimum
1893 3075 2063 3101 adducuntur.
2134 3076 2182 3101 Pro
2203 3075 2310 3112 Digredi
2323 3085 2331 3101 :
2362 3074 2417 3103 vid.

291 3108 404 3135 strusum
417 3107 555 3135 excuderet
570 3110 658 3142 Ignem
667 3129 674 3141 ‚
698 3109 722 3136 h.
737 3118 755 3135 ι’.
776 3109 880 3135 cudendo
895 3117 918 3135 et
930 3110 1087 3135 concutiendo
1101 3112 1205 3136 eliceret.
1276 3111 1325 3136 Ex·
1385 3111 1496 3147 Egredi,
1516 3118 1565 3147 pro
1576 3112 1684 3147 Digrcdi
1693 3132 1701 3143 ,
1723 3115 1749 3137 in
1771 3119 1786 3138 E
1796 3119 1815 3137 G
1825 3119 1843 3138 R
1852 3118 1868 3137 E
1877 3117 1894 3136 D
1904 3119 1912 3137 1
1923 3118 1940 3137 O
1950 3117 1977 3136 R.
2411 3115 2417 3120 ‘

292 3144 363 3170 cudit
378 3143 486 3170 Achates
500 3143 564 3170 silici
577 3144 715 3171 scintillam
729 3145 821 3179 Virgil.
836 3145 898 3170 Aen.
914 3153 932 3176 1,
947 3150 989 3178 178
1020 3146 1064 3170 ΓΖΛ
1077 3146 1191 3177 Seruius,
1204 3145 1324 3176 Excudit‚
1423 3154 1439 3173 E
1448 3156 1466 3175 x
1475 3154 1491 3174 C
1501 3155 1520 3173 v
1530 3155 1548 3173 R
1559 3154 1576 3172 R
1587 3154 1602 3173 Ε
1611 3154 1632 3173 Ν
1642 3154 1654 3173 s
1663 3166 1671 3179 ,
1691 3147 1765 3173 entis.
1802 3147 1892 3174 Partic.
1927 3146 2012 3172 Sencc.
2028 3144 2059 3171 de
2070 3145 2159 3171 Benes.
2171 3154 2193 3178 2,
2202 3154 2234 3179 34
2253 3145 2340 3172 Fortis
2352 3145 2417 3174 dici.

292 3178 424 3206 Feriendo
441 3179 538 3205 eiecit:
570 3181 633 3214 quia
651 3180 759 3212 cudere,
782 3180 816 3206 est
836 3179 926 3205 ferire.
982 3181 1035 3215 Qui
1054 3181 1103 3206 loco
1124 3181 1222 3215 quidam
1241 3183 1326 3216 legunt
1340 3188 1368 3216 35
1383 3189 1427 3209 tur
1451 3189 1477 3209 et
1496 3183 1542 3209 ille
1560 3191 1619 3208 cum
1638 3182 1740 3208 ratione
1761 3182 1872 3208 fortuita
1893 3181 2054 3215 despiciens,
2087 3186 2112 3206 ct
2132 3180 2174 3207 hic
2193 3181 2244 3207 tine
2264 3181 2368 3208 ratione
2386 3182 2436 3212 in,

293 3214 415 3244 Excussit,
434 3215 463 3240 ab
482 3215 601 3241 Excutio.
697 3215 827 3242 Excudere
848 3224 899 3241 oua
917 3214 1031 3241 dicuntur
1050 3216 1174 3248 gallinae,
1198 3223 1220 3241 ct
1240 3217 1324 3242 huius·
1384 3219 1500 3254 pericula
1518 3226 1664 3245 excurrens.
1735 3217 1865 3251 anffil.
1884 3226 1917 3251 4,
1936 3225 1962 3249 3,
1985 3225 2014 3249 14
2042 3217 2184 3243 Excurrens
2203 3223 2275 3243 extra
2293 3216 2432 3245 ordinem*

293 3250 358 3275 modi
373 3251 504 3276 animalia:
528 3250 590 3285 quod
602 3257 624 3276 ct
634 3251 766 3277 Excluderc
779 3251 880 3278 dicitur.
914 3250 1048 3285 Respondet
1058 3252 1148 3276 Gracco
1163 3251 1324 3277 ἐκκολάπτειν.
1383 3254 1515 3281 [mentio.
2424 3253 2426 3256 ’

294 3286 426 3311 Columel.
441 3290 463 3317 8,
478 3294 517 3318 14,
530 3293 547 3319 7
565 3286 683 3319 Negatur
696 3287 768 3312 anser
782 3286 867 3312 aliena
880 3285 1006 3312 excudere
1018 3293 1079 3316 oua,
1091 3285 1138 3310 niti
1153 3286 1267 3312 subies&
1282 3287 1325 3312 sua
1421 3297 1437 3316 E
1448 3298 1465 3316 x
1474 3295 1519 3315 cv
1528 3294 1546 3314 R
1556 3295 1569 3314 s
1579 3295 1620 3313 vs
1629 3307 1635 3317 ,
1656 3296 1680 3319 a,
1699 3297 1754 3313 um.
1789 3287 1881 3314 Partic.
1917 3283 2152 3322 [ἓκδεὸραμημένος]
2188 3288 2254 3315 Ter.
2272 3287 2382 3322 Adelph.
2392 3294 2416 3321 ς,

295 3329 401 3354 quoque
414 3321 544 3347 habuerit.
585 3321 641 3347 ΠΜ.
656 3323 742 3348 Varro
756 3322 786 3347 de
802 3323 831 3348 R.
848 3322 877 3347 R.
892 3330 913 3354 3,
928 3328 954 3354 9,
968 3329 991 3346 2-
1022 3324 1052 3346 it.
1074 3328 1101 3344 ¹0
1115 3327 1137 3345 δ’
1153 3329 1184 3351 13·
1276 3322 1324 3346 Ex·
1384 3334 1412 3357 4,
1425 3327 1441 3350 6
1464 3325 1550 3350 Vitam
1564 3323 1670 3354 duram,
1685 3332 1762 3357 quam
1776 3323 1832 3349 vixi
1844 3322 1927 3349 adhuc
1941 3331 2022 3356 prope
2036 3323 2087 3349 iam
2101 3324 2208 3349 excurso
2222 3324 2313 3358 spatio,
2326 3325 2414 3350 mitto.
2433 3333 2447 3359 ft

296 3356 388 3382 cudere
407 3356 475 3382 dicta
496 3356 606 3383 alicuius
624 3357 704 3383 Ouid.
719 3357 745 3383 in
759 3358 861 3391 Fragm.
898 3376 904 3382 .
943 3376 948 3382 .
987 3375 993 3381 .
1065 3354 1323 3394 hfxcudcre-aliquod
1337 3369 1371 3391 90
1385 3361 1426 3386 31¹0
1442 3360 1555 3388 coda-fs,
1575 3356 1631 3390 “st‘'
1653 3359 1776 3389 Renum,
1795 3356 1909 3391 vniat-gli.
1965 3357 2011 3384 Sed
2030 3358 2171 3384 Priscianus
2189 3362 2315 3394 quinquies
2332 3362 2415 3385 simm-
2431 3366 2446 3379 a

296 3399 377 3424 opu-³,
400 3398 443 3425 pro
457 3399 595 3426 componere
608 3392 663 3418 Cic·
678 3394 730 3418 Att.
745 3401 779 3425 ῖς,
791 3395 823 3418 26
844 3397 875 3423 (2
901 3395 911 3423 )
931 3390 1043 3418 Librum
1062 3391 1112 3416 Ubi
1131 3391 1325 3430 &lenter-¹¹¹¹}-
1384 3396 1475 3425 locum,
1486 3395 1580 3429 semper
1594 3393 1702 3419 decurso
1715 3395 1785 3430 legit.
1841 3395 1926 3428 ltaque
1938 3399 1986 3428 pro
2003 3395 2119 3430 uulgato,
2138 3395 2220 3428 Prope
2235 3395 2286 3420 iam
2306 3395 2414 3421 excurso

297 3432 368 3458 tam,
387 3427 417 3452 dc
432 3427 516 3459 gloria
531 3427 655 3454 excudam
673 3428 774 3461 aliquid
793 3427 960 3461 ἦρακλετδειον,
1000 3426 1051 3452 uod
1065 3426 1143 3451 lateat
1160 3435 1187 3451 in
1199 3425 1325 3451 thesauris
1385 3431 1445 3463 legit
1460 3431 1542 3463 Prope
1556 3428 1672 3454 decurso.
2445 3427 2446 3433 ¹

297 3460 357 3486 tuis.
427 3461 522 3496 Effinge
536 3462 637 3498 aliquid
657 3469 734 3499 atque
754 3463 868 3495 cxcude,
888 3463 959 3497 quod
987 3468 1006 3488 it
1024 3467 1150 3495 perpetuo
1168 3467 1243 3487 tuum
1262 3460 1326 3486 Pliu.
1422 3470 1492 3490 uxc
1504 3471 1523 3489 v
1535 3471 1552 3489 R
1564 3471 1643 3494 svs,
1671 3462 1709 3489 us.
1746 3471 1780 3488 m.
1817 3460 1966 3498 [ἕλόζοομος]
2002 3463 2067 3489 Plin.
2082 3463 2158 3498 Epist.
2173 3471 2200 3496 ς,
2217 3465 2247 3495 6,
2266 3472 2297 3497 43
2322 3466 2413 3498 Vides,
2444 3483 2445 3489 .

298 3495 343 3528 Ep.
360 3503 384 3523 ι,
405 3504 425 3525 3.
1387 3503 1415 3524 vt
1434 3499 1525 3524 Aratus
1543 3498 1711 3525 minutissima
1729 3498 1806 3524 etiam
1827 3497 1907 3524 sidera
1926 3498 2086 3525 consec‘tetur
2108 3505 2133 3525 et
2152 3499 2276 3532 colligat:
2305 3501 2412 3527 modum

336 3537 350 3555 L·
361 3537 377 3556 x
389 3535 406 3555 C
419 3531 438 3555 V
448 3538 460 3557 S
470 3538 513 3557 05<
523 3552 529 3563 ‚
553 3534 617 3559 oris.
651 3543 686 3560 m.
723 3532 908 3568 [ἐκκολαπτῆς]
951 3534 1002 3567 Qci
1016 3531 1113 3558 excudit
1128 3541 1156 3556 cx
1170 3539 1222 3556 aere
1234 3528 1325 3566 signa,
1340 3538 1371 3563 93
1387 3540 1472 3559 tamen
1486 3535 1586 3565 seruat,
1604 3542 1658 3559 nou
1670 3533 1740 3559 enim
1753 3534 1871 3559 excursus
1886 3533 1927 3559 hic
1940 3534 2006 3566 eius,
2023 3533 2064 3560 scd
2078 3543 2142 3568 opus
2156 3535 2237 3568 ipsum
2252 3535 2296 3560 est.
2365 3537 2418 3565 Ex-‚

297 3564 371 3603 vqfi.
385 3572 429 3590 etc.
465 3567 592 3598 Qninftil.
606 3577 630 3600 2,
645 3578 669 3596 ει
689 3570 757 3597 Nam
772 3569 789 3595 si
802 3577 936 3604 quaeram,
954 3576 1019 3602 quac
1033 3566 1061 3592 fit
1075 3567 1185 3592 materia
1199 3565 1325 3597 statuarii,
1387 3570 1474 3594 cursus
1487 3569 1655 3603 nauigiorum
1669 3568 1738 3594 Hirt.
1752 3569 1779 3594 B.
1794 3568 1864 3594 Alex.
1881 3577 1915 3600 ¹9-
1985 3570 2080 3595 Breues
2092 3570 2209 3595 excursus
2227 3576 2326 3596 tentare
2339 3572 2412 3606 Virg.

287 3598 401 3624 rdlceffll‘
418 3608 458 3625 210⁵
472 3611 484 3639 3-
514 3601 530 3626 fi
551 3612 691 3636 quaeram,
712 3614 777 3639 quae
797 3605 826 3631 sit
844 3604 991 3635 excuseris,
1014 3602 1041 3628 id
1060 3602 1095 3628 cst
1115 3603 1170 3628 cius
1193 3601 1325 3633 fabricae,
1386 3605 1481 3638 Georg.
1501 3613 1536 3636 4,
1559 3612 1614 3636 ¹94·
1684 3605 1732 3629 Pro
1752 3604 1902 3639 Digrqffi'one
1919 3615 1927 3629 :
1964 3604 2015 3631 vid.
2036 3606 2145 3639 Egredi‚
2171 3611 2220 3639 pro
2240 3606 2360 3641 Digredi,
2384 3609 2412 3632 in

301 3643 378 3668 quam
393 3635 486 3660 Gracci
506 3639 665 3668 χαλκευτικὴ
681 3648 791 3672 vocant,
808 3639 926 3666 similiter
938 3647 978 3664 aes
993 3639 1040 3664 etl'e
1054 3636 1233 3671 respondeant.
1386 3646 1403 3666 Ε
1412 3646 1431 3666 G
1442 3647 1459 3666 R
1470 3647 1485 3666 Ε
1494 3645 1511 3664 D
1522 3647 1528 3664 1
1539 3645 1557 3665 O
1566 3645 1594 3664 R.

340 3675 355 3694 E
366 3677 381 3695 x
393 3674 410 3694 C
423 3676 440 3694 V
451 3676 466 3694 L
476 3676 492 3695 C
502 3678 521 3696 O
530 3690 538 3701 ‚
563 3675 614 3697 irc.
650 3676 833 3710 [xxranoere'w]
875 3673 994 3701 Calcando
1012 3673 1036 3735 ζ
1058 3673 1201 3699 inculcando
1224 3673 1326 3707 explere.
1427 3681 1442 3701 Ε
1454 3683 1471 3701 x
1484 3681 1501 3701 C
1513 3681 1560 3700 VR
1569 3680 1581 3700 S
1591 3681 1599 3700 1
1609 3679 1627 3699 O
1636 3693 1643 3704 ,
1663 3673 1729 3699 ὃῐιὶς.
1765 3673 1784 3699 f.
1821 3673 1959 3710 [incipiuni]
1995 3675 2052 3700 Cic.
2065 3673 2096 3700 de
2109 3674 2205 3700 Sene&
2224 3683 2252 3707 19
2271 3676 2327 3703 Nec
2341 3676 2411 3702 enim
2422 3673 2424 3678 ⁸
2448 3685 2450 3691 ·

303 3704 374 3731 caes·
389 3704 449 3729 3⁰¹¹·
464 3704 529 3729 Gan-
543 3713 568 3739 7,
582 3714 611 3739 73
641 3709 720 3735 Simul
741 3709 913 3737 confirmandi
932 3715 957 3735 et
976 3709 1010 3735 sta
1033 3708 1122 3734 iliendi
1143 3709 1214 3735 causa
1235 3707 1553 3742 finguliiooexcurfione,
1573 3717 1619 3734 nec
1634 3709 1697 3734 saltu
1713 3715 1835 3735 vtcrctur.
1904 3710 1975 3736 Id'cm
1988 3710 2061 3736 Orat.
2076 3717 2106 3742 59
2126 3718 2147 3734 c.
2164 3714 2187 3738 18
2211 3712 2254 3736 vbi
2270 3711 2298 3738 de
2316 3709 2411 3738 afflone

303 3739 336 3765 ab
357 3739 448 3765 infimo
468 3739 522 3764 solo
541 3740 617 3773 pedes
636 3749 703 3770 terra
721 3746 930 3772 exculcabantur.
1121 3742 1141 3778 ἢ
1162 3753 1174 3769 2
1210 3743 1330 3770 calcando
1384 3748 1526 3780 praecipit,
1546 3745 1629 3770 Status
1648 3744 1749 3769 erc-&us
1766 3751 1790 3770 et
1809 3745 1889 3772 celsus
1906 3756 1913 3777 ς
1943 3753 2017 3771 rarus
2037 3744 2155 3774 inc-effus,
2182 3753 2228 3771 nec
2249 3746 2285 3772 ita
2304 3747 2411 3780 longus;

302 3778 443 3814 cxprimcre.
477 3774 557 3800 Plaut.
572 3777 643 3809 Capt.
656 3787 681 3810 4,
698 3788 720 3811 2,
734 3788 763 3810 30
787 3781 822 3806 Ex
836 3781 894 3815 iptis
907 3779 1099 3815 (scrophas-um)
1112 3778 1244 3812 dominis,
1264 3779 1329 3805 meis
1389 3779 1505 3806 excursio
1525 3779 1673 3809 moderata,
1690 3788 1770 3813 eaque
1788 3789 1853 3806 rara.
1909 3782 2000 3814 Nempe
2019 3789 2071 3805 cum
2089 3780 2239 3813 aliquantum
2251 3782 2412 3818 progreditur
2454 3799 2455 3802 ,

305 3819 396 3844 pugnis
411 3809 551 3848 exculcabo
564 3811 678 3837 furfures
688 3833 695 3843 ,
715 3815 799 3848 quibus
814 3817 884 3850 posi-i
891 3818 971 3851 solent
985 3814 1114 3850 scrophae.
1388 3822 1471 3841 orator
1484 3815 1568 3850 uersus
1580 3814 1711 3840 auditor-cs.
1754 3816 1837 3842 Subita
1851 3814 1953 3848 hostium
1966 3813 2055 3847 inuafio
2068 3820 2139 3848 atque
2152 3823 2269 3849 impetus:
2296 3818 2349 3844 Cic.
2365 3821 2414 3852 pro*

342 3852 357 3872 k
368 3851 571 3872 XCV1.CATV
582 3852 610 3876 S,
630 3855 654 3878 a,
679 3857 731 3873 um.
768 3850 859 3876 Partic.
895 3850 1159 3883 [καταπεπκτημένος]
1190 3855 1239 3885 pro
1254 3848 1327 3884 Obsb·
1387 3850 1417 3876 L.
1430 3850 1518 3876 Manu.
1536 3857 1563 3883 ¹7
1583 3859 1602 3876 c.
1617 3852 1633 3875 6
1659 3853 1746 3883 Qmm
1761 3860 1810 3877 vna
1825 3851 1940 3877 excursio
1952 3849 2080 3883 equitatus
2095 3849 2217 3882 perbreui
2237 3858 2355 3887 tempore
2374 3857 2414 3878 toi

301 3881 362 3911 leto,
378 3880 550 3916 sordentiquc,
569 3880 637 3916 quast
649 3889 676 3907 tu
691 3883 758 3909 dicas
766 3884 870 3919 pedibus
884 3894 906 3911 et
918 3886 1033 3912 calcando
1048 3889 1174 3912 extritum.
1210 3883 1278 3911 Gell.
1295 3885 1436 3920 u,105tius
1449 3885 1510 3911 anni
1525 3884 1635 3919 vceligal
1654 3886 1758 3913 auferre
1770 3886 1851 3920 potiit.
1921 3884 1994 3912 Idem
2009 3892 2058 3917 pro
2071 3883 2157 3911 Deiot.
2173 3894 2200 3912 22
2220 3895 2240 3912 c..
2254 3891 2267 3917 8
2293 3887 2342 3914 Sed
2373 3885 2410 3913 ui·

2383 3927 2411 3946 us
