2479 4225
47 179 118 226 645
421 171 452 209 F
542 168 576 208 E
663 170 693 208 R
1521 162 1552 202 F
1623 162 1677 202 .E
1763 165 1788 203 S
1939 216 1941 222 Α
2060 148 2069 156 '¹
2101 172 2182 219 646

5 282 7 291 .
47 261 150 293 mundi,
180 266 205 288 et
225 269 254 287 ea
274 260 326 294 ipsa
346 264 402 286 tota
428 263 520 285 natura
540 258 643 285 feruida
662 258 706 285 est.
743 258 768 285 h.
794 266 814 284 c.
843 255 943 283 Ardent
965 258 1079 282 maxime.
1142 254 1332 291 Participium)
1353 253 1448 280 Differt
1462 258 1550 280 autem
1562 253 1686 288 fatigatus
1699 261 1714 279 a
1728 252 1809 285 fesso,
1825 262 1853 281 vt
1866 257 1974 284 Verrius
1986 258 2039 291 ait,
2055 258 2128 294 quod
2143 260 2180 287 fa-

0 288 1 294 *
48 298 135 327 Aestus
158 298 223 323 Hor.
236 297 317 322 Serui.
333 304 351 327 1,
368 304 393 325 1,
408 300 444 323 38.
517 296 591 329 Aqua
622 296 696 321 Curt.
711 302 745 326 4,
759 301 791 329 7,
807 300 847 319 22.
918 291 992 317 cinis
1020 290 1077 316 Sen.
1141 290 1236 323 tigatus
1251 289 1362 321 dicitur,
1379 298 1438 315 cum
1452 290 1511 323 quis
1526 299 1570 324 per
1583 290 1664 316 alium
1678 288 1798 315 laborare
1812 293 1994 325 compellitur,
2021 300 2049 320 vt
2065 296 2180 322 lassatus:

47 332 147 362 Troad.
165 340 188 359 2.
259 331 375 357 Flamma
410 331 477 356 Hor.
493 329 573 364 Epod.
590 337 632 364 17,
652 339 690 361 32.
761 330 854 362 Spuma
885 326 964 352 Ouid.
978 327 1042 351 Met.
1056 332 1080 358 8,
1142 325 1217 351 fell‘us
1240 334 1318 356 vero,
1349 334 1407 351 cum
1435 325 1494 358 quis
1517 325 1638 352 laborare
1671 324 1740 360 (leg.
1763 323 1872 354 labore)
1908 327 2010 361 deficit,
2042 336 2069 357 vt
2096 331 2179 357 lassus.

0 368 7 386 ³.
47 375 99 403 287.
167 367 236 393 Vina
263 367 329 392 Hor.
344 366 426 392 Serm.
442 374 464 397 ε,
478 370 505 395 8,
520 371 557 397 38.
599 366 657 392 Via.
676 373 730 390 mox
742 364 844 390 Oratio.
913 362 1031 397 Diligens
1049 370 1078 387 ac
1142 362 1238 386 Partiri
1255 363 1305 387 ium
1319 361 1389 386 verbi
1401 360 1420 386 F
1423 360 1534 392 auster,
1555 361 1698 388 Priscianus
1704 361 1776 395 jacit
1790 359 1829 389 1.8
1842 366 1918 394 p.825
1928 369 1970 395 pr.
1996 373 2027 390 ex
2041 375 2094 399 quo
2107 366 2180 393 defe-

46 405 183 433 vehemens:
223 401 282 427 Liu.
298 409 345 435 27,
368 409 393 433 33
424 401 492 426 Cum
506 407 562 426 toto
581 410 614 427 eo
634 399 704 427 bello
720 398 840 425 damnosa
856 405 1031 431 praepropera
1050 405 1078 422 ac
1102 396 1115 423 5
1140 396 1219 422 tiscor
1251 392 1350 422 efeffiss.
1422 397 1524 422 Dicitur
1537 403 1615 422 autcm
1628 403 1679 422 tam
1690 397 1719 422 de
1731 397 1830 426 Animo,
1843 405 1914 431 quam
1922 397 1950 422 de
1965 398 2081 432 Corpore,
2103 402 2179 436 virg,

45 437 271 470 feruidatlugenia
290 437 481 471 imperatorum
501 436 584 462 fuiffe.
663 436 737 468 Virg.
756 435 820 459 Aen.
834 441 867 464 9,
886 440 932 464 350
970 447 1015 451 —-
1034 431 1077 457 hic
1141 431 1192 456 [ῖς-Ι.
1207 440 1231 463 2,
1247 440 1274 457 10
1299 430 1434 463 Thestylis
1449 436 1473 456 et
1485 431 1579 469 rapido
1592 431 1656 458 feffis
1670 430 1821 459 messoribus
1835 431 1913 457 aestu.
1969 433 2010 459 Sic
2023 435 2088 462 Plin.
2102 444 2134 471 7,
2147 447 2179 471 52

47 475 117 502 furto
129 471 246 499 feruidus
260 472 344 498 instat.
416 472 525 507 Ingenio
540 470 658 498 feruidus
685 467 764 496 Ouid.
774 468 836 493 Met.
848 472 952 501 14,485.
1009 467 1077 493 Ado·
1139 467 1250 493 Puerum
1263 467 1332 493 aestu
1345 472 1370 492 et
1384 467 1480 492 itinere
1494 466 1593 492 fell'um.
1664 467 1748 493 Fessus
1763 466 1794 492 de
1808 466 1853 493 via
1886 466 1942 493 Cic.
1957 467 2035 494 Acad.
2049 478 2076 502 1,
2091 480 2109 497 1.
2146 477 2177 499 ιγ.

45 507 163 537 lescentia
193 508 250 533 Seu.
267 507 360 533 Oelau.
377 512 399 537 8.
476 507 566 533 Animi
584 505 681 532 feruidi
698 504 742 530 vir
773 503 833 529 Liu.
848 511 878 534 2,
897 511 935 533 52..
1006 502 1078 529 Bella
1140 502 1293 528 Somn.Sc.1
1314 502 1355 528 vbi
1368 509 1448 527 tamen
1463 499 1555 527 refluis
1568 501 1596 528 τὸ
1612 502 1711 528 Fesliuu
1724 504 1857 529 omittitur.
2013 502 2033 540 ι]
2054 514 2066 530 2
2101 508 2180 534 Abla-

45 545 90 572 Sil.
105 552 127 576 3,
140 545 194 575 365.
236 543 293 569 Via.
309 542 432 569 Drakenb-
503 543 573 569 Cura
601 540 697 567 Tibul.
710 546 737 571 4,
752 547 787 569 12,
803 547 820 564 1.
891 537 970 564 Dicta
1001 538 1075 572 Virg.
1138 540 1187 562 riui
1201 538 1303 573 causae:
1340 538 1430 564 Aetate
1445 536 1520 562 fess'us
1550 536 1624 571 Virg.
1637 539 1702 564 Aen.
1716 547 1743 570 2,
1757 539 1813 570 596.
1884 538 1959 566 Bello
1971 538 2046 566 festus
2075 541 2131 567 Cic,
2146 542 2180 568 de

44 580 106 607 Aen.
122 587 155 611 12,
168 583 226 611 894.
300 579 386 604 Genus
399 577 503 604 dicendi
516 576 647 604 feruidum
665 573 798 608 quoddam
819 581 845 600 et
867 573 984 608 petulans
997 579 1022 599 et
1037 573 1075 599 fu-
1094 582 1122 599 10
1139 573 1230 598 Diuin.
1247 581 1273 605 1,
1311 592 1317 598 .
1355 592 1362 598 .
1418 571 1492 605 Virg.
1508 572 1573 597 Aen.
1594 581 1624 604 2,
1645 581 1699 605 109.
1788 573 1866 600 Curis
1885 574 1961 600 festus
1982 574 2052 613 'Sem
2069 577 2178 610 Hippoi.

43 615 141 645 riosinn
167 613 222 640 Cic.
234 613 265 639 de
279 613 348 640 Clar.
362 614 484 646 Orannii
500 616 568 642 c.68.
637 610 674 636 Id.
686 609 754 636 ibid.
771 618 811 643 141
825 612 886 639 c.68
913 609 1077 643 AppiiClau-
1139 615 1196 641 247-
1268 607 1481 642 Corpusfeffim
1502 607 1598 646 Cursu,
1622 607 1683 646 Liu.
1710 617 1719 634 1
1732 627 1739 640 ,
1765 616 1800 641 25.
1872 609 1968 636 Errore
1980 610 2084 636 viarum
2103 613 2180 639 tkss'u.

43 649 81 677 dii
94 649 237 679 volubilis,
254 649 295 675 sed
309 649 398 683 paullo
414 648 545 676 feruidior
557 652 611 673 erat
623 645 721 672 oratio.
792 646 823 671 Et
831 650 875 675 288
888 649 943 675 c.83
970 644 1076 671 Nouam
1138 643 1182 669 Sil.
1197 650 1231 675 15,
1245 651 1306 677 720.
1376 643 1472 669 Hieme
1485 648 1510 668 et
1523 643 1616 676 Inopia
1632 644 1705 670 lesl'us
1729 643 1819 670 Tacit.
1832 644 1929 677 Hist.3‚
1943 647 1983 678 56,
1997 653 2018 678 5.
2087 647 2179 673 Inedia

42 685 115 712 istam
129 683 199 719 quasi
213 684 244 710 de
256 685 341 711 mullo
359 691 384 711 et
406 685 463 711 lacu
485 682 614 710 feruidam
635 681 793 707 orationem.
865 680 958 705 Virtus
991 680 1077 706 Catul.
1138 678 1314 712 fluctibusque
1329 678 1419 705 fenum
1434 686 1561 718 recreare.
1577 678 1632 704 Cic.
1646 687 1693 713 pro
1708 678 1791 705 Plane.
1805 681 1848 705 26.
1919 681 2003 707 Luem
2018 681 2078 708 fessa
2098 683 2179 709 Ouid.

43 722 147 752 62‚.218.
218 721 276 746 Cum
290 721 349 746 Gen.
387 720 432 746 Sil.
446 727 483 753 17,
497 727 547 751 414
566 716 693 743 Feruidus
706 716 808 749 ingenii
823 715 972 746 Masaniss'a,
994 721 1018 741 et
1026 716 1077 741 fer·
1138 715 1201 740 Met.
1215 722 1252 745 14,
1266 716 1327 746 426.
1399 714 1497 747 Opere,
1518 714 1639 747 Frigore,
1657 714 1752 740 Calore
1772 715 1856 741 Varro
1869 715 1900 741 R.
1910 716 1940 742 R.
1952 725 1970 746 1,
1985 725 2020 749 13,
2033 725 2051 743 1.
2064 724 2087 743 ct
2099 727 2150 752 2,1‚
2160 727 2180 745 1.

32 755 119 783 ‘vidus
131 756 199 782 aeui.
269 756 380 782 Comuar.
416 753 509 782 Oratio
523 752 654 779 feruidior
679 751 734 778 Cic.
743 751 775 777 de
787 751 857 778 Clar.
869 751 943 777 Orat.
951 754 994 780 108
1007 758 1075 786 027.
1094 757 1118 782 13
1137 748 1267 776 Plorando
1290 749 1366 775 sessus
1404 749 1461 775 Cic.
1476 750 1529 776 Att.
1550 757 1590 781 15,
1610 757 1635 781 9.
1726 750 1833 776 56116613
1852 751 1929 777 fess'us
1966 752 2063 779 Lucan.
2076 761 2103 785 3,
2115 762 2179 788 724.

42 792 134 827 Superl.
170 791 292 825 Tempus
305 791 359 817 diei
372 788 568 817 feruidiffimum
595 788 668 815 Curt.
683 796 710 819 3,
724 796 747 820 5,
765 796 784 813 1.
1138 784 1291 811 Studiorum
1307 784 1421 818 pondere
1435 785 1511 811 fess'us
1544 784 1630 824 1d3ad
1643 785 1727 811 Pison.
1742 791 1795 819 178·
1866 787 1982 813 videndi
2000 788 2116 816 satietate
2130 790 2180 816 fes-—

76 832 173 852 FERV
185 833 193 851 1
203 832 221 852 D
232 833 257 853 13.
295 826 363 853 Adu,
399 823 509 858 [ζεςῑς]
564 823 645 850 Plaut.
658 822 773 849 Trucul.
789 831 818 854 2,
830 831 864 856 4,
876 829 891 848 2
918 820 1033 847 Feruide
1047 827 1076 848 vt
1138 821 1178 846 sus
1204 821 1307 846 Lucret.
1323 828 1347 853 2,
1362 827 1433 854 1037.
1524 820 1614 846 Tacit.
1629 820 1696 847 Hist.
1712 829 1740 852 3,
1753 829 1769 846 2
1799 821 1879 847 Circo
1892 831 2000 857 quoque
2014 832 2042 850 ac
2055 824 2180 859 theatris,

42 866 95 889 tota
107 862 199 893 floret,
219 868 247 888 vt
262 862 351 889 oleum
366 860 449 886 nitide
464 859 540 885 nitet.
589 860 663 895 Vulg.
683 860 737 885 Ver
750 857 820 884 vide.
1137 862 1162 882 et
1175 855 1335 882 amoenitate
1348 855 1421 882 vrbis
1444 855 1592 888 emollitos,
1614 863 1659 882 aut
1678 856 1874 883 valetudinibus
1889 858 1972 884 fess'os.
2042 860 2093 887 Via
2104 861 2181 887 fessus

76 903 118 923 FE
129 903 176 923 RV
186 903 246 929 OR,
263 897 326 924 oris.
355 905 389 921 111.
425 895 439 928 [
452 893 536 928 giris]
591 895 663 921 Calor
675 894 815 925 vehemens,
828 891 982 927 scrutinium
990 889 1077 926 statur
1137 891 1218 918 Ouid.
1231 892 1295 918 Met.
1314 899 1343 925 ¹4
1354 910 1362 923 ,
1381 893 1441 923 426.
1513 891 1575 917 Vita
1588 891 1662 917 fess'us
1699 892 1766 918 Plin.
1782 899 1795 924 5
1805 912 1813 924 ‚
1834 900 1872 927 17.
1946 894 2048 929 Corpus
2061 896 2179 923 Vulnere

38 939 82 959 aut
95 932 213 959 conditio.
283 933 346 959 Plin.
359 939 393 962 11,
406 938 435 956 21
471 929 531 956 Indi
544 929 667 957 furantur
680 930 778 956 aestiuo
791 928 900 954 feruore
911 936 1005 954 aurum
1018 937 1076 954 eru.
1093 936 1124 954 20
1136 927 1227 953 fefl'um
1236 947 1244 958 ,
1262 927 1360 952 Feffinn
1374 927 1448 952 cursu
1474 927 1534 953 Liu.
1549 935 1569 958 1,
1582 934 1620 959 25.
1693 926 1740 953 Sed
1753 936 1807 953 cum
1821 929 1901 954 Gemit.
1938 929 2011 963 Virg.
2021 932 2086 958 Aen.
2101 941 2120 963 1,
2134 937 2179 961 182

39 973 96 995 nun
109 977 124 994 a
137 967 257 995 formicis
278 973 394 1000 tempore
414 965 536 992 hiberno.
608 966 707 992 Aetatis
725 965 817 991 feruor
849 963 904 989 Cic.
925 962 957 989 cle
976 964 1075 990 Sene-ft.
1136 963 1213 991 Tum
1226 964 1350 989 Cererem
1371 968 1521 996 corruptam
1540 962 1630 993 vndis,
1655 961 1829 995 Cerealiaque
1850 972 1921 990 arma
1957 965 2104 999 Expediunt
2123 967 2179 993 feffi

39 1011 73 1036 45
87 1013 108 1029 c.
124 1012 158 1036 13.
229 1003 351 1029 Febrium
365 1001 485 1026 feruores
517 1001 582 1027 Plin.
596 1010 637 1033 31,
651 1009 677 1034 9.
765 998 847 1026 Maris
885 998 941 1024 Cic.
955 998 986 1024 de
999 1001 1074 1026 Pron.
1136 1007 1234 1024 rerum.
1295 998 1343 1024 Vbi
1356 997 1475 1028 Seruius,
1494 997 1555 1024 Fcffi
1568 1006 1675 1029 rerum,
1698 997 1722 1024 h.
1738 1006 1757 1022 e.
1777 998 1887 1024 Penuria
1904 999 2014 1034 fatigati.
2075 1003 2106 1028 Et
2120 1003 2179 1029 Fes-

39 1039 116 1065 Cons,
129 1048 152 1071 31
169 1048 191 1065 c,
207 1047 242 1065 12.
312 1036 410 1064 Mentis
448 1036 485 1062 Id.
499 1035 530 1062 de
543 1037 617 1063 Orat.
634 1045 659 1071 1,
673 1044 716 1062 220
728 1043 791 1068 6.-31.
862 1034 978 1060 Pectoris
1007 1036 1073 1061 Hor.
1136 1034 1175 1059 sus
1189 1032 1308 1067 generale
1323 1033 1372 1058 est:
1409 1033 1520 1059 dicimus
1542 1033 1613 1059 enim
1628 1032 1712 1058 Fessus
1727 1032 1830 1058 animo:
1866 1039 1895 1058 vt
1913 1035 1990 1068 Vix-g.
2004 1037 2068 1063 Aen.
2084 1043 2114 1070 8,
2132 1047 2178 1070 232

38 1075 124 1101 Carm.
139 1083 163 1106 1,
176 1076 219 1106 16,
234 1081 273 1106 24.
362 1071 427 1098 Vini
445 1072 553 1098 feruore
567 1070 642 1106 rupta
656 1071 728 1098 dolia
760 1071 846 1096 Varro
861 1070 892 1096 R.
906 1070 937 1095 R.
955 1078 980 1101 1,
997 1079 1033 1103 13,
1047 1073 1071 1097 6.
1135 1069 1195 1095 Ter
1209 1069 1284 1094 fessus
1301 1068 1370 1094 valle
1387 1069 1491 1095 resedit.
1527 1068 1671 1099 nimirum,
1699 1068 1781 1101 Egens
1802 1068 1913 1095 consilii.
1969 1071 1999 1096 Et
2021 1073 2105 1098 Fessus
2120 1082 2178 1100 cor.

37 1109 137 1136 Aestiui
151 1109 268 1135 feruores
294 1107 425 1134 Columel.
440 1116 468 1140 4,
482 1116 531 1141 24,
546 1117 565 1139 3.
635 1108 729 1141 Igneus
741 1106 850 1136 feruor,
879 1105 933 1131 vid.
950 1112 1017 1132 IGN
1031 1114 1070 1133 is.
1091 1112 1119 1138 25¹
1135 1113 1213 1138 pore:
1249 1104 1320 1138 quod
1333 1104 1416 1137 magis
1436 1104 1472 1130 est
1487 1104 1633 1139 proprium.
1687 1103 1718 1129 Et
1742 1103 1826 1128 Fess'us
1845 1112 1948 1135 rerum,
1974 1113 1988 1131 a
2007 1106 2114 1134 fortuna
2132 1118 2177 1135 ve-

36 1145 135 1171 Pronus
148 1144 260 1171 nimium
285 1142 379 1170 Claud.
395 1142 427 1169 de
441 1143 468 1169 B.
483 1143 541 1169 Get.
555 1144 617 1176 476.
689 1142 766 1168 Siccis
779 1144 825 1168 a'er
838 1140 989 1167 feruoribus
1003 1142 1072 1168 vllus
1134 1140 1274 1166 nientiuni.
1330 1139 1457 1166 Hac'ienm
1470 1140 1586 1166 Seruius.
1637 1138 1700 1165 Feffi
1718 1146 1807 1165 rerum
1817 1157 1823 1168 ,
1851 1141 1934 1175 inquit
1953 1141 2095 1175 Turnebus,
2114 1143 2178 1179 sunt

37 1179 116 1207 Ouid.
130 1180 194 1205 Met.
209 1188 234 1212 1,
249 1187 297 1211 119.
368 1179 472 1205 Terrae
492 1177 650 1204 immodicus
685 1178 760 1205 Curt.
773 1185 805 1211 7,
824 1185 852 1210 5,
871 1185 897 1209 4.
969 1178 1072 1204 Accessit
1135 1176 1248 1211 Fatigati
1260 1174 1394 1210 naufragii
1408 1177 1548 1201 calamitate
1566 1181 1589 1202 et
1607 1172 1758 1209 tempestatis
1773 1171 1924 1202 metatione:
1953 1175 1994 1209 fic
2013 1177 2095 1210 dixit,
2118 1180 2178 1206 sunt

37 1214 128 1242 feruor
141 1215 220 1249 capiti
258 1215 325 1241 Hor.
341 1214 423 1240 serm.
437 1222 467 1246 2,
486 1222 512 1246 1,
531 1220 568 1246 25.
658 1213 729 1239 Loca
754 1211 941 1239 Inhabitabilia
964 1214 1071 1239 feruore
1135 1211 1258 1237 lacrimae
1270 1219 1358 1237 rerum
1368 1230 1375 1243 ,
1396 1211 1424 1236 id
1437 1209 1469 1243 cst
1483 1212 1651 1237 calamitatum
1666 1216 1690 1237 et
1702 1219 1785 1236 rerum
1798 1209 1966 1247 aduersarum.
2163 1224 2177 1248 3

37 1250 101 1277 Plin.
115 1257 145 1283 ς,
160 1258 178 1276 1.
264 1249 361 1276 inlidet
375 1250 402 1276 in
414 1249 488 1276 venis
503 1254 528 1275 et
544 1248 668 1275 medullis
686 1249 793 1280 feruor,
823 1247 876 1275 vid.
897 1255 956 1274 iNs
966 1255 974 1273 1
985 1255 1027 1275 DE
1039 1255 1069 1274 0.
1132 1245 1304 1279 substantians
1342 1247 1418 1272 Aetas
1445 1246 1513 1273 Tac.
1526 1244 1593 1273 Hist.
1609 1254 1636 1278 1,
1656 1254 1690 1272 iz.
1717 1251 1740 1271 et
1752 1253 1781 1277 2,
1796 1253 1832 1272 12.
1864 1252 1887 1272 et
1899 1255 1928 1278 3,
1943 1255 1983 1280 59.
2017 1251 2036 1275 i.
2049 1248 2109 1285 fine
2138 1261 2176 1278 us.

38 1285 137 1314 Torret
149 1284 240 1311 nimiis
255 1285 407 1312 feruoribus
422 1284 552 1312 aetherius
566 1284 603 1310 sol
638 1285 743 1311 Lucret.
757 1292 784 1317 5,
801 1286 855 1310 216.
928 1284 1071 1315 Feruores,
1089 1291 1122 1315 30
1136 1283 1213 1308 Artus
1225 1282 1278 1308 felli
1307 1282 1383 1316 Virg.
1398 1282 1494 1315 Georg.
1509 1290 1537 1314 4,
1553 1289 1608 1314 190.
1693 1281 1777 1317 Caput
1795 1281 1886 1307 fessum
1905 1282 1989 1309 viridi
2009 1284 2136 1312 summisit
2147 1287 2177 1313 in

39 1319 114 1356 Astra
125 1320 192 1347 dixit
213 1320 352 1347 Vitruuius
366 1329 392 1353 9,
406 1329 424 1354 4
450 1320 539 1346 Faciat
549 1319 578 1345 in
593 1319 632 1345 his
647 1319 798 1347 feruoribus
810 1318 979 1347 retentiones.
1135 1317 1217 1343 herba
1247 1317 1329 1344 Ouid.
1342 1318 1406 1344 Met.
1420 1326 1447 1349 3,
1462 1325 1519 1349 502.
1592 1315 1751 1344 Cardinibus
1765 1316 1830 1342 fellis
1843 1316 2024 1353 turbatisque,
2049 1324 2068 1347 i.
2089 1329 2177 1357 apon-

0 1351 2 1378 ἶ
47 1361 51 1371 “
72 1355 339 1384 =FERVVch7LV
349 1363 362 1382 s
380 1363 403 1382 ct
426 1362 441 1381 11
452 1362 579 1387 ERBVN
589 1361 605 1381 C
616 1363 636 1382 v
646 1362 661 1381 1.
671 1363 727 1386 vs,
747 1356 765 1382 i.
790 1365 826 1382 111.
864 1354 963 1381 Arnob.
977 1364 990 1380 2
1003 1365 1026 1389 p.
1035 1363 1072 1388 49
1134 1353 1189 1379 aere
1203 1355 1305 1379 vitiatis
1323 1353 1438 1385 Plin.36‚
1455 1360 1479 1385 15
1503 1353 1520 1378 s.
1535 1360 1579 1385 24.
1620 1352 1677 1379 Vid.
1691 1362 1746 1379 mox
1760 1352 1858 1379 Naues.
1950 1354 2070 1388 Corpora
2098 1358 2149 1384 Vir
2168 1378 2175 1385 .

2 1398 3 1403 ¹
44 1388 246 1424 Feru11ncitli1111,
281 1391 394 1418 scabiem
423 1392 520 1417 sanare.
620 1392 727 1417 Elmmh.
760 1392 854 1418 mauult
881 1392 900 1417 F
903 1391 1071 1417 urunculum.
1135 1390 1198 1415 Aen.
1214 1399 1242 1421 4,
1255 1396 1310 1421 522.
1379 1389 1442 1415 Dies
1454 1389 1515 1414 fess'a
1539 1388 1600 1414 Stat.
1614 1387 1678 1414 Sila.
1693 1396 1718 1418 2,
1732 1396 1754 1420 2,
1768 1393 1809 1421 48.
1881 1389 1960 1416 Genis
1978 1390 2043 1417 fellis
2059 1391 2176 1427 obrepit

43 1427 211 1455 Ferbunculus
222 1425 255 1460 est
269 1427 401 1454 Prisciano
416 1435 437 1460 1,
451 1436 489 1453 10.
559 1428 639 1452 Etiam
654 1428 739 1461 Caper
749 1426 782 1452 de
795 1426 885 1452 verbis
901 1426 962 1452 dub.
972 1427 1071 1462 Pur-sch.
1135 1426 1238 1450 somnus
1273 1425 1329 1450 Sen.
1343 1424 1447 1451 Troad.
1461 1426 1486 1450 6.
1558 1424 1638 1450 Latus
1652 1423 1741 1449 fessum
1756 1423 1857 1458 depone
1871 1425 1918 1451 sub
1932 1425 2007 1452 lauru
2019 1435 2076 1454 mea
2105 1430 2175 1456 Hor.

39 1468 132 1497 P·2248
157 1463 351 1489 Feruunculum
363 1472 377 1489 a
389 1463 510 1493 feruore,
529 1471 583 1488 non
596 1462 775 1488 Furunculum
792 1462 872 1488 <licere
887 1462 960 1488 iubet.
1090 1461 1118 1488 35
1135 1461 1222 1486 Carm.
1237 1468 1269 1492 z,
1283 1467 1316 1494 7,
1331 1465 1365 1489 18.
1436 1458 1557 1486 Membra
1589 1458 1668 1486 Ouid.
1683 1459 1763 1493 Epist.
1776 1469 1804 1493 4,
1818 1468 1862 1492 90.
1933 1461 2007 1496 Virg.
2021 1463 2086 1489 Aen.
2099 1473 2126 1496 ς,
2145 1473 2176 1498 ²9
2215 1478 2218 1479 ν

0 1504 2 1510 ·
49 1499 53 1514 ¹
72 1495 241 1531 FERGLA,
261 1508 299 1525 ae.
321 1499 340 1524 f.
378 1497 501 1533 [νάρθηξ]
555 1498 662 1528 Frater,
682 1497 710 1523 de
725 1507 769 1532 quo
782 1498 848 1524 Plin.
864 1506 898 1529 13,
912 1506 945 1523 22
977 1497 1071 1524 Ferula
1134 1498 1249 1530 Qioque
1263 1495 1346 1528 magis
1365 1495 1438 1521 fessas
1462 1503 1551 1530 optem
1570 1494 1703 1521 dimittere
1724 1494 1825 1528 Naues,
1881 1495 1929 1521 Vbi
1947 1497 2068 1530 Seruius,
2093 1500 2176 1526 Fessas

38 1532 125 1560 calidis
139 1534 254 1560 nascitur
267 1533 347 1566 locis,
376 1540 455 1568 atque
473 1539 543 1559 trans
557 1532 653 1563 maria,
681 1532 839 1567 genicularis
862 1532 959 1558 nodata
981 1533 1071 1567 scapis.
1134 1540 1212 1557 naues
1221 1548 1228 1561 ,
1244 1540 1293 1565 pro
1307 1532 1364 1557 Nos
1378 1531 1461 1557 fessos.
1533 1530 1580 1556 Sed
1590 1537 1703 1565 compara
1715 1530 1840 1556 cardines
1853 1530 1938 1557 fessos.
2008 1533 2108 1561 Oculos
2125 1535 2176 1561 fes-

34 1568 94 1594 Duo
107 1569 163 1595 eius
175 1578 284 1603 genera,
306 1568 439 1595 Nartheca
451 1568 545 1594 Graeci
558 1574 654 1594 vocant
666 1569 835 1602 assurgentem
848 1569 876 1594 in
889 1568 1072 1594 altitudinem:
1134 1568 1173 1593 sos
1189 1567 1273 1594 furaci
1287 1566 1375 1592 labori
1402 1567 1477 1600 Virg.
1493 1566 1557 1592 Aen.
1573 1573 1593 1598 ς,
1606 1571 1662 1598 84ς.
1733 1566 1893 1599 Exsanguem
1908 1567 1954 1593 diu
1967 1568 2110 1603 fessumque
2123 1576 2175 1597 ter.

34 1603 205 1631 Nartheciam
216 1613 282 1630 vero
297 1605 396 1637 semper
410 1603 555 1635 humilem,
574 1612 589 1629 a
602 1603 711 1637 genibus
727 1604 851 1629 exeuntia
865 1603 930 1629 folia
943 1604 1072 1634 maxima,
1134 1611 1222 1629 rarum
1237 1602 1336 1628 Orbem
1352 1601 1428 1628 breui
1443 1601 1536 1628 refecit
1569 1602 1631 1627 Aur.
1645 1600 1739 1627 Victor
1754 1601 1785 1626 de
1800 1602 1900 1634 Vespas.
1977 1603 2068 1629 Pectus
2081 1605 2176 1632 fessum

33 1644 63 1665 vt
76 1649 197 1673 quaeque
209 1645 294 1667 terrae
307 1639 435 1673 proxima.
499 1639 611 1664 Caetero
625 1645 717 1665 natura
730 1638 821 1665 eadem
835 1648 902 1673 quae
915 1638 1026 1669 anetho,
1046 1644 1072 1664 et
1079 1649 1116 1673 40
1132 1638 1201 1664 curis
1233 1638 1290 1663 Sen.
1307 1637 1416 1671 Hippoi.
1435 1638 1453 1663 Γ.
1471 1645 1494 1663 2.
1564 1635 1731 1670 Vespasianus
1757 1636 1887 1669 Augustus
1900 1636 1965 1675 feffis
1979 1637 2068 1663 Rebus
2082 1640 2175 1666 subue-

33 1674 135 1701 fructui
146 1674 246 1701 similis.
300 1674 378 1700 Nulli
389 1673 514 1700 fruticum
531 1673 626 1700 leuitas
640 1675 741 1708 maior,
767 1674 802 1700 ob
816 1675 843 1700 id
857 1673 951 1708 gestata
967 1674 1071 1700 facilius
1132 1674 1206 1699 niens
1225 1673 1348 1706 Plin.2‚7
1361 1674 1378 1698 Γ.
1389 1680 1410 1704 5.
1483 1671 1604 1697 Senectus
1624 1672 1720 1696 Lucan.
1736 1678 1757 1701 2,
1771 1676 1828 1710 ¹²32
1853 1705 1857 1709 .
1894 1672 1988 1710 Viator
2014 1673 2174 1702 Hor-,Sem

0 1729 2 1738 1
32 1709 190 1737 baculorum
202 1710 277 1736 vsum
291 1709 416 1736 senectuti
431 1709 545 1743 praebet.
601 1709 658 1736 Via.
674 1709 805 1736 Columel.
818 1709 850 1735 de
863 1709 988 1735 Arborib.
1003 1719 1024 1735 e.
1037 1718 1070 1735 22
1134 1717 1154 1739 1,
1169 1716 1191 1740 5,
1207 1715 1243 1742 17.
1315 1708 1405 1734 Virtus
1427 1707 1484 1733 Sen.
1498 1706 1607 1740 Hippol.
1620 1713 1646 1739 7.
1719 1705 1779 1731 Vox
1791 1704 2072 1740 inihifessaloquendo
2091 1710 2174 1737 Ouid,

0 1770 2 1778 ι
33 1742 160 1778 adfinem.
232 1745 346 1771 Caedere
358 1745 443 1771 serula
466 1746 533 1770 Hor.
551 1745 660 1777 Serm.1,
674 1753 697 1778 3,
711 1754 762 1771 tm.
834 1746 909 1778 Virg.
923 1744 973 1769 Ecl.
989 1753 1028 1775 10,
1043 1751 1070 1775 23
1132 1743 1215 1768 Trist.
1229 1751 1251 1773 3,
1266 1751 1287 1773 3,
1301 1747 1337 1773 85.
1580 1775 1585 1779 1
1647 1773 1652 1778 ι
1685 1773 1691 1778 Ι

33 1780 167 1805 Florentes
182 1780 279 1806 ferulas
291 1787 317 1806 et
329 1780 436 1814 grandia
450 1780 508 1805 lilia
521 1780 644 1813 quassans.
732 1781 823 1805 quen.
838 1779 886 1804 Sat.
901 1781 927 1810 6,
939 1783 990 1811 478
1016 1779 1069 1802 Hie
1167 1782 1184 1814 a
1194 1783 1231 1802 Es
1242 1784 1254 1801 s
1264 1775 1283 1799 V
1293 1783 1308 1800 L
1319 1782 1376 1806 vs,
1395 1784 1426 1807 a,
1446 1784 1501 1801 um.
1536 1774 1597 1800 Ad1.
1621 1774 1720 1801 Dimin.
1764 1774 1955 1811 Pseud-Epigr.
1971 1777 2074 1807 Petron.
2089 1789 2114 1816 p.
2129 1786 2174 1812 228

32 1813 131 1847 frangit
144 1814 257 1847 ferulas,
277 1814 356 1840 rubet
368 1814 546 1847 illeflagellis,
580 1817 599 1839 i.
623 1813 835 1848 vapulatfcriilis.
905 1811 1022 1836 Mai-rial.
1032 1820 1069 1843 14,
1080 1816 1114 1840 45
1131 1810 1255 1835 Animula
1268 1810 1367 1835 sestula.

33 1854 65 1877 80
97 1848 243 1884 deferulis,
261 1849 363 1874 Inuisae
382 1849 495 1874 nimium
514 1847 611 1880 pueris.
698 1846 771 1872 Idem
784 1855 828 1877 10,
841 1848 875 1871 62
906 1845 1069 1879 Ferulaeque
1167 1850 1182 1869 F
1193 1851 1208 1871 Ε
1218 1851 1230 1870 S
1240 1851 1291 1870 ΤΑ
1300 1851 1320 1870 Τ
1331 1851 1351 1870 V
1361 1851 1390 1876 S,
1411 1852 1441 1876 a,
1461 1852 1514 1870 um.
1550 1843 1612 1870 Adi.
1694 1843 1819 1881 uifestum
1831 1846 1894 1873 diem
1906 1847 2025 1880 celebrat,
2050 1855 2079 1875 vt
2093 1850 2173 1878 feria-

33 1883 132 1914 tristes,
149 1885 246 1916 sceptra
258 1882 469 1917 paedagogorum
490 1882 598 1907 Cessent.
671 1882 779 1907 Notaui!
792 1881 947 1916 “deleganter
961 1881 1067 1907 Colum.
1131 1885 1181 1906 tus.
1252 1879 1318 1905 Gell.
1334 1888 1377 1911 10,
1393 1887 1417 1912 15
1448 1880 1533 1906 Dialis
1545 1880 1645 1906 cotidie
1658 1881 1684 1906 fe
1708 1888 1763 1907 atus
1777 1881 1820 1907 est.
1895 1885 1937 1909 Ita
1956 1883 2048 1909 editum
2069 1889 2143 1912 etiam
2155 1895 2173 1913 a

32 1928 70 1951 ιο,
86 1927 113 1945 21
145 1918 200 1944 Nec
214 1917 336 1944 manibus
349 1918 426 1944 mites
438 1917 544 1944 ferulas.
615 1917 646 1943 Et
665 1925 706 1949 ¹19
729 1916 821 1942 Inulae
836 1916 935 1948 tristes,
955 1916 1068 1943 ferulae·
1130 1916 1270 1944 Gronoui0;
1303 1925 1346 1941 nec
1377 1915 1405 1940 de
1436 1918 1558 1941 varietate
1588 1913 1704 1941 leffium:
1725 1916 1856 1952 quidquam
1884 1917 1984 1944 videtur
2016 1921 2173 1949 commodius,

33 1963 84 1989 que
96 1953 208 1980 minaces
229 1953 388 1980 Plantantur.
458 1953 549 1979 quen.
565 1952 615 1978 Sat.
632 1961 641 1978 1
651 1972 658 1984 ,
672 1960 696 1985 15
728 1953 758 1978 Et
772 1961 818 1977 nos
832 1960 895 1985 crgo
909 1961 1016 1977 manum
1032 1952 1069 1977 fe·
1130 1952 1210 1985 Quam
1222 1950 1423 1985 evzimferiatus,
1448 1948 1559 1985 ctfcstor
1568 1956 1688 1984 perpetuo
1706 1950 1758 1976 dies
1776 1961 1852 1988 agens
1863 1953 1967 1989 suerit,
1993 1955 2080 1982 Festus
2097 1961 2172 1984 etiam

34 1990 105 2017 rulae
117 1988 295 2015 subduximus.
349 1987 422 2025 szf.
436 1989 532 2014 Auson.
541 1988 668 2022 Protrept.
682 1986 714 2013 ad
729 1988 827 2021 Nepet.
841 1988 858 2012 s.
868 1987 962 2019 Eidyll.
977 1996 1010 2019 4,
1025 1995 1066 2019 29.
1085 1992 1115 2018 50
1129 1986 1197 2011 docet
1206 2005 1213 2016 ,
1233 1988 1304 2010 cuius
1317 1985 1390 2011 verba
1401 1985 1487 2010 damus
1500 1988 1527 2010 in
1544 1991 1559 2010 1²
1570 1992 1588 2010 R
1597 1992 1618 2011 Α
1627 1992 1643 2011 E
1652 1993 1668 2012 C
1678 1993 1686 2012 1
1697 1993 1728 2013 Α.

35 2025 120 2054 isidor.
135 2033 172 2060 17,
185 2033 200 2057 9
228 2026 250 2051 A
266 2024 387 2052 feriendo
403 2023 515 2052 ferulam
529 2023 627 2053 dicunt.
688 2024 745 2051 Hae
761 2024 833 2050 enim
849 2023 924 2056 pueri
944 2022 1068 2056 vapulare
1166 2027 1182 2046 F
1192 2028 1207 2046 Ε
1217 2027 1230 2046 S
1241 2027 1261 2046 T
1273 2022 1316 2058 i'N
1328 2026 1347 2046 O
1359 2040 1367 2053 ‚
1387 2025 1439 2045 are.
1475 2018 1601 2060 [UMJJJQ
1620 2022 1719 2054 ἐπείγω,
1734 2025 1848 2057 ungeza]
1895 2025 2046 2059 Properate,
2067 2034 2091 2054 et
2102 2038 2171 2055 accc-

3 2057 6 2067 .
35 2061 123 2088 solent.
175 2061 248 2097 Cous.
267 2061 373 2088 Tarm.
389 2069 420 2093 11,
434 2069 456 2094 3.
527 2062 638 2096 Metaph.
673 2060 739 2087 Pliu.
754 2065 783 2092 8,
798 2067 827 2092 32
846 2059 863 2085 s.
878 2067 908 2092 50
940 2058 968 2084 de
983 2059 1069 2084 Cerno·
1127 2057 1206 2083 Ierare
1219 2055 1330 2091 grcſjum.
1403 2056 1488 2095 Plaut.
1498 2056 1573 2096 Epul.
1589 2065 1612 2086 1,
1625 2065 1650 2088 1,
1666 2065 1696 2091 73
1724 2059 1736 2084 I
1751 2059 1826 2091 saue,
1848 2058 1866 2084 fi
1880 2060 1945 2093 quid
1960 2060 2064 2089 festinas
2080 2065 2171 2099 magie.

36 2107 90 2124 rum
106 2097 234 2129 cornibus,
270 2097 386 2124 Teneris
411 2097 557 2124 increscunt
585 2096 678 2124 ferulis
700 2096 776 2123 molli
798 2096 912 2130 plumata
934 2094 1066 2129 lanugine.
1128 2092 1167 2132 Id.
1183 2092 1251 2118 Afin.
1267 2101 1291 2123 1,
1310 2100 1339 2123 3,
1361 2099 1374 2124 ς
1414 2091 1538 2132 Remigio
1556 2092 1671 2132 veloque
1688 2100 1815 2127 quantum
1834 2095 1933 2128 poteris
1948 2096 2043 2124 festina
2061 2105 2086 2125 et
2099 2100 2171 2134 fuge.

38 2132 143 2160 Ferulae
152 2133 232 2160 etiam
247 2138 320 2167 aptae
340 2133 506 2160 continendis
520 2132 610 2159 offium
628 2132 751 2159 fracturis
785 2132 852 2158 Cels.
867 2136 894 2163 8,
915 2139 951 2157 10.
1007 2129 1067 2156 Via.
1128 2129 1183 2154 Cic.
1199 2128 1252 2153 Att.
1268 2136 1307 2160 14,
1321 2135 1402 2163 zipr.
1428 2127 1492 2154 bros
1503 2133 1590 2154 autem
1603 2127 1754 2161 festina-uit,
1770 2136 1799 2156 vt
1813 2131 1845 2156 ad
1857 2139 1899 2157 me
1914 2130 2002 2159 literas
2015 2134 2170 2162 Dolabellae

4 2161 8 2165 ⁴
42 2167 138 2194 Colum.
150 2175 173 2203 7,
186 2167 209 2201 ς,
222 2173 256 2198 18.
293 2169 384 2204 Vegct.
394 2169 507 2195 Mulom.
523 2177 545 2201 ε,
558 2176 604 2202 47,
618 2177 645 2202 4.
717 2167 810 2194 Ferula
823 2167 874 2192 fissa
887 2165 1067 2204 comprimun-
1083 2164 1112 2191 55
1128 2163 1317 2203 perferrentur.
1406 2162 1475 2203 Ter.
1490 2164 1587 2191 Heaut.
1603 2171 1613 2190 1
1627 2185 1635 2197 ,
1651 2174 1660 2191 1
1671 2185 1678 2197 ,
1699 2173 1730 2200 73
1769 2166 1855 2192 Video
1875 2166 1940 2192 alios
1960 2168 2095 2202 festinare,
2123 2178 2170 2197 etc.

10 2201 11 2206 ¹
42 2208 83 2230 tur
93 2203 199 2231 testiculi
213 2204 361 2232 vitulorum
379 2210 404 2231 et
423 2204 556 2239 paullatim
576 2203 705 2230 confracti
725 2203 895 2230 resoluuntur
925 2201 987 2228 Pali.
1001 2201 1067 2228 Mai.
1128 2200 1202 2233 Virg.
1217 2199 1280 2225 Aen.
1294 2207 1318 2229 2,
1332 2206 1377 2239 373
1406 2198 1536 2236 Festinato
1552 2201 1613 2240 viri.
1684 2202 1827 2241 Properate
1841 2208 1866 2228 et
1879 2202 2002 2230 festinare
2033 2205 2089 2232 Cic.-
2101 2206 2169 2233 Phil,

41 2244 66 2273 7,
79 2248 101 2265 1.-
134 2263 138 2270 ,
157 2240 180 2265 E
193 2239 285 2267 ferulis
298 2241 352 2267 alui
367 2250 444 2275 apum
473 2241 535 2266 Var.
549 2240 578 2266 R.
587 2240 617 2265 R.
632 2247 654 2271 3,
669 2241 705 2269 16,
721 2246 754 2271 15.
1031 2253 1032 2256 =
1131 2244 1162 2267 9,
1177 2234 1386 2261 6.Fest1nat
1400 2237 1431 2260 ad
1445 2234 1540 2262 vrbem
1571 2236 1642 2276 Vidi.
1657 2236 1689 2262 de
1705 2237 1774 2264 Viris
1786 2237 1934 2277 Illuslr..39.
2005 2240 2069 2267 Plin.
2085 2249 2115 2276 7,
2140 2252 2172 2268 20

74 2279 172 2307 RERV
182 2282 196 2301 L
207 2283 228 2302 Α
238 2283 279 2302 CE
288 2283 308 2301 v
317 2284 329 2303 s·
339 2297 345 2308 ,
366 2285 378 2302 a
387 2297 395 2309 ,
415 2285 468 2302 um.
505 2274 566 2301 Adi.
602 2272 799 2308 [ναρθηκοαδῆς]
849 2275 879 2300 In
892 2273 986 2300 modum
993 2272 1068 2308 ft’ru-
1129 2272 1242 2298 Festinat
1256 2270 1288 2298 ad
1301 2271 1420 2298 fratrem.
1515 2272 1647 2298 Festinans
1660 2271 1800 2299 aduersum
1821 2274 1938 2300 Marium
1968 2275 2039 2301 Vi&
2053 2277 2085 2302 de
2099 2278 2172 2304 Viris

34 2309 78 2340 lae,
95 2310 134 2336 vel
145 2311 348 2345 Ferulaestmilis.
417 2312 484 2337 Plin.
501 2318 541 2344 13,
555 2318 572 2346 7
601 2311 631 2336 Et
644 2312 672 2336 in
685 2310 809 2344 Hispania
823 2310 947 2343 prouenit
961 2316 1068 2344 repente
1128 2307 1224 2334 Illullr.
1237 2310 1280 2342 76.
1351 2307 1392 2333 Ad
1413 2312 1538 2334 euentum
1574 2309 1641 2334 Hor.
1655 2307 1687 2333 de
1704 2309 1767 2334 Arte
1780 2309 1853 2334 Poe't.
1868 2313 1921 2341 148.
1992 2312 2123 2344 innffil.
2138 2316 2171 2346 6,

33 2343 168 2372 altitudine
179 2347 269 2379 oleae,
288 2348 361 2374 caule
374 2347 516 2374 ferulaceo.
588 2346 625 2372 Id.
645 2351 678 2377 is,
691 2354 716 2380 7.
743 2352 766 2371 ct
781 2354 823 2376 22,
838 2353 879 2370 22.
915 2353 938 2372 et
952 2353 992 2377 25,
1008 2353 1029 2377 ς.
1075 2347 1110 2373 60
1129 2352 1156 2375 3,
1172 2352 1201 2383 3¹9
1227 2344 1259 2369 At
1273 2344 1309 2370 M.
1325 2343 1474 2383 Caelius-de
1486 2343 1531 2369 illa
1543 2344 1573 2369 C.
1586 2343 1688 2383 Laelii,
1707 2343 1883 2384 Collegaeque
1896 2345 1951 2371 eius
1964 2345 1991 2371 in
2004 2349 2169 2381 prouinciam

10 2412 11 2415 Ἴ
66 2385 163 2407 FERV
173 2384 250 2409 1:50
260 2390 279 2409 o
289 2403 296 2414 ‚
312 2384 371 2410 inis.
393 2383 412 2409 f.
470 2384 570 2413 Frutcx‚
583 2381 745 2417 quamfcrula
755 2381 907 2407 humiliorem
925 2381 1067 2414 Theophra·
1129 2379 1308 2405 festinantium
1323 2385 1500 2405 contentione.
1572 2378 1652 2405 Nihil
1668 2378 1806 2412 testinare,
1837 2379 1889 2407 vid.
1908 2387 2034 2409 N1H11.
2106 2385 2171 2411 Ani-

0 2430 10 2439 u
24 2413 82 2447 stus
92 2422 210 2443 caeterum
222 2421 319 2444 omnino
329 2419 434 2451 fimidcm
447 2418 536 2444 tradit.
614 2416 686 2443 Cael.
702 2415 791 2442 Aurel.
804 2416 877 2441 Acut.
892 2424 920 2447 2,
934 2424 961 2442 17.
991 2416 1066 2442 Tha·
1127 2424 1185 2441 mus
1200 2415 1304 2441 festinat
1324 2414 1356 2440 ad
1375 2414 1464 2454 aliqua
1495 2414 1551 2440 Cic.
1572 2413 1685 2448 Philipp.
1700 2423 1726 2444 2,
1745 2423 1791 2449 47.
1864 2414 1904 2441 Ad
1925 2415 2052 2450 singulare
2070 2418 2169 2446 saelum

0 2459 11 2486 ¹3
31 2450 90 2485 plia,
103 2456 181 2486 quam
195 2461 242 2478 nos
255 2453 428 2487 ferulaginem
437 2453 558 2512 diciciinus.
579 2487 598 2512 Ε
692 2486 702 2512 I
774 2483 794 2512 Ἰ
886 2487 907 2513 C
940 2486 948 2512 l
976 2487 997 2512 A
1048 2487 1055 2513 Ι
1128 2451 1341 2512 16111111111611131111)Ξ
1363 2449 1403 2512 Ιίῗ.
1417 2449 1484 2477 lbld·
1500 2458 1561 2504 123·
1634 2450 1737 2511 OEffedfl
1749 2450 1896 2511 {egspssnn'
1906 2451 2002 2485 pilenta
2010 2473 2023 2492 ,ι
2039 2455 2169 2495 petorita,

29 2492 190 2553 TsirgRgiL
200 2493 426 2553 IAleasi-isat’abltill‘a·‚
447 2488 491 2549 agit
504 2495 614 2549 serula-<ii
627 2486 690 2522 feru
701 2494 717 2512 a
730 2485 781 2522 fac
796 2495 832 2512 “L
909 2495 938 2513 ae
952 2506 957 2513 ⁵
1000 2495 1046 2514 ure
1059 2507 1065 2513 ·
1079 2521 1110 2553 63
1126 2495 1208 2549 ἓξὲξ
1221 2495 1311 2555 638111
1319 2542 1327 2554 ,
1344 2494 1371 2552 ξι,
1393 2494 1437 2553 ἐπὶ,
1452 2494 1472 2518 ι,
1488 2494 1589 2547 8111613
1602 2491 1957 2555 festiixsaiieiioteiiulsllmiiulcngtls
1963 2489 2170 2553 iiiiiisCifflitkiiss

64 2562 164 2582 FERV
174 2563 204 2589 s,
225 2565 255 2589 a,
275 2566 328 2583 um.
370 2559 428 2584 Vid.
440 2556 496 2593 post
510 2564 578 2584 FER
588 2564 619 2584 A.
1126 2557 1218 2584 mistae
1231 2558 1319 2591 pueris
1332 2557 1432 2590 puellae
1458 2557 1526 2582 Hor.
1539 2556 1590 2582 Od.
1605 2566 1633 2588 4,
1649 2564 1681 2587 11,
1694 2564 1719 2587 9.
1893 2553 1913 2592 q
1935 2565 1951 2582 2
1987 2557 2052 2591 Obffi
2088 2561 2168 2588 Festi-

28 2593 35 2623 ζ
67 2596 191 2630 Ρ-Εῐζνς
210 2598 285 2618 OCv
296 2600 313 2619 L
324 2599 383 2625 vs,
409 2594 499 2620 Herba
518 2593 567 2624 611,
589 2592 665 2625 Asyla
681 2592 760 2620 aliter
778 2592 861 2623 diEla,
883 2601 963 2627 quam
982 2593 1010 2618 in
1023 2602 1063 2619 re·
1125 2592 1323 2627 narestgmficat
1343 2591 1498 2631 festinanter
1516 2590 1648 2630 conficere,
1674 2597 1703 2616 vt
1719 2597 1856 2625 properare
1885 2591 1965 2618 Ouid.
1981 2594 2045 2621 Met.
2062 2603 2100 2628 11,
2120 2604 2167 2631 573

30 2625 119 2652 medio
135 2635 228 2659 pecora
250 2635 393 2662 quaerunt,
419 2629 437 2656 fi
454 2628 558 2664 quando
578 2628 723 2662 anagallida
745 2628 872 2655 feminam
892 2628 1063 2662 gustauerint.
1125 2628 1156 2653 Et
1169 2628 1239 2658 iam,
1260 2635 1322 2660 quas
1341 2625 1432 2652 induat
1446 2626 1491 2650 illa
1526 2625 1644 2664 Festinat
1653 2625 1744 2652 vestes.
1823 2627 1922 2660 Fugam
1935 2628 2058 2656 festinare
2090 2632 2165 2667 Virg.

34 2660 92 2689 Vid,
104 2661 170 2688 Plin.
184 2670 222 2695 25,
236 2671 269 2695 13,
1126 2663 1190 2687 Aen.
1204 2670 1239 2693 4,
1256 2668 1310 2695 575.
1382 2662 1496 2686 Mortem
1510 2661 1539 2686 in
1551 2661 1576 2686 se
1588 2660 1722 2687 festinauit
1750 2661 1841 2687 Tacit.
1857 2663 1924 2689 Ann.
1938 2672 1970 2695 4,
1988 2670 2024 2694 28-
2096 2667 2165 2695 Ter,

414 2703 437 2733 F
533 2702 560 2732 Ε
655 2701 675 2732 S
1072 2704 1108 2732 70
1126 2696 1235 2731 Adelph.
1250 2705 1271 2728 3,
1284 2705 1309 2727 2,
1324 2702 1352 2728 23
1378 2695 1451 2728 Qid
1465 2695 1571 2722 festinas
1584 2696 1622 2722 mi
1636 2697 1721 2723 Geta?
1754 2696 1871 2722 animum
1887 2698 1983 2733 recipe.
2039 2702 2091 2728 Hic
2103 2703 2167 2730 idem

1122 2730 1164 2764 ist,
1179 2732 1242 2767 quod
1253 2730 1384 2766 trepidare
1391 2738 1455 2766 prae
1467 2737 1547 2763 metu,
1565 2738 1594 2757 vt
1612 2731 1736 2757 interdum
1755 2732 1908 2766 Trepidare
1927 2734 2045 2770 adfhlam
2058 2736 2169 2772 festina-

63 2775 81 2795 1²
91 2775 109 2796 E
120 2775 158 2797 sC
167 2776 184 2796 E
194 2777 324 2797 NNIVM
334 2791 342 2804 ,
362 2771 381 2798 i.
404 2780 429 2797 n.
467 2770 522 2798 Siue
535 2776 552 2796 F
561 2777 578 2797 E
587 2776 675 2798 SCEN
685 2777 706 2796 Ν
717 2776 726 2795 1
736 2776 757 2796 Α
766 2789 775 2802 ,
792 2778 879 2796 orum.
901 2769 939 2795 ΡΙ.
981 2768 1062 2802 Oppi·
1125 2771 1215 2794 tionem
1223 2770 1351 2802 pertinet:
1416 2767 1510 2806 Iteruni
1522 2766 1637 2792 Terent.
1652 2767 1715 2792 Eun.
1729 2776 1756 2799 4,
1770 2775 1793 2799 3,
1806 2773 1819 2797 8
1849 2769 1922 2801 Qid
1937 2770 2020 2797 istuc?
2050 2773 2114 2807 quid
2128 2775 2166 2801 fe.

29 2804 92 2831 dum
106 2806 277 2839 Campaniae,
294 2810 377 2842 inquit
389 2807 497 2833 Seruius
508 2806 542 2833 ad
553 2807 618 2833 Λ611.
626 2814 652 2841 7,
667 2808 715 2838 695
745 2805 799 2832 Vbi
813 2804 940 2840 nuptialia
954 2803 1061 2830 inuenta
1124 2803 1218 2829 stinas?
1254 2808 1297 2829 aut
1315 2810 1394 2836 quem
1414 2802 1537 2841 quaeris?
1563 2802 1691 2841 *Donatus
1705 2801 1736 2829 ad
1755 2802 1781 2836 h.
1795 2803 1812 2829 l.
1835 2804 1975 2838 Properas,
1992 2807 2121 2839 turbaris,
2140 2816 2168 2838 et

28 2840 85 2866 funt
97 2841 220 2868 carmina.
290 2843 358 2868 Plin.
373 2851 396 2875 3,
411 2850 423 2875 5
442 2842 582 2869 Fescennia
595 2842 738 2868 Hetruriae
751 2841 845 2867 ciuitas
858 2841 968 2867 dicitur:
987 2840 1061 2865 cuius
1123 2838 1247 2873 trepidas.
1319 2837 1470 2869 Sallustius,
1503 2836 1695 2864 Festinantibus
1726 2839 1754 2864 in
1782 2839 1883 2865 summa
1914 2840 2006 2876 inopia
2037 2845 2165 2878 patribus,

28 2876 120 2911 populi
131 2876 230 2904 ducunt
242 2878 374 2912 originem
389 2877 422 2904 ab
437 2877 645 2904 Atheniensibus.
885 2882 889 2891 ¹
1076 2878 1108 2906 75
1123 2875 1180 2901 Cum
1202 2873 1277 2909 Infin.
1321 2874 1413 2899 quen.
1436 2873 1486 2912 §at-
1506 2882 1538 2905 9,
1561 2875 1606 2899 126
1648 2888 1692 2913 .-“‘
1716 2874 1822 2901 festinat
1841 2875 1912 2902 enim
1929 2876 2069 2906 decurrere
2087 2881 2167 2909 velox

67 2918 128 2939 FEs
139 2918 155 2939 c
166 2919 182 2939 E
192 2921 242 2940 NN
253 2920 263 2939 1
276 2920 365 2945 st,
385 2923 414 2946 a,
433 2923 488 2940 um.
542 2913 603 2940 Adi.
656 2912 730 2946 Virg.
746 2912 809 2938 Aen.
824 2919 856 2946 7,
876 2913 924 2943 695
963 2910 1001 2936 Hi
1017 2911 1063 2936 Fe-
1125 2909 1258 2937 Flosculus
1272 2908 1393 2942 angustae
1406 2909 1569 2942 miseraeque
1582 2908 1730 2936 breuissima
1745 2910 1816 2936 vitae
1851 2911 1950 2938 Portio.
2022 2915 2166 2943 Festinabi-

31 2946 159 2974 seenninas
170 2949 253 2981 acies,
272 2957 422 2983 aequosque
436 2949 555 2976 Faliscos.
628 2948 779 2974 Fescennini
792 2948 889 2979 versus,
910 2946 1064 2972 dicebantur
1125 2955 1182 2972 mus
1202 2944 1343 2972 emundare
1380 2943 1511 2970 Columel.
1526 2952 1557 2977 4,
1575 2952 1609 2978 27
1624 2951 1665 2979 pr.
1756 2945 1861 2972 Festino
1875 2947 1988 2982 effugere
2011 2950 2076 2977 Plin.
2089 2961 2120 2985 9,
2143 2960 2166 2983 8.

0 2981 2 2993 ³
33 2981 89 3013 Qii
111 2981 138 3008 in
159 2985 257 3019 nuptiis
279 2984 445 3011 canebantur.
498 2984 571 3011 Diffi
586 2984 657 3019 quod
676 2992 707 3009 ex
729 2983 795 3009 vrbe
814 2982 971 3009 Fescennina
989 2981 1064 3008 allati
1125 2980 1255 3015 Quinctil.
1269 2989 1300 3013 9,
1315 2989 1333 3012 4
1370 2980 1462 3006 Finem
1476 2980 1614 3013 imponere
1627 2980 1723 3014 egresso
1737 2980 1891 3009 destinatum
1909 2984 2017 3010 modurn
2032 2987 2166 3015 volumini

35 3016 124 3043 essent:
156 3018 206 3045 siue
219 3020 290 3055 quod
303 3020 432 3047 fascinum
451 3025 575 3055 putantur
593 3028 689 3046 arcere.
746 3019 814 3044 Haec
834 3018 930 3044 Festus.
1003 3018 1064 3043 Liu.
1124 3017 1230 3043 festino.
1300 3015 1430 3042 Festinare
1443 3022 1468 3041 et
1481 3016 1624 3048 Prope-rare
1635 3022 1736 3042 veteres
1748 3017 1892 3044 voluerunt
1905 3017 2000 3046 habere
2008 3020 2166 3051 distantiam,

36 3056 63 3083 72
77 3058 92 3075 2
123 3053 177 3084 Qu
193 3063 246 3082 non
264 3055 327 3082 sicut
340 3064 399 3082 ante
413 3056 572 3082 Fescennino
586 3056 663 3082 versu
684 3053 795 3080 similem
814 3053 1015 3088 incompositum
1028 3059 1064 3079 te.
1076 3056 1108 3082 80
1124 3053 1192 3079 Cato
1205 3053 1233 3078 111
1246 3051 1377 3082 oratione,
1390 3059 1468 3085 quam
1483 3051 1514 3076 de
1526 3051 1578 3077 suis
1592 3051 1736 3078 virtutibus
1752 3053 1864 3087 scripsit,
1884 3054 1964 3079 Aliud
1973 3055 2007 3081 611
2015 3064 2165 3090 properare,

37 3093 123 3117 mere,
137 3095 166 3112 ac
177 3090 264 3117 rudem
276 3091 383 3118 alternis
396 3091 534 3118 iaciebant.
606 3092 685 3117 Erant
697 3090 724 3116 hi
736 3090 821 3125 vcrfics
835 3089 907 3115 omni‘
918 3089 1063 3125 obscenitate
1125 3088 1198 3114 aliud
1219 3087 1349 3113 festinare.
1411 3086 1467 3119 Q¹i
1486 3095 1568 3112 vnum
1586 3087 1650 3121 quid
1670 3093 1772 3114 mature
1792 3088 1881 3114 transit
1906 3089 1959 3121 (al.
1981 3091 2113 3126 transigit)
2141 3093 2165 3120 is

36 3126 60 3146 et
72 3121 207 3155 opprobriis
215 3127 289 3159 pleni.
360 3127 479 3154 Macrob.
493 3128 594 3153 Saturn.
608 3135 632 3157 2,
645 3135 663 3158 4
693 3124 875 3159 Temporibus
888 3125 1063 3151 triumuirali·
1125 3129 1261 3158 properat:
1280 3123 1327 3156 qui
1340 3121 1422 3148 multa
1436 3122 1511 3148 simul
1526 3122 1635 3156 incipit,
1653 3131 1738 3157 neque
1750 3122 1867 3156 perficit,
1885 3123 1906 3149 is
1916 3124 2026 3152 festinat.
2064 3129 2164 3156 Verum

36 3155 185 3188 bUSPOUiO,
198 3167 275 3192 quum
287 3163 458 3189 Fescenninos
470 3163 499 3189 in
512 3172 573 3188 eum
587 3161 713 3196 Augustus
728 3160 873 3195 scripsisset,
892 3161 945 3192 ait,
968 3161 1001 3186 At
1013 3169 1062 3194 ego
1124 3165 1299 3191 virorumque
1313 3157 1456 3184 verborum
1474 3160 1544 3184 ratio
1559 3158 1605 3184 sub
1617 3157 1664 3184 hac
1677 3158 1847 3192 significantia
1859 3160 1980 3193 proxima
1993 3161 2029 3187 cst
2040 3164 2164 3196 veritati,

0 3223 1 3228 ,
35 3197 123 3217 taceo:
158 3200 212 3218 ¹10ss
231 3195 264 3221 est
282 3198 350 3224 enim
370 3199 447 3224 facile
465 3199 494 3225 111
514 3208 574 3224 eum
588 3197 711 3229 scribere,
730 3197 776 3232 qui
794 3196 877 3231 potest
891 3195 1063 3230 proscribere.
1124 3202 1153 3221 vt
1166 3195 1195 3221 lit
1209 3196 1280 3228 saepe
1294 3193 1377 3219 animi
1390 3201 1531 3227 properare
1544 3194 1656 3220 studiose
1671 3194 1703 3220 ad
1723 3203 1764 3220 res
1778 3194 1879 3229 aliquas
1892 3196 2086 3224 contendentis:
2116 3200 2164 3226 Fe.

36 3226 104 3252 Ada'.
126 3227 222 3254 Auson.
237 3230 366 3259 Parecbasi.
377 3234 471 3267 Eidyll.
491 3240 525 3264 18.
589 3231 745 3266 Elmenhmst.
766 3235 793 3258 in
810 3232 911 3258 Arnob.
933 3240 951 3264 4
973 3241 997 3265 p.
1013 3234 1064 3263 136.
1080 3231 1109 3259 85
1125 3231 1219 3256 stinare
1234 3238 1346 3263 corpore
1361 3229 1549 3257 neeessitatibus
1565 3229 1736 3264 obsequendi.
1824 3231 1900 3264 Virg.
1921 3232 1985 3258 Aen.
2003 3242 2038 3266 4,
2057 3242 2100 3265 310
2131 3236 2164 3262 Et

0 3265 7 3281 >
35 3261 108 3288 Inter
121 3263 247 3296 nuptiales
260 3265 418 3296 fescenninos
449 3271 506 3296 Sen.
522 3269 613 3296 Contr'.
624 3277 660 3295 21.
751 3267 870 3294 Licentia
901 3268 968 3293 Hor.
984 3267 1062 3301 Epist.
1126 3265 1221 3292 mediis
1233 3273 1355 3300 properas
1368 3264 1547 3299 Aquilonibus
1562 3265 1601 3291 ire
1614 3274 1660 3298 per
1674 3265 1763 3292 altuni.
1836 3265 1904 3292 Ibid.
1921 3276 1942 3299 2,
1956 3275 2000 3301 373
2034 3269 2163 3298 Festinate

36 3305 62 3329 2³
75 3305 95 3328 1,
110 3305 162 3330 143.
233 3299 339 3329 Locutio
362 3305 459 3331 Catull.
472 3308 512 3337 62,
527 3307 580 3331 126.
648 3303 725 3339 Apud
736 3303 857 3330 Prudent.
875 3303 904 3328 in
918 3301 1063 3335 Symmach.
1125 3303 1194 3329 viri:
1231 3309 1292 3327 nam
1310 3309 1378 3334 quae
1395 3306 1447 3327 tam
1466 3302 1521 3327 scra
1539 3306 1659 3326 moratur
1688 3301 1833 3335 Segnities3
1889 3303 1956 3329 Haec
1970 3303 2074 3330 Nonius
2087 3313 2115 3338 ς,
2128 3312 2163 3336 31,

37 3341 58 3364 1,
73 3335 114 3372 261
150 3333 303 3373 Fescennina
315 3338 415 3373 abfhlute
426 3342 488 3377 fient
501 3342 606 3367 Cantica
618 3341 741 3374 nuPtialia
750 3359 758 3372 ,
783 3346 812 3365 vt
833 3348 880 3364 non
899 3338 956 3364 adeo
969 3338 1065 3373 semper
1124 3337 1192 3364 Adri.
1212 3336 1280 3363 Gell.
1296 3339 1325 3362 16
1331 3356 1340 3369 ,
1353 3344 1388 3369 14.
1424 3336 1467 3362 ubi
1479 3342 1503 3361 et
1515 3336 1617 3362 Catonis
1629 3337 1705 3362 Iocum
1717 3336 1814 3363 cundem
1826 3337 1915 3370 habes,
1940 3344 1963 3364 et
1976 3337 2165 3374 disputationem

34 3370 120 3403 versus
138 3369 281 3403 obscenitate
290 3372 356 3405 pleni
374 3375 523 3403 denotentur.
609 3375 676 3402 Plin.
691 3382 728 3408 13,
741 3383 773 3400 22
808 3373 944 3408 Iuglandes
963 3374 1065 3407 nuptia·
1122 3373 1150 3399 de
1168 3380 1253 3407 etymo.

34 3403 101 3429 lium
121 3404 338 3431 Festfflfflinorffln
356 3411 469 3438 comites.
640 3409 661 3447 ff
689 3419 704 3436 2
740 3408 780 3443 Est
800 3413 874 3436 etiam
893 3410 1065 3436 Fescemiinus
1072 3417 1108 3442 90
1160 3414 1224 3435 FES
1234 3414 1255 3435 'r
1266 3409 1280 3434 f
1286 3414 1308 3434 N
1318 3414 1380 3437 GR,
1400 3406 1449 3433 firi.
1483 3406 1545 3433 Paff.
1579 3404 1750 3442 [σπεύδομαι]
1786 3407 1875 3434 Tacit.
1888 3407 1918 3433 de
1926 3409 1995 3435 Mor.
2006 3409 2123 3439 Germe,
2132 3422 2164 3440 20

32 3438 104 3474 pedis
121 3449 219 3470 nomen,
238 3440 300 3465 idem
319 3445 360 3476 qui
370 3444 567 3480 Amphimacrus
597 3446 708 3477 Diom.3
721 3452 815 3480 p.475.
1125 3444 1184 3471 Nec
1197 3444 1313 3477 virgines
1328 3442 1490 3468 festinantur.
1525 3445 1543 3468 i.
1564 3442 1619 3468 Cito
1633 3442 1667 3468 ad
1677 3445 1815 3478 coniugium
1827 3444 1993 3477 abripiuntur.

16 3504 22 3505 .
61 3480 86 3514 ,F
94 3481 111 3501 E
119 3482 131 3501 S
141 3482 156 3501 C
166 3483 182 3501 E
192 3483 212 3502 N
221 3483 258 3502 NI
269 3482 285 3501 C
297 3481 316 3502 0
326 3482 342 3501 1.
353 3483 372 3504 A
383 3498 392 3510 ‚
410 3488 448 3507 ae.
470 3491 491 3509 c.
544 3481 634 3509 Sidon.
644 3491 681 3514 12,
695 3490 707 3507 2
738 3482 852 3507 Carmen
866 3479 1065 3507 Fescennicolae
1161 3486 1178 3505 P
1186 3485 1202 3505 E
1213 3485 1224 3503 S
1236 3485 1258 3505 T
1270 3487 1278 3504 1
1288 3485 1310 3504 N
1318 3485 1340 3505 A
1349 3485 1371 3504 N
1381 3486 1393 3505 s
1401 3498 1410 3511 ,
1431 3478 1461 3518 is'.
1497 3478 1588 3517 l’artic.
1625 3477 1762 3511 [σπεύδων]
1817 3479 1928 3518 Legatus
1942 3479 2064 3518 festinans
2077 3485 2165 3519 pergit

34 3509 141 3544 Dlones-
1127 3514 1186 3540 Sall.
1199 3515 1255 3548 Iug.
1272 3522 1307 3547 52,
1321 3521 1347 3548 7.
1419 3513 1484 3539 le.
1498 3520 1525 3539 111
1539 3514 1630 3547 Paneg.
1644 3523 1665 3539 c.
1674 3524 1691 3547 4
1723 3513 1761 3539 Ad
1775 3512 1824 3539 hoc
1837 3520 1926 3539 aetatis
1940 3515 2068 3544 indeflexa
2079 3526 2164 3546 matu-

72 3551 111 3572 Fi:
121 3554 133 3573 S
142 3554 158 3574 C
168 3554 176 3572 1
186 3552 207 3571 N
218 3552 238 3572 Ο
249 3553 281 3578 E,
304 3552 353 3581 pro
373 3555 417 3581 quo
439 3550 526 3585 legitur
548 3559 564 3578 12
574 3559 590 3579 E
599 3559 611 3579 s
621 3558 671 3578 ΝΟ
682 3558 698 3578 E
708 3572 716 3584 ,
742 3551 918 3583 vocabantur,
951 3551 1006 3584 Qui
1022 3551 1065 3576 de-
1125 3550 1188 3575 ritas
1197 3569 1203 3579 ‚
1229 3559 1275 3575 nec
1295 3549 1348 3575 sine
1367 3548 1482 3583 quodam
1497 3558 1606 3575 munere
1619 3548 1697 3574 defun
1711 3547 1855 3574 festinantis
1869 3549 2007 3579 seneftutis
2020 3553 2164 3586 insignibus

37 3580 132 3614 pellere
164 3582 291 3609 fascinum
319 3581 504 3617 credebantur,
541 3587 637 3614 Festus,
709 3587 820 3623 Scaliger
830 3607 839 3619 ‚
873 3587 995 3613 Fascinoe
1003 3605 1012 3617 ,
1047 3589 1066 3611 i.
1077 3589 1109 3615 95
1124 3584 1157 3610 ad
1171 3585 1315 3619 augendam
1329 3584 1488 3611 maiestatem
1501 3590 1592 3611 ornata
1606 3584 1736 3610 caesaries.
1807 3584 1855 3611 Sed
1871 3584 1952 3612 editur
1969 3587 2040 3614 hodie
2060 3585 2164 3618 festina-

35 3616 142 3652 Fascim‘.
512 3618 515 3625 '
1124 3621 1171 3650 tis,
1195 3620 1258 3655 quod
1271 3627 1354 3646 luetur
1368 3620 1552 3647 schwartzius.

71 3658 152 3692 leSS
163 3660 208 3679 ΑΕ
219 3673 227 3686 ,
247 3662 330 3679 arum.
356 3652 375 3678 f.
413 3653 451 3678 Pl·
516 3656 608 3693 Reines
626 3658 686 3685 Var.
701 3656 768 3685 Lea.
779 3668 810 3690 3,
829 3668 845 3693 4
861 3665 889 3694 p.
906 3668 956 3692 394
984 3656 1065 3683 Fessa:
1163 3661 1224 3681 FES
1234 3662 1254 3681 T
1265 3657 1334 3681 ιΝᾸ
1345 3661 1366 3680 T
1378 3663 1435 3687 vs,
1452 3665 1481 3687 a,
1505 3665 1559 3682 um.
1596 3653 1686 3692 Parti-c.
1723 3652 1913 3693 [ἒσπευςμένσς]
1949 3657 2013 3683 Plin.
2028 3658 2055 3685 in
2069 3660 2160 3696 Paneg-

0 3692 6 3726 ζ
37 3695 128 3714 ouium
142 3696 213 3715 vacat
220 3689 355 3721 Pedia-idos,
369 3697 424 3714 oues
438 3686 596 3723 infestantes,
614 3702 674 3729 quas
686 3694 845 3721 Plin,valer‚
866 3703 925 3720 cum
939 3698 1007 3719 creta
1021 3701 1064 3719 ne-
1127 3692 1160 3723 69
1173 3710 1180 3721 ‚
1205 3698 1217 3722 5
1253 3690 1413 3723 Qiinimmo
1435 3691 1562 3718 festinatis
1576 3687 1721 3716 honoribus
1740 3688 1880 3723 amplificat
1893 3696 1973 3726 atque
1993 3702 2069 3722 affluet
2116 3704 2162 3722 etc.

0 3728 5 3747 1
37 3723 90 3749 cari
110 3723 180 3750 dicit.
269 3728 274 3732 ·
568 3753 572 3755 λ
1125 3726 1206 3752 Calor
1236 3724 1328 3752 Claud.
1342 3726 1420 3753 Cons.
1432 3727 1503 3752 Hon.
1516 3729 1547 3756 6,
1561 3733 1611 3756 224·
1682 3724 1805 3750 Honores
1836 3725 1932 3753 Lucan.
1946 3733 1974 3760 8,
1993 3715 2043 3763 24¹.²
2077 3716 2085 3728 ⁹
2108 3733 2161 3757 Iter

70 3764 132 3785 FES
141 3767 154 3786 s
164 3765 184 3785 o
194 3766 215 3785 N
225 3766 234 3784 1
245 3766 264 3785 A
285 3759 339 3786 Dea
359 3757 425 3793 apud
438 3763 538 3785 veteres
551 3760 697 3796 colebatur,
716 3769 745 3790 vt
759 3764 833 3790 fessos
847 3764 964 3791 iuuaret:
1000 3762 1063 3790 sicut
1072 3761 1277 3787 100festinatum
1291 3761 1376 3787 facere
1413 3761 1492 3788 Ouid.
1507 3769 1538 3786 ex
1551 3761 1624 3786 Pont.
1638 3768 1673 3799 4,
1685 3766 1714 3791 5,
1728 3765 1750 3788 8.
1821 3760 1936 3789 Labores
1962 3764 2024 3791 Stat.
2041 3765 2124 3792 Achil.
2141 3774 2160 3797 1,

38 3791 138 3821 Pellona
150 3794 312 3829 placabatur,
333 3801 361 3822 vt
374 3794 459 3822 hostes
472 3793 618 3828 depelleret.
669 3800 774 3833 August.
788 3800 820 3825 de
833 3800 914 3826 Ciuit.
924 3799 975 3825 Dei
985 3809 1017 3833 4,
1029 3807 1065 3825 21.
1129 3800 1182 3823 160.
1196 3808 1197 3811 ¹
1254 3796 1384 3829 Quinctil.
1393 3799 1410 3823 6
1423 3805 1540 3830 prooem.
1550 3804 1577 3820 10
1608 3794 1764 3821 Festinatam
1779 3797 1955 3826 maturitatem
1969 3800 2079 3826 celerius
2092 3801 2162 3826 occi-

8 3851 11 3883 5
40 3834 208 3900 FaZgEassussYas
215 3840 258 3901 ΞΖ3
267 3850 282 3892 ’t
296 3840 351 3891 um.
364 3829 452 3899 (1217111ί
484 3828 799 3892 [ἅπαὸηιξιέἑέἀκεῖμηκώς]
853 3835 920 3897 Ῑάὶζη
929 3835 988 3875 fere
1002 3834 1066 3896 qsuad
1124 3832 1197 3894 tclarit}
1266 3830 1356 3894 ἓξὲξ.
1367 3833 1396 3858 in
1404 3830 1610 3893 Viiffaiiirifi'isff
1628 3831 1665 3892 Ita
1679 3830 1813 3898 fegstinatae
1825 3833 1918 3860 mortis
1934 3835 2029 3868 grande
2038 3835 2161 3862 solatium

78 3896 82 3898 .
167 3885 174 3896 ,
213 3879 220 3891 1
238 3876 260 3892 co
283 3876 320 3893 am·
335 3877 350 3891 n
380 3877 388 3892 1
415 3876 439 3893 cr
453 3885 459 3891 -
665 3884 671 3890 ·
707 3877 783 3903 p.372
795 3876 860 3897 extr.
908 3877 995 3904 angor
1020 3878 1067 3897 ati·
1137 3877 1146 3893 1
1189 3887 1194 3892 -
1352 3877 1398 3894 um
1514 3885 1519 3891 ·
1595 3884 1601 3891 -
1616 3874 1637 3897 3,
1666 3874 1688 3898 Ξ,
1716 3886 1722 3892 -

10 3899 11 3928 l
38 3903 107 3931 gatus
120 3900 174 3927 sum
188 3901 271 3934 facit,
291 3911 344 3928 non
357 3902 440 3927 fessus.
494 3901 524 3927 Et
545 3900 623 3933 longe
640 3900 780 3935 falluntur,
804 3906 851 3939 qui
870 3912 1014 3940 opinantur
1031 3915 1062 3932 ex
1162 3908 1436 3933 rEs'rtNATvs,
1456 3900 1495 3927 sis.
1515 3910 1551 3928 m.
1589 3902 1660 3927 Zeno
1674 3902 1773 3929 Veron.
1812 3922 1819 3929 .
1855 3924 1863 3930 ,
1899 3903 2159 3936 Qantusfestinatus

10 3936 11 3940 ’
37 3941 68 3960 eo
81 3935 258 3976 quodlfatigat·
268 3937 342 3964 fess'us
356 3936 486 3966 deriuari:
523 3944 581 3963 nam
591 3935 666 3961 fessus
675 3937 813 3971 appellatio
825 3941 860 3967 est
880 3942 1006 3975 (Nomen,
1017 3951 1065 3967 non
1080 3938 1225 3974 105p0puli.

1280 3973 1309 3999 M
1323 3981 1349 3999 m
1369 3982 1396 3998 m
1410 3980 1436 3997 m
1471 3979 1488 3997 2.
2036 3979 2053 4001 F
2063 3978 2079 3998 Ε
2088 3979 2161 4000 ST]-
