2479 4225
36 128 164 208 ¹893*
456 147 500 186 H
572 114 622 186 Ἐ
703 142 785 215 ιζ’
1541 145 1584 186 H
1673 144 1708 185 E
1794 148 1900 190 i<>
2131 160 2208 204 894

60 241 124 269 lum.
144 243 146 245 ’
166 232 263 264 Ennius
281 235 348 272 apud
365 236 422 263 Cic.
437 236 490 263 Off.
506 245 526 268 1,
541 241 568 268 38
586 245 608 263 c.
624 244 649 263 ιε
674 236 762 262 Vosne
780 234 861 266 velit,
878 242 911 260 an
929 241 972 259 me
989 240 1101 267 regnare
1198 241 1266 262 HES
1279 239 1426 265 ΥΟΗῙΑ,
1444 243 1485 260 ac.
1513 234 1533 261 f.
1565 233 1695 269 [ἧσυχία]
1732 236 1817 270 Ques.
1853 238 1909 264 Scn.
1924 239 2051 274 Epist.'9z
2078 241 2204 275 Q1ietem

61 276 148 306 Hera,
166 273 264 308 quidue
283 273 350 298 ferat
371 273 453 304 Fon-⁵,
488 272 596 298 Virtute
620 272 797 306 experiamur.
869 270 941 308 Hera
965 269 1029 310 lfors
1044 288 1052 300 ‚
1083 272 1101 295 i.
1162 271 1312 304 hcsychiam
1324 276 1419 298 vocant
1431 270 1535 302 Gracci,
1552 276 1626 298 vacat
1639 270 1713 297 enim
1730 271 1832 297 animus
1847 274 1982 309 molestia,
2002 283 2049 303 etc.

77 317 164 338 ortana
182 317 261 335 rerum
279 307 377 334 domina
390 318 397 332 .·
423 307 451 333 de
464 316 511 343 qua
524 310 598 333 etiam
612 308 693 334 Plaut.
708 308 789 334 Merc.
805 313 827 337 ς,
843 313 864 337 2,
879 313 888 330 1
910 304 1010 329 Diuum
1023 310 1101 338 atque

54 311 214 374 inmitium,
232 351 299 377 quae
312 343 457 377 Speffiatrix
475 349 554 378 atque
567 343 638 371 Hera
652 342 744 370 eadem
761 350 788 368 es
803 339 965 367 hominibus.
1038 341 1101 367 For·
1550 333 1581 363 Η
1679 333 1705 363 F
1806 333 1839 364 T

63 381 133 410 mosa
145 378 225 406 Ouid.
237 378 316 414 Epist.
329 388 359 412 9,
373 384 414 414 78.
1122 381 1136 407 5
1200 385 1220 405 H
1232 383 1431 409 ETAERIA,
1449 384 1487 402 ae.
1523 377 1542 402 f.
1577 377 1711 414 [ἑταιρία]
1745 377 1886 410 sodalitas,
1897 378 2014 414 fhcieeas.
2049 383 2204 419 Plin.Epist.

100 415 277 447 HERfL1s,
298 423 321 440 e.
357 414 419 441 Adi.
453 411 625 448 [δεσποτικὰ]
661 412 735 449 Qiod
745 411 779 439 ad
789 411 870 438 herum
881 411 1000 450 pertinet.
1021 410 1101 437 Plaut.
1165 423 1208 447 ιω,
1230 422 1263 448 97
1294 412 1442 440 Secundum
1462 412 1580 439 mandata
1605 420 1650 440 tua
1669 413 1797 447 haeterjas
1817 415 1865 441 esse
1889 420 2032 442 vetueram.
2073 419 2146 455 Cous.
2166 420 2204 446 ld.

64 449 199 485 Amph.'2‚
213 457 235 483 1,
248 457 279 484 75
303 450 368 476 Non
382 449 454 476 soleo
473 458 522 483 ego
537 450 711 476 somniculose
731 447 826 474 herilia
845 446 957 480 imperia
973 447 1101 481 persequi.
1165 450 1242 485 Epist,
1263 458 1308 481 ιο,
1325 458 1366 483 43.

60 486 135 514 Idem
146 484 206 511 Aul.
220 494 246 518 4,
261 494 280 518 1,
296 493 330 517 13.
402 485 504 512 Herilis
519 484 606 517 filius,
629 488 648 512 i.
667 483 826 521 Filiu5hcr1'3
840 481 909 508 Ter.
924 482 989 507 Eun.
1000 490 1024 521 2,
1042 491 1063 513 2,
1076 488 1102 515 58
1203 492 1221 511 H
1234 491 1250 511 ιτ,
1260 491 1281 511 T
1291 493 1310 511 Α
1323 492 1337 510 12·
1349 489 1450 515 uicit,
1475 491 1510 508 οε.
1546 483 1566 510 f.
1603 485 1644 510 Ita
1662 484 1799 511 vocabatur
1812 485 1861 512 Ala
1874 485 1996 520 equitum
2015 486 2082 521 apud
2094 489 2208 515 Maccdo-

27 516 30 531 ‘
60 520 109 548 Sed
135 520 215 546 video
240 520 352 547 herilem
383 520 470 548 filium
492 521 626 547 minorem
655 520 705 546 huc
728 517 863 545 aduenire.
952 517 1101 550 Arbitrium
1163 531 1208 547 nas
1227 520 1257 547 ab
1274 523 1403 552 amicitia,
1422 525 1444 545 et
1465 519 1545 545 veluti
1558 518 1694 554 sodalitate
1714 524 1792 556 regia.
1835 521 1893 548 Vid.
1907 522 1937 548 C.
1951 521 2020 556 Nep.
2037 526 2070 552 18,
2091 531 2115 555 1,
2133 526 2158 554 6,
2182 531 2207 550 et
2246 542 2249 545 s

57 552 148 583 valer.
169 555 268 590 Argon.
291 566 317 588 4,
338 560 389 588 388.
482 557 570 583 Verna
589 554 743 582 ministeriis
760 552 791 579 ad
813 558 891 578 nutus
912 558 986 585 aptus
1008 553 1102 580 heriles
1116 561 1145 579 10
1162 557 1197 583 ihi
1218 554 1330 582 Lambin.

60 591 128 620 Hor.
144 591 222 625 Epist.
240 600 261 623 2,
279 600 301 624 ι,
317 594 341 617 6.
414 591 455 618 Mi
478 591 570 619 herilis
584 591 590 618 ἔ
609 591 648 626 stc
663 590 770 626 appellat
781 587 906 625 flminam
923 589 1022 615 anicula
1039 590 1104 624 apud
1202 598 1221 617 H
1231 598 1246 618 Ε
1260 590 1472 620 ιῈιωειίἾὊ-Ί,
1492 588 1510 615 i.
1537 597 1562 614 n.
1598 589 1611 622 [
1619 588 1790 626 ἕτερόκλιτον]
1825 593 1990 627 interpretari
2001 593 2060 619 licet
2070 593 2173 619 Alienae
2186 598 2209 619 et

26 650 27 655 ¹
60 626 212 662 APULMU·
227 635 244 660 9
269 636 292 661 P·
309 634 363 662 ¹372
379 635 407 662 ¹7
428 629 495 654 Pric-
1164 628 1277 664 insolitae
1297 627 1478 653 declinationis.
1520 623 1577 650 Vol.
1594 626 1788 657 Gramnmeicor,
1807 636 1832 654 υ.
1847 637 1873 663 g.
1886 627 1988 655 Charis.
2005 636 2013 654 1
2035 637 2059 662 p.
2074 636 2104 659 23
2120 635 2164 662 pr.

9 669 12 672 .
98 667 119 688 Η
129 668 145 688 E
155 669 192 689 Rl
203 668 219 688 F
231 661 279 689 VG
291 670 311 689 Α
321 682 328 694 ,
349 671 388 689 ae.
407 672 443 689 m.
479 659 690 696 [φυγοδεσπότης]
725 660 776 695 Qu·
787 659 870 687 berum
878 657 964 695 fugit.
1000 659 1103 686 Famuli
1204 669 1224 689 Η
1237 670 1252 689 E
1262 669 1283 688 τ
1294 668 1338 688 PR
1348 667 1367 687 0
1377 666 1394 686 C
1405 668 1421 686 κ
1432 667 1452 686 A
1462 667 1483 686 N
1493 665 1509 685 ις
1519 667 1538 686 A
1548 680 1556 692 ,
1579 668 1618 686 ae,
1653 661 1673 686 f,
1710 662 1895 697 [iteponfoevla]
1930 670 2021 690 vocam
2035 664 2123 690 Graeci
2137 663 2208 689 Mor,

59 696 215 732 hesit-“gaer
242 701 260 724 ¹⁴·
278 699 391 734 Fugitffli
409 698 505 725 ΟΜΝΗ·
520 700 559 727 6²»
574 703 609 728 5¹·
1164 698 1218 725 bum
1231 701 1336 734 capitis,
1357 705 1428 731 quum
1448 702 1520 730 caput
1534 696 1697 731 inaequaliter
1715 696 1797 729 dolet,
1816 704 1892 724 tumet
1910 708 1951 730 ue,
1972 706 1996 725 et
2014 702 2080 726 inter
2090 700 2159 734 pilo5
2171 707 2210 724 ro.

98 738 324 763 HER1'rvw),
344 734 404 760 1'nis.
425 733 444 760 f.
481 732 559 760 Gloss'.
574 732 620 758 Gr.
635 731 692 758 Lat.
711 728 848 762 δεσποτείιι,
865 729 1038 762 Dominatus‚
1058 730 1103 758 do.
1119 736 1145 763 15
1165 734 1243 760 tunila
1257 741 1280 759 et
1293 732 1392 759 humida
1408 732 1530 767 „Infima
1544 729 1690 766 affiergunt,
1707 739 1729 758 ct
1760 742 1787 758 u,-
1800 734 1860 759 mast
1871 708 1963 761 afforis.
1999 733 2067 761 pun·
2081 742 2116 766 δι’
2129 742 2145 767 9
2170 733 2210 759 Ad

57 767 186 802 minatio,
204 767 338 797 heritudo.
1165 769 1363 796 heterocraneas
1379 767 1522 801 capitisque
1536 767 1639 800 vlcera,
1657 773 1682 793 et
1696 776 1730 802 pu
1755 768 1827 801 ulas,
1846 768 1994 804 papulam&
2037 770 2114 806 Apud
2126 770 2209 796 Marc,

410 826 418 831 ’Δ
439 806 473 839 Η
568 805 596 837 Ε
693 804 713 836 S
1165 806 1264 839 Empir.
1283 812 1299 830 2
1322 803 1552 829 Heterocranium.

1202 847 1222 866 H
1236 845 1359 866 nTltno
1370 845 1389 864 G
1401 845 1414 864 r
1425 845 1471 864 NE
1483 844 1501 864 v
1515 844 1541 867 s,
1565 845 1596 870 a,
1623 846 1678 864 um.
1715 837 1777 865 Adi.
1819 838 1919 874 Diuersi
1940 842 2038 877 generis
2060 846 2084 867 et
2105 846 2211 868 naturae

23 893 27 901 .
96 881 120 902 H
129 881 146 902 E
155 881 168 901 S
178 882 187 901 1
196 873 216 904 ὅ
224 882 242 903 D
251 883 272 904 v
281 883 294 903 s
302 896 311 909 ,
330 876 349 903 i.
369 885 404 902 m.
429 872 579 909 [Ἡσίοδος-1
606 875 683 901 Po'e'ta
695 873 826 910 Ascraeus,
838 874 908 898 cuius
920 872 978 906 ἔργα
990 872 1033 907 nge)
1046 872 1103 907 ἡμέ-
1164 875 1232 912 apud
1244 876 1423 901 Grammaticos
1431 893 1439 905 ,
1459 881 1482 899 ει
1496 872 1619 908 Phffl'cor.

8 908 9 915 ¹
22 940 24 942 ,
57 920 117 946 με,
136 918 209 946 opera
222 919 245 939 et
257 913 319 945 dics,
338 915 450 938 imitatus
462 908 494 944 egli
508 910 649 945 Virgilius,
666 909 768 936 Primus
781 907 957 943 agriculturae
969 916 1101 944 praecepta
1114 919 1149 937 20
1194 918 1222 937 Ἠ
1234 917 1250 937 E
1259 916 1308 937 TR
1317 916 1338 935 v
1347 916 1365 935 R
1378 915 1432 941 ιΑ,
1452 917 1490 935 ae.
1517 909 1535 934 f.
1561 908 1573 942 [
1579 909 1603 933 T
1605 908 1697 944 υρρηνιά
1706 927 1714 940 ,
1732 907 1867 944 ‘Er-fngiat]
1904 910 1994 937 ltaliae
2006 913 2088 946 regio,
2107 910 2142 938 ad
2152 911 2212 938 Ma.

0 974 2 979 ‚
24 941 27 953 ¹
59 946 187 979 tradidit,
209 954 239 973 vt
256 948 323 975 Plin.
345 956 384 981 14,
410 966 417 973 .
444 966 451 973 .
470 946 573 982 scribit.
630 944 788 972 Fabularum
806 944 872 971 item
889 943 998 977 auctor,
1017 951 1046 971 vt
1064 949 1104 972 ait
1163 956 1232 974 cram
1245 945 1353 982 fluuium
1374 954 1448 980 usque
1460 944 1638 980 protenditur,
1666 943 1708 969 vbi
1725 945 1842 979 Liguriae
1861 948 2015 981 principium
2035 944 2076 978 cst.
2133 948 2212 973 Porro

8 982 9 986 ’
23 986 26 1006 ἲ
61 981 174 1015 Qun&-
189 989 210 1016 ς,
225 991 258 1010 ιι.
299 983 355 1010 Vici.
370 981 439 1009 Geli.
454 991 475 1014 3,
491 990 522 1009 ιι.
552 988 576 1007 et
590 989 628 1016 [7,
642 989 679 1007 21.
1165 981 1292 1008 Hetruria
1309 979 1380 1006 dicta
1398 980 1449 1011 est,
1468 979 1540 1013 quod
1557 979 1613 1005 eius
1633 977 1697 1004 fines
1711 979 1868 1006 tenebantur
1889 980 1956 1006 olim
1972 990 2054 1016 vsque
2071 980 2104 1008 ad
2124 983 2210 1016 ripam

0 1022 2 1029 ,
96 1023 118 1043 Η
129 1023 216 1044 Eslo
227 1024 331 1049 Dlvs,
349 1026 373 1051 a,
393 1027 449 1043 um.
470 1017 531 1044 Adi.
550 1014 703 1051 [nmisios]
719 1013 990 1050 Poſjbffiuumquodcst
998 1015 1103 1050 Hesiodi,
1164 1016 1280 1044 Tiberis
1295 1026 1301 1041 t
1337 1021 1362 1041 et
1382 1015 1452 1050 quasi
1474 1016 1598 1049 ἕτερκσιίι,
1625 1019 1651 1039 et
1673 1021 1718 1047 per
1729 1048 1734 1054 ⁴
1746 1015 1877 1048 syncopen
1895 1016 1998 1051 ἔτραριά.
2041 1016 2212 1052 Νειιῐὲἰνερος,
2228 1017 2229 1022 ,

59 1053 109 1086 vel,
118 1052 182 1089 quod
193 1053 223 1079 ab
232 1052 333 1087 Hesiodo
343 1051 545 1088 compofitumefl.
584 1052 638 1078 Cic.
646 1052 789 1083 inBrut.1;
809 1050 877 1076 illud
887 1051 1039 1078 Hesiodium
1048 1052 1103 1078 lau-
1166 1053 1203 1079 est
1222 1051 1307 1079 alter:
1333 1057 1359 1077 et
1375 1050 1440 1087 Ἄρας,
1459 1050 1527 1077 finis.
1588 1049 1674 1075 Roma
1693 1057 1764 1075 emm
1783 1055 1858 1076 antea
1877 1059 1955 1076 vnam
1976 1057 2077 1078 tantum
2095 1052 2211 1080 Tiberis

58 1086 137 1115 datur
157 1096 172 1115 a
189 1088 288 1120 doctis,
310 1088 382 1123 quod
401 1088 493 1116 eadem
509 1088 630 1114 mensura
649 1086 760 1114 reddere
780 1085 870 1118 iubet,
892 1096 943 1121 qua
958 1088 1101 1122 acceperis,
1114 1097 1145 1124 23
1165 1089 1251 1129 ripam
1268 1087 1381 1113 tenebat.
1452 1087 1543 1112 quen.
1560 1085 1628 1117 (Sat.
1644 1089 1667 1117 8,
1687 1086 1751 1117 265)
1786 1100 1831 1104 —
1867 1091 1893 1111 et
1915 1094 1983 1120 quae
2018 1088 2127 1122 Imperii
2146 1087 2212 1114 tinen

19 1128 25 1156 '¹
57 1129 104 1149 aut
126 1121 206 1150 etiam
224 1123 417 1158 cumulatiore,
436 1123 454 1151 fi
475 1123 558 1159 poffis.
599 1122 673 1159 Conf.
691 1120 783 1149 Sidon.
805 1123 894 1148 Carni.
913 1131 943 1156 9,
960 1131 1010 1155 213.
1046 1125 1103 1151 Alii
1164 1123 1333 1151 Tiberinum
1347 1123 1424 1157 virgo
1437 1121 1546 1148 natauit.
1585 1121 1651 1160 Haec
1665 1119 1772 1160 Seruius
1785 1120 1852 1155 apud
1864 1121 1938 1155 Virg.
1951 1122 2016 1147 Aen.
2030 1129 2055 1153 2,
2067 1131 2116 1154 533·
2152 1122 2211 1150 Vid.

23 1164 25 1170 ’
57 1157 214 1186 Hesiodeus.
1164 1166 1188 1186 et
1202 1159 1266 1186 Plin.
1282 1167 1303 1190 3,
1317 1166 1338 1191 ς.
1409 1157 1494 1185 Solers
1508 1158 1635 1183 Hetruria
1648 1155 1742 1182 Claud.
1757 1164 1785 1181 in
1798 1157 1905 1191 Eutrop.
1921 1165 1939 1187 1,
1952 1165 1989 1184 η.

96 1192 280 1228 ι-ιεεϊὸΝιῑ,
296 1203 333 1222 es.
370 1195 389 1221 f.
425 1194 439 1228 [
449 1192 563 1228 Ἡσιόνη]
601 1193 668 1219 Filia
680 1192 855 1219 Laomedontis
868 1196 936 1229 regit
954 1195 1058 1225 Troiae,
1079 1200 1104 1220 et
1203 1199 1450 1226 HETRvscvs,
1470 1202 1494 1225 a,
1515 1201 1567 1218 um.
1605 1191 1665 1217 Adi.
1696 1190 1848 1227 [Τυῤῥηνὸς]
1885 1193 1960 1218 Mare
1973 1193 2130 1219 Hetruscum
2143 1192 2211 1219 Hor.

3 1257 7 1263 ,
21 1249 23 1259 ,
55 1228 156 1255 Priami
167 1230 259 1265 fhror,
280 1239 353 1266 quam
368 1231 486 1257 Hercules
505 1235 647 1265 expugnata
663 1229 743 1256 Troia
761 1237 863 1256 uxorem
881 1229 949 1256 dedit
966 1231 1102 1257 Telamoni.
1165 1231 1252 1258 Carni.
1267 1239 1289 1263 3,
1303 1237 1344 1261 29,
1359 1237 1394 1261 35.
1451 1228 1596 1262 Disciplina
1615 1227 1672 1253 Cic.
1687 1227 1758 1253 Fam.
1772 1229 1798 1257 6,
1812 1230 1829 1253 6
1849 1226 1982 1254 diuinandi
1993 1237 2046 1255 ars.
2073 1229 2106 1255 al.
2114 1228 2213 1255 Tusca.

22 1277 23 1280 ¹
60 1263 121 1292 Via.
135 1264 215 1291 Ouid.
230 1266 295 1292 Met.
309 1274 342 1298 11,
355 1273 412 1300 ²¹7·
1114 1277 1147 1302 30
1166 1266 1268 1293 Obesus
1286 1264 1372 1292 Catul.
1388 1271 1428 1298 37,
1442 1273 1472 1290 ιι.
1511 1265 1613 1289 Aurum
1627 1263 1719 1289 quen.
1734 1262 1784 1289 Sat.
1798 1270 1820 1295 ς,
1837 1265 1893 1296 164.

92 1304 114 1324 H
125 1305 165 1326 Es
178 1305 194 1325 Ρ
205 1297 224 1326 ιέ
232 1306 279 1327 Rv
289 1307 319 1333 s,
340 1301 359 1327 i.
394 1309 430 1327 m.
465 1297 611 1334 [Ἕσπερος]
645 1299 764 1327 Atlantis
769 1298 870 1335 frater.
902 1299 997 1327 Scribit
1010 1300 1102 1327 Diodo-
1203 1308 1384 1331 HETTA,ae.
1396 1301 1416 1327 ι’.
1437 1308 1478 1327 res
1491 1298 1598 1326 minimi
1613 1298 1700 1332 pretii,
1720 1297 1788 1333 quasi
1805 1298 1885 1328 hiteta,
1903 1297 1931 1325 id
1945 1297 1980 1324 est
1992 1297 2080 1325 hiatus
2095 1298 2214 1325 hominis

2 1326 7 1347 ¹¹
42 1339 98 1364 Tus
110 1333 175 1360 hunc
188 1336 336 1370 Hesperum
350 1333 511 1372 conscendisti·
522 1343 636 1361 cacumen
649 1338 742 1361 montis
753 1336 870 1362 Atlantis
883 1335 918 1362 ad
927 1336 1012 1371 cursus
1025 1334 1103 1369 astro-
1163 1342 1244 1371 atque
1257 1336 1389 1363 oscitatio.
1433 1335 1486 1362 Alii
1508 1334 1626 1369 pusulam
1642 1333 1767 1360 dixerunt
1779 1334 1844 1367 esse,
1864 1342 1932 1369 quae
1949 1334 1978 1360 in
1993 1333 2132 1369 coquendo
2147 1343 2213 1368 pane

1 1366 6 1375 '
21 1372 23 1403 j
71 1398 74 1400 ,
126 1369 301 1406 obsti-uatzdos,
320 1377 344 1397 et
358 1379 481 1406 nunquam
494 1370 581 1397 deinde
594 1369 752 1406 comparui—‘He
763 1382 772 1397 :
794 1373 835 1398 cui
848 1372 938 1407 vulgus
950 1371 1053 1398 honores
1066 1372 1103 1398 di·
1164 1372 1230 1399 solet
1249 1373 1400 1406 assurgere:
1434 1380 1450 1397 a
1468 1379 1519 1405 qua
1542 1369 1684 1404 accipimus
1701 1378 1758 1396 rem
1777 1369 1875 1395 nullius
1892 1369 1988 1404 pretii,
2009 1378 2069 1396 cum
2090 1369 2213 1401 dicimus,

1 1413 4 1415 ·
21 1411 23 1416 ’
41 1414 44 1421 ·
78 1406 83 1412 ”
100 1413 126 1431 os
139 1405 264 1438 exhibuit,
282 1404 419 1442 astrumque
430 1405 602 1441 lucidiffimum
615 1409 667 1432 eius
678 1410 774 1433 nomine
784 1407 927 1442 appellauit.
964 1407 1039 1441 Virg.
1049 1407 1101 1434 Ecl.
1163 1417 1219 1435 non
1231 1407 1303 1434 hette
1316 1413 1342 1433 te
1354 1407 1434 1434 facio.
1472 1407 1538 1432 Haec
1552 1406 1648 1431 Festus.
1705 1405 1727 1430 V
1730 1411 1764 1431 et.
1779 1405 1821 1431 Gl.
1841 1404 1903 1431 Eeta
1920 1404 2023 1434 Φλοκτὶς
2037 1405 2079 1440 (f.
2093 1405 2215 1438 φλυκτίς)

85 1440 142 1474 ’,77
164 1442 204 1467 Ite
217 1441 327 1468 domum
339 1442 456 1474 saturae,
473 1442 548 1468 venit
562 1442 711 1475 Hesperus,
730 1442 767 1468 ite
788 1442 911 1477 capellae.
948 1444 1015 1469 Haec
1028 1446 1100 1469 etiam
1116 1454 1144 1481 35
1163 1443 1235 1479 dez-la
1256 1443 1297 1479 (f.
1311 1440 1393 1477 o’c'erx)
1413 1441 1490 1468 Eaed.
1506 1442 1591 1473 Hitta‚
1610 1439 1699 1472 huila,
1719 1440 1781 1473 ιῖμήν
1794 1441 1874 1475 ῥοιᾶς,
1895 1444 1937 1476 qui
1951 1439 1983 1473 .st
1998 1441 2098 1467 Ciccus.

78 1478 162 1503 retina
167 1474 243 1509 stella
257 1478 355 1512 Vesper
369 1477 479 1508 dicitur,
496 1484 521 1503 et
535 1477 688 1511 Vesperugo
701 1487 706 1502 :
736 1486 807 1503 mane
819 1484 915 1510 autem,
935 1478 1059 1510 Lucifer,
1079 1485 1101 1505 et
1202 1485 1224 1505 H
1235 1486 1251 1506 E
1260 1485 1368 1505 TTEM
1377 1485 1398 1505 A
1409 1483 1431 1504 Τ
1442 1479 1451 1502 ι’
1461 1483 1478 1503 C
1492 1483 1513 1502 V
1525 1484 1537 1503 s
1546 1496 1555 1509 ,
1586 1485 1614 1506 a,
1650 1484 1706 1501 um.
1749 1475 1809 1502 Adi.
1852 1476 1865 1510 [
1873 1474 2059 1510 ἧττημοιτικός]
2102 1475 2214 1502 Firmic.

78 1519 151 1541 enus,
192 1512 250 1539 Vid.
264 1514 350 1539 Varro
363 1513 395 1538 de
408 1513 440 1538 R.
453 1513 486 1538 R.
501 1519 523 1543 3,
535 1519 558 1543 5.
611 1512 670 1538 Cic.
683 1511 716 1538 de
729 1512 825 1539 Natur.
839 1514 921 1540 Deor.
935 1522 958 1547 2,
972 1522 1005 1548 54
1032 1523 1053 1540 c.
1067 1523 1102 1541 20
1164 1523 1177 1547 3
1187 1534 1195 1547 ,
1216 1523 1234 1547 9
1270 1515 1342 1549 Ipsos
1361 1519 1449 1540 tamen
1470 1513 1549 1539 faciet
1569 1511 1770 1543 hetteniatic05‚
1798 1516 1824 1537 et
1845 1511 1930 1546 prima
1947 1512 2050 1545 semper
2067 1517 2151 1538 aetate
2172 1511 2214 1537 vi-

49 1540 149 1573 Tnfima
164 1547 201 1574 est
216 1548 333 1582 quinque
346 1547 502 1579 errantium,
516 1553 655 1582 terraeque
670 1548 803 1582 proxima,
818 1549 890 1574 stella
900 1550 1020 1581 Veneris,
1035 1559 1101 1584 quae
1163 1550 1254 1577 tiosos.
1313 1548 1503 1576 Hettematicus
1530 1547 1624 1573 dicitur
1638 1567 1646 1579 ,
1676 1549 1728 1582 (gui
1749 1547 1857 1575 deterior
1876 1553 1900 1573 et
1913 1545 2039 1583 posterior
2058 1545 2091 1580 est
2104 1565 2115 1579 ‚
2140 1554 2215 1582 neque

51 1582 192 1618 φωσφόρος,
213 1583 307 1609 Latine
326 1582 435 1609 Lucifer
453 1582 569 1615 dicitur,
584 1591 666 1617 quum
685 1583 868 1618 antegraditur
886 1584 988 1611 solem:
1018 1594 1101 1619 quum
1156 1584 1341 1621 praestantiam
1351 1585 1396 1621 fili
1414 1587 1513 1621 generis
1532 1583 1695 1620 consequitur.

52 1617 222 1656 subsequitur
235 1625 322 1644 autem
330 1637 338 1650 ‚
357 1619 497 1652 Hesperus.
549 1620 654 1644 Dicitur
672 1624 696 1644 et
711 1625 733 1644 H
744 1626 761 1645 Ε
770 1625 783 1645 S
794 1625 808 1644 P
817 1626 834 1646 Ε
843 1625 863 1644 R
872 1625 892 1644 v
902 1625 924 1645 G
933 1626 961 1646 o.
1014 1620 1144 1656 Senec.4o

53 1653 126 1679 Med.
147 1662 173 1692 Y·
190 1658 240 1687 877
265 1653 365 1688 Mergit
384 1653 456 1680 diem
475 1653 623 1681 timendum
636 1654 697 1680 Dux
716 1654 804 1681 noetis
821 1655 987 1690 Hesperugo.
1024 1656 1100 1693 Conf.
1544 1656 1579 1687 H
1676 1654 1705 1686 E
1800 1652 1844 1684 V¹

53 1687 112 1714 Sen.
126 1688 237 1722 Hippoi.
253 1697 302 1722 749
329 1699 350 1715 c.
364 1696 414 1715 not.
429 1691 499 1716 Delr.
1094 1705 1096 1708 ·

4 1747 8 1754 ,
91 1727 113 1748 Η
123 1729 161 1749 Es
174 1729 189 1748 Ρ
199 1722 217 1750 ἔ
225 1730 260 1750 R1
270 1730 282 1749 s
291 1744 299 1757 ,
316 1725 375 1750 i'dis.
399 1725 418 1751 f.
444 1725 570 1760 [ἕὶτπεμς]
607 1723 702 1758 Herba,
714 1733 774 1761 quae
787 1722 862 1751 noth
874 1727 956 1760 magis
969 1726 1025 1756 olet,
1043 1725 1102 1751 inde
1200 1732 1223 1752 H
1232 1733 1250 1753 Ε
1261 1731 1283 1752 v
1294 1745 1300 1752 .
1337 1725 1385 1758 [ἰὲ
1398 1726 1411 1758 ]
1449 1721 1595 1750 Ιηεενὶεὲἶίο
1614 1721 1730 1748 dolentis.
1767 1721 1861 1756 Scalig.
1881 1720 1911 1746 de
1925 1721 1955 1747 L.
1970 1721 1999 1747 L.
2018 1731 2050 1756 ²7
2073 1730 2089 1749 a
2107 1723 2155 1758 φεῦ
2176 1722 2217 1750 de-

52 1760 149 1783 nomino
161 1761 269 1785 inuento.
305 1760 370 1785 Plin.
385 1769 418 1792 21,
432 1767 458 1794 7.
1163 1761 1242 1786 ducit.
1288 1759 1388 1793 Vix-gil.
1405 1761 1468 1784 Aen.
1488 1761 1520 1789 6,
1540 1762 1587 1790 878
1615 1757 1676 1782 Heu
1696 1755 1795 1790 pietas,
1813 1754 1865 1782 heu
1886 1756 1970 1790 prisca
1988 1756 2061 1784 fides.
2133 1758 2216 1786 Plaut,

17 1795 19 1802 ¹
60 1811 63 1815 .
89 1797 111 1817 H
121 1798 157 1818 Es
170 1798 185 1817 Ρ
197 1799 214 1818 Ε
225 1800 243 1818 R
254 1791 293 1819 i‘D
303 1800 355 1825 Es,
368 1803 423 1820 um.
443 1794 463 1819 f.
486 1792 655 1828 [Ἑσπερίδες]
685 1792 945 1827 Mulieres-fabulosae
957 1796 984 1817 in
995 1793 1100 1828 Africa,
1108 1802 1143 1829 45
1163 1795 1224 1820 Mil.
1239 1803 1267 1826 4,
1283 1799 1307 1826 8,
1320 1802 1351 1826 32.
1375 1794 1435 1819 Heu
1448 1792 1532 1824 mihi,
1551 1800 1656 1826 nequeo
1671 1791 1737 1826 quin
1754 1792 1840 1819 fleam.
1912 1792 1980 1818 Ter.
1994 1793 2075 1819 Andr.
2091 1803 2126 1827 4,
2141 1803 2166 1826 ι,
2180 1803 2216 1821 22

50 1825 179 1856 Atlantis,
199 1827 252 1852 siue
267 1828 377 1862 Hesperi
397 1828 486 1859 filiae,
504 1828 661 1861 Nymphae,
684 1835 744 1862 quae
764 1826 874 1852 hortum
887 1826 1053 1859 habuerunt,
1071 1828 1101 1853 in
1163 1830 1225 1855 Heu
1244 1837 1287 1854 me
1306 1828 1444 1859 miserum,
1462 1828 1511 1862 qui
1531 1834 1605 1853 tuum
1625 1827 1744 1853 animum
1759 1835 1790 1852 ex
1806 1826 1897 1853 animo
1911 1827 2025 1862 spe&aui
2045 1837 2115 1854 meo.
2157 1830 2214 1856 Cic.

50 1862 106 1896 q‘uo
120 1867 195 1887 erant
208 1870 288 1888 aurea
303 1863 370 1889 mala
385 1863 484 1888 Veneri
498 1863 660 1893 consecrata,
678 1870 746 1896 quae
758 1861 887 1888 Hercules
900 1862 988 1888 missus
1004 1862 1037 1889 ab
1050 1863 1100 1889 Eu·
1163 1864 1278 1899 Philipp.
1292 1871 1319 1898 7,
1335 1872 1359 1896 13
1385 1864 1445 1889 Heu
1465 1872 1507 1889 me
1526 1863 1654 1888 miserum
1664 1882 1671 1893 ‚
1692 1871 1739 1888 cur
1752 1870 1848 1895 cogor,
1870 1868 1916 1888 etc.
1988 1863 2069 1889 Plaut.
2084 1863 2176 1890 Pseud.
2193 1873 2216 1898 1,

49 1895 174 1929 rystheo,
195 1897 281 1923 occiso
300 1898 427 1933 peruigili
440 1899 575 1929 Dracone,
595 1897 707 1924 sustulit.
764 1897 869 1923 Renera
888 1903 976 1923 autem
995 1898 1102 1925 nobiles
1164 1908 1188 1932 3,
1203 1907 1234 1934 27
1260 1900 1337 1932 Heu,
1356 1899 1425 1931 heu,
1447 1907 1527 1932 quam
1547 1906 1597 1932 ego
1617 1897 1693 1924 malis
1709 1897 1815 1931 perdidi
1834 1896 1936 1929 modis,
1956 1898 2028 1932 quod
2048 1898 2101 1926 tibi
2119 1899 2215 1930 detuli,

47 1931 159 1959 fuerunt
171 1932 290 1967 puellae,
308 1943 420 1968 quarum
434 1942 541 1969 greges,
561 1934 650 1960 rufam
665 1933 752 1959 lanam
768 1932 909 1964 habentes,
929 1933 1017 1967 abegit
1032 1935 1100 1960 Her·
1168 1934 1227 1962 Vid.
1242 1934 1365 1960 Drakenb.
1379 1934 1412 1959 ad
1424 1934 1468 1959 Sil.
1484 1942 1521 1964 11,
1535 1941 1589 1958 212.
2160 1934 2164 1937 ‘

49 1967 120 1994 eules
155 1982 201 1988 —-
236 1969 365 1995 Hesiodus
386 1969 430 1995 has
449 1969 606 2003 Hesperides
621 1968 739 2002 Aeglen,
762 1967 935 2000 Arethusam,
953 1974 981 1994 et
1000 1970 1098 2002 Hespe-
1111 1978 1143 2003 50
1202 1975 1366 2001 HEVRESIS,
1382 1969 1411 1994 is.
1428 1969 1449 1994 f.
1485 1967 1570 2004 Mense
1582 1966 1715 1993 Nouembri
1726 1969 1753 1993 in
1767 1966 1926 2005 Kalendario
1939 1967 2213 2003 rusticoFarnesiano,

42 2003 153 2035 ssmsam,
172 2003 267 2030 Noctis
287 2004 371 2038 filias,
391 2005 461 2031 vltra
480 2006 615 2031 Oceanum
637 2003 705 2030 mala
723 2012 801 2029 aurea
820 2003 937 2030 habuiss'e
955 2003 1021 2031 dicit
1054 2018 1100 2024 ·—
1155 2004 1252 2042 forstm
1266 2004 1319 2030 dies
1332 2003 1474 2040 defiguntur
1488 2006 1524 2035 is,
1542 2012 1589 2039 quo
1603 2003 1673 2029 Ceres
1687 2003 1860 2038 Proserpinam
1872 2004 1953 2036 filiam
1971 2011 1987 2029 a
2001 2005 2103 2031 Plutone
2116 2012 2216 2041 raptam

34 2039 120 2066 'Haec
133 2047 163 2065 ex
177 2039 271 2065 Seruio
284 2040 318 2066 ad
330 2041 395 2067 Aen.
409 2049 437 2073 4,
450 2045 503 2074 484
525 2049 593 2075 quem
605 2040 683 2065 locum
696 2045 832 2074 ponemus.-
1162 2040 1276 2066 omnibus
1291 2043 1370 2066 terris
1382 2038 1545 2074 perquifitam
1558 2041 1663 2064 inuenit.
1705 2038 1763 2064 Vid.
1778 2036 1855 2071 Apul.
1869 2038 1934 2064 Met.
1949 2046 1981 2064 11.

10 2103 11 2107 ,
39 2075 48 2105 η’
205 2075 320 2101 Vltimus
337 2075 499 2110 Aethiopum
511 2074 584 2101 locus
598 2075 649 2107 est,
665 2074 713 2101 vbi
725 2075 857 2101 maximus
870 2073 942 2101 Atlas
1201 2081 1222 2100 H
1232 2082 1248 2101 Ε
1259 2081 1277 2101 ν
1292 2082 1311 2101 R
1321 2073 1432 2106 122‘TES‚
1451 2082 1489 2100 ae.
1525 2082 1562 2099 m.
1596 2071 1728 2108 [ἕυρετῆς]
1764 2075 1891 2100 Inuentor.
1926 2073 2008 2100 Plaut.
2023 2073 2112 2101 Pseud.
2127 2083 2152 2107 2,
2160 2084 2187 2110 4,
2197 2083 2215 2109 9

40 2118 42 2121 ·
96 2129 103 2131 -
206 2110 290 2137 Axem
306 2111 418 2138 humero
433 2116 541 2146 torquet
560 2111 640 2137 stellis
652 2110 805 2137 ardentibus
821 2115 922 2143 aptum.
1027 2140 1031 2145 ,
1161 2110 1293 2136 Heuretes
1307 2109 1377 2135 mihi
1391 2117 1426 2134 es.

41 2142 57 2176 Ὁ,
70 2148 72 2150 ’
203 2147 275 2172 Hinc
288 2147 357 2173 mihi
371 2147 494 2179 Massylae
511 2147 596 2181 gentis
613 2145 755 2171 monstrata
770 2144 903 2175 sacerdos,
1113 2146 1144 2174 55
1202 2150 1223 2170 H
1234 2151 1250 2170 E
1261 2151 1279 2169 v
1289 2152 1317 2171 s.
1353 2145 1364 2176 [
1377 2140 1418 2177 ὦ]
1453 2142 1521 2169 Adu.
1542 2145 1666 2169 vocantis.
1701 2142 1770 2169 Ter.
1786 2143 1867 2170 Andr.
1882 2152 1904 2176 3,
1919 2151 1942 2176 3,
1955 2151 1993 2178 47
2014 2144 2086 2171 Heus
2105 2151 2214 2173 euocate

52 2178 79 2216 ’ἲν
110 2205 113 2208 ι
204 2182 382 2216 Hesperidum
395 2183 489 2217 templi
502 2181 602 2211 custos,
621 2181 764 2215 epulasque
776 2179 888 2206 draconi
1163 2178 1215 2205 huc
1229 2180 1342 2205 Dauum.
1396 2177 1470 2205 Idem
1491 2179 1555 2204 Eun.
1570 2188 1605 2211 4,
1627 2186 1652 2209 1,
1671 2186 1699 2204 10
1725 2179 1812 2210 Heus,
1827 2179 1931 2213 inquit,
1950 2188 2032 2213 puer,
2049 2180 2215 2215 Pamphilam

56 2218 82 2245 'is
204 2218 281 2251 Qnae
295 2217 390 2251 dabat,
409 2224 436 2245 et
450 2219 535 2244 sacros
547 2216 668 2242 seruabat
686 2216 715 2241 in
728 2215 825 2241 arbore
838 2222 935 2240 ramos.
956 2218 1003 2240 etc.
1162 2215 1274 2241 accerse.
1327 2214 1383 2241 Cic.
1398 2223 1448 2248 pro
1464 2214 1559 2240 Milon.
1574 2216 1602 2239 61
1627 2214 1716 2246 Heus,
1735 2214 1782 2240 vbi
1797 2214 1909 2245 Ruscio,
1926 2213 1972 2240 vbi
1986 2215 2064 2241 Casca
2077 2217 2086 2242 3
2140 2216 2214 2243 Heus

75 2248 83 2256 ⁶
98 2270 104 2276 ,
118 2249 151 2277 de
164 2251 260 2278 Natus,
273 2254 354 2280 θεοῖ,
370 2263 393 2286 3,
405 2262 444 2286 44
467 2253 620 2285 Eortunque
632 2251 727 2277 fratres
741 2255 766 2276 et
778 2250 899 2282 sorores,
918 2250 967 2284 qui
979 2258 993 2275 a
1006 2257 1100 2283 genea-
1162 2250 1383 2285 significationem
1407 2249 1485 2276 habet
1509 2249 1627 2275 nominis
1649 2249 1682 2275 ad
1705 2249 1899 2281 intentionem,
1925 2250 2214 2287 considerationemque

28 2286 50 2306 '·
78 2286 128 2320 giis
144 2287 260 2322 antiquis
279 2287 315 2315 fic
333 2290 520 2319 nominantur,
545 2295 638 2319 amor,
658 2286 752 2318 dolus,
773 2292 873 2318 metus,
894 2291 939 2311 etc.
994 2286 1098 2317 Parcae,
1161 2286 1322 2318 reuocandi,
1343 2292 1371 2312 vt
1390 2288 1428 2311 ait
1442 2287 1569 2312 Donatus.
1634 2284 1702 2312 Ter.
1716 2285 1797 2311 Andr.
1816 2293 1850 2317 4,
1871 2293 1896 2316 1,
1918 2293 1939 2310 11
1964 2286 2053 2317 Heus,
2077 2288 2215 2321 proximus

47 2320 221 2356 Hesperides,
241 2323 360 2358 somnia,
380 2333 448 2359 quos
464 2331 556 2349 omnes
570 2321 658 2349 Erebo
672 2327 698 2348 et
711 2321 801 2348 No&e
815 2327 890 2348 natos
905 2321 1004 2346 ferunt.
1060 2322 1098 2347 De
1106 2324 1141 2348 60
1162 2322 1219 2348 sum
1237 2327 1342 2356 egomet
1361 2321 1440 2347 mihi.
1495 2320 1544 2346 Sed
1556 2319 1620 2346 heus
1637 2325 1682 2352 tu,
1701 2321 1998 2355 remeantis-particula.·
2025 2322 2081 2348 Cic.
2096 2323 2133 2357 Q
2144 2324 2213 2350 Frat.

46 2355 132 2389 hortis
144 2358 341 2392 Hesperidum,
361 2360 414 2386 vid.
429 2361 503 2385 etiam
516 2358 606 2384 Bareh.
620 2357 726 2392 Aduers.
738 2361 779 2388 36,
791 2367 814 2390 5.
868 2380 871 2381 .
886 2356 987 2390 Vagati
1004 2355 1033 2382 dc
1046 2356 1100 2382 illis
1162 2366 1190 2390 2,
1205 2365 1230 2390 ις
1254 2357 1302 2384 Sed
1321 2357 1386 2382 heus
1401 2363 1427 2382 ιι.
1438 2376 1446 2386 ,
1466 2355 1547 2382 celari
1567 2354 1663 2381 videor
1682 2360 1753 2381 ate:
1783 2364 1900 2390 quonam
1919 2356 2001 2383 modo
2021 2358 2058 2383 mi
2079 2358 2162 2384 frater
2180 2359 2213 2385 de

42 2391 175 2421 ..Graeciae
193 2394 312 2426 fabulas,
332 2401 413 2421 monet
427 2394 493 2421 Plin.
508 2400 535 2425 5,
550 2400 572 2419 ε.
591 2392 635 2419 vbi
654 2392 707 2418 vid.
722 2393 849 2418 Harduin.
920 2391 1099 2426 Hesperidum
1162 2392 1259 2420 nostris
1273 2392 1390 2419 versibus
1403 2392 1497 2418 Caesar
1511 2392 1520 2417 3
1590 2390 1658 2416 Ter.
1672 2391 1738 2417 Eun.
1753 2401 1774 2423 3,
1793 2401 1813 2423 1,
1827 2400 1859 2425 43
1886 2390 1934 2418 Sed
1952 2392 2018 2418 heus
2038 2399 2079 2424 tu,
2100 2396 2213 2429 purgon'

14 2439 17 2475 ι
45 2426 146 2455 infidae
159 2429 241 2456 Solin.
260 2439 282 2456 c.
299 2429 347 2456 vlt.
418 2429 491 2456 Mala
504 2427 683 2462 Hesperidum
701 2428 797 2462 Virgil.
810 2427 864 2454 Ecl.
875 2429 901 2460 6,
916 2430 954 2453 61.
1008 2428 1097 2453 Varro
1161 2437 1212 2462 ego
1224 2437 1266 2455 me
1279 2428 1311 2455 de
1324 2427 1385 2454 istac
1398 2426 1520 2458 Thaidi,
1541 2432 1586 2453 etc.
1624 2426 1698 2462 Conf.
1713 2427 1769 2453 Cic.
1785 2427 1856 2453 Fam.
1869 2435 1892 2456 2,
1906 2429 1931 2452 6.
1960 2434 1984 2454 et
2001 2430 2036 2457 16,
2049 2436 2085 2462 17.
2111 2432 2141 2455 it.
2157 2432 2211 2457 Att.

14 2479 17 2491 ι
33 2463 78 2499 ΑΒ.
93 2465 124 2491 R.
139 2473 160 2497 2,
180 2474 199 2498 1,
217 2468 243 2491 6.
290 2464 351 2491 Vid.
363 2465 457 2500 Spanh.
471 2462 536 2496 Diffi
556 2467 576 2490 6
599 2469 628 2499 p.
649 2472 691 2495 33⁰
706 2463 749 2500 sq.
819 2464 899 2490 Poma
917 2462 1098 2497 Hesperidum
1163 2472 1184 2496 1,
1201 2472 1232 2496 ¹3·
1308 2465 1436 2490 *Dolentm
1475 2462 1572 2496 Virgil.
1590 2462 1654 2487 Aen.
1669 2469 1696 2496 7,
1712 2465 1754 2488 116
1782 2463 1854 2488 Heus
1869 2462 1948 2488 etiam
1967 2464 2066 2489 mensas
2081 2465 2211 2491 consumi-

45 2499 108 2526 Stat.
116 2500 181 2526 Situ.
197 2509 220 2532 3,
235 2509 256 2532 1,
271 2505 321 2532 138.
518 2496 539 2537 ff
559 2507 576 2525 2
605 2496 647 2532 Est
659 2501 734 2525 etiam
744 2497 912 2526 Adieffluum.
948 2499 1022 2532 Virg.
1032 2499 1097 2524 Aen.
1110 2498 1142 2531 65
1161 2508 1236 2532 mus,
1255 2499 1346 2534 inquit
1363 2499 1444 2524 Iulus.
1536 2498 1625 2528 Heus,
1647 2496 1710 2523 heus
1724 2507 1729 2522 :
1763 2497 1832 2523 Ter.
1851 2497 1962 2531 Adelph.
1977 2506 2005 2529 2,
2022 2508 2050 2530 4,
2069 2508 2094 2531 17
2127 2501 2210 2533 Heus,

25 2540 70 2585 28,
82 2542 118 2570 77
139 2535 316 2569 Hesperidum
328 2539 452 2571 regnator
465 2534 602 2569 Aquarum
620 2540 725 2562 vocatur
737 2534 856 2567 Tiberis,
877 2536 897 2560 i.
911 2536 1032 2569 princeps
1043 2534 1097 2570 flu·
1161 2534 1226 2560 heus
1243 2535 1316 2567 Syre.
1355 2541 1377 2560 s.
1415 2533 1491 2564 hem,
1513 2533 1576 2566 quid
1597 2531 1656 2558 est?
1724 2531 1799 2559 Idem
1817 2532 1883 2559 Eun.
1903 2541 1931 2565 3,
1949 2541 1979 2566 3,
1999 2541 2029 2566 23
2104 2535 2177 2563 Heus
2194 2545 2211 2564 a

25 2579 102 2597 ⁴,inm
123 2572 223 2597 Italiae.
1160 2570 1264 2597 Graeco
1284 2568 1312 2596 αἶ’
1328 2569 1420 2602 venit,
1445 2566 1546 2595 auelore
1564 2566 1649 2593 Festo.
1874 2588 1881 2592 .

84 2611 105 2631 H
119 2612 133 2630 F
143 2613 155 2633 s
165 2612 318 2635 PERIVS,
337 2613 360 2636 a,
380 2613 436 2632 um.
471 2604 533 2631 Adi.
570 2605 709 2641 [ἑσπέριος]
747 2604 918 2632 Occidentalis
931 2614 942 2632 ‚·
966 2610 997 2629 vt
1011 2603 1094 2630 Ouid.

46 2649 80 2673 11,
100 2648 146 2673 233
177 2642 286 2668 Fretum
305 2641 480 2675 Hesperium,
499 2650 581 2672 mare,
601 2643 628 2666 in
648 2640 713 2675 quod
728 2640 825 2675 vqspt’re
835 2639 878 2675 sol
893 2638 1036 2674 descendere
1055 2642 1095 2664 vi·
1526 2640 1559 2671 H
1664 2640 1692 2671 E
1796 2638 1825 2672 X

46 2676 128 2703 detur.
327 2675 347 2712 fl
369 2685 381 2702 2
416 2677 538 2712 Regiones
557 2675 701 2709 Hesperiae
721 2675 782 2701 duae
793 2675 869 2710 sunt,
888 2682 953 2704 vna,
971 2682 1032 2708 quae
1049 2674 1139 2706 Hi-70
1620 2687 1622 2690 ψ

39 2711 136 2747 spania
149 2711 259 2746 dicitur,
274 2712 354 2738 altera
368 2712 460 2738 Italia:
486 2720 546 2746 quae
553 2710 593 2745 fic
605 2710 788 2746 discernuntur.
823 2710 877 2736 Aut
891 2712 954 2735 enim
968 2709 1096 2743 Hesperia
1196 2716 1218 2737 H
1230 2715 1247 2736 E
1256 2717 1306 2738 ΧΑ
1316 2715 1333 2737 C
1346 2716 1367 2737 H
1378 2717 1396 2737 Ο
1405 2717 1425 2737 R
1434 2717 1452 2737 D
1461 2716 1480 2737 O
1489 2717 1502 2737 S
1512 2730 1520 2742 ,
1556 2708 1617 2735 Adi.
1655 2708 1684 2734 de
1702 2708 1797 2735 Conone
1814 2707 1917 2742 lisufico.
1951 2709 2061 2737 Vitrun.
2078 2720 2116 2745 ιο,
2132 2721 2166 2745 13.

9 2750 11 2783 j
24 2748 190 2783 &impliciter
205 2748 318 2788 dicitur,
338 2754 361 2773 et
368 2746 499 2788 fignificat
513 2748 623 2773 Italiam.
659 2745 755 2780 Virgil.
770 2745 836 2771 Aen.
849 2753 869 2777 1,
884 2752 929 2777 530
954 2744 996 2770 Est
1012 2744 1096 2777 locus,
1196 2752 1219 2772 H
1228 2753 1245 2772 E
1254 2753 1273 2772 Χ
1283 2753 1305 2773 Α
1315 2753 1332 2774 C
1341 2753 1357 2772 L
1366 2748 1380 2773 s
1389 2754 1410 2772 N
1419 2753 1468 2773 ON
1480 2766 1490 2778 ,
1518 2745 1538 2771 i.
1575 2754 1602 2771 n.
1639 2744 1798 2781 [ἐξέκλιναν]
1837 2744 1991 2778 stibadium,
2001 2745 2054 2779 fine
2068 2749 2210 2776 triclinium

9 2788 11 2799 ¹
32 2783 202 2818 ,Hesperiam
215 2784 292 2809 Graii
311 2791 469 2817 cognomine
482 2781 582 2808 dicunt.
636 2782 689 2808 Aut
708 2781 813 2808 additur
826 2780 969 2811 Vltimam,
994 2786 1018 2806 et
1035 2786 1095 2806 tunc
1150 2780 1299 2818 fignificat,
1312 2782 1359 2818 fix
1380 2786 1479 2817 capiens
1497 2783 1630 2812 conuiuas,
1648 2782 1688 2806 vel
1699 2783 1787 2814 polim
1799 2781 1903 2811 Locum,
1923 2783 1950 2806 in
1969 2791 2014 2816 quo
2029 2782 2075 2808 duo
2094 2786 2211 2811 triclinia

9 2833 11 2843 ι
37 2819 170 2857 ‚fignificat
185 2819 356 2853 Hispaniam,
375 2827 436 2854 quae
450 2821 478 2844 in
492 2817 637 2845 Occidentis
655 2814 688 2851 esi
700 2817 764 2853 fine.
806 2816 900 2843 Horat.
915 2817 1003 2843 Carm-
1018 2824 1037 2847 1,
1053 2818 1094 2848 36,
1148 2815 1222 2850 stare
1228 2824 1349 2853 poterant
1357 2828 1364 2842 .·
1391 2818 1436 2844 hoc
1449 2815 1481 2850 ej?
1488 2817 1536 2852 sex
1550 2815 1611 2842 leiti
1624 2818 1760 2842 coenatorii
1772 2826 1779 2840 :
1804 2815 1833 2841 id
1844 2818 1908 2842 enim
1923 2817 2017 2843 Graeca
2032 2816 2111 2844 diffie>
2117 2821 2210 2854 sonare

9 2850 11 2861 ¹
40 2864 67 2889 >4
91 2855 147 2889 Qti
168 2863 237 2881 nunc
258 2854 385 2889 Hesperia
407 2854 491 2889 sospes
513 2853 547 2884 ab
563 2853 666 2880 vltima.
708 2852 767 2886 Vici.
782 2852 856 2879 Seru.
869 2852 904 2878 ad
917 2852 982 2878 Aen.
996 2859 1025 2884 2,
1041 2859 1093 2884 530.
1106 2856 1138 2883 7)·
1156 2853 1266 2880 videtur.
1320 2853 1438 2880 Martial.
1452 2861 1477 2886 9,
1496 2855 1530 2878 60
1557 2853 1586 2877 Et
1609 2851 1787 2878 testudineum
1805 2852 1911 2878 mensus
1930 2858 2023 2887 quater
2040 2853 2210 2890 hexaclinon,

28 2892 35 2924 ζ
47 2895 78 2919 it.
92 2896 142 2925 780
162 2897 207 2917 etc.
244 2890 313 2916 Add.
328 2890 447 2916 Macrob.
463 2898 487 2922 1,
501 2898 520 2922 4
543 2895 609 2915 extr.
662 2889 744 2916 Etiam
761 2890 858 2923 Magna
871 2887 999 2922 Hesperia
1017 2888 1092 2922 Virg.
1156 2889 1292 2923 Ingemuit
1309 2889 1377 2916 citro
1394 2898 1449 2915 non
1462 2889 1522 2914 satis
1536 2888 1585 2914 etse
1598 2888 1653 2914 su0.

23 2927 113 2958 ..Am
128 2935 148 2959 1,
167 2934 212 2961 573
238 2925 266 2951 de
281 2927 376 2957 Italia,
393 2931 422 2951 vt
435 2926 532 2959 Magna
547 2923 667 2952 Graecia.
842 2921 862 2962 ff
884 2932 897 2956 3
934 2923 1094 2958 Hesperium
1194 2931 1216 2951 H
1228 2931 1244 2951 Ε
1255 2931 1274 2951 Χ
1284 2931 1305 2951 Α
1317 2926 1334 2951 Ιέ
1344 2932 1368 2951 Μ
1380 2923 1396 2950 ιῗ
1406 2931 1451 2951 Ro
1461 2932 1498 2954 N,
1519 2922 1538 2949 i.
1574 2932 1600 2949 n.
1639 2923 1678 2949 Sic
1690 2922 1816 2958 appellant
1830 2922 1872 2949 SS.
1889 2924 1979 2950 Patres
1995 2924 2148 2952 Creationem
2159 2927 2208 2963 fix

55 2976 60 2985 ·
80 2962 264 2989 omontorium
278 2964 307 2987 in
319 2961 416 2997 Africa
433 2961 500 2987 Plin.
514 2968 537 2993 ς,
554 2969 572 2986 ι.
1156 2959 1242 2987 diebus
1250 2959 1408 2996 perfeffam,
1428 2963 1454 2986 in
1472 2958 1537 2995 quod
1547 2960 1620 2986 multi
1635 2959 1827 2985 Commentarios
1839 2958 1986 2992 ediderunt,
2012 2969 2038 2986 υ.
2050 2969 2077 2997 g.
2091 2961 2207 2996 Basilius,

29 2998 38 3022 's
55 3007 61 3025 ¹,
85 3005 106 3024 H
116 3005 133 3024 E
143 3004 156 3024 s
166 3005 181 3023 P
191 3005 208 3024 E
216 3005 235 3024 R
244 3005 253 3024 1
262 3003 281 3024 o
291 3004 312 3023 N
321 3003 338 3023 c
348 3003 363 3022 1:
374 3003 392 3022 R
402 3003 424 3022 Α
433 3003 447 3022 s
461 3016 468 3027 ,
503 2998 515 3030 [
529 2996 631 3030 ἑσπέριον
643 2995 736 3030 κέρας]
777 2994 854 3031 Apud
868 2994 989 3021 Solinum
1010 3004 1032 3022 c.
1046 2995 1093 3021 vlt.
1156 2994 1318 3029 Anastasius,
1335 3003 1380 3022 etc.
1417 2997 1582 3022 Dracontius.

14 3054 27 3066 ,Β
69 3034 89 3060 st
102 3035 254 3061 Extremum
267 3032 374 3059 Africae
394 3032 553 3058 continentis
573 3030 804 3066 promontorium,
823 3030 872 3057 vbi
890 3031 989 3058 scilicet
1008 3030 1093 3058 veluti
1105 3033 1137 3060 80
1195 3038 1216 3058 H
1228 3038 1245 3059 E
1257 3038 1275 3057 x
1286 3039 1308 3058 A
1317 3038 1338 3058 G
1347 3032 1366 3058 ὁ
1376 3039 1398 3058 N
1408 3038 1428 3057 V
1437 3038 1451 3058 S
1459 3050 1467 3063 ,
1484 3039 1508 3063 a,
1529 3039 1582 3058 um.
1620 3028 1680 3056 Adi.
1717 3027 1868 3062 [ἑξάγωνον]
1904 3029 1978 3064 Quod
1991 3029 2115 3066 habetftx
2127 3041 2206 3068 angu-

34 3099 36 3102 ,
90 3069 178 3096 fronte
193 3069 408 3103 circumaguntur
420 3076 500 3094 naues
512 3068 540 3094 in
552 3067 672 3094 occasum
689 3075 719 3094 ac
731 3075 803 3093 mare
817 3067 988 3094 Atlanticum.
1040 3068 1093 3094 He-
1155 3068 1202 3094 lor.
1238 3067 1372 3094 Columel.
1384 3075 1410 3100 ς,
1429 3075 1446 3093 2
1473 3066 1500 3093 Si
1519 3065 1603 3093 fuerit
1622 3066 1665 3091 sex
1680 3064 1839 3098 angulorum
1858 3066 1887 3090 in
1901 3064 2043 3098 quadratos
2057 3066 2150 3099 pedes,
2170 3067 2205 3094 fic

20 3113 23 3116 ·
47 3106 198 3140 speruceras
219 3105 285 3131 Plin.
299 3107 325 3137 6,
338 3113 370 3136 3ο
384 3110 407 3131 et
425 3112 459 3136 31.
502 3104 577 3130 Sonat
588 3104 646 3130 haec
659 3112 722 3135 vox,
742 3102 898 3130 Occidentale
912 3112 998 3129 cornu.
1155 3103 1303 3137 redigitur,
1324 3103 1383 3129 Esto
1403 3102 1571 3136 hexagonum
1592 3101 1792 3136 quoquouersus
1811 3098 1888 3124 lineis
1903 3099 1999 3133 pedum
2014 3101 2137 3135 triginta,
2157 3109 2204 3130 etc.

7 3139 9 3167 ζ
89 3146 111 3166 H
124 3145 138 3165 Ε
147 3146 159 3166 s
168 3146 181 3166 s
191 3140 207 3165 Ε
216 3147 238 3166 Ν
247 3148 256 3166 1
266 3157 275 3170 ‚
294 3149 381 3166 orum.
415 3149 451 3168 m.
488 3138 625 3172 [Ἔσσηνοι]
661 3137 812 3172 Palaestinae
822 3140 925 3174 populi,
951 3147 967 3165 a
985 3137 1020 3165 ud
1033 3147 1093 3174 quos
1156 3140 1223 3166 Eucl.
1239 3149 1256 3174 4
1287 3140 1359 3165 Elem.
1380 3139 1498 3165 Problem.
1513 3148 1539 3172 15
1563 3139 1595 3166 In
1609 3137 1666 3163 dato
1679 3136 1770 3162 circulo
1783 3133 1967 3168 hexagonum,
1981 3142 2004 3162 et
2016 3139 2204 3172 aequilaterum,

4 3171 9 3198 ,'
49 3175 102 3211 lege
118 3174 235 3201 columbis
248 3175 349 3210 parsum
368 3176 442 3209 olim,
469 3182 493 3201 et
509 3182 582 3201 tanta
602 3183 684 3200 earum
702 3177 773 3210 copia
785 3173 880 3210 faHa,
899 3181 928 3200 vt
943 3184 958 3200 a
978 3183 1094 3201 uenarum
1153 3181 1178 3201 et
1190 3176 1378 3211 aequiangulum
1396 3174 1538 3210 inscribere.

51 3219 97 3236 ora
115 3212 210 3235 cicures
225 3213 347 3244 petierint
358 3221 366 3236 :
395 3211 460 3238 vnde
473 3211 536 3247 sient
553 3211 597 3237 illa
616 3209 729 3237 Tibulli
746 3210 821 3237 verba
840 3219 859 3241 1,
874 3218 899 3244 7,
913 3219 937 3242 17
962 3210 1036 3243 Quid
1054 3219 1095 3237 re-
1107 3214 1136 3242 83
1194 3216 1215 3237 H
1226 3218 1242 3237 Ε
1252 3218 1298 3237 ΧΑ
1310 3217 1335 3237 Μ
1346 3209 1362 3237 Ιὲ
1372 3217 1446 3237 TER
1459 3229 1465 3241 ‚
1485 3209 1531 3236 tri.
1553 3218 1589 3235 m.
1613 3205 1783 3246 [ἔξοίμεγρσς]
1821 3205 1867 3233 Sex
1874 3204 1974 3241 pedum.
2003 3206 2204 3246 ‘Martial.6,65

53 3244 156 3277 feram,
174 3249 204 3270 vt
220 3244 316 3271 volitet
330 3246 431 3273 crebras
450 3247 548 3273 intaeta
567 3255 613 3281 per
631 3245 709 3272 vrbes
720 3264 729 3278 ,
761 3245 827 3281 Alba
847 3245 991 3272 Palaestino
1009 3246 1094 3272 sandia
1154 3246 1323 3273 Hexametris
1342 3246 1503 3281 epigramma
1517 3245 1598 3276 facis,
1616 3243 1670 3269 scio
1690 3242 1778 3269 dicere
1790 3241 1922 3267 Tuccam.
1977 3242 2033 3268 Cic.
2047 3242 2080 3269 de
2092 3243 2166 3270 Orat.
2180 3253 2204 3278 3,

45 3278 179 3313 *columba
191 3278 269 3305 vir03
310 3280 374 3307 Plin.
387 3290 409 3314 ς,
418 3289 448 3318 17
467 3283 583 3314 Heffeni,
604 3291 665 3316 gens
678 3281 742 3314 sola,
761 3287 788 3308 et
800 3282 829 3308 in
841 3288 900 3308 toto
912 3281 978 3307 orbe
991 3287 1094 3315 praeter
1154 3291 1198 3308 222
1219 3282 1300 3316 Qiod
1320 3282 1338 3308 fi
1351 3282 1481 3316 antipater
1494 3280 1541 3308 ille
1555 3278 1694 3309 Sidonius,
1714 3277 1774 3308 ille,
1795 3285 1875 3317 quem
1895 3284 1922 3304 tu
1942 3277 2025 3317 probe
2038 3278 2131 3305 Catule
2149 3288 2204 3306 me-

55 3321 169 3353 caeteras
182 3314 266 3346 mira,
285 3314 335 3341 fine
346 3316 399 3343 vlla
411 3318 528 3352 femina,
547 3319 623 3345 omni
635 3319 738 3345 Venere
752 3317 888 3350 abdicata,
909 3317 961 3344 tine
973 3318 1093 3352 pecunia,
1153 3318 1265 3350 ministi,
1292 3318 1385 3344 solitus
1403 3318 1438 3344 est
1457 3316 1547 3343 versus
1565 3314 1748 3346 hexametros,
1772 3312 1894 3348 aliosque
1910 3321 1992 3340 varus
2010 3313 2099 3340 modis
2121 3320 2202 3351 atque

52 3351 123 3378 socia
141 3350 303 3385 palmarum,
321 3357 365 3378 etc.
1152 3354 1271 3381 numeris
1284 3353 1396 3381 fundere
1413 3362 1444 3380 ex
1459 3358 1587 3385 tempore.

92 3393 114 3412 Η
125 3393 141 3413 E
150 3394 163 3414 s
171 3393 193 3413 ‘r
201 3393 218 3412 E
227 3392 247 3412 R
257 3393 279 3411 N
290 3393 309 3411 v
319 3392 332 3412 s
341 3405 350 3418 ,
374 3395 404 3418 a,
427 3397 481 3416 um.
518 3389 579 3416 Adi.
615 3390 626 3421 [
633 3387 742 3423 χθιζᾶς]
776 3389 851 3424 Quod
865 3389 919 3416 heri
929 3387 1034 3425 fabium
1048 3387 1090 3422 est,
1102 3391 1138 3416 90
1191 3397 1212 3416 H
1223 3397 1240 3417 E
1248 3398 1267 3417 x
1275 3397 1296 3417 A
1304 3398 1319 3417 1³
1331 3396 1352 3416 H
1362 3397 1381 3417 o
1390 3397 1409 3416 R
1417 3397 1442 3422 1,
1466 3396 1555 3415 orum.
1592 3385 1632 3413 Pl.
1667 3384 1725 3412 Seni
1745 3383 1832 3410 baiuli.
1868 3381 2034 3418 Phalangarii
2053 3383 2203 3420 hexaphori

44 3421 206 3459 fignzficans.
240 3421 322 3448 Plaut.
336 3422 431 3462 Pers-1,
445 3432 466 3456 2,
479 3432 506 3458 23
526 3426 617 3452 V-isam
629 3424 759 3451 hesternas
771 3425 905 3460 reliquias.
942 3424 1011 3465 Ter.
1024 3425 1089 3465 Eun.
1151 3426 1260 3453 Vitruu.
1281 3435 1326 3459 10,
1347 3431 1370 3456 8.
1458 3458 1466 3464 Α
1591 3457 1599 3467 ε
1625 3455 1631 3464 ,
1791 3451 1829 3479 3.
2104 3457 2109 3462 .

3 3506 34 3539 ,,
51 3459 250 3529 {naemei
262 3456 930 3525 ἓζᾶἓὲἔηςιειὲῑξετξιιειῑπ.Μ’Ἐῑζῑῑὲῑε
946 3460 1091 3523 ..Pu-...¹51
1147 3462 1476 3533 ...sanxierat
1497 3456 1725 3527 1‘21·..‚[.;³5i⁰;5.13.
1739 3453 2203 3524 ..tzvzzzzfftchzsgssigzzz‘ssrgf

3 3551 5 3564 A
37 3523 135 3560 JDeor.
148 3538 173 3561 2,
182 3537 222 3564 73.
258 3529 299 3555 Sic
314 3527 342 3553 in
355 3528 433 3555 Catil.
447 3538 468 3562 ε,
481 3538 506 3566 7.
571 3532 723 3566 Disputatio
736 3531 792 3558 Cic.
800 3533 885 3559 Tusc.
899 3541 910 3558 2
929 3540 950 3557 c.
965 3540 992 3564 4.
1027 3532 1089 3558 Liu.
1152 3535 1187 3569 67
1201 3533 1267 3560 Non
1275 3532 1352 3560 debes
1366 3532 1433 3559 ferri
1448 3536 1572 3557 mortuus
1588 3526 1750 3561 hexaphoro.
1793 3524 1851 3551 Vid.
1862 3526 1967 3566 Pignor.
1978 3525 2007 3551 de
2015 3527 2083 3553 Seru.
2101 3533 2200 3562 p.274.

3 3584 19 3594 ι
52 3573 98 3600 27,
112 3574 142 3598 14
154 3573 199 3600 pr.
222 3565 369 3598 Pugnatum
384 3565 506 3600 vtrinque
519 3568 657 3603 aliquanto
673 3576 752 3603 quam
766 3568 853 3602 pridie
867 3568 950 3594 acrius
963 3567 1015 3599 est,
1028 3568 1090 3594 Poe·
1102 3570 1135 3597 95
1191 3574 1267 3595 ΗΕΧ
1278 3574 1410 3596 APTOT
1421 3573 1441 3593 o
1454 3573 1474 3592 N
1487 3586 1493 3597 ‚
1516 3566 1536 3592 i.
1573 3573 1599 3591 n.
1636 3562 1727 3589 Ifidor.
1744 3569 1769 3591 ι,
1788 3562 1814 3587 6-
1866 3560 1990 3587 Prlscun-
2004 3568 2018 3595 ς
2044 3570 2069 3596 p-
2085 3564 2134 3596 673
2152 3568 2200 3599 pr.

18 3616 21 3619 ι
51 3602 93 3627 nis
116 3600 150 3627 ad
167 3599 343 3626 obtinendum
363 3598 511 3628 hesternum
530 3603 613 3630 Decus
633 3603 829 3637 adnitentibus,
849 3603 976 3631 Romanis
994 3602 1028 3629 ad
1046 3603 1089 3630 de·
1153 3605 1246 3639 Nempe
1258 3603 1298 3638 stc
1313 3611 1419 3631 vocatur
1436 3611 1539 3634 nomen,
1558 3599 1623 3636 quod
1627 3599 1674 3635 sex
1686 3597 1796 3631 diuersos
1809 3595 1879 3631 castis
1889 3596 1974 3629 babet,
1993 3603 2023 3623 ve
2036 3599 2148 3624 Nomina
2158 3598 2201 3634 Je-

3 3639 5 3641 ’
51 3636 174 3663 mendam
191 3635 376 3670 ignominiam.
447 3635 574 3665 Hesterno
587 3637 632 3666 die·
644 3639 750 3666 lusimus
766 3640 861 3666 Catuli.
874 3644 916 3673 48,
931 3648 948 3665 1.
1019 3639 1089 3665 Luce
1151 3640 1246 3666 eundae
1259 3641 1442 3667 Declinationis
1460 3641 1485 3664 in
1500 3644 1536 3663 vs
1556 3644 1654 3662 numero
1669 3634 1805 3668 Singulari.
2178 3667 2184 3671 Π

12 3688 14 3690 v
50 3672 168 3699 hesterna
183 3671 241 3698 vidi
258 3671 338 3698 Ouid·
355 3671 446 3696 Amor·
460 3679 481 3701 2,
495 3679 519 3701 2,
531 3681 552 3704 3-
620 3675 708 3702 Noae
722 3675 842 3704 hesterna
860 3676 948 3702 lenior
961 3683 1025 3701 aura
1038 3675 1091 3701 fuit
1189 3681 1210 3700 H
1221 3682 1333 3709 extis,
1353 3675 1418 3702 adis.
1454 3673 1474 3700 f.
1511 3674 1636 3700 Numerus
1646 3668 1774 3706 finari'us.
1810 3668 1891 3695 Mart.
1910 3667 2010 3703 Capell.
2025 3675 2059 3702 7,
2077 3675 2128 3700 240
2153 3667 2198 3694 Bis

50 3708 125 3735 Idem
132 3708 216 3741 Epist.
230 3712 265 3739 18,
280 3714 319 3747 73.
390 3706 481 3732 Sermo
498 3707 554 3733 Cic.
567 3708 645 3736 Acad.
660 3721 687 3745 4,
702 3719 739 3737 10.
1149 3711 1221 3737 terni
1242 3710 1321 3739 hexas
1341 3711 1379 3739 fit.

52 3764 54 3766 ,
90 3750 111 3769 H
123 3750 137 3769 i:
148 3750 161 3770 s
173 3750 193 3769 T
205 3750 215 3769 1
227 3751 248 3770 Α
258 3750 280 3770 Τ
291 3750 309 3770 o
318 3749 337 3768 R
346 3749 355 3768 1
365 3749 392 3771 s,
412 3741 472 3767 i'dis.
509 3742 528 3767 f.
563 3743 653 3771 Herba
666 3747 765 3781 magica
778 3755 793 3772 a
805 3746 928 3773 conuic‘tu
948 3746 975 3772 in
989 3744 1144 3772 Perfideioo
1190 3752 1212 3772 H
1221 3753 1266 3772 ex
1276 3754 1298 3774 A
1310 3749 1394 3775 sTi'c
1404 3751 1426 3772 H
1435 3752 1456 3771 v
1466 3751 1504 3778 M,
1530 3742 1550 3769 i.
1585 3749 1612 3767 n.
1649 3738 1800 3772 [ἕξοέςιχον]
1845 3737 1971 3765 Hordeum
1990 3737 2099 3768 dicimr,
2126 3738 2196 3763 cuius

2 3777 3 3782 ,
23 3799 24 3802 ¹
50 3779 200 3810 nominata,
219 3779 347 3813 quoniam
363 3777 410 3803 illa
426 3776 563 3804 hilaretur.
605 3779 741 3809 Vid.Plin.
752 3791 798 3818 24,
812 3790 850 3818 ¹7·
875 3784 918 3809 Al.
933 3781 1091 3814 Siffiestoris,
1145 3780 1232 3817 spicae
1245 3782 1292 3817 sex
1311 3782 1411 3809 ordines
1431 3780 1519 3807 hahent
1532 3788 1539 3802 :
1558 3775 1626 3811 ficut
1639 3773 1803 3815 Distichum,
1820 3774 1885 3810 quod
1900 3774 1977 3813 duos.-
2005 3771 2134 3811 Columel.
2146 3780 2168 3804 2,
2178 3780 2197 3805 9

1 3847 3 3850 .
47 3821 152 3842 00‘5‘1‘10‘
165 3816 229 3842 alias
243 3812 427 3849 (ἷίῙθῖθΡῘΰΠῖῙ-
1152 3817 1292 3843 Proximus
1309 3818 1346 3844 est
1362 3817 1403 3844 his
1426 3813 1566 3842 frumentis
1584 3813 1643 3839 vsus
1664 3810 1776 3843 hor-del,
1796 3811 1868 3845 quod
1889 3809 1979 3849 rustici
1999 3806 2196 3846 hemme-hum,

86 3856 107 3875 H
120 3852 160 3877 Es
170 3856 211 3877 Vs
221 3870 229 3883 ,
257 3851 276 3876 i.
315 3859 350 3875 m.
388 3848 436 3875 Sub
459 3847 504 3874 hoc
522 3850 617 3874 nomine
631 3849 737 3877 Martem
753 3856 854 3888 antiqui
870 3854 989 3881 colebant.
1032 3854 1091 3880 Eum
1152 3852 1262 3888 quidam
1275 3854 1355 3880 etiam
1372 3851 1555 3880 cantherinum
1568 3847 1712 3883 appellant:
1737 3847 1864 3882 quoniam
1878 3851 1903 3872 et
1915 3844 1966 3871 alia
1981 3841 2115 3875 animalia,
2128 3850 2197 3877 quae

46 3885 115 3911 Galli
127 3886 229 3912 humano
242 3895 327 3913 cruore
336 3885 478 3920 placabant.
521 3883 578 3909 Vid.
587 3883 702 3911 Laetam.
709 3893 728 3919 1,
735 3894 774 3915 21.
807 3889 905 3917 Lucan.
913 3899 933 3924 1,
940 3899 997 3926 440
1015 3889 1090 3918 Teu·
1153 3888 1211 3916 turi
1225 3889 1282 3914 sunt
1294 3889 1399 3920 melius,
1413 3896 1490 3922 quam
1504 3884 1602 3911 malum
1619 3884 1739 3910 triticum
1753 3883 1842 3917 pascit.

47 3926 112 3948 tates
125 3919 290 3957 horrensque
303 3921 368 3949 feris
380 3918 508 3950 altaribus
518 3920 611 3947 Hesus.
900 3936 908 3946 .
1095 3933 1141 3961 ¹05
1189 3930 1418 3984 HEXASTYLOSQ
1428 3921 1488 3985 Αεὲί.
1510 3924 1529 3948 i.
1540 3922 1588 3950 Sex
1602 3921 1727 3947 columnas
1735 3919 1840 3949 babens.
1858 3916 1926 3946 vitt,
1933 3922 1956 3947 3,
1967 3921 1988 3939 2.
2008 3921 2033 3939 v.
2041 3911 2195 3977 Βαῖιὲὲκςὲ

1360 3967 1374 3995 5
1808 3977 1814 3982 .
