2479 4225
5 907 9 1069 l

42 223 101 268 3¹⁷
413 203 448 244 E
503 166 568 243 'F
656 199 690 242 F
1510 191 1544 236 Ε
1632 192 1664 235 F
1753 192 1786 234 F
2110 205 2175 247 3¹8

42 307 84 331 cut
101 296 252 328 Herculem,
277 294 337 331 qm'a
352 291 435 329 facile
456 290 550 326 efficere
574 297 599 318 et
620 290 720 327 implere
756 290 821 313 omit
843 282 965 321 quidquid
984 281 1072 323 voluit.
1170 288 1287 313 Eplqss
1300 287 1431 316 1spp1⁴10²
1449 281 1517 311 (mim
1537 282 1556 310 fi
1590 281 1763 311 Adumbmffo·
1798 281 1904 316 Apuleii
1922 281 1965 318 est}
1978 283 2081 313 dicitur·

42 337 152 370 Compar.
172 329 304 359 Efficacius
318 328 354 355 est
373 327 491 355 Scribon.
512 334 568 360 207.
605 341 651 347 —
684 332 731 358 pro
751 322 786 348 est
805 328 861 355 257.
895 334 941 340 —-
975 324 1015 345 vti
1029 321 1073 353 67.
1171 321 1433 350 E1³F¹G1A‘1·x's,
1464 319 1502 346 (15,
1529 329 1564 346 m,
1609 318 1721 346 Eiusdem
1740 315 1774 351 <Ji
1812 319 1913 345 Florid.
1932 329 1958 352 2,
1977 329 2001 354 1,-
2021 331 2045 356 p,
2064 328 2120 354 350,
2141 324 2173 353 33

41 369 173 403 Efficacius
186 366 406 394 medicamentum
419 371 475 398 107.
544 359 746 389 Efficaciffimum
760 365 805 388 13¹·
956 389 962 394 ¹
1033 389 1040 394 ι
1136 353 1231 389 Magna
1245 356 1284 382 vis
1296 355 1362 383 aeris
1376 355 1451 380 vario
1465 355 1591 390 effigium,

77 408 305 433 EFFtGAfflA,
331 408 369 426 ae.
392 398 413 425 f.
449 399 587 433 [ἕνέργαοι]
622 396 685 423 Plin.
700 402 732 425 ιι,
747 399 759 424 ς
779 393 854 424 Quos
866 389 1011 422 efficaciae,
1031 398 1073 416 m-
1172 396 1366 418 EFFlGxAT
1378 396 1397 416 0
1409 396 1444 422 R,
1471 392 1533 417 Oris·
1551 401 1588 417 m.
1624 388 1760 424 Augustin-
1797 406 1806 415 .
1841 406 1848 415 .
1885 407 1893 414 ι

9 426 10 432 i
41 439 203 472 dustriaeque
217 442 302 463 tantae
315 443 433 470 paremus
446 434 557 461 ueruos3
591 433 647 458 Vet.
661 428 778 461 Inscript.
794 427 901 453 Gruter.
924 431 1045 457 anxv,
1059 431 1073 457 5
1095 429 1110 455 5
1171 432 1188 452 E
1198 433 1213 452 p
1224 433 1240 453 1³
1250 435 1257 453 ι
1268 433 1287 454 G
1298 434 1319 454 v
1328 433 1348 453 R
1357 431 1375 451 0
1384 444 1390 456 ‚
1419 424 1472 452 viil.
1501 434 1520 452 Α
1534 433 1589 452 Νη
1600 432 1621 452 G
1631 433 1651 451 V
1660 432 1678 451 R
1687 431 1716 451 Ο,

43 471 312 504 DECVRIONES
348 470 403 496 ET
439 469 562 496 PLEBS
596 467 617 493 C
629 465 653 492 O
667 465 688 490 L
702 463 726 489 Ο
739 462 765 488 N
780 463 792 487 I
805 462 827 487 A
842 461 861 487 E
897 460 1074 487 ASCVLA-
1172 463 1305 494 ΕΡΡῑο,
1326 461 1375 488 eri.
1411 460 1544 494 [γίνομαι]
1580 462 1662 487 Plaut.
1676 459 1742 486 Pers.
1757 466 1780 492 5,
1794 466 1813 491 1,
1827 467 1844 491 9
1863 456 1899 485 Vt
1911 456 1973 485 liant
1986 468 2099 494 quorum
2111 470 2173 497 ope-

44 509 193 540 NORVM
230 505 430 534 PROPTER
465 505 491 530 H
504 504 526 530 V
539 503 568 530 M
579 502 601 528 A
616 500 644 527 Ν
656 500 668 525 Ι
681 498 711 524 Τ
723 498 745 523 Α
758 496 788 523 T
801 497 820 522 E
835 497 865 523 M
877 515 886 528 ,
932 495 1073 522 ABSTI—
1136 504 1165 522 ra
1179 495 1241 523 hacc
1253 497 1321 523 mihi
1333 495 1422 522 facilia
1438 495 1506 521 facia
1522 497 1594 528 sunt,
1616 504 1682 530 quae
1696 495 1771 522 volui
1785 492 1885 527 efficti,
1904 497 1922 520 i.
1936 493 2009 528 effici.

41 544 184 574 ΝΕΝΤῙ
193 543 267 574 ΛΜ»
305 542 325 568 Ε
334 540 485 567 FFICAC
494 541 504 566 1
513 538 577 565 ΑΜ·
650 531 785 560 Effiffissiff
802 531 957 571 innocfmia
974 532 1074 565 ⁰PP⁰²²³2
1171 538 1188 558 E
1197 539 1212 558 Ρ
1223 539 1238 559 1·“
1249 538 1283 559 1R
1292 539 1361 564 ΜΟ,
1378 529 1430 557 ire.
1450 532 1526 557 Tute
1540 532 1593 564 ipse
1607 530 1706 557 cilium
1719 539 1748 557 ac
1762 538 1883 565 compara
1898 530 2003 565 Acc.ap.
2013 530 2083 557 Non⁴
2092 541 2119 565 4,
2128 535 2172 568 64·

39 587 83 609 eur
101 578 221 606 Ambros.
233 578 262 604 in
275 577 348 603 Orat.
362 577 417 603 sun.
433 575 522 602 fratris
540 571 579 599 sui
592 569 684 602 Satyri.
719 568 760 595 Sic
773 576 828 593 mox
840 566 991 593 Efficacitas.
1170 573 1187 593 Ε
1197 574 1264 594 FFL
1277 575 1298 594 A
1310 574 1331 594 G
1342 566 1351 593 i
1361 573 1426 597 To,
1451 570 1504 592 are.
1545 568 1554 597 [
1569 564 1652 597 ἓξαιτῶ
1667 568 1679 600 j
1733 565 1887 592 Vehementer
1908 572 1991 600 petere
2009 572 2032 591 et
2044 566 2083 599 fic
2101 572 2173 603 impe-

76 622 93 643 E
103 619 190 642 rme
200 620 222 640 A
232 619 249 640 c
263 611 335 639 i‘TA
345 619 374 644 s,
400 611 457 637 atis.
478 610 498 636 f.
533 605 671 645 [Meysen]
707 603 783 630 Idem.
820 604 877 629 Cic.
891 602 976 628 Tusc.
998 609 1027 634 4,
1046 608 1071 632 31
1089 609 1117 627 10
1134 608 1216 633 trare,
1228 604 1269 638 fla
1288 602 1374 629 itando
1386 600 1485 636 efficere.
1540 601 1615 635 Virg.
1626 602 1694 641 Aen.
1708 610 1744 634 12,
1759 606 1805 636 758
1840 600 1888 627 Ille
1902 601 1977 627 limul
1993 601 2107 635 fugiem,
2122 604 2174 630 Ru·

0 672 1 675 ¹
39 661 62 678 e.
76 659 100 683 13
120 651 238 683 Itemque
249 647 352 675 viribus
369 645 487 680 corporis
501 648 526 669 et
539 649 642 673 neruis,
660 644 687 666 et
702 637 851 665 efficacitati
871 637 966 664 similes
976 656 984 669 ,
1002 636 1071 662 limi·
1133 638 1194 663 tilos
1211 638 1274 663 limu
1300 639 1416 672 increpat
1429 645 1530 669 omnes,
1547 636 1665 663 Nomine
1679 645 1809 671 quemque
1822 642 1931 662 vocans:
1947 642 2092 671 notumque
2106 638 2174 664 effla-

42 686 111 714 libus
124 684 212 712 verbis
228 683 312 710 animi
324 683 393 709 vires
411 679 587 707 nominantur.
655 674 727 702 Idem
741 673 772 700 de
785 674 859 700 Petit.
876 673 954 698 Cons.
969 677 983 711 33
1000 671 1071 711 ‘Qui
1133 673 1197 707 gitat
1214 674 1310 699 ensem.
1381 672 1437 698 Cic.
1451 673 1526 698 Verr.
1547 680 1567 704 1,
1586 674 1615 704 63
1654 671 1755 698 Accidit
1774 678 1857 706 quum
1875 671 1922 697 iste
1943 680 1957 698 a
1971 673 2019 699 Cn.
2035 672 2172 700 Dolabella

39 727 141 750 tantum
155 719 232 746 habet
244 718 383 751 audaciae,
402 723 500 743 tantum
513 710 658 746 nequitiae,
671 715 771 737 tantum
783 709 898 743 denique
912 708 940 733 in
957 706 1071 733 libidine
1132 708 1299 742 efflagitass‘et,
1313 714 1342 734 vt
1354 707 1379 733 se
1393 707 1425 733 ad
1444 717 1533 742 regem
1548 707 1722 734 Nicomedem
1732 726 1740 739 ,
1761 715 1904 742 regemque
1917 705 2033 734 Sadalam
2048 709 2174 735 mitteret.

0 778 1 782 ,
35 757 101 787 artis
109 753 309 786 etefficacitatis‚
317 760 354 786 vt,
362 759 405 779 etc.
441 746 682 782 ItaEfficaciaosum
690 744 867 776 Ambrosium,
878 742 946 769 modo
954 742 1072 768 diximus.
1133 743 1300 770 Pseudo-Cic.
1316 744 1410 777 Anteq.
1424 742 1475 769 iret
1490 743 1517 769 in
1532 743 1595 769 exil.
1613 752 1640 769 10
1671 742 1808 769 Auxilium
1829 741 1862 768 ab
1881 742 1975 769 alienis
1987 743 2174 777 efflagitabitis,

75 796 244 820 EFFICAC
256 789 358 816 fTER.
392 784 458 813 Adu.
493 782 636 817 [ἐνεργῶς]
676 780 742 807 Plifl-
756 785 794 812 28,
811 788 834 806 ¹1
861 778 961 812 Capitis
985 777 1072 804 Vlcera
1090 783 1115 811 ¹5
1133 787 1216 813 quum
1229 779 1299 804 ciues
1312 777 1410 804 vestros
1430 778 1571 805 deseratis!
1643 779 1700 806 Cic.
1716 779 1770 811 Qn.
1785 779 1854 804 Frat.
1873 786 1897 809 2,
1918 786 1940 804 ιι
1957 784 2000 813 pr.
2031 779 2173 813 Epistolam

39 826 187 858 manantia,
206 826 283 853 vrina
296 823 363 851 tauri
376 819 514 848 efficaciter
533 818 612 844 sanat.
666 816 740 843 Idem
752 824 796 847 20,
809 823 850 841 20.
904 815 946 841 Sic
960 818 995 853 18,
1007 815 1025 839 6
1042 813 1074 839 Id
1133 814 1198 841 hanc
1221 814 1346 840 conuicio
1368 814 1548 848 Efflagitarunt
1573 813 1691 840 codicilli
1712 815 1760 840 tui.
1833 813 1966 846 Qiinc‘iil.
1983 814 2015 840 ad
2030 814 2173 849 Tryphon.

36 860 204 890 efficaciffime
218 859 354 894 confingit.
387 855 458 885 Adde
471 855 514 886 26,
529 861 562 879 12.
599 850 733 879 Efficacius
745 858 838 886 rogare
855 848 1073 884 Plin.Ep1st.6‚6.
1133 853 1262 881 imitatus,
1282 856 1312 875 vt
1327 849 1426 875 videtur
1438 850 1463 876 h.
1476 851 1494 876 1.
1514 849 1664 884 Efflagitasti
1679 848 1837 884 quotidiano
1850 849 1988 881 conuicio,
2007 856 2046 876 vt.
2117 851 2174 877 Cic.

38 895 214 927 Efficacjffime
226 898 345 923 coercere
368 891 434 917 Plin.
447 894 488 921 28,
503 897 534 916 ιι.
696 921 702 927 ⁴
1133 894 1182 920 pro
1195 885 1290 911 Milon.
1305 892 1335 916 93
1367 885 1519 919 Eorumque
1538 894 1586 911 nos
1600 884 1682 919 magis
1696 884 1818 915 miseret,
1840 884 1888 917 qui
1898 884 2013 911 nostram
2026 885 2176 913 misericor-

72 940 90 960 Ε
100 939 116 960 Ρ
127 940 161 959 ΡΙ
171 938 188 959 c
199 928 248 958 AB
257 937 309 958 ιιι
318 933 398 955 TER.
434 924 501 951 Adu.
537 924 588 950 Int.
602 923 704 949 Irenaei
717 930 741 953 2,
754 927 794 948 22.
1133 921 1206 947 diam
1220 929 1274 946 non
1289 919 1446 954 requirunt,
1465 930 1543 955 quam
1562 921 1607 955 qui
1622 921 1695 946 illam
1711 919 1863 952 efflagitant.

72 974 91 996 Β
99 975 116 995 Ρ
125 974 142 995 Ρ
150 975 160 994 1
169 974 186 994 c
196 975 206 994 1
215 974 236 994 A
245 973 261 993 1.
269 973 279 992 1
286 971 308 992 ‘r
315 970 332 991 13
341 969 370 989 R.
405 960 473 987 Adu.
510 957 638 986 sarisber.
652 957 730 992 Epist.
743 963 805 991 277.
1085 963 1121 984 20
1169 963 1186 983 E
1195 962 1211 982 Ρ
1220 962 1236 983 F
1245 963 1261 982 r.
1270 962 1292 982 A
1301 962 1321 982 G
1331 963 1339 981 1
1348 961 1369 980 Τ
1377 962 1398 982 Α
1406 962 1427 982 T
1437 962 1455 981 v
1465 964 1478 983 s
1486 976 1494 988 ‚
1513 966 1539 988 a,
1557 964 1612 981 um.
1649 955 1743 981 Partic.
1780 953 1947 987 [ἐξαιτηθεὶς]
1982 955 2037 982 Cic.
2053 955 2173 984 Diuinat.

72 1010 91 1032 E
100 1009 141 1030 1:1³
152 1010 159 1029 ι
170 1009 187 1030 c
195 1008 278 1032 Tvs,
294 1006 311 1026 Ρ
320 1005 336 1025 Ρ
347 1004 363 1024 Ρ
373 1003 383 1023 1
391 1002 412 1023 G
423 1003 433 1022 1
441 1002 458 1022 Ε
466 995 496 1027 S',
514 1001 560 1021 etc.
577 993 630 1020 vid.
644 1002 700 1018 mox
706 992 754 1028 fiaeb
775 998 791 1018 Ρ
802 998 818 1018 Ρ
827 997 844 1017 Ρ
854 997 863 1018 1
872 997 894 1018 N
904 996 926 1018 G
935 996 965 1017 Ο.
1134 993 1210 1018 Vcrr.
1224 996 1237 1021 8
1250 1001 1271 1017 c.
1285 999 1297 1023 3
1330 990 1494 1017 Iudiciorum
1514 991 1643 1018 defiderio
1661 988 1826 1016 Tribunicia
1844 988 1956 1022 potestas
1976 991 2115 1025 efflagitata
2130 993 2176 1019 est.

72 1045 140 1066 ΕΡΡ
150 1046 158 1064 1
169 1043 259 1067 Nno,
284 1036 336 1061 ere.
374 1030 499 1059 findendo
513 1031 589 1065 plane
601 1029 695 1065 ficare.
729 1027 824 1053 Mar-il.
844 1035 872 1060 4,
889 1031 934 1058 283
962 1026 1072 1060 Iamque
1132 1027 1171 1053 ld.
1185 1027 1218 1053 ad
1230 1027 1308 1060 Qir.
1322 1026 1378 1066 pol}
1392 1027 1455 1066 Red.
1470 1035 1491 1053 c.
1506 1035 1518 1060 5
1550 1027 1584 1053 At
1598 1034 1646 1060 pro
1659 1034 1702 1052 me
1716 1023 1864 1063 superiores
1878 1023 1995 1050 consules
2009 1027 2126 1063 semper,
2145 1034 2176 1055 vt

36 1074 89 1103 huc
102 1080 128 1101 at
147 1080 180 1100 ue
192 1072 254 1099 illue
265 1069 361 1104 agilem
374 1071 528 1095 conuertere
550 1064 669 1095 clauum,
704 1063 736 1089 Et
748 1060 853 1090 frenare
866 1068 951 1090 ratem
965 1060 1071 1087 fluctus·
1131 1062 1273 1094 referrent,
1286 1062 1421 1095 efflagitati
1434 1063 1500 1088 sunt.
1554 1061 1614 1087 Liu.
1629 1070 1650 1093 3,
1659 1062 1693 1087 60
1712 1059 1889 1093 Efflagitatum
1904 1059 1937 1084 ab
1951 1058 2063 1087 ducibus
2074 1062 2176 1096 fignum

37 1119 90 1146 que
105 1108 226 1137 effindere
239 1105 339 1136 156105,
356 1110 401 1130 etc.
1132 1106 1234 1133 pugnae
1248 1106 1379 1131 accepere.

74 1148 259 1173 EFrmGo,
281 1140 349 1172 inxi,
374 1138 469 1170 ictum,
491 1137 544 1163 ere.
580 1131 737 1172 [sinaxi-(20³,
764 1130 902 1167 aiamim]
946 1130 1070 1168 fingendo
1086 1139 1117 1166 κς
1169 1140 1186 1160 13
1197 1133 1406 1160 ΡΡιΑοιΤᾸ
1413 1138 1473 1159 TV.
1512 1131 1569 1159 Cic.
1588 1132 1664 1157 Verr.
1684 1138 1708 1164 5,
1725 1136 1762 1165 74
1780 1139 1803 1155 c.
1825 1137 1859 1162 29
1888 1129 1920 1156 In
1938 1128 2058 1162 iudicio,
2082 1131 2175 1160 coactu

30 1180 165 1218 perficere.-
186 1175 332 1212 Praepofitio
344 1174 516 1210 absolutionem
528 1177 551 1198 et
555 1170 633 1207 finem
641 1172 678 1195 rei
681 1168 821 1204 significat.
857 1169 914 1195 Cic.
922 1167 1004 1194 Tusc.
1013 1169 1072 1207 ¹’.⁶¹
1133 1175 1211 1203 atque
1223 1168 1365 1203 efflagitatu
1378 1177 1438 1194 meo
1452 1167 1597 1202 producere
1612 1165 1644 1192 ad
1657 1167 1780 1200 ignotos,
1799 1171 1845 1191 etc.

37 1218 114 1249 Quae
127 1222 207 1250 porro
219 1218 272 1239 tam
285 1210 412 1238 immensa
423 1206 587 1243 magnitudo,
606 1213 673 1239 quae
687 1205 733 1230 illa
747 1210 800 1231 tam
813 1203 897 1230 multa
911 1202 983 1238 possit
998 1202 1071 1229 effin-
1167 1211 1184 1231 Ε
1194 1211 1210 1231 Ρ
1219 1211 1235 1230 Ρ
1245 1211 1262 1231 1.
1271 1211 1292 1231 A
1301 1210 1322 1230 G
1334 1210 1342 1229 1
1354 1211 1376 1231 T
1385 1211 1406 1230 A
1416 1210 1436 1229 T
1446 1211 1455 1229 1
1465 1210 1484 1230 o
1493 1223 1500 1234 ,
1516 1203 1584 1230 onis.
1601 1202 1621 1228 f.
1657 1201 1671 1235 [
1679 1201 1814 1234 ἐξαίτησις]
1850 1199 1907 1226 Cic.
1921 1199 1952 1226 ad
1965 1200 2039 1227 Brut.
2054 1204 2081 1228 16
2103 1201 2176 1235 Quia

6 1244 7 1282 l
36 1251 116 1287 gere!
182 1248 254 1276 Idem
269 1246 301 1273 de
314 1246 351 1273 N.
364 1245 395 1271 D.
410 1253 430 1276 1,
444 1245 476 1276 65
506 1243 576 1269 Hinc
593 1240 769 1281 quodcunque
787 1239 816 1266 in
830 1237 916 1266 solum
929 1239 1004 1265 venit
1023 1241 1070 1270 (vt
1131 1240 1265 1280 neminem
1277 1239 1368 1280 magis
1385 1238 1459 1265 decet
1477 1239 1570 1278 Rcmp.
1589 1246 1694 1270 amare,
1714 1235 1907 1277 ’libertatisque
1922 1235 2097 1276 'defensorem
2117 1238 2176 1272 ess'e,

6 1286 7 1296 ἵ
36 1287 153 1317 dicitur)
178 1282 278 1318 effingis
291 1286 368 1316 atque
389 1279 478 1307 efflei&
550 1275 648 1316 Effinge
662 1274 765 1310 ahqffld
778 1281 804 1302 et
820 1274 935 1306 effnde,
956 1273 1028 1309 qnod
1041 1273 1071 1300 fit
1133 1276 1175 1302 vel
1195 1284 1319 1310 ingemo,
1338 1275 1381 1301 vel
1396 1274 1474 1301 rebus
1487 1274 1574 1309 gestis,
1594 1273 1635 1299 vel
1653 1272 1740 1299 studio
1752 1277 1830 1306 atque
1844 1271 2031 1306 efflagitatione
2044 1273 2175 1300 omnium.

34 1327 162 1358 perpetuo
175 1324 248 1346 tuum
280 1317 346 1344 Plin.
361 1316 438 1351 Epist.
458 1323 477 1346 1,
491 1321 512 1347 3.
583 1311 712 1346 Effingere
724 1319 756 1337 ex
769 1319 836 1337 vero
860 1309 1072 1342 similitudinem,
1084 1318 1116 1343 30
1133 1311 1290 1345 Efflagitatio
1301 1310 1334 1336 ad
1348 1309 1494 1337 co'e'undam
1506 1309 1658 1336 societatem
1678 1308 1751 1335 ldem
1765 1308 1835 1334 Fam.
1850 1314 1873 1340 5,
1887 1315 1925 1340 19.
1994 1307 2094 1334 insulsa
2105 1308 2175 1335 effla.

0 1372 1 1377 =
35 1357 147 1385 arduum
160 1355 197 1382 est
211 1353 284 1381 Idem
297 1351 375 1387 Epist.
388 1360 416 1385 4,
429 1355 468 1381 28·
523 1347 580 1376 Cic.
588 1347 666 1374 Acad.
678 1356 707 1381 4,
717 1351 743 1377 18
762 1347 856 1373 Visum
869 1346 951 1381 igitur
964 1345 1071 1385 impres·
1135 1347 1229 1382 gitatio
1247 1347 1286 1374 ld.
1300 1347 1372 1373 Fam.
1387 1354 1426 1378 ιο,
1441 1354 1483 1378 24.

33 1393 91 1420 sum
104 1389 272 1425 efficfiiumque
285 1396 317 1414 ex
330 1396 362 1414 eo
373 1385 442 1413 vnde
456 1385 524 1411 effet.
596 1382 670 1409 Idem
683 1382 716 1408 de
728 1383 803 1409 Orat.
815 1390 841 1413 2,
855 1389 902 1416 354
924 1382 1016 1416 Itaque
1029 1389 1072 1412 us,
1167 1389 1185 1410 E
1194 1389 1210 1409 F
1220 1388 1236 1409 F
1244 1389 1261 1408 1.
1269 1389 1292 1409 A
1300 1388 1322 1408 G
1331 1391 1341 1408 ι
1349 1388 1370 1407 T
1379 1388 1431 1408 AT
1439 1387 1459 1407 0
1467 1388 1486 1407 R
1495 1399 1503 1412 ,
1526 1380 1589 1406 fisis.
1609 1388 1645 1405 m,
1665 1376 1802 1413 Augustin.

33 1428 82 1462 qui
95 1426 160 1454 hanc
177 1431 277 1460 partem
295 1422 396 1458 ingenii
415 1425 552 1451 exercent,
574 1419 646 1445 locos
665 1418 713 1445 eise
733 1417 889 1452 capiendos,
907 1422 934 1444 et
951 1425 991 1448 ea,
1003 1424 1072 1451 quae
1168 1423 1385 1445 EFFLAMMO
1399 1434 1409 1450 ,
1440 1420 1493 1443 ἐκ.
1539 1415 1628 1442 stellis
1648 1412 1867 1441 efflammantibus
1887 1412 2002 1440 defluere
2032 1411 2112 1440 Mart.
2126 1414 2175 1441 Ca.

32 1461 163 1491 memoria
177 1468 264 1488 tenere
276 1458 390 1491 vellent,
408 1455 553 1491 effingenda
566 1454 667 1486 animo,
685 1459 763 1488 atque
777 1453 818 1479 his
830 1452 896 1480 locis
910 1451 1071 1478 collocanda.
1132 1453 1201 1488 pella
1221 1453 1269 1480 lib.
1289 1460 1314 1480 2.
1450 1484 1452 1486 ‚

31 1498 111 1525 Casus
130 1497 160 1524 in
178 1504 244 1523 auro
271 1495 348 1529 Virg·
363 1494 428 1520 Aen.
446 1495 472 1524 6,
485 1500 524 1524 32·
542 1493 561 1517 i·
581 1487 709 1526 babaria,
727 1487 808 1515 affus.
880 1488 927 1514 Sui
939 1487 1071 1514 dimmilia
1087 1493 1116 1520 33
1168 1494 1334 1521 muro,
1354 1490 1408 1515 ere.
1445 1484 1588 1521 [ἓκκλαιω]
1629 1485 1680 1518 Vt,
1699 1484 1792 1511 Efflere
1805 1483 1911 1516 oculos,
1924 1490 1972 1519 pro
1988 1482 2077 1510 Flendo
2090 1484 2176 1520 consu-

32 1530 156 1567 offingere
174 1537 268 1558 natura
292 1539 347 1557 non
365 1527 449 1564 potest
485 1527 542 1554 Cic.
555 1525 588 1552 de
605 1524 642 1551 N.
657 1525 690 1551 D.
710 1533 733 1557 3,
753 1531 794 1552 22.
859 1524 967 1558 Figuras
986 1523 1072 1549 varias
1131 1533 1204 1551 mere.
1240 1524 1371 1558 Qiinffil.
1384 1523 1456 1549 Deci.
1470 1525 1488 1549 6
1516 1521 1616 1548 Audita
1628 1529 1686 1547 mea
1700 1520 1848 1547 calamitate
1861 1520 1914 1546 rari
1928 1525 1996 1545 vxor
2009 1520 2134 1554 exempli,
2150 1525 2178 1547 et

31 1569 129 1596 Lucan.
142 1575 166 1601 5,
172 1575 224 1602 713.
275 1567 399 1593 Formam
412 1562 530 1597 corporis
543 1560 692 1595 exprimere
704 1566 730 1586 et
743 1558 866 1594 effingere
883 1558 973 1586 verbis
993 1558 1072 1586 Auet.
1132 1560 1238 1595 prorsus
1251 1559 1310 1585 talis
1324 1559 1376 1585 filii
1389 1564 1488 1591 mater,
1508 1557 1608 1584 effleuit
1622 1556 1722 1583 oculos.
1768 1557 1834 1582 Nam
1847 1564 1918 1582 caeca
1923 1555 2017 1591 fuerat
2023 1552 2104 1591 facia
2111 1562 2177 1591 prae

32 1605 66 1632 ad
79 1605 178 1631 Heren.
190 1612 219 1637 4,
233 1604 270 1635 64
282 1611 304 1628 c.
312 1609 357 1635 49.
408 1599 464 1626 Cic.
473 1597 504 1624 de
513 1596 605 1624 Diuin.
619 1604 640 1628 1,
655 1603 682 1627 ²3
707 1595 816 1629 Aspersa
825 1600 925 1621 temere
938 1594 1073 1633 pigmenta
1131 1598 1208 1621 nimio
1224 1594 1298 1633 fleti-a.

0 1637 1 1642 ¹
31 1640 63 1667 in
76 1639 163 1666 tabula
173 1639 228 1665 oris
242 1638 412 1664 Lineamenta
423 1632 546 1667 effingere
557 1630 666 1666 possunt.
711 1629 935 1656 Medicamentum
948 1629 1073 1663 effingere
1169 1636 1186 1656 Ε
1194 1636 1211 1656 Ρ
1221 1636 1237 1656 Ρ
1245 1637 1261 1656 L
1272 1637 1282 1656 1
1294 1636 1315 1656 G
1324 1634 1345 1655 0
1354 1649 1363 1661 ‚
1382 1630 1435 1655 ere.
1460 1626 1624 1663 [dmm-ei...]
1645 1627 1706 1652 Plus
1711 1622 1842 1661 fignificat
1855 1632 1928 1660 quam
1939 1622 2075 1659 Affligere:
2094 1631 2178 1659 nempe

32 1674 152 1702 Sei-ibon.
167 1682 218 1701 110.
289 1672 345 1699 Cic.
361 1671 393 1698 de
409 1671 489 1704 Legg.
504 1677 525 1701 1,
537 1669 571 1693 26
602 1666 679 1692 Tum
691 1665 802 1700 speciem
815 1665 852 1691 ita
864 1664 995 1691 formauit
1007 1663 1073 1696 oris,
1084 1670 1121 1695 40
1128 1665 1205 1700 plane
1212 1665 1316 1700 perdere
1329 1671 1352 1691 et
1364 1663 1512 1699 interficere.
1569 1662 1650 1688 Plaut.
1665 1660 1733 1686 Afin.
1748 1668 1775 1692 4,
1791 1669 1814 1691 ε,
1829 1667 1846 1691 9
1877 1660 1965 1692 Quam
1979 1666 2006 1686 tu
2021 1660 2178 1693 propediem

33 1716 64 1736 vt
77 1711 106 1736 in
119 1718 149 1736 ea
161 1708 264 1744 penitus
281 1707 432 1735 reconditos
450 1712 538 1731 mores
556 1700 700 1736 effingeret.
771 1701 861 1727 Mores
874 1700 989 1727 oratoris
1000 1697 1075 1725 effin-
1133 1700 1199 1732 (nisi
1211 1700 1320 1734 quidem
1335 1700 1380 1725 illa
1393 1707 1452 1725 anre
1465 1697 1601 1731 occupaffit
1617 1698 1662 1726 te)
1687 1695 1785 1728 effliges
1799 1694 1852 1720 scio
1861 1713 1870 1726 ‚
1889 1696 1907 1720 i.
1922 1694 2026 1720 occides.
2063 1697 2104 1721 Sic
2116 1694 2177 1721 Nili

34 1745 74 1779 git
87 1744 174 1772 oratio
204 1743 278 1770 Idem
292 1742 324 1769 de
337 1743 411 1769 Orat.
429 1748 456 1773 2,
469 1744 522 1773 184.
594 1737 625 1764 Et
638 1736 669 1762 de
682 1735 774 1763 Diuin.
787 1744 804 1762 2
817 1745 839 1762 c.
851 1743 884 1768 45
914 1735 982 1767 Quis
1001 1734 1073 1760 enim
1133 1734 1228 1768 pedatu
1243 1735 1324 1761 tertio
1338 1742 1431 1760 omnes
1443 1733 1563 1759 efflixero
1579 1731 1616 1757 Id.
1631 1730 1721 1756 Cistel.
1735 1738 1757 1759 2,
1771 1738 1791 1761 ι,
1804 1737 1843 1761 50.
1898 1729 1955 1755 Cic.
1965 1729 2019 1756 Att.
2031 1737 2059 1762 9,
2074 1737 2102 1762 19
2115 1729 2178 1756 med.

34 1789 90 1807 non
101 1780 174 1806 videt
187 1784 213 1805 et
225 1779 324 1805 formas
337 1782 363 1804 et
375 1784 478 1806 mores,
497 1779 524 1800 et
544 1773 684 1806 plerosque
699 1771 778 1797 status
797 1779 826 1796 ac
842 1775 930 1795 motus
948 1767 1072 1801 effingere
1133 1769 1240 1794 Seruius
1258 1768 1344 1795 fllium
1357 1769 1427 1795 misit
1441 1767 1473 1794 ad
1485 1765 1654 1800 effligendum
1673 1765 1845 1798 Pompeium,
1866 1771 1911 1791 aut
1922 1770 1993 1791 certe
2006 1765 2178 1799 capiendum:

32 1823 49 1842 a
63 1814 215 1849 parentibus
228 1813 347 1839 liberos?
417 1810 481 1836 Plin.
495 1807 573 1841 Epist.
588 1814 611 1837 3,
624 1808 649 1836 6,
663 1813 680 1830 2
709 1806 769 1843 Hoc
786 1810 875 1829 tamen
888 1802 990 1835 signum
1002 1805 1071 1835 (ego
1131 1803 1175 1827 vbi
1187 1803 1242 1837 ipsa
1255 1803 1371 1838 oppositio
1386 1803 1498 1833 indicat,
1528 1801 1644 1835 effligere
1662 1809 1710 1826 non
1730 1799 1773 1833 est&
1791 1800 1920 1835 expellere,
1937 1799 1986 1836 fid
2001 1803 2077 1827 multo
2096 1804 2179 1827 majus

33 1857 142 1884 quoque
160 1847 295 1880 intelligo,
319 1845 355 1871 est
372 1844 444 1870 enim
460 1842 575 1868 nudum:
595 1848 643 1864 nec
655 1843 700 1864 aut
712 1839 789 1869 vitia,
803 1837 821 1862 fi
837 1845 889 1870 qua
903 1837 971 1867 sunt,
988 1836 1069 1862 celat:
1085 1841 1120 1868 45
1132 1836 1257 1872 quiddam.
1337 1838 1379 1864 Sit.-
1396 1837 1512 1864 Rabidos
1532 1836 1673 1871 effligimus
1690 1843 1764 1861 canes
1796 1835 1854 1861 Sen.
1870 1835 1901 1862 de
1914 1836 1956 1861 Ira
1969 1844 1987 1865 1,
2001 1844 2034 1864 ις.
2104 1836 2178 1863 Ter-

0 1897 1 1903 *
33 1886 77 1912 aut
87 1882 174 1910 laudes
186 1889 278 1916 parum
291 1879 402 1906 ostentat
408 1883 420 1909 )
440 1875 541 1910 effingit
551 1875 639 1901 senem
652 1871 775 1898 stantem:
794 1871 862 1903 offa,
881 1877 926 1897 etc.
975 1871 995 1897 E
1008 1871 1071 1898 foro
1131 1871 1189 1898 tull.
1204 1871 1264 1899 adu.
1279 1873 1409 1900 Marcion.
1424 1882 1453 1906 4,
1470 1881 1498 1899 12
1524 1882 1553 1898 ex
1572 1873 1705 1908 Euangelio
1724 1870 1852 1897 Matthaei
1864 1873 1890 1902 6,
1904 1879 1913 1896 1
1939 1871 2025 1904 Spicas
2041 1869 2178 1906 decerptas

34 1918 154 1954 Spongiis
167 1915 255 1950 effingi
266 1914 426 1949 Sanguinem
443 1911 501 1938 Cic.
509 1918 558 1945 pro
565 1908 632 1935 Sext.
647 1916 668 1934 c.
677 1914 714 1940 35.
734 1907 872 1943 detergeri:
890 1905 944 1933 vid.
959 1908 1072 1968 Ιιιιεῖἕρ.
1132 1907 1254 1934 manibus
1269 1908 1431 1941 efflixerant,
1448 1912 1468 1935 i.
1482 1911 1654 1938 exn-iumine,
1670 1913 1693 1933 et
1706 1909 1893 1939 contriuerant,
1911 1912 1941 1932 vt
1958 1914 2041 1942 grana
2053 1907 2178 1943 nancisce-

33 1956 58 1984 ᾖ.
70 1956 88 1982 l.
102 1957 133 1981 ir.
147 1954 230 1980 Burni.
243 1951 276 1978 ad
288 1948 368 1977 Ouid.
381 1949 448 1975 Her.
462 1955 506 1978 20,
520 1953 573 1978 134.
608 1944 675 1971 Cato
689 1944 721 1969 R.
734 1943 767 1969 R.
780 1945 825 1977 67,
839 1951 864 1969 2.
899 1940 988 1968 Verba
999 1950 1013 1967 e
1044 1951 1072 1968 n.
1129 1949 1216 1970 remur
1229 1951 1304 1978 Pura,

33 1999 96 2026 gere
113 1987 241 2016 imitando
259 1985 399 2013 conabitur
425 1978 557 2016 Qiinffll.
571 1988 590 2011 1,
604 1987 624 2020 ι.
646 2014 652 2020 ι
695 1978 769 2018 Idem
782 1987 822 2010 10,
836 1987 846 2004 1
866 1977 937 2004 Nam
948 1976 1018 2003 mihi
1031 1977 1072 2003 vi·
1168 1985 1185 2005 E
1195 1985 1306 2006 Fi-'L1c
1320 1984 1343 2005 Τ
1357 1984 1378 2006 ν
1389 1986 1419 2011 s,
1444 1987 1470 2012 a,
1503 1987 1558 2005 um.
1594 1976 1690 2005 Partic.
1726 1973 1871 2009 Percuffics,
1897 1980 1927 2001 vt
1943 1973 2054 2007 restituit
2074 1976 2177 2012 Salmas}

34 2027 112 2053 detur
124 2025 161 2052 M.
172 2022 299 2054 Tullius,
319 2028 401 2056 quum
421 2019 446 2044 se
458 2023 544 2044 totum
558 2015 590 2043 ad
606 2019 784 2042 imitationem
798 2014 961 2041 Graecorum
980 2019 1073 2039 contu·
1089 2020 1121 2046 50
1131 2013 1164 2040 ad
1181 2014 1323 2047 Capitolin.
1337 2014 1365 2040 in
1376 2016 1448 2041 Vero
1466 2023 1487 2040 c.
1503 2023 1529 2047 4.
1587 2014 1668 2040 Etiam
1683 2013 1739 2040 Cic.
1753 2013 1826 2038 Fam.
1843 2019 1883 2043 14,
1895 2019 1914 2043 4
1945 2011 1971 2036 O
1985 2020 2027 2037 me
2041 2010 2175 2045 perditum

36 2062 118 2094 lifl'et,
141 2058 264 2087 effinxisse
283 2057 347 2084 Vim
366 2052 569 2084 Demosthenis,
599 2050 703 2086 copiam
722 2049 853 2082 Platonis,
879 2048 1070 2076 iucunditatem
1130 2057 1173 2075 me
1188 2049 1314 2076 efflie‘mm
1324 2056 1373 2085 pro
1386 2052 1454 2086 vulg.
1473 2049 1601 2076 afflic'tum
1614 2052 1641 2074 in
1655 2045 1822 2082 vetustiffimis
1834 2046 1982 2072 membranis
1992 2056 2008 2072 a
2013 2046 2043 2083 fi
2055 2053 2179 2083 repertum

34 2096 162 2125 Isocratis.
1129 2083 1234 2117 testatur
1247 2086 1302 2112 Ian.
1316 2086 1438 2112 Guilielm.
1453 2085 1486 2111 ad
1499 2085 1581 2111 Plaut.
1596 2083 1697 2110 Cistell.
1712 2091 1736 2114 2,
1749 2089 1770 2115 t,
1788 2089 1827 2114 50.

69 2139 112 2159 EF
121 2139 155 2159 Fl
164 2137 238 2159 c'rv
247 2136 276 2163 s,
292 2136 316 2161 a,
325 2136 378 2154 um.
393 2127 461 2153 Part.
480 2120 645 2158 [οἷπεκαᾶιῐε]
664 2120 720 2147 Cic.
731 2128 780 2154 pro
787 2118 958 2146 Rosc.Ame1-.
968 2126 1004 2154 47
1011 2128 1031 2145 e.
1041 2120 1070 2146 16
1166 2126 1183 2146 E
1193 2127 1209 2147 F
1219 2126 1235 2147 F
1245 2127 1261 2146 L
1271 2127 1279 2146 ι
1290 2127 1336 2148 cr
1346 2128 1372 2147 E.
1394 2119 1463 2146 Adu.
1497 2119 1666 2153 Symmachus
1679 2119 1724 2153 Ep.
1739 2127 1758 2149 1,
1771 2127 1806 2151 90
1828 2115 1929 2143 Είῆὶἐὶε
1941 2116 2062 2151 diligere.
2098 2117 2177 2152 Apul.

37 2168 139 2195 Etenim
151 2167 212 2193 haec
229 2163 344 2192 'conflexa
362 2161 480 2190 arbitror
496 2168 512 2186 a
524 2158 611 2185 Poetis
632 2156 695 2188 eise,
714 2161 744 2182 vt
756 2153 856 2182 efficies
870 2155 972 2181 nostros
983 2163 1071 2181 mores
1133 2155 1199 2182 Met.
1217 2162 1264 2190 5p.
1272 2158 1312 2182 161
1332 2155 1434 2182 Efflie‘te
1448 2162 1556 2190 cupere:
1577 2161 1603 2181 at
1611 2156 1730 2181 Pricaeus
1743 2153 1778 2180 ad
1787 2154 1831 2180 loc.
1846 2154 1938 2178 mauult
1947 2153 2082 2179 Efflifflm.

37 2203 68 2230 in
79 2202 171 2233 alienis
186 2200 311 2236 personis,
328 2198 519 2233 express‘amque
532 2193 677 2227 imaginem
689 2191 804 2218 nostram
816 2191 887 2217 vitae
899 2190 1070 2224 quotidianae
1087 2196 1115 2223 55
1166 2198 1183 2218 Ε
1193 2197 1209 2218 Ρ
1218 2197 1234 2218 Ρ
1244 2197 1259 2217 L
1267 2199 1277 2219 1
1287 2197 1304 2218 c
1315 2198 1337 2218 T
1347 2199 1356 2218 1
1365 2198 1400 2218 M.
1438 2190 1506 2218 Adu.
1542 2189 1737 2225 [ταλαιπώρως]
1778 2189 1951 2221 Vehementer,
1972 2192 2054 2224 inquit
2069 2188 2177 2215 Nonius

3 2220 5 2256 i
35 2238 195 2265 videremus.
229 2235 299 2262 Adde
316 2234 394 2261 Acad.
412 2241 440 2267 4,
455 2237 480 2263 18
499 2240 521 2257 c.
534 2231 552 2257 6
570 2228 663 2256 Visum
681 2227 833 2262 impreffum
855 2224 1025 2261 efficiumque
1038 2234 1070 2254 ex
1130 2234 1157 2259 2,
1172 2231 1229 2257 280.
1301 2227 1385 2255 Plaut.
1399 2227 1494 2262 Amph.
1510 2236 1529 2258 1,
1542 2235 1565 2259 3,
1579 2235 1607 2259 19
1639 2226 1679 2252 Sic
1692 2224 1812 2251 effliclim
1828 2232 1914 2250 amare
1928 2224 2038 2258 perinde
2053 2232 2081 2250 vt
2095 2224 2139 2251 hic
2152 2230 2179 2251 te

34 2281 84 2306 eo,
103 2272 180 2308 quale
197 2272 246 2299 esse
263 2279 317 2298 non
329 2269 415 2304 polset.
474 2280 478 2283 κ
498 2291 505 2300 ,
1134 2262 1254 2290 efflictim
1267 2263 1378 2299 deperit.
1415 2263 1571 2291 Add..1dem
1586 2261 1669 2289 Calin.
1685 2261 1753 2295 prol.
1768 2269 1812 2293 49.
1853 2259 1930 2293 Apul.
1945 2267 1958 2292 5
1973 2269 1996 2294 p.
2012 2261 2052 2286 161
2067 2266 2095 2285 vt
2109 2259 2180 2286 modo

72 2316 88 2335 Ε
98 2315 156 2335 1-Ῥ1
167 2314 213 2334 C'r
223 2313 276 2338 10,
293 2307 359 2334 onis.
379 2305 400 2332 f.
442 2300 620 2338 [iias-imm]
655 2297 732 2327 Au&
748 2298 781 2326 ad
793 2298 893 2326 Heren.
908 2307 938 2333 4,
949 2300 986 2332 64
999 2308 1021 2325 c.
1036 2306 1072 2332 49
1132 2298 1244 2326 vidimus
1263 2302 1291 2326 in
1310 2298 1421 2326 Effliete.
1479 2300 1559 2325 Etiam
1578 2296 1738 2331 Pomponius
1758 2303 1781 2322 ct
1801 2294 1929 2322 Laberius
1949 2296 2016 2331 apud
2034 2295 2107 2322 Non.
2124 2295 2142 2322 l.
2154 2304 2178 2322 c.

35 2343 140 2372 Effioio
152 2343 197 2376 est,
215 2351 295 2377 quum
307 2340 464 2376 exprimitur
477 2345 503 2366 et
515 2336 650 2372 effingitur
665 2335 776 2369 verbis,
791 2335 912 2371 corporis
925 2335 1072 2370 cuiuspiam
1132 2334 1257 2363 Efflifflm
1272 2344 1376 2368 amare,
1392 2338 1412 2362 ι’.
1423 2334 1531 2370 perdite,
1544 2333 1670 2360 dixerunt.

34 2380 137 2412 forma,
157 2377 243 2414 quoad
257 2377 316 2404 satis
329 2377 359 2404 sit
371 2375 404 2403 ad
416 2373 627 2409 intelligendum.
1081 2375 1116 2400 60
1172 2376 1189 2397 E
1201 2377 1217 2397 Ρ
1227 2377 1267 2398 Ρι.
1278 2377 1289 2397 ι
1299 2377 1394 2403 CTO,
1421 2375 1474 2396 are.
1512 2369 1578 2396 Idem
1597 2376 1668 2405 atque
1689 2365 1803 2402 Afflifio.
1854 2366 1935 2393 Plaut».
1953 2365 2033 2393 Stich.
2053 2376 2083 2401 4,
2102 2375 2129 2400 2,
2146 2368 2179 2393 26

71 2422 88 2442 E
97 2422 137 2442 ΡΡ
147 2423 156 2441 1
165 2421 186 2442 G
195 2422 204 2440 1
213 2420 230 2441 E
240 2421 269 2446 s,
294 2412 329 2440 ἓί.
355 2412 375 2439 f.
411 2411 571 2445 [ὶκμοιγεῖον,
588 2409 719 2444 ἐμφέρεια,
737 2407 912 2442 ἔκσφριίγισμοι
978 2407 1072 2442 Figura
1133 2407 1199 2434 Non
1211 2413 1240 2433 tu
1253 2407 1309 2438 scis,
1323 2415 1403 2441 quam
1416 2404 1577 2432 effliEientur
1588 2404 1710 2431 homines
1720 2403 1799 2430 ιιυὲὶιι
1815 2402 1874 2429 heic
1887 2403 1915 2428 in
1928 2402 1981 2428 via.

34 2451 69 2478 ad
80 2453 162 2478 vinam
174 2451 276 2477 alterius
282 2446 479 2482 similitudinem,
500 2447 540 2471 vel
550 2444 584 2471 ad
597 2447 716 2471 veritatis
728 2446 857 2479 imaginem
874 2440 915 2476 effi
942 2450 967 2474 α,
982 2444 1072 2468 tamin
1168 2449 1185 2469 E
1194 2448 1210 2468 Ρ
1220 2448 1260 2468 ΡΙ,
1271 2448 1290 2468 o
1299 2460 1308 2475 ,
1333 2445 1384 2468 are.
1421 2440 1572 2475 [ἐκφυσοὶω]
1610 2439 1733 2476 Spirando
1753 2442 1873 2465 emittere.
1908 2439 1975 2464 Plin.
1986 2446 2028 2470 34,
2043 2446 2067 2469 13
2088 2436 2179 2463 Leuis-

3 2485 5 2489 ’
33 2485 153 2522 pisturis,
174 2494 244 2519 quarm
259 2487 285 2509 in
294 2483 440 2519 scalpturis,
452 2485 490 2507 aie
508 2480 578 2507 Valla
592 2487 614 2512 5,
627 2487 668 2512 43.
719 2478 783 2504 Plin.
798 2487 836 2510 ιο,
851 2486 889 2511 44
906 2477 980 2504 Vnde
993 2478 1072 2513 origo
1132 2477 1194 2504 {ime
1208 2476 1270 2504 haec
1284 2477 1402 2510 efflatur,
1430 2483 1456 2503 et
1469 2477 1559 2506 ocius,
1583 2476 1723 2510 euolatque
1736 2484 1750 2500 e
1764 2473 1926 2500 fornacibus.
1999 2474 2085 2498 Varro
2099 2472 2130 2497 de
2144 2473 2177 2498 R.

35 2520 149 2551 fabulae,
161 2518 297 2545 Diomedis
310 2518 392 2544 socios
405 2517 432 2543 in
445 2524 535 2543 earum
548 2513 646 2550 effigies
659 2519 782 2540 mutatos.
838 2512 942 2545 Effigies
957 2519 983 2540 et
995 2512 1072 2540 fimu-
1132 2513 1163 2540 R.
1177 2522 1195 2543 ι,
1211 2522 1245 2545 12,
1260 2522 1272 2545 3
1304 2511 1533 2547 Praeterea-quod
1546 2511 1578 2537 ab
1596 2511 1648 2537 sole
1663 2516 1720 2536 toto
1740 2509 1783 2535 die
1804 2508 1964 2539 illustratur,
1985 2507 2116 2533 salubrior
2131 2506 2177 2540 est,

37 2556 137 2582 lacrum
150 2554 259 2581 alicuius
277 2553 333 2580 Cic.
346 2554 422 2580 Verr.
434 2560 461 2585 2,
474 2560 517 2585 159
529 2560 550 2577 c.
562 2553 602 2584 65.
671 2549 844 2584 Antiquitatis
859 2547 958 2583 effigies
971 2548 1000 2575 in
1014 2556 1032 2576 x
1041 2556 1051 2575 1
1061 2556 1071 2575 1
1087 2548 1119 2581 65
1134 2547 1208 2583 quod
1224 2555 1250 2575 et
1266 2548 1403 2579 bestiolae,
1415 2547 1432 2573 si
1448 2556 1514 2582 quae
1529 2555 1611 2580 prope
1624 2546 1771 2574 nascuntur,
1791 2548 1835 2568 aut
1849 2543 2015 2578 inferuntur,
2035 2548 2079 2569 aut
2091 2542 2178 2569 efflan-

36 2590 135 2618 rabulis
152 2589 224 2616 Idem
237 2589 268 2616 de
281 2590 354 2616 Orat.
369 2597 388 2619 1,
402 2596 453 2621 193.
523 2588 554 2614 Et
566 2586 595 2612 in
602 2586 675 2612 Orat.
688 2593 704 2618 9
718 2594 739 2612 c.
754 2593 767 2617 3
793 2584 926 2611 PerfeEtae
940 2584 1072 2619 Eloquen-
1132 2590 1177 2610 tur
1191 2589 1235 2609 aut
1249 2584 1384 2610 aritudine
1397 2583 1451 2608 cito
1464 2587 1581 2615 pereunt.
1654 2580 1775 2605 Animam
1791 2576 1878 2604 efflare
1894 2579 1926 2609 <si
1940 2579 2020 2604 Mori.
2056 2578 2114 2604 Cic.
2128 2587 2178 2613 pro

36 2627 90 2653 tiae
103 2627 117 2652 s
131 2626 212 2652 eciem
224 2626 312 2652 animo
325 2624 463 2655 videmus,
482 2621 597 2656 effigiem
615 2620 724 2647 auribus
744 2620 906 2655 quaerimus.
977 2620 1072 2645 Homi-
1132 2619 1229 2646 Milon.
1242 2627 1280 2651 49
1293 2627 1314 2644 e.
1330 2623 1354 2647 18
1373 2619 1460 2650 Qiem
1475 2615 1562 2650 pridie
1575 2614 1641 2642 hora
1653 2614 1731 2641 tertia
1744 2614 1859 2640 animam
1877 2613 2010 2639 efflantem
2023 2613 2179 2647 reliquiffee.

36 2663 78 2688 nis
90 2635 187 2695 efligies
201 2666 227 2687 et
240 2661 326 2694 imago
346 2661 402 2685 Cic.
417 2658 448 2684 de
461 2658 498 2684 N.
512 2659 543 2683 D.
559 2666 579 2688 1,
596 2666 644 2689 104
657 2665 679 2682 c.
696 2663 736 2690 37.
808 2653 912 2688 Effigies
924 2654 1072 2680 humanita-
1133 2660 1157 2679 et
1171 2653 1239 2686 Nep.
1259 2661 1287 2685 4,
1302 2661 1325 2684 5,
1340 2661 1367 2684 4.
1395 2659 1420 2677 et
1431 2652 1488 2677 huic
1493 2651 1579 2687 s‘ssstst
1595 2650 1720 2676 accomode
1729 2656 1776 2684 ,per
1791 2652 1878 2674 iocum.
1950 2647 2032 2674 Plaut.
2046 2649 2131 2675 Tiuc.
2149 2659 2179 2683 4,

34 2698 69 2724 tis
82 2703 109 2723 et
125 2696 266 2741 probitatis
279 2697 366 2730 patris
385 2693 457 2719 filius
485 2692 557 2717 Idem
576 2690 608 2716 de
621 2691 678 2716 Fin.
697 2699 722 2720 2,
740 2694 769 2722 58
786 2698 807 2715 c.
828 2694 862 2718 18.
934 2688 995 2714 Liu.
1009 2697 1027 2719 1,
1041 2691 1071 2720 56
1131 2696 1160 2720 4,
1174 2696 1200 2719 23
1219 2687 1324 2713 Efflauit
1343 2688 1398 2721 spes
1417 2686 1541 2713 animam.
1579 2686 1654 2721 Conf.
1674 2685 1730 2711 Cic.
1745 2684 1828 2710 Tusc.
1843 2692 1863 2715 1,
1878 2691 1905 2716 19
1919 2691 1940 2709 c.
1954 2692 1970 2716 9
1990 2684 2021 2710 Et
2032 2690 2108 2719 agere
2122 2686 2179 2710 ani-

35 2733 140 2759 Tulisse
159 2732 257 2758 donum
278 2728 398 2764 Apollini
417 2727 530 2758 dicitur,
559 2733 604 2760 per
622 2724 742 2758 ambages
763 2722 877 2757 effigiem
895 2723 1000 2757 Ingenii
1022 2723 1071 2750 sui.
1085 2730 1121 2758 70
1134 2731 1204 2749 mam
1217 2728 1243 2749 et
1256 2723 1345 2749 efflare
1359 2721 1480 2748 dicimus.
1526 2722 1630 2747 Dicitur
1643 2723 1717 2746 etiam
1730 2719 1823 2746 Efflare
1838 2719 1970 2754 aliquando
1983 2719 2088 2754 absolute
2096 2730 2103 2744 :
2123 2720 2176 2746 vid.

35 2768 106 2801 Lupi
138 2768 203 2793 Plin.
223 2772 252 2798 8,
272 2774 309 2798 19.
380 2763 470 2791 Tacit.
483 2763 551 2788 Anu.
574 2769 593 2793 1,
614 2768 642 2786 10
681 2760 774 2792 Qmm
791 2759 816 2785 se
829 2758 934 2792 templis
946 2763 972 2785 et
986 2757 1073 2792 effigie
1136 2764 1204 2784 EFF
1215 2763 1232 2783 L
1243 2764 1333 2789 ΛΝΒ,
1352 2757 1429 2784 modo.
1496 2756 1641 2788 Colorem,
1660 2758 1678 2782 i.
1692 2754 1829 2790 Deperdere
1858 2750 1960 2781 Lucret.
1978 2763 2003 2787 2,
2016 2760 2066 2787 831.
2120 2755 2177 2782 Cic.

35 2802 187 2830 Numinum
201 2810 246 2836 per
262 2800 402 2832 Flamines,
415 2804 440 2825 et
452 2796 596 2824 sacerdotes
609 2794 661 2822 coli
675 2795 762 2821 vellet.
813 2794 895 2820 Cerea
916 2794 1072 2821 Hor.Serm.
1134 2793 1217 2819 Tusc.
1233 2801 1259 2825 2,
1273 2801 1306 2818 22
1321 2802 1342 2818 c.
1356 2801 1374 2825 9
1400 2802 1429 2818 ex
1443 2792 1534 2823 Poeta,
1571 2790 1703 2818 Frendens
1717 2790 1816 2816 efflauit
1831 2791 1948 2824 grauiter
1961 2795 2109 2817 extremum
2124 2792 2177 2818 Ha—

37 2846 58 2871 1,
79 2843 101 2871 8,
114 2846 154 2870 30.
226 2836 367 2863 Dissimiles
385 2836 532 2861 formarum
559 2831 662 2857 Lucret.
682 2840 710 2864 4,
729 2838 786 2862 ¹04·
855 2830 966 2855 Honora
985 2827 1072 2863 effigie
1134 2827 1221 2854 litum.
1291 2828 1357 2854 Plin.
1373 2836 1399 2860 9,
1412 2827 1485 2862 6fin.
1516 2827 1571 2853 Ora
1590 2826 1699 2853 balenae
1721 2826 1817 2853 habent
1837 2827 1864 2851 in
1887 2825 2035 2853 frontibus:
2061 2822 2179 2861 ideoque'

35 2874 147 2901 caelatus
160 2872 265 2907 clypeus
292 2871 338 2897 Sil.
359 2875 383 2903 8,
400 2871 453 2902 386.
524 2865 696 2897 Indiscretae,
716 2864 768 2890 vid.
791 2869 1035 2891 INDISCRETV
1047 2870 1070 2890 s.
1133 2863 1234 2889 summa
1253 2871 1321 2898 aqua
1339 2869 1471 2896 natantes,
1496 2863 1525 2888 in
1547 2861 1659 2889 sublime
1678 2861 1794 2889 Nimbos
1813 2861 1908 2888 efflant.
1976 2862 2065 2889 Vitam
2079 2862 2179 2889 efflauit

34 2908 172 2937 Mirabiles
184 2908 268 2937 fama,
287 2906 341 2932 vid.
361 2913 386 2931 M
398 2912 408 2931 1
419 2912 436 2930 R
448 2910 468 2930 o
478 2911 506 2930 R.
562 2900 694 2934 Qninffil.
706 2901 733 2932 6,
747 2908 757 2926 1
778 2900 852 2933 Qtae
867 2899 939 2925 enim
952 2898 988 2925 est
1000 2897 1071 2925 adto—
1088 2903 1120 2931 75
1133 2897 1229 2925 anhelo
1244 2898 1350 2932 peclore
1370 2898 1416 2925 Sil.
1431 2903 1470 2933 17,
1505 2918 1511 2924 .
1548 2917 1555 2923 .
1593 2917 1600 2924 .

37 2945 75 2971 ris
90 2943 218 2976 infantia,
241 2941 289 2977 qui
305 2942 407 2968 Mutam
426 2939 500 2965 illam
519 2936 633 2971 effigiem
650 2936 746 2970 magis,
763 2944 842 2970 quam
860 2934 1009 2961 orationem
1023 2943 1071 2969 pro
1167 2941 1184 2961 Ε
1194 2940 1209 2960 Ρ
1219 2940 1319 2960 FLAN
1328 2942 1357 2967 s,
1377 2934 1453 2960 antis.
1473 2933 1567 2960 Partic.
1603 2930 1746 2967 [ἐκφωνῶν]
1784 2932 1839 2959 Cic.
1854 2931 1886 2958 de
1898 2928 1993 2958 Diuin.
2009 2941 2030 2964 1,
2045 2934 2092 2959 106
2104 2942 2125 2960 c.
2141 2940 2178 2968 47

37 2980 63 3007 se
75 2985 146 3014 putet
163 2978 327 3005 locuturam?
399 2976 491 3002 Sacrae
511 2972 605 3000 diutim
633 2972 708 3007 Virg.
723 2972 787 2998 Aen.
807 2979 828 3002 3,
849 2975 901 3003 148.
972 2970 1071 2997 Torua
1131 2970 1225 3005 Aquila
1234 2970 1383 3031 Jb‘ripentem,
1402 2979 1417 2996 α
1425 2970 1454 3005 fi‘
1468 2971 1639 3001 vulneratum,
1660 2968 1760 2994 Abiicit
1774 2968 1903 2994 efflantem
1918 2975 1943 2994 et
1958 2968 2099 2994 laceratum
2113 2968 2178 2994 affli-

37 3015 99 3042 Stat.
113 3015 175 3042 Silu.
188 3023 217 3047 4,
230 3016 256 3046 6,
269 3021 308 3047 50.
363 3010 440 3038 Vasta
460 3010 548 3036 Valer.
560 3010 659 3043 Argon.
673 3014 696 3040 5,
711 3014 766 3039 232.
821 3004 974 3033 Veneranda
996 3006 1069 3032 Idem
1084 3013 1085 3016 ¹
1133 3005 1172 3039 git
1185 3006 1212 3031 in
1226 3014 1260 3032 vn
1281 3014 1304 3032 a.
1373 3005 1508 3031 Efflantem
1521 3014 1575 3030 cnm
1584 3004 1842 3040 sanguinespiritum.
1876 3005 1919 3030 An
1934 3006 2046 3030 imitatus
2061 3002 2092 3036 est
2114 3004 2177 3030 Stat.

39 3049 135 3084 Argon.
149 3058 171 3083 5,
184 3054 238 3079 208.
308 3047 417 3074 Caelare
431 3044 530 3080 effigies
546 3044 593 3071 Sil.
609 3051 647 3078 17,
659 3051 721 3078 402.
791 3041 942 3076 Compleffi
955 3040 1069 3076 effigiem
1130 3040 1223 3067 Theb.
1237 3043 1311 3073 8,168
1329 3040 1507 3067 Interne&ere
1523 3040 1637 3066 efflantes
1652 3039 1748 3074 plagas,
1766 3042 1786 3065 i.
1799 3039 1902 3074 alligare
1915 3039 2017 3065 vulnera
2030 3046 2139 3065 cruenta.

41 3085 146 3111 alicuius
159 3085 187 3111 in
200 3093 265 3112 auro
292 3082 373 3111 Ouid.
388 3081 475 3109 Trist.
494 3089 515 3112 1,
535 3082 560 3111 6,
580 3087 606 3114 7.
675 3078 849 3105 Conformata
867 3077 976 3103 caminis
1007 3077 1069 3103 Stat.
1082 3081 1115 3107 80
1140 3101 1143 3106 ,
1168 3083 1184 3102 Ε
1195 3083 1211 3103 Ρ
1221 3083 1237 3103 Ρ
1247 3083 1263 3102 1,
1273 3083 1295 3103 Α
1305 3083 1325 3102 T
1335 3082 1395 3108 vs,
1421 3084 1445 3109 a,
1462 3084 1518 3102 um.
1554 3075 1646 3102 Partic.
1681 3075 1788 3101 Sueton.
1804 3073 1912 3109 August.
1925 3082 1946 3099 c.
1959 3082 2006 3100 100
2025 3074 2094 3101 Ante
2108 3074 2175 3101 effla—

42 3119 105 3147 Situ.
118 3128 136 3151 1,
149 3129 167 3153 1,
179 3129 208 3154 4.
264 3119 339 3154 Virg.
352 3118 405 3145 Ecl.
420 3122 441 3148 Β,
454 3124 486 3151 75
508 3115 620 3150 Terque
633 3113 695 3141 haec
708 3114 801 3140 altaria
815 3113 914 3139 circum
950 3110 1069 3147 Effigiem
1130 3116 1185 3138 tam
1200 3112 1325 3138 animam.

43 3154 126 3181 Duco.
194 3154 249 3182 Cic.
261 3155 343 3181 Tusc.
356 3163 379 3187 3,
393 3162 404 3186 3
425 3151 648 3186 eonsec'taturque
662 3149 763 3176 nullam
776 3149 942 3175 Eminentem
954 3147 1070 3183 effigiem
1169 3153 1185 3173 Ε
1195 3154 1211 3174 Ρ
1220 3153 1236 3174 Ρ
1245 3154 1261 3173 ι.
1270 3154 1293 3174 Α
1302 3152 1323 3172 T
1332 3153 1390 3177 vs,
1410 3145 1450 3179 us,
1473 3155 1510 3174 rn.
1547 3145 1791 3179 Sen.Nat-.Q1aest.
1805 3153 1831 3177 9,
1846 3151 1869 3177 5,
1883 3152 1913 3177 14
1928 3141 2115 3171 subterraneae
2127 3151 2173 3169 nun

41 3189 162 3222 virtutis,
178 3191 219 3217 sed
239 3189 419 3217 adumbratam
439 3187 582 3222 imaginem
600 3186 708 3221 gloriae.
779 3184 845 3211 Plin.
866 3191 906 3216 23,
921 3191 938 3218 7
964 3185 1070 3211 Humor
1132 3181 1178 3209 bes
1191 3188 1312 3217 apertum
1323 3181 1355 3208 ad
1368 3182 1416 3209 hos
1429 3183 1527 3209 efflatus
1542 3183 1592 3209 iter
1609 3187 1744 3216 occupant.
1780 3182 1837 3208 Alii
1850 3180 1968 3207 afflatus.

44 3224 116 3250 laetis
134 3225 236 3252 videtur
255 3226 374 3252 effluere:
411 3224 515 3251 siccatus
534 3231 617 3258 quum
637 3222 707 3253 coit,
736 3220 820 3248 thuris
838 3218 953 3254 effigiem
973 3219 1069 3246 Habet.
1169 3224 1386 3250 EFFLATIO,
1405 3219 1474 3245 finis.
1493 3219 1513 3245 f.
1550 3218 1646 3244 Sarisb.
1665 3223 1688 3250 8,
1706 3219 1732 3243 6.

44 3259 181 3287 Ostendere
203 3259 314 3295 effigiem
329 3260 384 3287 diei
396 3260 423 3286 in
438 3260 463 3286 se
492 3259 565 3286 Idem
577 3266 602 3290 2,
618 3265 656 3289 25.
721 3256 881 3291 Relinquere
900 3255 1071 3281 consiliorum
1088 3257 1117 3286 85
1169 3260 1186 3280 E
1196 3258 1212 3280 Ρ
1222 3260 1238 3280 Ρ
1249 3260 1378 3280 1.ΑΜ1Ν
1388 3260 1424 3287 0,
1448 3258 1501 3280 are.
1536 3254 1624 3280 Stellis
1643 3250 1863 3279 efflaminantibus
1895 3251 1934 3277 M.
1947 3249 2051 3285 Capella
2065 3254 2080 3276 2
2093 3257 2117 3284 p.
2129 3255 2174 3283 43.

5 3292 7 3297 ⁸
42 3304 73 3322 ac
85 3295 211 3321 virtutum
226 3296 371 3325 nostrarum
384 3294 498 3330 effigiem
513 3302 602 3320 nonne
620 3292 705 3319 multo
724 3291 802 3318 malle
820 3291 945 3318 debemus
964 3290 1072 3316 summis
1132 3290 1175 3316 Al.
1189 3288 1408 3316 effiammantibus
1421 3289 1487 3325 quod
1493 3288 1575 3325 solum
1589 3286 1683 3315 rebium
1696 3287 1738 3321 est·-

42 3330 159 3365 ingeniis
173 3332 308 3364 expressam
320 3337 346 3358 et
359 3331 485 3366 politam?
519 3329 576 3356 Cic.
591 3337 640 3363 pro
653 3327 732 3355 Arch.
746 3335 785 3359 30.
852 3326 891 3353 Ad
905 3324 1020 3360 effigiem
1033 3326 1072 3352 di·
1168 3331 1185 3351 F.
1196 3331 1211 3351 Ρ
1220 3331 1236 3352 Ρ
1246 3332 1262 3352 L
1270 3331 1290 3351 Ο
1299 3331 1318 3351 R
1327 3332 1343 3351 Ε
1352 3331 1365 3351 S
1373 3332 1390 3352 c
1401 3330 1421 3351 ο
1430 3345 1438 3357 ,
1464 3327 1517 3351 ere.
1553 3323 1695 3358 [ἐξαγὲἑω]
1732 3324 1896 3349 Praeteritum
1903 3320 1981 3356 fiemit
1994 3319 2023 3346 ab
2041 3326 2057 3345 Ε
2066 3326 2083 3346 Ρ
2092 3324 2107 3346 Ρ
2116 3326 2133 3346 L
2142 3326 2175 3347 Ο-

43 3367 143 3396 cimus,
167 3371 212 3399 pro
231 3365 310 3398 Instar
339 3368 434 3394 Auson.
455 3365 580 3392 Parental.
600 3366 626 3391 6.
706 3362 745 3390 Ad
752 3361 868 3397 effigiem
888 3361 1072 3388 Macedonicae
1134 3366 1154 3386 R
1165 3367 1181 3387 Ε
1192 3366 1212 3386 0
1222 3378 1230 3392 ,
1248 3359 1397 3394 otfimilia,
1422 3359 1539 3387 Efflorui.
1580 3360 1663 3386 Flores
1670 3358 1821 3394 producere:
1838 3364 1860 3383 et
1876 3364 1922 3391 per
1939 3357 2126 3382 translationem
2144 3355 2174 3381 de

41 3399 186 3433 chlamydis
207 3400 270 3427 Plin.
284 3409 307 3433 5,
320 3409 356 3428 to.
423 3401 478 3429 Cic.
495 3403 548 3435 Qu.
561 3401 629 3427 Frat.
644 3407 664 3432 1,
681 3407 691 3426 1
706 3398 791 3431 Cyrus
804 3398 851 3424 ille
867 3406 881 3424 a
896 3396 1072 3432 Xenophonte
1133 3395 1186 3422 illis
1197 3396 1268 3423 rebus
1279 3396 1387 3427 dicitur,
1406 3405 1466 3431 quas
1474 3398 1623 3431 prouenire,
1642 3397 1742 3431 augeri,
1759 3396 1908 3419 incrementa
1920 3391 1983 3416 laeta
1995 3390 2097 3423 habere,
2133 3401 2175 3417 au·
2188 3415 2190 3421 ,

42 3446 97 3464 non
111 3436 143 3463 ad
161 3435 284 3462 historiae
302 3435 377 3464 fidem
392 3438 515 3472 scriptus,
535 3436 578 3463 sed
597 3435 629 3462 ad
642 3433 756 3469 effigiem
773 3433 835 3460 iusti
854 3432 970 3468 imperii.
1041 3434 1072 3460 In
1084 3438 1120 3464 90
1132 3430 1224 3458 demus.
1260 3431 1316 3458 Cic.
1329 3431 1362 3457 de
1374 3431 1481 3458 Amicit.
1498 3439 1538 3457 101
1551 3439 1573 3457 c.
1588 3437 1620 3465 27
1653 3430 1681 3457 de
1694 3431 1818 3459 militm,
1837 3428 1912 3459 Qrae
1932 3431 2018 3452 tamen
2032 3425 2085 3460 ipsa
2101 3435 2112 3452 e
2144 3435 2168 3452 o.

43 3471 158 3507 effigiem
174 3469 259 3505 pelagi
272 3471 412 3499 exundabat
424 3473 508 3505 lacus,
528 3475 545 3498 i.
558 3474 586 3498 in
599 3470 693 3497 modum
701 3471 786 3506 pelagi
811 3468 856 3496 Sil.
878 3476 891 3502 5
906 3475 950 3503 pr.
1005 3469 1072 3495 Plin.
1134 3467 1211 3494 rescit
1225 3475 1257 3493 ex
1269 3466 1402 3498 amicitia,
1420 3466 1520 3494 etiamsi
1535 3471 1564 3492 tu
1578 3475 1635 3492 eam
1653 3466 1740 3492 minus
1754 3464 1875 3497 sequutus
1890 3460 1928 3486 fis.
2001 3460 2073 3487 Idem
2088 3461 2173 3488 Tusc-

12 3509 14 3511 μ
43 3516 73 3541 25
83 3517 106 3534 ¹1
127 3508 251 3540 Namque
264 3514 345 3539 quum
355 3506 402 3533 flnt
413 3513 463 3535 tres
476 3507 629 3535 vmbrarum
643 3505 742 3540 figurae
751 3525 759 3537 ‚
778 3504 930 3539 constetque
944 3504 962 3531 fi
975 3513 1022 3539 par
1035 3505 1074 3531 lu-
1134 3509 1158 3535 5,
1170 3510 1198 3537 71
1212 3512 1233 3529 c.
1250 3510 1278 3535 25
1297 3502 1367 3529 Hine
1385 3502 1433 3529 illa
1446 3502 1565 3537 cognitio
1579 3501 1687 3528 virtutis
1703 3499 1804 3530 existit,
1831 3496 1995 3522 efflorescunt
2009 3505 2102 3531 genera
2116 3506 2173 3532 par-

44 3544 112 3571 mini
126 3542 155 3569 sit
167 3540 277 3568 materia
291 3548 355 3574 quae
366 3542 442 3569 iactat
453 3543 589 3575 vmbram,
608 3541 746 3569 columnae
758 3539 845 3575 effigie
858 3540 927 3572 iaci,
947 3549 1005 3571 nec,
1025 3548 1071 3567 etc.
1133 3544 1225 3573 resque
1241 3538 1380 3565 virtutum.
1449 3539 1481 3564 Et
1500 3546 1549 3573 pro
1562 3537 1634 3564 Cael.
1653 3538 1688 3570 76
1704 3545 1725 3561 c.
1740 3541 1764 3566 31
1798 3531 1964 3558 Efflorescere
1976 3533 2077 3566 ingenii
2089 3533 2173 3559 laudi-

45 3579 117 3614 Conf.
131 3577 169 3605 Id.
183 3586 222 3609 21,
236 3584 256 3609 5.
407 3575 428 3614 fl
449 3587 461 3604 2
496 3577 600 3613 Effigies
618 3579 692 3603 etiam
708 3583 756 3612 pro
775 3576 880 3607 Vmbra,
900 3584 999 3602 manes:
1026 3575 1072 3602 Sil.
1134 3572 1192 3600 bus.
1263 3574 1320 3600 Cic.
1333 3574 1366 3600 de
1380 3574 1454 3600 Orat.
1469 3582 1490 3606 1,
1505 3582 1536 3599 20
1549 3582 1570 3598 c.
1584 3575 1602 3598 6
1633 3571 1735 3597 Etenim
1755 3575 1785 3594 ex
1799 3576 1888 3607 rerum
1906 3568 2059 3601 cognitione
2071 3568 2173 3595 efflore-

45 3621 80 3646 13,
94 3621 155 3648 779.
226 3613 267 3639 Sic
280 3611 377 3636 Auson.
390 3611 475 3646 Epigr.
493 3622 525 3646 54
555 3611 688 3647 Effigiem,
706 3620 752 3638 rex
764 3608 876 3644 croese,
895 3616 983 3644 tuam,
1000 3610 1072 3637 ditis·
1085 3616 1117 3643 95
1135 3609 1187 3635 scat
1198 3614 1224 3635 et
1237 3608 1365 3636 redundet
1376 3615 1483 3643 oportet
1502 3608 1599 3635 oratio.
1620 3613 1649 3633 vt
1661 3613 1685 3631 ct
1696 3608 1721 3630 in
1743 3603 1918 3629 Partitmntim
1929 3607 2103 3638 peroratione,
2124 3605 2173 3630 Ex-

45 3649 107 3679 fime
120 3657 227 3684 regum,
245 3647 323 3673 Vidit
337 3645 403 3707 apud
414 3655 496 3674 manes
507 3647 638 3683 Diogenes
651 3648 775 3681 Cynicus.
1135 3644 1232 3678 politae
1244 3645 1303 3670 sunt
1321 3644 1373 3670 tibi
1394 3653 1485 3671 omnes
1501 3643 1634 3670 oratoriae
1652 3639 1823 3674 partitiones,
1842 3647 1908 3673 quae
1928 3638 2037 3673 quidem
2057 3648 2070 3666 e
2084 3639 2173 3666 media

81 3690 262 3714 EFFIGIA,
291 3690 329 3708 ae.
362 3700 368 3708 .
405 3680 562 3718 [ἓκμοιγεῖαν]
598 3683 675 3711 Idem.
709 3683 791 3710 Plaut.
804 3680 873 3709 Rud.
889 3689 915 3713 2,
928 3689 956 3714 4,
971 3688 983 3712 3
1003 3679 1073 3706 Proh
1134 3679 1180 3705 illa
1200 3679 1288 3706 nostra
1306 3678 1445 3706 Academia
1464 3680 1647 3706 effloruerunt:
1678 3678 1695 3701 i.
1714 3676 1833 3700 Exierunt
1851 3680 1875 3700 et
1889 3681 2042 3701 emanarunt.
2113 3674 2173 3702 Post

5 3724 7 3748 ἶ
47 3718 86 3746 dii
98 3717 273 3749 immortales,
290 3716 400 3757 Veneris
420 3714 504 3751 effigia
516 3717 577 3744 haec
593 3717 702 3754 quidem
714 3718 759 3745 est.
831 3716 956 3743 Afranius
970 3715 1075 3749 Vopisc.
1135 3715 1291 3749 Anapaestus
1311 3716 1449 3749 procerior
1486 3715 1574 3741 uidem
1593 3719 1716 3737 numerus
1730 3709 1845 3736 effloruit
1865 3709 1937 3736 Idem
1952 3709 1983 3736 de
1998 3710 2072 3737 Orat.
2086 3719 2108 3750 3,
2122 3715 2171 3742 183.

5 3755 7 3793 ζ
47 3754 111 3789 apud
124 3755 195 3782 Non.
213 3759 236 3786 8,
249 3760 284 3788 77
320 3753 401 3779 Culus
419 3757 444 3777 te
463 3751 561 3779 suscitat
579 3754 684 3789 imago?
704 3754 779 3780 euius
799 3751 902 3787 effigia,
925 3759 979 3786 quo
998 3757 1073 3777 natus
1134 3750 1296 3785 Plenumque
1303 3751 1424 3778 miraculi
1439 3757 1464 3777 et
1495 3758 1526 3775 oc
1540 3747 1637 3782 pariter
1647 3752 1770 3780 Vtrasque
1784 3751 1851 3772 artes
1865 3744 2003 3772 effloruisse
2012 3746 2172 3772 medicinam

6 3803 7 3827 2
48 3789 134 3824 patre?
152 3797 175 3816 et
187 3789 253 3825 apud
263 3789 367 3815 Lucret.
380 3788 509 3822 aliquoties
521 3786 625 3821 Effigiae
632 3792 700 3824 plur.
714 3796 743 3815 vt
755 3798 781 3821 4,
794 3791 839 3822 46.
854 3795 878 3814 et
891 3793 918 3819 83
932 3794 956 3812 et
968 3795 1019 3819 ¹03·
1081 3794 1128 3813 100
1137 3785 1197 3812 dico
1210 3786 1380 3822 magicenque
1400 3787 1466 3812 Plin.
1481 3794 1521 3816 30,
1537 3791 1555 3808 1.
1627 3782 1695 3808 Cum
1710 3787 1797 3808 autem
1817 3781 1876 3807 vsus
1889 3781 2074 3815 progrediens,
2093 3781 2169 3807 fami-

83 3830 259 3856 EFFIGIO,
285 3827 336 3851 are.
379 3822 504 3857 ls'surpant
523 3821 642 3850 Sidonius
663 3824 742 3860 Epist.
762 3826 789 3857 6,
810 3832 844 3850 12.
876 3830 899 3849 et
919 3822 1074 3852 Prudentius
1135 3821 1277 3848 liaritatem
1289 3822 1419 3852 effecerit,
1438 3827 1492 3847 tum
1506 3826 1623 3844 amorem
1635 3817 1796 3844 efflorescere
1813 3823 1924 3847 tantum,
1944 3823 1972 3842 vt
1986 3816 2085 3842 etiamsi
2099 3815 2171 3842 nulla

50 3859 145 3892 Hymn·
157 3861 186 3886 in
196 3861 285 3894 Exseq-
305 3858 421 3887 defun&-
1135 3857 1166 3884 fit
1178 3857 1279 3884 Vtilitas
1292 3866 1324 3883 ex
1341 3856 1458 3884 amicitia
1471 3861 1557 3881 tamen
1570 3853 1616 3888 ipsi
1635 3853 1714 3879 amici
1734 3858 1841 3887 propter
1855 3852 1950 3886 seipsos
1967 3858 2087 3878 amentur
2115 3851 2172 3877 Cic.

85 3901 126 3921 EF
136 3901 246 3922 r1GxA
257 3901 280 3921 ‘r
291 3902 350 3927 vs,
371 3903 396 3926 a,
412 3901 465 3919 um.
483 3892 551 3931 Part.
573 3891 648 3926 Apul.
656 3893 718 3920 Met.
727 3902 749 3920 n
758 3895 849 3928 p.262,
857 3900 891 3928 ²7
910 3893 1011 3920 Vrnula
1028 3908 1075 3914 --
1137 3892 1169 3919 de
1184 3893 1241 3918 Fin.
1256 3901 1276 3924 ι,
1288 3895 1332 3925 69.
1525 3887 1545 3926 ⁴]
1564 3898 1580 3916 2
1618 3888 1665 3916 Sed
1675 3897 1717 3914 nec
1729 3889 1844 3915 Effloreo
1852 3889 1928 3922 plane
1940 3888 2093 3913 inauditum:
2114 3886 2173 3912 Nec

50 3929 125 3956 miris
139 3930 289 3957 extrinsecus
309 3929 450 3956 simulacris
469 3925 590 3961 effigiata.
611 3961 616 3966 ι
661 3930 690 3954 Et
703 3930 777 3963 Apol.
792 3939 816 3963 p.
830 3934 882 3960 282,
897 3934 921 3958 18
942 3929 1073 3963 Imagines
1136 3927 1229 3954 nostris
1247 3928 1366 3954 efflorent
1385 3925 1449 3952 talia
1466 3925 1565 3960 campis
1596 3923 1715 3953 Tertuu.
1726 3923 1760 3951 de
1772 3922 1855 3951 1udic.
1868 3922 1945 3950 Dom.
1959 3931 1980 3948 c.
1995 3927 2018 3952 8.
2036 3925 2064 3947 ni
2072 3921 2109 3955 fit
2122 3922 2173 3952 Cy-

48 3965 129 3992 variis
144 3965 239 3993 artibus
253 3964 390 4000 effigiatae.
459 3963 533 3990 Idem
546 3960 646 3989 Florid.
655 3968 697 3996 pr·
722 3964 847 3990 Truncus
867 3962 1000 3991 dolamine
1019 3963 1074 3994 effi·
1086 3963 1252 4000 105prianut.

49 4001 141 4037 giatus.
207 4002 339 4029 Ammian.
359 4003 403 4034 26,
421 4007 439 4036 7
464 3998 550 4028 Numi
562 3996 672 4033 effigiati
689 3997 725 4034 in,
736 3999 837 4028 vultum
848 3999 986 4036 principia.
1328 3994 1351 4023 R
1372 4003 1386 4024 r
1421 4002 1437 4022 a.
2041 3995 2174 4023 sparvo,
