2479 4225
292 191 367 228 479
677 170 941 213 EXE
1765 159 2033 209 EXE
2340 159 2416 219 480

295 266 358 293 Non
373 264 421 291 tibi
437 271 486 298 ego
501 262 615 297 exempli
628 262 686 289 satis
700 262 779 288 Sum?
847 260 962 291 Propert·
975 264 1000 287 2,
1019 263 1053 289 ις,
1067 263 1098 291 27
1121 254 1246 289 Exemplo
1263 255 1321 281 iun·
1387 255 1498 284 daflores
1516 258 1562 284 alii
1575 268 1585 287 ,·
1619 257 1677 284 hinc
1690 254 1808 292 saffram,
1828 262 1858 282 ut
1874 257 2052 289 memorabilia,
2066 257 2092 295 s.
2111 257 2316 290 ἀξιομνημόνευτα
2339 257 2419 286 onmia

295 301 350 327 ἃδε
365 300 413 325 tibi
427 299 482 325 Sint
498 299 526 324 j„
538 307 628 324 amore
640 297 783 324 columbae,
852 293 906 319 Cic.
921 291 952 316 de
960 292 1064 318 Amicit.
1078 297 1106 321 82
1123 292 1219 317 Carent
1231 291 1321 317 amici·
1387 294 1567 328 exemplorum
1607 296 1701 319 nomine
1739 291 1861 317 interdum
1897 296 2007 320 veniant.
2103 294 2143 320 Sic
2176 293 2275 319 Valerii
2308 294 2359 319 Ma:
2370 293 2419 320 imi

296 336 332 362 tia
347 344 391 369 per
406 335 446 364 se,
465 340 490 360 et
505 339 611 368 propter
626 335 650 359 se
662 332 789 365 expetita,
807 337 853 353 nec
869 327 917 352 fibi
932 328 1054 362 exemplo
1068 328 1138 353 Sunt.
1210 326 1245 352 Ex
1261 327 1321 354 aliis
1389 328 1521 355 diciorum
1534 329 1718 362 fa&01·umque
1732 327 1946 354 memorabilium
1959 328 2051 361 libris,
2071 329 2252 362 exemplorum
2272 336 2354 354 nowen
2368 332 2420 364 qui·
2476 341 2479 356 ς

297 371 402 397 Sumere
421 369 571 404 exemplum
589 368 637 395 sibi
652 369 718 394 Ter.
733 362 840 397 Adelph·
856 370 877 394 3,
890 370 911 394 3,
925 363 964 388 62·
1034 363 1186 396 Exemplum
1205 361 1323 394 Phyllida
1388 363 1445 389 dam
1464 365 1520 390 olim
1535 363 1720 401 praescripsere.
1793 363 1833 389 sic
1851 363 1915 389 Plin.
1928 368 1963 394 28,
1976 373 1992 396 9
2012 365 2075 390 Sunt
2088 365 2158 390 inter
2171 363 2297 398 exempla,
2316 365 2362 398 qui
2376 363 2433 401 asi-7¹
2475 385 2479 394 ,

298 406 373 431 Sume
393 405 479 431 Sabin,
494 405 572 440 Epist,
586 413 608 433 ς,
625 412 658 435 3¹·
729 398 808 425 Ouid.
822 397 898 431 Epist.
916 406 948 430 ις,
962 400 1004 429 326
1023 399 1150 432 Exemplo
1164 397 1255 431 Tangi
1269 407 1323 425 non
1347 401 1361 428 ς
1390 399 1483 425 ninum
1498 400 1535 426 lac
1551 400 1666 427 bibendo
1684 397 1789 425 liberati
1803 399 1861 424 sunt
1881 397 2007 433 podagra,
2026 400 2195 433 chiragraue,
2221 403 2240 426 i.
2253 400 2376 436 scriptum
2390 400 2422 425 le-

297 441 420 475 propiore
439 440 521 475 pote's.
589 437 701 464 Tollere
720 432 866 466 exemplum
883 433 938 459 Cic.
956 434 1027 459 Fam.
1047 443 1069 464 1,
1091 442 1114 465 9.
1183 433 1272 459 Trahi
1291 433 1324 460 ad
1390 436 1485 470 gimus,
1504 437 1598 472 aliquos
1616 436 1729 461 liberatos
1744 432 1831 469 sutſjb.
1900 434 1940 460 Sic
1962 433 2035 461 Idem
2058 443 2085 466 2,
2104 443 2149 460 100
2176 435 2216 460 Est
2232 435 2261 462 in
2279 434 2421 469 exemplis,

296 475 446 510 exemplum
464 475 568 509 leian.
588 473 604 497 l.
624 480 633 497 1
657 472 688 496 D.
708 469 739 494 de
758 468 860 494 constit.
874 469 958 495 Princ.
981 469 1156 495 Transfertur
1173 469 1325 503 exemplum
1391 469 1542 504 prodigium
1556 471 1683 503 Dionysio
1703 470 1824 496 euenisse.
1895 469 2034 496 Inuenitur
2052 470 2120 497 inter
2137 471 2270 504 exempla,
2295 470 2348 496 vid.
2371 476 2418 496 IN·

297 512 331 538 ab
346 511 430 546 dignis
445 517 470 537 et
484 508 583 536 idoneis
596 505 627 531 ad
641 504 764 537 indignos
777 509 802 529 et
816 512 869 529 non
883 503 992 530 idoncos
1008 505 1066 531 Sall.
1080 505 1135 530 Cat.
1151 512 1183 536 51.
1240 505 1322 531 Ouid.
1392 511 1530 532 VENIO.
1602 507 1657 532 Cic.
1673 506 1701 532 in
1714 507 1786 532 Orat.
1803 506 1848 536 169
1869 504 1956 530 Habet
1973 511 2075 538 autem,
2096 512 2123 532 vt
2142 507 2170 532 in
2186 505 2315 532 aetatibus
2333 504 2421 531 aneio-

299 547 362 574 Fast.
378 556 404 580 4,
418 555 465 579 243
485 545 561 570 Venit
574 543 601 567 in
620 539 767 573 exemplum
783 539 860 565 furor
874 538 931 572 hic,
952 540 1098 574 mollesque
1111 539 1225 565 ministri
1261 540 1325 566 Cae·
1391 541 1495 567 ritatem
1509 541 1640 573 senestus,
1661 541 1693 567 sic
1706 541 1734 567 in
1748 540 1875 574 exemplis
1891 540 2050 574 antiquitas,
2070 550 2135 577 quae
2155 541 2263 576 quidem
2280 540 2349 576 apud
2368 549 2421 566 me-

300 583 363 609 dunt
376 582 475 608 iaetatis
488 579 551 605 vilia
564 575 680 601 membra
694 574 785 600 comis.
855 575 911 601 Cic.
928 584 975 609 pro
989 576 1056 602 Sext.
1071 584 1098 607 19
1125 576 1203 601 Nunc
1224 584 1266 601 me
1284 584 1324 602 re·
1343 585 1372 603 10
1391 576 1476 610 ipsum
1495 577 1565 602 valet
1586 577 1738 610 plurimum.
1811 576 1975 602 Monimenta
1996 584 2083 602 rerum
2101 577 2228 611 gestarum
2246 583 2271 603 et
2289 575 2432 603 vetustatis-

301 618 390 645 stimto
399 616 470 643 Viuit
484 621 582 640 mecum
597 610 671 636 simul
687 609 904 644 exemplumsidei
920 610 1048 644 publicae,
1056 611 1204 645 exemplum
1213 611 1326 645 Reipub.
1391 611 1522 645 exempla,
1541 611 1651 638 Oratori
1668 618 1730 638 nota
1744 613 1791 637 effe
1803 611 1898 638 debent
1911 610 1967 637 Cic.
1982 611 2013 637 de
2027 612 2099 637 Orat.
2112 621 2133 644 1,
2148 621 2197 638 201.
2303 612 2422 638 Comme-

301 651 483 680 defendendae.
535 645 722 680 Qiin&.Decl.
737 654 773 676 10,
786 654 798 677 3
817 645 867 671 1110
880 646 936 680 ipso
951 646 1077 680 languore
1100 661 1144 666 —-
1170 655 1248 680 quam
1269 656 1325 680 per·
1391 648 1507 673 moratio
1524 647 1689 681 antiquitatis
1707 647 1941 681 exemplorumque
1962 646 2096 680 prolatio,
2115 648 2213 674 summa
2233 656 2292 673 cum
2312 646 2423 673 delecta-

300 689 355 715 dite
370 686 469 714 mulier,
486 688 511 709 et
524 690 604 716 vsque
618 682 646 707 in
659 681 817 714 exemplum,
834 682 917 707 modo
930 682 1005 716 super
1018 690 1064 708 ora
1077 681 1194 716 pallentis
1208 682 1328 709 infelice·
1391 683 1464 709 tione
1487 688 1514 708 et
1537 682 1721 709 auftoritatem
1743 683 1860 709 orationi
1884 681 1958 708 affert
1982 688 2008 708 et
2029 681 2108 708 fidem
2127 683 2199 710 Idem
2226 683 2253 709 in
2273 683 2347 709 Orat.
2370 690 2421 708 120.

300 722 425 750 lacerabat
438 718 537 750 oeulos,
557 724 602 743 etc.
796 714 817 752 ff
837 725 856 749 4
878 717 1002 751 Exempla
1019 726 1110 752 graues
1125 718 1224 744 Poenae
1239 718 1328 744 dicun-
1392 716 1413 754 q
1433 723 1446 748 8
1472 718 1627 753 Exemplum
1647 715 1680 750 est
1700 727 1753 748 res,
1771 718 1805 744 ad
1820 727 1888 744 cuius
1901 717 2090 751 junilitudinem
2107 719 2158 744 alia
2173 721 2337 753 exprimitur,
2357 716 2424 751 effin-

300 765 354 787 tur,
372 763 437 790 quae
449 754 549 788 possunt
563 751 669 778 caeteris
684 750 843 777 documento
856 753 920 784 esse,
946 753 1041 779 Donat.
1060 753 1094 779 ad
1112 753 1180 779 Ter.
1189 753 1253 780 Eun.
1269 761 1290 786 ς,
1299 762 1327 786 4,
1346 761 1372 788 ις
1392 756 1476 790 gitur,
1496 752 1609 788 efficitur.
1634 752 1817 787 [npmrdrmrm
1832 753 1993 788 ηἰρχέτυπον]
2029 752 2085 780 cic.
2100 752 2132 778 de
2144 754 2246 780 [nuent.
2260 763 2283 785 2,
2297 762 2310 779 2
2335 753 2426 779 Zeuxis

298 802 330 825 24
350 793 423 824 Qiae
436 790 524 815 sutura
537 787 655 821 exempla
669 786 765 812 Dicunt
779 786 806 812 in
819 795 879 812 eum
892 787 1018 822 indigna?
1119 788 1201 815 Plaut.
1216 789 1293 815 Most.
1307 797 1329 822 ς,
1394 788 1429 814 ad
1442 789 1616 821 Crotoniatas,
1636 787 1760 814 Praebete
1780 789 1874 822 igitur,
1891 789 2003 823 quaeso,
2023 789 2127 822 inquit,
2148 797 2179 817 ex
2199 789 2254 815 istis
2274 787 2425 822 virginibus

299 836 317 859 ι,
331 829 365 860 67
390 824 511 858 Exempla
529 823 621 857 edepol
635 823 738 848 Faciam
750 831 799 856 ego
813 823 841 847 in
853 827 888 848 te.
960 824 1028 849 Ter.
1043 822 1151 857 Adelph.
1166 832 1189 857 5,
1205 833 1231 856 1,
1246 833 1274 850 10
1299 830 1328 851 D.
1394 824 1601 856 formofiffimas,
1622 823 1683 849 dum
1697 824 1778 857 pingo
1791 824 1834 856 id,
1852 824 1923 858 quod
1942 823 2075 858 pollicitus
2095 825 2149 850 sum
2167 824 2258 856 vobis,
2275 831 2303 851 vt
2322 830 2424 850 mutum

297 861 446 895 exemplum
466 858 590 885 omnibus
604 866 722 884 curarem
742 865 771 883 vt
786 858 860 883 Effes.
930 857 1004 884 Idem
1017 858 1122 885 Phorm.
1136 869 1164 892 4,
1176 869 1204 892 4,
1217 867 1233 894 7
1252 861 1288 886 Vt
1301 866 1328 887 te
1395 859 1423 885 in
1437 859 1599 886 simulacrum
1618 867 1649 885 ex
1669 858 1778 884 animali
1797 860 1918 894 exemplo
1933 859 2029 886 veritas
2048 859 2226 886 transferatur.
2294 858 2426 893 Quinctil.

296 897 404 931 quidem
424 904 513 922 onmes
532 895 586 925 dii,
603 893 734 927 deaeque,
753 893 856 927 superi,
872 892 954 920 inferi
972 894 1047 920 malis
1066 896 1193 929 exemplis
1212 895 1328 929 perdant.
1397 903 1435 927 10,
1448 903 1472 927 2,
1486 904 1507 922 ιι
1528 896 1650 929 Namque
1665 894 1712 925 iis,
1731 895 1839 927 quaein
1851 896 2000 929 exemplum
2015 895 2180 927 assumimus,
2197 895 2281 921 subest
2295 902 2388 921 natura
2400 898 2426 920 et

297 932 364 959 Gell.
378 934 409 963 6,
428 940 455 963 ¹4
480 930 577 957 Tertia
594 929 663 956 ratio
683 927 834 955 vindicandi
853 928 904 961 est,
930 937 997 963 quae
1015 928 1170 964 παράδειγμα
1187 939 1202 957 a
1223 931 1329 957 Graecis
1340 936 1376 955 20
1395 938 1457 957 vera
1473 931 1535 961 vis;
1558 937 1650 957 contra
1664 929 1750 956 omnis
1768 930 1885 956 imitatio
1903 930 1962 956 ficta
1980 930 2029 961 est,
2050 937 2075 957 et
2090 930 2122 956 ad
2135 931 2250 956 alienum
2264 930 2427 965 propositum

295 967 462 996 nominatur,
489 975 548 992 cum
568 964 688 1000 poenitio
713 970 819 998 propter
836 964 985 998 exemplum
1009 966 1161 998 necessaria,
1188 972 1215 992 vt
1234 967 1330 994 caeteri
1396 966 1616 993 accommodatur.
1670 965 1717 992 sea
1728 972 1815 991 cantra
1830 963 1863 998 est
1875 965 2027 1009 Exemplum
2042 967 2070 992 id
2081 975 2184 1001 quoque,
2203 967 2265 1001 quod
2282 966 2316 992 ad
2327 967 2431 992 alterius
2447 973 2451 976 “

296 1002 425 1030 similibus
438 1011 452 1028 a
467 1001 584 1036 peccatis,
604 1008 670 1035 quae
685 999 823 1034 prohiberi
838 1000 979 1034 publicitus
991 1000 1106 1032 interest,
1125 1007 1196 1027 metu
1209 1002 1330 1036 cognitae
1388 998 1686 1037 fimiiisudinemfafium
1702 999 1742 1034 cst.
1775 1000 1929 1034 [α’ντίτυπον,
1943 1001 2085 1036 and-rimor]
2119 1001 2200 1028 Plaut.
2215 1003 2290 1028 Poen.
2306 1007 2330 1033 ς,
2342 1011 2370 1034 4,
2383 1008 2429 1027 102

296 1046 395 1073 poenae
411 1037 599 1064 deterreantur.
634 1035 735 1061 Idcirco
751 1042 852 1061 veteres
871 1044 978 1070 quoque
995 1036 1077 1062 nostri
1091 1039 1197 1072 exempla
1215 1047 1264 1072 pro
1276 1047 1330 1064 ma-
1397 1036 1423 1063 Ο
1436 1037 1541 1072 Apella,
1559 1046 1576 1064 o
1589 1036 1684 1064 Zeuxis
1702 1035 1801 1070 ρὶὸἲοτ,
1822 1036 1877 1062 Cur
1894 1044 2004 1062 numero
2022 1037 2081 1063 estis
2101 1037 2217 1063 mortui?
2243 1036 2304 1063 hinc
2323 1036 2374 1070 (ab
2389 1036 2431 1063 his

295 1074 375 1101 xlmis
387 1072 592 1108 grauisliniisque
605 1070 695 1105 poenis
707 1070 837 1097 dicebant.
944 1071 1089 1098 Nouiffima
1102 1073 1220 1107 exempla
1238 1073 1332 1100 Tacit.
1396 1073 1556 1107 virginibus,
1581 1082 1642 1108 quae
1661 1072 1818 1107 archetypum
1837 1072 1901 1107 siant
1921 1072 2047 1106 proinde)
2071 1074 2219 1107 exemplum
2236 1078 2264 1098 vt
2279 1071 2429 1106 pingeretis.

295 1110 362 1140 Arm,
376 1117 411 1139 12,
423 1117 462 1139 20,
476 1118 502 1142 4.
531 1110 549 1134 i.
569 1108 657 1135 vltima
665 1106 800 1141 supplicia.
870 1106 991 1133 Recentis
1009 1108 1124 1143 exempli
1137 1115 1224 1136 terror
1237 1109 1330 1136 Claud.
1348 1119 1379 1145 25
1397 1107 1468 1134 Nam
1485 1108 1551 1134 alios
1562 1108 1678 1143 pictores
1691 1107 1759 1133 nihil
1775 1115 1867 1133 moror
1880 1106 1959 1132 huius
1972 1109 2047 1133 modi
2059 1108 2169 1135 trafiare
2182 1109 2310 1142 exempla.
2344 1108 2432 1134 Priore
2446 1117 2450 1127 ι

294 1145 324 1172 in
337 1145 443 1178 Eutrop.
456 1151 479 1176 2,
492 1151 547 1176 547.
619 1142 699 1168 Ouid.
713 1142 776 1168 Met.
790 1150 826 1173 ιο,
840 1143 886 1174 685
1395 1143 1468 1178 versu
1483 1142 1630 1179 fignificat,
1657 1152 1727 1178 quam
1745 1143 1855 1176 Copiam
1871 1142 1942 1168 hodie
1961 1151 2052 1182 vqcanr
2063 1154 2074 1172 ‚·
2102 1146 2180 1170 altero
2198 1144 2275 1179 ipfiim
2293 1141 2448 1177 originale..

594 1177 713 1203 Subitam
733 1184 875 1203 conuertor
895 1178 922 1203 in
939 1177 1021 1209 iram,
1397 1178 1492 1205 Manil.
1513 1187 1547 1212 4,
1568 1184 1611 1211 893
1645 1179 1851 1213 Exemplumque
1869 1178 1917 1204 Dei
1942 1187 2053 1212 quisque
2078 1179 2189 1214 (homo)
2212 1179 2247 1205 est
2266 1179 2295 1204 in
2314 1178 2432 1212 imagine
2449 1203 2451 1205 ,

448 1214 645 1246 Contemtuque
666 1212 774 1244 dolens,
795 1221 827 1239 ne
849 1212 895 1239 sim
915 1211 1060 1247 spernenda
1078 1213 1176 1240 futuris
1398 1222 1489 1248 parua.
1542 1213 1648 1240 Sueton.
1662 1213 1755 1240 Claud.
1768 1222 1829 1240 c.20
1848 1214 2018 1248 Superposuit
2031 1215 2126 1240 turrim
2141 1215 2169 1241 in
2182 1213 2330 1249 exemplum
2350 1214 2431 1249 (quae
2443 1219 2454 1232 n

448 1247 574 1282 Exemplo
589 1248 696 1274 Caueo:
723 1257 817 1282 meque
837 1248 918 1283 ipsam
935 1248 1064 1276 exhortor
1079 1249 1108 1275 in
1122 1249 1222 1276 ambos.
1394 1248 1450 1282 effic
1468 1249 1637 1284 exemplum)
1653 1249 1846 1276 Alexandrinae
1861 1249 1945 1275 Phari.
2001 1250 2042 1276 Sic
2061 1250 2141 1276 Plaut.
2155 1250 2244 1277 Pseud.
2258 1259 2277 1281 1,
2290 1259 2313 1283 2,
2328 1257 2341 1282 3
2359 1249 2432 1276 Nam
2452 1271 2453 1275 ,

296 1285 363 1312 Ter.
384 1291 413 1317 ς,
431 1291 462 1318 7,
481 1292 504 1310 ει
536 1283 654 1317 Vterque
673 1284 791 1317 exempla
813 1284 840 1309 in
861 1290 885 1310 te
905 1283 997 1316 Edent,
1057 1285 1104 1310 Vbi
1119 1286 1252 1316 Donatus,
1271 1285 1328 1312 No·
1346 1294 1379 1319 30
1395 1284 1439 1311 hic
1453 1293 1560 1320 quoque
1573 1285 1721 1319 exemplum
1733 1285 1844 1319 reliquit
1858 1285 1914 1311 eius
1928 1284 2042 1318 symboli.
2092 1287 2199 1321 Nempe,
2217 1293 2247 1312 vt
2261 1286 2432 1322 agnosceretur

293 1329 326 1346 va
345 1329 374 1346 ac
388 1319 455 1346 mira
468 1325 614 1350 tormenta,
636 1327 702 1352 quae
717 1327 765 1352 pro
779 1319 905 1354 exemplis
923 1325 1078 1352 narrantur,
1097 1326 1141 1346 aut
1161 1330 1228 1355 quae
1247 1320 1328 1347 docu-
1395 1321 1547 1356 Symbolum,
1566 1319 1655 1347 relisfla
1668 1324 1749 1357 imago
1768 1322 1841 1346 anulo
1861 1320 1938 1346 eodem
1954 1319 2061 1356 eaprtffa
2072 1330 2083 1349 ,·
2109 1324 2192 1357 itaque
2209 1323 2294 1356 plures
2314 1322 2455 1357 imagines„

292 1362 381 1382 menta
403 1354 451 1380 sint
477 1354 600 1384 caeteris,
625 1362 658 1380 ne
683 1353 854 1388 delinquant,
877 1355 995 1390 exempla
1021 1355 1152 1381 dicuntur.
1224 1356 1279 1382 Cic.
1293 1358 1330 1390 Q
1393 1365 1422 1382 ex
1437 1355 1515 1383 eodem
1528 1357 1617 1389 anulo,
1630 1357 1761 1391 fiulptura
1773 1356 1868 1388 eadem,
1886 1357 2019 1390 expressae,
2032 1357 2096 1391 sunt
2115 1357 2234 1391 exempla
2245 1363 2299 1383 tum
2317 1359 2386 1383 inter
2391 1355 2432 1392 se,

293 1391 376 1418 Fratr.
391 1398 409 1420 1,
424 1398 436 1415 2
457 1389 547 1416 Simile
561 1390 588 1415 in
603 1389 737 1424 superiore
751 1397 822 1423 parte
836 1391 987 1425 prouinciae
1000 1391 1082 1417 Edere
1094 1391 1242 1425 exemplum
1258 1393 1328 1418 seue·
1393 1398 1444 1417 tum
1463 1390 1573 1427 respec‘l'u
1592 1393 1670 1418 anuli.
1726 1392 1797 1424 Huc,
1813 1389 1891 1426 puto,
1910 1394 2012 1427 respicit
2031 1394 2098 1417 iocus
2118 1392 2200 1418 Plauti
2213 1392 2291 1418 Most.
2310 1399 2338 1424 3,
2359 1400 2384 1424 ι,
2398 1393 2434 1426 67

292 1426 378 1453 ritatis
398 1432 466 1451 tuae.
559 1425 631 1451 Caes.
646 1425 709 1451 Bell.
724 1424 791 1450 Gall.
807 1434 833 1457 1,
853 1434 880 1457 32
903 1425 1011 1452 Obfides
1026 1425 1181 1453 nobilissimi
1201 1428 1328 1462 cuiusque
1393 1427 1518 1461 Exempla
1531 1427 1622 1462 edepol
1636 1427 1731 1453 faciam
1745 1435 1794 1461 ego
1807 1427 1835 1453 in
1853 1434 1886 1452 te.
1944 1428 1984 1453 Sic
1996 1430 2106 1453 minatur
2117 1428 2201 1459 herus,
2219 1428 2272 1454 vid.
2284 1436 2309 1453 n.
2323 1437 2351 1460 4.
2387 1425 2435 1454 Sed

293 1461 391 1488 liberos
412 1461 530 1494 poscere,
557 1466 583 1486 et
605 1460 633 1485 in
654 1468 698 1485 eos
717 1460 808 1486 omnia
829 1460 948 1494 exempla
968 1462 1150 1497 cruciatusque
1164 1462 1261 1496 Edere,
1281 1470 1327 1490 etc.
1346 1474 1374 1499 33
1387 1462 1477 1499 firuus
1496 1463 1596 1494 ludens,
1617 1463 1704 1496 Qua,
1720 1466 1819 1498 inquit,
1838 1462 1952 1496 placeo,⁴
1965 1462 2113 1496 exemplum
2130 1465 2245 1498 expetis,
2264 1462 2339 1498 Qafi
2351 1461 2434 1498 sermo

291 1497 369 1524 Plaut.
385 1495 473 1522 Pseud.
488 1504 506 1525 1,
520 1503 543 1527 2,
556 1504 568 1527 3
587 1495 614 1520 de
621 1494 703 1530 seruis
716 1496 802 1526 malis,
823 1495 927 1530 Qiibus
941 1496 988 1522 nisi
1007 1496 1038 1522 ad
1051 1497 1101 1523 hoe
1115 1498 1264 1532 exemplum
1279 1500 1327 1525 Ex·
1393 1497 1449 1532 effer
1463 1498 1491 1524 de
1504 1498 1660 1533 exprimenda
1673 1501 1787 1533 imagine.
1843 1499 1883 1524 Sic
1902 1497 2050 1531 exemplum
2067 1505 2168 1524 vocatur
2177 1506 2241 1533 pars
2254 1501 2358 1529 mercis,
2374 1505 2435 1532 quae

291 1532 395 1567 perior,
410 1540 463 1557 non
477 1530 558 1565 potest
571 1530 690 1564 vsurpari
703 1530 787 1556 vsura.
891 1531 964 1557 Idem
977 1532 1053 1558 Most.
1069 1541 1088 1564 1,
1101 1541 1122 1564 3,
1134 1542 1162 1566 35
1186 1534 1232 1559 Dii
1246 1534 1327 1560 Deae·
1393 1533 1485 1565 datur,
1504 1540 1533 1559 vt
1545 1540 1622 1559 totam
1635 1532 1693 1559 inde
1705 1533 1831 1568 agnoscas.
1886 1532 1986 1559 Auctor
2005 1532 2035 1558 ad
2051 1534 2167 1558 Herenn.
2179 1543 2207 1566 4,
2219 1541 2236 1565 9
2253 1542 2275 1559 c.
2287 1535 2304 1558 6
2332 1532 2360 1559 si
2373 1533 2433 1567 quin

291 1576 342 1600 que
364 1575 454 1593 omncs
478 1575 520 1592 me
542 1565 650 1599 pessimis
672 1565 797 1599 exemplis
814 1565 990 1598 Intersiciant,
1008 1567 1073 1599 nisi,
1095 1574 1141 1594 etc.
1211 1568 1280 1594 Ibid.
1299 1577 1328 1603 55
1394 1576 1537 1603 purpuram
1549 1574 1594 1594 aut
1608 1568 1679 1594 aliud
1693 1568 1828 1602 quidpiam
1841 1567 1972 1600 vendens,
1990 1568 2073 1599 dicat,
2090 1568 2162 1594 sume
2176 1577 2191 1594 a
2204 1577 2247 1594 me
2262 1578 2267 1594 ε
2294 1567 2336 1594 sed
2351 1567 2431 1594 huius

292 1602 362 1628 Perii
376 1601 478 1631 hercle,
497 1601 525 1626 ni
538 1609 587 1634 ego
607 1600 678 1626 illam
700 1600 818 1634 pessumis
836 1601 963 1636 exemplis
978 1602 1096 1628 enicabo.
1168 1603 1249 1630 Ouid.
1264 1606 1328 1631 Met.
1394 1603 1544 1637 exemplum
1564 1603 1667 1629 aliunde
1685 1603 1803 1637 rogabo,
1822 1602 1874 1628 tibi
1893 1603 1963 1638 quod
1983 1603 2131 1629 ostendam:
2159 1604 2185 1629 Si
2204 1611 2302 1630 merces
2319 1602 2366 1638 ipsi
2382 1603 2440 1638 qui·

292 1642 321 1669 ε,
345 1644 385 1670 117
414 1635 536 1661 Finitimi
559 1636 708 1670 exemplum
731 1637 862 1663 Metuunt.
1058 1635 1079 1675 ff
1109 1645 1122 1670 ς
1157 1639 1194 1665 De
1222 1643 1374 1673 virtutis-40
1394 1639 1547 1671 venditant,
1568 1638 1674 1665 aliunde
1688 1638 1837 1673 exemplum
1851 1639 1998 1673 quaeritent
2013 1638 2086 1664 aliud
2101 1639 2217 1670 mercis3
2239 1644 2268 1665 vt
2287 1637 2305 1665 si
2322 1646 2428 1665 aceruos

292 1671 362 1699 laude
380 1671 452 1707 saepe
479 1671 624 1702 adhibetur,
648 1671 719 1705 idque
738 1672 778 1697 vel
800 1671 885 1697 addito
909 1674 1016 1698 virtutis
1038 1674 1144 1699 alicuius
1164 1678 1274 1706 nomine,
1298 1683 1328 1702 st
1395 1676 1420 1701 se
1432 1674 1520 1701 dicant
1533 1675 1617 1701 tritici
1631 1674 1739 1706 habere,
1751 1681 1882 1700 eteorum
1895 1674 2043 1707 exemplum
2059 1683 2147 1709 pugno
2158 1683 2211 1700 non
2224 1673 2344 1705 habeant,
2357 1672 2437 1708 quod·
2462 1669 2466 1676 ⁸

292 1705 476 1740 Ter.Adelph.
492 1714 511 1737 1,
525 1713 543 1735 1,
553 1708 582 1732 65
604 1705 756 1744 Exemplum
770 1706 955 1733 continentiae.
1010 1709 1041 1733 Et
1055 1707 1129 1734 Adel.
1144 1716 1166 1741 ς,
1176 1718 1196 1740 ι,
1210 1717 1222 1742 5
1244 1719 1326 1744 quam-
1393 1709 1543 1741 ostendant,
1564 1717 1609 1736 etc.
1665 1711 1720 1736 Huc
1733 1713 1807 1736 etiam
1825 1709 1921 1744 reseras
1935 1710 1997 1735 illud
2016 1709 2071 1735 Cic.
2084 1719 2133 1744 pro
2146 1710 2213 1736 δοκι.
2228 1718 2256 1743 19
2280 1710 2369 1734 Vnum
2385 1707 2434 1734 ali·
2464 1732 2467 1734 ,

308 1752 360 1768 uam
373 1749 421 1776 per
433 1744 554 1772 ironiam,
577 1740 645 1766 Illud
659 1740 688 1766 sis
702 1740 762 1766 Vide
776 1741 925 1775 exemplum
937 1742 1099 1776 disciplinae.
1154 1744 1195 1769 Sic
1215 1745 1270 1770 Cic.
1294 1744 1327 1771 de
1395 1753 1473 1778 quem
1489 1752 1513 1770 te
1529 1754 1560 1770 ex
1575 1744 1690 1771 barbatis
1703 1745 1771 1777 illis,
1788 1745 1938 1779 exemplunm
1957 1745 2064 1779 imperii
2076 1745 2188 1777 veteris,
2207 1744 2349 1779 imaginem
2368 1743 2436 1770 anti·

316 1783 363 1802 rat.
377 1785 395 1808 1,
410 1784 455 1805 229
475 1775 628 1809 Exemplum
643 1776 818 1802 innocentiae.
878 1777 941 1802 Tum
955 1776 1101 1812 simpliciter
1115 1777 1172 1804 Liu.
1189 1787 1211 1809 3,
1227 1787 1258 1810 43
1277 1780 1326 1805 Vir
1393 1779 1502 1812 quitatis
1533 1792 1582 1799 —-
1617 1780 1717 1805 diceres
1737 1780 1846 1805 intueri.
1909 1780 2063 1814 Exemplum
2082 1779 2167 1817 gustus
2188 1779 2372 1815 {shjpecimen
2389 1775 2435 1812 est,

289 1811 403 1844 exempli
416 1810 483 1836 resti
499 1810 573 1835 domi
586 1811 759 1844 militiaeque.
833 1810 888 1837 Cic.
903 1820 951 1845 pro
964 1813 1033 1838 Sext.
1048 1820 1076 1844 19
1102 1813 1190 1838 Vnum
1209 1813 1327 1847 aliquem
1343 1822 1376 1848 45
1393 1816 1433 1839 cui
1445 1814 1601 1848 respondere,
1620 1816 1638 1839 i.
1646 1813 1728 1846 simile
1743 1813 1785 1846 eſje
1797 1814 1863 1839 debet
1874 1820 1959 1839 totum.
2014 1816 2071 1840 Huc
2081 1816 2164 1850 refero
2179 1816 2242 1841 illud
2252 1816 2319 1841 Ter.
2333 1815 2398 1840 Hec.
2412 1822 2435 1846 1,

290 1852 315 1873 te
327 1854 358 1872 ex
373 1845 489 1871 barbatis
507 1844 576 1883 illj5‚
595 1845 744 1878 exemplum
762 1846 870 1879 imperii
890 1847 1000 1877 veteris,
1021 1847 1163 1881 imaginem
1183 1849 1325 1882 antiquita·
1395 1856 1421 1880 2,
1434 1853 1461 1878 88
1485 1848 1523 1875 Ad
1539 1848 1688 1882 exemplum
1702 1848 1839 1874 ambarum
1852 1856 1939 1873 mores
1953 1857 2043 1874 earum
2051 1850 2224 1883 existimans,
2243 1853 2262 1875 i.
2282 1858 2311 1875 ex
2319 1849 2435 1884 specimi-

288 1883 339 1913 tis,
357 1880 476 1906 columen
497 1878 619 1911 Reipubl.
637 1879 736 1904 diceres
757 1880 867 1906 intueri.
938 1883 1016 1907 Plura
1028 1882 1177 1916 fieppcditat
1195 1884 1325 1915 Qiinful.
1393 1883 1481 1913 nibus,
1515 1893 1557 1909 uae
1574 1884 1655 1908 ambae
1674 1883 1792 1909 dederant
1813 1885 1909 1919 ingenii
1926 1890 1949 1909 et
1967 1893 2068 1910 morum.
2263 1882 2283 1920 fl
2307 1892 2325 1916 9
2361 1882 2437 1918 Qod

288 1916 395 1944 Decl.6.
447 1916 537 1947 Nempe
556 1921 577 1938 c.
592 1921 601 1938 1
622 1913 714 1938 Parum
727 1913 770 1943 est,
785 1914 857 1946 quod
868 1915 962 1940 iuueni
974 1915 1110 1948 singularis
1124 1918 1240 1949 exempli
1252 1919 1327 1943 causa
1394 1917 1463 1942 modo
1484 1893 1513 1942 dg
1531 1921 1627 1952 gemino
1646 1917 1756 1952 respeflu
1777 1918 1897 1951 Exempli
1918 1915 2010 1943 dietum
2030 1918 2080 1950 cll,
2098 1918 2161 1944 illud
2177 1921 2309 1953 inprimis
2327 1918 2361 1944 ad
2379 1921 2436 1945 lite-

289 1952 383 1979 mortis
396 1950 446 1976 fui.
502 1950 532 1974 Et
543 1956 569 1987 '4
595 1947 733 1986 Rariffimi·
745 1949 812 1986 v-itor
825 1948 949 1980 exempli.
1006 1951 1037 1974 Et
1055 1957 1072 1987 7
1099 1950 1255 1982 Exemplum
1275 1953 1326 1977 sae·
1394 1960 1438 1976 ras
1456 1957 1479 1976 et
1491 1951 1591 1985 scripta
1603 1955 1723 1984 pertinet.
1788 1953 1838 1976 Hic
1858 1954 1920 1976 enim
1941 1953 2097 1986 Exemplum
2123 1953 2191 1978 modo
2217 1952 2249 1985 ψ
2268 1953 2435 1988 apomizonos«,

291 1987 352 2014 culi.
405 1987 435 2012 Et
454 1993 475 2010 c.
489 1992 505 2017 9
524 1982 659 2022 Smgulare
671 1982 778 2022 seminis
797 1982 948 2021 exemplum
967 1982 1070 2022 osiendi
1090 1985 1245 2018 nai-rarique
1263 1985 1326 2011 desi-
1342 1993 1374 2018 50
1389 1988 1475 2019 prima
1488 1988 1573 2021 origo,
1593 1984 1670 2015 illud,
1688 1984 1751 2020 quod
1763 1985 1833 2011 hodie
1845 1986 2025 2021 Conceptum‚
2048 1989 2087 2012 vel
2100 1987 2231 2014 Minutam
2243 1993 2331 2015 vocare
2339 1990 2432 2025 solent,

290 2023 372 2049 deras.
429 2021 459 2046 Et
478 2027 506 2045 10
530 2020 586 2045 Iam
601 2027 703 2044 inimici
716 2026 769 2043 met
787 2016 967 2051 triumphant,
987 2026 1039 2043 iam
1059 2018 1145 2052 paslim
1165 2019 1327 2059 loquuntur,
1394 2019 1458 2046 vnde
1469 2019 1566 2055 aliquid
1579 2019 1803 2055 transscribendum
1820 2019 1906 2046 deinde
1925 2024 1966 2053 <ll-
2023 2021 2079 2048 Cic.
2096 2022 2166 2048 Fam.
2179 2031 2211 2056 9,
2231 2026 2265 2050 26
2278 2031 2321 2059 pr.
2351 2026 2431 2054 Accu-

288 2058 337 2085 llla
350 2055 464 2089 exempli
477 2054 573 2080 mulier
582 2073 590 2085 ‚
609 2053 655 2080 illa
674 2053 770 2079 saeculi
783 2051 874 2083 decus,
894 2053 984 2079 virum
1002 2053 1100 2079 redimi
1116 2054 1220 2087 noluit,
1238 2064 1285 2081 nec
1298 2055 1327 2082 si-
1395 2054 1504 2081 bueram
1523 2055 1588 2082 hora
1601 2064 1685 2088 nona,
1705 2064 1763 2082 cum
1777 2055 1809 2082 ad
1822 2061 1847 2082 te
1861 2055 1953 2082 harum
1969 2057 2119 2092 exemplum
2133 2059 2161 2084 in
2175 2058 2306 2086 codicillis
2316 2059 2429 2087 exaraui.

289 2093 356 2120 lium
371 2091 483 2126 sepeliri.
557 2090 667 2124 Denique
683 2097 717 2115 22
740 2088 785 2114 Te
798 2087 916 2122 quidem,
932 2088 1052 2120 iuuenis,
1069 2089 1160 2116 onmia
1173 2091 1273 2117 saecula
1291 2091 1330 2118 lo·
1395 2090 1523 2121 Codicilli
1538 2091 1600 2127 sunt
1613 2091 1765 2127 pugillares,
1781 2091 1920 2128 scriptioni
1936 2094 2112 2120 tumultuariae
2131 2093 2166 2120 ad
2182 2096 2286 2132 menjam
2304 2103 2433 2126 accommo2

290 2133 405 2164 quentur
414 2147 422 2159 ,
440 2132 465 2152 et
479 2124 635 2151 admirabile
649 2123 799 2158 exemplum
811 2124 895 2150 tenaci
908 2124 1052 2151 memoriae
1071 2124 1213 2157 traditum,
1233 2127 1262 2152 in
1275 2126 1330 2161 ipsa
1395 2126 1459 2152 dati.
1515 2128 1546 2154 In
1558 2127 1602 2153 hos
1615 2129 1717 2153 coniicit
1729 2127 1813 2153 Cicero
1827 2129 1929 2159 literas,
1953 2137 1982 2154 ex
1996 2128 2037 2155 his
2054 2132 2081 2154 in
2099 2130 2225 2166 consuetae
2230 2131 2331 2166 formae
2348 2129 2433 2166 episto·
2462 2141 2463 2146 ¹

290 2164 356 2191 astra
370 2162 507 2188 sublimem
528 2162 637 2195 pennata
648 2159 753 2186 viribus
766 2159 842 2187 feret.
917 2160 1022 2186 Pulchre
1043 2160 1098 2186 Cic.
1116 2169 1165 2194 pro
1179 2161 1254 2188 Rosc.
1270 2163 1328 2188 Am.
1346 2166 1375 2193 55
1394 2163 1443 2188 lam
1457 2163 1583 2197 transfert
1597 2162 1724 2188 librarius.
1784 2163 1836 2189 Hic
1848 2166 1930 2199 igitur
1943 2163 2096 2198 Exemplum
2115 2169 2194 2198 nostri
2206 2169 2348 2193 vocauerint
2362 2166 2431 2192 Con·
2476 2179 2479 2191 ‚-

292 2209 308 2227 2
346 2209 367 2225 c.
383 2207 409 2224 10
432 2198 462 2223 In
480 2205 530 2231 qua
543 2195 657 2222 muliere
693 2209 739 2215 ——
773 2194 843 2229 quasi
864 2195 979 2229 exempli
1000 2196 1073 2221 causa
1096 2195 1205 2230 vestigia
1223 2197 1329 2232 antiqui
1394 2202 1514 2231 ceptum:
1539 2198 1693 2232 Exemplum
1711 2197 1775 2224 dicit
1786 2198 1886 2231 Cicero,
1902 2200 1930 2224 in
1942 2207 2058 2234 quantum
2070 2199 2128 2226 inde
2143 2201 2298 2237 describenda
2306 2202 2366 2237 fuit
2384 2203 2432 2237 epi-
2474 2223 2479 2232 .,

291 2207 375 2262 ostien
397 2238 541 2260 remanent.
745 2227 765 2266 fl
792 2232 809 2256 6
844 2231 876 2257 In
894 2230 1052 2291 c‘ij'lciplinis,
1078 2235 1213 2300 etsquoties
1232 2233 1331 2268 aliquid
1387 2230 1465 2266 stola.
1521 2233 1577 2259 Cic.
1591 2233 1623 2260 de
1637 2233 1666 2259 L.
1676 2234 1737 2267 Agr.
1750 2241 1766 2259 2
1786 2242 1807 2259 c.
1822 2241 1855 2259 20
1875 2234 1975 2261 Literas
1989 2234 2019 2261 ad
2034 2236 2082 2261 Cn.
2095 2236 2247 2270 Pompeium
2261 2237 2357 2268 mittet,
2370 2245 2432 2271 quaff
2477 2233 2479 2237 ¹

290 2269 421 2297 docendum
442 2267 483 2298 eli,
503 2265 626 2300 Exempla
642 2264 799 2297 adhibentur,
823 2274 883 2300 quae
918 2267 1039 2297 celarent,
1058 2266 1103 2292 illu
1114 2269 1196 2298 trent,
1213 2269 1327 2303 probent.
1394 2276 1453 2294 rum
1468 2276 1517 2301 ego
1528 2268 1580 2294 iam
1594 2269 1742 2303 exemplum
1756 2268 1788 2295 ab
1801 2268 1856 2295 istis
1869 2269 2040 2303 compositum
2053 2271 2101 2296 esse
2115 2270 2240 2301 arbitror,
2258 2270 2448 2307 i.formulam„.

290 2307 333 2333 Sic
348 2304 403 2331 Cic.
415 2302 468 2330 Off.
484 2311 510 2334 1,
525 2310 542 2337 7
568 2311 590 2327 c.
605 2310 617 2333 3
649 2300 797 2334 Superioris
817 2301 920 2335 generis
939 2301 1093 2328 huiusmodi
1114 2303 1234 2337 exempla
1253 2304 1328 2336 sunt,
1393 2309 1417 2329 et
1431 2304 1506 2329 verba
1522 2313 1593 2330 conce
1612 2311 1654 2337 ta,
1673 2314 1734 2340 quae
1746 2304 1832 2329 deinde
1840 2307 1922 2338 ponit.
1979 2304 2052 2331 Idem
2064 2305 2136 2332 Fam.
2150 2313 2173 2338 ς,
2186 2313 2202 2337 9
2225 2305 2326 2332 Literas
2345 2307 2377 2333 ad
2389 2308 2439 2334 Sex*

290 2341 422 2368 Omniane
440 2336 526 2365 officia
546 2336 661 2371 perfecta
679 2336 744 2369 sint,
761 2342 806 2362 etc.
862 2336 932 2371 Qid
949 2337 1099 2371 exemplum
1110 2337 1149 2371 fit
1163 2348 1178 2365 a
1196 2339 1230 2365 ud
1241 2340 1329 2366 Rheto—
1347 2339 1383 2364 60
1395 2347 1485 2365 natum
1511 2338 1542 2365 de
1562 2348 1589 2365 re
1610 2349 1639 2366 us
1665 2339 1758 2367 nostris
1777 2338 1870 2373 gestis,
1890 2347 1944 2374 quo
1964 2340 2084 2374 exemplo
2102 2340 2142 2374 (i.
2149 2340 2280 2376 formula,
2297 2343 2430 2378 concepto)

290 2386 343 2407 ras,
361 2375 472 2411 disputat
486 2373 626 2406 Qiin&.5,
641 2380 671 2398 ιι.
727 2373 818 2398 Statim
838 2374 914 2398 initio
934 2371 963 2398 de
982 2376 1079 2399 nomine
1097 2373 1162 2409 παρέ
1178 2385 1254 2407 unco:
1274 2377 1328 2408 ait,
1395 2375 1532 2407 miseram,
1550 2375 1621 2402 infra
1636 2374 1687 2402 tibi
1701 2373 1844 2409 perscripsi.
1909 2375 1951 2401 Sic
1963 2375 2020 2401 Cic.
2035 2376 2107 2402 Fam.
2122 2385 2150 2408 4,
2167 2384 2186 2406 4
2202 2381 2243 2410 pr.
2263 2375 2369 2409 Accipio
2383 2385 2426 2402 ex-

291 2412 355 2444 Qio
371 2410 480 2436 nomine
501 2415 526 2434 et
539 2407 698 2442 generaliter
715 2405 752 2432 vsi
773 2407 846 2438 sunt,
873 2407 901 2433 in
918 2408 993 2434 omni
1012 2408 1138 2435 similium
1156 2410 1329 2444 appositione,
1394 2410 1555 2436 cusationem
1568 2416 1654 2441 tuam,
1669 2419 1720 2445 qua
1733 2411 1792 2436 vsus
1807 2419 1844 2442 es,
1862 2418 1908 2436 cur
1921 2410 2022 2444 saepius
2036 2411 2067 2437 ad
2080 2418 2124 2436 me
2138 2409 2228 2436 literas
2241 2418 2295 2436 vno
2305 2410 2421 2445 exemplo

289 2452 314 2473 et
327 2445 471 2481 specialiter
485 2444 512 2470 in
526 2444 573 2474 iis,
590 2451 658 2478 quae
671 2451 761 2470 rerum
774 2442 903 2476 gestarum
917 2443 1073 2470 au&oritate
1086 2445 1215 2472 nituntur.
1271 2446 1328 2472 No·
1395 2444 1503 2471 dediss'es
1519 2457 1525 2472 ι
1550 2446 1592 2472 sed
1611 2446 1713 2480 accipio
1726 2454 1758 2472 ex
1772 2453 1802 2471 ea
1815 2450 1887 2479 parte
1896 2465 1904 2477 ,
1923 2452 2051 2480 quatenus
2068 2452 2112 2472 aut
2125 2445 2301 2480 negligentia,
2320 2451 2362 2473 aut
2376 2448 2424 2473 im·

288 2482 335 2509 stri
349 2479 601 2514 ferefimilitudinem
614 2486 708 2504 vocare
723 2478 892 2511 maluerunt,
911 2479 982 2513 quod
1002 2479 1034 2505 ab
1048 2480 1102 2506 illis
1120 2479 1249 2514 παραέσλῆ
1262 2481 1328 2507 dici·
1394 2480 1527 2515 probitate
1540 2490 1632 2507 eorum
1643 2501 1650 2513 ,
1671 2481 1718 2516 qui
1731 2480 1851 2515 epistolas
1865 2480 2007 2514 accipiant,
2026 2481 2086 2508 fieri
2100 2481 2205 2512 scribis,
2225 2490 2259 2508 ne
2272 2479 2304 2507 ad
2315 2489 2426 2515 nosper-

290 2524 348 2548 tur;
374 2517 423 2543 hoc
439 2516 567 2547 alterum,
584 2515 733 2548 exemplum:
753 2522 912 2548 quamquam
930 2520 956 2541 et
974 2514 1024 2541 hoe
1038 2515 1122 2542 simile
1138 2516 1189 2547 est;
1214 2521 1240 2542 et
1262 2516 1329 2543 illud
1346 2518 1376 2549 65
1394 2516 1522 2542 ferantur.
1558 2517 1633 2542 Illam
1648 2523 1747 2550 partem
1760 2516 1950 2548 excusationis,
1969 2525 2020 2551 qua
2037 2523 2063 2543 te
2075 2516 2168 2543 scribis
2181 2517 2310 2543 orationis
2323 2524 2429 2551 pauper-

290 2552 455 2586 exemplum,
472 2557 518 2577 etc.
570 2549 617 2576 Sed
627 2550 651 2585 s
671 2553 690 2575 6
706 2549 810 2584 fatetur
829 2550 936 2584 proprie
953 2551 1044 2576 vocari
1055 2551 1210 2585 Exemplum
1229 2553 1268 2578 rei
1286 2561 1330 2586 ge·
1395 2557 1463 2583 tate,
1481 2551 1513 2577 sic
1533 2552 1604 2577 enim
1625 2551 1753 2585 appellas,
1776 2551 1864 2577 iisdem
1883 2551 1966 2576 uerbis
1985 2549 2099 2586 epistolas
2120 2552 2221 2586 saepius
2239 2553 2362 2581 mittere,
2385 2555 2432 2579 nee

290 2588 357 2618 stae,
377 2593 421 2613 aut
434 2592 462 2612 vt
474 2585 557 2619 gestae
570 2584 662 2611 vtilem
676 2583 708 2611 ad
722 2584 929 2618 persuadendum
944 2588 1232 2614 commemorationem.
1286 2589 1329 2614 In-
1394 2588 1490 2619 nosco,
1509 2596 1556 2613 nec
1572 2586 1668 2621 probo.
1717 2587 1848 2622 Apparet,
1867 2585 1956 2611 literas
1975 2594 2028 2612 vno
2040 2587 2178 2620 exemplo,
2199 2585 2242 2620 effi
2254 2587 2375 2621 epistolas
2388 2586 2433 2613 iit·
2476 2606 2477 2609 η

291 2622 419 2650 tuendum
437 2621 534 2654 igitur,
558 2626 644 2658 totum
665 2619 748 2646 simile
768 2619 810 2651 fit,
831 2629 864 2646 an
883 2630 914 2648 cx
935 2628 1022 2656 parte,
1042 2630 1088 2649 etc.
1143 2624 1180 2649 De
1200 2623 1329 2657 exemplis
1395 2622 1455 2648 dem
1467 2622 1574 2648 verbis:
1601 2630 1731 2656 verumque
1743 2621 1801 2647 adeo
1815 2619 1866 2654 ςβ,
1884 2621 2032 2655 exemplum
2047 2620 2089 2655 iffi
2101 2621 2177 2652 illud,
2196 2622 2259 2657 quod
2270 2623 2439 2657 Conceptum

290 2660 397 2686 aliarum
416 2658 507 2682 artium
526 2659 677 2688 potentiora
696 2663 723 2679 ea
736 2654 800 2680 dicit
817 2656 890 2690 ipsis,
910 2666 976 2692 quae
997 2658 1150 2690 traduntur,
1170 2659 1270 2684 artibus
1292 2668 1330 2690 10,
1395 2657 1482 2683 dicunt
1497 2657 1583 2689 hodie,
1602 2664 1645 2683 aut
1656 2657 1804 2688 Minutam,
1818 2659 1972 2691 primamque
1986 2656 2045 2682 adeo
2063 2657 2289 2691 perscriptionem.
2342 2658 2434 2685 Exem-

292 2702 313 2726 ι,
327 2702 360 2726 13.
433 2691 497 2717 Plin.
513 2698 537 2722 2,
550 2696 578 2723 17
601 2688 686 2728 Multa
703 2690 793 2727 promi
812 2692 922 2724 amplius
942 2693 1011 2719 circa
1032 2693 1095 2720 haec
1114 2694 1214 2727 possunt
1232 2695 1329 2721 secreta
1344 2703 1378 2730 70
1395 2693 1468 2728 plum
1480 2699 1559 2718 autem
1572 2691 1679 2722 dicitur,
1696 2698 1815 2726 quatenus
1829 2691 1979 2727 intelligitur
1993 2690 2035 2724 effe
2046 2692 2143 2727 aliquid
2153 2692 2271 2726 eifimile.
2312 2692 2440 2730 Sicsaepe'

293 2736 408 2758 naturae,
422 2726 561 2760 legesque,
584 2722 687 2763 quibus⁷
701 2723 753 2762 ipsa
773 2724 876 2750 seruiat.
931 2727 1049 2761 Exempli
1070 2730 1167 2762 gratia,
1186 2729 1214 2755 in
1236 2730 1329 2755 Martis
1395 2729 1508 2760 Cicero,
1531 2737 1556 2754 υ.
1570 2736 1596 2764 g.
1615 2728 1686 2754 Fam.
1699 2734 1726 2761 7,
1742 2732 1767 2757 18
1789 2727 1855 2760 Quis
1868 2726 1932 2752 solet
1949 2727 2043 2753 eodem
2055 2727 2175 2762 exemplo
2188 2728 2274 2762 plures
2286 2728 2363 2760 dare,
2401 2728 2432 2757 ui

293 2764 390 2795 sidere,
407 2763 497 2792 cuius,
515 2767 560 2786 etc.
608 2794 613 2798 ι
633 2757 764 2797 dehh
779 2760 805 2787 6,
818 2767 841 2789 ς,
854 2767 870 2790 9
893 2760 1030 2798 Ciceronis
1047 2764 1089 2789 vel
1106 2773 1157 2788 vna
1171 2773 1219 2797 pro
1233 2765 1329 2791 Cluen·
1395 2766 1440 2790 sua
1452 2772 1530 2790 manu
1550 2763 1664 2790 scribit?
1693 2764 1785 2798 Nempe
1816 2765 1843 2788 ui
1853 2762 1956 2788 librario
1970 2766 2064 2794 utitur,
2084 2773 2159 2790 vnum
2172 2764 2322 2798 exemplum
2341 2767 2365 2790 ei
2395 2771 2433 2798 at,

292 2799 349 2830 tio,
374 2796 520 2832 quamlibet
538 2794 628 2821 multis
647 2793 771 2827 exemplis
785 2793 915 2833 suffecerit
928 2796 1024 2822 oratio.
1127 2798 1183 2824 Cic.
1205 2799 1236 2824 de
1255 2800 1330 2826 Orat.
1393 2799 1575 2834 describendum
1584 2798 1699 2833 saepius,
1717 2799 1758 2824 vel
1770 2808 1785 2823 a
1810 2799 1896 2831 plures
1908 2798 2142 2825 accommodandum.
2194 2800 2225 2825 It.
2238 2808 2263 2832 9,
2278 2802 2304 2826 16
2326 2800 2366 2826 De
2377 2808 2435 2834 quo

292 2843 317 2868 3,
331 2835 375 2860 106
402 2834 477 2866 Qae
493 2829 601 2865 quidem
624 2834 650 2855 te
668 2829 753 2868 Crasse
772 2828 867 2861 v1deo,
888 2830 977 2863 inquit
990 2831 1084 2862 Cotta,
1105 2833 1175 2865 quod
1195 2840 1256 2859 nota
1281 2835 1329 2860 efl'e
1395 2840 1421 2860 et
1434 2839 1462 2859 tu
1475 2832 1544 2858 mihi
1557 2839 1631 2859 antea
1644 2833 1794 2866 scripseras,
1815 2832 1855 2859 bis
1874 2832 1982 2867 quidem
1997 2833 2090 2860 eodem
2104 2834 2238 2869 exemplo,
2258 2841 2286 2861 vt
2303 2831 2445 2870 intellige-‘¹'

293 2869 372 2896 nobis
385 2875 474 2902 putes,
492 2866 544 2893 sine
557 2863 755 2891 definitionibus
770 2870 796 2889 ct
808 2863 859 2890 sine
873 2865 998 2899 exemplis
1012 2865 1134 2892 effudiffe.
1206 2869 1329 2894 Familia·
1347 2875 1379 2902 75
1395 2877 1452 2895 rem
1470 2874 1495 2894 te
1515 2868 1563 2894 esse
1576 2874 1747 2894 commotum.
1817 2869 1848 2894 Et
1869 2877 1906 2900 12,
1920 2878 1949 2900 30
1971 2870 2063 2904 Itaque
2077 2870 2133 2896 noli
2146 2870 2248 2901 vereri,
2266 2878 2299 2896 ne
2313 2869 2365 2896 tibi
2378 2871 2432 2898 sue.-

293 2905 335 2933 ria
347 2903 466 2938 exempla
480 2900 610 2935 QiinCtil.
624 2908 650 2934 7,
664 2908 684 2931 3.
741 2898 877 2926 Mediocre
891 2900 1041 2934 exemplum
1054 2900 1126 2927 Idem
1139 2910 1167 2934 4,
1182 2911 1200 2928 1.
1273 2904 1330 2929 Per·
1395 2903 1557 2935 censuerim,
1577 2902 1648 2937 quod
1660 2903 1752 2929 eodem
1767 2903 1889 2938 exemplo
1905 2904 1936 2930 ad
1950 2913 2008 2937 me,
2026 2913 2079 2939 quo
2092 2904 2122 2930 ad
2139 2910 2270 2936 caeteros,
2290 2912 2336 2932 etc.
2373 2907 2432 2934 Plu·
2476 2922 2477 2932 l

293 2941 413 2976 spicuum
427 2937 576 2972 exemplum
592 2935 647 2962 Cic.
662 2935 694 2961 de
708 2936 808 2961 Inuent.
826 2944 844 2967 1,
859 2941 896 2965 88.
952 2937 1072 2971 Longum
1088 2938 1137 2964 iter
1151 2937 1187 2964 est
1201 2947 1246 2972 per
1259 2947 1331 2973 prae·
1389 2938 1460 2975 scula
1477 2942 1539 2964 enim
1552 2938 1614 2974 flant
1633 2939 1758 2965 Ciceronis
1777 2940 1845 2972 loca,
1866 2948 1925 2974 quae
1943 2939 2007 2966 hanc
2024 2942 2143 2966 rationem
2154 2938 2278 2974 firmant,
2298 2941 2432 2977 diligenter

293 2982 382 3010 cepta,
402 2974 484 3001 breue
504 2979 528 3000 et
541 2971 630 2998 efficax
651 2980 697 3005 per
710 2970 828 3004 exempla
846 2972 904 2998 Sen.
920 2972 964 3005 Ep.
983 2979 1008 3006 7.
1079 2973 1146 2999 Plin.
1159 2973 1236 3007 Epist.
1251 2979 1277 3005 8,
1300 2983 1330 3008 14
1396 2973 1496 3000 conella
1519 2984 1533 3000 a
1555 2975 1581 3001 F.
1597 2975 1628 3001 Ο.
1644 2974 1774 3001 Menkenio
1797 2977 1861 3001 Nou.
1876 2974 1950 3009 Misc.
1964 2974 2031 3009 Lipſs
2046 2984 2074 3006 1,
2087 2984 2117 3008 2,
2130 2978 2156 3000 6.
2213 2976 2293 3002 Etiam
2305 2975 2345 3010 fic
2365 2978 2431 3005 leri.

294 3012 407 3039 Omnem
428 3008 594 3036 Senatorium
613 3015 733 3038 morem,
756 3005 827 3040 quod
850 3006 1022 3033 fideliffimum
1044 3009 1220 3042 praecipiendi
1236 3019 1332 3043 genus,
1395 3019 1420 3036 v.
1443 3019 1468 3046 g.
1494 3009 1639 3036 Florentin.
1666 3010 1683 3036 l.
1696 3018 1730 3042 24
1751 3010 1776 3036 ff.
1796 3010 1850 3043 Qii
1863 3010 1982 3035 Tetiam.
2000 3010 2047 3035 fac.
2067 3010 2127 3043 poss.
2146 3011 2232 3036 Vnum
2248 3011 2430 3039 testamentum
2453 3040 2454 3043 ,

295 3046 423 3080 exemplis
437 3044 606 3071 docebamur.
657 3076 663 3082 ⁶
700 3041 855 3075 Exemplum
869 3042 905 3068 est
918 3043 1029 3068 alicuius
1044 3043 1107 3069 faeti
1124 3051 1167 3070 aut
1181 3044 1246 3071 diui
1261 3054 1332 3079 prae·
1343 3047 1374 3073 80
1396 3045 1515 3080 pluribus
1529 3046 1654 3079 exemplis
1666 3045 1815 3079 consignare
1829 3045 1887 3079 quis
1902 3044 1999 3079 potest,
2018 3044 2098 3079 idque
2114 3045 2247 3072 interdum
2260 3049 2429 3075 necessarium

293 3082 368 3110 'erist
393 3090 451 3108 cum
473 3079 538 3106 certi
561 3077 677 3105 ὃυᾶοῗῑὲ
696 3077 804 3103 ”omine
828 3077 981 3111 Pl'OPOfiflO·
1054 3078 1084 3104 Id
1120 3094 1165 3099 —
1202 3081 1267 3106 Rem
1288 3090 1331 3108 or-
1397 3081 1447 3111 est,
1466 3081 1482 3107 si
1502 3081 1571 3107 forte
1592 3081 1762 3115 nauigaturus
1780 3086 1806 3108 et
1822 3082 1907 3108 secum
1931 3080 2018 3112 ferre,
2043 3086 2069 3106 et
2093 3081 2243 3115 relinquere
2265 3082 2431 3111 indiciorum

294 3119 426 3146 natiorem
441 3116 517 3145 facit,
536 3123 617 3149 quum
632 3112 729 3138 nullius
742 3113 782 3138 rei
796 3113 841 3138 niti
857 3113 992 3146 dignitatis
1007 3115 1079 3140 causa
1096 3115 1214 3142 stimitur.
1251 3117 1331 3150 Aper·
1397 3117 1503 3143 suorum
1519 3116 1682 3143 testationem
1702 3116 1775 3142 velit.
1823 3117 1890 3142 Haec
1908 3115 1975 3142 ambo
1989 3115 2051 3151 sunt
2069 3116 2225 3148 authentica,
2242 3117 2354 3144 ι’σᾶτυπα.
2395 3120 2430 3146 Vt

295 3155 407 3185 tiorem,
428 3161 510 3186 quum
524 3150 566 3182 id,
584 3148 655 3188 quod
670 3147 698 3173 sit
712 3147 863 3180 obscurius,
882 3150 963 3183 magis
976 3149 1121 3176 dilucidum
1136 3150 1222 3177 reddit
1236 3152 1332 3179 Proba·
1394 3154 1474 3187 igitur
1488 3153 1545 3179 haec
1556 3151 1686 3186 certiffima
1693 3151 1767 3186 sunt,
1783 3158 1807 3177 et
1821 3151 1923 3177 conuelli
1936 3150 2000 3176 nullo
2013 3150 2079 3177 modo
2087 3150 2202 3186 poſjimt:
2222 3155 2260 3179 ita
2361 3151 2382 3191 q
2400 3154 2430 3181 ιό

295 3189 421 3216 bilim‘em
431 3208 439 3220 ‚
458 3195 540 3222 quum
555 3193 636 3218 magis
650 3183 808 3210 vcrfiiuilem
826 3184 897 3209 facit.
953 3184 1018 3210 Ante
1033 3186 1123 3211 oculos
1138 3188 1229 3220 ponit,
1247 3197 1329 3222 quum
1395 3196 1443 3213 non
1458 3191 1537 3214 minus
1548 3182 1640 3214 certum
1653 3185 1686 3219 est
1700 3186 1854 3221 Exemplum
1868 3186 1919 3212 dici
1938 3195 1952 3211 α
1966 3186 2090 3217 Ciccrtnc,
2109 3195 2131 3213 et
2145 3191 2246 3222 optimis
2253 3187 2431 3223 scriptoribus,

295 3224 422 3259 exprimit
447 3222 538 3249 omnia
557 3219 705 3254 perspicue,
729 3225 757 3245 vt
780 3228 820 3245 res
840 3219 911 3258 dicia
935 3229 1017 3254 prope
1036 3230 1113 3247 manu
1130 3223 1226 3249 tentari
1248 3223 1329 3257 possit.
1348 3223 1377 3252 85
1396 3223 1439 3248 vbi
1460 3233 1506 3250 nan
1529 3222 1557 3249 dc
1577 3222 1740 3256 Archetypo,
1756 3222 1803 3257 sed
1823 3221 1851 3248 de
1868 3222 1932 3252 illis,
1952 3230 2012 3256 quas
2025 3222 2120 3256 Copias
2144 3233 2270 3255 vocamus,
2284 3223 2429 3259 firmo'qsl.

295 3259 508 3293 Vniuscuiusque
522 3256 622 3291 generis
637 3255 732 3288 singula
748 3254 938 3281 [iibiecisseixiiis
953 3256 1080 3290 exempla,
1094 3257 1151 3289 nisi,
1165 3265 1209 3284 etc.
1253 3258 1331 3286 Auo.
1396 3260 1453 3285 Vet.
1469 3259 1547 3286 Glosl‘.
1564 3258 1729 3292 Exemplum,
1748 3258 1907 3292 ἀντίγραφον,
1925 3255 2064 3290 inhorrui,
2084 3256 2226 3291 ὑπόδειγμα.
2280 3260 2376 3286 Turbat
2389 3262 2429 3286 vi.

297 3294 328 3321 ad
342 3296 458 3321 Herenn.
471 3303 499 3326 4,
512 3297 554 3318 62.
624 3289 774 3324 Adiungei·e
791 3291 909 3325 exempla
929 3291 1006 3317 rebus
1026 3292 1081 3318 Cic.
1099 3292 1132 3318 de
1144 3294 1217 3319 Orat.
1232 3301 1256 3325 1,
1276 3302 1330 3326 190.
1395 3304 1437 3320 ros
1451 3293 1550 3326 dobios,
1569 3293 1634 3329 quod
1644 3294 1702 3319 hacc
1709 3292 1859 3328 putantstbi
1871 3299 2022 3327 repugnare,
2046 3293 2212 3328 Archetypon
2226 3293 2284 3327 esti,
2302 3301 2325 3320 et
2339 3295 2430 3330 Origi-

298 3329 373 3357 Adest
393 3329 561 3363 exemplum,
580 3327 653 3361 vulgo
672 3325 812 3358 dicebatur,
832 3326 874 3352 vbi
889 3328 940 3352 alia
956 3327 1100 3362 probatione
1114 3337 1154 3353 res
1171 3338 1219 3354 non
1238 3330 1330 3365 egebat.
1396 3330 1516 3362 narium,
1536 3339 1565 3355 ac
1577 3337 1655 3356 tamen
1667 3327 1709 3362 effi·
1722 3327 1897 3362 descriptum,
1912 3331 1936 3363 J.
1960 3329 2158 3362 transsmntum,
2178 3336 2220 3355 aut
2240 3330 2367 3364 Copiam,
2387 3332 2431 3357 his·
2445 3339 2453 3351 ·»

302 3365 361 3391 Via.
377 3367 486 3399 Interpp.
505 3362 591 3390 Plauti
603 3361 676 3395 Epid.
692 3370 711 3392 1,
732 3370 752 3392 1,
766 3368 792 3395 7.
899 3362 983 3395 Agere
1001 3363 1141 3396 exemplis,
1167 3364 1220 3389 vid.
1238 3371 1327 3391 AGO.
1395 3368 1458 3391 enim
1478 3364 1559 3391 verbis
1578 3371 1690 3391 utuntur.
1745 3364 1831 3398 Itaque
1851 3372 1904 3388 cum
1929 3362 1991 3388 idem
2013 3374 2095 3390 nomen
2119 3365 2218 3400 respuat
2231 3365 2429 3401 significationes
2451 3357 2453 3370 ’

299 3401 384 3434 Atque
400 3409 489 3426 earum
504 3407 593 3426 rerum
606 3397 755 3431 exemplum
768 3405 798 3422 ex
814 3396 986 3424 similitudine
995 3399 1123 3431 Capiebat
1137 3399 1251 3425 ineuntis
1263 3406 1330 3427 aeta·
1348 3409 1383 3433 90
1393 3406 1573 3436 repugnantes,
1588 3405 1748 3435 propugnant
1759 3397 1787 3424 hi
1800 3405 1848 3433 pro
1861 3398 1906 3424 hac
1913 3397 2110 3433 significatione,
2130 3403 2176 3426 alti
2186 3407 2234 3435 pro
2248 3403 2335 3427 altera.
2381 3399 2429 3428 sed
2443 3400 2453 3431 *l

298 3435 347 3467 tis,
365 3442 410 3461 etc.
446 3436 501 3461 Cic.
516 3434 547 3460 de
561 3432 667 3460 Amicit.
681 3441 710 3465 33,
729 3441 750 3458 c.
767 3440 803 3458 10.
873 3433 945 3459 Idem
960 3433 991 3459 de
1008 3434 1098 3460 Diuin.
1113 3443 1131 3464 1,
1146 3437 1182 3467 64
1201 3435 1330 3462 Diuinare
1394 3443 1475 3470 nempe
1487 3443 1597 3461 neutrum
1610 3435 1694 3461 horum
1706 3433 1732 3468 Ji
1759 3431 1835 3468 zificat
1849 3433 2011 3468 Exemplum,
2025 3442 2048 3461 et
2061 3434 2330 3471 utrumquefignificat.
2369 3437 2428 3464 Suc·
2450 3447 2452 3451 ’

297 3477 385 3495 autem
397 3470 555 3501 morientes,
569 3467 617 3496 in>
630 3468 708 3494 etiam
722 3466 843 3501 exemplo
857 3468 1002 3495 Confirmat
1015 3469 1177 3502 Posidonius,
1190 3477 1234 3498 etc.
1284 3472 1330 3498 Fa·
1394 3478 1481 3497 currat
1498 3470 1629 3506 aliquando
1643 3470 1728 3504 Metap
1739 3469 1826 3504 ysico,
1846 3477 1905 3504 quae
1918 3470 1990 3505 [σερε
2007 3471 2076 3497 nobis
2093 3470 2190 3504 molesia
2209 3469 2250 3503 est.
2306 3473 2428 3498 Neutrum

299 3504 392 3536 cilius,
405 3505 468 3538 quid
484 3504 638 3531 imitandum
653 3503 825 3529 vitanduinue
837 3503 876 3535 sit,
892 3504 1023 3530 Docemur
1037 3506 1329 3539 exemplisSen.Contr.
1387 3505 1413 3540 fi
1440 3505 1518 3541 iificat
1538 3506 1709 3535 formalitcr3
1739 3504 1912 3530 materialiter
1931 3513 2008 3531 autem
2028 3513 2163 3542 utrumque.
2216 3506 2369 3540 Exemplum
2383 3505 2426 3542 est,

1395 3551 1411 3568 v

300 3540 327 3569 6,
343 3546 377 3570 ες.
450 3539 526 3565 Nihil
547 3539 618 3566 re&e
632 3539 684 3565 sine
698 3538 819 3572 exemplo
831 3539 946 3565 Docetur
960 3540 1064 3566 Colum.
1081 3549 1113 3572 11,
1129 3550 1147 3567 1.
1219 3542 1330 3577 Fingere
1428 3545 1528 3610 scussuc
1545 3550 1576 3568 ex
1591 3549 1644 3567 vno
1658 3541 1730 3574 plura
1739 3540 1816 3575 sunt,
1836 3547 1878 3579 aut
1895 3541 2006 3577 cognosci
2020 3541 2120 3577 poſjunt
2135 3552 2142 3566 :
2167 3543 2210 3601 qui
2220 3541 2367 3576 exemplum
2381 3543 2427 3569 ali-

300 3572 481 3613 sibibcxnempla
496 3574 623 3606 Quinem.
638 3584 655 3605 1,
669 3583 690 3607 ς.
762 3574 834 3600 Idem
852 3582 873 3607 ς,
894 3582 910 3608 7
939 3575 964 3601 Si
984 3576 1055 3610 quod
1073 3582 1160 3602 tamen
1178 3578 1327 3612 exemplum
1342 3583 1375 3610 95
1394 3577 1456 3613 quid
1467 3587 1478 3603 e
1500 3587 1510 3603 e
1523 3576 1601 3609 dicit,
1620 3574 1662 3610 effe
1675 3575 1772 3636 aliquid
1782 3576 1841 3601 aliis
1851 3577 1931 3613 =simile
1944 3577 2054 3603 indicat:
2079 3585 2170 3610 exemp
2183 3585 2225 3601 um
2240 3576 2282 3609 est,
2301 3581 2341 3603 cui
2356 3573 2439 3606 aliudss

298 3607 331 3634 ad
354 3614 529 3634 imitationem
548 3609 743 3636 Monstrandum
767 3609 811 3636 est.
881 3610 981 3636 Ponere
1003 3612 1150 3645 exemplum
1171 3622 1201 3639 ex
1224 3613 1330 3641 diuerso
1396 3610 1533 3646 estsimile,
1552 3611 1617 3647 quod
1626 3614 1700 3646 proin
1720 3620 1730 3636 e
1743 3609 1933 3644 viciffimsnm‘le
1946 3611 1977 3645 1st
1991 3613 2059 3639 aliis.
2108 3614 2191 3648 Igitur
2206 3612 2355 3646 exemplum
2367 3613 2427 3639 lite·

299 3642 429 3682 Qninffi'til.
445 3651 462 3673 1,
477 3650 498 3675 ς.
602 3645 699 3671 Ponere
716 3645 835 3679 exempla
857 3653 888 3672 ex
908 3645 995 3680 aliqua
1017 3647 1121 3673 scientia
1140 3648 1255 3675 laudatur
1272 3650 1329 3677 Cic.
1395 3657 1485 3675 rarum
1498 3646 1530 3680 est
1538 3648 1668 3683 formula,
1682 3646 1743 3681 sum
1762 3647 1827 3681 ipsae
1841 3648 1942 3679 literae,
1962 3654 2080 3682 quatenus
2098 3656 2137 3673 eas
2157 3655 2204 3672 non
2218 3647 2294 3683 Jeme!
2304 3647 2425 3683 stri'ptas,

298 3679 327 3705 in
342 3679 442 3712 Topic.
463 3687 471 3703 1
496 3676 638 3719 non-rcfle²
680 3714 685 3718 ι
699 3680 804 3707 Sueton.
819 3681 847 3706 in
860 3680 958 3708 Tiber.
971 3690 1023 3708 c.21
1044 3683 1079 3708 Ex
1094 3683 1189 3717 quibus
1203 3684 1230 3710 in
1243 3693 1329 3711 exem·
1387 3683 1436 3720 sed
1448 3683 1585 3718 descriptas
1602 3685 1688 3713 etiam,
1704 3688 1747 3707 aut
1761 3682 1865 3716 describi
1878 3682 1944 3717 poffi7
1957 3682 2031 3715 adeo,
2047 3682 2206 3718 intelligimus
2220 3693 2227 3707 ;
2264 3689 2347 3709 utrum
2367 3691 2424 3709 uera
2444 3686 2456 3704 ¹¹?

298 3714 372 3749 plum
385 3721 463 3747 pauca
478 3712 537 3738 hinc
550 3712 611 3737 inde
625 3713 727 3752 Subteci
736 3735 744 3746 ,
770 3716 795 3741 h.
809 3726 828 3742 e.
849 3718 951 3752 exempli
964 3718 1044 3753 caiisa.
1114 3719 1328 3755 Vniuscuiusque
1393 3719 1513 3753 deprimo
1525 3718 1630 3752 exemplo
1638 3716 1718 3752 firmo
1726 3716 1778 3750 stt,
1798 3727 1829 3743 an
1843 3717 1870 3743 de
1883 3718 2072 3753 transscriptiss
2092 3716 2154 3743 illud
2158 3716 2238 3752 series
2251 3724 2274 3743 et
2286 3725 2426 3744 contextum
2450 3720 2463 3738 ’ἓ

298 3749 339 3776 rei
352 3748 500 3782 exemplum
509 3747 655 3781 Supponere
668 3749 721 3774 Cic.
730 3749 761 3775 de
770 3752 868 3778 lnucnt.
876 3761 900 3783 2,
909 3754 960 3785 156.
1014 3752 1118 3786 Quibus
1131 3754 1157 3780 in
1172 3754 1251 3781 rebus
1261 3765 1328 3791 opus
1336 3760 1382 3778 100
1392 3754 1519 3780 verborum
1534 3752 1650 3778 declarat.
1702 3753 1763 3778 Dici
1779 3761 1836 3778 vero
1850 3753 2002 3787 Exemplum
2022 3756 2094 3778 etiam
2110 3751 2138 3777 de
2150 3752 2206 3784 his,
2225 3762 2284 3788 quae
2297 3752 2424 3788 descripta
2460 3760 2463 3766 “

295 3784 349 3811 fuit
364 3783 490 3817 exemplis
503 3783 560 3813 Vti,
577 3782 668 3823 nostris
684 3785 809 3818 exemplis
821 3787 856 3812 vsi
871 3788 957 3814 finnus
971 3788 1071 3815 Auditor
1082 3788 1114 3815 ad
1122 3790 1238 3816 Herenn.
1249 3800 1268 3825 4
1281 3799 1326 3828 pr,
1385 3789 1463 3825 sunt,
1483 3787 1715 3813 iamvdcclarabitur.
1785 3788 1840 3814 Cic.
1854 3789 1907 3815 Att.
1920 3797 1947 3821 9,
1962 3797 1985 3820 13
2005 3794 2069 3813 extr.
2094 3786 2188 3813 Habeo
2201 3796 2216 3813 a
2230 3788 2311 3814 Balbo
2325 3788 2426 3822 litera-⁵,>

294 3820 338 3846 vbi
353 3820 398 3846 hoc
415 3817 543 3859 defendit,
568 3816 709 3857 magistrum
728 3819 823 3858 dicendi
841 3821 922 3848 debere
947 3833 973 3850 ea
996 3827 1023 3850 in
1045 3834 1072 3851 re
1092 3833 1140 3850 non
1160 3827 1263 3858 alienis,
1277 3828 1326 3863 sed
1391 3832 1504 3858 quarum
1521 3823 1552 3849 ad
1571 3828 1596 3848 te
1612 3822 1759 3856 exemplum
1782 3823 1848 3850 mifi-
1902 3825 1929 3851 Si
1951 3821 2048 3856 Wl's'sss'l
2063 3823 2264 3862 Auwgrffpbum’
2278 3822 2422 3859 scripyiffit,
2462 3832 2466 3837 '

286 3855 344 3891 suis
360 3856 475 3889 exemplis
494 3859 542 3893 pti.
613 3852 668 3878 Cic.
683 3852 714 3892 de
728 3854 817 3880 Diuin.
834 3864 852 3885 1,
867 3865 897 3887 39
917 3858 1054 3886 Declarant
1073 3859 1118 3886 illa
1138 3861 1246 3895 quidem
1265 3870 1324 3888 affl.
1391 3867 1454 3893 quas
1473 3858 1505 3883 ad
1521 3863 1545 3883 te
1563 3856 1628 3883 misi.
1700 3859 1740 3885 Sic
1753 3859 1804 3884 Att.
1820 3867 1846 3893 7,
1862 3867 1891 3891 23
1908 3865 1970 3885 extr.
1996 3857 2111 3883 Caesaris
2125 3858 2259 3884 literarum
2272 3859 2423 3893 exemplum

293 3899 354 3917 men
365 3891 531 3924 interpretis,
547 3887 590 3914 sed
603 3888 729 3921 exemplis
748 3889 932 3922 grandioribus
944 3894 1031 3921 decuit
1046 3895 1102 3922 Vti.
1265 3894 1286 3934 ff
1306 3905 1323 3932 7
1389 3893 1440 3920 tibi
1455 3892 1521 3919 misi.
1576 3893 1647 3919 Fam.
1662 3900 1684 3925 3,
1698 3901 1708 3925 3
1729 3893 1764 3920 Ex
1779 3895 1811 3920 iis
1824 3894 1920 3926 literis,
1935 3895 2044 3927 quarum
2058 3892 2089 3918 ad
2104 3901 2145 3918 me
2160 3893 2307 3927 exemplum
2323 3893 2424 3925 misisti,

292 3926 350 3952 Cum
369 3924 482 3959 historiis
500 3920 640 3956 dictorum,
653 3921 830 3959 fastorumque
846 3932 949 3954 utantur
963 3936 1010 3964 pro
1029 3932 1145 3966 exemplis
1159 3938 1277 3963 oratores,
1298 3939 1322 3959 et
1331 3940 1375 3966 ιος
1387 3929 1420 3956 sic
1438 3927 1629 3955 intellexeram.
1689 3930 1721 3955 Et
1739 3931 1770 3961 6,
1788 3935 1802 3959 8
1820 3936 1884 3956 extr.
1914 3928 2009 3957 Earum
2028 3927 2166 3955 literarum
2185 3929 2342 3990 exemplilim⁴
2353 3928 2425 3956 infra

2306 3969 2429 3999 criptum*
