2479 4225
50 193 172 249 '1169
481 198 498 238 1
588 197 633 238 N
709 197 755 238 T
1462 171 1485 252 j
1583 195 1600 236 1
1686 195 1729 236 N
1818 199 1864 240 T
2154 223 2235 262 „70

83 284 241 320 Haruspicis
253 268 430 313 didiaeodem
443 286 580 314 intendere
593 285 683 318 videt,
699 293 753 320 quo
767 270 864 321 cupido
877 283 960 310 animi
974 282 1130 310 hortabatur
1187 284 1212 321 s
1225 287 1304 325 (maior
1318 284 1453 320 Propositio
1463 305 1469 315 ,
1490 284 1629 322 &illogismi
1646 284 1759 312 intentio
1781 285 1812 319 cst
1835 290 1963 322 Quinem.
1980 299 2007 325 ς,
2026 303 2066 330 ¹4,
2078 298 2095 323 6
2125 297 2163 325 Ita
2183 299 2236 328 crit

87 320 187 350 Sallust.
202 321 319 355 Iugurth.
347 331 368 348 c.
387 325 438 356 64,
454 332 473 349 1.
567 321 625 348 Liu.
643 330 685 355 27,
705 329 736 354 4²
764 319 892 348 Numidis
909 319 1011 353 paucis,
1036 319 1081 353 qui
1100 320 1128 346 in
1196 329 1280 355 pruna
1300 321 1401 354 (maior
1413 322 1570 356 Propojiiio)
1592 322 1722 354 intentio,
1742 322 1852 350 secunda
1870 327 1988 354 aii'unitio
2008 331 2130 367 (arnor)
2150 337 2225 363 term

86 357 158 386 vallo
175 354 312 392 portisque
328 358 352 383 se
365 358 548 390 ostenderent,
565 357 682 388 reliffls,
703 356 836 390 profe&us
849 356 972 390 Apuliam
988 360 1074 388 petere
1091 356 1129 381 in-
1195 356 1334 382 connexio.
1529 355 1550 393 ’ᾖ
1569 366 1587 390 4
1622 356 1735 384 lntcnfio
1755 357 1856 392 [τόνοι]
1876 367 1947 387 tonus
1964 362 2004 394 ist.
2041 367 2115 394 Aufr·
2131 355 2236 405 pragm'

87 393 187 424 tendit,
213 395 230 419 i.
249 396 276 419 in
291 395 410 429 Apuliam
426 397 521 430 pergit.
593 392 694 420 Sallust.
710 391 822 427 Iugur-th
840 399 861 417 c.
874 398 908 423 92
939 391 1024 429 Qicni
1041 390 1128 417 locum
1196 393 1227 417 dc
1241 391 1338 417 Musica
1357 397 1396 425 ap.
1410 390 1546 430 Censorin.
1567 402 1588 418 e.
1605 401 1629 419 12
1653 394 1778 427 Organon
1793 394 1924 428 quondam
1941 396 2033 426 habuit
2048 407 2098 428 tres
2113 391 2236 433 intenlio:

42 452 44 458 ‚
86 428 188 457 Marius
202 428 300 455 summa
316 429 343 456 vi
362 438 454 464 capere
468 427 591 455 intendit.
686 427 743 455 Cic.
759 428 830 454 Fam.
848 434 873 458 i,
894 433 909 453 2
934 425 1055 451 Proxima
1074 432 1129 453 crat
1154 430 1168 457 5
1196 436 1256 459 nes,
1283 435 1405 460 grauem,
1425 426 1537 453 mediani
1555 433 1580 454 et
1604 434 1714 454 acutani.
1837 429 1911 456 Idem
1926 431 1991 459 ibid.
2019 436 2091 464 Hanc
2110 442 2236 475 ext-epist

25 483 31 485 ,
87 463 224 492 Horteniii
252 465 392 496 sznteutia,
417 474 476 491 cum
503 464 592 498 Lupus
617 462 759 489 Tribunus
786 461 884 497 plebis,
918 461 989 494 quod
1017 462 1070 495 ipse
1100 462 1131 490 de
1195 462 1368 489 intentionem
1383 462 1479 488 Linon.
1516 464 1562 488 Pcr
1581 472 1602 495 s,
1620 463 1684 499 quod
1703 463 1920 500 '‘arulfi-ulumtst.
1956 467 1995 499 Est
2010 477 2088 498 tamen
2107 478 2235 503 mamin-

87 495 215 533 Pompeio
235 500 376 533 reminisci,
400 500 538 527 intendere
556 498 660 533 coepit,
680 505 739 525 ante
762 498 788 524 se
809 501 933 532 oportere
957 497 1131 524 disccss'ionem
1194 498 1277 524 tentio
1299 498 1366 533 apud
1384 498 1439 523 Scn.
1454 497 1515 524 Nat.
1529 498 1634 532 Quieti.
1648 508 1676 531 2,
1689 502 1705 526 6
1723 500 1781 536 jilq.
1806 500 1848 527 vbi
1862 510 1912 528 eam
1926 509 2012 535 notat,
2030 514 2088 541 quae
2106 510 2176 537 hodie
2195 516 2237 540 vit
2260 504 2263 509 .

86 535 183 562 facere.
1196 532 1294 566 elqslica
1307 536 1374 559 acris
1388 533 1491 559 dicitur.

125 577 136 597 1
148 576 168 595 Ν
181 577 203 597 Τ
216 576 233 597 Ε
247 577 268 596 N
281 577 299 597 D
312 578 328 598 Ε
340 578 362 598 Ν
374 578 387 598 S
396 591 404 604 ,
432 571 508 598 entis.
544 569 638 597 Partic.
673 569 688 603 [
701 568 798 595 ἐντείνων
811 569 823 600 ]
876 566 1073 599 Qiinetilianns
1094 577 1132 601 ιο,
1233 577 1239 594 ι
1252 576 1275 595 Μ
1285 575 1306 594 Τ
1317 576 1332 595 E
1342 576 1361 594 N
1371 575 1392 595 T
1402 576 1418 595 E
1427 588 1434 600 ‚
1452 568 1491 594 ius
1500 587 1506 598 ,
1528 568 1616 595 issiine.
1644 569 1711 596 Adii.
1749 569 1878 604 [ἐντόνως]
1912 573 2061 608 Diligenter,
2078 582 2101 603 et
2112 589 2164 606 cum
2176 591 2238 610 cura

89 614 116 637 ι,
137 613 170 638 43
204 607 422 639 Intendentibus‚
448 613 477 634 vt
499 611 618 633 oratores
643 605 713 632 fiant.
807 601 868 629 Liu.
891 611 915 634 1,
934 610 964 637 57
996 605 1058 637 Qio
1073 613 1131 630 cuin
1150 617 1178 635 10
1196 611 1219 630 vt
1233 603 1438 638 animiuluevfionc
1452 604 1577 640 diligenti.
1612 605 1677 631 Plin.
1692 606 1769 640 iipist.
1784 614 1803 638 1,
1818 615 1836 639 4
1861 607 1925 633 Non
1938 617 1980 635 me
1994 609 2101 638 hercule
2115 620 2166 641 tani
2180 626 2237 644 inca

87 641 183 676 primis
198 642 221 668 se
234 642 431 669 intendentibus
445 642 561 669 tenebris
575 640 756 676 peruenissent.
809 637 947 677 Intendcns
961 639 1067 672 palmas,
1079 648 1133 665 ma-
1198 641 1269 671 snnt,
1288 649 1354 675 qnae
1373 648 1431 665 nica
1452 640 1525 672 sunt,
1545 649 1623 674 quani
1645 650 1712 675 quae
1732 647 1795 667 tua:
1825 642 1875 668 hoc
1894 648 1983 671 tamen
1999 644 2142 682 differunt,
2167 654 2238 686 quod

87 686 154 709 nus,
175 677 284 704 brachia
303 678 384 705 Ouid.
400 679 463 705 Met.
477 680 504 711 6,
519 686 576 711 533:
601 681 625 710 8,
640 683 701 711 107:
726 681 750 702 ee
764 672 803 708 1‘0,
816 679 853 708 58.
925 675 1036 709 Vespera
1049 676 1133 702 inten-
1198 676 1327 702 solicitius
1348 681 1373 701 et
1392 675 1518 701 intentius
1532 676 1571 702 tui
1585 685 1626 702 nie
1636 696 1643 708 ‚
1660 686 1739 711 quani
1758 677 1811 703 mci
1825 677 1969 712 excipiunt.
2072 684 2173 713 Audire
2193 688 2239 714 ali-

88 711 165 739 dente
180 713 310 740 Aininian.
324 722 357 746 31,
377 722 406 740 ιι.
520 721 528 727 ‘
1198 721 1275 746 quein
1292 712 1407 743 intente,
1428 719 1455 736 ac
1470 711 1585 737 modeste
1602 712 1732 744 Qiinc‘til.
1747 721 1772 744 2,
1787 721 1811 738 2.
1906 712 2018 751 Compar.
2036 717 2112 746 Λιιᾶὶ,
2128 721 2160 747 ad
2174 723 2239 750 Her,

126 754 167 774 1N
178 755 199 774 T
208 755 224 775 Ε
234 755 254 774 Ν
264 757 277 775 s
287 755 306 774 v
317 756 329 776 s
340 770 348 782 ‚
362 748 413 782 siue
435 754 475 775 1N
484 755 506 775 Τ
516 753 564 774 EN
574 751 597 773 ‘r
608 752 667 780 VS,
687 754 712 779 a,
735 754 800 776 um„
826 743 918 770 Partic.
954 744 1134 779 [ἒν-τεταμένος,
1197 757 1215 780 4
1232 755 1297 774 extr.
1319 747 1378 773 Alia
1391 746 1501 773 meliora
1516 748 1581 777 sunt,
1594 756 1661 782 quae
1675 748 1760 774 inulto
1773 747 1900 775 intentius
1913 753 2026 784 petimus
2040 754 2066 779 in
2082 755 2145 783 vita.
2179 759 2242 794 [Διί.

87 783 191 818 ἔντονος]
227 784 274 811 Sed
293 794 352 811 raro
370 784 499 811 admodum
518 783 635 809 intensus
654 785 776 808 inuenias.
814 781 871 807 Non
889 779 975 807 habent
994 781 1133 821 Virgilius,
1150 792 1178 820 ,¹5
1198 783 1253 809 iliini
1267 782 1400 809 intensius.
1503 783 1594 810 Tacit.
1612 786 1678 809 Ann.
1692 793 1718 816 3,
1737 791 1764 816 35
1789 783 1865 810 Tum
1884 786 1973 813 audita
1990 790 2131 817 amborum
2150 786 2241 827 verba,

87 819 234 852 Horatius,
254 820 385 853 Ouidius,
402 829 452 846 non
464 819 577 850 Cicero,
595 825 625 844 vt
637 817 707 845 hodie
725 816 822 847 editur,
841 822 886 842 etc.
929 818 965 842 De
980 817 1060 843 Liuio
1081 820 1133 853 qui'-
1198 819 1325 845 intentius
1339 818 1477 844 excusante
1496 819 1520 844 se
1536 819 1653 853 Lepido,
1673 825 1718 845 etc,
1761 819 1833 854 Cous,
1849 820 1908 846 Liu,
1921 830 1968 854 23,
1980 832 2015 854 23,
2051 832 2074 851 ct
2087 827 2189 855 Aue-tor
2207 831 2241 857 ad

85 853 188 881 buniam
205 856 267 881 locis
285 859 372 882 variat
389 853 478 883 ieelim
505 854 622 880 intentus
633 853 752 890 praefert
765 850 888 880 Drakcnh.
902 852 935 891 αρ’
944 862 968 886 5,
983 863 1025 887 47.
1048 861 1083 887 ⁴25,
1095 862 1132 879 :a
1197 856 1315 881 Hei-eun.
1329 862 1347 886 4
1368 862 1389 878 c.
1403 855 1441 881 56.
1514 854 1607 890 Supvrl.
1625 854 1760 888 Lamprid.
1772 854 1877 890 Elagab.
1899 865 1921 882 c.
1937 865 1968 890 14
1987 859 2142 894 Exspeeians
2155 865 2242 892 inten-

86 899 128 923 27‚
142 900 184 924 24.
236 891 293 917 Cic.
309 890 341 917 de
354 891 429 918 Orat.
443 899 465 922 3,
478 898 524 923 ²¹4
548 890 647 922 Voces,
666 895 695 916 vt
710 887 822 915 chordae
840 887 897 913 sunt
916 894 1038 915 intentae.
1091 888 1131 915 Id.
1197 889 1295 916 lissnne.
1331 887 1405 924 Conf.
1419 889 1525 923 August.
1541 890 1572 916 de
1587 891 1657 917 Mor.
1668 890 1718 916 licl.
1736 899 1756 916 c.
1773 898 1808 922 19.

86 925 171 952 Tnsc.
186 935 213 959 4,
227 935 256 952 10
289 927 379 953 Enitar
396 926 522 961 quidem,
542 924 585 951 sed
606 925 708 951 intento
727 932 793 958 opus
812 922 847 949 est
867 923 970 954 aninio,
990 932 1022 949 ne
1041 925 1132 950 onmia
1234 933 1274 953 lN
1286 931 1439 956 TENTO,
1462 930 1514 951 sire.
1551 925 1690 960 [vimulum
1709 925 1818 958 αἰπειλῶ]
1860 926 2015 955 Vehementer
2033 932 2074 958 vc!
2082 932 2184 969 pupius
2203 939 2243 963 in.

84 960 254 995 dilabantur,
273 961 290 988 si
304 971 388 988 vnum
401 960 511 997 aliquod
523 960 653 995 effugerit.
746 959 803 986 cic.
816 957 847 984 de
861 959 933 985 Orat.
949 968 980 991 2,
996 967 1041 993 149
1065 968 1087 986 c.
1104 967 1132 993 35
1150 973 1181 991 20
1196 961 1303 988 tendere.
1340 960 1400 986 Liu.
1415 968 1435 992 3,
1450 968 1485 994 47
1506 960 1646 994 Virginius
1663 961 1792 987 intentans
1808 961 1836 987 in
1848 961 1964 996 Appium
1978 973 2078 1000 manus,
2097 970 2184 1003 Icilio,
2202 972 2242 999 in.

85 996 262 1024 Peruolnatui-
275 998 401 1028 Animus,
420 1003 449 1024 vt
467 997 493 1023 se
505 997 608 1031 penitus
625 995 738 1023 insinuet
751 995 780 1021 in
796 994 913 1025 causam,
933 1001 959 1021 vt
977 994 1006 1021 fit
1027 1003 1088 1021 cura
1106 1001 1132 1022 ct
1198 998 1271 1032 quit,
1292 996 1377 1030 Appi,
1395 1004 1448 1021 non
1463 996 1524 1029 tibi,
1540 996 1623 1023 filiam
1637 995 1772 1030 despondi.
1801 1031 1807 1036 ·
1826 997 1898 1024 Hirt.
1912 999 1977 1025 Bell.
1994 1001 2067 1036 Hisp.
2089 1013 2144 1032 022
2165 1002 2242 1041 gustu,

86 1032 250 1066 cogitatione
264 1033 399 1065 intentus,
422 1032 560 1066 diligentia
574 1031 618 1058 est.
722 1030 789 1057 Plin.
805 1034 829 1062 8,
843 1034 856 1059 8
884 1030 999 1057 intentos
1013 1031 1132 1065 ingentes
1197 1032 1245 1067 qui
1266 1031 1364 1066 legatos
1389 1031 1538 1065 ingulass‘ct,
1568 1031 1701 1065 lapidare,
1733 1036 1759 1057 ct
1784 1040 1809 1057 ei
1828 1041 1918 1059 manus
1936 1035 2067 1064 intentare
2089 1048 2241 1076 coeperunt.

85 1067 169 1094 Arcus
183 1066 300 1101 defigunt
314 1068 398 1094 humi.
467 1069 565 1094 Aurem
578 1065 772 1094 intenfiffimaui
784 1064 910 1100 praebere
925 1066 1028 1100 August.
1037 1067 1082 1101 Ep.
1091 1069 1131 1099 56.
1196 1069 1290 1095 Manus
1308 1067 1336 1093 in
1349 1067 1440 1093 oculos
1455 1067 1584 1093 intentani
1598 1068 1700 1093 Petron.
1721 1076 1743 1093 c.
1757 1074 1782 1099 9.
1819 1067 1895 1094 Idem
1913 1078 1934 1094 c.
1951 1076 1994 1100 108
2012 1079 2034 1097 et
2049 1081 2099 1101 ¹22.
2158 1079 2242 1106 Voce,

84 1102 195 1130 Brachia
211 1103 312 1130 intenta
325 1104 406 1130 remis
419 1103 518 1137 virgil.
531 1104 595 1129 Aen.
609 1109 632 1135 ς,
646 1103 694 1133 136.
787 1100 894 1127 Cithara
906 1102 1030 1128 omnibus
1043 1102 1132 1128 neruis
1196 1110 1222 1130 ct
1237 1111 1328 1130 manus
1345 1103 1425 1128 alicui
1444 1102 1573 1129 intentare
1591 1102 1682 1129 Tacit.
1697 1102 1764 1128 Ann.
1779 1111 1798 1133 3,
1815 1103 1855 1134 36.
1926 1105 1983 1131 Cic.
1998 1116 2046 1140 pro
2062 1109 2137 1138 Rosc.
2151 1114 2240 1142 Amet.

83 1137 185 1164 intenta
199 1138 308 1171 Qiin&
323 1147 348 1171 2,
363 1144 386 1169 8.
457 1137 624 1173 Conquisitio
637 1136 804 1163 intentissima
822 1137 882 1162 Liu.
897 1145 934 1169 29,
952 1146 988 1170 35.
1059 1138 1131 1164 Cura
1145 1145 1177 1172 25
1197 1148 1243 1165 100
1267 1138 1385 1172 Explicet
1401 1139 1475 1164 snum
1488 1138 1615 1165 volumen
1630 1137 1705 1169 illud,
1721 1137 1793 1172 quod
1808 1137 1834 1163 ei
1847 1136 1954 1171 planum
1968 1141 2054 1168 facere
2067 1147 2165 1178 potrum
2177 1150 2243 1177 Em,

82 1172 266 1204 intentiffima,
288 1174 397 1210 diligens
414 1180 437 1200 et
450 1173 610 1208 attenti-'Uibu
630 1171 762 1206 Qiinoffl.
777 1180 814 1203 ιο,
828 1180 847 1198 1.
914 1173 973 1199 Liu.
987 1181 1027 1208 39,
1041 1182 1068 1206 19
1094 1174 1131 1200 Vt
1195 1175 1267 1201 cium
1281 1173 1469 1208 conscripsifl'e,
1485 1173 1558 1209 quod
1571 1174 1645 1200 aiunt
1659 1174 1735 1200 illum
1749 1173 1816 1199 sext.
1830 1173 1927 1200 Roscio
1940 1175 2091 1212 intentasse,
2109 1183 2242 1219 (tanquam

82 1207 229 1234 intentiore
242 1218 303 1236 eum
317 1209 443 1236 Custodia
461 1210 626 1236 afferuarent.
643 1226 645 1231 .
720 1207 844 1234 Custodia
859 1207 1025 1235 intcntiffima
1040 1209 1130 1235 Senec.
1190 1213 1322 1246 pugionem
1319 1210 1339 1244 )
1362 1216 1388 1236 et
1400 1209 1557 1236 meditatum
1572 1210 1637 1241 ess'e,
1655 1210 1680 1235 se
1694 1209 1783 1235 omnia
1801 1208 1845 1235 illa
1864 1218 1913 1243 pro
1928 1211 2083 1241 testimonio
2098 1218 2145 1243 ess'e
2160 1219 2243 1247 dictu.

82 1243 162 1277 Epist.
175 1251 220 1278 70.
328 1244 430 1271 Sallust.
444 1243 564 1279 Iugurth.
579 1245 624 1277 46,
638 1249 652 1275 ς
677 1242 781 1270 Deinde
799 1243 855 1278 ipse
874 1245 961 1278 paucis
980 1243 1073 1271 diebus
1092 1245 1132 1270 in-
1195 1255 1264 1272 runi.
1369 1245 1469 1271 Minori
1480 1256 1489 1271 :
1519 1244 1616 1280 Virgil.
1629 1245 1694 1271 Aen.
1708 1253 1726 1276 1,
1740 1252 1771 1277 95
1798 1245 2012 1282 Praesentemque
2028 1250 2093 1277 viris
2112 1253 2243 1283 intentant

80 1279 156 1306 tento
175 1286 254 1314 atque
271 1279 368 1307 infesto
383 1280 507 1307 Exercitu
521 1280 550 1305 in
563 1278 721 1305 Numidiam
737 1278 866 1314 procedit.
958 1281 1075 1314 Impetus
1093 1279 1132 1306 in-
1195 1281 1287 1307 onmia
1302 1281 1428 1307 Mortem.
1536 1280 1664 1314 leianus
1684 1280 1713 1307 in
1731 1280 1747 1306 l.
1761 1288 1773 1312 3
1800 1278 1822 1315 6
1838 1280 1865 1306 Si
1879 1279 1949 1308 filins
1977 1284 2008 1310 D.
2030 1286 2109 1319 Quod
2129 1291 2242 1325 quisque

80 1312 180 1341 tenlior
198 1321 324 1349 rupturus
339 1316 364 1342 se
375 1314 423 1342 nisi
438 1314 556 1349 eruperit
570 1314 628 1341 sen.
642 1313 674 1340 de
687 1315 730 1341 Ira
743 1323 764 1346 2,
778 1322 814 1347 33.
886 1315 926 1342 Sic
939 1318 1013 1341 etiam
1025 1316 1131 1342 Gronau.
1148 1325 1180 1350 30
1196 1317 1278 1349 iuris,
1296 1322 1342 1342 ete.
1368 1317 1398 1342 Iu
1412 1315 1445 1341 iis
1460 1315 1630 1351 stelionibus,
1647 1325 1711 1350 quas
1729 1324 1759 1341 ex
1775 1315 1884 1349 persona
1897 1317 1953 1344 eius
1967 1319 2078 1348 intento.
2117 1325 2157 1351 Sic
2171 1326 2244 1355 habet

80 1349 173 1377 Labor
187 1350 304 1377 intentus
321 1350 403 1378 Ouid.
419 1359 451 1377 ex
465 1351 538 1376 Pont.
553 1357 573 1381 ι,
588 1358 609 1384 5,
622 1352 666 1376 60.
761 1351 836 1376 Mens
850 1350 949 1377 intenta
962 1351 1039 1377 malis
1057 1351 1131 1378 Idem
1195 1351 1356 1379 Haloander:
1381 1350 1502 1378 Pandcc‘l'.
1518 1352 1626 1378 Florem.
1646 1353 1731 1388 legunt
1745 1352 1866 1377 Intentio.
1937 1354 2017 1382 Arma
2031 1356 2131 1386 Latinis
2146 1361 2207 1388 Liu.
2217 1365 2231 1389 6

81 1382 168 1412 Trist.
182 1396 210 1419 4,
224 1395 242 1417 1,
257 1395 284 1419 4.
371 1385 462 1412 Oculis
477 1385 587 1412 intentis
601 1385 778 1420 contemplari
792 1395 798 1411 :
823 1385 848 1413 h.
863 1395 882 1412 e.
903 1386 991 1422 difixi:
1009 1386 1065 1413 Cic.
1081 1395 1130 1421 pro
1197 1408 1202 1415 .
1242 1408 1248 1414 .
1305 1387 1362 1419 sic,
1382 1386 1466 1413 Sieain
1485 1387 1541 1413 Cic.
1556 1396 1605 1422 pro
1620 1387 1716 1413 Milon.
1730 1394 1770 1421 37.
1847 1387 1957 1415 Crimen
1977 1390 2093 1419 inuicem
2113 1382 2244 1426 intentari}

82 1420 166 1447 Flacc.
180 1430 222 1454 29.
316 1421 414 1448 Oculos
428 1421 543 1448 intentos
556 1421 668 1448 voluens
682 1421 780 1455 vii-gil.
795 1421 859 1448 Aen.
873 1429 899 1456 7,
912 1430 964 1455 ²2¹¹·
1036 1423 1130 1449 Pretiis
1194 1422 1326 1457 Quinem.
1342 1430 1372 1454 3,
1392 1430 1430 1448 ιο.
1466 1422 1518 1449 viil.
1540 1428 1698 1450 INVLCEM.
1795 1422 1874 1449 Faces
1893 1423 2012 1452 ardentes
2034 1427 2146 1457 intentat
2164 1432 2244 1461 dolor

78 1453 267 1483 alimentorum
288 1456 400 1483 intentis
419 1457 510 1484 Tacit.
526 1457 594 1483 Hist.
610 1465 630 1489 1,
649 1461 689 1488 89.
721 1457 747 1483 h.
760 1466 779 1485 e.
800 1454 892 1484 austis-
996 1457 1130 1491 Principia
1194 1460 1251 1486 Cic.
1266 1458 1379 1485 Tuscul.
1394 1467 1423 1490 5,
1435 1460 1470 1492 76
1495 1467 1516 1484 c.
1532 1465 1575 1492 27.
1683 1459 1760 1484 Faces
1779 1457 1891 1485 intentat
1909 1460 2058 1496 Tisiphone
2075 1465 2137 1493 Stat,
2150 1467 2243 1496 Theb,

77 1491 241 1523 verecunda,
260 1501 314 1519 non
328 1492 403 1519 elatis
422 1493 522 1518 intensa
536 1491 626 1519 verbis
643 1492 698 1518 Cic.
713 1492 788 1519 Orat.
803 1501 848 1527 124
867 1501 889 1520 c.
904 1494 942 1524 36.
978 1493 1026 1521 Sed
1037 1502 1052 1519 a
1067 1494 1130 1520 Gric-
1146 1497 1176 1524 35
1195 1503 1230 1527 ιι,
1246 1502 1306 1529 495.
1378 1493 1524 1527 Imperium
1538 1494 1688 1520 Romanum
1708 1494 1854 1526 intentare,
1876 1500 1923 1530 pro
1937 1498 2090 1526 Denmztiare
2103 1506 2244 1536 periculum

75 1532 130 1554 tero
151 1527 263 1554 incensa.
336 1529 392 1555 Cic.
409 1528 440 1554 de
454 1529 530 1554 Orat.
543 1535 562 1559 1,
578 1535 620 1561 25¹5·
640 1537 662 1554 c.
676 1529 711 1554 60
737 1527 873 1562 Multique
890 1534 1009 1555 oratores
1022 1529 1131 1555 fuerunt
1193 1531 1224 1556 ab
1243 1532 1346 1565 imperio
1359 1529 1483 1561 Romano,
1494 1530 1539 1565 stu
1558 1527 1698 1557 uindiflam
1727 1529 1787 1555 Liu.
1803 1538 1859 1563 142,
1872 1538 1906 1557 12.
2001 1534 2166 1572 Periculum,
2189 1540 2243 1569 vid.

78 1569 126 1589 etc.
163 1564 211 1598 qni
232 1563 323 1589 omnia
341 1564 468 1590 Sermone
492 1563 652 1590 conficerent
677 1563 766 1597 paullo
790 1563 937 1591 intentiore
953 1574 958 1589 ε
993 1572 1129 1599 nunquam
1196 1568 1395 1593 PERichVM.
1468 1564 1588 1592 Verbera
1606 1564 1698 1591 lustin.
1715 1574 1736 1597 2,
1749 1571 1770 1597 ς,
1785 1572 1806 1597 ς.
1984 1566 1988 1571 ’

78 1597 206 1624 lateribus
225 1604 268 1624 aut
287 1599 354 1624 clani
424 1598 620 1626 contenderent.
681 1600 773 1633 Nempe
794 1599 886 1626 Sermo
903 1598 938 1632 est
954 1599 998 1625 illa
1012 1599 1131 1635 familia·
1230 1606 1449 1628 INTENTAT
1460 1607 1467 1625 1
1478 1607 1515 1632 ο,
1535 1600 1602 1626 onis.
1638 1600 1658 1626 f.
1696 1600 1791 1626 Seneca
1806 1599 1838 1626 de
1850 1601 1891 1627 Ira
1906 1609 1932 1634 z,
1945 1611 1964 1636 4
1990 1603 2034 1630 Ne
2053 1614 2101 1632 nos
2121 1608 2244 1638 oscitatio

77 1637 118 1660 ris
134 1640 157 1660 et
175 1634 286 1669 con-[iacta
306 1636 361 1670 loqu
393 1634 422 1661 di
432 1638 516 1670 ratio,
533 1643 593 1670 quae
610 1631 685 1660 etiem
695 1633 721 1668 fi
734 1633 773 1668 fit
784 1634 862 1670 solito
882 1635 1029 1667 intentior,
1048 1641 1129 1662 tamen
1192 1636 1280 1663 aliena
1301 1635 1429 1668 solicitet,
1456 1645 1502 1662 nec
1522 1636 1594 1662 oculi
1611 1635 1644 1661 ad
1661 1635 1865 1662 intentationem
1881 1636 1995 1664 subitam
2014 1640 2161 1675 digitorum
2174 1653 2246 1672 com.

62 1668 108 1695 'ab
128 1673 241 1695 oratoria
263 1669 307 1696 illa
326 1673 494 1703 contentione,
514 1676 538 1696 ct
553 1669 717 1702 clamoribus,
733 1671 835 1696 multum
852 1669 926 1703 abeli.
997 1670 1069 1698 Tela
1088 1671 1128 1697 in-
1154 1678 1172 1696 0
1193 1673 1358 1707 priinantur,
1390 1674 1408 1698 i.
1427 1672 1653 1698 Comminationem.
1689 1672 1734 1699 Al.
1752 1671 1942 1699 Intentionem.
1997 1675 2066 1702 Add.
2079 1677 2245 1710 Tertullian„

77 1709 151 1730 tenta
165 1705 193 1731 in
208 1705 317 1739 patriani
333 1706 388 1732 Cic.
404 1705 435 1732 de
450 1705 571 1732 Prouinc.
585 1705 694 1732 Consul.
709 1713 745 1737 ²3-
800 1706 907 1732 Vicinia
919 1706 1014 1733 mortis
1028 1707 1129 1733 intenta
1191 1707 1269 1742 Apol.
1290 1717 1312 1734 c.
1329 1709 1374 1739 46.

77 1739 145 1767 iussu
164 1741 267 1766 ordinis
285 1742 388 1768 aeterni
407 1742 505 1768 Lucan.
526 1746 556 1773 8,
574 1744 628 1772 568·
661 1743 679 1768 i.
699 1749 766 1767 mors
778 1740 852 1776 fatis
871 1741 984 1774 decreta,
1004 1748 1042 1773 et,
1062 1741 1130 1777 quast
1231 1749 1275 1769 IN
1287 1746 1533 1772 TENTATvs‚
1563 1748 1588 1771 a,
1619 1748 1674 1764 um.
1690 1773 1695 1778 ·
1710 1739 1804 1765 Partic.
1841 1740 2054 1780 [προς-ποιμένος]
2091 1747 2152 1776 Liu.
2165 1758 2193 1783 9,
2208 1759 2245 1787 27

76 1775 177 1811 gladius
190 1777 273 1811 iugulo
289 1779 413 1809 intentus,
433 1775 535 1813 ostensa.
607 1776 700 1803 Virtus
718 1776 747 1802 in
765 1776 945 1803 mediocribus
965 1776 1071 1802 modice
1091 1778 1131 1803 in-
1193 1778 1284 1804 Gladii
1310 1777 1391 1802 etiam
1414 1774 1547 1809 plerisque
1574 1776 1714 1804 intentati,
1745 1779 1771 1800 et
1799 1775 1932 1804 vulnerati
1952 1778 2075 1814 quidam,
2096 1786 2245 1821 iiecatique.

77 1810 177 1837 tenlior
191 1812 287 1837 Nazar.
302 1813 395 1846 Paneg.
416 1822 438 1839 c.
451 1820 487 1844 23.
560 1811 726 1838 Intensiffima
739 1811 768 1836 in
782 1811 867 1836 Deum
882 1812 938 1836 vita
949 1811 1129 1845 Augustin.de
1236 1821 1249 1837 2
1287 1810 1334 1837 Sed
1347 1811 1517 1840 intentatus,
1548 1808 1712 1848 [insigms-05]
1751 1811 1809 1835 Non
1827 1818 1952 1847 tentatus,
1974 1814 2000 1841 h.
2012 1825 2031 1842 e.
2052 1827 2101 1843 non
2120 1820 2243 1855 expertus,

76 1846 331 1872 moi-‚ecchCatlioL
351 1856 416 1878 c..3r.
466 1846 564 1873 Vultus
579 1846 689 1872 haerent
702 1845 799 1871 intenti
811 1845 855 1870 Sil.
869 1852 947 1877 3,1;3.
1070 1843 1091 1881 fl
1111 1847 1173 1872 245·
1221 1846 1271 1879 irg.
1286 1847 1350 1871 Aen.
1364 1852 1402 1875 10,
1418 1852 1448 1876 39
1469 1859 1514 1863 —
1535 1844 1606 1870 Haec
1626 1850 1752 1870 intentata
1772 1846 1894 1873 manebat
1929 1849 1988 1875 Sors
2008 1860 2108 1879 rerum.
2162 1856 2244 1885 Nihil

76 1881 127 1906 Pro
139 1883 244 1906 Anemo
261 1887 284 1907 et
305 1881 430 1918 diligenti.
490 1881 552 1906 Liu.
566 1889 595 1912 3,
611 1881 646 1906 26
670 1880 756 1914 Operi
771 1884 855 1910 certe,
876 1878 921 1911 id,
940 1879 1012 1913 qnod
1031 1880 1131 1906 constat
1193 1881 1324 1907 humanae
1343 1880 1466 1906 audaciae
1487 1879 1647 1905 intentatum
1665 1879 1722 1905 Seu.
1742 1879 1773 1905 ad
1787 1881 1868 1907 Marc.
1889 1892 1911 1909 c.
1924 1889 1959 1913 18.
2031 1888 2146 1916 Martial.
2162 1900 2177 1918 2
2206 1902 2243 1925 14.

73 1914 168 1949 agresti
180 1916 312 1948 intentus,
332 1924 377 1942 etc.
449 1915 549 1942 Intenti
562 1914 711 1950 exspectant
731 1915 832 1949 signum
851 1914 946 1948 Virgil.
961 1916 1026 1941 Aen.
1040 1923 1061 1947 ς,
1076 1923 1128 1949 137.
1192 1917 1266 1952 Conf.
1282 1915 1364 1942 Ouid.
1379 1916 1443 1941 Met.
1458 1923 1496 1946 io,
1509 1920 1559 1953 584.
1583 1915 1631 1941 Nil
1650 1914 1809 1941 intentatum
1824 1917 1921 1948 Selius,
1938 1919 1976 1945 nil
1997 1920 2095 1958 linquit
2113 1912 2242 1956 inausum,

75 1951 133 1977 Cic.
150 1950 264 1985 Philipp.
279 1960 310 1984 ιι,
325 1960 358 1978 22
377 1961 399 1977 c.
413 1959 430 1983 9
450 1952 581 1984 Qiamuis
600 1951 672 1976 enim
692 1951 810 1976 intentus
827 1950 932 1976 animus
950 1955 1009 1976 tnus
1029 1950 1075 1982 fit,
1095 1952 1126 1976 C.
1191 1951 1242 1978 Nil
1258 1951 1417 1977 intentatum
1439 1950 1522 1975 nostri
1541 1949 1645 1983 liquere
1657 1950 1751 1975 Poetae
1769 1951 1836 1978 Hor.
1852 1952 1884 1979 de
1897 1954 1960 1981 Arte
1974 1956 2046 1987 Poet,
2058 1964 2110 1992 285.
2166 1963 2239 1999 conf

75 1986 165 2018 Pansa,
184 1986 247 2012 sicut
261 1986 307 2015 est,
324 1987 356 2012 ad
369 1986 537 2012 fortiffinuim
551 1986 641 2011 virum
655 1991 680 2011 et
694 1985 817 2011 omnium
831 1985 1000 2011 clarissimum
1013 1984 1129 2011 liberari·
1192 1986 1267 2012 Idem
1281 1986 1369 2011 Carm.
1386 1993 1405 2015 i,
1420 1993 1441 2017 ς,
1456 1993 1489 2016 ¹3-
1561 1986 1644 2011 Vacca
1659 1985 1722 2019 iugo
1735 1986 1862 2015 intentata
1877 1988 1934 2017 Sen.
1949 1991 2019 2017 Med.
2036 1996 2118 2022 v.*6z.
2184 1984 2243 2027 Cic:

76 2022 149 2053 dum,
168 2028 216 2048 etc,
289 2021 380 2048 Tacit.
390 2021 458 2047 Hist.
473 2030 496 2053 4,
510 2029 525 2047 2
549 2021 657 2047 Nomen
674 2020 814 2054 sedemque
827 2020 945 2046 Caesaris
954 2020 1128 2051 Domitianus
1143 2023 1175 2050 50
1192 2021 1224 2047 de
1239 2022 1347 2047 Aiuicit.
1361 2028 1396 2054 70
1421 2020 1510 2046 Nemo
1525 2019 1576 2051 est,
1597 2021 1644 2054 qui
1663 2029 1718 2046 non
1737 2030 1853 2055 quocum
1870 2026 2023 2060 consueuit,
2040 2028 2166 2059 libentius
2186 2041 2242 2062 vta-

75 2063 224 2091 acceperat,
244 2057 363 2083 nonduin
377 2056 409 2083 ad
423 2065 496 2083 curas
510 2056 635 2083 intentus.
740 2056 799 2081 Liu.
812 2063 841 2088 4,
857 2062 891 2089 27
920 2055 976 2089 Qii
990 2055 1129 2090 postquam
1191 2062 1250 2088 tur,
1271 2064 1350 2091 qnam
1365 2057 1494 2082 intentato
1513 2062 1538 2082 et
1551 2064 1633 2081 nouo.
1661 2090 1667 2095 .
1688 2056 1763 2095 Qtoil
1775 2066 1804 2083 ex
1820 2058 1913 2091 vetusto
1925 2061 2007 2088 codice
2019 2065 2126 2100 legitur,
2149 2069 2241 2098 Nemo

75 2093 191 2119 intentos
205 2092 326 2118 homines
348 2093 375 2119 in
395 2098 519 2119 euentum
534 2091 646 2126 periculi
666 2090 764 2123 alieni,
782 2099 830 2125 pro
846 2091 871 2116 se
886 2091 1020 2123 incautos,
1039 2091 1128 2125 negle-
1191 2092 1245 2125 est,
1276 2092 1324 2126 qui
1341 2099 1396 2117 non
1415 2099 1448 2117 eo
1467 2099 1520 2125 quo
1543 2091 1695 2122 consueuit,
1722 2091 1850 2119 libentius
1873 2100 1976 2129 Vtatur,
2001 2107 2080 2133 quain
2099 2101 2242 2135 immolato

24 2150 33 2156 c
75 2128 125 2154 &is
146 2127 247 2162 vigiliis
267 2127 479 2163 stationibusque
499 2127 536 2154 est
554 2127 677 2159 adortus,
698 2134 744 2153 etc.
805 2127 863 2157 sic,
884 2128 988 2152 Iiitenta
1006 2135 1079 2152 niens
1098 2126 1127 2152 in
1188 2133 1214 2154 et
1233 2135 1315 2153 nouo.
1585 2159 1590 2164 ι

73 2164 203 2198 imagines
215 2163 271 2190 Cic.
285 2163 317 2190 de
332 2164 427 2191 Natur.
443 2164 522 2190 Deor.
540 2172 560 2195 1,
575 2171 607 2196 49
635 2172 656 2188 c.
672 2171 715 2189 20.
810 2161 910 2187 Sallust.
931 2162 959 2187 in
975 2161 1052 2187 Catil.
1073 2170 1095 2187 c.
1112 2169 1127 2186 2
1225 2168 1236 2187 1
1246 2168 1269 2187 N
1280 2167 1303 2187 T
1313 2166 1329 2186 E
1339 2166 1360 2185 N
1372 2166 1393 2186 T
1404 2160 1526 2192 ᾸΤΟΚ,
1551 2162 1614 2186 ὂιίς.
1641 2169 1677 2186 m.
1691 2195 1697 2201 ⁴
1714 2161 1793 2196 Vulg.
1807 2163 1858 2189 Iac.
1873 2172 1893 2197 1,
1907 2173 1940 2198 13.

75 2207 141 2226 extr.
167 2201 268 2225 Verum
288 2200 445 2231 enimuero,
467 2199 488 2225 is
502 2198 571 2224 mihi
588 2199 681 2224 viuere
695 2197 803 2223 demum
822 2203 900 2229 atque
915 2195 972 2221 frui
984 2196 1073 2221 anima
1086 2197 1126 2221 vi-
1142 2194 1170 2220 55
1226 2202 1236 2221 1
1248 2202 1271 2221 N
1282 2201 1330 2222 TE
1340 2201 1362 2221 Ν
1373 2200 1395 2221 Τ
1405 2202 1510 2222 ΑΤΑι,
1520 2202 1528 2220 1
1538 2203 1567 2227 s,
1587 2204 1610 2221 c.
1649 2194 1708 2222 Adi.
1746 2198 1825 2224 Giois.
1840 2200 1885 2225 Gr.
1898 2201 1954 2228 Lat.
1969 2201 2100 2238 α’πειραςος,

43 2236 46 2237 ’
75 2235 169 2267 detur,
189 2234 237 2270 qui
249 2235 342 2269 aliquo
361 2235 470 2270 negotio
483 2235 612 2264 intentus,
630 2232 758 2266 praeclari
778 2231 922 2270 facinoris,
941 2236 986 2256 aut
1001 2231 1064 2256 artis
1078 2230 1126 2256 bo-
1224 2238 1235 2257 1
1244 2238 1264 2256 N
1274 2238 1296 2258 T
1305 2230 1323 2258 ἑ
1333 2237 1348 2256 Ρ
1360 2236 1376 2256 Ε
1385 2236 1404 2256 0
1413 2251 1421 2263 ‚
1447 2231 1489 2262 ui,
1515 2234 1559 2257 ere
1575 2241 1582 2262 ;
1606 2230 1660 2264 flue
1686 2238 1728 2258 IN
1740 2239 1761 2259 Τ
1772 2240 1789 2259 Ε
1798 2240 1812 2259 Ρ
1823 2241 1838 2260 Ε
1848 2242 1860 2261 s
1871 2240 1921 2261 C¹O
1931 2255 1938 2267 ,
1967 2239 2020 2264 ere.
2055 2241 2240 2283 [xeloet'rolum]

74 2279 123 2297 nae
136 2271 233 2297 famam
246 2271 361 2304 quaerit.
432 2269 529 2296 Fraudi
544 2268 680 2295 struendae
695 2267 827 2292 intentior
841 2266 902 2291 Liu.
918 2273 957 2297 23,
971 2273 1008 2297 33.
1069 2267 1126 2292 Me-
1188 2267 1353 2302 Incalqfhere,
1374 2268 1415 2292 vel
1427 2265 1534 2301 tepidum
1546 2265 1614 2302 ficri.
1651 2267 1738 2295 Senec.
1752 2268 1830 2303 Epist.
1843 2275 1876 2304 78
1901 2271 1944 2297 Ne
1963 2273 2023 2307 quis
2044 2274 2186 2311 intepescat
2203 2283 2240 2309 ci-

73 2306 140 2333 rulis
158 2307 275 2332 intentu·
294 2314 386 2338 anceps
405 2305 471 2330 Hor.
486 2305 516 2329 A.
531 2304 556 2329 P.
570 2307 627 2335 458.
722 2302 780 2328 Paci
795 2301 911 2328 intentus
930 2301 1027 2327 Lucan.
1043 2309 1070 2332 3,
1091 2309 1127 2333 53.
1188 2302 1244 2328 bus.
1301 2303 1419 2336 Propert.
1434 2312 1455 2332 4,
1469 2310 1486 2332 i,
1502 2311 1548 2335 ¹24
1572 2303 1603 2328 Et
1615 2301 1685 2329 lacus
1698 2303 1803 2330 aestiuis
1815 2304 1917 2339 intepet
1931 2308 2032 2335 Vmber
2045 2313 2130 2346 aquis·
2187 2318 2239 2344 CL-

72 2341 174 2368 Veneri
187 2333 317 2367 i‘nt'entuin
333 2341 439 2366 somnus
452 2339 540 2366 aufert
553 2339 620 2365 Hor.
634 2337 684 2364 Sat.
697 2346 717 2369 ι,
730 2346 751 2370 ς,
765 2342 803 2368 83·
844 2336 949 2363 Videtur
964 2345 1067 2371 nequzus
1079 2338 1126 2364 ali·
1187 2346 1245 2363 mae
1261 2337 1495 2377 intepuereradiis
1514 2337 1597 2364 Ouid.
1613 2338 1678 2364 Fast.
1694 2346 1717 2370 ς,
1731 2341 1781 2365 216.
1848 2340 1931 2369 Strata
1945 2343 2080 2378 intepuere
2093 2350 2144 2376 tuis
2157 2360 2238 2381 ineui-

70 2376 133 2413 quid
143 2375 299 2412 fignificat-e.
1132 2367 1168 2393 60
1187 2372 1243 2400 bris
1259 2373 1332 2399 Idem
1346 2373 1423 2406 Epist.
1440 2381 1479 2404 10,
1494 2380 1535 2405 54.
1584 2406 1589 2412 .
1608 2373 1748 2406 Intepescit
1760 2374 1980 2405 medicamentum
1997 2381 2117 2412 Sci-ibon.
2129 2394 2182 2422 207

108 2419 118 2438 1
131 2418 153 2437 N
165 2418 186 2438 T
195 2418 212 2438 E
221 2418 243 2437 N
255 2416 277 2437 'r
294 2416 313 2434 v
325 2417 337 2436 s
347 2429 355 2441 ‚
385 2408 424 2435 sis.
460 2418 497 2434 ni.
533 2409 647 2439 [sirum
659 2407 671 2440 ]
719 2407 838 2433 Intentus
859 2405 1021 2440 palmarum,
1041 2405 1124 2443 gestus
1223 2416 1233 2434 1
1242 2415 1264 2434 N
1274 2415 1295 2434 T
1305 2415 1321 2434 Ε
1331 2415 1346 2434 Ρ
1357 2415 1372 2434 E
1382 2414 1394 2433 S
1403 2414 1421 2434 C
1430 2414 1445 2433 E
1457 2415 1477 2433 N
1487 2415 1517 2439 s,
1536 2412 1625 2434 entis.s
1638 2409 1706 2435 Part.
1744 2410 1848 2437 Colum.
1862 2420 1882 2445 1,
1895 2421 1904 2439 1
1924 2415 2050 2451 Mitigato
2063 2419 2117 2446 iam
2132 2428 2158 2449 et
2169 2407 2236 2452 inte-

37 2472 40 2474 ,
70 2450 221 2475 minantium
241 2444 283 2478 ast.
332 2444 389 2470 Cic.
409 2452 458 2477 pro
471 2444 539 2469 Sext.
554 2450 595 2477 ¹¹7
616 2451 637 2469 c.
653 2449 680 2475 53
706 2443 791 2469 Voces
809 2441 919 2477 quidem
937 2448 963 2469 et
974 2443 1123 2477 palmarum
1184 2444 1303 2478 pest-ente
1319 2443 1433 2476 frigore.

70 2484 203 2513 intentus,
221 2487 247 2507 et
260 2479 465 2507 malcrli&orum
479 2479 623 2505 clamorem
641 2487 733 2504 omnes
747 2477 932 2512 profuderunt.
1220 2485 1230 2503 1
1240 2486 1261 2504 N
1271 2485 1293 2505 Τ
1303 2484 1318 2504 Ε
1331 2484 1347 2504 Ρ
1358 2480 1393 2503 i'D
1403 2484 1461 2507 vs,
1481 2486 1504 2508 a,
1525 2486 1580 2504 uui.
1615 2478 1675 2505 Adi.
1712 2479 1841 2507 Laudatur
1854 2483 1920 2509 Cels.
1935 2490 1958 2518 8,
1972 2494 1990 2518 4
2017 2487 2193 2521 Collocandus
2211 2495 2236 2523 i·

109 2525 117 2543 I
129 2515 151 2544 N
161 2525 182 2544 T
192 2523 208 2543 E
218 2524 239 2543 N
251 2522 273 2541 Τ
284 2523 290 2541 1
302 2523 336 2547 O,
360 2514 415 2548 fine
438 2521 479 2541 IN
488 2520 508 2540 T
518 2520 534 2540 E
546 2520 567 2539 N
578 2521 592 2541 S
601 2521 609 2540 i
619 2519 638 2539 O
650 2533 658 2546 ,
677 2514 746 2540 onis.
781 2513 800 2539 f.
838 2513 851 2546 [
864 2514 966 2545 ἒντονίοι,
988 2514 1095 2539 ἐπίτασις
1108 2512 1122 2546 ]
1183 2513 1243 2540 loco
1259 2514 1387 2548 intepido.
1423 2513 1470 2540 scii
1482 2512 1639 2539 diuidcndam
1653 2512 1695 2546 ff‘
1709 2516 1911 2549 Praeposttjongm
1925 2520 2077 2551 austeritate
2096 2533 2120 2552 et
2136 2533 2235 2558 ratium

72 2552 195 2586 Extenflo.
231 2552 328 2578 Arcum
345 2550 457 2576 intensio
471 2550 584 2584 frangit,
600 2550 719 2576 animum
732 2548 845 2576 remiffio
861 2549 886 2575 P.
902 2549 957 2581 Syr.
1014 2548 1121 2575 Colum.
1135 2539 1167 2573 63
1184 2548 1289 2583 ostendit
1303 2551 1439 2585 Morgagn.
1453 2547 1529 2583 Epist.
1547 2549 1580 2574 ad
1594 2549 1662 2575 Cels.
1677 2557 1693 2587 3-
1710 2559 1734 2584 p.
1748 2559 1801 2583 595.

73 2592 101 2622 6,
119 2591 136 2615 6
161 2587 306 2614 Cruditatis
326 2586 394 2620 ligna
414 2587 473 2612 sunt
493 2585 582 2611 crebri
599 2584 705 2617 rufius,
724 2594 753 2612 ac
765 2585 864 2612 ventris
885 2585 1003 2616 sonitus,
1017 2583 1123 2610 fastidia
1222 2591 1262 2610 IN
1276 2590 1297 2611 T
1309 2591 1369 2610 ER.
1407 2583 1543 2618 [μεταξύ]
1580 2586 1713 2619 Praeposit.
1733 2587 1882 2622 Accufiztiuo
1895 2589 1968 2625 Cafiii
1979 2592 2094 2628 firuiens
2121 2597 2182 2632 fere
2196 2600 2234 2635 st-

72 2618 313 2656 cibijneruorum
331 2622 461 2653 intentio,
483 2620 592 2648 hebetes
611 2620 693 2648 oculi.
788 2620 905 2647 Intentio
924 2620 1054 2658 corporis⁴
1064 2620 1122 2646 Cic.
1184 2620 1290 2656 gnificat
1304 2619 1414 2646 Medium
1431 2621 1584 2654 aliquorum,
1603 2629 1647 2654 quo
1661 2621 1877 2656 tilaſsparentur,
1898 2617 2109 2664 distinguuntur:
2133 2641 2233 2670 uperen..

72 2660 157 2687 Tusc.
177 2667 201 2690 1,
236 2678 243 2685 .
282 2678 288 2685 .
359 2657 506 2683 Oculorum
525 2662 551 2682 et
569 2656 739 2683 maxillarum
754 2654 866 2681 intensio
882 2655 1003 2682 Sci-ibon.
1019 2662 1074 2687 253.
1101 2658 1120 2681 i.
1183 2663 1243 2688 tur,
1261 2662 1413 2691 augeantur,
1434 2662 1480 2680 etc.
1521 2656 1564 2686 Vt,
1583 2656 1656 2682 Inter
1673 2661 1699 2682 te
1718 2663 1743 2682 et
1760 2666 1802 2683 me
1819 2659 1854 2685 est
1867 2669 1966 2689 murus.
2017 2665 2100 2694 Plaut.
2114 2670 2184 2697 Poe„

72 2693 203 2729 conuulfio.
290 2693 406 2720 Intentio
420 2691 509 2723 vocis,
528 2701 592 2733 qui-ie⁴
606 2699 629 2718 et
647 2691 802 2728 Vociferatio
820 2690 872 2716 dici
884 2689 965 2725 potest
979 2700 987 2715 :
1012 2693 1053 2716 cui
1072 2691 1121 2716 Re·
1183 2700 1210 2724 4,
1224 2700 1250 2718 2¹
1276 2692 1346 2718 Sicut
1363 2690 1443 2717 hodic
1456 2699 1504 2716 nos
1520 2691 1591 2730 inter
1604 2691 1676 2717 Alias
1695 2692 1870 2727 praestitimus
1884 2697 2091 2730 pulchritudino,
2162 2680 2232 2734 pini,

71 2730 156 2758 miffio
174 2729 250 2756 vocis
269 2732 402 2765 opponitur
424 2727 555 2760 Qiinelil.
574 2735 600 2758 i,
617 2736 654 2761 ¹7-
758 2726 812 2753 Cic.
825 2725 937 2752 Tuscul.
953 2734 969 2751 2
990 2734 1012 2752 c.
1027 2733 1058 2757 23
1086 2727 1120 2751 Vt
1130 2728 1165 2755 70
1185 2735 1220 2759 13,
1235 2736 1246 2753 2
1271 2728 1342 2754 Inter
1357 2734 1457 2752 omnes.
1530 2726 1590 2752 Liu.
1605 2729 1644 2758 26,
1658 2734 1688 2760 50
1705 2735 1747 2763 pr.
1772 2729 1844 2757 Inter
1856 2738 1966 2760 caetera.
2037 2737 2110 2765 Inter
2122 2743 2192 2769 caesa
2205 2729 2232 2772 e}

72 2775 154 2794 onera
170 2766 299 2792 contentis
314 2763 473 2799 corporibus
489 2763 594 2789 facilius
609 2762 746 2794 feruntur,
766 2760 873 2788 remiffis
891 2760 1046 2796 opprimunt
1060 2771 1065 2787 ι
1091 2760 1122 2787 si-
1183 2763 1305 2797 pofrefia
1320 2763 1376 2789 Cic,
1392 2761 1471 2788 Affic-
1487 2769 1506 2791 ς’
1521 2766 1545 2791 18
1570 2762 1635 2797 quod
1653 2765 1800 2798 explicamus
1816 2766 1839 2802 s
1852 2769 1869 2793 l.
1883 2768 1931 2803 sub
1951 2776 2072 2800 CAEDO.
2110 2776 2184 2804 Inter
2201 2788 2231 2806 os

72 2802 187 2828 niillime
209 2802 310 2828 animus
334 2800 485 2826 intentione
509 2799 553 2825 sua
572 2798 682 2832 depellit
701 2798 812 2832 prcss'um
829 2806 935 2823 omnem
955 2796 1120 2830 ponderum:
1183 2805 1209 2825 et
1223 2798 1303 2825 offam
1312 2798 1392 2832 simile
1407 2797 1533 2834 atlagiimy,
1552 2798 1581 2823 de
1595 2808 1640 2833 quo
1653 2799 1720 2825 Gell.
1734 2808 1767 2832 13,
1780 2809 1804 2831 17
1826 2809 1849 2828 et
1862 2803 1926 2830 illud
1937 2810 2064 2841 comparsit
2077 2819 2130 2837 cum
2139 2814 2233 2842 Graeco

71 2837 222 2865 reniiffione
236 2842 322 2863 autem
335 2835 368 2862 sic
380 2842 500 2868 vrgetur,
513 2840 543 2860 vt
557 2834 582 2860 se
597 2839 711 2868 nequeat
723 2833 858 2859 extollere.
953 2831 1027 2858 Idem
1035 2832 1118 2859 Tusc.
1182 2835 1275 2860 Πολλοὶ
1292 2832 1388 2867 μεταξὺ
1402 2834 1471 2858 πέλει
1489 2832 1586 2858 κύλικος
1599 2833 1641 2868 ιρι)
1655 2835 1749 2867 χείλεος
1764 2835 1843 2871 ἄκρα,
1864 2845 1887 2864 et
1900 2849 1954 2866 cum
1965 2842 2087 2876 Catonis,
2106 2846 2176 2876 inter
2189 2851 2232 2878 of-

72 2883 106 2907 4,
125 2882 137 2904 3
161 2872 189 2898 de
211 2873 389 2908 Pythagoreis,
411 2870 491 2897 Soliti
509 2875 609 2896 mentes
628 2878 643 2896 a
663 2869 856 2903 cogitationum
877 2867 1024 2894 intentione
1044 2874 1120 2895 cantu
1182 2869 1235 2896 fam
1250 2875 1329 2904 atque
1344 2868 1463 2895 herbam.
1536 2869 1604 2896 Ter.
1618 2870 1698 2896 Andr.
1713 2879 1735 2903 3,
1748 2879 1770 2903 3,
1783 2880 1817 2898 20
1841 2874 1898 2900 Irae
1917 2876 1976 2902 sunt
1994 2878 2064 2906 inter
2077 2881 2231 2915 Glycerium

72 2907 223 2943 fidibusque
236 2908 267 2934 ad
279 2906 500 2941 tranquillitatem
516 2905 663 2932 traducere.
732 2904 849 2930 Intentio
862 2903 929 2930 lusus
942 2904 1002 2930 Liu.
1016 2913 1045 2937 4,
1074 2923 1080 2930 .
1113 2923 1119 2930 .
1132 2917 1164 2945 75
1183 2911 1209 2932 et
1224 2912 1348 2940 gnatum,
1368 2912 1412 2930 etc.
1447 2904 1490 2932 An
1503 2907 1530 2929 in
1542 2906 1591 2931 tali
1600 2905 1727 2940 sententia
1742 2916 1789 2933 uox
1802 2908 1872 2935 inter
1888 2909 1953 2937 „effe
1965 2917 2102 2948 geminetur
2133 2919 2231 2948 dubita-

70 2943 204 2976 Intentio,
223 2941 257 2975 est
270 2941 457 2975 Animaduersio
471 2948 495 2967 et
506 2941 655 2977 diIigeniia,
673 2948 721 2976 qua
733 2943 839 2972 animur,
852 2939 886 2966 ad
896 2939 960 2975 quod
970 2939 1121 2970 intenditur,
1182 2948 1235 2967 tum
1249 2939 1291 2974 est.
1355 2940 1498 2968 Solicitauit
1515 2941 1568 2966 loca
1587 2941 1633 2967 duo
1647 2941 1753 2968 Horatii
1769 2944 1909 2979 Bendesm,
1932 2955 2014 2983 ‚Nmpe
2028 2937 2133 2980 serm-³¹
2163 2962 2180 2989 7
2207 2966 2230 2984 11

70 2979 206 3015 dirigitur.
241 2979 352 3004 Animus
365 2978 412 3004 hac
425 2977 573 3005 interitione
589 2985 680 3003 omnes
695 2976 777 3002 totius
791 2975 892 3010 negotii
906 2980 991 3010 partes
1005 2974 1120 3001 conside-
1182 2978 1255 3002 1nter
1268 2975 1385 3003 HeCmra
1399 2975 1565 3006 Priamiden,
1581 2977 1730 3003 animosum
1750 2984 1829 3014 atque
1841 2980 1911 3008 inter
1924 2982 2053 3011 Achillem
2067 2988 2107 3014 Ira
2122 2974 2162 3016 fiii
2180 2975 2188 2988 ³

71 3016 142 3042 rabit
162 3015 217 3041 Cic.
232 3014 264 3040 de
278 3015 334 3040 Inu.
349 3022 364 3040 z
385 3023 406 3040 c.
420 3022 456 3047 14.
533 3012 598 3038 Plin.
612 3011 691 3046 Epist.
704 3013 735 3043 2,
745 3019 758 3044 ς
781 3012 857 3047 Rogo
869 3011 1044 3037 intentionem
1059 3011 1120 3037 scri·
1182 3012 1271 3046 pitalis
1288 3022 1293 3038 :
1327 3015 1431 3046 itemque
1451 3010 1528 3045 Epist.
1543 3019 1563 3044 ι,
1584 3020 1610 3045 z,
1623 3019 1647 3038 12
1671 3013 1769 3041 Nestor
1786 3024 1947 3051 componere
1969 3019 2024 3046 litis
2037 3023 2109 3050 Inter
2122 2996 2230 3055 Pelidceaii

70 3050 158 3078 bentis
172 3049 366 3076 accommodes.
456 3047 590 3082 Qiinffii.
606 3054 629 3080 8,
641 3056 657 3074 z
682 3047 757 3073 Acris
773 3046 869 3074 iudicis
884 3047 1007 3074 intentio.
1044 3046 1118 3082 Cous,
1180 3048 1287 3074 festinat
1313 3053 1339 3073 et
1360 3047 1430 3073 inter
1448 3046 1567 3073 Atriden,
1618 3046 1748 3075 'fflwrmffi
1767 3049 1861 3077 diam„
1877 3060 1968 3088 putat,
1992 3063 2016 3081 e!
2033 3062 2120 3094 magni
2139 3062 2229 3090 emtam

71 3087 137 3113 Plin.
152 3086 212 3112 Pan.
233 3095 255 3111 c.
270 3090 310 3120 78.
382 3084 524 3111 Silentium
538 3083 695 3110 intentionis
714 3082 822 3116 Qiinei.
835 3091 862 3115 4,
877 3091 898 3109 2.
990 3082 1119 3109 Diuidere
1130 3096 1162 3122 30
1180 3083 1266 3115 vellet,
1289 3092 1415 3119 nunquam
1428 3084 1555 3117 prolatum
1574 3083 1604 3109 ab
1625 3085 1741 3111 Horatio.
1795 3087 1909 3123 Reposito
1927 3092 2014 3117 merito
2033 3092 2064 3118 ab
2078 3094 2229 3134 Ciiningamp

71 3121 157 3149 animi
170 3120 345 3147 intentionem
358 3120 431 3147 Idem
447 3128 467 3152 1,
482 3129 501 3147 1.
606 3120 636 3145 In
656 3128 718 3146 cura
732 3118 876 3153 phrenitici
889 3118 1023 3144 Eiicienda
1039 3118 1118 3152 ipsius
1179 3121 1248 3152 loca,
1269 3118 1338 3146 Tib.
1353 3129 1380 3152 4,
1395 3127 1415 3150 1,
1431 3120 1473 3150 [ὅς
1494 3117 1522 3144 de
1535 3119 1611 3145 Zonis
1627 3126 1725 3152 terrae,

73 3156 189 3184 intentio
201 3156 267 3182 Cels.
281 3165 302 3190 3,
318 3161 351 3186 18.
446 3155 563 3182 Intentio
575 3154 679 3189 operis,
703 3153 838 3189 Propositio
857 3161 881 3181 ct
893 3154 1052 3186 deliberatio,
1063 3153 1118 3187 flue
1335 3154 1443 3182 Fertilis
1462 3153 1528 3180 hanc
1549 3154 1716 3190 (torridam)
1733 3155 1885 3191 interposita
1900 3159 1951 3192 est,
1969 3160 2094 3197 interque
2110 3166 2228 3202 rigente.

41 3203 45 3207 .
71 3194 197 3227 conceptio
210 3191 341 3224 Qiinffli.
357 3199 394 3224 10,
408 3200 427 3222 3·
499 3192 641 3227 Diligentia
657 3201 664 3216 :
700 3190 765 3216 Plin.
779 3189 857 3224 Epist.
873 3199 896 3223 2,
911 3199 939 3216 ιο
963 3190 1000 3216 Vt
1014 3195 1116 3216 tantuin
1603 3225 1608 3230 ¹
1848 3194 1950 3227 (Zona,
1964 3200 2103 3233 utrmque.)

25 3251 32 3257 ,
73 3237 153 3255 curae
172 3227 380 3262 intentionisque
397 3227 523 3261 siiscipere
543 3233 568 3253 et
587 3225 679 3261 poffint
695 3231 721 3252 et
737 3225 830 3252 velint.
932 3226 1060 3259 Perpetua
1078 3225 1122 3251 di-·
1335 3224 1504 3266 Nostraque,
1525 3230 1550 3252 et
1563 3224 1624 3252 huic
1639 3224 1746 3252 aduersa
1762 3227 1817 3254 solo
1837 3238 1894 3262 pars
1915 3231 1997 3258 altera
2014 3233 2120 3268 nostro,

18 3270 23 3287 ς
73 3264 168 3291 scentis
183 3263 296 3288 intentio
309 3262 440 3296 Qiinetii.
459 3271 478 3295 i,
492 3271 513 3289 2.
608 3262 693 3288 Locus
712 3261 812 3288 summa
830 3261 978 3288 intentione
998 3262 1117 3287 seruetur
1132 3263 1163 3293 85
1335 3262 1407 3294 Qias
1427 3268 1551 3296 vti-inque
1572 3266 1661 3288 tenens
1678 3261 1769 3289 similis
1788 3264 1888 3292 vicinia
1911 3267 1977 3293 caeli

29 3308 35 3318 ‘⁴
72 3299 187 3327 intao'ius
200 3297 295 3324 Pallad.
309 3298 376 3332 Sept.
399 3304 418 3324 t.
433 3307 469 3324 10.
540 3297 649 3331 Qun&
660 3302 681 3329 8,
695 3305 712 3324 2
732 3298 789 3324 Nec
803 3297 833 3324 sit
846 3303 899 3324 tam
914 3297 1006 3331 longus
1021 3298 1116 3328 sermo,
1334 3297 1500 3331 Temperat,
1519 3304 1564 3336 clf.
1613 3331 1619 3336 ι

31 3356 36 3364 .
73 3342 103 3363 vt
118 3344 179 3361 euni
193 3342 246 3359 non
261 3333 384 3368 prosequi
398 3333 471 3368 poffit
485 3333 609 3360 intentio.
712 3333 779 3360 Plin.
791 3333 866 3368 Epist.
883 3343 910 3364 4,
928 3340 952 3364 ¹3
980 3333 1036 3367 Ipse
1054 3341 1116 3367 pau·
1179 3332 1210 3359 Et
1224 3331 1342 3367 Propert.
1358 3341 1379 3365 2,
1393 3341 1432 3364 23,
1446 3340 1470 3364 ις
1496 3331 1598 3358 Deinde
1611 3337 1681 3359 inter
1693 3338 1804 3360 matrem
1818 3335 1888 3363 Deus
1902 3337 1960 3372 ipse
1972 3338 2094 3376 Interque
2107 3342 2227 3371 sororem

75 3371 141 3397 culis
159 3368 242 3396 adhuc
261 3367 354 3395 diebus
372 3369 401 3394 in
413 3369 567 3396 Tusculano
587 3368 790 3402 commorabor,
809 3374 838 3396 vt
853 3368 1024 3402 opusculum,
1043 3367 1115 3403 quod
1180 3368 1304 3401 Pythius,
1322 3368 1409 3404 Apollo
1423 3371 1489 3393 inter
1503 3368 1624 3394 Latonam
1644 3375 1666 3394 et
1679 3370 1796 3397 Dianam.
1852 3373 1920 3399 Satii
1934 3374 1990 3407 estet
1999 3375 2055 3408 stne
2067 3376 2138 3404 dubio
2154 3379 2228 3408 Inter

73 3407 109 3433 est
125 3406 154 3432 in
167 3403 305 3438 manibus,
323 3403 465 3431 absoluam.
500 3406 602 3431 Vereor
614 3405 702 3437 enim,
717 3413 749 3431 ne
761 3405 779 3431 fi
794 3405 859 3432 hauc
873 3404 1049 3431 intentionem
1063 3404 1116 3430 iam
1180 3403 1296 3430 Heeiora
1311 3410 1336 3430 et
1350 3403 1486 3431 Achillen,
1506 3404 1578 3429 I‘iter
1591 3403 1701 3430 Atriden
1715 3410 1741 3431 et
1753 3406 1876 3439 Peliden,
1893 3409 1965 3436 Inter
1980 3409 2046 3438 hanc
2064 3418 2089 3439 et
2103 3414 2226 3448 rigentes,

75 3443 109 3469 in·
127 3441 179 3467 fine
202 3440 344 3472 laxauero,
372 3447 448 3472 aegre
468 3441 608 3467 resumam.
711 3440 795 3468 Audit
816 3439 944 3474 discipula
966 3440 1116 3466 intentione
1124 3445 1160 3470 90
1180 3440 1253 3466 Inter
1266 3446 1376 3466 matrem
1391 3446 1415 3465 et
1429 3439 1561 3465 sororem:
1585 3449 1639 3465 cum
1652 3440 1680 3465 de
1694 3450 1741 3466 uno
1754 3441 1822 3467 modo
1836 3442 1912 3469 medio
1919 3445 2051 3480 firmasit.
2086 3449 2148 3476 Alia
2159 3454 2228 3478 ratio

74 3485 185 3511 magna,
203 3481 227 3502 et
242 3474 330 3501 reddit
348 3474 413 3501 Plin.
428 3483 467 3508 10,
481 3484 520 3508 29.
541 3476 570 3502 de
584 3475 727 3511 philomela.
834 3477 932 3502 Recens
950 3475 1116 3502 audientium
1180 3473 1213 3508 est
1227 3473 1344 3508 illorum,
1365 3474 1434 3501 Tib.
1449 3482 1472 3504 2,
1489 3482 1508 3506 1,
1523 3476 1558 3508 67
1578 3474 1635 3508 Ipse
1648 3475 1890 3512 interquegreges,
1909 3480 2030 3516 interque
2045 3491 2162 3511 armenta
2176 3487 2228 3514 Cu-

29 3542 31 3545 ,
75 3512 189 3540 intentio
208 3510 339 3545 Qiinetii.
353 3518 381 3543 4,
394 3518 413 3536 1.
504 3511 653 3538 Intentione
666 3511 787 3545 diligenti
795 3517 895 3538 'notare
915 3510 982 3537 Plin.
997 3519 1023 3544 9,
1038 3519 1076 3543 39.
1097 3514 1116 3538 i.
1181 3510 1254 3546 pido.
1326 3510 1412 3538 Valer.
1426 3510 1507 3536 Flacc.
1523 3517 1577 3549 5,ss
1595 3511 1663 3536 Ecce
1680 3511 1751 3537 inter
1764 3511 1893 3546 lacrimas,
1914 3515 2039 3552 interque
2056 3525 2172 3548 extrema
2187 3522 2228 3549 vi-

26 3555 31 3572 :
73 3549 207 3585 diligenter
222 3546 355 3582 obseruare.
409 3544 533 3579 Dirigere
547 3547 722 3574 intentionem
740 3553 794 3574 tota
807 3553 894 3573 mente
911 3546 939 3572 in
952 3555 1018 3581 opus
1032 3547 1118 3581 Quin·
1157 3569 1165 3576 ,,
1180 3555 1283 3574 rorum.
1354 3546 1385 3572 Et
1400 3548 1425 3575 6,
1441 3553 1490 3578 509
1507 3545 1706 3585 Seminecesque
1719 3546 1794 3574 duces
1807 3548 1876 3575 inter
1890 3551 1932 3576 sua
1946 3551 2011 3585 tela,
2029 3554 2142 3589 suosque
2154 3558 2228 3585 Inter

29 3603 31 3606 ,
74 3584 130 3611 eiii,
146 3592 182 3615 10,
202 3590 223 3614 3,
236 3586 275 3611 28.
299 3612 301 3615 γ
371 3580 516 3607 Remittere
534 3580 708 3610 intentionem
727 3583 824 3610 iudicis
836 3583 909 3610 Idem
927 3591 961 3615 4,
979 3591 997 3608 1.
1070 3583 1118 3608 Ac·
1181 3591 1278 3616 equos,
1298 3588 1344 3608 etc.
1407 3582 1482 3607 Talia
1493 3580 1557 3616 sunt
1575 3581 1621 3607 Sil.
1637 3590 1673 3612 ιι,
1695 3587 1737 3612 ¹80
1756 3583 1793 3617 sq.
1867 3586 2006 3615 Claudian.
2021 3589 2108 3617 Rulin.
2122 3600 2155 3625 2,
2175 3601 2227 3626 195·

75 3617 245 3646 commodare
258 3616 449 3648 intentionem,
475 3616 529 3655 vid.
547 3624 762 3645 ACCOMMODO.
940 3616 960 3653 q
982 3626 995 3643 2
1031 3618 1119 3644 Inten-
1132 3619 1164 3645 95
1183 3619 1214 3644 In
1228 3618 1319 3645 talibus
1333 3619 1396 3643 enim
1411 3616 1456 3642 duo
1466 3616 1543 3656 fiant,
1558 3620 1585 3641 in
1599 3626 1854 3656 quorunnwzoquoque
1867 3622 1962 3648 medius
1977 3625 2070 3660 aliquis
2083 3626 2127 3660 effi:
2136 3628 2225 3662 potest.

74 3655 115 3682 fio
133 3654 199 3689 apud
211 3653 323 3679 rhetoras
340 3650 407 3677 ιιὲῗιο
422 3649 470 3682 est,
486 3653 538 3685 Jiue
552 3654 714 3689 accusationis
721 3654 845 3691 formula.
881 3653 990 3687 Qiinft.
1006 3662 1029 3685 3,
1044 3662 1059 3685 9
1075 3659 1120 3688 pr.
1181 3653 1288 3687 Obfture
1300 3655 1423 3679 locuturus
1437 3659 1489 3677 erat
1503 3653 1613 3682 Cicero,
1633 3654 1726 3685 nisisii:
1739 3654 1855 3689 pofiiiſjet
1868 3656 1901 3683 de
1915 3658 1971 3684 Fin.
1987 3668 2007 3692 ι,
2019 3669 2050 3692 30
2070 3671 2090 3687 c.
2105 3671 2122 3694 9
2143 3664 2225 3688 Inter-

76 3691 166 3717 Genus
191 3688 315 3715 iudiciale
341 3685 437 3713 officiis
461 3686 559 3713 constat
580 3688 699 3724 duobus,
726 3690 882 3718 intentionis
902 3695 926 3715 et
947 3688 1116 3723 depulsionis.
1181 3689 1230 3714 esse
1244 3689 1317 3715 enim
1331 3690 1400 3714 inter
1412 3694 1594 3722 argumentum
1607 3688 1853 3725 conclusionemque
1866 3693 1992 3726 rationis,
2005 3702 2030 3722 et
2044 3697 2112 3722 inter
2123 3698 2224 3723 medio.

77 3727 133 3752 Cic.
148 3725 178 3752 de
192 3727 295 3751 lniient.
313 3732 332 3754 ι,
346 3731 369 3754 13
398 3722 556 3748 Intentionis
576 3722 699 3758 depuiflo.
793 3725 924 3761 Quinftil.
938 3732 970 3759 7,
985 3733 1012 3757 ς,
1026 3733 1042 3751 2
1073 3723 1115 3750 Est
1181 3732 1251 3750 crem
1271 3723 1523 3751 animaduersionem
1543 3728 1620 3756 atque
1638 3722 1857 3753 admonitionem.
1909 3730 2006 3756 Similis
2021 3735 2086 3756 ratio
2103 3730 2135 3757 el}
2152 3731 2223 3758 Lael.

76 3760 174 3795 duplex
199 3761 255 3786 ejus
277 3757 473 3792 disceptationis
493 3756 633 3791 conditio,
652 3761 722 3795 quod
741 3768 787 3790 aut
805 3761 918 3789 intentio
937 3759 1049 3794 (afim)
1072 3764 1117 3785 aut
1181 3766 1213 3791 95
1231 3768 1252 3785 c.
1266 3768 1295 3792 23
1315 3761 1435 3790 Concio,
1456 3767 1523 3792 quac
1537 3767 1569 3784 ex
1582 3758 1779 3792 imperitiffiiuis
1793 3762 1900 3795 constat,
1920 3770 2005 3791 tamen
2019 3759 2134 3791 iudicare
2147 3767 2222 3799 solet,

76 3796 248 3831 praescriptio
265 3794 417 3829 (excePtio)
437 3792 516 3819 habet
534 3796 746 3825 controuersiam.
824 3798 951 3831 leianus
965 3796 992 3822 in
1006 3795 1023 3821 l.
1039 3804 1047 3821 1
1069 3793 1090 3832 §.
1107 3804 1173 3825 1100
1181 3795 1244 3828 quid
1261 3795 1361 3822 intersit
1380 3795 1450 3820 inter
1462 3793 1633 3827 popularem,
1652 3795 1679 3820 id
1695 3795 1731 3821 est
1743 3797 1923 3826 assentatorem
1941 3808 1967 3827 et
1979 3801 2061 3826 leuem
2076 3800 2176 3833 ciuem,
2197 3808 2223 3829 et

77 3830 115 3858 D:
123 3833 149 3858 Si
165 3832 270 3858 mensor
283 3830 376 3856 falsum
391 3828 463 3855 mod.
489 3835 534 3855 etc.
571 3829 597 3854 Si
611 3835 698 3857 autem
711 3841 742 3859 ex
758 3833 844 3860 locato
859 3832 939 3858 fuerit
955 3831 1057 3857 achim:
1078 3831 1117 3857 di.
1181 3830 1252 3856 inter
1265 3831 1422 3857 constantem
1432 3849 1441 3861 ,
1462 3830 1580 3856 seuerum
1590 3849 1598 3862 ,
1615 3835 1641 3855 et
1655 3839 1771 3864 grauem.
1810 3836 1869 3861 Non
1881 3844 1952 3870 aeque
1965 3834 2095 3867 necistiiria
2102 3835 2161 3870 fuit
2174 3836 2222 3868 (sta

78 3868 188 3894 cendum
204 3868 269 3899 erit,
290 3875 336 3891 nec
357 3871 445 3891 tenere
457 3863 641 3890 intentionem.
733 3868 866 3902 Papinian.
882 3868 909 3894 in
926 3867 942 3893 l.
957 3876 965 3893 1
985 3865 1006 3904 §.
1027 3868 1117 3899 Quini
1181 3868 1294 3900 repetitio
1313 3866 1345 3892 de
1360 3866 1422 3891 Fato
1444 3873 1472 3904 ¹.9
1494 3873 1515 3890 c.
1529 3873 1545 3897 9
1571 3865 1618 3890 Sed
1635 3865 1741 3893 interest
1754 3868 1822 3895 inter
1836 3871 1921 3896 causas
1934 3870 2046 3895 fortuito
2060 3872 2221 3905 antegressas,

77 3902 214 3937 praedium
238 3903 269 3929 D.
286 3901 316 3927 de
330 3901 434 3934 pigrior.
449 3905 474 3926 et
488 3899 598 3934 hypoth.
615 3900 750 3933 Qioniam
762 3905 880 3937 quaestio
895 3904 1014 3938 pignoris
1028 3902 1060 3929 ab
1080 3902 1119 3928 in·
1180 3907 1206 3927 et
1220 3901 1291 3928 inter
1304 3902 1389 3928 causas
1403 3899 1555 3926 cohibentes
1572 3900 1601 3926 in
1614 3901 1638 3927 se
1652 3901 1817 3930 efficientiam
1831 3905 1982 3931 naturalem.
2085 3905 2219 3934 1d.Parad.

76 3938 196 3964 tentione
209 3938 323 3964 dominii
337 3938 476 3970 separatur.
570 3935 680 3962 Perdere
693 3936 867 3967 intentionem
881 3940 984 3974 leian.
1003 3939 1030 3964 in
1045 3938 1063 3963 l.
1077 3939 1117 3964 lu·
1183 3945 1193 3963 1
1215 3945 1235 3962 c.
1251 3948 1270 3970 4
1290 3937 1328 3963 Sic
1343 3944 1368 3962 te
1382 3936 1434 3969 ipse
1448 3935 1557 3961 abiicies
1570 3942 1648 3971 atque
1662 3939 1821 3972 prosternes,
1840 3946 1868 3965 vt
1883 3939 1950 3965 nihil
1966 3939 2036 3966 inter
2049 3946 2074 3966 te
2089 3946 2166 3974 atque
2181 3942 2222 3968 in-

39 3984 44 3989 ¹
78 3971 164 4000 lianus
186 3971 210 4011 §.
231 3974 365 4006 Quantum
387 3972 420 3998 D.
440 3970 480 3998 Ad
496 3970 685 3999 exhibendum.
881 3973 902 4012 q
923 3984 937 4008 3
973 3973 1168 4011 Propqlitio‚i.05
1182 3977 1223 4000 ter
1237 3971 1433 4008 quadrupedem
1447 3971 1566 4007 aliquam
1580 3975 1655 4007 p'utes
1668 3974 1794 4004 intes-effe.
1833 3974 1892 4003 Vid.
1907 3976 2012 4002 Gronau.
2050 3977 2117 4002 Nam
2131 3977 2219 4003 Graeu.

234 4015 318 4036 vot..
353 4008 390 4036 11.
1411 4013 1430 4042 7
1450 4006 1463 4033 1
2096 4010 2220 4047 posterius
