2479 4225
22 1323 31 1329 “
71 1322 121 1348 nii.
134 1329 173 1348 21.

545 210 588 250 N
675 208 707 250 F

35 308 38 314 ·
69 296 198 327 Interdum
209 295 274 324 naid
284 294 336 325 fari
349 298 390 325 vel
402 296 489 325 dicere
502 301 638 326 omittitur.
709 298 770 325 Liu.
788 306 808 331 1,
822 301 853 328 28
871 295 948 324 Tum
961 294 998 322 ita
1011 293 1112 323 Tullus

28 362 31 371 ,
69 331 136 362 infit.
192 334 224 359 Et
235 342 257 366 3,
269 341 299 365 71
325 332 367 359 Ibi
386 333 461 366 infit,
474 343 571 361 annum
590 335 616 361 se
640 333 748 361 tertium
767 340 793 360 ct
810 331 1005 366 nonagesimum
1026 340 1111 366 agere.

70 368 138 430 Ααὲἰᾱ.
156 377 176 401 1,
189 376 229 400 23.
265 369 307 395 Sic
319 369 396 403 Virg.
411 371 476 397 Aen.
491 377 514 403 5,
525 375 575 404 708
601 371 678 405 Isque
697 369 738 396 his
752 370 868 396 Aeneam
886 367 981 394 solatus
1001 367 1110 395 vocibus

70 405 100 432 in
122 408 140 430 t.

74 444 77 448 ’
108 442 176 465 1N1=
187 445 226 465 ιτ
237 444 252 464 E
264 443 283 464 o
294 446 331 472 R,
351 441 401 466 eri.
426 442 445 466 i.
465 448 519 467 non
532 439 626 473 fateri,
641 440 737 467 Festus.

106 480 118 500 ι
128 478 177 499 NF
188 480 198 499 1
207 480 246 500 T1
256 481 275 501 o
284 481 303 502 R
323 485 377 501 cum
397 479 519 512 copiatis.
560 475 619 502 Vici.
641 482 651 501 1
663 482 712 510 Νι
722 483 732 502 ι
742 479 806 501 cto
815 479 845 500 R.

89 514 295 543 ¹1NF1xvs,
330 510 384 537 vid.
422 517 578 538 1NF1GO.

105 551 117 570 1
127 551 149 570 N
157 550 174 570 F
184 551 199 570 L
209 551 230 571 A
241 550 258 571 c
269 552 286 573 c
294 552 311 572 ε
320 553 339 573 o
348 566 356 578 ‚
380 550 433 573 ere.
470 546 630 582 Marci—fiere.
667 546 740 573 Non.
756 553 782 576 2,
795 552 835 576 323
860 542 1037 571 Inflaccebunt
1052 551 1114 571 con-

72 577 187 641 ditbiones
199 581 339 614 repudiato
352 587 378 608 et
390 581 505 609 reddito.
521 591 550 608 ex
565 581 661 608 Ennio.
696 579 745 609 Sed
756 580 867 608 Mercer.
880 587 906 614 p.
922 587 962 605 110
990 580 1035 607 Sin
1055 581 1114 607 ssac-

72 622 101 641 τε
123 620 169 641 unt
200 623 248 642 etc.
774 617 781 621 ⁴

109 657 149 676 1N
159 635 200 677 F’L
209 658 228 677 Α
240 657 260 678 G
269 658 289 678 R
299 657 320 678 o
329 671 336 683 ,
353 655 406 679 are.
442 652 524 679 Solin.
539 661 560 679 c.
575 659 589 686 ς
608 653 742 679 Sarmenta
755 650 817 676 lieet
827 647 925 676 viridia
938 649 1025 683 ignem
1039 650 1113 685 spon-

70 690 99 746 ἒς
111 686 278 721 concipiunt,
298 693 325 714 et
340 688 414 715 nullo
432 688 588 723 inflagrante
607 687 708 720 halitu,
721 686 754 713 ab
773 686 830 721 ipso
848 685 957 711 numine
976 685 1005 712 fit
1025 695 1112 713 accen-

92 729 156 747 ium.

110 763 120 782 1
131 763 154 782 N
164 763 181 783 F
190 764 207 783 L
216 764 237 784 A
246 764 270 784 M
280 764 333 785 Mo
344 777 352 790 ,
374 762 426 785 are.
461 759 566 792 [φλέγω
574 777 583 791 ,
602 758 744 792 tuimur...]
781 754 920 783 Incendere.
955 755 1010 782 Cic.
1034 757 1111 783 Verr.

73 799 102 824 4,
117 794 164 818 106
181 793 268 825 Qiam
283 802 365 828 quum
379 794 536 828 inuestigare
554 799 581 820 et
593 794 751 828 conquirere
763 793 840 818 Ceres
853 790 948 822 vellet,
962 792 1059 819 dicitur
1074 793 1112 818 in-

74 827 214 853 ssammaffe
226 828 313 855 taedas
326 829 359 855 iis
372 829 493 863 ignibus,
505 829 552 864 qui
565 837 598 855 ex
613 830 713 856 Aetnae
725 828 824 854 vertice
843 833 990 860 erumpunt.
1061 828 1113 855 Vr—

72 861 137 890 bem
156 863 370 891 inflammandam
380 863 467 895 ,Cassio
480 864 603 901 attribuit
617 865 671 892 Cic.
685 864 762 890 Catil.
776 872 795 896 4
813 872 834 888 c.
847 863 873 888 6.
944 863 1016 889 Idem
1035 864 1112 890 Verr.

73 905 97 931 5,
111 898 145 930 96
158 908 179 924 c.
194 907 222 932 35
247 900 355 927 Clafl'em
374 899 579 934 pulcherrimam
594 902 656 935 Pop.
669 900 746 926 Rom.
760 899 789 925 in
805 898 867 924 litus
880 899 1010 932 expulsam
1024 905 1049 925 et
1063 900 1115 924 eie-

73 932 159 964 ‹fiam‚
172 943 254 969 quum
275 935 392 970 primum
410 935 650 969 aduesperasceret,
669 934 844 965 inflammari,
862 933 1019 969 incendique
1039 934 1113 961 iuffit.

45 220 147 264 ’μοι
440 208 457 249 1

73 969 130 995 Cic.
144 970 176 995 de
190 971 209 996 F
212 970 248 997 in.
265 979 283 1001 1,
295 978 321 1004 31
352 972 424 1004 Quas
441 971 513 997 nulla
533 971 628 1006 praeda
642 979 759 1005 vnquam
773 968 896 1003 improbe
916 976 987 1003 parta
1008 970 1113 1000 minuit,
1127 979 1162 998 20
1176 979 1217 996 cas
1231 968 1324 995 inflet?

76 1004 121 1031 ted
133 1011 211 1039 auget
228 1007 314 1040 potius
334 1012 412 1041 atque
432 1005 586 1033 inflammat.
657 1005 830 1036 Inflammari,
843 1006 961 1031 translat.
974 1012 1022 1041 pro
1041 1007 1048 1031 1
1054 1006 1114 1031 ''ehe-

73 1047 168 1067 menter
187 1047 316 1076 appetere,
330 1049 353 1067 et
372 1041 507 1075 dgliderare
528 1041 639 1078 aliquid:
687 1042 742 1068 Cic.
756 1041 789 1067 de
799 1040 907 1066 Amicit.
927 1049 957 1075 27
989 1042 1114 1068 Honores

74 1083 156 1107 vero,
169 1085 284 1110 quorum
298 1076 444 1111 cupiditate
460 1077 568 1112 quidam
582 1078 792 1107 inflammantur,
812 1084 890 1110 quam
904 1076 979 1103 multi
999 1077 1035 1102 ita
1053 1086 1114 1103 con-

73 1115 212 1143 temnunt,
235 1118 264 1137 vt
288 1112 358 1138 nihil
384 1113 488 1140 inanius
508 1114 572 1146 else,
597 1112 667 1139 nihil
684 1112 768 1138 leuius
788 1110 945 1138 existiment.
1014 1114 1113 1139 Amore

73 1153 172 1179 magno
185 1146 361 1174 inflammatus
376 1149 452 1183 Virg.
465 1149 530 1175 Aen.
550 1157 572 1181 3,
585 1156 640 1182 330.

73 1180 103 1206 di
118 1181 173 1207 Cic.
188 1182 266 1209 Verr.
281 1192 308 1215 4,
344 1202 350 1209 .
388 1204 396 1210 .
462 1183 610 1211 Fui-oribus
629 1182 703 1210 Idem
719 1183 752 1209 de
763 1182 857 1217 Legib.
876 1191 898 1216 3,
917 1192 954 1209 22.
1022 1184 1113 1209 Incen*

72 1214 125 1241 diis
137 1216 311 1251 cupiditatum
323 1217 362 1245 Id.
377 1219 410 1245 de
422 1219 479 1246 Fin.
493 1228 515 1252 5,
528 1228 568 1251 32.
637 1218 715 1245 Odiis
735 1218 796 1245 Stat.
811 1217 903 1244 Theb.
916 1228 938 1251 3,
952 1223 1001 1250 338.
1064 1220 1113 1245 Ra-

71 1250 119 1277 bie
130 1253 194 1287 equi
208 1252 405 1281 inflammantur
423 1254 489 1281 Ptin.
508 1262 546 1286 35,
559 1259 582 1283 8.

649 1254 751 1280 Scelere
768 1259 794 1280 et
813 1254 905 1280 furore
932 1255 987 1280 Cic.
1001 1256 1075 1281 Verr.
1091 1263 1114 1287 5,

72 1289 130 1313 160.
201 1288 249 1322 Spe
269 1289 388 1323 potiendi
412 1290 484 1316 Idem
498 1289 530 1316 de
542 1289 598 1315 Fin.
611 1298 632 1322 1,
644 1291 688 1316 60.

757 1289 880 1316 Studium
901 1289 938 1316 Id.
950 1298 999 1324 pro
1014 1291 1042 1316 L.
1057 1292 1113 1316 Ma-

70 1362 158 1384 matus
177 1358 269 1392 fuisti,
288 1360 363 1386 omni
383 1369 445 1387 cura
463 1366 542 1395 atque
562 1360 690 1388 industria
710 1361 880 1395 consequare.
950 1361 1022 1387 Idem
1036 1357 1119 1388 Verr.'

71 1400 97 1426 5,
113 1399 154 1433 139
172 1394 268 1429 Neque
282 1396 437 1429 cuiusquam
450 1395 483 1422 ad
502 1396 703 1422 inflammandos
721 1396 820 1423 vestros
839 1397 942 1423 animos
962 1396 1113 1432 eloquentia

69 1435 233 1462 requiratur.
305 1430 432 1457 Animum
447 1431 623 1457 inflammauit
634 1440 726 1458 amore
741 1431 817 1466 ,Ἧι-ς.
831 1433 896 1463 Aen.
909 1441 935 1465 4,
950 1440 990 1465 54.
1055 1433 1112 1460 Cic.

71 1463 152 1490 Verr.
166 1473 191 1497 2,
204 1470 245 1498 89,
259 1474 288 1497 19
307 1467 373 1492 Eum
387 1472 475 1493 autem
488 1467 659 1493 inimicissimi
669 1467 772 1493 Sthenii
785 1469 895 1494 domum
910 1469 980 1494 suam
993 1468 1115 1499 inuitant,

709 1146 862 1182 Cupiditate
875 1147 976 1182 aliquid
993 1148 1113 1174 auferen-
1130 1156 1162 1183 25
1175 1147 1279 1174 mifl'um
1294 1145 1433 1174 excitaret,
1450 1148 1493 1169 aut
1507 1151 1521 1169 a
1535 1141 1705 1169 contentione
1723 1143 1870 1166 reuocaret.

241 1325 297 1351 Cic.
311 1325 383 1351 Fam.
397 1334 417 1356 1,
429 1333 446 1359 7
465 1326 578 1351 Omnem
591 1325 705 1359 gloriam
719 1324 752 1351 ad
764 1334 843 1359 quam
854 1333 869 1351 a
884 1326 997 1360 pueritia
1011 1326 1112 1352 inflam-
1131 1337 1163 1362 30
1177 1333 1226 1351 nae
1245 1322 1373 1349 inflantur
1389 1321 1463 1348 Idem
1478 1321 1529 1349 186.
2059 1353 2065 1357 Ι
2139 1355 2143 1358 ⁴
2203 1355 2208 1358 ²

1170 1360 1224 1394 Jiue
1239 1358 1330 1386 Flando
1344 1359 1461 1383 iniicere:
1495 1355 1562 1381 Cato
1575 1354 1607 1380 de
1621 1354 1651 1380 R.
1667 1354 1698 1379 R.
1711 1362 1732 1379 c.
1746 1360 1781 1387 97
1801 1353 1841 1378 De
1854 1351 1935 1379 modo
1948 1352 2067 1386 palumbi
2080 1353 2222 1386 farc1end1,

1556 199 1823 245 INF

1173 299 1270 332 tiquam
1281 293 1395 327 verbum,
1408 291 1569 329 fignificabat
1582 292 1684 329 ferire,
1692 289 1802 327 Pulfizre.
1837 292 1986 328 Colaphum
1999 292 2136 328 infligere,
2150 292 2217 330 quod

1174 339 1197 358 ct
1210 334 1344 367 impingere
1358 330 1452 355 dicitur
1467 330 1532 355 Plin.
1547 334 1570 362 8,
1584 330 1623 361 36.
1652 328 1756 363 Legitur
1775 329 1802 352 in
1821 327 1913 360 vctusio
1932 329 2027 362 codice,
2041 330 2158 357 Infra&0
2171 339 2215 357 co.

1175 367 1263 402 lapho.
1335 366 1391 392 Cic.
1408 365 1436 391 in
1450 364 1538 391 Vatin.
1553 372 1583 390 20
1597 373 1619 390 c.
1635 369 1648 392 8
1672 363 1700 388 S1
1718 361 1750 388 ad
1765 367 1865 388 caetera
1878 363 2000 394 vulnera,
2012 364 2108 398 quibus
2119 366 2216 400 putasti

1175 401 1401 437 Rcmpub.-delcri
1411 420 1419 432 ‚
1433 399 1497 425 hane
1510 408 1616 434 quoque
1631 397 1800 425 mortiferam
1813 396 1912 432 plagam
1926 398 2060 426 inliixiii‘es
2072 409 2215 435 auguratus

1175 439 1225 464 tui.
1295 437 1351 464 Cic.
1366 437 1394 462 in
1410 436 1495 461 Pison.
1509 438 1536 467 63
1555 444 1576 461 c.
1591 436 1622 461 26
1649 434 1684 460 Vt
1702 432 1771 459 mihi
1789 432 1835 459 illa
1855 432 1945 458 omnia
1964 432 2140 462 immortalem
2157 437 2216 470 glo-

1176 475 1244 500 riam
1257 472 1393 504 dederint,
1412 471 1464 496 tibi
1479 471 1662 504 sempiternam
1681 468 1872 502 turpitudinem
1890 467 2047 494 inflixerint.
2118 472 2214 499 Vsum

1175 509 1278 536 Paullus
1297 509 1326 534 in
1347 508 1364 533 l.
1378 507 1457 534 Caius
1471 506 1503 532 D.
1517 506 1548 531 de
1564 505 1648 531 vsuris
1661 510 1686 530 et
1701 503 1779 530 fruet.
1792 510 1818 530 et
1830 502 1897 530 caus.
1970 503 2026 529 Cic.
2043 503 2070 529 in
2083 505 2166 532 Pison.
2185 516 2214 540 32

1176 546 1252 578 Qiac
1266 552 1338 570 meus
1354 542 1471 568 discess'us
1486 540 1599 575 Reipub.
1614 540 1723 566 vulnera
1736 539 1854 565 inflixit?
1871 538 1944 574 Conf.
1959 537 1997 565 Id.
2006 536 2095 565 thim
2108 550 2129 566 c.
2141 550 2178 568 21.

1214 587 1220 604 ι
1232 587 1253 605 N
1266 585 1281 604 F
1293 587 1308 605 L
1318 586 1326 604 1
1337 585 1353 605 C
1363 585 1383 605 T
1392 584 1412 602 v
1422 584 1451 610 s,
1473 575 1510 602 sis.
1533 585 1569 601 m.
1604 575 1705 602 Arnob.
1720 583 1732 607 3
1745 584 1770 609 p.
1784 583 1819 601 ιιι
1839 575 1964 608 Quorum
1975 573 2079 600 inflictu
2091 581 2117 601 et
2128 578 2216 604 mobi-

2133 218 2217 248 1102

1130 630 1159 648 10
1175 615 1248 642 litate
1263 615 1353 649 lingua
1367 614 1443 639 sonos
1455 611 1587 638 articulat.

1213 653 1457 680 1NFL1c‘r10,
1477 647 1543 673 onis.
1563 646 1583 673 f.
1619 644 1727 673 Theod.
1746 645 1812 672 Cod.
1833 644 1850 670 l.
1869 652 1886 678 9
1903 644 1947 671 tit.
1968 652 1993 677 13
2024 644 2126 672 Multae
2144 646 2216 675 infli-

1177 686 1265 712 &ione
1280 685 1424 718 corrigere.

1212 726 1351 751 INFLO,
1376 723 1430 744 Ere.
1473 716 1606 751 [φυσσοῖω,
1625 715 1776 750 ἓμφυσσοῖω,
1793 713 1901 749 Ouanota]
1941 714 2118 751 Turgefacert'.
2159 718 2217 744 Cic.

1177 756 1256 783 Acad.
1277 765 1304 790 4,
1323 757 1354 785 86
1391 755 1421 780 Et
1441 752 1516 779 simul
1536 753 1640 779 insinuit
1658 751 1771 782 tibicen,
1793 759 1808 776 a
1828 750 1914 785 perito
1933 759 2037 777 carmen
2055 752 2218 785 agnoscitur.

1131 802 1158 829 ις
1175 793 1216 820 Sic
1229 793 1314 818 Varro
1328 789 1361 816 de
1375 790 1406 815 R.
1421 789 1452 815 R.
1467 797 1489 820 3,
1502 797 1526 820 13
1553 787 1652 814 Vidisti
1670 787 1702 814 ad
1717 787 1832 813 inflatam
1851 785 1990 812 buccinam
2009 791 2082 813 certo
2095 793 2218 828 tempore

1176 836 1252 862 apros
1266 832 1291 852 et
1309 833 1412 860 capreas
1426 823 1569 850 conuenire
1588 823 1629 850 ad¹
1640 822 1776 857 pabulum.
1832 821 1907 855 Virg.
1922 822 2015 854 Ecl.'·5,
2028 830 2043 848 z
2071 822 2139 850 Boni
2154 832 2218 850 con.

1175 864 1297 890 venimus
1309 861 1388 887 ambo
1397 880 1405 893 ,
1441 860 1489 886 Tu
1503 859 1615 885 calamos
1628 858 1720 884 inflare
1736 857 1822 889 leues,
1836 865 1886 890 ego
1899 855 1986 884 dicere
1999 858 2096 884 versus.
2165 860 2218 886 Ex.

1175 899 1275 925 animat
1292 897 1377 923 lentus
1398 895 1542 929 spectator,
1556 893 1661 921 sedulus
1680 894 1754 919 inflat
1773 893 1839 918 Hor.
1851 892 1929 925 Epist.
1943 900 1966 924 2,
1981 901 2001 924 1,
2017 897 2068 928 178.
2139 894 2217 923 Idem

1176 935 1258 961 Serm.
1273 941 1292 964 1,
1309 941 1329 964 ι,
1340 940 1365 958 21
1394 929 1467 964 Quid
1482 931 1571 957 causae
1589 929 1643 962 cst,
1659 931 1725 963 quin
1744 928 1796 954 illis
1810 929 1928 963 Iuppiter
1946 929 2035 954 ambas
2059 929 2143 955 Iratus
2152 930 2218 957 Buc-

1394 966 1520 993 Carbasus
1533 966 1642 992 inflatur
1654 963 1832 997 AustroVirg.
1842 964 1906 990 Aen.
1920 971 1942 995 3,
1955 970 2009 998 357.
2081 964 2138 991 Nee
2152 965 2218 993 dum

1175 1005 1314 1032 audierant
1331 1003 1420 1029 inflari
1437 1000 1542 1028 Classica
1560 1000 1636 1033 Virg.
1651 1000 1749 1032 Georg.
1765 1007 1789 1030 2,
1801 1007 1853 1030 539.
1924 999 1980 1025 Cic.
1994 998 2026 1024 de
2039 1000 2112 1026 Orat.
2131 1009 2155 1033 3,
2168 1008 2200 1028 22

1176 1042 1263 1074 Qiem
1277 1039 1381 1065 seruum
1399 1037 1448 1064 fibi
1467 1036 1512 1062 ille
1532 1035 1626 1062 habuit
1643 1033 1676 1061 ad
1690 1042 1813 1065 manum,
1834 1042 1893 1059 cum
1914 1034 2057 1060 eburneola
2075 1035 2166 1062 solitus
2179 1046 2193 1063 e

1176 1076 1273 1102 habere
1287 1073 1381 1106 fistula,
1400 1073 1447 1108 qui
1460 1072 1537 1098 staret
1550 1070 1651 1097 occulte
1663 1068 1720 1103 post
1732 1068 1818 1102 ipsimi
1831 1077 1913 1102 quum
1926 1070 2136 1101 concionaretur,
2148 1072 2220 1105 peti-

1176 1118 1233 1138 tum
1247 1111 1399 1140 hominem,
1419 1108 1467 1143 qui
1485 1107 1588 1133 inflaret
1608 1105 1731 1131 celeriter
1750 1112 1810 1129 eum
1826 1103 1933 1134 Sonum,
1947 1112 2000 1137 quo
2018 1105 2094 1131 illum
2112 1113 2158 1132 aut
2176 1115 2218 1134 re-

1941 1139 2020 1172 Qiaii
2039 1140 2133 1167 diuino
2151 1150 2219 1176 quo-

1175 1184 1235 1209 dam
1249 1181 1348 1216 Spiritu
1370 1179 1459 1206 inflari
1479 1178 1535 1204 Cic.
1551 1186 1600 1212 pro
1619 1175 1699 1203 Arch.
1713 1185 1735 1202 c.
1748 1180 1772 1204 8.
1791 1175 1822 1201 al.
1844 1174 1937 1201 afflari.
2008 1176 2092 1201 Venas
2112 1176 2220 1205 inflauit

1176 1216 1264 1245 libido
1289 1217 1356 1243 Hor.
1372 1216 1454 1242 Serm.
1476 1223 1495 1245 1,
1509 1222 1532 1247 2,
1545 1221 1583 1245 33.
1654 1213 1740 1238 Venas
1759 1210 1864 1236 inflatus
1882 1209 2004 1236 hesterno
2021 1211 2115 1237 Iaccho
2141 1213 2220 1247 Virg.

1390 1251 1458 1276 Hor.
1474 1250 1556 1275 Set-m.
1575 1257 1601 1280 2,
1617 1254 1640 1280 ς,
1653 1252 1686 1280 98
1708 1245 1872 1273 Crescentem
1887 1245 1996 1272 tumidis
2010 1245 2073 1272 infla
2092 1247 2228 1274 sermoni..

1413 1284 1489 1320 Apud
1502 1283 1614 1311 Medico:
1627 1283 1695 1309 cibus
1714 1282 1792 1308 Inflat
1804 1281 1907 1316 Corpus
1925 1280 2045 1308 Scribon.
2060 1290 2114 1314 190.
2169 1283 2221 1309 Ge-
2236 1299 2237 1302 =

1582 1318 1706 1344 Intestina
1718 1317 1844 1343 inflantur
1865 1315 1902 1343 Id.
1917 1321 1965 1346 188.
2055 1319 2127 1344 Intro
2139 1317 2222 1353 flare,

1176 1253 1229 1280 Ecl.
1243 1254 1268 1285 6,
1285 1261 1319 1285 ις.

1176 1289 1225 1316 bus
1239 1289 1342 1314 Vtrem.

1178 1394 1333 1422 Palumbum
1348 1397 1480 1419 recentem
1493 1397 1521 1417 vt
1536 1390 1642 1424 prensus
1657 1389 1723 1421 erit,
1737 1389 1762 1414 ei
1776 1387 1865 1414 fabam
1879 1387 1979 1414 cofitam
1995 1388 2087 1414 tostam
2102 1390 2221 1422 primum

1178 1431 1239 1457 dato
1248 1450 1255 1463 ,
1275 1439 1307 1456 ex
1321 1437 1369 1455 ore
1382 1428 1411 1454 in
1425 1427 1482 1453 eius
1495 1435 1524 1452 os
1537 1426 1630 1451 inflato
1644 1425 1707 1450 item
1726 1432 1829 1458 aquam.
1919 1424 1968 1450 Per
1985 1425 2173 1450 translationem
2190 1431 2223 1451 υι

1177 1467 1207 1493 de
1219 1466 1321 1492 tibicine
1333 1466 1447 1498 imperito
1462 1462 1518 1488 Cic.
1531 1461 1563 1487 de
1575 1460 1669 1495 Legib.
1685 1469 1705 1492 ι,
1719 1463 1737 1485 6
1760 1459 1855 1486 Fannii
1869 1464 1956 1485 autem
1969 1465 2051 1485 aetate
2064 1459 2223 1491 coniunehm

71 1504 103 1525 vt
117 1499 236 1526 animum
249 1502 306 1527 eius
325 1502 353 1527 in
367 1501 505 1528 Sthenium
523 1502 717 1534 inflammarent
732 1503 901 1530 ementiendo
913 1503 1015 1538 aliquid
1026 1510 1052 1529 et
1065 1504 1114 1530 cri·
1133 1511 1162 1538 35
1179 1502 1316 1536 Antipater
1335 1499 1424 1534 paullo
1442 1496 1549 1524 inflauit
1567 1495 1767 1525 vehementius,
1790 1495 1936 1529 habuitque
1954 1494 2025 1521 vires
2043 1495 2154 1529 agrestes
2174 1495 2223 1522 ille

968 1539 1116 1565 Inflamma-

635 1574 737 1600 Mentes
755 1574 932 1601 inflammatae
950 1574 979 1601 in
994 1575 1115 1610 aliquem

427 1608 558 1642 Populum
574 1608 602 1635 in
616 1608 753 1643 improbos
771 1609 827 1636 Cic.
841 1609 873 1636 de
887 1611 962 1637 Orat.
976 1619 985 1636 1
998 1620 1019 1637 c.
1035 1613 1080 1644 46.

110 1648 121 1667 1
132 1649 155 1667 N
163 1647 202 1667 FL
211 1649 234 1668 A
243 1649 267 1668 M
277 1649 301 1668 M
311 1649 332 1669 A
341 1650 363 1669 'r
373 1649 383 1668 1
393 1649 427 1674 o,
444 1645 512 1670 onis.
532 1643 552 1671 f.
590 1644 742 1677 mximum,
755 1642 899 1679 φλεγμονὴ]
936 1646 993 1672 Cic.
1001 1646 1033 1672 de
1041 1647 1116 1673 Orat.

70 1534 208 1562 minando.
278 1537 428 1570 Inuidiam,
437 1544 486 1572 pro
498 1539 597 1572 Augere
608 1538 665 1565 Cic.
674 1539 752 1564 Verr.
768 1538 826 1565 A&
840 1548 859 1571 1,
873 1547 898 1565 2.

42 1574 44 1579 ’
71 1575 100 1596 ta
117 1570 221 1597 inuidia
239 1571 314 1598 Idem
327 1572 358 1598 de
371 1573 451 1606 Legg.
466 1581 479 1604 3
493 1581 515 1598 c.
532 1581 563 1599 ιι.

70 1604 111 1633 Id.
123 1615 172 1640 pro
186 1607 275 1633 Domo
288 1616 309 1633 c.
325 1616 360 1641 23.

1178 1537 1287 1573 quidem
1304 1542 1382 1570 atque
1402 1533 1539 1563 horridas,
1557 1532 1610 1558 fine
1628 1532 1717 1558 nitore
1735 1539 1765 1557 ae
1787 1530 1918 1565 palaestra.
1997 1530 2108 1556 Animos
2127 1539 2224 1559 rumor:

1178 1573 1268 1610 inflat,
1285 1574 1304 1597 i.
1324 1574 1422 1606 Auget,
1437 1576 1461 1595 ct
1480 1571 1591 1595 excitat:
1626 1566 1682 1594 cic.
1697 1567 1726 1593 in
1743 1566 1828 1592 Pison.
1843 1571 1874 1598 89
1890 1575 1911 1592 c.
1927 1567 1959 1597 36
1983 1566 2045 1598 Qo
2063 1566 2092 1591 in
2110 1566 2222 1600 oppido,

1180 1616 1262 1644 quum
1276 1607 1327 1634 tibi
1340 1604 1383 1641 spe
1397 1605 1460 1632 falsa
1469 1625 1475 1636 ,
1496 1603 1568 1638 quod
1581 1604 1618 1636 Q
1631 1602 1774 1628 Acharium
1788 1610 1842 1628 non
1860 1601 1908 1628 effe
1921 1602 2093 1627 succeffurum
2107 1608 2224 1635 putares,

1178 1645 1282 1671 animos
1303 1651 1396 1669 rumor
1414 1640 1538 1671 inflaffet,
1564 1646 1618 1673 quo
1637 1645 1662 1665 te
1683 1637 1780 1669 modo,
1794 1644 1841 1663 etc.
1911 1635 1985 1661 Idem
1998 1635 2031 1662 de
2046 1636 2118 1662 Orat.
2141 1645 2168 1668 2,
2181 1644 2223 1662 212
2246 1668 2247 1671 Ἰ

72 1684 100 1708 2,
115 1683 156 1708 193
171 1685 192 1702 c.
205 1679 242 1710 46
266 1677 346 1712 Saepe
360 1680 432 1704 enim
445 1678 553 1711 audiui,
568 1680 674 1706 Poetam
689 1679 790 1706 bonum
803 1681 936 1707 neminem
948 1681 1001 1708 line
1014 1683 1116 1708 inssam-
1129 1688 1165 1716 40
1178 1690 1200 1706 c.
1216 1688 1242 1712 53
1272 1679 1309 1705 Ex
1323 1678 1370 1704 hac
1383 1676 1409 1702 vi
1425 1674 1617 1709 (mouendorum
1629 1671 1784 1706 affifluum)
1803 1679 1857 1698 non
1871 1679 2005 1704 nunquam
2017 1670 2101 1696 animi
2119 1670 2225 1705 aliquid

71 1712 191 1738 :natione
207 1712 360 1740 animorum
373 1714 483 1741 existere
497 1715 575 1749 posse,
589 1721 615 1741 et
629 1715 682 1742 fine
695 1715 811 1750 quodam
822 1716 908 1742 afflatu
922 1717 992 1749 quasi
1007 1717 1116 1744 furoris.

72 1748 150 1775 Alias
161 1747 306 1774 medicorum
314 1749 375 1785 fere
389 1748 431 1782 est.
472 1751 515 1781 Vt,
528 1750 752 1778 Inflammationes
766 1760 940 1778 mammarum
952 1752 1018 1778 Plin.
1033 1761 1077 1784 20,
1089 1761 1119 1779 21

72 1791 140 1816 quas.
148 1784 237 1809 Gracci
249 1784 411 1820 phlegmonas
423 1792 528 1817 uocant,
542 1793 622 1821 nempe
641 1786 736 1821 quando
749 1793 855 1822 propter
875 1790 978 1812 nimium
995 1788 1118 1814 humorem

72 1816 200 1843 colleHum
211 1821 238 1843 in
252 1820 335 1854 aliqua
342 1827 432 1854 parte,
455 1822 534 1847 veluti
544 1821 671 1847 cuiusdam
682 1824 694 1847 i
711 1825 753 1846 nis
765 1822 842 1847 ardor
854 1821 976 1856 fintitur.
1019 1822 1117 1846 Immo-

1179 1714 1325 1742 inflandum
1337 1713 1373 1739 est
1388 1712 1430 1738 illi
1450 1711 1554 1737 lenitati
1567 1708 1714 1742 (morum).
1751 1708 1793 1734 sic
1810 1709 1860 1742 legi
1875 1713 1921 1740 pro
1940 1703 2106 1733 influendum
2125 1708 2165 1733 uel
2183 1706 2228 1732 in-

1179 1749 1365 1776 flammandam
1375 1767 1383 1779 ‚
1401 1746 1466 1772 iubet
1479 1748 1552 1770 etiam
1565 1745 1690 1770 Pearcius.
1762 1741 1823 1766 Liu.
1836 1748 1874 1772 35,
1889 1749 1920 1772 42
1928 1748 1972 1775 pr.
1992 1741 2022 1766 Et
2040 1740 2138 1775 quibus
2152 1750 2226 1768 men-

1179 1786 1261 1811 daciis
1275 1784 1306 1809 de
1319 1790 1396 1816 rege,
1416 1777 1618 1812 multiplicando
1636 1776 1727 1802 verbis
1742 1776 1831 1810 copias
1849 1776 1920 1807 eius,
1942 1781 2061 1802 erexerat
2076 1776 2224 1804 multorum

1178 1820 1207 1845 in
1222 1818 1333 1844 Graecia
1344 1817 1447 1842 animos
1457 1834 1465 1845 ,
1484 1813 1580 1839 iisdem
1594 1818 1620 1838 et
1633 1811 1702 1845 regis
1716 1812 1785 1845 spem
1801 1811 1928 1843 inflabat,
1941 1818 1987 1839 etc.
2040 1813 2134 1846 Rue-jus
2148 1812 2224 1839 Idem

71 1850 131 1877 dica
144 1853 201 1878 infl.
215 1854 282 1879 Cels.
297 1856 321 1884 6,
337 1858 363 1886 6,
379 1863 389 1880 1
402 1855 448 1888 fin.
467 1856 603 1894 Morgagn.
616 1855 695 1890 rescri
710 1858 746 1886 it,
764 1855 871 1881 Modica
882 1855 1074 1887 inflammatio,
1087 1865 1116 1880 ex
1130 1863 1164 1889 43
1178 1854 1215 1880 ib.
1230 1862 1251 1879 c.
1267 1861 1303 1885 49
1311 1859 1355 1886 pr.
1383 1848 1539 1876 Mentiendo
1555 1848 1691 1879 inuicem,
1710 1846 1886 1881 iactandoque
1899 1846 1985 1878 vires,
1999 1854 2061 1880 quas
2075 1855 2128 1872 non
2141 1846 2224 1874 habe-

71 1885 156 1912 Editis
169 1893 193 1912 et
204 1889 264 1913 aliis
278 1894 302 1913 et
314 1890 398 1916 MSto.
454 1890 555 1915 Excitat
573 1890 811 1916 inflammationem
830 1889 897 1916 Cels.
912 1898 921 1915 1
934 1889 1018 1924 praef.
1074 1891 1116 1916 Iu-

68 1921 126 1948 fert
142 1922 380 1950 inflammationem
397 1923 516 1952 Scribon.
532 1929 572 1956 183
641 1925 743 1952 Leuare
761 1925 985 1952 inflammationes
1002 1925 1079 1960 Cels.3
1092 1935 1117 1958 2,

71 1961 111 1987 28.
180 1958 299 1993 Occupat
318 1959 493 1985 inflammatio
517 1960 591 1986 Idem
605 1961 632 1992 6,
645 1962 672 1986 6.
749 1961 875 1987 Remittit
893 1961 919 1986 se
938 1961 1117 1987 inflammatio

71 1992 112 2019 Id.
125 2001 154 2025 4,
168 2000 189 2025 5.
260 1994 415 2027 Reprimere
434 1994 672 2021 inflammationem
700 1995 768 2020 Cels.
789 2003 816 2030 7,
834 1997 878 2021 26.
947 1995 1022 2021 Idem
1040 2003 1062 2028 5,
1081 1997 1116 2022 26

71 2027 145 2054 Nam
160 2027 241 2054 modo
253 2029 334 2062 Super
348 2029 585 2055 inflammationem
598 2030 684 2056 rubor
697 2029 789 2055 ambit.

109 2069 400 2091 1NFLAMMANT1-3R.
420 2063 488 2090 Adu.
516 2064 584 2091 Gell.
599 2073 637 2097 ιο,
650 2073 662 2097 3
681 2065 786 2091 Acriter
796 2070 823 2092 et
835 2065 1030 2093 inflammanter
1042 2065 1116 2092 facit.

109 2104 438 2132 xNFLAMMATOR,
463 2099 527 2126 oris.
543 2109 579 2126 m.
605 2100 683 2135 Apud
694 2100 802 2127 Firmic.
842 2121 848 2127 .
887 2120 894 2127 .
932 2120 938 2127 .

110 2139 120 2159 1
130 2142 152 2160 N
164 2140 180 2160 F
191 2140 207 2159 L
214 2141 269 2161 AM
278 2142 303 2161 M
312 2142 333 2162 A
342 2142 391 2163 ‘rR
400 2143 437 2162 1x
451 2154 460 2168 ‚
484 2135 541 2162 icis.
562 2136 582 2163 f.
617 2136 697 2172 Apud
707 2137 830 2163 Mamert.
840 2137 933 2171 Paneg.
948 2135 1045 2162 Iulian.
1059 2145 1081 2162 c.
1094 2144 1116 2167 3·

71 2175 98 2196 et
108 2169 258 2196 Marcellin.
272 2179 303 2204 14
326 2179 345 2197 1.

108 2212 327 2238 1NFLAT10,
365 2212 593 2240 1NFLATvs,
625 2206 680 2233 vid.
713 2211 849 2232 turno.

109 2247 119 2266 1
130 2248 151 2267 N
160 2247 176 2266 1³
186 2247 201 2266 L
212 2247 229 2267 E
237 2247 254 2267 C
263 2248 285 2268 'r
295 2247 315 2267 o
326 2261 335 2274 ‚
360 2242 405 2274 xi,
430 2251 494 2268 xum
502 2263 510 2275 ‚
537 2245 591 2269 ere.
627 2241 798 2275 [ἕνκαίμπτω.
819 2241 997 2274 immam-tw]
1033 2239 1119 2276 Auget

63 2274 189 2311 fimplicis
203 2275 324 2309 FIeHere,
330 2275 555 2312 significationem,
565 2277 606 2303 vel
618 2278 691 2303 Intus
701 2273 814 2311 fleHere.
867 2276 940 2302 Caes.
954 2276 982 2302 Β.
997 2276 1029 2301 G.
1051 2284 1071 2308 1,
1086 2282 1117 2308 23

74 2313 165 2345 Qium
179 2312 279 2338 ferrum
292 2313 317 2337 se
333 2312 478 2338 inflexisset.
549 2312 605 2338 Cic.
619 2312 699 2339 Verr.
710 2319 731 2344 5,
743 2319 774 2343 3ο
799 2310 854 2337 Vbi
873 2311 990 2346 primum
1010 2319 1043 2337 ex
1062 2311 1116 2337 alto

73 2347 141 2373 finus
152 2346 184 2373 ad
196 2346 291 2373 vrbem
307 2345 341 2373 ab
357 2346 438 2372 litore
451 2346 607 2373 inflectitur.

72 2381 203 2408 Columel.
217 2388 240 2415 5,
258 2383 282 2408 6.

678 2346 787 2373 Radices
804 2345 833 2372 in
851 2345 967 2377 nodum,
982 2348 1117 2373 Incuruare

354 2381 447 2416 Capita
460 2382 623 2409 immitentes
638 2382 724 2408 Catul.
741 2384 839 2416 Argon.
855 2384 899 2414 62,
912 2389 967 2414 255.

71 2416 210 2444 inflectere
230 2416 261 2443 ad
280 2416 385 2451 aliquid
401 2418 519 2451 Propert.
532 2425 559 2449 4,
575 2426 601 2449 9,
613 2425 648 2449 51·
716 2417 781 2443 Plin.
797 2419 823 2449 6,
837 2424 869 2451 57
902 2418 924 2443 A
937 2416 1033 2452 Caspio
1046 2418 1116 2444 mari

23 2477 28 2488 Ι
70 2452 247 2486 Scythicoque
260 2453 366 2479 Oceano
374 2471 383 2484 ,
401 2452 430 2478 in
442 2461 499 2478 eam
511 2453 599 2479 cursus
611 2451 774 2483 inflectitur,
792 2452 824 2478 ad
837 2453 977 2479 Orientem
989 2451 1117 2479 conuersa

69 2488 183 2514 litorum
203 2488 301 2513 fronte.
374 2487 429 2513 Cic.
444 2487 477 2513 ad
492 2487 571 2521 Qiir.
586 2488 643 2522 post
655 2487 734 2515 redit.
747 2493 760 2518 8
787 2488 880 2515 Frater
894 2495 949 2515 erat
967 2497 1049 2519 vnus,
1067 2488 1115 2523 qui

71 2525 120 2551 suo
134 2523 264 2557 squallore
279 2521 379 2548 vestros
398 2523 490 2549 oculos
503 2523 656 2550 infle&eret.
675 2526 694 2550 i.
714 2524 872 2550 Conuerteret
882 2523 918 2549 ad
928 2523 967 2558 st.
1040 2523 1115 2550 Idem

1132 2037 1165 2064 50
1177 2031 1237 2055 vius
1251 2028 1307 2057 Cic.
1320 2026 1354 2053 de
1367 2027 1442 2053 Orat.
1455 2034 1466 2057 3
1481 2034 1503 2051 c.
1518 2032 1549 2051 11.

1136 2208 1166 2235 ςς
1182 2212 1241 2230 mus
1254 2203 1284 2229 in
1301 2208 1373 2228 Vitio
1391 2201 1437 2227 est.

1179 1894 1251 1920 rent,
1269 1888 1366 1914 inflasse
1379 1894 1446 1915 vana
1459 1885 1524 1919 Spe,
1544 1889 1624 1918 atque
1635 1883 1739 1909 inflatos
1757 1883 1814 1908 eise.
1873 1882 1951 1915 Spem
1970 1881 2062 1908 inflare
2075 1882 2142 1909 dixit
2155 1884 2224 1912 Cur-

1178 1925 1229 1951 tius
1243 1932 1265 1956 3,
1277 1932 1303 1955 2,
1320 1931 1357 1949 10.
1399 1920 1473 1956 Conf.
1488 1928 1510 1951 5,
1523 1928 1560 1949 10,
1572 1928 1593 1950 3.
1652 1952 1659 1958 .

1218 1966 1229 1984 1
1239 1965 1261 1984 N
1273 1964 1290 1984 F
1301 1965 1318 1983 L
1327 1964 1349 1984 A
1358 1963 1380 1983 T
1389 1963 1409 1982 v
1419 1963 1431 1981 s
1440 1974 1447 1985 ‚
1465 1964 1495 1985 a,
1511 1963 1565 1979 um.
1591 1954 1684 1979 Par-tic.
1720 1953 1930 1986 [πεφυσιωμὲιος]
1967 1953 2053 1979 Varro
2067 1952 2098 1979 de
2110 1952 2142 1979 R.
2157 1954 2188 1980 R.
2202 1964 2225 1987 3,

1183 2003 1208 2026 13
1241 1992 1281 2019 Ad
1300 1992 1438 2018 buccinam
1453 1990 1571 2016 inflatam
1585 1987 1739 2015 conuenire.
1792 1986 1881 2014 Verba
1894 1987 1982 2013 inflata
1997 1994 2023 2013 et
2033 1989 2154 2014 anhelata
2167 1998 2228 2022 gra—

1605 2025 1706 2059 Saepius
1715 2030 1762 2058 per
1775 2024 1893 2049 translat.
1907 2029 1952 2053 vt,
1972 2023 2028 2049 Cic.
2041 2033 2090 2057 pro
2103 2025 2226 2052 Muraen.

1180 2073 1209 2097 33
1231 2065 1323 2097 Quum
1341 2068 1466 2088 contento
1484 2061 1574 2090 cursu,
1595 2059 1732 2086 acerrimis
1749 2057 1877 2090 ducibus,
1895 2057 2011 2084 hostium
2030 2059 2106 2085 claffis
2120 2060 2227 2087 Italiam

1179 2101 1223 2134 spe
1239 2105 1317 2133 atque
1330 2097 1426 2124 animis
1444 2096 1534 2122 inflata
1547 2099 1656 2129 peteret.
1727 2093 1874 2119 laetatione
1888 2093 2033 2119 seueritatis
2052 2095 2113 2120 Liu.
2126 2104 2170 2127 29,
2182 2104 2226 2130 37,

1179 2134 1294 2161 Laetitia
1309 2138 1387 2167 atque
1400 2130 1542 2157 insolentia
1557 2129 1613 2156 Cic.
1627 2128 1739 2163 Philipp.
1753 2136 1792 2161 14,
1807 2136 1832 2159 ις
1844 2138 1866 2155 c.
1879 2131 1904 2155 6.
1975 2130 2085 2156 Animus
2106 2131 2227 2164 inflatus,

1180 2171 1282 2200 Elatus,
1295 2167 1457 2203 superbiens:
1493 2165 1549 2191 Cic.
1563 2164 1645 2190 Tusc.
1660 2171 1682 2196 3,
1696 2172 1724 2197 19
1747 2164 1789 2190 Sic
1802 2164 1885 2198 igitur
1899 2165 2003 2190 inflatus
2017 2172 2042 2191 et
2055 2172 2158 2191 tumens
2170 2167 2227 2192 ani-

1323 2203 1328 2207 ’
1347 2202 1352 2207 '
1510 2199 1608 2234 Capilli
1628 2199 1710 2226 Ouid.
1725 2198 1757 2225 de
1769 2200 1833 2226 Arte
1847 2201 1906 2226 Am.
1924 2207 1947 2231 3,
1965 2207 2018 2232 143.
2088 2201 2165 2227 Colla
2185 2201 2228 2228 in-

1182 2240 1244 2266 flata
1257 2239 1403 2266 tumescunt
1427 2236 1501 2263 Idem
1513 2237 1578 2262 Met.
1592 2237 1619 2268 6,
1631 2243 1691 2270 377.
1763 2235 1873 2261 Fluuius
1890 2236 1996 2260 inflatus
2011 2235 2086 2269 aquis
2112 2236 2172 2262 Liu.
2187 2245 2228 2269 23,

1180 2284 1209 2308 19
1217 2282 1262 2310 pr.
1333 2274 1445 2308 Compar.
1466 2271 1585 2298 Tertull.
1607 2271 1638 2297 de
1652 2270 1713 2306 Pall.
1735 2279 1757 2296 c.
1777 2279 1797 2304 4
1821 2270 1905 2297 Vestis
1924 2269 2051 2298 inflatior.
2076 2277 2099 2297 et
2113 2273 2227 2308 Memph-

1180 2311 1242 2337 Liu.
1254 2318 1293 2342 39,
1307 2317 1333 2342 53
1360 2307 1467 2335 quenis
1481 2307 1601 2333 inflatior
1614 2306 1740 2333 redierat.

1218 2352 1228 2371 1
1239 2351 1410 2371 NFLATE.
1437 2343 1504 2369 Adu.
1543 2342 1619 2369 Idem.
1655 2342 1727 2368 Caes.
1743 2340 1771 2366 Β.
1786 2339 1817 2366 C.
1836 2347 1860 2372 3,
1880 2347 1912 2373 79
1941 2320 2036 2367 Latius
2053 2342 2225 2378 inflatiusque

1038 2382 1116 2408 Colla
1131 2382 1167 2407 60
1180 2381 1266 2409 multo
1280 2389 1360 2415 quam
1373 2388 1413 2406 res
1429 2384 1485 2404 erat
1497 2378 1567 2412 gesta
1575 2397 1583 2409 ,
1598 2377 1669 2404 fama
1679 2375 1872 2410 percrebuerat.

1216 2424 1227 2443 1
1237 2422 1284 2442 NF
1297 2423 1313 2441 L
1323 2423 1345 2442 A
1355 2421 1377 2441 T
1387 2420 1408 2439 v
1419 2421 1448 2444 s,
1465 2412 1504 2439 fis.
1524 2422 1560 2439 m.
1597 2412 1746 2446 [φυσίωσις]
1782 2411 1839 2438 Cic.
1854 2410 1933 2438 Acad.
1946 2420 1974 2445 4,
1989 2420 2019 2438 20
2032 2422 2053 2439 c.
2068 2420 2084 2447 7
2102 2413 2158 2446 Qi
2169 2414 2227 2448 pri.

1179 2461 1226 2479 mo
1250 2451 1345 2477 inflatu
1365 2449 1486 2477 tibicinis
1498 2449 1642 2481 Antiopam
1670 2447 1718 2473 esse
1736 2446 1827 2478 aiunt,
1845 2452 1891 2473 aut
1909 2448 2128 2475 Andromacham.
2182 2451 2226 2476 Sic

1179 2488 1264 2514 Tusc.
1279 2495 1303 2518 2,
1339 2505 1346 2512 .
1383 2504 1389 2511 .
1460 2484 1516 2511 Cic.
1531 2483 1563 2510 de
1575 2483 1645 2509 Clar.
1653 2484 1727 2509 Orat.
1742 2490 1784 2514 ¹92
1799 2491 1820 2508 c.
1833 2489 1859 2514 51
1880 2482 1920 2508 Sic
1929 2483 2031 2508 oratori
2042 2485 2136 2518 populi
2148 2493 2226 2511 aures

1178 2529 1306 2557 tanquam
1326 2520 1409 2548 tibiae
1430 2520 1502 2546 sunt:
1523 2528 1569 2545 eae
1591 2518 1608 2544 si
1633 2518 1753 2544 inflatum
1777 2526 1832 2543 non
1852 2517 1999 2551 rccipiunt,
2020 2525 2064 2545 aut
2079 2519 2097 2544 si
2116 2519 2225 2547 auditor

71 2559 105 2586 de
119 2559 156 2585 N.
169 2559 200 2583 D.
214 2566 237 2588 z,
249 2566 285 2591 49
311 2557 383 2584 Nam
396 2567 478 2593 quum
491 2558 545 2585 duo
559 2558 606 2585 siut
619 2568 715 2593 genera
729 2558 858 2590 siderum,
871 2567 987 2593 quorum
1000 2559 1116 2586 alterum
1131 2557 1163 2590 65
1179 2559 1294 2585 omnino
1305 2563 1430 2590 tanquam
1445 2563 1526 2589 equus
1540 2563 1594 2580 non
1609 2553 1688 2584 facit,
1704 2553 1822 2586 agitandi
1833 2551 1896 2578 finis
1909 2553 2044 2579 faciendus
2066 2555 2109 2580 est.
2180 2556 2224 2582 In-

22 2601 33 2610 ·'
69 2594 161 2630 spatiis
175 2592 388 2619 immutabilibus
400 2593 433 2620 ab
446 2595 515 2622 Ortu
528 2594 559 2621 ad
572 2595 698 2622 Occasum
712 2603 870 2625 commeans,
882 2594 987 2620 nullum
999 2603 1118 2629 vnquam

74 2630 164 2656 cursus
178 2629 218 2654 sui
231 2628 372 2662 vestigium
386 2629 512 2656 inflectat.
582 2631 639 2657 Cic.
652 2639 701 2665 pro
715 2631 834 2656 Muraen.
848 2631 882 2656 60
909 2631 946 2656 Vt
966 2630 1064 2656 leuiter
1077 2631 1118 2656 in-

74 2663 218 2692 fleetendus
238 2664 340 2698 potius,
367 2673 445 2700 quam
469 2665 640 2699 corrigendus
658 2667 706 2692 esse
725 2665 851 2692 videaris.
922 2665 1052 2691 Lacrimis
1070 2665 1118 2691 ali-

73 2708 154 2734 quem
167 2699 229 2725 Stat.
242 2699 333 2726 Theb.
352 2705 376 2732 8,
390 2708 442 2735 7ι5.
514 2701 571 2726 Cic.
587 2709 635 2735 pro
648 2700 753 2727 Caecin.
768 2707 799 2734 73
813 2709 834 2727 c.
848 2701 880 2726 26
902 2700 982 2733 Qtod
996 2701 1068 2726 enim
1082 2701 1118 2726 est

1180 2595 1256 2620 flatus
1276 2592 1401 2624 diuinus,
1412 2598 1461 2625 pro
1474 2588 1578 2624 Afflatu'
1591 2595 1614 2615 et
1633 2589 1812 2624 inspiratione:
1847 2588 1902 2614 Cic.
1922 2590 1954 2615 de
1973 2589 2066 2615 Diuin.
2087 2599 2107 2622 1,
2124 2597 2151 2616 12
2167 2600 2191 2617 c.
2206 2592 2226 2618 6

1179 2630 1259 2656 Tum
1274 2627 1367 2662 aliquo
1381 2626 1507 2653 instinctu
1521 2625 1669 2658 inflatuque
1683 2623 1779 2650 diuino
1793 2623 1882 2650 futura
1895 2625 2037 2651 renuntiat.

1216 2669 1362 2691 INFLAB
1373 2661 1428 2688 tm
1439 2669 1469 2693 s,
1487 2670 1510 2687 e.
1530 2660 1590 2686 Adi.
1615 2659 1688 2694 Qud
1700 2658 1789 2694 afflari
1797 2657 1884 2694 potest.
1923 2660 2075 2686 Lac’tantius
2088 2659 2120 2687 de
2127 2661 2225 2697 Opific.

1179 2700 1231 2726 Dei
1249 2708 1270 2724 e.
1284 2707 1307 2725 11
1327 2698 1356 2724 de
1369 2698 1498 2733 pulmone,
1516 2696 1633 2731 Ideoque
1651 2703 1684 2721 ne
1703 2695 1810 2729 plenum
1829 2694 1938 2728 quidem
1957 2696 2042 2722 viscus
2061 2696 2161 2728 effecit,
2180 2697 2226 2724 sed

73 2735 116 2762 ius
129 2735 226 2767 ciuile,
243 2735 313 2769 quod
334 2744 420 2769 neque
440 2735 542 2762 infle&i
559 2736 658 2770 gratia,
677 2744 763 2770 neque
777 2735 908 2775 perfringi
924 2736 1058 2769 potentia,
1074 2745 1118 2761 ne·
1127 2743 1164 2771 70
1181 2734 1314 2765 inflabile,
1334 2739 1412 2768 atque
1425 2732 1495 2759 aeris
1508 2740 1604 2766 capax,
1620 2736 1649 2757 vt
1662 2730 1798 2764 paullatim
1818 2730 1939 2764 spiritum
1958 2732 2096 2765 reciperet.
2115 2732 2227 2772 i.⁴Qod

73 2780 127 2805 que
141 2770 284 2796 adulterari
298 2771 410 2804 pecunia
423 2770 512 2805 poffit3
583 2770 797 2806 Magnitudinem
804 2778 888 2796 animi
901 2771 941 2796 tui
954 2779 986 2797 ne
1000 2780 1119 2805 vnquam

32 2834 36 2838 ⁴
74 2805 193 2832 infle&as
208 2805 365 2839 cuiusquam
382 2806 483 2833 iniuria
501 2806 557 2833 Cic.
570 2807 642 2833 Fam.
656 2816 676 2839 1,
690 2814 715 2842 7.
786 2806 860 2833 Idem
874 2805 906 2832 de
919 2806 989 2833 Clar.
1003 2807 1077 2833 Orat.
1090 2813 1118 2839 83

73 2842 128 2869 Hic
141 2842 242 2875 primus
254 2841 359 2868 inflexit
372 2842 539 2876 orationem,
553 2847 579 2869 et
592 2851 650 2869 eam
663 2842 786 2874 mollem,
807 2847 978 2877 teneramque
990 2841 1119 2875 reddidit,

74 2886 106 2903 ne
117 2877 202 2913 rigida
215 2876 269 2910 effi!
282 2884 305 2904 et
316 2878 388 2904 dura.
1033 2879 1119 2905 Voces

73 2918 154 2939 cantu
174 2912 282 2939 Tibull.
298 2921 318 2945 1,
331 2921 357 2948 7,
377 2921 417 2947 37.

34 2947 37 2963 ³
113 2955 124 2974 1
134 2955 156 2974 N
165 2954 182 2974 F
190 2955 206 2974 L
216 2954 232 2974 Ε
242 2956 261 2975 Χ
269 2955 290 2974 V
299 2955 312 2976 S
320 2968 329 2980 ‚
348 2957 363 2974 a
370 2969 379 2981 ‚
395 2958 450 2975 um.
477 2948 571 2975 Partic.
605 2947 782 2984 [ἔπικαμπῆς]

24 3010 26 3016 ,
43 3012 45 3014 ,
73 2983 155 3011 Acad.
167 2992 195 3017 4,
208 2991 245 3015 19.
317 2985 441 3011 Aratrum
467 2985 542 3018 Virg.
556 2985 655 3019 Georg.
676 2993 696 3017 1,
717 2986 770 3011 162.

25 3033 43 3054 3,
73 3021 179 3046 summo
198 3019 326 3046 inflexum
346 3020 403 3046 Cic.
417 3019 449 3046 de
463 3020 555 3046 Diuin.
569 3029 588 3051 1,
600 3029 631 3053 3ο
651 3030 673 3046 e.
688 3027 726 3054 17.
797 3020 894 3047 Carina
912 3020 997 3047 Catul.
1017 3021 1116 3055 Argon.

28 3050 37 3060 “
74 3064 103 3081 ν.
117 3063 155 3081 ιο.
185 3065 189 3066 ’
226 3055 326 3081 Ceruix
344 3055 418 3090 Virg.
432 3057 498 3082 Aen.
510 3065 534 3088 3,
547 3058 599 3088 63ι.
635 3056 709 3092 Conf.
730 3054 800 3082 Mela
817 3065 838 3088 1,
850 3063 888 3091 17.
924 3057 1030 3083 Colum.
1051 3065 1078 3090 4,
1091 3060 1117 3083 6.

36 3094 41 3103 ’
75 3091 170 3117 Cornu
189 3090 270 3117 Ouid.
284 3090 349 3117 Fast.
363 3101 391 3125 4,
406 3096 451 3122 181.

76 3134 133 3153 non
146 3124 194 3151 lint
206 3126 283 3152 vtilia
297 3135 407 3161 pugnae.
477 3127 552 3153 Genu
567 3128 686 3161 Propert.
699 3136 721 3160 3,
735 3135 760 3159 9,
774 3129 798 3152 6.
869 3127 942 3154 Ferit
961 3133 987 3154 et
1003 3128 1118 3162 obliquo

34 3172 39 3175 ·
77 3161 135 3188 ie‘tu
148 3165 174 3186 et
188 3160 285 3188 inflexo
305 3162 372 3188 Plin.
386 3171 419 3195 11,
432 3169 460 3195 23
485 3162 513 3189 de
529 3164 667 3197 Scorpione.
738 3162 833 3197 Puppis
851 3162 927 3189 Idem
946 3172 973 3195 9,
992 3172 1032 3195 30.
1086 3164 1119 3190 Ec

34 3213 38 3221 .
77 3205 118 3228 ιο,
131 3204 162 3228 ²9
182 3196 261 3222 Nune
277 3199 405 3224 continuo
425 3198 521 3233 spiritu
534 3197 651 3225 trahitur
667 3198 696 3224 in
715 3198 839 3232 longum,
852 3208 922 3225 nunc
940 3199 1060 3225 variatur
1078 3198 1118 3225 in-

40 3252 43 3258 .
76 3233 156 3259 flexo.
226 3232 325 3258 Inflexa
336 3233 410 3260 iuxta
424 3238 544 3268 tempora
556 3233 696 3269 supercilia
708 3233 837 3260 derisores
849 3234 993 3269 significant
1008 3235 1073 3260 Plin.
1087 3243 1120 3267 ιι,

29 3265 38 3290 ἶ
76 3275 118 3302 52.
139 3266 163 3294 h.
178 3275 197 3292 e.
217 3266 262 3293 Ad
278 3274 386 3302 tempora
401 3272 578 3304 prominentia.

28 3336 29 3339 Ἴ
76 3311 142 3330 num
151 3321 160 3335 ,
179 3302 203 3328 h.
217 3310 236 3328 e.
256 3302 375 3339 Conuerflz
387 3305 443 3332 Cic.
455 3305 487 3331 dc
499 3306 574 3332 Orat.
588 3314 610 3337 2,
624 3313 666 3338 193
678 3314 700 3333 c.
712 3307 757 3338 46.
790 3305 858 3332 Add.
874 3305 912 3332 Id.
927 3306 954 3331 in
963 3306 1035 3331 Orat.
1051 3313 1119 3339 c.17.

117 3345 159 3365 IN
171 3343 188 3363 F
201 3343 333 3369 LEXio,
353 3341 421 3366 onis.
447 3341 467 3367 f.
503 3340 667 3374 [ἕωκωμπὴ]
702 3341 757 3367 Cic.
776 3339 807 3367 de
820 3341 942 3368 Vniuers.
962 3348 997 3375 27
1024 3341 1119 3367 Omnis

76 3373 151 3436 Enii&
164 3372 238 3399 orbis
251 3381 345 3399 eorum
357 3374 428 3408 quati
446 3375 540 3403 helicis
553 3376 700 3403 inflexione
718 3376 846 3404 vertebat.
899 3377 1024 3403 Laterum
1043 3376 1118 3403 Idem

35 3426 39 3430 -
99 3419 113 3435 e
152 3415 200 3435 rat.
216 3417 228 3440 3
242 3417 263 3434 c.
277 3416 316 3441 59.

459 2878 550 2904 Sensus
568 2878 681 2905 alieuius
699 2878 773 2913 Virg.
787 2878 853 2905 Aen.
872 2886 908 2911 4,-
921 2886 964 2905 22.

817 2949 933 2976 Inflexus
950 2958 1038 2975 remus
1060 2949 1117 2977 cie.

841 2985 970 3011 Batinum
988 2985 1085 3011 leuiter
1101 2994 1118 3011 a

1180 2771 1271 2807 inflari
1281 2769 1366 2806 poffit.
1438 2766 1499 2794 AH.
1512 2767 1581 2793 dixit
1595 2766 1667 2806 Cael.
1682 2765 1774 2793 Aurel.
1790 2765 1875 2793 Tard.
1889 2775 1913 2799 3,
1925 2776 1938 2793 2
1967 2766 2098 2795 Inflabilis
2117 2769 2226 2796 virtutis

1182 2805 1301 2841 qualitas.
1318 2812 1342 2831 et
1356 2812 1378 2838 5,
1394 2813 1404 2830 ι
1421 2803 1521 2830 Allium
1535 2802 1663 2829 inflabile.

1218 2848 1228 2867 1
1239 2848 1262 2867 N
1271 2847 1288 2868 F
1298 2847 1314 2866 L
1324 2848 1347 2867 A
1355 2846 1394 2867 TI
1405 2845 1423 2866 O
1432 2860 1440 2872 ,
1465 2839 1533 2865 ὂηίς.
1556 2838 1576 2865 f.
1612 2836 1700 2872 [φύσει
1708 2856 1717 2869 ,
1735 2836 1893 2871 ἐμφύσημα]
1937 2838 2051 2864 Flatuum
2074 2840 2101 2863 in
2124 2845 2226 2874 corpore

1199 2879 1316 2904 eneratio.
1368 2875 1425 2902 Cic.
1440 2874 1471 2901 de
1484 2875 1576 2900 Diuin.
1592 2882 1612 2905 1,
1624 2876 1658 2899 62
1692 2873 1728 2899 Ex
1749 2881 1804 2907 quo
1823 2873 1902 2899 etiam
1918 2873 2097 2904 Pythagoricis
2116 2874 2227 2901 interdi-

1135 2919 1169 2947 75
1209 2921 1255 2939 um
1269 2916 1391 2946 putatur,
1404 2919 1438 2936 ne
1458 2910 1519 2937 faba
1538 2910 1721 2940 vescerentur,
1737 2906 1809 2942 quod
1829 2908 1908 2935 habet
1927 2905 2091 2935 inflationem
2105 2918 2227 2943 magnam

1182 2948 1204 2975 is
1219 2947 1308 2977 cibus,
1326 2945 1517 2980 tranquillitati
1534 2945 1630 2971 mentis
1649 2943 1786 2978 quaerenti
1804 2952 1867 2970 vera
1878 2945 2048 2971 contrariam.
2119 2945 2226 2972 inflatio

1181 2983 1282 3010 ventris
1305 2981 1438 3008 Columel.
1453 2983 1479 3013 6,
1492 2983 1518 3007 6.
1589 2979 1723 3007 stomachi
1746 2979 1812 3006 Plin.
1828 2987 1868 3015 20,
1882 2988 1918 3005 10.
1990 2980 2058 3006 Cels.
2074 2988 2100 3012 4,
2116 2989 2128 3012 5
2150 2981 2226 3008 cibis

1181 3018 1278 3046 deinde
1290 3016 1397 3049 calidis,
1416 3015 1502 3051 ne'que
1516 3015 1681 3048 inflantibus,
1700 3015 1846 3050 eodemque
1860 3015 1940 3041 modo
1954 3015 2044 3041 calidis
2056 3016 2226 3049 potionibus:

1181 3055 1271 3090 primo
1285 3061 1382 3088 aquae,
1402 3052 1457 3086 post
1470 3051 1518 3078 vbi
1536 3051 1631 3078 resedit
1648 3051 1770 3083 inflatio,
1787 3051 1846 3077 vini
1859 3051 1962 3076 austeri.
1999 3050 2068 3076 Add.
2084 3050 2166 3076 Scrib.
2183 3057 2224 3083 89.

521 3092 588 3119 Plin.
602 3098 624 3123 8,
639 3099 665 3124 15
689 3091 822 3118 Cornibus
833 3092 871 3118 ita
884 3092 912 3118 in
924 3093 949 3118 se
962 3092 1075 3122 inflexis,
1088 3098 1118 3119 vt
1133 3093 1166 3120 80
1182 3090 1245 3117 Coli
1259 3088 1362 3116 inflatio
1374 3088 1448 3114 Idem
1468 3090 1525 3119 263.
1561 3086 1749 3114 Intestinorum
1768 3086 1891 3113 tenuium
1910 3085 2014 3111 inflatio
2044 3084 2083 3111 Id.
2099 3088 2147 3112 116.
2184 3095 2224 3118 93,

1184 3129 1241 3158 263.
1288 3127 1426 3152 Inter-anea
1452 3123 1591 3150 inflatione
1626 3129 1748 3157 correpta
1784 3120 1823 3147 Id.
1845 3122 1901 3155 176.
1946 3120 2042 3155 Vrgeri
2077 3120 2224 3149 inflationi-

1181 3162 1230 3224 bui
1236 3160 1287 3223 hid*
1294 3169 1316 3222 L1
1319 3168 1372 3222 ἵζ’
1382 3200 1402 3221 o
1413 3201 1432 3222 R
1441 3214 1450 3227 ,
1465 3195 1531 3222 aris.
1552 3203 1588 3221 m.
1623 3193 1703 3219 Gloss.
1716 3193 1761 3219 Gr.
1774 3193 1831 3219 Lat.
1846 3190 1993 3225 ἒμφνσητὴς.

1218 3240 1227 3259 1
1238 3238 1261 3259 Ν
1271 3237 1287 3258 12
1297 3238 1313 3258 L
1324 3238 1347 3257 A
1356 3237 1372 3258 Β
1380 3237 1396 3257 Ε
1406 3237 1422 3257 L
1431 3237 1448 3257 L
1457 3236 1476 3257 O
1485 3250 1494 3263 ,
1515 3234 1568 3256 are.
1605 3228 1722 3256 Tertull.
1737 3227 1836 3255 aduers.
1850 3226 1983 3254 Valentin.
2002 3236 2024 3253 c.
2038 3233 2068 3259 23
2090 3226 2227 3255 Omnibus

649 3270 711 3296 Vox
729 3269 826 3296 inflexa
840 3270 871 3296 ad
887 3269 1066 3296 miserabilem
1080 3271 1119 3296 so·
1136 3270 1166 3300 85
1180 3267 1318 3295 elementis
1332 3272 1411 3301 atque
1424 3265 1581 3300 corporibus
1599 3264 1666 3297 ignis
1680 3263 1854 3290 inflabellatus
1867 3262 1911 3289 est.

1218 3308 1437 3334 maroneo,
1456 3305 1508 3327 ere.
1527 3302 1569 3327 vel
1591 3305 1659 3325 1N12
1670 3305 1687 3325 L
1699 3304 1798 3326 ones
1809 3305 1826 3325 c
1838 3305 1875 3331 o,
1896 3299 1949 3324 ere.
1993 3297 2098 3324 Videtur
2115 3295 2226 3325 trabium

1182 3338 1302 3374 quendam
1315 3344 1340 3364 et
1351 3337 1431 3373 flacce·
1445 3345 1521 3362 ionem
1537 3335 1632 3370 florum
1650 3340 1744 3361 notare.
1805 3333 1898 3361 Claud.
1912 3333 1945 3360 de
1965 3333 2046 3360 Laud.
2067 3333 2124 3360 Stil.
2139 3342 2162 3366 3,
2178 3342 2226 3368 124

1181 3375 1292 3402 Pristina
1305 3371 1444 3400 Romuleis
1458 3371 1580 3398 infloruit
1592 3368 1692 3396 artibus
1713 3375 1789 3396 aetas.

1219 3417 1230 3437 1
1242 3417 1265 3436 N
1276 3415 1293 3436 1³
1302 3415 1348 3436 LV
1357 3414 1378 3435 Ο
1390 3428 1399 3441 ,
1419 3408 1445 3434 xi
1454 3427 1462 3439 ,
1482 3416 1560 3438 xum,
1582 3408 1635 3432 ἓιἝ.
1671 3405 1782 3440 [ἐσρέω,
1798 3404 1910 3440 ἒπιῤῥέω]
1947 3404 2114 3440 Itztusfluere.
2136 3405 2225 3431 Varro

117 3452 127 3471 1
137 3452 160 3471 N
170 3450 236 3471 FLE
246 3450 264 3469 x
274 3451 294 3469 v
304 3449 334 3475 S,
355 3442 393 3470 sis.
418 3453 462 3477 Vm.
497 3446 574 3474 Idem.
607 3447 666 3473 Sen.
685 3446 718 3473 de
730 3447 807 3474 Breu.
820 3447 900 3475 Vitae
919 3456 940 3472 c.
960 3454 988 3473 12
1017 3447 1118 3473 Vocem
1131 3452 1169 3478 90
1183 3446 1216 3472 de
1230 3447 1264 3473 R,
1276 3446 1308 3471 R.
1324 3452 1344 3476 1,
1359 3453 1382 3476 ¹3
1411 3442 1504 3476 Itaque
1520 3441 1599 3476 periti
1618 3443 1683 3475 (qui
1697 3441 1814 3475 possunt)
1828 3447 1857 3466 vt
1875 3446 1908 3465 eo
1925 3447 1992 3474 aqua
2005 3440 2114 3472 influat,
2128 3449 2161 3466 eo
2179 3449 2226 3466 no-

44 3496 51 3506 .=
78 3480 182 3507 inflexu
204 3478 395 3505 modulationis
416 3483 549 3515 torquere.

36 3516 41 3539 J
77 3516 112 3544 fis
132 3515 215 3542 adire.
456 3529 461 3532 ·

38 3552 39 3555 ’
115 3559 156 3578 IN
167 3557 207 3576 121
218 3547 410 3589 rma-iris,
428 3558 452 3589 e.
466 3550 540 3590 ,ML
575 3553 727 3588 [καμπτᾰς]
764 3553 837 3589 Quod
853 3551 952 3590 inflecti
969 3562 1018 3579 non
1032 3550 1122 3588 potest.

51 3594 53 3598 ¹
78 3586 147 3614 Plin.
161 3594 188 3621 7,
203 3594 231 3618 19
261 3585 322 3611 Exn
335 3584 379 3611 hic
391 3593 475 3611 ammi
488 3591 564 3613 tenor
578 3588 720 3623 aliquando
734 3589 764 3616 in
778 3590 896 3623 rigorem
911 3588 1055 3623 quendam,
1067 3595 1121 3615 tor-

62 3623 244 3656 ‘vitatemque
262 3626 371 3647 naturae
392 3620 485 3646 duram
498 3627 524 3647 et
541 3621 724 3651 inflexibilem.

80 3665 139 3691 234.
207 3656 334 3683 Dolorem
355 3655 529 3682 inflexibilem
543 3659 750 3693 (opisthotouon
768 3664 879 3692 vocant)
901 3661 969 3686 leuat
987 3660 1064 3686 vrina
1081 3667 1121 3684 ca-

49 3701 53 3705 *
81 3702 145 3728 prae
157 3692 267 3719 auribus
282 3692 368 3718 infusa
387 3691 455 3717 Plin.
470 3696 507 3723 28,
520 3700 554 3718 12.
1033 3693 1121 3721 Obsti.

79 3729 155 3755 natio
166 3728 232 3755 Plin.
248 3727 326 3762 Epist.
341 3736 379 3758 10,
392 3734 434 3761 97.
505 3727 506 3730 ’

119 3765 334 3792 ΙΝἙιῙὲΤνς,
354 3771 386 3794 a,
403 3771 458 3788 um.
478 3762 538 3789 Adi.

603 3482 707 3510 Arnob.
721 3492 734 3509 2
757 3492 782 3518 p.
795 3490 827 3518 57
855 3481 1000 3510 Inflexibus
1022 3483 1121 3508 flexuo-

621 3695 754 3723 Iudicium
776 3696 833 3723 Sen.
847 3696 925 3732 Epist.
938 3702 979 3729 95.

576 3763 635 3789 Non
644 3765 731 3800 fletus.
767 3767 854 3794 Valer.
874 3767 957 3794 Flacc.
976 3766 1075 3799 Argon.
1095 3766 1122 3797 6,

1182 3482 1256 3509 mine
1269 3481 1380 3508 faciunt.
1452 3478 1509 3505 Cic.
1524 3477 1607 3503 Tusc.
1623 3485 1642 3507 1,
1657 3484 1693 3509 94
1706 3485 1728 3502 e.
1741 3484 1770 3507 39
1796 3475 1872 3509 Apud
1890 3475 2015 3509 Hypanin
2033 3475 2162 3508 fluuium,
2177 3475 2227 3510 qui.

1183 3517 1216 3544 ab
1231 3518 1351 3550 Europae
1364 3519 1437 3548 parte
1449 3513 1476 3539 in
1490 3513 1602 3538 Pontum
1614 3511 1722 3543 influit,
1739 3510 1892 3550 Aristoteles
1911 3511 1948 3537 ait
1966 3510 2087 3537 bestiolas
2099 3511 2228 3545 quasdam

1183 3553 1270 3585 nasci,
1289 3559 1356 3586 quae
1374 3556 1457 3576 vnum
1471 3547 1545 3575 diem
1558 3549 1660 3574 viuant.
1715 3547 1788 3573 Idem
1801 3545 1833 3571 de
1845 3545 1938 3572 Diuin.
1953 3554 1971 3576 t,
1986 3551 2018 3580 78
2037 3553 2098 3586 2⁵33
2125 3547 2227 3573 Flumi-

1183 3597 1270 3623 naque
1290 3587 1318 3613 in
1337 3585 1480 3613 contrarias
1501 3589 1587 3619 partes
1607 3582 1747 3612 fluxerint,
1766 3587 1844 3616 atque
1863 3588 1952 3607 amnes
1970 3589 2042 3608 mare
2061 3582 2228 3610 influxerint.

797 3625 907 3652 Animus
922 3624 1058 3658 Augustini.
1074 3624 1120 3658 Ep.
1136 3628 1169 3654 93
1182 3623 1230 3651 Per
1248 3622 1452 3651 translationem,
1466 3629 1556 3656 magna
1569 3617 1726 3644 multitudine
1736 3617 1836 3653 ingredi
1848 3617 1905 3643 Cic.
1920 3616 1952 3642 de
1967 3617 2087 3644 Prouinc.
2099 3618 2177 3645 Cons.
2196 3626 2227 3649 32

1184 3668 1206 3685 c.
1229 3667 1252 3690 13
1284 3657 1425 3684 influentes
1439 3656 1467 3681 in
1479 3655 1582 3681 Italiam
1597 3653 1732 3680 Gallorum
1746 3653 1872 3678 maximas
1887 3653 1974 3687 copias
1992 3653 2114 3687 repressit.
2151 3653 2225 3679 Idem

1185 3694 1218 3720 de
1228 3694 1322 3728 Legib.
1334 3703 1355 3725 2,
1368 3697 1394 3725 38
1408 3701 1429 3717 c.
1446 3698 1471 3723 ι5
1497 3690 1627 3717 Assentior
1639 3688 1711 3715 enim
1718 3687 1835 3728 Platoni,
1844 3687 1913 3714 nihil
1925 3694 1977 3728 tam
1992 3688 2069 3715 facile
2084 3689 2112 3716 in
2124 3689 2228 3714 animos

1185 3734 1290 3756 teneros
1307 3734 1385 3764 atque
1399 3727 1491 3753 molles
1505 3726 1633 3756 influere,
1655 3732 1735 3763 quam
1748 3732 1837 3751 varios
1851 3722 1961 3750 canendi
1982 3724 2068 3750 sonos.
2123 3723 2171 3749 Sed
2184 3723 2228 3749 In-

1171 3764 1282 3799 .Jinuare
1291 3765 1321 3800 se
1340 3768 1368 3791 in
1385 3765 1496 3799 gratiam
1514 3762 1636 3788 hominum
1649 3758 1780 3794 significat
1803 3758 1859 3786 Cic.
1879 3759 1932 3786 Off.
1953 3768 1975 3791 ε’,
1994 3768 2006 3791 3
2033 3758 2081 3785 Sed
2103 3758 2140 3784 est
2156 3757 2226 3783 alius

51 3813 58 3820 ν
83 3800 129 3831 65ι
144 3798 173 3825 de
184 3799 250 3836 fixo
267 3801 294 3824 in
312 3804 387 3833 caput
399 3797 493 3831 Monesi
509 3796 625 3824 vibrato:
658 3799 742 3829 Flexit
761 3803 935 3838 ad'ignotum
953 3806 1030 3835 caput
1049 3800 1123 3826 infle-
1133 3807 1296 3834 100quoque
1313 3799 1421 3834 quidam
1439 3796 1525 3824 aditus
1544 3795 1576 3822 ad
1595 3793 1808 3825 multitudinem,
1827 3801 1857 3821 vt
1875 3795 1904 3821 in
1921 3795 2105 3822 vniuersorum
2124 3792 2226 3819 animos

82 3840 194 3868 tumque
212 3833 322 3861 Monesi.
372 3833 507 3870 Ignobilem
519 3832 608 3868 flgnat
627 3834 781 3870 Monesum,
793 3846 817 3865 et
836 3839 935 3874 obscuro
954 3839 1004 3864 Ioco
1022 3843 1124 3862 natum:

82 3876 171 3910 vtper
183 3870 291 3910 Defletos
302 3869 396 3910 filices,
414 3868 553 3909 Nobilitate
572 3867 687 3904 insignes.
733 3872 764 3898 Et
775 3874 850 3908 Virg.
865 3875 930 3900 Aen·
945 3882 977 3905 Η,
990 3880 1038 3906 372
1066 3871 1124 3897 ΝΟ,

83 3905 277 3968 zqss'aelgiles
299 3903 436 3932 inhumata
464 3904 609 3938 infletaque
640 3904 726 3931 turba.

119 3981 161 4003 1N
172 3981 188 4002 Β
197 3976 308 4012 LiGo,
329 3975 374 4010 xi,
400 3974 492 4008 etum,
515 3974 570 4002 ere.
605 3972 789 4011 [ng-acinco,
807 3975 952 4016 ἒμξέλλω]
988 3978 1065 4015 Fligo
1084 3985 1128 4006 an·
1140 3976 1277 4015 105Dolor
1289 3972 1379 4004 influit
1389 3972 1473 4001 menti
1486 3973 1568 4000 Ouid.
1581 3973 1614 4001 ad
1626 3972 1686 4001 Liu.
1701 3980 1755 4007 395.

777 3908 850 3944 Conf.
873 3910 972 3936 Auson.
997 3906 1126 3935 Parental.

1187 3838 1311 3869 tanquam
1325 3835 1437 3860 influere
1448 3831 1576 3866 pellimus.
1644 3829 1720 3856 Idem
1738 3830 1771 3857 de
1785 3830 1892 3857 Amicit.
1906 3839 1938 3863 95
1965 3829 2068 3862 Qiibus
2091 3827 2228 3854 blanditiis

1187 3871 1219 3897 C.
1234 3870 1358 3904 Papyrius
1377 3867 1473 3896 Consul
1486 3875 1570 3901 nuper
1587 3865 1714 3893 influebat
1734 3866 1763 3893 in
1776 3870 1852 3893 aui-es
1871 3866 2006 3893 concionis
2017 3884 2025 3896 ,
2046 3872 2128 3898 quum
2145 3863 2228 3890 ferret

1188 3905 1274 3940 legem
1293 3904 1324 3931 de
1337 3904 1472 3931 Tribunis
1487 3901 1572 3936 plebis
1590 3901 1748 3929 reficiendis.
1819 3902 1933 3928 Influere
1952 3899 2029 3925 uobis
2049 3898 2146 3938 bonum
2166 3898 2229 3923 dici-

1187 3948 1231 3967 tur·
1251 3939 1325 3976 Qaeod
1341 3941 1408 3967 vitro
1427 3941 1497 3964 uenit
1517 3938 1573 3964 Sen.
1591 3937 1672 3972 Epist.
1688 3945 1724 3970 51.
1778 3937 1875 3967 Sensim
1892 3935 2004 3964 influere
2024 3933 2154 3967 Qunchl.
2168 3941 2190 3964 1,
2203 3941 2229 3958 2.

1384 4011 1400 4036 6
1424 4009 1445 4037 Z
1480 4017 1495 4036 ε
2050 4008 2233 4034 ιΝΡινιῑΝε,
