2479 4225
292 157 367 197 aa
679 140 722 179 H
802 141 840 180 A
928 137 964 176 L
1351 168 1354 172 .
1709 186 1733 211 ι
1793 132 1836 171 H
1920 133 2078 184 Ar
2338 143 2445 191 <aa⁴

305 243 358 260 cum
371 231 469 266 lapide?
503 228 633 256 Secundum
647 228 704 254 baec
720 229 836 254 Halteres
845 225 953 261 suerunt
961 224 1073 259 pondera
1087 225 1198 251 manibus
1207 223 1339 259 prehensa,
1435 229 1457 251 Η
1468 231 1488 251 Α
1498 231 1521 250 Μ
1530 230 1550 249 V
1561 230 1589 255 s,
1609 222 1627 248 i.
1647 230 1682 248 m.
1719 219 1869 257 [ἆέγκιςρον]
1905 221 1933 249 Si
1946 221 2057 249 audimus
2071 223 2207 257 Seruium,
2223 224 2343 251 ‘Catenam
2355 224 2430 262 figmss.

307 269 406 295 vibrata
420 270 445 291 in
459 266 552 297 altum,
566 264 613 300 sed
626 274 671 290 non
686 267 732 295 ita,
747 269 774 288 vt
786 267 970 292 emitterentur,
990 269 1072 286 verum
1092 267 1121 286 vt
1135 260 1269 295 saltatoris
1286 269 1340 285 cor·
1372 280 1378 284 .
1392 258 1467 295 ficut.
1502 260 1575 292 Virg.
1591 259 1654 283 Aen.
1664 266 1682 288 3,
1691 260 1748 296 3467
1769 257 2052 285 Loricanrconsertam
2065 258 2162 290 hamis,
2177 269 2296 294 auroque
2310 260 2429 294 trilicem,¹

303 311 352 339 pa,-
365 302 395 327 ab
412 302 464 327 illis
480 302 546 326 velue
565 300 718 329 traheretur,
737 300 763 322 in
777 304 822 330 quo
842 304 856 320 a
869 295 939 321 disco
951 302 974 321 et
992 294 1086 322 trocho
1106 295 1238 329 difflvunt.
1276 294 1342 320 Illud
1406 296 1453 321 Vbi
1465 295 1505 321 ille
1520 294 1611 320 Hamis
1625 300 1710 318 aureis
1721 312 1729 324 ,
1742 301 1788 326 per
1801 291 1936 325 Endiadyn
1956 294 2049 319 Hamis
2067 300 2169 327 autem,
2183 296 2288 322 Catenis
2303 294 2431 329 significae.

308 339 376 363 docet
391 335 524 370 Pausanias
538 337 613 361 Eliac.
627 337 707 369 prior.
722 332 739 357 s.
755 340 777 362 ς,
790 333 823 356 26
841 330 883 355 ubi
901 334 953 362 ait,
967 332 1057 358 circuli
1075 331 1224 367 oblongioris
1239 339 1286 355 non
1301 338 1341 355 ac·
1400 330 1447 357 Sed
1465 330 1582 356 videntur
1598 331 1683 363 potius
1699 326 1790 363 lingula*
1810 329 1897 354 annuli
1917 328 1935 355 s.
1953 330 2042 354 circuli
2060 332 2126 356 inter
2142 331 2171 365 [ς
2189 332 2290 366 implexi
2304 330 2404 366 fignari
2416 332 2432 360 it

309 371 454 406 ematiffimc
477 371 577 397 rotundi
592 368 717 395 dimidiam
733 373 832 399 partssm
844 365 1042 402 repraefintaffc,
1063 373 1086 392 et
1099 366 1190 401 jacias
1203 364 1297 401 ficisle,
1311 371 1339 390 vt
1360 370 1374 396 ς
1407 366 1523 401 Virgilio.
1580 367 1643 390 Nam
1657 366 1761 398 proprie
1774 363 1872 388 Hamus
1893 361 1925 396 est
1939 366 2067 390 incuruum
2084 365 2148 391 illud
2166 365 2372 399 lustramentum,
2390 375 2432 402 quo

308 402 421 433 mannum
434 406 511 442 digiti
525 407 625 432 immitti
639 403 703 427 uelut
721 404 748 425 in
761 402 838 426 lorum
853 402 892 427 vel
904 401 987 437 ansam
996 404 1068 436 clipei
1076 401 1179 436 poſjhnt.
1216 401 1341 426 Caeterum
1400 403 1531 435 capiuntur
1540 400 1621 435 pijccs
1629 418 1637 431 ,
1657 408 1695 424 cui
1708 401 1780 424 etiam
1792 397 1887 431 fimiler
1899 401 2029 425 vncinulos
2042 399 2158 435 squamae
2171 401 2272 433 habent,
2285 401 2372 436 quibus
2382 398 2438 431 εἰὴίρ,

308 450 359 469 tum
373 443 397 468 h.
413 443 430 468 l.
444 448 494 467 tum
507 444 533 466 in
545 440 598 474 fine
616 437 666 471 ipso
679 435 754 467 libri,
772 442 823 461 tum
837 438 863 468 6,
878 445 889 468 3
909 437 953 464 hoc
970 437 1063 473 insigne
1075 446 1101 462 in
1114 435 1209 469 statuis
1228 435 1341 461 additum
1400 442 1499 470 gantur.
1537 436 1606 462 Certe
1626 434 1672 460 Sil.
1688 442 1710 466 5,
1725 442 1772 465 140
1801 434 1924 461 Loricam
1942 434 2077 466 induitur,
2099 441 2183 462 tortos
2199 436 2260 463 huic
2280 436 2373 462 nexilis
2392 435 2449 474 ha,

310 476 481 512 pentathliss
495 470 716 510 quinquertionibus
729 470 817 505 rifert.
859 472 949 508 Vbique
961 480 1038 498 amem
1057 472 1166 506 ἁλτῆρας
1183 472 1287 505 οἰρχαίες
1300 479 1357 497 von
1403 479 1459 496 mos
1472 471 1552 497 Ferro
1572 471 1678 504 squama
1696 469 1755 496 rudi
1777 469 1961 504 permixtoque
1983 471 2083 504 asperat
2101 479 2175 497 auro.
2211 472 2322 506 Squama
2341 467 2442 504 nexilis

310 520 365 544 cat,
389 522 434 548 qm,
450 511 561 539 indicat,
572 507 621 541 sua
642 512 721 531 aetate
736 505 832 541 aliquid
850 509 877 532 in
895 508 986 543 figura
1002 506 1080 543 fuist}
1096 511 1258 534 immutatum.
1299 505 1343 532 Ad
1403 503 1436 538 est
1444 512 1549 541 propter
1556 507 1655 532 Hanios
1669 508 1800 537 incuruos,
1815 503 1844 530 id
1854 508 1917 531 enim
1931 503 1964 538 esi
1975 511 2068 532 tortos.
2104 506 2151 533 Sed
2166 506 2273 533 redimar
2287 507 2320 533 ad
2331 502 2434 544 hamul}

310 549 354 575 hos
370 548 478 574 halteras
490 544 582 578 referri
597 538 675 575 potest
694 541 785 567 quen.
799 544 824 573 6,
837 551 880 574 421
897 545 994 577 Magno
1008 543 1101 578 gaudet
1115 543 1204 568 sudare
1219 541 1343 573 tumultu,
1356 549 1385 567 ιο
1401 541 1569 602 piscatorium.
1624 539 1706 568 Plaut.
1720 539 1799 567 Stich.
1812 548 1838 571 2,
1852 549 1869 570 1,
1884 548 1914 575 17
1934 540 2098 567 Arundinem
2112 542 2179 577 fert,
2192 543 2397 577 sportulamque,
2409 541 2435 575 e}

312 585 401 616 Quum
422 582 502 607 lalsata
516 576 589 611 graui
602 576 751 602 ceciderunt
770 577 890 604 bracchia
903 580 987 604 massa.
1024 579 1093 604 Certe
1110 580 1166 605 Vct.
1181 577 1265 603 Schol.
1281 576 1342 602 Hal·
1422 584 1509 602 amum
1523 576 1673 610 piscarium.
1745 575 1891 609 angulosus
1911 576 2029 603 Macrob.
2042 577 2144 604 Saturn.
2158 585 2184 611 7,
2197 586 2219 609 3.
2290 578 2442 615 Catenatujj

311 625 378 645 teras
395 616 472 645 dicit,
498 611 593 646 quibus
611 617 720 637 vtuntur
733 612 860 644 athletae,
881 623 939 640 cum
963 620 1129 641 exercentur:
1165 612 1236 647 quali
1258 613 1342 647 plum·
1404 606 1470 637 Ptin.
1482 619 1509 644 9,
1522 620 1554 644 ις.
1571 614 1610 638 cui
1630 617 1715 637 catena
1727 621 1832 636 annexa.
1903 612 2019 637 Hamum
2035 619 2126 645 vorat,
2139 622 2211 639 meus
2224 613 2259 639 est
2273 613 2355 640 Plaut.
2372 613 2453 646 Cure&

312 655 366 681 bcis
382 647 539 685 ponderibus
558 652 718 673 exerceatur.
789 648 846 674 Sen.
858 649 935 683 Epist.
953 657 976 682 15
993 649 1046 684 post
1063 656 1104 684 pr.
1133 649 1230 675 Cursus
1245 655 1270 674 et
1283 656 1342 673 cuin
1404 646 1454 673 cul.
1469 656 1490 678 ς,
1504 649 1541 673 6ι.
1609 646 1705 672 Diuine
1719 647 1792 673 Plato
1805 647 1888 672 escam
1902 647 2031 673 malorum
2044 648 2208 683 voluptatem
2219 649 2346 682 appellat,
2366 648 2457 687 quoijf„

310 689 397 721 aliquo
417 683 531 718 pondere
544 691 634 708 manus
647 688 734 708 motae
743 702 751 714 ‚
769 689 795 708 et
808 684 885 709 saltus
894 704 902 715 ‚
915 684 957 710 vel
970 685 1026 716 ille,
1039 685 1087 719 qui
1103 693 1195 719 corpus
1212 684 1239 709 in
1260 683 1343 709 altum
1404 691 1433 709 ea
1446 682 1576 709 videlicet
1594 681 1713 708 homines
1728 683 1880 716 capiamur,
1894 688 1922 708 vt
1942 682 2020 708 hamo
2032 683 2111 717 pisces
2130 684 2185 710 Cic.
2200 684 2232 710 dc
2244 685 2301 711 Sen.
2316 693 2355 717 44
2367 692 2389 709 c.
2403 685 2454 717 1351>

311 724 385 751 leuat,
398 726 443 745 etc.
499 720 528 744 Et
541 718 617 752 Epist.
632 720 662 750 56
670 725 714 752 pr.
739 718 766 744 de
780 719 879 751 balneo,
896 720 963 745 Cum
982 720 1108 747 fortiores
1126 725 1297 751 exercentur,
1318 723 1344 744 et
1358 724 1383 750 ¹5
1403 716 1513 744 Munera
1531 719 1639 744 Mittere
1657 717 1685 742 in
1704 716 1783 743 hamo
1795 717 1910 744 Martial.
1924 720 1950 749 6,
1964 720 2003 750 63.
2022 718 2090 744 Add.
2112 725 2285 746 HAMATVS.
2336 720 2458 753 Duc-erilis·

309 764 397 784 manus
412 753 521 789 plumbo
534 762 625 788 graues
639 753 743 779 iactant.
778 755 881 788 Reliqua
901 764 917 781 a
929 758 995 781 viris
1014 755 1096 782 doftis
1115 756 1240 792 disputata
1253 764 1281 780 ex
1295 755 1344 780 Ga·
1403 753 1498 788 piscem
1510 753 1588 780 hamo
1608 753 1689 778 Ouid.
1703 753 1780 786 Epist.
1797 762 1835 785 19,
1850 761 1884 785 13.
1939 753 2066 788 Excipere
2081 754 2160 781 hamo
2173 755 2239 781 Cels.
2252 763 2279 790 7,
2294 762 2316 787 5.
2369 750 2457 790 Semjss·

305 794 357 819 leno
370 790 464 817 Salubr.
479 790 521 815 lib.
534 799 556 815 2.
576 796 600 815 et
611 788 644 814 ad
656 788 771 814 Martial.
785 796 810 822 7,
826 792 860 815 66
878 790 925 816 huc
937 799 984 816 non
995 795 1130 826 pertinent.
1168 789 1251 823 Instar
1268 792 1345 816 omni·
1405 798 1451 824 per
1463 789 1514 816 tibi
1529 788 1640 815 Pendeat
1658 789 1750 814 hamus
1768 788 1850 815 Ouid.
1866 789 1896 814 A.
1911 789 1940 814 A.
1955 798 1976 820 3,
1991 797 2048 822 425.
2118 789 2221 816 Adunci
2242 791 2314 816 Idem
2328 791 2392 816 Met.
2405 795 2453 831 ις,Ὗ

307 836 347 853 um
364 824 396 858 est
410 826 519 851 Mer-cur.
533 824 560 850 cle
574 831 627 850 arte
640 825 765 857 Gymnast.
776 833 801 855 3,
815 834 850 850 ιε.
1405 833 1464 858 934.
1534 825 1637 851 Curuos
1656 823 1728 850 dedit
1745 823 1876 857 vnguibus
1898 823 1936 850 Id.
1950 825 2014 850 Met.
2036 833 2068 857 ιι,
2088 834 2143 860 34²·
2213 826 2325 853 Haustus
2348 826 2446 863 hamuff.

343 868 392 887 HA
404 867 487 891 Lvs,
506 860 524 885 i.
548 860 568 885 f.
607 860 705 890 Herba,
725 858 752 884 dc
771 868 819 894 qua
838 859 903 885 Plin.
921 867 960 894 27,
978 867 995 894 7
1032 860 1114 887 Halus
1133 867 1235 890 autem,
1264 868 1343 894 quani
1405 860 1471 886 Plin.
1483 860 1574 894 Paneg.
1588 868 1628 894 43,
1642 867 1664 892 5.
1736 859 1825 885 Fallax
1844 860 1924 886 Ouid.
1939 868 1969 885 ex
1983 861 2057 886 Pont.
2072 869 2095 893 ε,
2108 868 2132 895 7,
2145 869 2170 893 9.
2239 861 2379 888 Occultum
2397 860 2447 894 ‹Ie-j

306 896 376 922 Galli
395 896 426 921 fic
445 901 556 926 vocant,
582 894 675 920 Veneti
698 895 859 926 Coroneam,
880 895 999 922 medetur
1018 895 1114 927 lateri,
1139 898 1202 922 item
1227 896 1344 928 renibus,
1356 906 1391 924 20
1405 895 1488 921 currit
1508 896 1584 929 piscis
1603 895 1634 921 ad
1650 895 1756 921 hamum
1777 896 1844 921 Hor.
1857 895 1934 929 Epist.
1949 904 1969 927 1,
1982 903 2009 930 7,
2023 903 2068 930 74.
2138 897 2252 931 Opertus
2277 896 2350 924 Idem
2362 895 2454 930 Epiffi,

306 930 489 965 conuulfisque
502 937 527 956 et
540 930 633 964 ruptis.
670 930 768 956 Similis
786 930 822 956 est
834 931 934 957 cunilae
949 930 1080 964 bubulae,
1094 931 1273 958 cacuminibus
1287 931 1345 963 thy·
1408 939 1428 962 ι,
1447 933 1484 962 16,
1501 938 1536 963 51.
1606 931 1675 956 Vnci
1688 930 1767 957 Ouid.
1785 930 1849 956 Met.
1864 938 1897 963 15,
1911 934 1973 965 476.
2111 929 2131 967 ff
2153 941 2169 958 2
2204 932 2285 959 Aliud
2297 931 2441 964 instrumeffi,

306 976 367 999 mo,
383 967 480 998 dulcis,
494 972 519 992 et
532 965 599 992 sitim
614 965 716 998 sedanS,
731 974 805 992 rarae
818 966 913 992 radicis
922 987 929 999 ‚
947 966 1013 992 alibi
1027 967 1116 1000 albae,
1130 967 1195 994 alibi
1209 968 1308 1002 nigrae.
1405 972 1456 1006 tum
1463 966 1587 1001 ferreum,
1600 976 1645 1002 quo
1654 964 1765 1001 eritur
1779 967 1864 992 linum.
1898 966 2029 999 Plin.19,1
2051 967 2081 993 Et
2095 966 2149 1001 ipsa
2163 974 2250 994 tamen
2263 967 2378 1002 patititur
2390 967 2441 1004 ferg

342 1010 362 1029 Η
372 1010 393 1029 A
403 1009 418 1028 1.
429 1009 447 1027 γ
457 1009 478 1028 A
488 1008 504 1027 E
515 1007 537 1027 ‘r
548 1008 566 1027 v
576 1008 606 1033 s,
642 1001 696 1027 vid.
732 1007 752 1027 H
762 1009 783 1028 A
792 1009 807 1028 L
818 1010 827 1028 1
838 1009 859 1028 A
867 1009 882 1028 E
893 1008 909 1028 E
921 1009 943 1029 'r
956 1008 975 1026 v
988 1010 1011 1029 s.
1405 1009 1457 1027 reis
1471 1002 1570 1032 hamis,
1589 1002 1671 1028 donec
1685 1002 1771 1028 omnis
1784 1000 1936 1028 membrana
1949 1001 2132 1029 decorticetur.
2151 1002 2180 1028 de
2190 1002 2276 1039 stupa.
2386 1000 2445 1066 2}

343 1045 363 1065 Η
373 1046 393 1065 A
405 1044 419 1063 L
429 1044 477 1063 YN
489 1044 509 1063 T
519 1045 527 1062 1
539 1043 558 1061 v
571 1043 595 1063 M
607 1056 615 1068 ,
635 1036 652 1062 i.
673 1045 699 1062 n.
736 1037 811 1070 arulfi
822 1047 899 1074 genus
910 1041 937 1063 in
951 1038 1047 1065 Sicilia.
1082 1038 1148 1064 Plin.
1164 1047 1202 1072 14,
1215 1046 1240 1071 9.
1408 1037 1479 1063 Caes.
1493 1037 1520 1063 B.
1533 1038 1564 1063 G.
1579 1045 1604 1072 7,
1618 1045 1648 1072 73
1670 1038 1736 1063 Ante
1751 1037 1813 1063 haec
1828 1037 1956 1072 (inquit)
1969 1037 2051 1064 taleae
2064 1038 2155 1072 pedem
2173 1039 2266 1073 longae
2285 1037 2381 1065 ferreis

341 1081 362 1100 Η
373 1081 393 1100 A
403 1079 420 1098 L
430 1080 485 1104 Ys,
505 1081 564 1104 yos,
592 1081 644 1104 ym.
669 1081 704 1098 m.
741 1070 865 1106 [⁶¹A22v5]
902 1074 1083 1109 Paphlagoniae
1094 1073 1193 1109 fluuius
1209 1076 1344 1100 maximus:
1356 1083 1387 1110 23
1407 1073 1457 1098 mis
1470 1071 1556 1098 infixis
1575 1079 1645 1099 totae
1664 1074 1692 1099 in
1706 1081 1802 1099 terram
1817 1072 2031 1099 infodiebantur:
2052 1073 2285 1109 mediocribusque
2296 1072 2440 1104 intermiffii

305 1109 385 1143 Croefi
397 1108 459 1143 fato
468 1127 476 1139 ,
491 1107 555 1143 quod
571 1106 678 1139 attuliffe
699 1110 768 1142 visus
788 1107 819 1139 est
829 1129 836 1140 ,
851 1108 948 1134 nobilis.
984 1109 1054 1136 Nam
1066 1118 1126 1135 cum
1141 1110 1194 1135 sors
1209 1109 1254 1135 illa
1274 1108 1345 1134 edita
1406 1108 1509 1142 spatiis,
1530 1108 1654 1135 omnibus
1668 1109 1732 1135 locis
1746 1107 1949 1141 differebantur,
1967 1117 2034 1143 quos
2047 1109 2165 1136 stimulos
2178 1110 2358 1136 nominabant.
2392 1110 2441 1136 Hie

306 1145 358 1176 est,
379 1144 489 1170 Croesus
506 1142 601 1173 Halym
616 1148 752 1175 penetrans
767 1152 884 1177 magnam
898 1150 1030 1178 peruertet
1043 1154 1124 1179 opum
1138 1146 1208 1176 vim,
1228 1145 1344 1170 hostium
1405 1143 1478 1170 hami
1495 1143 1556 1179 sunt
1576 1148 1636 1171 unci
1648 1145 1747 1180 quidam
1759 1147 1828 1170 acuti
1839 1153 1892 1170 cum
1906 1144 2015 1180 spiculis
2029 1151 2096 1172 retro
2115 1145 2212 1181 flexis,
2230 1145 2264 1172 ad
2282 1144 2445 1190 reuellenduq

305 1181 361 1206 vim
382 1179 432 1205 sese
451 1178 632 1212 peruersunun
653 1178 769 1211 putauit,
793 1181 922 1212 peruertit
936 1185 1024 1206 autem
1042 1181 1129 1211 suain,
1147 1188 1176 1206 vt
1189 1183 1226 1206 ait
1240 1181 1295 1205 Cic.
1311 1179 1343 1205 de
1403 1177 1555 1214 dzfficilibus.
2418 1183 2446 1209 ’“·,

306 1215 396 1241 Diuin.
412 1222 436 1243 2,
448 1222 492 1245 115.
525 1218 527 1221 ’
564 1213 662 1239 Croeso
675 1213 761 1239 fatalis
781 1214 878 1242 Lucan.
892 1223 914 1247 3‘,
924 1223 982 1249 272.
1053 1215 1156 1242 Crebro
1175 1217 1277 1242 vortice
1291 1221 1344 1241 tor·
1445 1221 1466 1241 H
1476 1222 1530 1241 AM
1541 1214 1646 1248 x'fLVS,
1663 1215 1682 1241 i.
1702 1224 1737 1242 m.
1758 1215 1859 1241 Dimin.
1878 1213 2033 1250 [ἐγκίςριον]
2054 1215 2201 1242 Hamulum
2213 1216 2302 1243 Celsus
2309 1222 2382 1244 vocat
2391 1210 2442 1250 Vt}k

304 1256 347 1276 tus
372 1247 453 1275 Ouid.
466 1257 496 1274 ex
512 1248 585 1274 Pont.
606 1258 634 1280 4,
655 1257 691 1281 ιο,
711 1253 753 1281 48.
948 1248 969 1287 fl
993 1259 1009 1277 2
1045 1251 1142 1284 Halys,
1173 1252 1232 1278 Viri
1250 1260 1343 1277 nomen.
1356 1263 1388 1287 30
1406 1253 1552 1286 einum,quo
1559 1251 1646 1277 medici
1657 1251 1771 1287 chirurgi
1780 1254 1914 1286 pterygion
1927 1260 1956 1276 ex
1970 1252 2036 1276 oculo
2049 1254 2167 1278 eximunt.
2203 1252 2270 1279 Cels.
2280 1259 2301 1285 5,
2315 1260 2342 1286 7,
2354 1261 2371 1286 9
2385 1253 2442 1288 spes

305 1285 378 1318 Virg.
394 1285 458 1310 Aen.
474 1292 499 1315 9,
515 1286 570 1317 765.
613 1284 673 1310 Stat.
689 1283 780 1310 Theb.
796 1292 821 1316 2,
835 1292 895 1319 574.
1406 1286 1468 1313 cillo
1482 1286 1642 1313 auriculario
1663 1286 1870 1321 protrahendum
1885 1286 1937 1318 est,
1956 1292 2000 1312 aut
2019 1286 2127 1313 hamulo
2151 1288 2248 1314 retuso.
2284 1288 2357 1324 Conf.
2375 1288 2441 1316 Cen:

340 1327 514 1347 HALY813.
551 1319 628 1353 Apul.
645 1319 677 1345 de
690 1319 793 1345 Mundo
806 1329 831 1355 p.
845 1324 889 1354 64.
908 1320 971 1347 idem
983 1321 1048 1357 quod
1059 1323 1134 1348 Halo.
1405 1332 1428 1354 7,
1444 1330 1471 1356 7,
1484 1331 1510 1355 4.
1577 1322 1650 1348 Idem
1665 1333 1687 1354 7,
1707 1331 1730 1354 31
1755 1322 1928 1356 Vitaturque,
1941 1331 1974 1347 ue
1997 1322 2087 1356 plagae
2111 1322 2188 1357 ipsius
2205 1331 2269 1349 orae
2289 1324 2443 1359 adurantur,

1404 1366 1467 1392 quas
1481 1357 1605 1384 reducere
1623 1357 1735 1384 hamulis
1753 1358 1831 1384 facile
1850 1358 1895 1384 est.
1952 1357 2034 1384 Plaut.
2048 1358 2126 1384 Stich.
2140 1367 2163 1393 2,
2177 1367 2197 1391 1,
2213 1367 2242 1393 ¹7
2279 1359 2340 1386 Fert
2353 1358 2443 1387 hamu.

680 1382 711 1411 H
809 1384 836 1412 A
932 1382 971 1413 M
1404 1394 1460 1419 lum
1473 1393 1624 1427 piscarium.
1994 1414 1997 1415 ν
2423 1412 2425 1415 -

338 1434 357 1453 Η
368 1434 389 1453 Α
398 1433 422 1452 Μ
431 1433 451 1452 Α
461 1445 469 1458 ,
488 1434 526 1451 ae.
552 1426 571 1451 f.
614 1427 665 1452 Vas
676 1429 804 1463 aquarium
816 1427 970 1454 rotundioris
983 1428 1100 1464 formas,
1119 1435 1142 1455 et
1154 1430 1251 1455 ventris
1264 1428 1344 1464 globo·
1358 1440 1386 1467 ὃς
1443 1435 1464 1454 Η
1475 1436 1496 1455 A
1505 1436 1529 1454 M
1538 1435 1557 1454 0
1566 1448 1573 1459 ,
1592 1433 1646 1454 are.
1683 1428 1787 1454 Petron.
1802 1437 1822 1453 c.
1837 1435 1850 1460 ς
1866 1429 1973 1459 valate,
1982 1434 2031 1463 pro
2049 1435 2163 1463 captare,
2183 1429 2256 1456 Artis
2275 1431 2364 1457 seuere
2375 1431 2444 1465 quis-

294 1462 389 1496 fioris,
424 1472 452 1488 uo
468 1461 501 1486 ad
512 1461 685 1497 exstinguenda
699 1463 815 1488 incendia
822 1463 935 1498 solebant
949 1468 996 1490 vti.
1030 1464 1131 1491 Paullus
1145 1465 1172 1490 in
1187 1465 1205 1490 l.
1223 1465 1292 1490 Nam
1308 1465 1344 1490 sa-
1404 1465 1462 1498 quis
1477 1464 1564 1490 hamat
1579 1463 1694 1488 effectus.
1721 1464 1762 1489 Sit:
1775 1463 1859 1489 Burm.
1885 1465 1942 1489 Alii
1955 1463 2065 1489 adamat.
2086 1464 2179 1490 Hamis
2194 1465 2335 1492 cannes-lere
2351 1465 2371 1499 li
2397 1466 2444 1502 tifi—

302 1498 383 1524 lutem
398 1471 421 1530 611.
435 1497 573 1523 Sciendum
588 1499 619 1523 D.
634 1498 666 1523 dc
684 1497 752 1524 offic.
775 1499 897 1532 praese&
912 1499 987 1533 vigil.
1008 1502 1038 1526 it.
1060 1501 1167 1534 leian.
1183 1500 1198 1525 l.
1216 1509 1243 1526 12
1258 1500 1290 1525 de
1305 1500 1343 1525 in·
1403 1507 1445 1525 cat
1460 1498 1552 1525 Claud.
1567 1499 1595 1524 in
1609 1497 1677 1524 Ruff.
1691 1506 1716 1530 2,
1731 1503 1773 1530 358
1801 1497 1909 1524 Flcxilis
1925 1498 2040 1524 induetis
2059 1498 2181 1525 hamatur
2198 1500 2295 1527 lamina
2310 1510 2377 1528 mem
2396 1503 2444 1536 ris,

302 1531 402 1559 structo·
411 1533 450 1558 vel
465 1532 536 1559 instr.
546 1533 592 1567 leg.
603 1532 625 1570 ᾧ.
636 1538 668 1562 18.
683 1534 723 1559 vin
732 1534 796 1560 Ama
803 1534 935 1570 scribitur.
956 1536 1095 1561 Sciendum
1109 1536 1144 1561 est
1159 1542 1256 1568 autem,
1271 1544 1343 1569 prae·
1404 1538 1445 1561 cui
1465 1533 1568 1560 IcHioni
1584 1534 1676 1569 fauet,
1696 1533 1761 1568 quod
1779 1532 1808 1559 dc
1828 1533 1913 1560 hamis
1932 1533 2075 1560 loricarum
2089 1534 2159 1561 modo
2177 1535 2360 1571 obstruauimus.
2375 1546 2382 1549 “
2393 1537 2444 1565 Sed

303 1569 402 1594 fectum
416 1568 527 1601 vigilum
539 1577 583 1602 per
600 1575 682 1595 totam
697 1569 802 1595 noctem
816 1570 928 1603 Vigilate
942 1570 1053 1602 debere,
1067 1578 1092 1597 et
1111 1574 1232 1597 coerrare
1247 1571 1343 1597 calcea·
1407 1569 1493 1605 Heius.
1507 1570 1661 1601 Aniuiatur,
1671 1575 1718 1604 pro
1732 1578 1777 1604 quo
1790 1569 1873 1595 valide
1883 1576 2033 1605 propugnat.
2295 1594 2298 1595 .
2364 1583 2367 1587 -
2429 1604 2432 1605 .

303 1610 360 1629 tum
372 1612 430 1629 cum
446 1603 528 1628 hamis
542 1610 567 1629 et
580 1604 703 1630 dolabris.
740 1606 829 1631 forma
843 1607 953 1643 intelligi
965 1605 1046 1642 potest
1065 1616 1075 1632 ε
1093 1608 1164 1643 uersu
1178 1607 1386 1640 Columellae40
1443 1611 1492 1631 HA
1503 1612 1526 1631 M
1536 1606 1557 1631 A
1564 1611 1612 1631 TV
1623 1611 1636 1630 S
1646 1625 1654 1636 ‚
1673 1612 1686 1630 a
1695 1624 1704 1636 ‚
1720 1613 1772 1630 um.
1803 1605 1896 1631 Partic.
1933 1605 1945 1637 [
1959 1605 2105 1641 αἰγκιςρωτᾶς
2117 1607 2130 1640 ]
2167 1607 2247 1633 Ηανηό
2265 1604 2400 1640 ιἠβνιιᾶια
2417 1613 2442 1633 et

304 1639 331 1664 de
346 1638 471 1664 cucurbita
485 1646 520 1668 ιο,
534 1644 580 1672 387
1405 1644 1523 1667 munitus.
1560 1641 1616 1666 Cic.
1631 1639 1709 1667 Acad.
1723 1649 1750 1672 4,
1764 1648 1807 1672 522
1837 1641 1956 1666 Hamatis
1970 1641 2152 1676 vncinatisque
2172 1642 2338 1676 corpusculis.
2390 1642 2443 1668 Ha-

590 1687 635 1692 —
671 1673 723 1698 siue
744 1674 845 1707 globosi
902 1675 906 1680 '
1406 1683 1476 1703 mata
1490 1681 1601 1710 corpora
1615 1673 1718 1701 Lucre't.
1733 1684 1759 1708 2,
1773 1677 1836 1709 467.
1903 1676 2014 1702 Arundo
2028 1676 2109 1702 Ouid.
2124 1678 2188 1703 Met.
2202 1685 2223 1710 5,
2234 1682 2290 1710 384.
2353 1676 2455 1709 Mune-⁴

458 1708 585 1741 Corporis
595 1727 601 1737 ‚
618 1713 696 1742 atque
710 1714 785 1734 vtcro
799 1710 913 1736 nimium
925 1720 992 1744 quae
1010 1713 1080 1738 vasta
1096 1713 1216 1739 tumescit
1405 1721 1450 1744 ra,
1469 1721 1528 1747 quac
1541 1716 1579 1738 ita
1592 1711 1700 1743 dantur,
1716 1718 1745 1736 vt
1757 1713 1808 1736 alia
1821 1711 1926 1747 subinde
1937 1711 2005 1746 adse
2019 1711 2082 1737 dona
2097 1714 2217 1739 alliciant.
2288 1711 2353 1738 Plin.
2367 1711 2444 1746 Epist.

458 1745 557 1769 Ventre
572 1743 639 1776 leges
655 1743 759 1769 medio:
779 1744 897 1770 sobolem
912 1745 985 1772 dabit
1002 1747 1046 1772 illa
1063 1752 1182 1781 capacem
1407 1756 1434 1778 9,
1450 1756 1490 1778 30,
1505 1756 1517 1772 2
1548 1748 1604 1772 Hos
1630 1755 1680 1779 ego
1704 1747 1809 1772 viscatis
1831 1746 1996 1780 hamatisque
2014 1747 2167 1774 muneribus
2189 1756 2243 1774 non
2261 1747 2305 1774 sua
2324 1755 2445 1782 promere

458 1778 589 1809 Naryciae
602 1779 683 1811 picis,
701 1785 746 1804 aut
760 1779 851 1805 Actaei
863 1780 948 1806 mellis
964 1781 1085 1812 hymetti,
1351 1787 1487 1815 45.puto‚
1508 1781 1551 1806 sed
1569 1781 1655 1806 aliena
1674 1781 1818 1814 corripere.
1856 1782 1930 1816 Canf.
1949 1783 2042 1815 Paneg.
2061 1791 2104 1814 43,
2124 1791 2145 1815 ς.
2181 1784 2238 1809 Sen.
2256 1783 2301 1816 Ep.
2320 1787 2342 1812 8.
2377 1779 2443 1808 Ma''‘

456 1813 508 1838 Aut
522 1812 640 1837 habilem
654 1813 767 1846 lymphis
780 1815 922 1841 hamulam.
1406 1815 1462 1841 tial.
1484 1824 1510 1847 4,
1523 1818 1563 1847 56.
1637 1815 1750 1848 Sagittae
1768 1815 1848 1840 Ouid.
1862 1816 1948 1841 Trist.
1973 1826 1992 1847 3,
2015 1825 2053 1847 ιο,
2076 1822 2115 1848 63.
2188 1817 2309 1843 Sentibus
2337 1817 2413 1844 hama

302 1847 536 1886 Hamulanrtamen
548 1849 575 1871 in
588 1847 660 1872 libris
675 1848 775 1880 Regum
791 1848 921 1882 interpres
934 1856 983 1884 pro
997 1850 1079 1883 φιάλαι
1098 1850 1218 1877 reddidit.
1276 1850 1342 1876 Plin.
1406 1851 1498 1884 implet
1519 1849 1688 1884 praecordia,
1709 1853 1728 1875 i.
1748 1850 1821 1875 Curis
1840 1850 1923 1876 Ouid.
1937 1851 2001 1877 Met.
2020 1859 2046 1883 z,
2064 1859 2125 1886 799.
2195 1853 2319 1888 Tegulae
2339 1853 2423 1879 Vitru‘

301 1893 391 1919 quoque
405 1882 483 1916 Epist.
498 1890 536 1913 10,
551 1889 586 1913 42
611 1881 734 1907 aduersus
756 1883 877 1909 incendia
897 1885 996 1909 Hamae
1015 1888 1135 1910 meminit.
1187 1887 1278 1910 quen.
1293 1886 1343 1910 Sat.
1406 1893 1433 1919 7,
1448 1896 1475 1917 4.
1543 1886 1647 1916 Vngues
1664 1885 1745 1910 Ouid.
1760 1886 1825 1910 Met.
1840 1893 1875 1914 12,
1890 1890 1942 1917 563.

302 1928 340 1951 14,
358 1927 402 1950 305
436 1916 570 1951 Dispositis
589 1915 725 1950 praediues
749 1916 846 1944 hamis:
866 1918 894 1943 de
916 1922 978 1943 ‘metu
1005 1919 1123 1944 incendii.
1166 1919 1239 1952 Conf.
1262 1919 1342 1943 Brod.
1444 1924 1496 1943 ΗΑ
1506 1917 1696 1948 ΜΑΤῐιις,
1715 1927 1738 1942 e.
1766 1919 1827 1943 Adi.
1863 1918 1972 1952 [ἄγκη]
2009 1920 2082 1953 Qiod
2096 1923 2210 1952 pertinet
2225 1922 2260 1948 ad
2280 1922 2392 1956 hamum,

302 1955 378 1983 Misc.
393 1962 431 1985 io,
448 1961 480 1985 15.
516 1952 616 1987 Salmafi
635 1952 669 1978 ad
680 1951 769 1979 Trcb.
783 1954 846 1979 Poll.
861 1953 954 1979 Claud.
973 1962 994 1979 c.
1008 1961 1046 1986 14.
1089 1955 1115 1979 P.
1129 1952 1249 1988 Leopard.
1265 1953 1341 1988 Misc.
1354 1961 1386 1987 50
1405 1952 1475 1978 hamo
1488 1953 1628 1987 peragitur.
1666 1951 1746 1977 Plaut.
1761 1951 1828 1977 Rud.
1847 1960 1869 1983 2,
1886 1961 1905 1984 ι,
1920 1961 1948 1978 ιο
1976 1953 2033 1979 Post
2054 1953 2081 1979 id
2101 1954 2254 1982 hamatilem
2274 1958 2400 1991 piscatum

302 1988 378 2023 9,:2.'
397 1996 427 2014 tt.
448 1989 591 2023 Grangaeus
604 1987 637 2012 acl
651 1989 760 2014 quenal.
774 1989 791 2014 I.
805 1998 826 2014 c.
1405 1987 1541 2013 saxatilem
1558 1985 1743 2020 aggredimur,
1763 1993 1894 2020 captamus
1919 1987 2009 2014 cibum
2030 1989 2059 2014 in
2083 1990 2160 2017 mari.
2179 1994 2198 2018 i.
2219 1993 2300 2019 Hamo
2312 1994 2407 2030 piscam
2445 2019 2447 2024 .

338 2032 357 2051 Η
367 2032 388 2050 A
398 2031 420 2049 Μ
430 2031 451 2050 A
460 2030 477 2049 D
488 2030 507 2049 R
519 2029 537 2048 γ
547 2030 567 2048 A
578 2029 596 2048 D
605 2029 620 2048 Ε
631 2030 654 2055 s,
669 2032 722 2049 um.
742 2023 761 2049 f.
790 2021 995 2058 [Ἃμαδρωίδις]
1023 2022 1067 2049 Aa
1077 2023 1176 2049 verbum
1193 2032 1252 2058 quae
1266 2023 1341 2049 simul
1405 2023 1541 2058 Spiculum
1555 2021 1673 2048 Tertull.
1687 2021 1746 2048 adu.
1762 2022 1853 2049 Gnost.
1864 2029 1907 2057 pr.
2077 2036 2080 2038 ·
2420 2025 2447 2065 χ(

302 2058 392 2093 (ἅμα)
412 2069 465 2085 cum
485 2058 633 2093 quercubus
659 2056 759 2092 (δρυσί)
786 2061 889 2088 viuum,
902 2065 924 2083 et
942 2064 1058 2093 percunt.
1099 2060 1174 2084 Talis
1184 2060 1243 2094 fuit
1261 2062 1343 2093 igitar
1443 2064 1558 2084 ΗΛΜΑ
1569 2064 1664 2088 TOR,
1681 2058 1743 2083 oris.
1780 2067 1816 2084 m.
1852 2057 1943 2086 isidor.
1961 2059 2042 2086 Glols.

303 2097 408 2130 nympha
427 2098 454 2120 in
474 2103 563 2130 quercu
581 2093 735 2129 delitescens,
757 2102 828 2128 quam
842 2093 997 2127 Erisichthon
1009 2093 1114 2124 cecidit,
1133 2102 1193 2128 quae
1207 2094 1286 2130 ipsum
1303 2096 1342 2119 ita
1442 2094 1651 2124 ΗΑΜΙὸΤΑ,
1671 2101 1709 2118 ae.
1735 2102 1770 2118 m.
1807 2092 1928 2130 [ὀῖλιιύς]
1966 2096 1987 2120 Α
2009 2095 2144 2122 veteribus
2166 2097 2280 2125 Piscator
2303 2099 2444 2128 dicebatur.
2468 2111 2470 2113 ¹

301 2132 406 2157 allocuta
427 2129 459 2162 2st
478 2128 560 2155 Ouid.
583 2130 647 2155 Met.
669 2134 696 2159 g,
718 2136 764 2163 771
1358 2133 1386 2159 55
1406 2127 1487 2154 Plaut.
1501 2128 1568 2153 Rud.
1583 2136 1606 2158 2,
1619 2137 1640 2155 2,
1655 2135 1667 2159 5
1687 2128 1788 2155 Saluete
1802 2129 1873 2155 fures
1887 2130 2040 2163 maritumi,
2061 2132 2198 2161 conchitae
2210 2139 2289 2168 atque
2304 2134 2444 2168 hamiotaes
2468 2135 2470 2140 ’

457 2164 582 2198 Nympha
598 2164 644 2190 sub
659 2164 708 2190 hoc
720 2173 770 2198 ego
783 2164 839 2190 sum
852 2163 945 2190 Cereri
957 2162 1096 2198 gratissima
1109 2162 1197 2197 ligno:
1405 2169 1450 2188 etc.
1506 2164 1606 2193 Varro,
1626 2163 1757 2190 Cohortes
1775 2173 1924 2199 coquorum
1941 2171 2021 2200 atque
2043 2166 2237 2202 hamiotarum‚
2255 2172 2441 2207 aucupumque·
2475 2173 2479 2205 l

457 2201 533 2232 Quae
553 2199 605 2225 tibi
623 2199 755 2225 fafitorum
772 2208 866 2233 poenas
886 2199 981 2225 instare
1001 2204 1110 2225 tuorum
1410 2198 1469 2226 Vid.
1487 2198 1560 2225 Non.
1580 2206 1606 2230 ι,
1624 2205 1669 2232 97.
2403 2216 2408 2227 .,

458 2235 595 2260 Vaticinor
614 2235 746 2267 moriens,
765 2235 847 2260 nostri
867 2235 959 2261 solatia
977 2234 1032 2260 leti.
1777 2237 1809 2266 H
1912 2239 1939 2268 A
2034 2239 2066 2269 N

302 2272 411 2297 Dixerat
426 2269 454 2295 dc
469 2270 548 2296 eadem
559 2274 653 2305 'quercu
665 2279 690 2296 v,
705 2273 757 2304 746
786 2270 865 2304 Saepe
883 2270 930 2296 sub
952 2270 998 2295 hac
1013 2268 1128 2301 Dryades
1147 2268 1222 2294 festas
1243 2267 1342 2293 duxere

302 2307 419 2332 choreas.
458 2306 548 2339 Nempe
559 2304 651 2330 caedem
668 2305 783 2337 Dryades
802 2315 828 2332 υ.
842 2315 868 2332 υ.
915 2305 975 2331 Stat.
988 2305 1053 2331 Silu.
1069 2313 1089 2336 1,
1104 2312 1126 2337 3,
1141 2307 1170 2336 63
1189 2307 1216 2329 in
1238 2303 1341 2329 Tibur·
1349 2308 1384 2333 60
1444 2309 1466 2330 H
1481 2309 1503 2330 A
1516 2309 1539 2330 N
1551 2310 1646 2331 ΝΙΒΑ
1656 2311 1688 2335 L,
1731 2304 1784 2331 vid.
1823 2312 1925 2332 ANNI
1937 2312 2018 2332 BAL.
2346 2320 2360 2321 ψ
2412 2327 2414 2329 ,
2438 2326 2439 2329 ,
2462 2336 2463 2339 ¹

302 2342 373 2368 tinae
387 2340 466 2367 villae
480 2340 656 2375 dtJbriptione:
1443 2346 1463 2366 Η
1472 2347 1492 2365 A
1501 2346 1526 2374 ,N
1535 2345 1594 2371 No,
1608 2340 1676 2365 oniS.
1690 2348 1725 2366 m.
1747 2339 1861 2373 [”Αννων]
1882 2338 2099 2376 Carthaginiensis,
2108 2341 2221 2378 Philippi
2225 2346 2372 2373 Macedonf5
2382 2352 2447 2374 “mg
2462 2354 2463 2359 ¹
2477 2365 2479 2372 ,

458 2376 531 2410 Qud
550 2381 588 2405 te,
602 2384 668 2409 quae
680 2375 774 2402 mediis
789 2376 889 2402 seruata
905 2374 1056 2409 penatibus,
1071 2375 1158 2406 arbor,
1404 2375 1575 2410 poribus,qui
1589 2383 1651 2409 opes
1666 2375 1738 2406 suaS,
1752 2375 1849 2409 quibus
1858 2376 1927 2402 vires
1939 2375 2053 2410 reipubl.
2066 2376 2253 2409 supermanant
2260 2382 2438 2414 occupandam
2462 2375 2463 2402 ἶ

457 2410 545 2437 Τι’ἃᾶ
559 2420 605 2445 per
622 2417 647 2436 et
667 2411 749 2443 postes
764 2411 877 2445 liquidas
890 2412 1002 2444 emergis
1022 2412 1048 2436 in
1061 2419 1145 2441 auras,
1406 2411 1615 2437 dominationem
1635 2410 1765 2442 intendit,
1781 2419 1944 2445 regnumque
1962 2411 2088 2438 inuadere
2105 2411 2245 2442 ἰηῐετίεόὶο
2258 2416 2350 2442 Senatu
2362 2425 2439 2444 eona.

457 2448 518 2479 Qio
532 2455 585 2471 non
599 2446 645 2471 sub
658 2446 767 2472 domino
780 2447 868 2472 saeuas
881 2447 979 2480 passura
996 2446 1138 2480 bipennes?
1404 2451 1445 2472 tus
1457 2446 1502 2472 est.
1538 2446 1588 2472 Cui
1608 2445 1700 2471 sceleri
1719 2446 1873 2472 sollemnem
1892 2448 2044 2481 nuptiarum
2059 2447 2130 2473 diem
2148 2446 2217 2475 filiae
2233 2450 2290 2476 suae
2303 2450 2381 2485 legit,
2394 2459 2439 2479 etc.

457 2482 486 2507 Et
501 2490 569 2506 nunc
588 2481 681 2515 ignaro
699 2482 787 2508 forsan
800 2482 842 2507 vel
862 2481 964 2508 lubrica
977 2482 1054 2511 Nais,
1318 2496 1322 2499 ·
1354 2484 1386 2516 65
1405 2482 1456 2507 His
1464 2485 1526 2507 enim
1539 2481 1608 2507 modo
1620 2482 1718 2507 allicere
1731 2483 1852 2507 voluimus
1863 2480 1975 2514 leHorrs,
1984 2487 2024 2508 vti
2036 2490 2132 2509 caetera
2140 2489 2231 2518 petant
2241 2494 2269 2511 ex
2276 2485 2441 2521 Iustin.21,4.

457 2514 506 2543 Vel
519 2526 572 2543 non
589 2517 714 2551 abruptos
727 2516 779 2542 tibi
792 2516 869 2543 debet
883 2517 1043 2550 Hamadryas
1057 2525 1145 2542 annos.
1409 2516 1543 2543 Tribuitur
1555 2517 1594 2542 illi
1609 2516 1800 2550 Periplus,fiue
1814 2520 1942 2553 nauigatio
1955 2519 2025 2544 vltra
2044 2520 2168 2546 columnas
2182 2520 2298 2547 Herculis
2314 2525 2362 2547 etc.
2398 2523 2443 2549 Fa.

302 2551 386 2579 Debet
398 2552 522 2587 legendum
536 2552 603 2578 vidit
610 2560 660 2587 pro
674 2551 761 2578 demet
775 2552 860 2587 Heius.
874 2552 908 2577 ad
920 2553 1000 2579 Ouid.
1016 2553 1079 2579 Fast.
1094 2562 1122 2586 4,
1135 2559 1179 2583 232
1199 2549 1246 2576 Illa
1259 2549 1341 2584 perit:
1403 2553 1502 2578 miliare
1524 2552 1569 2578 hoc
1588 2552 1740 2588 Carthagine
1761 2561 1852 2577 nomen.
1889 2553 1956 2578 Nam
2105 2551 2126 2590 ff
2147 2563 2163 2580 2
2199 2556 2296 2581 Hanno
2313 2559 2370 2582 item
2385 2555 2444 2584 cni·-

301 2590 384 2614 fatum
399 2587 495 2614 Naidis
510 2587 590 2614 arbor
604 2594 667 2614 erat.
739 2588 812 2622 Virg.
826 2588 878 2614 Ecl.
896 2597 934 2619 ιο,
949 2590 980 2614 62
1015 2590 1069 2615 Iam
1084 2595 1169 2621 neque
1182 2585 1341 2617 Hamadrya-
1403 2586 1566 2623 thaginiensis
1582 2588 1647 2613 alius
1659 2587 1795 2623 Agathocli
1813 2597 1865 2613 cum
1880 2588 1963 2613 XXX
1975 2587 2083 2615 millibus
2095 2590 2228 2616 Poenorum
2247 2591 2333 2617 obuius
2344 2590 2443 2628 saetas,

303 2624 346 2649 des
364 2623 465 2654 rursus,
484 2631 530 2648 nec
551 2624 666 2650 carmina
684 2623 763 2649 nobis
800 2624 856 2658 Ipsa
874 2623 982 2658 placent.
1056 2625 1127 2650 Deae
1147 2620 1342 2653 Hamadryades
1403 2623 1516 2657 conserta
1529 2629 1616 2657 pugna
1635 2621 1786 2657 intctjeffus·
1804 2621 1837 2655 <ft
1855 2623 1945 2648 lustin.
1965 2632 2007 2655 22,
2021 2625 2044 2649 6.
2201 2624 2222 2661 ff
2242 2635 2254 2658 3
2290 2627 2387 2654 Hanno
2398 2627 2443 2664 fa.

302 2659 389 2685 Catul.
420 2658 449 2684 in
474 2658 588 2692 Epithal.
614 2659 665 2685 Iul.
692 2667 738 2692 59,
759 2667 798 2690 23.
888 2659 997 2685 Latinae
1030 2657 1225 2689 Hamadryades
1259 2655 1342 2683 Ouid.
1350 2664 1386 2692 70
1405 2656 1497 2683 &ionis
1511 2658 1664 2688 Bar-chinac,
1682 2660 1725 2693 qui
1743 2667 1814 2693 quum
1831 2662 1922 2693 optima
1935 2659 2068 2694 confideret
2081 2660 2324 2697 Carthaginienfibus
2337 2663 2366 2689 de
2377 2658 2442 2699 pade,

302 2694 367 2720 Met.
388 2702 434 2727 14,
455 2696 514 2726 624.
1405 2702 1555 2728 nequaquam
1569 2692 1698 2719 exauditus
1710 2691 1752 2726 est.
1771 2693 1831 2723 Liu.
1847 2703 1870 2719 21
1885 2701 1908 2719 et
1924 2702 1964 2725 30.
2433 2700 2437 2705 ”

339 2736 359 2755 H
371 2736 390 2754 A
400 2736 424 2754 Μ
434 2730 454 2754 A
463 2736 477 2753 ι,
487 2727 597 2761 ῢΡνς,
619 2728 636 2754 i.
671 2738 706 2755 m.
744 2728 854 2754 Ferreus
871 2727 979 2762 harpax,
992 2730 1048 2764 qui,
1065 2729 1083 2755 fi
1100 2727 1166 2762 quid
1183 2728 1212 2754 in
1234 2733 1343 2762 puteum
1445 2734 1466 2755 Η
1478 2726 1628 2761 ᾹΝῢιΑ,
1648 2737 1734 2755 orum.
1757 2737 1783 2755 n.
1806 2730 1844 2757 Pl.
1864 2730 1945 2756 Parua
1959 2729 2084 2762 delubra,
2100 2731 2171 2766 quasi
2183 2732 2280 2759 Fanula
2293 2732 2369 2760 Fen.-

304 2763 417 2794 decidit,
437 2764 505 2798 rapit
519 2769 543 2789 ct
556 2764 670 2790 extrahit
682 2763 772 2790 Ifidor.
786 2772 826 2796 20,
842 2771 875 2795 ις.
2446 2777 2449 2784 ι
2461 2765 2472 2790 ὂ.

340 2805 819 2831 HAMAT1L13‚HAMATvs‚
846 2798 1065 2825 viisquuvs.
1776 2791 1819 2822 ,H
1916 2792 1942 2822 A
2046 2793 2068 2823 P

339 2842 359 2860 Η
370 2841 389 2860 A
401 2841 425 2860 Μ
435 2842 481 2860 Ax
493 2841 528 2865 A,
546 2843 584 2860 ae.
605 2835 624 2860 f.
661 2833 787 2868 [ἅμαξα]
823 2834 897 2860 Sidus
911 2834 982 2869 quod
997 2843 1044 2861 nos
1058 2833 1253 2867 Septentriones
1266 2842 1343 2859 voca·
1356 2842 1388 2870 73
1444 2842 1465 2862 H
1476 2842 1496 2861 A
1506 2843 1521 2862 p
1531 2843 1552 2862 A
1563 2842 1620 2868 LA,
1641 2845 1728 2863 orum,
1748 2845 1774 2862 n.
1810 2836 1940 2872 [ἁπαλοὶ]
1976 2838 2067 2865 Mollia
2087 2847 2151 2869 oua,
2171 2838 2263 2865 mediae
2281 2835 2425 2874 copfistfflnss'
2454 2852 2457 2857 »

304 2879 360 2897 mus
377 2868 435 2902 teste
448 2870 515 2895 Gell.
534 2878 560 2902 2,
574 2878 611 2896 21.
636 2879 651 2896 a
664 2870 762 2904 figura,
776 2869 942 2904 posituraque
960 2870 1031 2905 ipsa,
1047 2871 1109 2904 quia
1131 2869 1213 2895 simile
1236 2868 1344 2903 plaustri
1407 2875 1473 2898 inter
1486 2871 1551 2898 dura
1565 2879 1587 2897 et
1604 2871 1722 2898 sorbilia.
1764 2873 1822 2898 Via.
1841 2879 1917 2900 APA
1926 2880 1984 2899 LA.
2012 2875 2055 2901 Sic
2069 2878 2131 2901 enim
2141 2874 2201 2909 fere
2214 2875 2350 2910 scribitur.
2369 2874 2449 2913 Ἠίηῶ]

2435 2914 2445 2930 ι,

304 2905 420 2932 videtur.
1407 2913 1427 2933 Η
1437 2914 1459 2933 A
1468 2914 1482 2933 r
1492 2914 1513 2933 A
1524 2914 1539 2932 ῐ,
1548 2915 1569 2933 A
1580 2914 1598 2933 R
1608 2914 1624 2933 E
1663 2908 1715 2934 vid.
1737 2907 1798 2934 ibid.

341 2948 360 2967 H
371 2948 392 2967 A
403 2947 426 2966 M
437 2947 457 2966 A
467 2947 514 2966 ΧΑ
523 2946 543 2966 G
553 2940 572 2966 ὅ
581 2946 601 2967 G
610 2947 630 2967 A
640 2960 646 2970 ‚
667 2949 705 2966 ae.
731 2948 766 2965 m.
805 2941 906 2974 Proprie
921 2939 1021 2972 cucfflo,
1036 2939 1138 2975 quarfit
1148 2938 1285 2974 plaustris:
1306 2939 1345 2965 de·
1442 2949 1462 2968 H
1472 2950 1492 2968 A
1503 2950 1517 2968 Ρ
1526 2949 1545 2967 Η
1557 2948 1573 2968 Ε
1584 2963 1592 2974 ,
1612 2927 1646 2969 es.
1674 2943 1693 2969 f.
1730 2942 1819 2977 [οἶφὴ]
1856 2943 1973 2979 Insperfio
1986 2944 2113 2979 pulueris,
2127 2953 2174 2979 qua
2192 2944 2394 2982 inspergebantur
2408 2948 2444 2974 Iud

304 2976 360 3002 iniit·
379 2978 470 3002 comica
490 2975 609 3011 lasciuia,
628 2978 671 3010 qui
691 2975 756 3000 velut
770 2981 831 3000 totis
845 2975 966 3009 plaustris
981 2986 1030 3002 rem
1046 2976 1113 3002 domo
1133 2981 1255 3010 exportat.
1291 2976 1343 3002 Ha·
1406 2976 1504 3003 &antes
1517 2978 1560 3004 vbi
1578 2985 1696 3004 ceromate
1710 2980 1774 3004 illiti
1784 2977 1901 3014 fuiſji'nt.
1938 2978 2051 3005 Martial.
2066 2985 2093 3014 7,
2107 2981 2140 3006 66
2168 2982 2199 3006 In
2212 2982 2366 3015 patiamini,
2384 2976 2452 3019 quus

305 3020 446 3045 inaxagoga
462 3010 594 3037 bonorum
609 3011 689 3037 Plaut-
705 3010 790 3036 Truc·
804 3018 830 3039 2.
846 3018 870 3044 7,
884 3020 901 3036 1·
1353 3019 1386 3044 80
1403 3011 1472 3040 luffa
1480 3012 1650 3049 palatstraquc
1661 3023 1725 3039 more
1737 3018 1848 3041 virorum
1860 3014 2028 3047 exercebatur,
2432 3024 2443 3040 1

340 3054 360 3073 Η
371 3055 391 3073 A
402 3048 423 3071 Μ
435 3053 456 3072 A
468 3052 485 3071 x
495 3053 514 3073 o
523 3052 538 3072 Β
548 3053 557 3071 1
568 3053 577 3071 ι
588 3065 596 3078 ,
610 3046 635 3082 s.
656 3053 676 3072 H
687 3053 707 3072 A
720 3052 745 3071 M
756 3053 777 3071 A
787 3052 804 3070 x
814 3052 833 3070 0
843 3052 858 3071 B
867 3048 878 3071 ι’
888 3052 909 3071 ‘r
921 3052 938 3071 Λ
950 3053 967 3072 E
977 3065 983 3075 ‚
1003 3055 1088 3073 arum.
1114 3056 1150 3072 m.
1188 3044 1342 3080 [Ἃμαξοέῗῖ-
1559 3049 1688 3082 Harpasto
1709 3058 1816 3084 quoque
1833 3049 1960 3083 subligata
1976 3049 2057 3075 ludit:

304 3085 364 3115 ται]
402 3082 489 3116 Populi
502 3081 617 3116 Scythiae
631 3084 657 3107 in
671 3083 766 3142 Europa
782 3080 915 3115 Agathyrfi
929 3088 953 3107 et
966 3082 1147 3113 Sauromatae,
1165 3083 1227 3116 quia
1242 3091 1290 3116 pro
1304 3082 1342 3108 se<
1559 3084 1589 3109 Et
1610 3085 1724 3110 flauescit
1745 3085 1845 3120 haphe,
1864 3092 2007 3119 grauesque
2026 3084 2136 3111 draucos

306 3118 383 3143 dibus
404 3117 515 3150 plaustra
538 3116 649 3148 habent,
675 3116 707 3143 fic
749 3115 811 3149 iffi,
828 3115 927 3142 auHorr
947 3117 1015 3143 Mela
1037 3126 1068 3148 2,
1090 3126 1107 3143 t.
1156 3119 1257 3144 Graccis
1278 3120 1342 3143 enim
1560 3119 1670 3145 Alterno
1691 3120 1766 3146 facili
1786 3127 1855 3148 rotat
1875 3121 1986 3147 lacerto:

304 3151 391 3185 ἅμκξα
401 3151 539 3187 plaustrum
552 3152 654 3178 dicitur.
690 3151 757 3178 Plin.
770 3160 796 3184 4,
811 3160 835 3178 12
849 3153 866 3178 s.
881 3159 910 3183 25
931 3152 1092 3178 Hamaxobii
1108 3160 1236 3180 vocantur.
1560 3155 1591 3180 Et
1610 3156 1680 3188 putri
1703 3155 1832 3183 lutulenta
1852 3156 1884 3182 de
1899 3155 2039 3190 palaestra,

340 3196 359 3213 Η
371 3196 391 3213 A
400 3194 423 3213 Μ
433 3194 454 3213 A
465 3194 481 3212 x
491 3186 510 3212 (3
520 3194 534 3212 P
545 3194 585 3213 vs
595 3208 603 3219 ‚
626 3186 693 3213 odis.
718 3187 737 3213 f.
762 3189 830 3213 Plur.
854 3186 1054 3221 Hamaxopodes
1081 3186 1269 3223 [ἁμαξόποδες]
1295 3189 1343 3215 At·-
1356 3198 1386 3226 83
1559 3189 1638 3215 Vneti
1658 3191 1768 3217 verbere
1788 3192 1894 3226 vapulat
1911 3191 2036 3224 magistri.

305 3222 441 3255 bun-ulae,
455 3222 484 3248 in
497 3222 593 3257 quibus
605 3224 742 3249 versantur
755 3228 874 3249 rotarum
888 3231 958 3249 axes.
995 3223 1101 3248 Vitruu.
1117 3231 1154 3252 ιο,
1169 3232 1211 3249 20.
1407 3225 1546 3258 Philaenis,
1561 3228 1658 3261 inquit,
1673 3226 1787 3254 flauescit
1805 3226 1905 3261 haphe,
1925 3229 1944 3252 i.
1971 3225 2051 3253 Tac'Ia
2066 3235 2161 3254 arenae.
2203 3226 2364 3262 Palaestritae
2379 3231 2442 3256 enim

341 3264 539 3285 HAMAXOR
554 3278 562 3290 ,
586 3258 635 3284 Eri.
678 3260 760 3294 Agere
795 3261 927 3284 iumentum
958 3257 1072 3294 plaustro
1105 3256 1222 3285 iunffum.
1264 3259 1346 3287 Plaut.
1405 3260 1527 3288 laetaturi
1539 3260 1705 3297 flaucfiebant
1726 3263 1854 3298 aspergine
1871 3270 1972 3291 arenae,
1987 3266 2059 3297 prius
2079 3262 2180 3289 inunfli
2197 3270 2324 3290 ceromate.
2360 3263 2440 3291 Ouid.

304 3292 391 3320 Truc.
411 3302 441 3326 2,
464 3302 493 3325 2,
514 3301 542 3319 22
764 3327 769 3332 ⁸
1405 3296 1498 3323 lul-'iam
1509 3296 1611 3323 Acheloi
1629 3303 1652 3321 et
1666 3298 1782 3324 Hei-culn
1800 3297 1936 3332 describens
1955 3298 2017 3324 Met.
2034 3307 2059 3332 9,
2073 3307 2099 3330 35
2124 3299 2173 3325 Ille
2188 3299 2259 3326 cauis
2273 3299 2363 3326 hausto
2376 3301 2442 3335 spat*-

582 3328 620 3354 Ita
640 3336 681 3354 nie
700 3327 783 3354 ambit
804 3328 932 3355 sarculum
1406 3333 1444 3365 git
1465 3341 1507 3357 me
1527 3331 1634 3366 puluere
1654 3332 1760 3365 palmis,
1796 3334 1877 3366 Inque
1896 3333 1981 3359 vicem
2001 3334 2090 3360 suluae
2109 3334 2178 3360 ωξὶυ
2200 3335 2314 3361 flauescit
2338 3344 2440 3362 arenae.
2460 3330 2462 3344 '

411 3363 447 3388 Vt
468 3371 518 3396 ego
537 3371 579 3388 me
600 3363 657 3389 ruri
676 3362 812 3389 hamaxari
832 3364 959 3390 mauclim
979 3363 1089 3397 patalem
1109 3362 1206 3389 bouem
1355 3374 1391 3398 90
1408 3368 1676 3402 Lutulenta‚propttr
1688 3377 1790 3394 ceroma.
1816 3367 1872 3393 Viti.
1895 3374 2040 3395 CHROMA.
2077 3369 2196 3404 Magistri
2208 3370 2298 3403 νηὲὶί,
2310 3371 2334 3397 h.
2349 3380 2367 3396 e.
2385 3371 2440 3398 Ali·
2460 3361 2461 3392 l

410 3399 532 3432 Cumque
547 3407 578 3424 eo
594 3400 631 3424 ita
650 3398 756 3425 noctem
770 3399 798 3424 in
812 3398 958 3425 stramentis
972 3399 1126 3433 pernoctare
1141 3404 1273 3433 perpetem
1403 3409 1470 3437 ptae.
1508 3404 1574 3429 Hinc
1588 3402 1651 3427 Pliu.
1668 3411 1707 3435 14,
1721 3411 1753 3429 22
1775 3400 1922 3429 Iut‘tatorum
1941 3404 1998 3430 haec
2009 3404 2137 3431 meditatio
2156 3405 2250 3432 dicitur
2268 3406 2400 3433 volutatio
2412 3405 2440 3432 in
2460 3402 2462 3424 ἶ

411 3435 498 3466 Quam
513 3440 567 3460 tuas
580 3440 684 3460 centum
698 3440 818 3460 coenatas
832 3434 922 3461 noctes
936 3435 1005 3461 mihi
1019 3434 1090 3461 dono
1104 3433 1168 3460 dari.
1407 3447 1498 3464 coeno.
1535 3438 1578 3464 Cui
1589 3437 1725 3472 subscribit
1745 3438 1801 3464 Sen.
1817 3438 1860 3472 Ep.
1875 3444 1902 3468 88
1922 3439 1962 3466 his
1980 3441 2079 3473 verbis,
2094 3440 2159 3466 Non
2171 3440 2297 3474 adducor,
2310 3448 2339 3468 vt
2352 3442 2380 3467 in
2393 3449 2440 3468 nu·
2453 3439 2461 3468 -l

343 3473 362 3492 ιι
371 3474 391 3492 A
400 3475 422 3492 Μ
434 3476 465 3494 11.
475 3476 492 3495 c
502 3476 522 3495 A
534 3475 550 3495 R
560 3489 569 3501 ‚
605 3470 657 3496 vid.
694 3476 715 3496 A
724 3477 747 3495 M
757 3477 766 3495 1
777 3477 792 3495 1.
803 3476 820 3496 e
829 3477 849 3495 A
860 3477 888 3496 R.
1407 3483 1511 3499 merum
1525 3472 1674 3499 liberalium
1693 3473 1789 3500 artium
1803 3474 1915 3507 pictores
1929 3476 2053 3510 recipiam
2063 3495 2071 3507 ,
2091 3484 2146 3502 non
2159 3477 2241 3510 magis
2254 3486 2333 3511 quam
2350 3476 2441 3503 statua-¹
2460 3476 2461 3502 ἶ

343 3508 390 3526 ΗΑ
401 3509 499 3529 ΜιοΤ
510 3511 529 3530 A
540 3511 572 3535 F,
606 3505 660 3531 vid.
699 3511 782 3531 ΗΛΜ
794 3511 846 3531 VS.
1407 3509 1479 3539 rios,
1498 3514 1542 3535 aut
1553 3509 1757 3540 marmorarios,
1776 3515 1820 3534 aut
1839 3516 1954 3536 caeteros
1975 3512 2096 3538 luxuriae
2112 3511 2255 3538 ministros.
2292 3513 2383 3546 Aeque
2401 3512 2461 3538 lit-w

344 3542 362 3560 Η
373 3543 394 3561 Α
405 3543 426 3561 Μ
439 3544 460 3562 Μ
471 3546 478 3563 1
490 3545 510 3564 T
521 3546 568 3571 us,
581 3549 619 3579 ae.
631 3549 666 3567 m.
686 3541 798 3566 Gemma
808 3540 867 3566 ouis
880 3539 989 3573 piscium
1000 3537 1295 3574 fiinilis‚tffleP1in.37,
1306 3549 1342 3566 10-
1356 3552 1389 3578 95
1407 3544 1537 3576 emeres,
1556 3549 1580 3569 et
1593 3549 1676 3569 totam
1691 3544 1752 3569 oleo
1766 3552 1793 3569 ac
1814 3544 1869 3572 turo
1888 3546 2049 3573 constantem
2069 3547 2218 3579 scientiam,
2237 3548 2340 3581 expello
2353 3556 2384 3573 ex
2398 3547 2438 3574 his
2460 3549 2462 3552 '

344 3576 362 3594 Η
374 3577 394 3609 A
403 3577 424 3595 Μ
435 3578 458 3609 Μ
468 3579 486 3597 0
497 3578 514 3598 c
525 3580 543 3612 Η
553 3581 571 3600 R
581 3582 596 3600 γ
616 3582 628 3601 s
637 3582 678 3602 vs
688 3595 695 3607 ‚
717 3576 735 3602 i.
754 3585 790 3616 ¹.¹¹'
825 3574 1028 3610 [οἷμμὸχρυσος]
1065 3575 1176 3601 Gemma
1189 3575 1262 3601 velut
1275 3584 1342 3602 auro
1406 3580 1499 3606 studiis
1512 3578 1672 3606 liberalibus.
1728 3579 1749 3604 A
1763 3587 1893 3607 ceromate
1907 3590 1955 3607 nos
1975 3582 2060 3616 haphe
2071 3582 2172 3616 excepit
2190 3582 2247 3608 Sen.
2262 3583 2340 3616 Epist.
2357 3591 2387 3617 57
2400 3589 2440 3618 pr·

307 3613 392 3631 arctus
405 3613 489 3631 mixto
502 3608 568 3633 Plin.
584 3618 623 3643 37,
637 3619 658 3643 5.
676 3618 699 3636 et
712 3610 793 3637 Sohn.
808 3620 830 3637 c.
843 3618 881 3643 50.
1403 3615 1477 3650 Conf.
1493 3617 1591 3641 Lucian.
1609 3616 1635 3639 in
1649 3614 1745 3649 dialogo
1771 3619 1812 3641 cui
1825 3618 1913 3643 titulus
1923 3615 1957 3650 cst
1973 3618 2139 3652 Anacharfis,
2153 3617 2198 3653 seu
2216 3618 2244 3644 de
2263 3619 2401 3654 Gynmasiis
2415 3625 2439 3644 cs
2460 3638 2462 3642 .

344 3646 397 3666 uA
407 3647 429 3665 Μ
440 3647 463 3665 Μ
473 3648 491 3666 o
501 3648 521 3666 N
538 3661 545 3672 ‚
579 3646 631 3672 vid.
668 3653 689 3672 A
699 3653 722 3672 Μ
732 3654 755 3672 Μ
765 3654 784 3673 ο
796 3652 827 3672 Ν.
1406 3656 1437 3680 28
1452 3657 1476 3676 et
1490 3659 1529 3683 29⁴
1569 3649 1643 3675 Faber
1656 3636 1768 3684 Agonili.
1779 3660 1803 3683 3,
1818 3660 1845 3677 22
1860 3659 1905 3679 etc.
2416 3667 2421 3673 ³
2460 3650 2462 3684 i

343 3681 364 3700 Η
375 3682 396 3701 A
405 3682 428 3700 Μ
437 3682 460 3701 Μ
471 3682 489 3701 0
499 3683 536 3701 NI
547 3684 567 3702 A
577 3684 593 3703 c
602 3685 620 3703 v
630 3686 668 3710 Μ,
691 3686 953 3707 ιιΛΜΜοΝιΤκνΜ
961 3699 968 3710 ,
986 3679 1039 3706 vul.
1061 3687 1219 3707 ΛΜΜοΝιΛ
1227 3687 1306 3708 cvru.
1442 3692 1462 3711 Η
1473 3691 1540 3712 APP
1549 3691 1568 3711 A
1577 3691 1592 3710 t
1601 3690 1620 3710 ο
1629 3690 1644 3709 P
1653 3690 1666 3709 s
1676 3692 1683 3710 1
1693 3692 1704 3711 s
1713 3704 1720 3716 ‚
1741 3685 1799 3712 ldis.
1821 3687 1841 3713 f.
1877 3688 1961 3714 Genus
1973 3691 2094 3714 aromatis
2104 3686 2345 3723 ioculariterfiflum
2357 3688 2438 3715 Plaut-

345 3716 366 3736 Η
376 3717 399 3735 Α
408 3718 432 3736 Μ
442 3716 492 3736 ΜΟ
502 3718 521 3736 Ν
532 3717 539 3735 ῐ
550 3718 569 3736 V
580 3719 602 3737 Μ
611 3732 619 3743 ,
640 3715 657 3739 i.
683 3724 708 3741 n.
745 3717 838 3742 Calai-is
857 3725 934 3752 genus
952 3715 1076 3741 tcnilcntis
1095 3719 1119 3741 in
1133 3716 1275 3751 subruſjimi
1295 3720 1341 3743 tri·
1349 3732 1394 3750 100
1402 3721 1491 3747 Pseud.
1505 3729 1526 3752 3,
1539 3729 1564 3752 2,
1577 3726 1621 3753 47·
1948 3728 1952 3737 ¹

303 3745 386 3772 buitur
401 3747 516 3786 Varroni
530 3744 562 3771 de
575 3747 644 3773 KR.
659 3757 680 3779 3,
695 3759 718 3781 2,
732 3761 749 3784 4
774 3751 900 3777 Num-ubi
914 3751 957 3777 hic
971 3750 1044 3777 vides
1057 3752 1153 3777 citrum
1171 3759 1215 3777 ant
1228 3755 1340 3779 aurum}
1440 3762 1536 3782 HAPs
1546 3761 1566 3779 v
1577 3760 1589 3779 s
1601 3774 1609 3786 ,
1629 3754 1646 3779 i.
1668 3764 1702 3780 m.
1739 3757 1805 3783 Cels.
1828 3764 1853 3791 7,
1874 3759 1905 3783 26
1927 3758 1994 3783 Ouae
2011 3760 2108 3783 curatio
2125 3759 2216 3785 calculo
2233 3758 2312 3794 euulfh
2330 3756 2438 3785 habenda

305 3789 368 3806 num
383 3790 497 3807 minium
514 3786 558 3807 aut
573 3781 770 3823 hammonimu?
795 3795 858 3825 num
872 3786 982 3821 aliquod
994 3785 1136 3817 emblema,
1148 3794 1191 3813 aut
1204 3787 1340 3815 lithostro-
1392 3790 1447 3825 fit,
1469 3791 1544 3817 Tum
1560 3789 1644 3815 multo
1669 3791 1689 3816 is
1712 3791 1772 3818 oleo
1795 3782 1991 3826 perungendiis,
2010 3792 2224 3832 inducendusque
2246 3793 2338 3828 hapsus
2364 3794 2436 3820 lanae

303 3817 366 3842 ton?
403 3816 449 3843 Sril
461 3814 527 3842 rel-‘te
546 3816 615 3842 hodie
628 3817 708 3844 editur
720 3821 883 3847 Armenium.
1001 3826 1012 3831 ‘
1400 3826 1504 3857 mollis,
1524 3824 1614 3858 tepido
1628 3825 1689 3851 oleo
1703 3827 1831 3861 repletus,
1846 3835 1893 3854 etc.
1945 3828 2011 3855 Cels.
2026 3838 2053 3860 4,
2067 3831 2083 3854 6
2104 3830 2131 3854 dr
2140 3832 2298 3864 pleuriticis,
2318 3822 2437 3855 Circum?

340 3858 357 3875 u
370 3858 389 3877 A
400 3857 424 3877 Μ
435 3859 453 3877 o
463 3858 484 3878 T
496 3859 515 3877 R
525 3858 545 3877 A
555 3857 574 3876 H
585 3858 633 3877 ΟΝ
645 3858 655 3876 Γ
669 3860 682 3878 s
692 3872 700 3885 ,
724 3862 777 3880 ιιηι.
805 3864 840 3881 m.
869 3856 917 3883 alii
942 3857 1099 3890 Piscatores,
1119 3858 1167 3884 alii
1188 3858 1245 3892 Qui
1266 3867 1335 3885 vnco
1399 3861 1460 3887 dare
1474 3860 1588 3894 primum
1602 3868 1706 3894 oportet
1726 3863 1793 3889 latus
1807 3858 1885 3897 hapso
1900 3863 1972 3890 lanae
1985 3863 2162 3897 sulphuratae,
2180 3862 2276 3891 deinde
2288 3873 2347 3890 cum
2367 3861 2436 3897 pauI-

299 3886 427 3914 ‹adauera
446 3887 563 3914 trahunt.
586 3886 682 3914 festus.
1342 3907 1386 3934 ¹05
1397 3897 1450 3922 lum
1465 3895 1639 3922 inflammatio
1653 3897 1678 3923 se
1693 3898 1807 3931 remisit,
1828 3897 1899 3926 siccis
1916 3906 1942 3926 et
1960 3899 2051 3926 calidis
2067 3899 2193 3927 fomentis
2213 3900 2262 3927 vti.
2318 3899 2433 3933 Hapsum

2360 3934 2432 3960 lanae
