2479 4225
109 134 133 170 9
485 119 521 158 D
607 121 646 159 A
727 122 754 160 P

111 207 218 234 Dulcem
237 207 408 234 elaborabunt
433 208 564 242 Saporem.
606 208 664 234 l'id.
690 213 768 236 εισι
781 213 852 233 [Nx.

108 242 162 269 tial.
178 251 212 275 ι3,
228 251 270 276 43.
341 243 468 269 Vltricem
483 242 574 276 dapem
594 243 650 270 Seu.
660 242 767 277 'thest.
781 246 840 274 894.
898 241 978 268 Ouid.
988 243 1050 268 Met.
1064 249 1086 273 ς,
1101 249 1136 272 113

108 278 188 305 Iussus
202 279 334 304 celebrare
347 277 438 312 dapes,
461 278 607 313 festumque
626 276 750 306 cauendo.
821 277 979 303 Convellere
994 276 1069 310 dapes
1083 276 1137 302 aui-

110 312 145 338 do
160 311 236 339 dente
256 312 327 339 Idem
343 315 404 339 Met.
421 322 458 344 ιι,
474 322 527 345 123.
599 315 678 349 Egere
697 311 769 345 dapis
793 312 860 338 Hor.
875 311 955 346 Epozl.
972 317 1012 343 18,
1026 321 1063 344 ¹4·
1083 311 1136 337 vid.

124 357 136 373 u
155 358 192 374 ra.

104 348 184 417 {lisig-
197 384 260 409 Aen.
274 392 296 415 3,
311 392 360 416 224
382 383 548 418 Dapibusque
562 383 696 419 epulamur
708 381 814 416 opimis.
884 383 954 409 inire
968 381 1044 415 dapes
1058 383 1139 408 socias

111 427 171 444 cum
190 418 297 453 aliquo,
328 417 367 451 Est
387 421 513 445 conuiuart
525 429 577 446 cum
595 419 675 452 aliquo
706 418 767 444 Stat.
782 417 844 443 Silu.
861 426 880 451 1,
894 420 919 444 6.
940 417 974 443 vad
996 419 1138 444 Caesarem.

65 451 73 457 ⁸
112 454 206 479 Inueni
218 453 310 489 dapes,
330 462 392 488 quas
407 454 461 488 ipse
474 455 575 489 fugeres
595 452 652 478 Seu.
666 451 777 484 Thyest.
793 454 832 485 56.
904 453 1048 480 instaurare
1063 452 1140 486 dapes

112 487 204 514 Claud.
225 488 257 515 de
277 495 352 523 raptu
375 489 489 523 Proserp.
509 498 531 521 3,
543 489 595 514 216.
667 488 740 522 Virg.
755 489 819 514 Aen.
833 495 917 521 7,1c9
947 489 1140 522 instituuntque

112 523 198 557 dapes,
212 530 236 550 et
250 523 345 551 adorea
356 523 410 550 liba
423 534 467 559 per
479 524 593 551 herbam.

113 559 211 593 Silu.4‚
223 567 250 592 9,
265 568 314 592 ²5¹·
368 562 483 587 Ouerare
495 558 591 585 mensas
605 556 714 591 dapibus
735 558 808 592 Virg.
826 559 921 593 Georg.
940 570 963 592 4,
978 568 1024 592 ¹33·
1060 558 1140 585 Ouid.

113 594 176 621 Met.
190 599 212 626 8,
227 597 271 626 683
304 596 335 620 Et
346 596 449 621 veniam
468 592 574 627 dapibus
588 594 720 628 nullisque
739 593 871 628 paratibus
884 601 968 620 orant.
1038 595 1142 620 Pasccre

114 629 226 655 humana
242 629 305 664 dape
325 630 438 664 aliquem
464 627 536 655 Idem
550 628 628 662 Epist.
642 637 668 661 9,
681 630 721 659 68.
789 628 956 663 *Properare
974 628 1051 663 dapes
1080 630 1142 656 Stat.

114 663 199 691 Achil.
213 673 233 697 1,
248 673 299 691 120.
320 664 448 702 Significat
459 664 569 690 celeriter
580 667 708 698 apparare.
745 665 830 690 Multa
844 665 872 690 cli·
884 666 928 691 hoc
943 664 1142 699 nominesubtili-

923 206 1039 240 Superbe
1068 207 1142 232 Mara

249 349 371 375 Reserato
384 348 488 382 peciore
502 347 586 382 diras,
605 350 713 382 Egerere
729 346 790 372 inde
804 346 880 381 dapes
905 346 985 373 Ouid.
999 347 1061 373 Met.
1076 349 1137 379 664.
1165 347 1179 373 ⁵

1586 117 1854 156 DAV

1202 213 1244 230 res
1261 202 1326 238 apud
1343 204 1417 237 Virg.
1440 205 1502 231 Aen.
1521 211 1542 235 ς,
1562 212 1606 239 373
1631 214 1684 231 cum
1704 205 1793 231 Entello
1812 204 1960 242 congr-estus,
1988 216 2094 244 congrue
2105 208 2196 245 fiflum
2207 212 2232 247 s

2191 139 2230 165 10

1199 240 1306 275 sumtum
1319 248 1347 264 ex
1360 239 1462 272 historia
1476 250 1566 268 nomen.

1241 281 1258 299 D
1267 282 1288 300 A
1297 281 1315 300 R
1324 281 1333 299 1
1343 281 1364 300 A
1374 282 1389 301 ε
1399 282 1416 300 v
1426 282 1459 300 M.
1497 276 1580 302 Locus
1602 276 1713 308 inclytae
1729 275 1871 302 fertilitatis
1885 276 1912 301 in
1926 277 2102 311 Zapauortcne
2114 280 2234 314 regione,

1207 313 1274 336 cuius
1295 313 1404 336 meminit
1417 310 1481 336 Pliu.
1497 314 1522 343 6,
1539 314 1573 337 16.
2226 312 2229 313 ⁷

1245 339 1318 371 D0AR
1329 347 1341 371 ῐ
1352 351 1368 371 c
1379 353 1399 371 V
1411 352 1432 375 s,
1448 345 1464 370 i.
1478 355 1512 371 m.
1549 346 1696 381 [Aoepmm'c]
1730 345 1868 372 Numisma
1883 347 1959 372 Darii
1978 351 2083 384 imagine
2093 349 2234 383 prr-cuffiam,

1209 380 1310 406 Graecis
1317 380 1482 416 scriptoribus
1496 385 1577 407 notius
1595 390 1665 416 quam
1686 381 1816 406 Romanis:
1834 380 1880 414 ntJi
1891 382 1954 416 quod
1965 384 2058 410 Auson.
2074 385 2150 417 Epist.
2166 381 2193 418 ζ,
2208 395 2233 412 21

1209 416 1276 449 Ergo
1295 422 1338 444 aut
1356 415 1501 450 praedictos
1520 416 1571 442 iam
1591 426 1656 442 nunc
1674 415 1787 443 rescribe
1808 417 1930 443 Daricos:
1959 419 2008 453 legi
2030 420 2081 443 mle
2098 421 2235 447 Grmmuius

1203 457 1252 485 pru
1269 453 1368 488 uulgato
1388 452 1498 483 Darios,
1521 451 1583 485 quod
1601 452 1676 487 ipsum
1694 458 1773 477 tamen
1793 458 1875 478 tuctur
1894 462 1918 477 v.
1934 460 1961 485 17
1980 454 2082 479 viurlerr
2102 455 2235 489 espistolae,

1208 487 1251 511 vbi
1265 486 1292 511 de
1311 487 1388 513 cadem
1401 487 1497 522 summa
1512 487 1554 512 Bis
1568 487 1662 520 septem
1676 487 1770 513 rutilos
1784 487 1869 521 regale
1883 489 2010 514 nomisma
2024 489 2155 524 Philipp».
2170 492 2237 518 dixit

657 523 750 549 iuuare
762 523 877 557 aliquem
894 524 983 557 opima
995 523 1059 558 dape
1079 523 1140 549 Stat.
1160 525 1189 543 ¹0
1211 523 1293 547 Porta.

1246 563 1264 582 D
1274 563 1295 582 A
1305 562 1324 582 R
1332 563 1342 582 1
1353 562 1374 581 v
1385 563 1397 582 S
1406 576 1414 587 ‚
1429 555 1446 581 i.
1462 565 1496 582 111.
1519 557 1609 581 Nomen
1624 560 1697 582 trium
1705 558 1802 593 Regum,
1811 557 1950 591 Hystaspis,
1959 558 2053 589 Nothi,
2061 559 2236 588 Codotuanni.

1211 593 1242 618 In
1256 593 1377 626 plerisque
1391 592 1464 618 MSS.
1478 594 1605 617 Curtianis
1622 592 1711 627 legitur
1725 593 1838 618 Dareus:
1856 601 1925 627 quam
1944 592 2069 620 tcfflmaem
2088 595 2238 622 eruditorum

1206 628 1319 662 plerique
1327 626 1434 661 probant
1442 636 1451 655 ,·
1471 636 1514 652 nec
1526 633 1606 652 tamen
1620 629 1697 652 altera
1710 627 1762 653 ideo
1776 631 1802 654 in
1815 630 1878 653 vitio
1892 626 1924 659 es?
1932 648 1940 660 ‚
1955 628 2001 661 nili
2012 629 2119 656 hrcuiter
2128 638 2238 665 pronun—

1211 664 1290 688 cietur
1302 661 1394 690 media.-
1414 671 1467 687 cum
1480 661 1598 696 diphthon
1608 670 1629 687 ro
1643 664 1705 687 cm'm
1711 663 1842 698 firiltitur.
1880 664 1946 689 Haec
1963 665 2108 691 breinshcm.
2123 666 2157 691 ad
2165 668 2239 693 Curt.

110 707 149 726 ter
169 706 192 726 et
206 700 300 726 erudite*
318 701 451 737 imputauit
469 699 498 724 G.
513 699 546 724 H.
572 698 674 729 Vrsinus
694 699 831 735 Obfiruatt.
851 700 939 726 Philol.
959 709 980 725 e.
1003 704 1022 726 6
1038 703 1142 736 integro,
1165 701 1190 728 ¹5
1212 705 1235 728 3,
1251 706 1270 728 ι,
1286 703 1311 730 7.
1347 698 1384 723 De
1399 696 1545 723 membranis
1560 698 1597 729 lul
1610 699 1647 722 ini
1665 696 1751 729 astari
1767 697 1871 724 editores
1889 701 1926 724 ait
1944 699 2090 735 Saluugnius
2107 701 2141 726 od
2157 702 2239 728 Ouid.

148 735 294 767 DAPKLm,
307 745 328 761 e.
344 735 401 762 Adi.
425 733 504 767 [πίων]
522 734 620 766 Coena,
633 734 732 768 Amplis
748 734 859 768 dapibus
874 735 947 769 plena
963 736 1033 761 Non.
1048 744 1073 767 2,
1082 744 1142 762 200.

114 769 254 796 Titinnius
270 773 361 802 varro,
380 769 456 795 Toto
469 768 498 794 fit
512 769 540 795 in
554 769 616 795 foco
631 769 662 796 de
674 770 752 805 lignis
765 770 831 796 mihi
847 770 944 804 dapalis
957 779 1045 797 coena.
1091 771 1141 796 Au-

114 805 168 831 son.
183 806 254 840 Epig.
270 816 295 837 9,
308 814 341 837 13.
355 812 361 815 ·
382 802 440 829 Vid.
459 806 485 829 in
515 811 535 830 A
546 810 679 832 D11C10
689 826 697 838 ,
727 805 864 832 Adiicialis
877 814 965 832 coena.
1038 807 1143 839 Dapalis

112 840 226 874 Iupiter,
253 839 335 866 dacius
354 838 467 870 videtur,
491 839 555 874 quod
567 840 670 880 ciJsztra
689 840 775 875 dapali
787 840 973 875 epulones-mir.
1027 842 1063 867 M.
1077 843 1142 868 Cato

1212 731 1279 758 ibid.
1300 733 1343 763 316
1379 733 1466 765 thue
1484 738 1633 758 necatorum
1647 733 1727 758 Darei
1748 732 1839 759 fraude
1856 732 1976 765 secundi,
1997 735 2029 760 lie
2048 742 2090 761 tua
2110 736 2241 763 subsidens

1213 767 1322 793 deuoret
1336 767 1386 792 ossa
1400 767 1474 792 cinis.
1513 768 1606 793 Darius
1619 767 1706 794 Ochus
1724 775 1825 793 vocatur
1843 772 1869 795 in
1888 769 1966 795 eadem
1980 769 2083 802 hzstorm
2099 772 2155 797 Val.
2171 773 2240 799 Max.

1213 811 1239 835 9,
1254 811 1279 832 2,
1292 804 1317 828 6.
1352 801 1489 828 Claudian.
1508 802 1584 836 Epist.
1604 802 1635 828 ad
1650 802 1731 829 Hadr.
1748 810 1775 837 17
1803 804 1913 830 Darium
1932 805 2036 831 famulis
2056 806 2176 833 manibus
2196 807 2242 834 do-

1214 838 1286 863 luiffe
1306 843 1450 871 peremtum
1465 839 1558 864 Fertur
1576 838 1716 865 Alexander
1730 838 1767 863 M.
1806 840 1841 863 Hi
1860 842 1940 873 itaque
1951 843 2058 874 primam
2076 848 2099 867 et
2112 842 2243 876 secundam

114 875 146 901 de
162 877 192 902 R.
208 877 311 907 R.132,1
337 875 435 908 Dapem
455 873 504 899 hoc
518 874 599 902 modo
612 876 671 902 lieri
685 882 804 916 oportet:
830 877 891 902 Ioui
905 876 998 911 Dapali
1012 875 1196 910 culignam'zo
1207 873 1365 908 producunt,
1391 872 1454 908 quod
1473 876 1544 899 etiam
1555 872 1592 907 fit
1609 877 1635 898 in
1654 875 1745 898 Graeco
1765 876 1945 908 epigrammate.
1983 876 2028 901 Sed
2048 876 2136 903 Sidon.
2158 880 2245 912 Apoll.

112 911 169 937 vini
188 909 353 946 quantumuis
370 909 515 943 pollucem:
536 919 568 937 eo
585 910 629 937 die
648 911 731 938 feriae
750 911 836 938 bubus
854 919 878 938 et
896 911 1033 944 bubulcis,
1055 920 1080 938 et
1099 913 1143 939 cui

113 947 205 981 dapem
225 946 328 972 facient.
365 946 455 978 Quini
469 945 601 979 pollucere
614 946 764 980 oportebit,
792 947 823 972 sic
838 947 928 974 facies:
954 948 1053 981 Iupiter
1068 947 1145 983 dapa-

112 981 159 1013 lis,
180 979 251 1016 quod
269 979 319 1006 tibi
338 979 398 1006 fieri
418 987 522 1014 oportet
540 981 569 1007 in
587 981 668 1008 domo
686 982 840 1017 familiaque
860 992 917 1009 mea
937 983 1068 1018 culignam
1087 984 1146 1010 vini

113 1017 189 1052 dapi,
208 1016 261 1042 eius
277 1016 316 1041 rei
330 1014 409 1049 ergo,
428 1023 474 1042 etc.

123 1071 127 1075 .
146 1059 165 1078 D
175 1059 194 1078 A
204 1058 218 1078 Ρ
227 1058 247 1078 A
258 1049 327 1077 Tic
339 1057 359 1075 v
369 1058 381 1076 S
390 1071 398 1082 ‚
417 1060 441 1083 a,
459 1060 513 1077 um.
540 1051 599 1078 Adi.
634 1052 856 1087 [μιγαλοκρεπῆς]
891 1051 920 1078 Id
935 1052 971 1078 est
984 1054 1099 1088 amplus,
1118 1059 1144 1080 et
1166 1059 1194 1085 25

114 1086 276 1121 magnificus:
295 1092 323 1113 vt
337 1086 491 1121 Dapaticum
505 1088 651 1120 negotium.
674 1087 770 1114 Festus.
790 1090 823 1114 al.
842 1089 989 1121 Dapticum.

147 1129 194 1148 DA
205 1128 220 1147 P
231 1128 253 1148 A
263 1127 284 1147 T
296 1129 305 1148 1
315 1127 332 1148 e
344 1128 359 1147 Ε
369 1141 376 1153 ,
411 1121 552 1157 [λιπαρῶς]
587 1124 612 1149 se
625 1129 741 1157 acceptos
755 1124 859 1159 antiqui
868 1123 991 1150 dicebant
1003 1122 1146 1159 significan-

110 1163 148 1184 tes
165 1156 310 1190 magnifice.
329 1157 424 1183 Festus.

102 1218 106 1221 .
146 1198 259 1219 DA1²1F
270 1199 284 1218 Ε
295 1199 324 1224 u,
339 1192 356 1218 i.
370 1202 405 1219 m.
432 1192 566 1219 Onomast.
584 1198 637 1219 vet.
650 1193 759 1225 Seruus,
779 1194 828 1228 qui
846 1193 920 1221 cibos
934 1194 987 1221 iam
1006 1195 1094 1222 coelos
1107 1196 1146 1222 in-

111 1227 165 1254 fert
177 1234 203 1253 er
217 1228 320 1254 mensae
332 1228 448 1263 apponit.
1168 1238 1200 1262 30

147 1267 220 1289 DAP
232 1270 290 1295 κω,
311 1267 363 1289 ere.
398 1263 436 1290 Da
457 1268 497 1295 et,
521 1263 648 1296 ἒυωχεῑτοᾳ
666 1262 744 1289 Gloff.

145 1304 163 1323 D
171 1305 193 1325 A
202 1305 217 1324 P
226 1299 237 1324 ῑ
247 1306 268 1325 Ν
277 1305 310 1328 Ο,
328 1303 380 1324 are.
416 1299 430 1332 [
451 1299 542 1332 αιτέω]
578 1300 661 1333 Dapes
672 1298 794 1331 ersiruere
810 1305 834 1325 ct
844 1305 945 1334 parare.
980 1301 1145 1335 Pla11t.Capt.

111 1342 138 1366 4,
151 1342 175 1366 2,
196 1341 235 1367 117
255 1334 398 1360 Aeternum
414 1333 465 1360 tibi
478 1332 610 1367 dapinabo
623 1333 741 1367 victum,
761 1334 778 1360 si
795 1344 857 1361 vera
869 1341 997 1362 autumas.
1034 1336 1082 1364 Sed
1094 1340 1147 1372 qui-

111 1367 166 1394 dam
179 1369 236 1395 Cod.
252 1370 327 1397 MSS.
341 1369 471 1401 exhibent,
491 1367 568 1394 dabo.

146 1410 164 1429 D
174 1411 195 1430 A
205 1411 240 1431 Ps
252 1403 289 1431 1⁰1„
300 1412 340 1436 18,
354 1413 376 1431 e.
401 1403 459 1431 Adi.
480 1401 618 1438 [δαψιλής]
636 1404 774 1431 Abundans
786 1412 810 1432 et
827 1406 922 1440 largus.
946 1406 1029 1433 Plaut.
1042 1406 1146 1433 Mostel.
1168 1410 1196 1436 33

109 1448 145 1472 4,
166 1448 196 1471 z,
218 1442 253 1466 66
289 1440 420 1474 Triginta
433 1440 535 1471 minae,
564 1449 706 1474 praequam
733 1440 800 1467 alios
819 1440 927 1475 dapliles
952 1443 1049 1468 sumtus
1075 1442 1148 1468 facit.

110 1474 245 1510 Δαψίλσα,
266 1478 328 1501 enlm
343 1477 431 1502 Graece
445 1475 473 1501 id
485 1476 566 1505 valet,
587 1475 650 1511 quod
663 1477 752 1502 Latine
766 1478 890 1512 largitas,
909 1475 1051 1511 affluentia,
1068 1487 1095 1504 co
1114 1481 1149 1510 ia,

108 1510 277 1543 abundantia,
298 1513 338 1537 vis
350 1513 422 1546 larga
431 1531 438 1543 ‚
457 1511 605 1537 liberalitas.
666 1511 775 1546 Dapfilis
789 1515 869 1548 igitur
881 1522 928 1538 non
946 1522 961 1538 a
975 1512 1039 1546 dape
1053 1485 1150 1539 deifici-

109 1551 159 1571 tur.
213 1546 319 1572 Carolla
333 1545 436 1581 dapsilis
456 1546 537 1572 Plaut.
552 1544 641 1572 Pseud.
656 1554 678 1579 ς,
693 1555 713 1579 ι,
726 1556 762 1573 21.
819 1548 902 1581 Copia
914 1547 1052 1574 facundiae
1070 1549 1149 1582 Apul.

109 1581 173 1607 Met.
190 1590 222 1608 11.
244 1581 290 1608 sub
306 1582 363 1609 init.
437 1582 518 1608 Dotes
552 1581 634 1608 Plaut.
648 1582 735 1608 Aulul.
758 1591 783 1614 2,
798 1591 817 1614 1,
832 1581 872 1614 4'5.

107 1617 160 1642 tens
172 1623 196 1642 et
203 1617 343 1653 sumtuofiis
363 1617 444 1643 Plaut.
454 1616 567 1643 Trucul.
583 1625 603 1648 1,
618 1625 637 1647 1,
651 1625 692 1648 34.

110 1650 184 1677 Idem
204 1661 227 1684 3,
246 1661 273 1684 2,
292 1661 322 1687 27
352 1654 386 1678 At
397 1652 505 1686 Spionia
522 1661 570 1677 vua
590 1651 693 1684 dapsilis
712 1651 811 1682 musto,
831 1658 856 1677 ct
873 1651 1048 1685 amplitudine
1067 1652 1150 1685 magis

110 1689 238 1720 vuarum,
259 1695 336 1721 quam
349 1696 461 1713 numero
476 1686 583 1712 fertilis.
619 1685 650 1712 Id
662 1684 695 1717 est
709 1686 844 1711 abundans.
1063 1715 1066 1718 η
1088 1693 1097 1696 ·

144 1727 162 1745 D
172 1728 193 1747 A
204 1728 217 1746 P
229 1728 241 1746 S
250 1729 259 1747 1
270 1729 285 1747 L
296 1729 316 1747 V
326 1729 354 1754 s,
375 1731 398 1753 a,
417 1731 470 1747 um.
491 1721 551 1746 Adi.
590 1719 667 1745 Dicta
687 1719 783 1752 dapsila
800 1719 881 1744 Plaut.
896 1717 986 1751 Pseud.
1008 1726 1030 1750 1,
1043 1718 1107 1751 4533.

145 1761 164 1779 D
173 1762 195 1780 A
209 1761 223 1779 r
233 1762 288 1780 811.
298 1762 324 1781 E.
362 1756 430 1780 Adii.
466 1753 609 1786 [δαψιλῶς]

109 1787 158 1815 Sed
177 1794 202 1814 et
221 1789 415 1815 conuiuabatur
435 1787 545 1820 assidue,
561 1793 564 1795 “
582 1796 611 1812 ac
631 1787 732 1821 saepius
751 1786 841 1818 reeie,
870 1796 899 1813 ac
916 1786 1020 1821 dapsile.

108 1823 181 1850 Non.
203 1832 223 1849 11
302 1843 307 1849 .

145 1865 162 1885 D
172 1861 193 1886 A
202 1866 216 1885 P
227 1843 240 1885 8⁷
252 1832 312 1885 {31:41⁹
322 1864 406 1884 TER.
442 1857 510 1883 Adu.
547 1856 666 1883 Naeuius
679 1856 708 1883 in
722 1856 824 1883 Coroll.
838 1856 915 1883 Vltro
929 1864 1046 1885 meretur
1062 1868 1152 1894 quam-

108 1894 201 1921 obrem
213 1900 323 1923 ametur,
340 1894 376 1919 ita
389 1892 522 1927 dapsiliter
536 1893 595 1918 suos
609 1892 707 1918 amicos
721 1893 778 1918 alit.
813 1893 880 1918 Haec
887 1891 1020 1920 Charisius
1037 1903 1060 1920 2.
1096 1894 1153 1920 No-

744 1617 889 1642 Prouentus
906 1617 1011 1642 Colum.
1027 1627 1055 1650 4,
1069 1624 1112 1651 27,
1124 1615 1149 1642 6’.
1170 1626 1171 1630 ¹

1077 1789 1151 1824 Conf.

108 1931 167 1956 nius
181 1939 208 1963 4,
222 1938 266 1962 23:
300 1928 457 1963 Dapsilher,
481 1927 509 1954 id
528 1928 564 1954 est
581 1928 707 1962 opipare,
726 1928 816 1961 large,
835 1928 988 1962 magnifice,
1008 1928 1153 1963 splendide.
1174 1937 1206 1962 50

108 1961 228 1997 abunde,
250 1964 413 1996 liberaliter,
432 1963 548 1995 affatim,
568 1964 647 1990 laute.
703 1964 822 1990 Lucilius
831 1964 1021 1997 comparativo
1030 1965 1088 1990 vsus
1103 1964 1153 1990 est:

108 2002 179 2064 Spilto
193 2001 259 2063 bijoe
278 1999 600 2035 longinquummorbum
622 1999 651 2025 in
664 1999 729 2025 vino
744 1999 807 2030 esl‘e,
831 1999 878 2026 vbi
893 2000 951 2034 quis
971 2000 1098 2026 inuitauit
1111 1996 1171 2027 da-‘

107 2046 143 2076 pi
157 2046 197 2064 ius
226 2045 249 2062 e.

490 2095 521 2127 D
584 2096 645 2130 '.A
744 2095 773 2128 R

146 2186 165 2206 D
174 2186 196 2206 A
204 2186 223 2205 R
232 2185 250 2205 D
261 2175 283 2205 A⁰
292 2183 314 2203 N
322 2183 344 2202 V
353 2183 376 2209 S,
393 2176 411 2204 i.
424 2186 460 2203 m.
479 2174 622 2212 [Δάρδανος]
640 2175 751 2203 Εἰεὲἶναε
759 2176 959 2212 Iouisquefilius.
976 2178 1014 2203 De
1021 2184 1066 2212 quo
1077 2176 1154 2210 Virg.

109 2215 174 2241 Aen.
188 2216 214 2246 6,
229 2215 278 2247 650
302 2213 407 2240 Troiae
419 2213 557 2239 Dardanus
576 2212 669 2239 audior
687 2213 751 2239 Aen.
765 2219 791 2246 7,
805 2215 854 2238 206
893 2213 942 2239 His
955 2218 1029 2239 ortus
1042 2212 1071 2238 in
1084 2212 1154 2247 agris

84 2250 85 2253 ’
108 2249 244 2277 Dardanus
267 2248 356 2276 Idaeas
374 2248 502 2283 Phrygiae
521 2248 669 2283 penetrauit
687 2248 719 2274 ad
738 2248 830 2279 vrbes,
844 2255 890 2274 etc.
928 2250 1003 2274 (mem
1021 2249 1100 2274 Iocum
1115 2258 1155 2274 ex-

943 1582 1037 1608 Leehts
1046 1603 1054 1614 ,
1075 1584 1150 1616 excel:
1162 1585 1199 1610 40

644 1751 816 1778 Abundanter.
851 1753 958 1778 Sueten.
972 1753 1001 1778 in
1015 1754 1092 1788 Vesp.
1106 1763 1126 1779 c.
1135 1762 1152 1786 9
1163 1758 1201 1787 >43

1176 2105 1205 2132 55

1214 909 1301 935 Carm.
1317 916 1343 940 9,
1357 915 1386 940 32
1421 909 1452 934 Et
1476 909 1592 942 primum
1613 908 1687 934 Darii
1706 907 1892 933 tumultuantes
1912 910 2057 936 Praefectos
2078 912 2246 948 Satrapasque

1214 943 1356 978 perculiffe.
1395 944 1519 970 Phiilrucii
1525 944 1595 979 sunt.
1617 944 1702 978 Itaque
1709 949 1809 977 praeter
1822 942 1992 969 austeritatem
2005 950 2160 981 antiquorum
2169 968 2176 980 ,
2188 956 2247 985 pen-

1215 980 1325 1005 ultimam
1337 981 1467 1013 corripuit.
1493 980 1623 1012 Correptae
1630 981 1727 1012 primae
1739 979 1869 1012 exemplum
1882 978 1966 1004 (lamus
1979 982 2005 1004 in
2023 987 2166 1008 DARHWS.

1250 1020 1268 1039 D
1278 1020 1353 1040 ARO
1365 1020 1396 1039 N.
1415 1013 1548 1048 Oppidum
1570 1015 1597 1039 in
1612 1013 1725 1039 Arabico
1744 1013 1825 1040 latere
1840 1013 2047 1047 Aegyptiorum,
2061 1017 2107 1050 qui
2122 1018 2246 1045 Psamme.

1215 1049 1316 1076 tichum
1331 1049 1463 1083 fugerunt.
1483 1047 1592 1075 Auflore
1608 1048 1672 1074 Plin.
1688 1050 1713 1080 6,
1727 1057 1766 1079 30.

1253 1091 1271 1110 D
1281 1092 1301 1111 A
1311 1091 1330 1110 R
1340 1091 1428 1111 TON.
1456 1082 1576 1119 [ὃαρτόν]
1604 1082 1678 1118 Qafi
1699 1090 1725 1109 tu
1753 1083 1822 1109 dicas
1838 1082 2024 1116 excoriabilem,
2044 1085 2137 1112 Graeci
2155 1094 2249 1114 vocant

1215 1120 1392 1146 valentiorem
1413 1120 1528 1146 tunicam
1547 1128 1708 1151 neruorum,
1732 1127 1747 1145 a
1767 1117 1863 1153 quibus
1892 1118 2005 1145 testiculi
2023 1119 2253 1158 dependent'apud

1215 1155 1282 1183 Cels.
1303 1163 1319 1189 7
1328 1175 1336 1187 ,
1356 1160 1389 1185 18.

1604 1192 1633 1223 D
1731 1192 1758 1223 Α
1853 1190 1872 1221 8

1254 1268 1271 1288 n
1280 1269 1302 1288 A
1310 1267 1323 1288 s
1331 1269 1353 1288 v
1361 1269 1387 1288 M
1396 1268 1417 1288 A
1427 1269 1436 1288 1
1445 1269 1466 1289 A
1474 1269 1497 1288 Ν
1507 1268 1528 1287 v
1538 1269 1563 1288 M
1574 1281 1582 1295 ,
1606 1262 1639 1287 al.
1666 1265 1684 1287 D
1694 1268 1715 1288 A
1724 1268 1736 1288 s
1746 1266 1767 1285 V
1776 1267 1801 1287 M
1810 1267 1820 1285 1
1831 1267 1851 1287 A
1860 1265 1913 1286 NV
1921 1267 1962 1291 Μ,
1998 1262 2254 1290 Senatusconsultum

1217 1298 1269 1330 est,
1284 1306 1337 1332 quo
1349 1297 1505 1324 subuenitur
1518 1297 1572 1328 his,
1583 1296 1630 1331 qui
1648 1295 1714 1322 iusta
1726 1305 1757 1322 ex
1770 1296 1842 1322 causa
1856 1295 1962 1328 absunt,
1975 1302 2004 1323 vt
2024 1307 2071 1324 nec
2083 1298 2191 1325 libertas
2206 1300 2255 1325 im-

1217 1333 1354 1368 pediatur,
1369 1342 1417 1359 nec
1428 1332 1546 1359 'libertus
1566 1332 1694 1366 eripiatur
1714 1331 1769 1363 his,
1782 1331 1830 1366 qui
1845 1330 1937 1357 fraude
1955 1339 2065 1362 careant,
2102 1335 2169 1360 Haec
2185 1335 2256 1361 Mae-

1218 1370 1308 1395 cianus
1320 1369 1337 1395 1.
1350 1370 1381 1401 36
1399 1377 1485 1403 neque
1501 1368 1622 1395 infantes.
1657 1366 1725 1394 Add.
1746 1367 1762 1392 1.
1783 1375 1808 1400 51
1827 1375 1881 1392 non
1899 1372 2000 1396 tantum
2012 1366 2036 1404 §.
2049 1377 2076 1402 4.
2097 1369 2129 1395 D.
2147 1369 2178 1396 de
2193 1370 2256 1397 fidei

1218 1404 1342 1437 commiss.
1358 1403 1405 1430 lib.
1912 1425 1913 1431 ,

1255 1437 1408 1466 ΒΑ3Υ“Ρν
1419 1444 1449 1470 S,
1475 1436 1542 1463 odis.
1578 1435 1718 1470 [δασύπιςς]
1755 1437 1859 1463 Animal
1878 1438 1985 1472 leporini
2001 1441 2115 1473 generis,
2132 1448 2147 1465 a
2165 1439 2258 1474 villosis

1217 1475 1318 1511 pedibus
1337 1474 1441 1500 ditium.
1478 1473 1544 1500 Plin.
1559 1481 1597 1505 10,
1612 1475 1642 1504 63
1656 1474 1673 1500 s.
1687 1478 1714 1503 83
1746 1470 1894 1504 Dasypodes
1907 1472 1982 1499 omni
2000 1474 2088 1500 meuse
2103 1474 2218 1508 pariunt,
2232 1481 2258 1502 ct

1220 1511 1399 1545 superfoetant
1421 1509 1484 1534 ficut
1506 1508 1616 1541 lepores.
1672 1508 1694 1532 A
1713 1513 1794 1540 partu*
1814 1505 1898 1532 statim
1922 1507 2081 1540 implentur,
2106 1511 2260 1543 concipiunt

1220 1546 1356 1580 quamuis,
1370 1544 1452 1569 vbera
1471 1542 1578 1567 siccante
1596 1542 1680 1567 foetu.
1718 1541 1826 1566 Pariunt
1837 1549 1891 1566 non
1902 1549 1999 1567 caecos.
2036 1542 2103 1567 Idem
2118 1548 2139 1573 8,
2153 1551 2180 1575 53
2196 1546 2214 1570 s.
2231 1550 2258 1575 81

1221 1581 1305 1613 Lepus
1318 1578 1438 1603 omnium
1452 1576 1563 1610 praedae
1577 1577 1681 1603 nascens
1703 1576 1772 1601 solus
1786 1581 1887 1608 praeter
1911 1574 2068 1609 dasypodem
2089 1577 2261 1612 superfoetat,

1221 1614 1293 1640 aliud
1307 1614 1432 1643 educans,
1448 1611 1520 1637 aliud
1533 1613 1561 1636 in
1575 1617 1651 1636 vtem
1664 1610 1725 1644 pilis
1737 1609 1871 1641 vestitum,
1888 1609 1961 1636 aliud
1974 1612 2117 1645 implume,
2135 1613 2205 1640 aliud
2222 1615 2261 1641 in-

1222 1650 1345 1674 choatum
1358 1656 1448 1682 gerens
1462 1647 1568 1681 pariter.
1604 1647 1635 1671 In
1653 1645 1740 1680 quibus
1759 1644 1850 1670 duobus
1869 1646 1930 1671 locis
1950 1647 2054 1682 (inquit
2067 1648 2195 1683 Budaeus)
2211 1650 2262 1676 Pli-

1221 1684 1280 1709 nius
1294 1683 1458 1709 hallucinatus
1477 1679 1519 1714 qffi'
1531 1679 1657 1712 creditur,
1676 1683 1719 1715 qui
1737 1679 1894 1713 dasypodem
1911 1688 1935 1707 et
1954 1681 2072 1716 leporem
2092 1683 2189 1720 diuersa
2206 1688 2262 1712 ani.

1221 1719 1296 1745 mulia
1312 1716 1355 1750 effi
1369 1718 1513 1752 putauerit,
1527 1725 1598 1752 quum
1611 1715 1673 1741 idem
1686 1713 1732 1748 fit.
1774 1715 1917 1742 Theodorus
1929 1724 1993 1743 certe
2007 1717 2162 1752 dasypodem
2175 1721 2262 1757 vbique

1221 1754 1324 1787 leporem
1341 1761 1369 1778 ex
1382 1751 1515 1784 Aristotele
1534 1753 1622 1777 vertit.
1659 1748 1786 1776 Hactenus
1804 1750 1924 1777 Budaeus.
1954 1754 2030 1779 Plura
2049 1757 2093 1788 qui
2109 1758 2207 1789 cupiat,
2223 1759 2262 1782 vi-

1221 1788 1277 1813 deat
1291 1790 1391 1822 priores
1411 1787 1483 1813 huius
1500 1790 1528 1812 in
1542 1784 1680 1812 Pandec‘hn
1700 1788 1881 1812 annotationes.
1917 1788 2037 1821 Dubitat,
2051 1796 2074 1815 et
2087 1788 2203 1823 dubitasse
2220 1800 2262 1818 ar-

1221 1823 1331 1849 bitratur
1345 1823 1469 1855 Plinium,
1491 1821 1617 1848 Harduin.
1631 1820 1665 1847 ad
1678 1822 1755 1847 locum
1764 1819 1931 1856 pollet-iorem.

1600 1883 1630 1913 D
1728 1883 1754 1913 A
1851 1882 1885 1913 T

1260 1935 1486 1960 DATARIVS,
1508 1934 1618 1954 DATA
1630 1932 1652 1952 Τ
1664 1933 1723 1959 ιΜ,
1751 1933 1894 1960 DAT10,
1915 1933 2114 1962 DATlvvs,
2140 1936 2263 1964 DATO,

1225 1970 1381 1996 DATOR,
1412 1970 1460 1990 DA
1472 1971 1561 1994 Tvs,
1587 1962 1640 1988 vid.
1668 1969 1718 1992 Do,
1739 1961 1790 1989 das.

1261 2005 1494 2026 DAT1H1ATV
1506 2005 1528 2024 Μ
1540 2017 1547 2029 ,
1564 1998 1582 2023 i.
1598 2007 1624 2023 n.
1643 1997 1729 2023 Turis
1749 2006 1845 2031 genus,
1863 1996 1936 2031 quod
1956 1998 2047 2025 rufum
2068 2000 2137 2033 exit,
2152 2001 2263 2029 Alexan-

1225 2034 1352 2069 driaeque
1369 2034 1500 2065 nascitur,
1518 2031 1618 2058 auH'ore
1630 2031 1695 2058 Plin.
1716 2040 1755 2064 12,
1771 2040 1800 2065 14
1813 2033 1831 2058 s.
1845 2040 1883 2063 32.
1933 2033 2041 2070 Salmas
2058 2035 2193 2063 Dadioton
2203 2039 2265 2074 legit

1226 2079 1251 2104 p.
1265 2074 1325 2101 338,
1342 2069 1368 2095 b.
1382 2066 1508 2100 δαδιωτὸν,
1526 2077 1542 2092 a
1553 2065 1628 2100 iusim
1644 2066 1732 2101 resina.

1264 2110 1282 2129 D
1291 2111 1314 2130 A
1322 2111 1344 2130 T
1353 2110 1362 2129 1
1372 2111 1395 2135 s,
1410 2104 1440 2129 is.
1449 2112 1485 2129 m.
1521 2103 1534 2136 [
1542 2101 1634 2135 Δάτις]
1670 2104 1729 2129 Dux
1735 2103 1813 2129 Darii
1820 2122 1827 2134 ,
1836 2105 1904 2129 cuius
1911 2107 1994 2138 copias
2001 2106 2134 2132 Miltiades
2140 2110 2167 2133 in
2177 2108 2265 2134 sisara-

1225 2139 1299 2166 thone
1313 2138 1437 2174 funditus
1450 2138 1555 2168 deleuit,
1575 2138 1665 2172 Nepos
1678 2147 1699 2170 1,
1711 2147 1738 2171 4,
1752 2146 1771 2163 1.
1810 2139 1959 2174 Hi'ncficum
1976 2141 2056 2167 Datin
2074 2142 2265 2171 Achaemeniae

1226 2175 1378 2209 grauiorem
1391 2174 1502 2200 vulnere
1515 2182 1616 2207 pugnae
1633 2173 1732 2207 hausi-'He
1746 2172 1854 2200 videtur.
1890 2175 1949 2201 Val.
1963 2175 2047 2205 Flacc,
2060 2179 2086 2209 6,
2100 2180 2138 2210 63.

1261 2217 1280 2236 D
1289 2217 1312 2237 A
1322 2217 1343 2236 Τ
1352 2217 1361 2236 1
1370 2217 1382 2236 S
1393 2216 1416 2235 M
1427 2217 1448 2235 ν
1457 2217 1480 2236 s.
1516 2207 1674 2242 [δατια-μὸς]
1710 2210 1789 2243 Qtum
1804 2211 1883 2235 oratio
1894 2210 2027 2246 profertur
2045 2212 2131 2239 iisdem
2148 2217 2267 2247 numeris,

1225 2251 1248 2271 ct
1261 2245 1339 2271 eodem
1351 2244 1420 2271 modo
1434 2245 1512 2276 cadit,
1519 2244 1580 2279 scd,
1596 2251 1625 2270 vt
1634 2243 1710 2278 fimul
1723 2243 1889 2280 barbarismus
1900 2249 2071 2274 committatur
2086 2249 2267 2276 homoeotelemi

102 2292 199 2326 ponens
212 2284 333 2316 Seruius,
341 2283 380 2318 Jic
396 2287 448 2311 ait:
473 2286 575 2318 Iupiter
592 2293 653 2310 cum
671 2283 773 2310 Electra
792 2283 904 2311 Atlantis
923 2275 993 2314 ii’Ha,
1007 2283 1096 2310 Coriti
1115 2293 1154 2310 re·
1172 2287 1207 2312 60
1223 2281 1305 2316 muscl-
1343 2281 1422 2316 Origo
1436 2287 1465 2306 vt
1481 2281 1561 2315 ’'ffert
1582 2280 1660 2309 Schol·
1673 2278 1802 2314 Artfloph.
1818 2282 1875 2306 Pac·
1890 2288 1945 2312 288,
1962 2292 1977 2308 a
1995 2283 2061 2309 Date
2082 2285 2210 2320 Persarum
2224 2286 2266 2312 Sa-

108 2330 146 2356 gis
160 2321 251 2347 Italiae
263 2329 356 2352 vxore,
369 2319 522 2346 concubuit.
558 2319 606 2346 Sed
621 2328 652 2346 ex
667 2319 740 2345 Iouis
754 2319 853 2345 semine
866 2324 942 2345 natus
955 2319 991 2345 est
1005 2319 1153 2346 Dardanus:

108 2366 139 2384 ex
154 2357 259 2388 Coriti,
273 2355 359 2382 Iasius.
397 2355 532 2382 Dardanus
551 2355 685 2390 profectus
706 2354 739 2381 ad
751 2355 907 2389 Phrygiam,
924 2355 1003 2382 Ilium
1018 2354 1151 2381 condidit:

107 2392 188 2419 Iasius
202 2397 266 2419 vero
279 2390 427 2418 Thraciam
442 2391 543 2422 tenuit,
558 2390 606 2417 vbi
620 2390 656 2416 est
670 2391 760 2417 Samos
769 2409 777 2423 ,
794 2400 874 2424 quam
887 2390 930 2417 hic
944 2390 1152 2417 Samothraciam

107 2427 268 2454 nominauit.
305 2427 375 2453 Nam
390 2427 498 2453 Iunonis
518 2426 571 2452 alia
590 2426 625 2452 est
639 2427 737 2453 Samos.
757 2426 833 2459 Virg.
855 2428 918 2452 Aen.
934 2431 955 2456 8,
977 2434 1017 2459 34.
1053 2425 1152 2452 Darda-

108 2460 156 2490 nus
176 2463 270 2489 Iliacae
288 2462 388 2496 primus
407 2468 482 2495 pater
499 2461 573 2488 vrbis
593 2467 619 2488 et
638 2461 740 2488 auctor.

109 2500 173 2526 Aen.
193 2507 216 2531 3,
234 2500 280 2531 167
302 2497 396 2523 Iasium
414 2506 429 2524 a
447 2498 571 2524 Dardano
588 2497 663 2523 fuifl'e
682 2497 808 2524 occisum.
839 2496 897 2523 ysjd,
917 2496 1015 2524 eundem
1028 2497 1152 2524 Seruium

106 2533 193 2571 pasfim
209 2537 236 2560 in
258 2542 270 2565 3
284 2539 309 2558 et
328 2541 347 2566 4
360 2533 424 2559 Aen.
621 2530 642 2596 Ξ
663 2542 679 2559 2
715 2534 784 2559 Hinc
797 2539 847 2568 pro
871 2541 1013 2568 unoquoque
1040 2534 1153 2559 Troiano

103 2572 208 2605 ponitur
220 2569 295 2604 Virg.
309 2569 374 2594 Aen.
395 2577 423 2601 4,
443 2570 490 2594 661
510 2568 553 2595 vbi
564 2569 618 2595 Cru
639 2568 685 2594 elis
701 2568 839 2595 Dardanus·
855 2569 950 2595 Aeneas
964 2567 1013 2602 est,
1027 2575 1075 2604 pro
1090 2569 1155 2594 Dar-

109 2604 218 2635 danius,
236 2603 300 2639 quod
312 2603 418 2629 Seruius
436 2604 476 2629 hic
489 2610 513 2629 ct
523 2604 686 2643 aliashpaffim
698 2604 816 2638 obstruat.
853 2604 900 2630 Sed
1005 2601 1025 2640 ἢ
1047 2612 1058 2635 3
1088 2604 1153 2629 Dar-

111 2639 187 2670 dani,
201 2638 294 2672 populi
309 2638 374 2667 feri,
393 2638 531 2663 Dassaretis
551 2638 674 2670 finitimi,
689 2638 786 2672 quibus
799 2638 920 2664 Triballi
939 2639 1017 2664 laeuo
1036 2644 1153 2672 praeten-
1171 2644 1214 2672 7ο,

110 2674 208 2700 duntur
228 2673 326 2704 latere,
346 2677 372 2697 et
385 2672 514 2698 Moesicae
532 2678 636 2705 gentes,
650 2682 665 2698 a
678 2674 767 2698 fronte
784 2673 929 2706 iunguntur
948 2673 1023 2699 Medi
1042 2681 1070 2698 ac
1084 2673 1155 2698 Den.

110 2710 212 2735 teletae.
248 2705 345 2734 Auflor
362 2706 426 2732 Plin.
441 2715 469 2739 4,
484 2716 494 2732 1
519 2707 547 2732 de
560 2707 601 2733 his
614 2710 672 2733 item
679 2708 787 2741 Eun-op.
802 2709 826 2738 6,
842 2715 863 2732 2.
1018 2705 1039 2744 fl
1059 2716 1078 2740 4
1115 2709 1153 2734 De

110 2743 233 2772 Dardano
248 2751 326 2776 mago
339 2742 404 2768 Plin.
419 2750 460 2773 3ο,
473 2750 483 2767 ι
498 2742 516 2767 s.
531 2749 550 2767 1.

146 2786 165 2806 D
173 2786 195 2805 A
205 2785 223 2804 R
234 2784 282 2803 D‘A
293 2785 314 2803 N
324 2785 332 2803 1
342 2785 374 2809 A,
384 2785 424 2803 ac.
446 2777 465 2802 f.
488 2773 634 2811 [Δαρδανία]
655 2776 731 2811 Regio
743 2781 767 2800 et
779 2775 839 2800 vrbs
851 2774 978 2806 Troiana,
992 2783 1007 2801 a
1019 2773 1152 2805 Dardano,

109 2813 237 2851 utscribit
253 2812 339 2840 Strabo
357 2820 391 2843 13.
416 2811 488 2838 Ouid
511 2810 598 2838 Trist.
617 2820 637 2842 1,
650 2819 676 2843 9,
690 2818 717 2843 25

111 2852 148 2878 ris
160 2857 258 2878 nomen
271 2847 420 2874 habentem.
486 2831 566 2881 ffiirg.
583 2847 648 2872 Aen.
661 2854 686 2878 2,
700 2854 749 2879 324
776 2847 858 2871 Venit
873 2846 973 2871 summa
985 2845 1041 2872 dies
1050 2865 1058 2877 ,
1072 2852 1098 2872 et
1112 2846 1151 2874 in.-

110 2885 252 2912 eluftabile
266 2889 367 2918 tempus
387 2882 544 2909 Dardaniae.
581 2881 610 2908 Id
627 2881 662 2907 est
675 2882 794 2908 Troiae:
815 2887 859 2908 aut
873 2890 887 2907 a
901 2881 1024 2907 Dardano
1038 2881 1111 2907 Iouis
1126 2888 1152 2908 et

110 2921 227 2950 Eleehae
247 2919 319 2945 filio:
354 2924 398 2945 aut
412 2917 557 2944 secundum
576 2917 740 2949 Sallustium,
753 2926 768 2943 a
787 2926 849 2951 rege
868 2916 1051 2943 Dardanorum
1066 2917 1152 2949 Mida,

42 2947 64 2977 ῥ-
111 2958 159 2992 qui
178 2955 317 2990 Phrygiam
337 2954 430 2980 tenuit.
467 2953 588 2985 Seruius,
611 2962 679 2988 quim
705 2953 802 2988 rurfiun
822 2951 874 2978 vid.
896 2955 922 2978 in
944 2953 1020 2986 Virg.
1042 2953 1108 2979 Aen.
1129 2962 1152 2985 3,

353 2998 369 3015 2.
405 2988 551 3021 Dardania,
571 2988 656 3014 Insula
669 2987 774 3020 eadem,
789 2997 855 3022 quae
877 2987 1044 3015 Samothrace
1063 2988 1151 3023 postea
1172 2992 1204 3018 80

111 3002 120 3020 1
140 3000 159 3019 ¹.

111 3002 198 3060 ἀὸἰίἓὶει,
212 3033 241 3052 vt
257 3035 286 3052 ex
299 3025 445 3052 Callimacho
461 3024 543 3060 refert
556 3025 621 3050 Pliu.
636 3034 664 3057 4,
679 3033 714 3050 12.
740 3023 797 3050 Vsd.
821 3029 1008 3050 DARDANVS.

130 3081 135 3085 ,
146 3070 165 3090 D
174 3070 196 3090 A
205 3057 224 3089 i<
233 3068 251 3087 D
259 3068 281 3088 A
289 3067 310 3086 N
322 3059 331 3087 i
340 3068 358 3087 D
367 3067 384 3087 Ε
393 3067 405 3085 s
414 3080 423 3092 ,
445 3060 513 3086 idae.
539 3069 575 3085 m.
599 3061 702 3086 Patron.
739 3056 918 3093 [Aoeeeiuruins]
958 3060 1081 3093 Troiani,
1095 3059 1152 3095 spe.

109 3096 285 3132 ciatimstirps
298 3106 324 3122 re
343 3099 375 3122 ιά.
396 3096 470 3130 Virg.
486 3097 550 3122 Aen.
564 3104 601 3128 10,
615 3103 662 3129 545
688 3094 848 3121 Dardanides
861 3100 952 3121 contra
966 3095 1040 3121 furit.
1086 3096 1152 3121 Dar-

111 3130 221 3161 danidae
233 3131 293 3158 duri
311 3133 322 3158 1
342 3141 383 3157 em
397 3132 459 3157 Aen.
474 3140 497 3163 3,
510 3140 555 3165 94.
627 3130 792 3157 Dardanidae
805 3130 894 3165 magni
908 3139 988 3164 genus
1001 3130 1055 3157 alto
1069 3139 1084 3157 a
1097 3131 1152 3157 san-

114 3169 192 3204 guine
206 3168 298 3194 diuum
311 3166 348 3193 Id.
363 3168 426 3193 Aen.
439 3175 461 3199 ς,
474 3175 515 3199 45.
917 3190 920 3193 ,

149 3211 167 3230 D
176 3211 197 3231 A
206 3211 224 3230 a
233 3210 251 3230 D
259 3210 281 3237 A
290 3210 310 3229 N
321 3211 330 3229 1
340 3210 352 3229 s
363 3223 371 3235 ‚
387 3202 445 3229 i'dis.
466 3203 485 3228 f.
504 3203 608 3229 Patron.
643 3198 784 3236 [Δαρδανίς]
825 3201 869 3233 Vt,
882 3201 980 3227 Matres
988 3200 1151 3235 Dardanides

116 3238 195 3265 Ouid.
207 3240 269 3265 Met.
285 3246 319 3270 13,
333 3247 385 3271 413·
1047 3258 1050 3261 .

152 3279 249 3301 DARD
258 3281 279 3301 A
289 3281 310 3299 N
320 3281 329 3299 1
340 3280 358 3298 V
369 3280 391 3305 S,
404 3282 427 3305 a,
442 3282 497 3299 um.
513 3272 574 3299 Adi.
601 3269 762 3307 [Δαρδανιος]
788 3271 854 3298 Plin.
871 3280 908 3304 33,
920 3279 932 3303 3
950 3272 1032 3298 Cuius
1046 3272 1149 3298 sceleris

115 3316 163 3334 nos
170 3307 330 3342 coarguimus
345 3309 421 3335 illum
428 3308 555 3343 primum,
563 3308 611 3342 qui
623 3316 688 3333 auro
701 3306 854 3341 dignitatem
859 3316 908 3368 ‘per
916 3307 1026 3334 annulos
1038 3308 1112 3340 fecit,
1120 3314 1149 3334 vt

117 3343 228 3369 habeant
241 3345 269 3369 in
282 3344 384 3371 lacertis
398 3345 452 3371 iam
468 3343 572 3378 pridem
585 3350 610 3369 et
622 3343 676 3369 viri
691 3342 762 3376 quod
776 3353 790 3369 e
805 3344 857 3369 Dar

116 3385 142 3406 et
165 3376 323 3406 Dardanium
344 3379 497 3406 vocabatur.
567 3379 668 3405 Acestes
686 3377 833 3404 Dardanius
845 3398 854 3411 ,
882 3379 934 3404 vid.
967 3387 989 3406 A
997 3386 1014 3406 C
1023 3386 1038 3406 E
1047 3386 1060 3406 s
1069 3387 1090 3406 T
1099 3386 1115 3405 E
1125 3387 1148 3406 S.

116 3413 137 3451 q
158 3423 174 3440 2
210 3412 368 3441 Dardanium
394 3412 557 3450 [Δαρδάνων]
582 3413 717 3449 Oppidum
738 3422 849 3448 paruum
871 3414 899 3440 in
920 3414 1041 3445 Rhoeteo
1059 3415 1149 3447 litore,

116 3455 188 3476 Lxx.
203 3447 263 3474 stad.
278 3456 293 3474 a
302 3448 418 3477 Rhoeteo
429 3450 528 3485 oppido
541 3458 647 3485 quoque
661 3449 734 3476 dicto
748 3448 859 3482 distans,
874 3459 941 3485 quae
957 3450 1011 3478 duo
1023 3451 1149 3477 inTroa-

118 3484 149 3512 de
163 3484 300 3514 visuntur,
315 3483 370 3522 τιν-βε
381 3486 449 3513 Plin.
471 3493 494 3519 ς,
507 3494 547 3518 3ο.

152 3525 446 3553 DARDANAR1VS,
459 3521 477 3548 i.
493 3530 527 3547 m.

116 3555 306 3589 ταμετιίβολος,
322 3553 475 3585 σιτοκοίπηλος
489 3556 546 3589 [lh]
580 3556 610 3582 ab
628 3555 742 3590 leiano
755 3563 857 3582 vocatur
874 3557 921 3591 qui
941 3565 1071 3583 annonam
1091 3557 1149 3590 sup-

116 3591 224 3627 primit,
236 3590 276 3616 vti
295 3588 400 3614 demum
413 3589 499 3617 'carius
511 3590 607 3618 vendat
619 3594 645 3617 in
659 3591 675 3617 l.
690 3600 821 3618 annonam
834 3593 866 3618 D.
880 3594 896 3618 6
909 3591 941 3618 de
954 3591 1085 3618 extraord.
1099 3592 1149 3618 cri-

116 3626 243 3654 minibus.
278 3623 401 3663 Turneb3
412 3632 436 3656 2,
448 3632 474 3659 4'.
489 3634 509 3659 1,
522 3634 551 3661 17
570 3637 585 3653 a
603 3626 726 3654 Dardano
744 3636 815 3664 mago
827 3627 895 3663 quasi
912 3637 1015 3664 magnos
1028 3626 1149 3663 veneficos

117 3661 199 3689 dictos
216 3667 306 3695 putat,
320 3669 368 3699 τιξϊΥ
375 3662 444 3694 scio,
456 3666 551 3702 anquis
564 3662 625 3698 quid
638 3664 731 3688 melius.

795 2461 896 2488 Tradit
915 2461 985 2488 idem
1005 2462 1112 2488 Seruius
1125 2464 1153 2486 irz
1173 2460 1205 2492 63

747 2810 960 2844 Dardaniamque
979 2810 1045 2844 petit
1063 2809 1152 2836 aufto-
1170 2820 1202 2848 75

1168 3172 1196 3201 85

877 3343 931 3369 auis
943 3343 1031 3370 venit:
1057 3344 1148 3378 itaque
1165 3355 1201 3380 90

546 3518 751 3554 [παλιγκάπηλος
763 3521 822 3547 Vct.
835 3520 879 3547 Gl.
896 3520 1068 3553 πανταπώλης,
1090 3530 1148 3546 ποιν-
1165 3526 1197 3553 95

1223 2322 1314 2351 trapa,
1332 2319 1376 2351 qui
1390 2325 1460 2351 quum
1480 2315 1551 2341 vellet
1571 2313 1705 2341 Graeculus
1722 2315 1820 2348 videri,
1840 2317 2002 2351 exclamauit,
2021 2316 2125 2352 ἥδομαι,
2150 2319 2193 2355 ’OE‘l
2213 2322 2265 2356 τέρ-

1222 2362 1311 2385 πομαι,
1324 2350 1367 2386 vet)
1384 2352 1523 2386 χαίρομαι,
1542 2359 1613 2386 quum
1628 2350 1757 2377 dicendum
1775 2358 1829 2378 erat
1848 2352 1936 2388 χαζρω.

1573 2413 1604 2444 D
1730 2413 1757 2443 A
1885 2414 1915 2443 V

1259 2458 1428 2491 DAvcvs,'i.
1442 2467 1477 2484 m.
1498 2459 1618 2492 [Δαῗὶκος]
1640 2457 1768 2490 Ηενόσ,ᾱε
1778 2466 1826 2493 qua
1838 2458 1902 2484 Plin.
1910 2466 1948 2489 19,
1961 2464 1974 2490 ς
1988 2458 2006 2484 s.
2022 2465 2064 2492 27.
2078 2464 2102 2484 et
2115 2468 2152 2492 ες,
2166 2468 2183 2492 9
2196 2462 2214 2487 r.
2228 2463 2265 2494 64

1224 2494 1309 2521 Dauci
1327 2503 1421 2529 genera
1440 2500 1556 2528 quatuor
1568 2495 1633 2520 fecit
1646 2494 1782 2519 Petronius
1798 2492 1948 2524 Diodorus,
1969 2501 2035 2527 quae
2055 2495 2177 2530 persequi
2195 2496 2265 2523 nihii

1225 2530 1336 2562 attinet,
1350 2539 1431 2563 quum
1444 2530 1492 2556 sint
1511 2528 1674 2554 differentiae
1692 2528 1766 2553 duae.
1802 2526 1868 2553 Cels.
1882 2535 1905 2559 ς,
1919 2535 1956 2558 23.
1991 2529 2077 2563 Diosc.
2092 2538 2113 2561 3,
2126 2536 2169 2565 76.
2205 2531 2264 2558 Isid,

1226 2574 1266 2600 17,
1281 2574 1306 2598 9.
1343 2565 1409 2590 Plin.
1422 2567 1466 2596 26,
1479 2572 1499 2596 ς.
1515 2570 1538 2588 ct
1551 2571 1591 2594 32,
1606 2570 1627 2595 ς.
1663 2561 1783 2588 Scribon.
1799 2569 1846 2587 121.
1862 2564 1916 2596 176.
1936 2565 2005 2588 cuius
2020 2563 2053 2597 est
2069 2573 2160 2600 quoque
2180 2567 2265 2595 nauci

1223 2602 1311 2627 semen
1327 2607 1374 2633 117.
1391 2606 1444 2632 145.
1482 2599 1586 2624 Daucus
1605 2597 1725 2623 Creticus
1739 2599 1793 2630 167.
1809 2604 1864 2631 170.
1879 2604 1935 2631 177.

1261 2641 1310 2661 DA
1319 2641 1363 2660 vc
1373 2640 1409 2660 10
1418 2641 1439 2659 Ν
1448 2653 1456 2665 ,
1478 2640 1502 2659 et
1515 2633 1639 2658 Daucites
1655 2631 1726 2657 idem.
1744 2631 1821 2665 Apul.
1835 2631 1867 2658 de
1880 2631 1964 2659 Herb.
1977 2641 1998 2659 c.
2014 2638 2053 2663 80.

1259 2676 1277 2695 D
1288 2671 1340 2696 AV
1350 2676 1358 2694 1
1368 2675 1387 2694 D
1397 2688 1405 2700 ,
1425 2668 1486 2699 idis,
1504 2674 1527 2693 et
1540 2667 1600 2693 idis.
1612 2676 1648 2693 m.
1673 2667 1761 2693 Notus
1776 2667 1830 2693 Rex
1845 2673 1870 2693 et
1883 2667 2012 2702 Propheta
2031 2669 2098 2703 apud
2113 2670 2264 2699 Hebraeos:

1223 2713 1322 2730 nomen
1344 2702 1471 2728 «inedium
1489 2702 1614 2736 fignificat
1635 2702 1676 2728 vel
1701 2701 1871 2729 desiderabile
1890 2703 1982 2730 Ifidor.
2001 2711 2028 2738 7,
2045 2707 2070 2731 6.
2113 2707 2220 2734 quenc.
2243 2717 2264 2740 1,

1225 2747 1272 2771 149
1303 2737 1372 2764 Vrbs
1391 2738 1427 2764 est
1439 2737 1549 2765 Iudaeae
1564 2737 1699 2765 Bethleem
1720 2737 1822 2764 Dauida
1839 2747 1966 2766 canorum
1984 2740 2059 2773 Qiae
2078 2743 2176 2775 genuit.
2221 2744 2264 2771 Sic

1222 2781 1310 2806 et.2‚5
1331 2775 1356 2799 6.
1388 2783 1389 2788 ¹
1610 2783 1611 2786 ¹

1259 2780 1381 2835 DAZHD
1392 2806 1523 2841 i'cvs,a,
1531 2818 1586 2835 um.
1603 2807 1663 2835 Adi.
1678 2807 1798 2835 sedulius
1813 2809 1953 2836 inMat.21.
1967 2809 2131 2837 Idemexord.
2145 2813 2231 2846 operis
2245 2820 2263 2848 7

1222 2846 1278 2872 Cur
1290 2853 1339 2880 ego
1353 2844 1489 2871 Dauidicis
1504 2844 1625 2871 adsuetus
1637 2843 1756 2871 cantibus
1770 2843 1832 2870 odas
1844 2844 2011 2872 Chordarum
2027 2846 2149 2873 resonare
2163 2848 2262 2875 decem.

1222 2881 1270 2909 Sed
1284 2880 1439 2907 Prudentius
1452 2881 1560 2912 Hymno
1570 2879 1664 2915 Epiph.
1677 2889 1703 2906 v.
1717 2888 1752 2913 49
1773 2880 1828 2906 Iam
1843 2881 1890 2906 flos
1905 2880 1974 2907 subit
1988 2881 2141 2908 Dauidicus.

1259 2923 1277 2943 D
1286 2923 1309 2943 A
1318 2923 1362 2942 VL
1372 2924 1380 2942 Ι
1390 2923 1411 2942 Α
1420 2923 1433 2942 S
1443 2936 1451 2948 ,
1470 2917 1510 2942 uel
1529 2922 1546 2942 D
1556 2923 1578 2943 A
1587 2924 1607 2942 V
1616 2923 1631 2942 L
1641 2924 1651 2942 1
1660 2922 1682 2942 S.
1721 2915 1844 2950 Oppidum
1864 2916 1997 2949 Phocidis,
2011 2917 2058 2951 sub
2078 2917 2172 2944 ditione
2188 2919 2264 2945 Terei

1221 2954 1290 2988 regis
1314 2952 1449 2984 Thracum,
1468 2951 1533 2978 vnde
1552 2958 1575 2977 et
1588 2951 1722 2978 Philomela
1739 2951 1834 2977 dicitur
1854 2952 1968 2978 Daulias.
2004 2952 2085 2979 Ouid.
2104 2953 2150 2987 Ep.
2167 2962 2201 2986 ις,
2218 2962 2263 2987 1,·4,

1222 2988 1306 3014 Deflet
1319 2986 1481 3013 Threicium
1502 2987 1608 3014 Daulias
1628 2987 1680 3013 ales
1695 2987 1773 3019 Itym.
1808 2987 1874 3013 Plin.
1888 2996 1914 3020 4,
1929 2996 1941 3019 3
1956 2988 1974 3013 s.
1988 2996 2016 3021 4.
2036 2989 2166 3019 Drymaea
2186 2990 2260 3024 regio

1223 3023 1314 3050 Daulis
1326 3023 1463 3057 appellata.
1493 3023 1552 3049 Vid.
1573 3022 1699 3049 Harduin.

1256 3065 1305 3085 DA
1316 3066 1336 3084 V
1347 3066 1367 3085 N
1378 3066 1398 3085 1.
1433 3058 1555 3093 [Δαύνοι]
1592 3059 1682 3085 Italiae
1695 3058 1798 3092 populi,
1812 3066 1826 3082 a
1846 3058 1940 3084 Dauno
1958 3057 2016 3084 duce
2034 3058 2161 3085 Diomedis
2174 3059 2261 3094 fhcero

1221 3092 1296 3120 disti.
1332 3095 1438 3120 Horum
1456 3093 1584 3129 oppidum
1602 3094 1638 3121 est
1657 3092 1772 3127 Salapia,
1790 3093 1926 3119 Annibalis
1945 3094 2098 3120 meretricio
2117 3103 2206 3120 amore
2219 3095 2262 3121 in.

1221 3130 1335 3160 elutum,
1352 3136 1382 3155 vt
1398 3130 1492 3166 scribit
1511 3129 1577 3156 Plin.
1596 3138 1619 3162 3,
1635 3138 1658 3156 ιι
1672 3130 1690 3155 s.
1704 3131 1742 3155 16.
1813 3128 1912 3163 Apulus
1932 3130 2039 3155 Daunus
2058 3129 2150 3155 Horat.
2169 3130 2258 3157 Carni.

1268 3174 1278 3192 1
1306 3185 1314 3197 ‚
1332 3166 1372 3193 26.

1218 3174 1333 3227 4'nixv
1342 3208 1364 3227 N
1373 3208 1383 3227 1
1393 3207 1412 3225 v
1422 3208 1446 3233 s,
1459 3209 1482 3233 a,
1491 3210 1544 3227 um.
1559 3199 1619 3227 Adi.
1640 3197 1763 3233 [δαύνως]
1786 3200 1830 3232 Vt,
1843 3199 1931 3233 Regna
1939 3198 2044 3237 Daunia
2055 3204 2095 3233 ap.
2111 3198 2156 3226 Sil.
2165 3208 2191 3232 9,
2199 3207 2257 3233 500.

1217 3243 1241 3263 ει
1255 3236 1357 3263 Daunia
1375 3237 1508 3263 Camoena
1525 3236 1591 3271 apud
1608 3236 1702 3262 Horat.
1718 3236 1805 3261 Carm.
1821 3244 1849 3268 4,
1867 3237 1893 3266 6,
1901 3242 1943 3270 27.
1958 3236 2039 3269 poefls
2058 3235 2161 3261 Horatii
2178 3239 2258 3262 natio-

1217 3282 1247 3298 ne
1265 3274 1292 3298 A
1308 3273 1354 3298 uli.

1254 3279 1330 3334 Βιξν
1340 3315 1362 3334 Ν
1372 3313 1383 3333 1
1394 3308 1472 3339 A,'ae.
1489 3306 1508 3333 f.
1529 3307 1658 3340 ξΔαυνία]
1676 3305 1780 3339 Apulia,
1793 3314 1807 3331 a
1819 3305 1914 3331 Dauno
1930 3303 2049 3335 Illyricae
2071 3304 2155 3338 gentis
2164 3325 2172 3337 ,
2185 3306 2258 3332 claro

1217 3343 1295 3376 viro,
1315 3343 1362 3378 qui
1375 3351 1449 3375 eam,
1470 3348 1578 3377 propter
1597 3341 1765 3368 domesticam
1785 3341 1942 3367 seditionem
1962 3338 2086 3365 excedens
2100 3341 2200 3374 patria,
2214 3350 2257 3368 oe-

1217 3379 1332 3413 cupauit.
1370 3378 1466 3405 Festus.

1253 3421 1272 3440 D
1281 3422 1303 3441 A
1312 3422 1333 3441 V
1343 3421 1365 3440 N
1375 3422 1386 3441 1
1395 3421 1417 3441 A
1425 3420 1441 3440 C
1451 3421 1472 3440 V
1480 3421 1492 3440 S
1502 3433 1510 3445 ,
1533 3414 1649 3439 Daunius
1677 3412 1722 3439 Sil.
1739 3421 1774 3444 12,
1789 3419 1850 3443 429.

1255 3456 1274 3476 D
1284 3457 1306 3476 A
1316 3457 1427 3481 VNVS,
1439 3450 1457 3475 i.
1473 3458 1508 3476 m.
1530 3448 1614 3475 Filius
1628 3448 1742 3474 Pilumni
1755 3453 1780 3473 et
1795 3447 1909 3477 Danaes,
1920 3449 1946 3471 et
1959 3453 2022 3471 auus
2037 3444 2145 3477 Turni,
2157 3445 2203 3480 qui
2226 3446 2255 3472 in
2275 3451 2276 3455 ¹

1219 3485 1316 3520 Apulia
1333 3486 1471 3520 regnauit,
1489 3493 1504 3511 a
1517 3492 1571 3519 quo
1588 3483 1667 3510 etiam
1681 3483 1755 3517 regio
1770 3482 1813 3508 illa
1828 3481 1929 3507 Daunia
1944 3479 2013 3506 dieta
2027 3480 2071 3506 est.
2109 3481 2182 3507 Alter
2203 3482 2254 3508 fuit

1218 3521 1327 3547 Daunus
1340 3521 1437 3556 prioris
1452 3520 1536 3551 filius,
1550 3519 1598 3553 qui
1613 3528 1644 3545 ex
1657 3519 1761 3545 Venilia
1776 3517 1864 3542 sorore
1876 3517 1984 3543 Amatae
1996 3516 2121 3542 Turnum
2135 3517 2253 3551 suscepit.

1218 3557 1293 3591 Virg.
1307 3565 1344 3589 12,
1358 3565 1410 3589 934
1429 3555 1516 3582 Dauni
1528 3556 1652 3581 miserere
1665 3553 1789 3580 semustae.
1944 3549 1964 3586 q
1988 3560 1999 3576 2
2034 3551 2074 3577 Est
2087 3561 2193 3586 quoque
2208 3554 2254 3578 flu-

1218 3592 1260 3618 vii
1274 3600 1372 3618 nomen
1385 3592 1414 3618 in
1428 3591 1532 3626 Apulia.
1573 3590 1642 3616 Vnde
1653 3591 1744 3616 Horat.
1759 3588 1844 3613 Carm.
1857 3595 1880 3619 3,
1897 3595 1920 3619 3,
1934 3595 1957 3613 ιι
1984 3587 2043 3619 Qua
2063 3596 2158 3621 pauper
2171 3597 2259 3622 aquae

1219 3628 1326 3654 Daunus
1338 3627 1493 3661 agrestium,
1511 3627 1643 3659 Regnator
1655 3623 1825 3659 populorum,
1840 3629 1886 3649 etc.
1924 3623 1994 3655 Qiia
2012 3623 2103 3656 inopia
2121 3632 2203 3658 aquae
2223 3623 2254 3649 fi.

1216 3663 1326 3689 ticulosa
1339 3663 1375 3689 est
1389 3663 1491 3698 Apulia.
1516 3663 1612 3688 Acron.

154 3704 172 3723 D
181 3704 202 3723 A
212 3703 230 3722 R
240 3703 255 3722 E
264 3701 287 3728 S,
306 3699 363 3721 etis.
385 3703 419 3720 m.
454 3694 577 3730 Phrygius
589 3697 730 3725 historicus
739 3717 746 3730 ,
761 3696 860 3732 scripsit
879 3697 980 3724 bellum
994 3696 1148 3723 Troianum
1159 3709 1205 3727 100
1252 3705 1270 3725 D
1280 3706 1302 3726 A
1311 3706 1331 3725 V
1341 3705 1362 3724 T
1372 3706 1381 3724 1
1391 3706 1411 3725 Α
1420 3718 1429 3731 ,
1449 3706 1515 3732 quae
1535 3702 1560 3721 et
1575 3694 1668 3722 Lautia
1681 3693 1808 3726 dicimus,
1819 3693 1971 3720 munuscuLa
1991 3701 2057 3728 quae
2078 3692 2172 3720 dantur
2186 3694 2253 3728 lega-

117 3734 231 3764 Graece,
246 3731 273 3757 in
293 3739 347 3765 quo
368 3730 420 3764 ipse
438 3730 576 3764 militamt,
588 3740 617 3759 vt
627 3737 665 3759 ait
682 3732 811 3765 Isidorus,
827 3733 927 3767 primus
940 3734 995 3759 fere
1009 3732 1149 3759 historico-

117 3778 194 3795 rum:
229 3766 276 3801 qui
294 3765 399 3792 tandem
417 3772 491 3799 capto
505 3765 571 3797 Ilio,
584 3777 641 3795 cum
662 3769 804 3795 Antenoris
823 3768 941 3795 fadiione
956 3768 1093 3801 remansit,
1118 3775 1149 3795 vt

110 3804 201 3839 scribit
215 3803 294 3829 Corn.
309 3802 415 3835 Nepos,
432 3804 473 3836 qui
492 3807 550 3836 opus
568 3804 616 3827 cius
635 3813 647 3830 e
659 3806 750 3831 Gracco
770 3807 797 3830 in
812 3805 928 3830 Latinum
940 3805 1075 3840 sermonem
1090 3814 1148 3831 con-

115 3842 208 3871 vertit,
222 3838 360 3872 dicauitque
372 3836 494 3869 Sallustio.
529 3836 575 3863 Sed
583 3837 739 3872 supposititia
751 3839 829 3874 Jimt,
848 3849 907 3875 quae
925 3840 995 3867 hodie
1008 3840 1057 3873 sub
1074 3840 1146 3867 huius

115 3877 208 3900 nomine
223 3873 443 3935 circumferuntzir.
471 3871 528 3900 Vni.
547 3870 610 3905 Voffi
623 3873 650 3899 de
659 3873 724 3908 Hzst.
738 3878 824 3902 Graec.
839 3886 866 3910 4,
879 3885 899 3902 1.

268 3915 352 3936 voi..
389 3909 400 3938 1
422 3928 428 3935 .

1217 3735 1250 3761 tis
1264 3734 1374 3769 hospitii
1391 3734 1482 3768 gratia.
1503 3731 1597 3758 Festus.
1637 3729 1695 3756 Vid.
1710 3729 1790 3765 supra
1802 3732 1829 3755 in
1844 3729 1877 3755 D.

1253 3776 1303 3797 DA
1312 3778 1332 3796 V
1341 3776 1361 3795 V
1371 3776 1394 3801 S,
1407 3771 1425 3795 i.
1436 3779 1470 3795 rn.
1489 3767 1588 3801 [Δεῖος]
1608 3767 1701 3792 Nomen
1715 3765 1784 3801 serui
1803 3767 1890 3791 comici
1901 3773 1916 3790 a
1929 3763 2070 3790 Menandro
2089 3773 2118 3789 ac
2137 3765 2252 3790 Terentio

1209 3804 1416 3841 frequentatum,
1435 3813 1449 3830 a
1462 3802 1560 3837 patria,
1578 3808 1608 3827 vt
1621 3804 1658 3827 ait
1671 3801 1788 3827 Donatus
1800 3801 1832 3826 ad
1845 3800 1928 3834 princ.
1944 3799 2065 3825 Andriae.
2090 3799 2147 3825 Vid.
2165 3806 2251 3825 DAAE

1216 3847 1239 3865 et
1251 3844 1306 3866 viri
1319 3837 1388 3866 dotti
1406 3839 1439 3865 ad
1449 3840 1552 3865 Lucian.
1570 3837 1599 3863 de
1613 3837 1701 3864 Saltat.
1717 3846 1738 3862 c.
1754 3845 1787 3869 29
1799 3837 1824 3872 s.
1842 3836 1926 3862 Tom.
1942 3843 1951 3860 1
1967 3844 1990 3869 p.
2006 3840 2046 3866 :85
2066 3835 2102 3868 sq.
2139 3836 2205 3861 Hor.
2219 3834 2250 3859 A.

1004 3874 1025 3915 ff
1044 3884 1060 3902 2
1087 3876 1145 3903 Da·
1161 3890 1203 3915 ¹03
1216 3876 1242 3902 P.
1255 3878 1304 3908 236
1325 3877 1359 3902 Vt
1370 3874 1441 3909 nihil
1455 3873 1570 3906 intersit,
1591 3873 1713 3900 Dauusne
1726 3871 1866 3907 loquatur,
1879 3876 1904 3897 et
1918 3869 2002 3897 audax
2016 3869 2127 3901 Pythias.

1378 3910 1398 3936 B
2202 3909 2251 3932 Dr.
