2479 4225
51 189 140 248 '973v
429 187 446 227 1
532 187 569 228 L
656 186 692 228 L
1483 168 1565 232 ⁷¹⁸
1638 192 1675 235 L
1758 195 1793 236 L
2133 216 2211 254 974

35 269 38 279 “
52 279 156 308 lumina.
210 276 341 304 Auunian.
353 284 394 309 30,
411 285 429 309 4
456 276 620 304 Illecebrofis
640 276 741 303 insidiis
761 274 871 303 ambire.
926 276 994 311 Quin
1014 277 1095 304 Plaut.
1164 277 1197 304 de
1209 278 1282 305 KR.
1296 287 1317 312 3,
1330 280 1367 311 16,
1381 287 1413 305 22
1433 279 1481 306 Seii
1497 279 1514 307 si
1528 281 1682 309 transiturae
1696 282 1753 309 sunt
1768 291 1826 317 apes
1841 294 1887 318 ea,
1905 287 2018 321 apiastro
2032 290 2210 325 perfricanda,

3 317 6 320 .
52 313 170 344 Bacchid.
186 322 206 346 1,
219 321 244 344 2,
258 320 287 345 53
310 313 383 346 Qiia
398 312 463 338 istoc
476 312 654 339 illecebrosius
670 312 728 338 sieri
749 311 816 339 nihil
830 310 922 346 potest.
1164 314 1235 347 quod
1249 314 1361 341 illicium
1378 314 1427 341 hoc
1441 316 1503 342 illis.
1538 317 1607 344 Add.
1625 319 1643 344 s.
1657 326 1690 349 31.
1715 321 1745 344 it.
1761 327 1783 350 2,
1797 327 1823 352 7,
1839 322 1864 346 6.
1932 324 1987 348 Cic.
2003 326 2055 351 Att.
2074 333 2106 355 11,
2123 334 2147 352 1:
2166 333 2208 360 pr.

87 350 365 377 1LLEC1515R63E.
402 347 470 374 ΜΠ·
505 348 698 381 [snxywyinfflx]
737 346 885 374 ΡῙῦΗῐ-ΜῙῙ·
901 355 922 378 3,
940 355 962 376 2,
976 349 1006 378 36
1027 348 1097 374 Hui!
1162 349 1241 375 Illum
1261 349 1411 376 existimare
1430 352 1482 384 (Qu
1499 352 1606 379 fratrem
1627 353 1741 380 illiciuin
1762 362 1835 380 meac
1856 356 2031 388 profectioni.-
2052 360 2127 387 fuill‘e
2159 367 2197 387 etc

38 384 218 416 'illecebrose‚
243 387 261 409 i.
275 382 379 418 festiue,
399 383 484 418 lepide.
534 383 665 410 Amuiian.
679 391 719 415 30,
733 392 761 415 19
781 384 852 409 Haec
867 382 904 408 ita
918 382 1096 410 illecebrosius
1163 386 1199 410 Ex
1214 383 1306 418 vetusto
1320 386 1451 420 exemplari
1471 388 1562 422 legitur
1578 389 1697 415 Liuium.
1734 388 1787 415 vid.
1803 390 1892 416 Grata.
2053 393 2074 432 ff
2096 404 2108 421 2
2134 381 2206 422 ’fusi

52 421 130 456 atque
142 418 311 446 inhumanius
326 419 383 453 agi,
400 418 559 453 loquebatur
572 418 692 453 pertinax
706 427 807 445 rumor.
1116 423 1130 449 5
1160 423 1186 445 in
1208 421 1290 447 verbis
1304 421 1472 456 Jbllcnmilw.
1510 424 1595 450 Varro
1613 424 1645 450 de
1658 425 1688 451 L.
1702 424 1731 450 L.
1747 432 1770 458 ς,
1783 433 1799 457 9
1824 434 1848 460 p.
1867 428 1908 455 62,
1925 427 1942 451 6
1969 428 2066 454 Omnes
2086 431 2206 464 Qfiffle,

87 460 277 486 1L1.1·.·c'1¹0,
297 459 350 482 Jire.
395 454 472 481 Valde
491 454 592 481 illicere.
630 453 750 481 Termll.
768 453 826 480 adu.
840 452 922 478 Marc.
937 453 1023 480 Carni.
1038 462 1062 486 z,
1082 463 1095 487 3
1159 470 1205 475 ——-
1240 464 1306 482 voca
1327 456 1447 482 inliciiun
1471 456 1521 483 huc
1540 458 1572 484 ad
1592 468 1642 486 me.
1704 461 1736 486 Et
1756 469 1781 486 v.
1798 468 1827 494 ¹4
1854 461 1911 494 Qu
1930 464 2074 489 exercitum
2093 467 2204 500 mmm-3.

51 492 137 519 Patres
155 499 221 525 quos
240 490 404 517 illefh’iuerat
419 495 488 516 ante.
1160 497 1233 517 tui-us
1247 491 1307 523 erit,
1327 492 1434 518 accenso
1450 491 1514 518 dicit
1529 493 1586 525 hoc,
1606 495 1733 529 Calpurni
1746 504 1811 522 voca
1825 496 1947 522 inlicium
1960 499 2062 525 omneis
2073 502 2204 533 Quiriti-is

86 533 96 553 1
107 531 150 552 LL
162 531 179 552 Ε
193 532 209 552 C
224 532 246 552 'r
259 533 310 553 ΛΤ
324 533 333 552 1
348 535 367 553 o
382 545 390 558 ‚
417 525 486 552 onis,
524 525 543 552 f.
581 524 648 552 Gell.
670 529 709 555 18,
729 531 745 550 2
772 522 956 549 Demulcentes
975 533 1033 550 cum
1057 525 1097 551 iu-
1161 525 1210 552 huc
1226 526 1256 552 ad
1270 536 1320 553 me.
1376 528 1502 553 Acccnsus
1523 529 1587 554 dicit
1601 529 1648 560 sic,
1667 530 1766 557 Omnes
1781 531 1902 564 Qui-iter
1921 532 2044 559 inlicjum
2063 535 2137 561 visist-
2152 536 2203 562 huc

50 560 141 589 tundis
168 561 340 597 honestisque
368 562 520 588 sermonum
546 558 763 587 sufflationibus.
814 559 925 593 Reperire
946 559 1096 587 Macrobius
1160 561 1191 587 ad
1207 562 1316 589 iudices.
1351 577 1397 582 -—-
1434 563 1542 589 Circum
1559 573 1614 590 aras
1633 566 1704 591 mitti
1719 567 1842 599 solitum,
1863 576 1922 593 cum
1937 567 2057 595 inliceret
2077 572 2202 604 populum

49 596 152 629 satum·
172 605 199 629 1,
220 605 242 630 ς·
1116 606 1145 624 ιο
1160 597 1188 623 iu
1206 606 1265 623 cum
1289 598 1390 629 locum,
1407 598 1476 624 vnde
1495 608 1590 625 vocare
1614 601 1693 634 posset
1712 601 1744 628 ad
1766 603 1971 628 conuentionem
1997 606 2124 631 vocamis.
2158 621 2203 626 .—

11 658 15 669 ¹
86 638 96 658 1
112 638 471 663 LLECTAMENTVM,
497 632 516 658 i.
551 641 576 658 n.
612 630 690 666 Apul.
705 630 782 664 Apol.
808 638 834 663 p.
847 636 888 661 315
909 629 1094 658 Illeelamentis
1158 632 1274 659 Illiciuni
1292 642 1349 669 crgo
1368 633 1470 659 viderur
1489 636 1533 660 illa
1548 639 1632 669 prima
1652 641 1748 663 vocatio
1766 637 1800 663 ad
1818 638 2005 665 conueniendum
2025 642 2051 666 in
2073 642 2124 666 loco
2147 650 2205 675 quo·

10 671 16 705 J
49 673 148 703 eaptus.
191 668 415 695 Claud.Mamci·t.
428 668 460 694 de
473 668 534 694 Stat.
543 667 630 694 Aniiii.
650 675 674 698 2,
687 674 704 701 7
726 665 906 692 illectamenta
920 665 1094 694 fallaciarum.
1158 668 1222 699 clam,
1240 668 1302 695 vnde
1314 668 1400 694 deinde
1413 678 1470 695 voce
1479 674 1613 704 praeconii·
1626 674 1698 697 unius
1710 673 1743 698 ml
1755 673 1900 699 audiendum
1914 677 2000 701 vocari
2007 673 2111 711 postium
2149 677 2205 702 fir.

87 710 96 729 1
110 711 126 730 L
136 710 152 730 1.
162 710 178 730 Ε
189 709 205 730 C
215 710 236 729 Τ
251 710 268 728 ν
280 711 310 736 s,
345 703 399 730 vid.
426 711 435 729 1
447 710 465 729 L
476 710 510 729 L1
520 709 592 729 Cl-O.
1157 711 1208 730 mat
1222 704 1267 730 hoc
1284 704 1334 740 ipfi
1347 705 1434 730 Varro
1449 705 1532 739 paullo
1541 704 1597 740 post
1616 707 1632 732 Ι.
1645 716 1667 732 c.
1693 716 1717 741 p.
1731 710 1772 739 63,
1787 713 1817 737 28
1844 711 1933 742 Qiare
1953 719 2006 736 uon
2023 711 2060 737 est
2079 710 2203 744 dubium,

86 746 95 764 1
119 745 136 764 L
158 745 175 764 L
194 745 209 765 13
229 745 247 765 C
264 746 285 766 Τ
305 745 325 764 ν
346 747 359 766 s
372 759 380 771 ,
409 748 439 771 a,
469 747 523 765 uiii.
558 748 573 764 a
594 738 683 772 Lego,
713 737 744 765 is.
780 735 829 768 [ἐκ
843 735 998 775 α’νᾳγιζωιὸἐν]
1036 740 1093 764 Nori
1157 748 1217 766 cuin
1237 739 1276 774 (f.
1292 742 1339 775 leg.
1356 739 1439 773 quin)
1461 739 1509 766 hoc
1524 741 1646 768 inliciuni
1660 742 1707 774 sit,
1728 751 1787 768 cuni
1803 744 1903 770 circum
1921 754 2012 772 nun-os
2026 747 2096 779 itur,
2117 753 2144 772 vt
2158 756 2203 781 po-

43 772 138 801 IeHum
148 773 287 810 fignificat.
324 774 407 801 Ouid.
421 774 453 801 de
466 775 530 801 Arte
545 774 604 799 Am.
620 782 640 806 1,
655 775 706 806 465
727 772 753 799 Si
766 780 820 798 non
833 778 943 805 accipiet
959 772 1093 807 scriptum,
1114 781 1138 806 ις
1157 774 1233 808 pulus
1252 775 1387 802 inliciatur
1401 775 1432 801 ad
1447 775 1608 810 magistratus
1623 777 1789 812 conspectum
1799 798 1808 811 ,
1825 779 1896 814 quod
1909 782 1997 807 consul
2013 791 2108 808 vocare
2119 782 2203 816 potest

48 809 223 845 illee’tumque
242 810 376 843 remittet,
392 817 439 838 etc.
508 809 609 844 Stipula
629 808 718 836 illem
737 808 755 834 l.
770 816 801 840 30
818 805 843 845 §.
856 815 869 841 5
889 806 916 833 ff.
931 807 962 833 dc
975 809 1007 835 V.
1023 809 1046 834 S.
1074 813 1092 836 i.
1157 811 1185 837 iii
1204 820 1264 837 cum
1284 810 1389 843 locum,
1408 811 1477 837 vnde
1496 821 1548 839 vox
1566 813 1598 838 ad
1619 813 1826 841 conuentionein
1846 817 1963 842 vocantis
1980 817 2100 844 exaudiri
2121 818 2203 852 possit.

12 851 15 859 ,
46 845 156 872 nondum
172 844 282 872 collega·
1155 846 1281 882 Hinc-sua
1294 845 1375 878 haustt
1386 847 1490 879 Festus,
1510 848 1634 874 Inliciuni
1649 847 1765 883 dicitur,
1787 859 1846 876 cuni
1869 851 1980 885 populus
2000 854 2030 878 ad
2046 854 2204 880 concionem

85 886 382 914 1LLEGiTlMVS‚
407 889 440 913 a,
467 889 521 906 um.
559 880 619 907 Adi.
662 878 769 916 Legibus
791 877 910 914 aduersus
934 879 975 905 vel
991 882 1092 906 vetitus.
1155 881 1277 915 elicitur,
1296 881 1323 907 id
1337 881 1389 913 est,
1408 889 1526 909 vocatur.
1567 884 1693 911 Inliciuni
1711 893 1806 912 vocare
1827 886 1931 921 antiqui
1949 887 2071 915 dicebant
2089 889 2122 916 ad
2140 899 2203 916 eon·

48 916 176 943 Laudatus
194 915 226 949 est
245 927 260 943 a
274 917 416 943 Borrichiis
428 915 516 943 auHor
527 916 616 942 Valer.
629 916 741 942 Maxim.
754 923 779 947 2,
792 922 811 945 1,
824 924 842 945 3.
880 915 998 940 Ponemus
1014 917 1091 942 locum
1154 917 1259 943 cionem
1276 925 1378 943 vocare.

12 955 13 961 ¹
46 958 140 983 totum,
159 955 202 988 qui
220 955 247 978 in
268 954 369 987 optimis
387 952 518 987 quibusque
537 950 659 985 librisstc
677 953 785 987 legitur:
807 948 1011 989 Existimabam,
1030 960 1090 978 euin
1099 956 1135 974 20
1191 958 1277 978 iLLE
1288 959 1322 983 Χ,
1337 953 1402 986 egiS.
1437 952 1497 979 Adi.
1539 954 1574 980 Vt
1585 953 1677 986 Exlex‚
1695 958 1738 990 qui
1749 954 1800 988 line
1811 957 1863 992 Iege
1878 959 1953 983 uiuit.
1991 959 2201 994 CemficGram-

47 988 187 1022 praecipue
208 993 343 1014 matronae
361 986 458 1014 sincera
476 986 527 1013 tide
544 988 729 1021 incorruptum
749 985 797 1011 esse
816 992 950 1018 animum,
972 988 1019 1021 qui
1035 987 1090 1020 post
1153 990 1248 1014 matici.
1294 988 1366 1014 Non.
1383 996 1403 1019 1,
1418 996 1446 1020 33
1474 988 1539 1014 Illex
1557 995 1582 1015 et
1602 989 1681 1015 Exlex
1701 990 1750 1021 cst,
1770 992 1816 1025 qui
1836 992 1888 1017 line
1908 992 1966 1026 lege
1986 994 2073 1026 viuit,
2097 996 2201 1022 Plautus

48 1022 178 1057 depositae
196 1023 358 1057 virginitatis
371 1022 458 1049 cubile
476 1023 505 1049 in
520 1022 658 1057 publicum
678 1021 768 1056 egredi
787 1021 898 1047 nesciret
914 1031 921 1051 3
948 1022 1091 1049 multorum
1153 1024 1227 1049 Persa
1245 1025 1285 1054 (3,
1299 1032 1319 1054 3,
1333 1026 1369 1056 4)
1391 1025 1512 1058 Impure,
1527 1023 1680 1056 inhoneste,
1700 1025 1804 1060 iniure,
1816 1027 1898 1059 illex,
1911 1027 1982 1054 labes
1997 1030 2097 1064 populi.
2135 1032 2200 1057 Cac-

45 1059 282 1085 matrimoniorum
302 1058 493 1092 experientiam
518 1058 587 1092 quasi
606 1057 742 1091 legitimae
761 1056 897 1082 cuiusdam
917 1057 1090 1092 intemperaii-
1153 1058 1196 1084 cil.
1212 1059 1426 1092 Harpazomenu,
1453 1058 1528 1092 Qiid
1548 1068 1655 1091 narraS,
1675 1060 1801 1092 barbare,
1821 1070 1881 1088 cuiii
1906 1063 2044 1090 indomitis
2066 1066 2200 1100 moribus,

46 1094 99 1120 tiae
115 1093 214 1128 signum
229 1094 277 1120 esl'e
294 1092 437 1120 credentes.
490 1094 516 1120 Si
530 1103 610 1119 omnes
627 1093 688 1119 libri
700 1092 817 1119 haherent
836 1091 1007 1127 illegitimae,
1019 1094 1090 1129 faci·
1153 1094 1295 1120 illiteratae
1310 1095 1319 1120 3
1346 1095 1407 1120 illex
1424 1103 1459 1121 es.
1512 1094 1559 1122 Sed
1577 1095 1643 1130 apud
1654 1096 1769 1121 Plautum
1789 1096 1853 1122 illex
1875 1097 1904 1123 ab
1918 1097 2056 1126 illiciendo
2075 1108 2097 1126 ct
2113 1101 2201 1128 illece-

45 1129 95 1155 Iius
107 1128 218 1155 audirem
237 1132 365 1161 criticum,
386 1132 429 1164 qui
441 1135 534 1155 mutare
547 1128 610 1154 illud
622 1128 693 1154 vellet
712 1131 740 1154 in
758 1127 908 1161 legitimae:
934 1135 1028 1155 tannim
1049 1129 1090 1155 ab·
1108 1131 1139 1157 25
1153 1129 1208 1155 bris
1223 1130 1328 1155 len‘oniis
1341 1132 1427 1156 melias
1438 1129 1576 1156 deriuatur.
1621 1132 1652 1157 Iri
1670 1132 1721 1157 loco
1735 1131 1847 1158 Caecilii
1865 1132 1945 1158 eadem
1964 1138 2029 1161 ratio
2048 1134 2091 1167 est}
2104 1140 2200 1170 potuit,

43 1161 97 1196 est,
116 1170 144 1190 vl
158 1167 250 1190 mutari
269 1164 402 1198 legitimae
421 1168 449 1190 in
467 1164 622 1198 illegitimae
635 1167 742 1198 patiar,
764 1161 887 1198 quod“illi
915 1163 1026 1196 ἱέεγιιητ,
1047 1168 1090 1200 qui
1154 1167 1211 1192 Non
1226 1166 1328 1191 multum
1343 1168 1426 1200 itaque
1438 1165 1520 1191 tribuo
1532 1165 1707 1199 differentiae,
1726 1175 1798 1202 quam
1810 1171 1931 1208 prffonit
1944 1168 2017 1195 Non.
2031 1178 2043 1202 ς
2050 1165 2113 1202 ,101
2135 1172 2199 1198 Illix

11 1230 13 1234 Α
41 1207 141 1225 acumen
158 1209 207 1225 non
227 1200 408 1235 intelligerent,
428 1202 497 1226 cuius
507 1198 661 1233 simillimum
675 1197 707 1232 est
722 1198 784 1224 illud
798 1199 892 1225 Martia
907 1220 911 1223 .
924 1203 955 1232 6,
974 1208 991 1234 7
1013 1202 1088 1234 Qiae
1152 1206 1178 1227 et
1193 1200 1259 1226 Iilex
1274 1200 1324 1226 hoc
1338 1200 1536 1233 discernuntur,
1556 1201 1589 1227 ab
1603 1201 1741 1228 illiciendo
1756 1202 1834 1234 illix3
1861 1203 1924 1229 illex
1941 1212 2024 1239 vero,
2046 1214 2060 1230 a
2080 1215 2134 1240 quo
2155 1207 2199 1234 lex

10 1256 12 1266 ⁴
41 1233 121 1260 toties
134 1234 229 1267 nubit,
246 1244 298 1261 non
314 1235 399 1265 nubit,
414 1234 530 1261 adultera
543 1234 599 1268 lege
612 1234 657 1260 est.
694 1234 820 1261 Offendar
837 1235 946 1262 moecha
964 1235 1089 1270 simplici·
1152 1245 1205 1262 non
1220 1236 1346 1262 seruetur.
1382 1236 1485 1267 Festus,
1506 1236 1579 1262 Inlex
1599 1236 1726 1271 producta
1739 1238 1858 1272 sequenti
1874 1239 1970 1271 syllaba
1990 1239 2128 1275 significat,
2149 1243 2199 1276 qui

11 1277 13 1279 ·
43 1277 91 1296 ore
104 1269 200 1296 minus.
237 1271 370 1304 Legitima
388 1271 590 1305 intemperantia
607 1269 640 1303 2st
660 1271 768 1302 Valerio,
786 1280 849 1306 quae
868 1273 917 1307 lege
935 1275 1089 1298 matrimonii
1152 1271 1205 1306 legi
1220 1281 1274 1298 non
1292 1276 1373 1306 paret.
1409 1271 1483 1297 inlex
1498 1278 1617 1306 correpta
1636 1273 1757 1307 sequenti
1770 1273 1868 1305 syllaba
1885 1274 2012 1309 fignificat
2029 1276 2199 1305 induetorem

40 1307 138 1341 tegitur
158 1312 182 1330 et
202 1305 354 1340 dql'cnzsirur.
419 1316 421 1324 v
1107 1314 1139 1338 30
1153 1307 1185 1334 ab
1200 1307 1354 1333 inliciendo.
1395 1308 1454 1333 Vet.
1468 1307 1511 1333 Gl.
1525 1307 1614 1338 Inlex,
1631 1307 1780 1343 παράνομος,
1795 1307 1888 1342 ἄνομος.

11 1356 12 1360 ,
41 1359 44 1363 .
78 1347 89 1366 i
101 1342 308 1373 LLEPi'Dvs‚
324 1350 347 1371 a,
368 1350 422 1367 um.
459 1340 519 1367 Adi.
556 1341 704 1376 [ἐχαρίιις]
742 1342 772 1368 [η
788 1350 835 1376 quo
853 1342 919 1368 nihil
936 1343 1026 1377 leporis
1045 1341 1088 1375 est,
1188 1349 1319 1374 ιιιΕΧ,
1344 1343 1385 1369 vel
1405 1349 1441 1369 11,
1452 1348 1531 1373 iix,
1551 1344 1602 1377 (vt
1615 1343 1759 1378 quibusdam
1773 1346 1879 1379 placet)
1901 1345 1958 1373 icis.
1995 1350 2040 1382 qui
2050 1348 2137 1381 illicit,
2154 1351 2199 1384 que

32 1381 65 1403 ,et
76 1376 226 1412 elegantiae,
247 1384 270 1402 et
283 1383 333 1402 tam
346 1375 374 1401 dt
386 1376 490 1407 homine,
510 1386 580 1412 quam
594 1378 621 1402 ese
636 1381 746 1403 oratione
765 1376 868 1404 dicitur.
904 1377 985 1404 Plaut.
996 1378 1087 1404 Bacch.
1144 1378 1236 1414 facit,
1254 1377 1386 1405 blanditiis
1417 1377 1559 1412 rinstrtim,
1580 1385 1603 1404 et
1621 1380 1746 1415 voluptate
1761 1378 1922 1412 cfiendenda,
1940 1388 1969 1408 vt
1987 1383 2096 1409 hemines
2113 1387 2140 1409 in
2162 1385 2199 1410 la-

24 1419 107 1508 &3³
120 1420 132 1443 3
158 1412 327 1444 Inamabilis,
345 1411 470 1446 illepidus
485 1413 560 1438 viiio.
613 1413 669 1439 Cic.
685 1412 717 1438 de
732 1413 828 1440 Natur.
843 1414 923 1440 Deor.
939 1422 959 1445 3,
972 1421 1003 1447 72
1022 1423 1043 1439 e.
1054 1422 1087 1446 29
1151 1422 1234 1448 queos
1249 1414 1286 1448 (a
1300 1414 1383 1439 lacien
1404 1422 1420 1439 ο
1432 1411 1536 1448 dzHos)
1556 1414 1679 1441 incidant.
1721 1415 1783 1441 Vide
1795 1415 1864 1442 modo
1875 1415 1945 1443 dista
1962 1420 1988 1443 in
2008 1425 2113 1450 iLLkX,
2131 1420 2197 1454 egis.

19 1460 21 1467 1
58 1452 176 1473 arentem
189 1446 286 1473 habere
300 1456 426 1479 auarum,
446 1448 604 1481 illepidum,
621 1449 649 1474 in
664 1448 763 1474 liberos
788 1447 941 1475 Difficilem.
970 1459 999 1475 cx
1012 1451 1088 1475 Poe-‘ta
1150 1448 1192 1482 1:st
1207 1452 1288 1485 igitur
1301 1449 1365 1475 illex
1381 1448 1460 1480 idem,
1478 1449 1543 1484 quod
1555 1450 1687 1481 Illieium,
1703 1449 1920 1478 IlleOEiaiiientiim.
1974 1453 2056 1480 Plaut.
2073 1455 2151 1480 Poen.
2172 1464 2198 1488 3,

85 1484 150 1518 iquo.
223 1482 288 1509 Plin.
302 1483 380 1517 Epist.
398 1492 428 1515 3,
450 1492 466 1515 9
503 1483 567 1509 Inde
589 1483 690 1509 dmum
709 1492 764 1509 non
782 1483 924 1518 Illepiduin
943 1484 1085 1511 ferebatur.
1105 1488 1133 1514 33
1150 1494 1168 1517 4
1185 1493 1249 1511 extr.
1270 1485 1326 1518 Qui
1338 1484 1380 1511 illi
1394 1485 1476 1510 malae
1490 1484 1530 1510 rei
1545 1491 1630 1511 tantae
1644 1486 1744 1512 fuimus
1759 1486 1853 1512 illices.
1892 1489 1983 1523 Nempe
1998 1489 2063 1515 Illex
2077 1489 2110 1521 est
2122 1490 2196 1522 idam,

37 1517 156 1544 Deliciae
171 1517 295 1553 illepidae
309 1524 387 1553 atque
402 1518 560 1553 inelegantcs
575 1519 661 1544 Catul.
675 1521 699 1551 6,
713 1527 738 1545 2.
796 1520 949 1546 Scortilluin
962 1529 1016 1546 non
1029 1521 1086 1547 ille-
1148 1520 1214 1556 quod
1236 1521 1359 1552 illiciam,
1378 1521 1418 1547 vel
1438 1518 1641 1547 lHeHamerztum.
1695 1521 1761 1547 Illex
1782 1522 1866 1548 animi
1880 1523 1971 1549 Venus
1991 1525 2067 1558 Apul.
2081 1526 2197 1559 Apolog.

11 1568 13 1570 -
37 1553 148 1588 pidum,
162 1562 210 1580 nec
223 1554 390 1580 inuenustum
408 1553 481 1579 Ideni
501 1563 538 1586 ιο,
552 1563 577 1587 4.
613 1554 686 1590 Coris.
701 1554 771 1581 Gell.
785 1563 820 1587 13,
837 1563 876 1587 23.
1150 1566 1174 1590 p.
1188 1564 1246 1589 295,
1260 1566 1282 1589 7.
1341 1555 1493 1589 Voluptates
1513 1556 1630 1583 Lasiam.
1646 1565 1668 1588 7,
1682 1564 1723 1592 27,
1737 1565 1756 1583 1.
1829 1558 1936 1585 iuuene.
1952 1567 1977 1590 i,
1993 1562 2043 1594 687
2061 1560 2149 1586 Fallax
2164 1561 2198 1587 il-

73 1587 230 1615 ILLEPI'DE.
257 1589 324 1615 Adii.
360 1587 547 1623 [nixoeeafvrws]
584 1588 608 1615 h.
625 1599 643 1615 c.
657 1589 789 1616 iniucunde
803 1598 826 1616 et
839 1590 945 1625 inficere.
982 1591 1086 1618 Plin.in
1149 1592 1244 1626 lexque
1269 1590 1401 1618 malorum
1421 1591 1551 1618 Planities.
1621 1592 1701 1618 Tert.
1720 1592 1796 1626 Apol.
1817 1602 1848 1626 41
1876 1594 1933 1620 Vos
1954 1595 2086 1620 malorum
2102 1596 2195 1623 illices.

8 1653 11 1662 ι
37 1625 120 1659 praef.
140 1624 200 1650 Nee
213 1622 319 1650 Plancus
339 1623 462 1658 illepide,
483 1634 565 1659 quum
584 1625 716 1651 diceretur
729 1625 832 1652 Asinius
846 1625 933 1653 Pollio
951 1628 1086 1654 orationes
1150 1627 1223 1654 Idem
1243 1627 1275 1653 de
1291 1627 1390 1653 Poenit.
1405 1635 1421 1659 9
1446 1627 1683 1654 Conuersationem
1704 1628 1844 1661 iniungens
1867 1628 2066 1656 misericordiae
2085 1630 2196 1657 illicem.

8 1690 13 1693 ἢ
37 1660 68 1686 in
80 1668 141 1685 eum
156 1668 257 1693 parare,
277 1668 343 1695 quae
358 1659 390 1686 ab
404 1660 460 1695 ipso
473 1667 517 1686 aut
531 1660 623 1686 liberis
638 1660 693 1694 post
707 1668 820 1687 mortem
834 1661 922 1687 Planci
934 1661 1086 1696 ederentur,
1102 1671 1140 1696 40
1149 1663 1274 1697 Cyprian.
1288 1662 1320 1688 de
1334 1663 1396 1688 Zelo
1415 1668 1440 1688 et
1459 1663 1548 1689 liuore
1561 1669 1606 1698 pr.
1633 1662 1717 1689 Offert
1730 1663 1814 1689 oculis
1827 1664 1926 1689 formas
1939 1663 2033 1690 illices.
2107 1665 2196 1691 Illices

6 1696 11 1714 -’
37 1704 72 1721 ne
89 1695 248 1729 respondere
268 1696 364 1729 posset,
384 1696 453 1722 Cum
467 1698 580 1722 mortuis
593 1704 648 1722 non
664 1696 712 1722 nisi
725 1697 810 1722 laruas
823 1697 928 1723 luetati.
1000 1700 1086 1725 Crasse
1149 1698 1221 1725 oculi
1235 1698 1311 1732 Apul.
1326 1697 1401 1732 Apol.
1423 1707 1447 1731 p.
1461 1706 1513 1729 323,
1528 1706 1565 1730 ¹4-
1636 1697 1746 1724 Paullin.
1762 1698 1860 1724 Nolan.
1875 1698 1954 1732 Epist.
1975 1707 2006 1732 41
2030 1700 2078 1725 Pei-
2090 1700 2196 1734 gustum

10 1731 12 1735 ’
37 1736 63 1755 et
79 1729 186 1764 illepide
200 1730 374 1765 compositum
392 1731 495 1766 aliquid
512 1732 604 1758 Horat.
619 1732 697 1766 Epist.
713 1740 736 1763 2,
751 1741 771 1763 1,
783 1740 818 1766 77
845 1732 989 1766 Indignor,
1009 1734 1086 1768 quid-
1146 1734 1248 1759 illicem
1268 1733 1343 1767 gulae
1360 1732 1470 1758 morbus
1494 1731 1605 1765 irrepsit.
1677 1731 1799 1758 Prudeiit.
1819 1732 1906 1764 Psych.
1923 1741 1969 1765 3²9
2000 1734 2106 1761 Halitus
2129 1735 2196 1762 illex

36 1773 118 1799 quam
133 1765 308 1799 reprehendi,
327 1775 382 1792 non
396 1769 457 1801 quia
471 1768 547 1793 crasse
562 1767 736 1800 compositum
751 1767 894 1801 illepideue
906 1773 1024 1800 putetur,
1041 1768 1086 1795 sed
1147 1769 1260 1801 Inspirat
1279 1774 1400 1793 tenerum
1421 1765 1549 1793 labefacta
1567 1775 1616 1801 per
1634 1766 1685 1792 ossa
1705 1775 1846 1794 venenum.
1897 1769 1929 1794 Et
1948 1768 2006 1795 adu.
2024 1770 2121 1802 Symm.
2136 1779 2162 1803 2,
2176 1773 2196 1798 6

10 1811 11 1814 ¹
35 1800 100 1834 quia
113 1809 206 1834 nuper.
262 1801 329 1827 Gell.
342 1810 377 1832 iz,
394 1810 432 1834 14.
489 1803 554 1828 Non
566 1801 676 1835 illepide
691 1801 856 1828 existimatur
869 1801 936 1827 Plin.
951 1806 980 1833 8,
994 1811 1028 1834 5¹·
1147 1803 1235 1828 Corda
1255 1802 1328 1827 illice
1349 1801 1467 1827 fledleret
1486 1806 1550 1828 arte.
1748 1800 1768 1840 ff
1789 1811 1806 1829 2
1842 1802 1910 1829 Illex
1921 1824 1928 1836 ‚
1942 1804 1968 1839 s
1987 1805 2048 1831 lllix
2060 1806 2196 1841 speciatim

71 1840 82 1860 1
91 1842 108 1861 L
118 1841 134 1860 L
145 1842 161 1861 E
171 1843 189 1862 x
199 1855 207 1867 ‚
241 1836 296 1861 vid.
322 1843 330 1861 1
340 1843 355 1861 L
366 1837 381 1860 L
393 1843 402 1860 1
414 1842 431 1862 c
444 1843 452 1860 1
462 1843 491 1862 Ο.
1098 1844 1132 1870 45
1146 1839 1202 1862 auis
1220 1843 1338 1871 aucupum
1351 1836 1462 1869 dicitur,
1481 1845 1541 1872 quae
1554 1837 1620 1863 alias
1639 1836 1733 1870 illicit,
1753 1844 1777 1863 et
1789 1848 1804 1863 a
1818 1838 1920 1865 Graecis
1931 1847 2034 1866 vocatur
2046 1841 2194 1876 παλεότρια.

33 1872 37 1881 ’
71 1875 109 1895 Ii.
119 1875 136 1895 ι
148 1877 156 1895 1
168 1877 189 1896 Τ
199 1875 220 1895 Α
230 1876 245 1896 13
258 1877 267 1895 1
278 1877 293 1895 L
304 1876 314 1895 1
324 1876 351 1901 s,
370 1878 394 1897 e.
430 1870 491 1896 Adi.
527 1871 659 1905 Sapientia
674 1869 792 1896 Laetam.
807 1869 867 1897 Inst.
881 1878 911 1903 2,
927 1877 952 1905 7.
1146 1872 1206 1897 Huc
1217 1871 1298 1906 refert
1309 1871 1416 1899 Tarncb.
1430 1882 1472 1906 24,
1483 1879 1523 1904 38.
1557 1872 1624 1898 Plin.
1640 1881 1677 1904 10,
1691 1881 1716 1904 33
1737 1873 1836 1899 Contra
1849 1874 1954 1908 aucupis
1967 1875 2065 1901 illicem
2081 1884 2194 1904 exeunte

72 1912 83 1931 1
93 1911 108 1930 L
120 1911 137 1930 L
148 1912 157 1930 1
167 1911 182 1931 Β
194 1907 244 1931 ᾹΤ
255 1912 274 1930 ν
283 1911 316 1937 S,
338 1914 352 1931 a
365 1925 374 1938 ‚
403 1914 457 1931 um.
495 1906 556 1932 Adi.
593 1906 729 1940 [οἷμίοιντος
737 1925 746 1938 ,
764 1905 889 1940 ditaturos]
925 1905 992 1941 quast
1011 1905 1083 1933 dicas
1145 1907 1174 1934 in
1191 1907 1320 1941 praelium
1333 1907 1397 1932 duce
1412 1909 1494 1934 totius
1507 1908 1602 1941 gregis,
1656 1907 1703 1934 Sed
1713 1917 1801 1943 magno
1813 1909 1926 1944 constnfic
1938 1911 2013 1937 MSS.
2027 1918 2050 1937 ct
2062 1912 2135 1944 editi,
2152 1913 2193 1939 iii-

32 1938 171 1972 Intaffum,
188 1947 210 1966 et
224 1943 403 1975 incorruptum.
440 1941 500 1967 Liu.
512 1950 534 1973 3,
547 1944 564 1968 6
584 1941 720 1967 Illibatuiu
736 1942 889 1976 imperium.
925 1941 991 1968 Plin.
1007 1949 1045 1975 17,
1055 1949 1083 1976 17
1145 1942 1242 1968 dicem.
1297 1942 1379 1968 Plaut.
1393 1942 1461 1969 Asin.
1477 1951 1495 1975 1,
1510 1951 1533 1974 3,
1548 1945 1578 1972 68
1599 1941 1679 1968 Aedis
1697 1942 1774 1969 nobis
1795 1952 1854 1970 area
1866 1945 1916 1970 est:
1942 1954 2035 1980 auceps
2058 1948 2115 1973 sum
2127 1956 2193 1981 ego:

32 1977 72 2002 Vt
92 1975 198 2002 illibato
218 1976 331 2008 cortice,
351 1982 431 2010 atque
445 1982 473 2002 vt
492 1977 592 2003 secitura
611 1977 728 2003 inferior
745 1983 867 2011 ponatur.
920 1977 980 2002 Flos
994 1977 1082 2002 illiba·
1145 1978 1206 2003 Esca
1223 1977 1259 2003 est
1274 1977 1400 2003 meretrix
1416 1988 1422 2003 :
1453 1977 1535 2003 iectus
1553 1977 1614 2003 illix
1635 1978 1691 2003 est:
1724 1987 1853 2005 amatores
1870 1988 1942 2007 aues.
2127 1984 2158 2020 ἦ
2178 1992 2191 2016 3

33 2017 75 2039 tus
95 2011 188 2046 populi
202 2011 315 2037 Ennium
329 2010 417 2044 dediffle
426 2017 502 2045 putat
515 2012 581 2048 apud
594 2012 650 2038 Cic.
663 2012 736 2038 Brut.
750 2017 778 2044 58
802 2021 824 2038 e.
839 2019 862 2044 15
886 2011 1082 2037 mercelinum
1095 2018 1128 2044 50
1145 2012 1231 2038 Illices
1243 2032 1251 2044 ,
1266 2012 1291 2048 s.
1311 2012 1471 2048 vtscri'bitur
1484 2013 1535 2043 ibi,
1557 2013 1653 2039 Inlices
1672 2013 1739 2048 apud
1752 2014 1855 2040 Festum
1886 2023 1931 2041 unt
1950 2016 2061 2050 canales,
2081 2017 2109 2044 in
2124 2028 2192 2053 quoe

18 2053 79 2085 ¹pro
92 2049 159 2084 vulg.
173 2046 316 2079 delibatus,
332 2048 373 2073 vel
386 2046 520 2073 delibutus
533 2049 646 2074 aliorum.
716 2047 833 2074 Foedera
846 2047 900 2073 tori
912 2046 1016 2073 illibata
1029 2047 1082 2073 Lu-
1144 2056 1210 2082 aqua
1225 2048 1336 2074 confluit
1350 2049 1378 2074 in
1391 2048 1442 2074 viis
1457 2048 1543 2082 lapide
1556 2048 1651 2078 stratis,
1669 2049 1702 2074 ab
1717 2049 1848 2075 eliciendo
1880 2049 1936 2077 iffi.
1973 2051 2048 2078 Vnde
2061 2053 2192 2081 Colliciae

21 2087 88 2112 stan.
103 2091 126 2115 2,
140 2090 193 2116 341.
263 2082 385 2108 Libertas
404 2082 496 2109 lustin.
509 2088 548 2114 28,
561 2093 589 2117 4,
603 2092 626 2109 π.
655 2088 678 2108 et
691 2091 731 2115 32,
747 2092 764 2114 ι,
777 2091 799 2109 2.
859 2081 1017 2116 Magnitudo
1035 2083 1080 2108 Pa·
1144 2084 1263 2117 tegulae,
1283 2092 1330 2117 pei·
1346 2092 1409 2117 quas
1422 2092 1489 2117 aqua
1509 2083 1537 2109 in
1552 2092 1596 2109 vas
1610 2083 1727 2109 detinere
1741 2084 1832 2118 potest.
1879 2087 1930 2112 Pro
1945 2095 1989 2112 vas
2008 2089 2058 2124 legi
2071 2091 2126 2115 vult
2137 2091 2192 2116 Da-

33 2123 95 2150 terc.
110 2127 133 2150 2,
148 2123 190 2151 48,
205 2126 229 2144 2.
302 2117 396 2144 Robur
409 2117 526 2144 hominis
540 2118 675 2145 illibatum
690 2118 796 2144 Colum.
810 2126 846 2150 12,
860 2126 879 2144 1.
935 2117 1081 2151 Virginitas
1142 2121 1224 2144 cerius
1237 2119 1302 2144 viaS.
1339 2117 1387 2145 Sed
1403 2119 1448 2144 hoc
1455 2117 1606 2152 potest-fieri
1622 2125 1667 2153 per
1682 2128 1763 2145 omues
1775 2121 1870 2156 tegulas
1882 2132 1890 2146 .·
1915 2123 1975 2148 vase
1995 2131 2024 2149 vt
2042 2126 2193 2160 excipiatur,

8 2154 19 2165 ³¹
59 2153 93 2180 al.
107 2155 180 2180 Max.
195 2156 222 2184 6,
237 2161 257 2185 1,
269 2162 296 2186 4.
354 2154 489 2188 Integrum
502 2159 528 2180 et
541 2154 675 2180 illibatum
686 2153 746 2179 Col.
759 2162 782 2185 3,
797 2162 834 2179 10.
1090 2170 1105 2173 >
1143 2159 1203 2187 opus
1215 2151 1249 2184 est
1261 2153 1466 2187 conucrgentibus
1478 2154 1554 2185 loc-it,
1575 2160 1598 2179 et
1613 2156 1681 2180 cauis
1694 2157 1792 2190 tegulis.

67 2195 103 2216 11.
115 2196 130 2215 L
141 2196 149 2214 1
161 2196 176 2216 Β
187 2195 203 2215 Ε
218 2195 237 2214 R
247 2190 271 2215 A·
278 2196 294 2215 L
305 2196 314 2215 1
324 2196 353 2221 s,
381 2198 404 2215 e.
440 2189 500 2215 Adi.
538 2190 551 2223 [
559 2188 736 2223 ἐναλεύθερος]
781 2190 839 2213 Non
861 2186 1008 2221 munificus,
1038 2189 1081 2220 qui
1099 2190 1128 2215 55
1180 2194 1190 2213 1
1199 2194 1216 2213 L
1226 2193 1260 2212 ιι
1269 2193 1286 2214 c
1297 2194 1336 2213 1T
1345 2194 1366 2213 A
1375 2193 1396 2213 ‘r
1406 2194 1424 2213 ο
1435 2194 1469 2220 R,
1487 2187 1514 2221 s.
1533 2195 1564 2215 vt
1576 2189 1612 2215 ibi
1624 2189 1761 2226 scribitur,
1781 2191 1931 2219 Inlicitator
1943 2193 2010 2228 apud
2020 2193 2125 2221 Festum
2138 2202 2192 2223 em-

79 2231 120 2251 tra
133 2228 204 2261 agit,
226 2233 255 2250 ac
269 2225 371 2251 liberum
390 2225 510 2250 hominem
524 2225 600 2250 decet.
638 2224 693 2250 Cic.
708 2224 780 2249 Fam.
796 2231 829 2253 13,
844 2228 853 2246 1
879 2222 943 2248 Non
957 2227 982 2247 te
996 2222 1023 2246 in
1037 2229 1081 2246 me
1143 2226 1187 2249 tor
1200 2220 1250 2254 est,
1274 2232 1289 2248 α
1306 2222 1434 2249 licitando
1447 2222 1540 2250 diffus.
2085 2228 2088 2229 ’

4 2258 9 2299 Ἰ
24 2286 27 2291 ,
55 2260 122 2286 liber
167 2270 208 2292 ιιι,
227 2260 271 2285 sed
284 2268 325 2285 nie
342 2260 369 2285 in
383 2260 410 2285 se
423 2259 599 2293 negligentem
618 2257 730 2292 putabit.
800 2256 928 2289 Facinus,
948 2256 1081 2293 indignum
1179 2264 1214 2284 11.
1224 2264 1259 2293 LI
1269 2263 1286 2284 C
1296 2256 1389 2285 fTVS
1399 2278 1408 2290 ,
1427 2267 1450 2290 a,
1472 2268 1526 2285 uiii.
1561 2258 1622 2285 Adi.
1658 2259 1812 2293 [desua-05,
1830 2260 1965 2297 ἐθεσμός]
2002 2265 2039 2289 Ex
2051 2265 2090 2297 In,
2109 2271 2134 2292 et
2146 2266 2193 2292 Li-

8 2321 9 2327 ,
29 2261 214 2356 Βοηιίιιιξὰενο
226 2295 294 2321 Ter.
309 2294 420 2328 Adelph.
433 2303 456 2325 3,
469 2303 497 2326 4,
510 2302 533 2326 3.
605 2294 699 2325 Iocus,
720 2290 879 2325 Inhomflus,
898 2302 946 2319 non
960 2295 1082 2328 ingenuus
1142 2293 1209 2319 citus
1222 2293 1373 2328 compositum·
1380 2304 1393 2324 ;
1419 2295 1493 2329 ν(ζιιοιί
1504 2304 1552 2321 non
1566 2296 1639 2327 licet,
1658 2301 1688 2320 et*
1694 2295 1809 2321 indecens
1820 2294 1862 2328 ist.
1899 2298 1954 2324 Cic.
1969 2307 2018 2332 pro
2031 2299 2134 2328 Cluent.
2147 2310 2193 2334 130

7 2357 9 2363 ,
31 2330 119 2357 Cic.O
151 2340 170 2356 c.
186 2339 205 2360 1,
218 2337 266 2363 104
286 2339 308 2355 c.
324 2338 366 2360 29.
426 2328 532 2362 Labor,
552 2328 674 2356 Sordidus
693 2328 767 2355 Ideni
786 2328 817 2354 de
831 2328 889 2354 Fin.
906 2337 924 2359 1,
937 2337 959 2360 3.
995 2330 1081 2361 Quae·
1143 2328 1281 2364 Incognita
1299 2331 1374 2355 causa
1390 2331 1530 2363 probatum
1549 2329 1615 2356 illud
1630 2336 1699 2362 erat,
1719 2331 1920 2359 multitudinem
1937 2333 2063 2361 illicitum
2076 2336 2113 2362 est
2130 2345 2193 2363 con-

29 2365 82 2392 stus
98 2365 241 2392 illiberales
255 2370 280 2390 et
295 2363 396 2391 sordidi
412 2364 467 2391 Cic.
482 2365 534 2391 Off.
551 2373 571 2396 1,
586 2373 629 2397 130
650 2374 672 2390 c.
687 2372 731 2396 42.
802 2364 852 2389 Res
870 2364 902 2390 ad
923 2365 1080 2397 cognoscen-
1097 2366 1132 2391 60
1142 2364 1271 2391 tradicere
1285 2375 1290 2390 ε
1318 2374 1396 2391 nenio
1415 2365 1531 2400 denique
1550 2371 1578 2392 vt
1598 2365 1751 2392 defenderet
1769 2368 1930 2395 contrariam
1949 2376 2066 2404 partem,
2086 2371 2203 2399 labora-⁴

8 2416 9 2424 ι
30 2400 93 2428 dum
107 2410 162 2428 non
175 2400 331 2431 illiberalis,
352 2409 401 2425 non
413 2400 520 2435 indigna
539 2399 613 2425 Idem
630 2399 663 2425 de
677 2400 751 2426 Orat.
765 2408 785 2431 1,
800 2401 857 2433 146.
929 2399 994 2425 Plin.
1006 2408 1050 2432 19,
1064 2406 1078 2432 ς
1141 2399 1195 2426 bat.
1251 2400 1325 2426 Tori
1344 2402 1440 2431 Lucan.
1454 2410 1497 2432 10,
1518 2402 1562 2435 76.
1633 2401 1675 2426 Ire
1695 2410 1740 2435 per
1754 2402 1880 2430 illicitum
1899 2404 1960 2431 Stat.
1976 2405 2067 2432 Theb.
2087 2415 2114 2440 1,
2132 2416 2191 2441 223.

31 2437 51 2464 ἰ.
64 2439 107 2470 26,
122 2446 131 2464 1
152 2436 181 2462 de
193 2436 331 2470 raphanis,
352 2436 383 2460 Et
396 2435 437 2460 vis
450 2437 519 2461 mira
537 2434 681 2469 colligendi
700 2435 841 2469 spii-itum,
861 2433 1020 2470 laxandique
1034 2444 1077 2462 ru·
1140 2436 1231 2462 Venus
1252 2434 1325 2461 Ideni
1339 2435 1430 2462 Theb.
1446 2442 1468 2465 8.
1482 2439 1526 2469 96.
1580 2436 1643 2462 Vias
1657 2442 1758 2463 tentare
1771 2438 1966 2473 Valer.Argon.
1979 2449 2000 2472 1,
2015 2449 2070 2476 197.
2143 2444 2190 2471 Su.

26 2471 122 2500 filum:
151 2473 187 2498 Ob
201 2472 229 2497 id
243 2470 317 2496 Cibus
332 2469 481 2496 fflibesfllis·
1133 2472 1200 2506 peri.
1238 2471 1376 2505 Augustin.
1395 2471 1475 2507 Epist.
1499 2479 1552 2499 202
1588 2472 1655 2498 Rem
1675 2472 1865 2500 illicitiffimam
1887 2481 1966 2510 atque
1985 2476 2188 2511 indigniffimam

6 2520 8 2522 ·
33 2519 36 2524 ·
66 2504 303 2535 1LL13ERALi
313 2511 400 2536 TAS,
420 2506 478 2532 atis.
510 2500 530 2532 f.
567 2504 761 2539 [ἐνελευθιρία]
796 2504 852 2532 Cic.
867 2505 919 2531 Off.
932 2514 956 2536 2,
970 2512 1007 2540 77
1027 2505 1075 2532 Sed
1139 2505 1292 2541 prohibere.

16 2532 81 2576 (ita,
101 2548 131 2569 vt
144 2541 331 2568 illiberalitatis
345 2541 527 2576 auaritiaeque
539 2540 603 2567 absit
619 2541 739 2575 suspicio.
796 2540 835 2567 Id.
850 2541 902 2567 Ait.
918 2546 946 2572 8,
959 2543 975 2567 6
1000 2541 1074 2568 Malo
1089 2542 1122 2574 65
1177 2543 1369 2569 1LL1C'1'TE.
1406 2541 1474 2568 Adii.
1510 2541 1571 2577 le.
1590 2541 1620 2568 in
1635 2542 1654 2568 l.
1667 2541 1866 2571 fideicommissa
1887 2543 1911 2581 §.
1931 2544 1950 2572 si
1964 2546 2024 2580 quis
2037 2546 2133 2574 illicite
2151 2548 2185 2576 D.

29 2578 147 2606 Tironis
161 2576 350 2604 verecundiam
363 2577 391 2603 in
404 2576 478 2611 culpa
491 2577 555 2608 esse,
571 2585 651 2611 quani
664 2576 873 2603 illiberalitatem
885 2576 971 2603 Curii.
1137 2577 1170 2604 de
1183 2578 1275 2611 legatis
1294 2584 1319 2604 et
1331 2576 1535 2603 fideicommiffis
1552 2585 1574 2609 3.
1629 2579 1705 2606 Varr.
1719 2578 1750 2606 L.
1764 2580 1794 2606 L.
1808 2587 1832 2614 5,
1844 2589 1863 2614 9
1883 2587 1949 2608 extr.
1974 2581 2071 2609 illicite
2089 2583 2187 2612 illexit.

66 2622 76 2641 1
85 2621 102 2640 L
111 2621 127 2640 L
137 2620 146 2638 1
156 2619 172 2639 Β
180 2619 196 2639 E
205 2619 223 2638 R
233 2620 255 2639 Α
265 2619 280 2638 ι
289 2613 327 2638 '1'T
337 2619 379 2639 ER
388 2632 394 2638 .
431 2612 500 2638 Adu.
542 2613 554 2646 [
568 2612 726 2647 ἀνελευθέρως
738 2613 750 2646 ]
787 2614 805 2638 i.
827 2613 933 2638 Minime
952 2611 1075 2648 generose,
1135 2612 1203 2640 Add.
1217 2613 1296 2639 Tert.
1310 2613 1370 2639 adu.
1383 2614 1465 2639 Marc.
1479 2621 1513 2644 4,
1526 2620 1567 2647 34.Ι

28 2650 199 2679 inclementer,
216 2647 283 2673 haud
293 2647 368 2675 reste.
404 2648 473 2674 Ter.
489 2647 565 2673 Adel.
577 2656 605 2680 4,
620 2655 642 2682 ς,
655 2656 686 2679 30
711 2647 821 2674 Ριιὰἲιιηι
839 2656 853 2673 a
867 2647 944 2673 vobis
962 2647 1075 2678 duriter,
1175 2653 1210 2672 IL
1220 2654 1236 2674 L
1246 2654 1254 2672 1
1264 2653 1280 2673 C
1291 2655 1300 2673 1
1311 2654 1375 2674 To.
1413 2647 1489 2674 Idem.
1527 2647 1659 2675 Ammian.
1678 2654 1726 2683 28,
1762 2669 1769 2676 .
1805 2671 1813 2678 .

27 2683 333 2718 immisericorditerque
349 2694 355 2709 ε
380 2688 459 2717 atque
473 2684 552 2709 etiam
561 2701 570 2714 ,
585 2682 602 2708 si
618 2682 652 2708 est
665 2688 738 2716 pater
751 2681 891 2708 dicendum
905 2682 987 2715 inagis
1000 2690 1075 2715 aper·
1175 2688 1211 2708 1L
1222 2689 1238 2708 L
1251 2689 1340 2710 ICEN
1349 2690 1370 2709 T
1380 2690 1389 2708 1
1399 2690 1417 2710 o
1428 2691 1441 2710 s
1451 2691 1470 2709 V
1479 2690 1492 2710 S
1501 2702 1509 2715 ,
1529 2692 1553 2715 a,
1570 2692 1624 2710 um.
1660 2684 1721 2711 Adi.
1757 2686 1835 2720 Apul.
1848 2686 1935 2714 Miles.
1950 2696 1962 2713 2
1983 2697 2008 2723 p.
2024 2698 2076 2723 123,
2090 2697 2122 2722 30
2140 2691 2185 2718 Iri-
2208 2706 2209 2710 =

29 2725 73 2752 te,
92 2719 270 2746 illiberaliter.
340 2718 413 2744 Idem
428 2718 534 2744 Phorm.
548 2726 574 2749 2,
589 2726 609 2749 3,
623 2726 659 2750 24
678 2718 765 2750 Qiain
780 2717 801 2742 is
819 2726 886 2743 nunc
904 2717 1075 2751 adspernatur
1089 2728 1126 2755 70
1138 2723 1178 2744 ter
1193 2717 1256 2744 haec
1276 2727 1322 2752 per
1341 2719 1498 2745 conuiuium
1517 2718 1691 2746 illicentiosus
1711 2721 1851 2748 cachinnus
1871 2723 2024 2751 effunditur.
2077 2726 2143 2753 Prie.
2158 2736 2185 2761 p.

27 2760 83 2781 tani
101 2754 279 2781 illiberaliter.
322 2754 370 2779 Vbi
383 2754 501 2780 Donatus
516 2764 520 2779 :
547 2752 623 2787 Apud
638 2758 739 2778 veteres
760 2752 934 2779 Illiberaliter
952 2751 1074 2778 dicebant
1136 2759 1199 2786 34,8
1218 2753 1383 2780 Licentiosus
1396 2757 1507 2780 coniicit.
1542 2756 1592 2790 Ego
1607 2755 1700 2782 mallem
1712 2759 1740 2783 in
1753 2756 1812 2784 bono
1825 2758 1888 2785 libro
1902 2762 2014 2787 inuenire
2027 2761 2186 2789 conuiuium

27 2789 128 2817 saelum
139 2810 147 2823 ,
168 2790 185 2816 si
201 2791 259 2824 quis
277 2789 411 2816 exceffiffet
426 2798 505 2815 omne
525 2797 606 2823 genus
619 2788 751 2814 maleficii.
788 2790 826 2816 At
847 2788 898 2824 ipse
912 2787 1012 2814 videtur
1027 2797 1075 2814 mo·
1136 2789 1165 2815 in
1178 2789 1329 2816 licentiosos
1345 2789 1485 2816 cachinnos
1498 2789 1653 2817 effunditur.

28 2825 87 2852 dum
100 2826 226 2857 excedere,
245 2825 416 2851 illiberaliter
431 2824 464 2857 2st
472 2824 591 2860 Jbrdide,
609 2824 753 2856 humiliter,
772 2823 837 2859 quod
849 2834 895 2850 non
908 2822 1031 2858 exspffles
1045 2823 1074 2849 ab
1173 2828 1323 2858 iLLiDO,
1354 2825 1387 2856 si,
1417 2826 1473 2851 sum
1483 2846 1492 2859 ,
1513 2828 1567 2853 ἓῑε.
1604 2825 1788 2862 [προσέῗιίλλω,
1805 2829 1981 2865 πρασαρσὲσσω]
2029 2831 2183 2869 [liftingere.

29 2861 125 2889 homine
138 2861 275 2887 liberaliter
292 2867 350 2886 nato
365 2860 520 2896 educataque.
572 2859 629 2886 Cic.
644 2860 697 2885 Att.
712 2862 756 2892 16,
769 2868 780 2890 3
806 2860 844 2886 De
857 2860 965 2886 Xenone
986 2867 1075 2886 coram
1137 2860 1192 2886 Cic.
1206 2859 1238 2886 de
1251 2861 1344 2895 Arusp.
1358 2861 1433 2895 Resp.
1448 2869 1476 2894 33
1496 2870 1518 2888 c.
1531 2868 1562 2894 ας
1582 2862 1639 2888 Iam
1652 2862 1698 2889 ista
1712 2864 1815 2898 serpens
1829 2871 1855 2891 et
1868 2867 2007 2901 compressa
2020 2863 2099 2902 at'que
2114 2869 2184 2895 illisa

29 2897 184 2931 cognoscam
199 2907 204 2922 ε
232 2905 382 2930 quanquam
397 2896 465 2922 nihil
484 2895 517 2922 ab
531 2904 563 2922 eo
581 2894 713 2927 arbitror,
731 2904 817 2930 neque
832 2895 1013 2930 indiligenter,
1030 2904 1075 2921 iie-
1093 2903 1125 2930 75
1138 2896 1262 2922 moritur.
1319 2897 1404 2929 Caput
1423 2897 1540 2924 illideret
1559 2897 1665 2924 foribus
1683 2899 1752 2925 Suet.
1765 2900 1815 2927 Iul.
1829 2909 1872 2933 23,
1885 2910 1912 2934 4.
1984 2903 2088 2930 Caestus
2102 2902 2183 2930 duros

15 2932 22 2964 ’Δ
34 2941 80 2959 ue
98 2931 277 2959 illiberaliter.
314 2932 388 2967 Conf.
404 2933 456 2958 Att.
472 2940 499 2964 4,
513 2940 538 2958 2.
1137 2931 1212 2957 illisit
1231 2931 1260 2957 in
1274 2932 1325 2958 ossa
1339 2932 1437 2966 Virgil.
1451 2933 1515 2959 Aen.
1529 2940 1550 2965 ς,
1563 2938 1624 2966 480.
1676 2935 1744 2961 Hor.
1757 2935 1839 2962 Serm.
1854 2944 1880 2969 2,
1895 2945 1915 2968 1,
1927 2943 1963 2972 77
1998 2953 2044 2958 —
2079 2939 2111 2965 Et
2130 2939 2184 2966 fra·

16 2975 26 3001 ,¹
67 2976 77 2994 1
91 2975 176 2995 ιιιΒ
187 2967 250 2993 fini
262 2974 293 2999 s,
313 2975 336 2992 e.
374 2966 435 2994 Adi.
472 2965 625 3000 Orbus‚fine
636 2965 731 2993 liberis.
767 2966 795 2993 Si
806 2966 889 2993 frater
904 2965 1019 2993 illiberis
1033 2965 1077 2993 de·
1137 2967 1186 3001 gili
1205 2976 1331 3001 quaerens
1353 2967 1458 2994 illidere
1478 2967 1591 2994 Dentem
1632 2970 1751 2996 Offendit
1769 2970 1863 2998 solido.
1957 2973 2053 3000 Dentes
2074 2973 2182 3001 illidere

18 3004 130 3037 *cesserit
147 3002 266 3030 Tertull.
280 3002 340 3028 adu.
353 3004 436 3029 Marc.
451 3011 483 3035 4,
502 3011 542 3036 34.
1137 3002 1240 3030 labellis
1259 3003 1364 3029 Lucret.
1379 3012 1407 3035 4,
1428 3011 1494 3036 1073.
1567 3004 1674 3031 Fluctus
1691 3006 1833 3033 illiduntur
1852 3007 1928 3034 litori
1949 3008 2139 3041 Qiiii&il.s10,
2157 3018 2180 3042 3.

31 3043 37 3050 ⁶
65 3046 127 3065 1LL
139 3037 291 3070 113ιῖ1113,
317 3039 348 3064 is.
385 3039 405 3065 f.
442 3036 610 3073 [Ἰλλιίέἐρίς]
646 3038 749 3064 Ciuitas
768 3037 804 3064 est
821 3036 1000 3064 Narbonensis
1014 3039 1076 3064 Pro-
1137 3038 1361 3074 Funale=densum
1380 3038 1453 3065 illisit
1472 3039 1556 3066 fronti
1576 3040 1704 3074 Lapithae
1722 3042 1804 3068 Ouid.
1822 3044 1886 3069 Met.
1906 3052 1950 3075 η,
1971 3052 2028 3076 250.
2122 3046 2180 3071 Cic.

26 3074 149 3106 vinciae,
169 3081 198 3100 ot
210 3075 235 3100 P.
251 3074 320 3100 Mela
333 3083 355 3106 2,
369 3081 382 3107 ς
396 3074 504 3109 stribit,
531 3080 554 3100 et
567 3074 634 3101 Plin.
648 3082 672 3106 3,
684 3082 703 3106 4
728 3075 855 3108 Magnae,
873 3077 971 3109 inquit,
991 3083 1075 3109 quon·
1091 3077 1123 3103 80
1136 3074 1219 3100 Tusc.
1234 3083 1246 3106 3
1256 3094 1264 3106 ,
1279 3076 1314 3108 76
1340 3073 1476 3108 Siquidem
1489 3075 1536 3108 qui
1551 3077 1732 3110 tempestiuam
1747 3076 1906 3104 medicinam
1919 3079 2077 3111 admonens,
2113 3080 2179 3106 Non

31 3109 91 3137 dam
105 3109 179 3135 vrbis
197 3116 276 3136 tenue
295 3109 436 3145 vestigium
453 3109 577 3136 illiberis.
647 3109 779 3142 Iluberis,
798 3110 899 3136 Ptolem.
913 3119 936 3141 2,
949 3120 976 3136 10
1001 3112 1075 3136 etiam
1135 3111 1319 3144 aggrauescens
1332 3109 1426 3136 vulnus
1437 3129 1444 3142 ,
1460 3109 1546 3137 illidat
1558 3112 1659 3138 Manus.
1731 3113 1797 3139 Plin.
1811 3123 1834 3146 9,
1849 3115 1866 3138 6
1884 3114 1984 3140 Contra
1999 3123 2077 3141 orcae
2088 3124 2180 3142 oecur-

34 3142 196 3180 TeHosagum
221 3147 320 3172 ciuitas.
1134 3154 1194 3171 rere
1215 3145 1347 3179 laborant,
1368 3146 1473 3179 seseque
1494 3155 1638 3181 opponere,
1658 3153 1684 3174 et
1704 3148 1819 3174 cautium
1837 3148 1961 3182 angustiis
1980 3150 2130 3181 trucidare,
2149 3151 2179 3178 in

67 3187 78 3206 1
88 3187 105 3206 L
115 3187 131 3206 L
141 3186 198 3206 ICE
207 3186 228 3205 T
237 3199 244 3210 ‚
277 3181 332 3208 vid.
359 3188 369 3207 Ι
379 3187 395 3206 L
405 3189 414 3207 1
423 3188 440 3208 C
449 3189 464 3208 Ε
475 3187 505 3208 Τ.
1137 3180 1203 3207 vada
1217 3190 1328 3215 vrgere,
1346 3181 1417 3207 Saxis
1431 3181 1545 3208 illidere.

7 3243 9 3249 ¹
67 3221 239 3247 1LL1C10,
264 3216 322 3247 exi,
347 3216 452 3249 cetum,
478 3220 531 3244 ere.
565 3215 684 3251 [in-alym,
704 3214 827 3252 δελιάξω]
871 3216 931 3242 Plus
949 3214 983 3249 est
1001 3224 1073 3251 quam
1179 3221 1350 3249 ILLisvs,
1371 3226 1394 3248 a,
1414 3226 1468 3244 uni.
1506 3218 1598 3244 Partic.
1635 3217 1733 3252 Virgil.
1751 3218 1816 3244 Aen.
1840 3220 1871 3249 6,
1893 3220 1942 3246 206
1976 3233 2022 3241 —-
2056 3220 2179 3257 illisaque

7 3254 10 3271 l
30 3251 162 3284 Allicoee,
181 3248 243 3275 idem
257 3250 332 3285 fere,
352 3252 416 3287 quod
429 3253 559 3285 Pellicere,
578 3259 661 3288 nempe
679 3253 707 3278 in
725 3252 848 3287 laqueos,
872 3258 915 3277 aut
934 3251 1071 3286 decipulam
1090 3255 1119 3284 85
1133 3261 1214 3286 prora
1232 3252 1364 3288 pependit.
1460 3254 1583 3289 Aequora
1601 3253 1670 3279 illisa
1689 3254 1801 3288 scopulis
1824 3254 1863 3280 Id.
1879 3255 1976 3289 Georg.
1991 3264 2020 3288 3,
2038 3258 2088 3282 261.
2124 3258 2178 3285 vid.

31 3285 177 3319 {tandit-ndo
190 3286 344 3320 pertrahere.
382 3289 450 3315 Ter.
465 3289 546 3315 Andr.
559 3296 587 3321 ς,
601 3297 630 3321 4,
645 3293 659 3318 8
683 3288 764 3315 Tunc
784 3287 827 3315 hic
847 3286 1071 3314 homints'adole-
1125 3288 1216 3325 fiaepra.
1287 3288 1368 3315 Plaut.
1382 3288 1478 3323 Amph.
1516 3309 1522 3315 .
1559 3307 1566 3314 .
1606 3308 1612 3314 .
1649 3290 1776 3315 Coiicisus
1796 3290 1906 3325 pugnis,
1925 3290 1997 3317 illisis
2012 3291 2142 3319 dentibus.

26 3322 176 3353 'scentulos,
196 3321 334 3355 imperitos
345 3331 445 3357 rerum,
463 3324 571 3351 eductos
587 3324 684 3355 libere,
699 3324 728 3350 in
743 3323 861 3350 fraudem
876 3323 976 3349 illicis?
1018 3323 1072 3349 Do-
1170 3330 1179 3349 1
1192 3331 1207 3350 L
1220 3326 1274 3351 Lis
1286 3330 1307 3349 v
1318 3331 1348 3356 S,
1367 3324 1406 3350 sis.
1426 3333 1462 3350 ni.
1489 3322 1642 3358 [aefovCoki‚
1657 3324 1819 3360 ηρεσοέραξις]
1853 3325 1919 3352 Plin.
1933 3334 1977 3360 27,
1990 3331 2003 3356 8
2029 3327 2104 3354 Illisu
2121 3329 2178 3363 ipso

36 3358 107 3391 'uatus
121 3367 174 3384 cum
189 3359 260 3383 verbo
275 3356 363 3390 Illigas
374 3367 507 3395 comparat.
557 3361 588 3386 Et
599 3359 729 3395 fiaentfizne
745 3367 850 3396 cognata
865 3359 959 3391 licere,
979 3358 1071 3392 ligare,
1132 3360 1300 3394 repercuffus.
1337 3360 1381 3387 Sil,
1399 3367 1435 3394 17,
1449 3367 1495 3392 250
1513 3359 1636 3394 Aequora
1651 3360 1757 3395 surgunt
1792 3361 1914 3395 Spumea,
1931 3368 1957 3389 et
1970 3362 2043 3389 illisu
2056 3364 2178 3399 scopulus

34 3389 135 3431 quuei,
156 3400 201 3419 etc.
258 3392 338 3418 Plaut.
353 3393 433 3421 Milit.
448 3403 471 3428 ς,
483 3405 519 3430 42
538 3396 563 3422 Is
577 3404 620 3421 me
634 3395 681 3421 hac
695 3395 779 3422 illexit
793 3394 895 3422 fraude.
965 3394 1070 3420 Illicere
1132 3395 1223 3422 tremit
1240 3395 1327 3422 omnis
1338 3404 1476 3430 aquarum.

33 3427 151 3455 ciuitates
168 3427 259 3454 dubias
275 3427 365 3453 Iustin.
378 3436 411 3460 31,
423 3432 454 3460 6,
468 3440 494 3464 4.
560 3431 642 3458 Plaut.
655 3430 725 3458 Asin.
746 3440 767 3464 ι,
788 3439 811 3463 3,
827 3439 859 3464 54
885 3430 971 3456 Aliam
990 3436 1069 3464 atque
1081 3434 1117 3461 90
1171 3438 1207 3458 ιι
1218 3438 1251 3457 Li
1262 3437 1323 3458 s10
1335 3451 1342 3463 ,
1362 3431 1428 3457 onis.
1459 3431 1478 3456 f.
1513 3430 1591 3457 Hier.
1606 3430 1685 3465 Epist.
1701 3437 1726 3460 18
1745 3431 1778 3458 ad
1791 3430 1962 3465 Marcellam,
1989 3432 2076 3461 Nauis
2089 3435 2178 3462 nostra

7 3475 9 3489 1
33 3464 98 3498 olim
114 3473 195 3498 quum
209 3462 336 3489 illiciebiss
350 3462 444 3490 blande
461 3466 493 3492 ad
508 3473 550 3498 te,
569 3466 705 3494 benedice.
799 3467 884 3498 Caue,
902 3475 934 3492 ne
950 3465 1070 3492 illiciaris
1133 3467 1303 3501 scopulorum
1316 3465 1477 3493 illisionibus
1491 3467 1642 3500 perturbata
1654 3466 1698 3492 est.

6 3497 137 3533 l*Lucren
150 3509 178 3533 4,
194 3506 270 3538 1133ἰ
298 3533 303 3538 ⁴
324 3498 388 3538 Cic.
404 3499 436 3525 de
450 3501 554 3529 Ainicit.
569 3510 601 3536 50
620 3512 641 3529 c.
657 3511 687 3536 ¹4
714 3501 793 3528 Nihil
812 3503 878 3534 effe,
901 3499 974 3536 quod
994 3501 1024 3527 ad
1046 3502 1070 3528 se
1170 3510 1179 3528 1
1191 3504 1324 3533 LL'i'Go‚
1344 3507 1397 3528 are.
1435 3499 1575 3537 [ri-eodm]
1610 3501 1758 3537 Idemfere,
1777 3502 1843 3537 quod
1853 3502 1977 3539 Alligare.
2012 3503 2079 3532 Plin.
2093 3512 2132 3540 17,
2147 3514 2179 3540 ¹4

7 3561 9 3569 ,
29 3540 88 3562 -rem
104 3535 184 3562 vllam
199 3542 250 3561 tani
264 3533 374 3565 illiciat,
391 3540 444 3562 tam
459 3537 583 3569 attrahat,
604 3548 684 3573 quain
703 3536 734 3564 ad
753 3538 897 3564 amicitiam
916 3536 1072 3563 similitudO.
1133 3538 1250 3572 Eamque
1264 3538 1363 3572 illigari
1378 3544 1496 3571 opertam
1508 3537 1655 3564 stramentis
1673 3537 1756 3564 iubet.
1827 3538 1888 3564 Liu.
1902 3548 1920 3569 1,
1935 3544 1962 3569 28
1989 3539 2021 3566 In
2033 3549 2126 3568 currus
2139 3541 2179 3569 di-

31 3572 74 3598 At.
88 3571 194 3598 alliciat.
266 3569 339 3596 Idem
356 3569 387 3594 de
400 3570 494 3598 Natur.
508 3574 588 3600 Dent.
603 3582 625 3606 3,
639 3577 671 3604 68
691 3583 713 3600 c.
730 3581 761 3608 27
787 3575 844 3608 Qii
858 3582 911 3599 non
925 3573 961 3598 sat
976 3571 1071 3598 habuit
1132 3573 1244 3600 stentum
1258 3574 1342 3607 illigat
1355 3573 1477 3599 Metium.
1534 3573 1720 3609 Memfim-sce,
1741 3572 1813 3599 Idem
1827 3576 1868 3605 36,
1883 3582 1904 3600 11
1925 3575 2029 3602 Inuitus
2048 3577 2134 3611 illigat
2152 3578 2178 3604 se

28 3607 172 3642 'coniugem
186 3606 295 3633 illexisse
309 3605 337 3631 in
349 3604 475 3638 stuprum.
510 3609 651 3645 Deforeifi
664 3612 763 3636 notione
777 3610 850 3636 huius
861 3608 940 3641 verbs,
956 3607 1071 3634 vidanox
1087 3617 1119 3643 93
1134 3609 1268 3642 grauioris
1286 3609 1410 3636 fortunae
1431 3607 1589 3635 conditioni.
1661 3608 1763 3642 illigari
1781 3608 1980 3636 conditionibus
1995 3611 2069 3638 Idem
2081 3621 2125 3645 33,
2140 3621 2176 3639 12.

7 3639 9 3645 '
32 3648 187 3670 ILLICWM
208 3651 237 3668 ex
251 3642 366 3668 Varron.
382 3641 412 3666 L.
426 3641 455 3666 L.
468 3649 492 3673 ς,
509 3651 534 3675 9.
1134 3650 1158 3669 et
1172 3652 1208 3677 3ς,
1221 3647 1266 3677 46.
1361 3645 1417 3671 Cic.
1430 3645 1507 3671 Verr.
1522 3653 1550 3677 4,
1564 3652 1596 3677 54
1615 3643 1644 3669 de
1661 3644 1823 3676 emblematis,
1849 3644 1926 3671 Turn
1945 3646 2007 3679 illa,
2026 3655 2058 3673 ex
2076 3648 2177 3682 patellis

6 3685 9 3708 ζ
68 3684 103 3704 11.
113 3685 128 3704 L
138 3685 154 3704 E
164 3684 181 3704 c
193 3683 214 3703 T
225 3684 244 3702 v
256 3683 269 3702 s
278 3696 285 3708 ,
305 3685 329 3707 a,
348 3685 403 3701 um.
433 3677 526 3704 Partie.
559 3680 718 3715 [ἐπαχθεῖς]
752 3679 898 3707 Αῐιναέὶιιτ.
925 3678 1071 3705 Cic.Tusc.
1134 3685 1160 3705 et
1174 3680 1300 3706 turibulis
1314 3689 1381 3714 quae
1395 3679 1520 3711 venerat,
1541 3681 1577 3705 ita
1590 3680 1652 3705 scite
1665 3679 1694 3705 in
1705 3679 1791 3706 aureis
1804 3681 1906 3714 poculis
1919 3681 2048 3716 illigabat,
2068 3683 2105 3709 ita
2117 3688 2176 3716 apte

31 3720 60 3746 4,
74 3722 101 3739 12.
121 3722 142 3739 c.
155 3716 170 3740 6
192 3711 293 3739 Libido
312 3711 343 3738 ad
358 3711 401 3742 id,
418 3711 490 3747 quod
507 3713 611 3742 videtur
627 3714 745 3749 bonum,
764 3716 854 3743 illecta
868 3722 893 3743 et
911 3715 1073 3741 inflammata
1136 3715 1164 3740 in
1178 3715 1278 3748 scyphis
1292 3716 1378 3742 aureis
1392 3715 1557 3745 includebat,
1577 3719 1618 3744 vt,
1639 3720 1685 3740 etc.
1769 3714 1828 3741 Liu.
1841 3724 1876 3748 31,
1888 3723 1918 3749 23
1938 3725 2002 3744 extr.
2029 3717 2060 3744 Id
2074 3717 2175 3753 quaeri,

30 3749 157 3783 rapiatur.
193 3749 237 3775 Al.
256 3747 362 3774 inieeta.
1135 3756 1164 3776 vt
1179 3750 1297 3777 obsidem
1310 3751 1476 3777 Achaeorum
1495 3751 1659 3776 iuuentutem
1679 3749 1801 3777 educeret
1819 3760 1851 3778 ex
1863 3752 2057 3787 Peloponneso,
2077 3751 2109 3778 ad
2122 3751 2175 3778 illi-

68 3791 78 3810 1
90 3791 106 3809 L
118 3791 133 3809 L
145 3791 161 3810 13
172 3790 189 3810 c
200 3791 221 3810 'r
232 3791 250 3810 v
260 3791 272 3811 s
281 3803 290 3816 ,
320 3782 357 3809 sis.
394 3790 431 3807 m.
474 3781 625 3818 [ἐπαγωγὴ]
666 3786 809 3813 Blanditiae
829 3794 853 3813 et
871 3784 1070 3813 illefsamemum.
1081 3792 1128 3810 100
1136 3786 1247 3819 gandam
1261 3787 1382 3812 Romano
1401 3786 1473 3812 bello
1490 3790 1604 3819 gentem.
1675 3786 1732 3812 Cic.
1746 3786 1862 3820 Acad.4,
1877 3790 1894 3815 6
1913 3798 1935 3814 c.
1948 3796 1964 3814 2
1983 3787 2078 3819 Restat,
2091 3792 2119 3813 vt
2133 3787 2174 3813 his

29 3819 112 3847 Plaut.
121 3819 212 3855 Bacch.
226 3828 245 3851 1,
262 3828 281 3851 1,
294 3827 322 3845 21
342 3817 427 3851 Magis
443 3816 563 3843 ilicetum
577 3823 659 3851 tuum,
672 3830 751 3855 quam
763 3823 863 3849 leffium
876 3829 975 3848 metuo.
1012 3821 1072 3847 Ille·
1134 3821 1316 3854 respondeam,
1337 3822 1384 3856 qui
1397 3820 1561 3847 sermonibus
1573 3820 1705 3847 eiusmodi
1718 3821 1806 3849 nolint
1818 3825 1939 3857 personas
1953 3828 2003 3849 tani
2016 3830 2107 3856 graues
2122 3822 2175 3848 illi-

30 3853 87 3881 &os
101 3855 133 3881 ad
146 3854 328 3889 proditionem
346 3854 407 3880 Sall.
422 3853 477 3887 Iug-
491 3861 525 3885 Ξῖ.
712 3857 714 3860 ’
1134 3856 1201 3890 gari.
1274 3856 1361 3883 Genus
1374 3856 1495 3887 dicendi,
1512 3856 1541 3882 in
1555 3865 1608 3890 quo
1621 3864 1711 3883 omnes
1725 3857 1862 3892 illigantur
1875 3859 2019 3884 verborum
2036 3863 2061 3882 et
2075 3857 2173 3883 senten—

6 3892 7 3899 *
65 3897 75 3915 1
85 3897 126 3916 ιι
136 3897 144 3915 1
154 3891 255 3918 c'i'B'i'L
265 3898 274 3916 i
285 3898 315 3923 s,
333 3898 356 3916 e.
393 3888 454 3915 Adi.
491 3887 563 3923 ‚Quod
574 3887 657 3914 illicit.
691 3890 828 3920 Illicibiles
841 3893 990 3929 voluptates
999 3891 1072 3919 Lae‘h
1134 3892 1233 3918 tiarum
1248 3891 1350 3926 lepores
1364 3893 1420 3918 Cic.
1434 3892 1462 3917 in
1475 3892 1548 3918 Orat.
1559 3894 1595 3925 96
1614 3901 1635 3917 c.
1650 3901 1687 3924 27.
1758 3893 1865 3928 Illigare
1883 3895 1907 3919 se
1919 3891 2037 3927 periculo
2053 3890 2172 3925 depositi,

30 3933 55 3958 7,
67 3932 109 3959 27,
123 3933 142 3952 1.
177 3925 225 3953 Sed
235 3927 320 3952 melius
335 3935 365 3951 ex
380 3925 457 3952 MSS.
470 3924 562 3960 legitur
578 3923 673 3949 Illices.
1134 3930 1153 3953 i.
1169 3927 1277 3963 obligare
1282 3928 1328 3962 se,
1346 3928 1380 3954 ad
1394 3924 1568 3962 praeliandum
1588 3930 1625 3954 rei
1643 3927 1763 3963 depofitae
1772 3929 1910 3964 periculum
1927 3927 2029 3961 leian.
2045 3927 2073 3953 in
2084 3928 2102 3953 l.
2116 3935 2125 3953 1
2147 3923 2172 3964 §-

67 3966 129 3988 11.1.
139 3967 149 3986 1
159 3966 194 3987 ci
203 3968 223 3988 v
233 3967 259 3988 M
269 3980 278 3994 ,
298 3962 316 3988 i.
334 3970 361 3988 n.
398 3957 557 3994 [schamir.
571 3958 725 3995 θέλγητρον]
760 3963 959 3993 lncieamentum.
994 3965 1072 3992 Varr.
1082 3970 1126 3999 ¹05
1134 3964 1209 3998 saepe
1236 3962 1268 3989 D.
1289 3962 1425 4024 deposgi.G
1458 3963 1511 3998 Qu
1526 3964 1577 3991 Ioco
1590 3963 1732 3992 Haloander
1747 3965 1842 4001 quidem
1860 3963 1921 3998 legit
1935 3961 2061 3995 Alligasse.
2092 3963 2174 4024 qun-

1375 4010 1381 4021 1
1460 4006 1479 4025 2
2111 4006 2135 4024 EC
2149 4008 2176 4024 .ἱέ
