2479 4225
245 185 320 228 947
617 165 635 207 I
748 165 788 205 A
904 153 939 197 C
1732 148 1751 189 1
1839 148 1880 189 A
1966 150 2016 191 M
2317 118 2439 204 9431&

246 270 308 300 gare
337 266 441 292 vexare,
454 263 588 286 concutere.
622 254 704 283 iaaac
721 258 811 280 orator
822 244 1002 276 aduersarium
1016 247 1092 273 suum
1109 244 1166 272 Cic.
1180 242 1244 270 Diu.
1257 240 1288 283 in
1353 242 1424 270 latui·
1441 247 1467 269 et
1487 242 1566 269 Arces
1594 239 1677 268 Ouid.
1692 239 1784 279 Amor.
1793 247 1822 279 3,
1838 247 1862 271 3,
1876 245 1913 272 33.
1969 239 2072 266 Cerno,
2101 240 2172 266 Hor,
2190 239 2242 267 03·
2262 248 2285 272 3,
2305 248 2343 273 η,
2362 223 2424 271 15¹3.
2443 238 2456 272 ,ξ-
2472 230 2479 258 l

249 281 346 325 Caec'il.
360 305 380 321 c.
393 304 432 329 14·
502 294 579 328 Virg.
596 292 659 318 Aen.
677 300 697 323 1,
709 297 735 321 33
768 285 881 313 laetatos
897 291 1013 318 aequore
1030 288 1088 308 toto
1111 281 1202 307 Troas
1214 278 1288 305 relll-
1355 279 1438 306 Ferro
1451 278 1587 305 iaculabor
1600 282 1678 303 acuto
1695 274 1777 301 Ouid.
1792 284 1820 300 m
1839 275 1900 300 Ibin
1914 282 1960 308 49.
2031 275 2154 302 Fulmina
2167 276 2286 310 Iuppiter
2303 275 2416 305 iamlam
2438 289 2439 295 ,

251 333 326 368 quias
343 328 472 358 Danai'im.
542 328 616 355 Idem
628 328 691 353 Aen.
712 333 732 355 1,
746 323 790 353 336
824 318 938 346 laetetur
953 317 1023 344 odiis
1039 317 1148 344 Iunonis
1167 315 1286 349 iniquae.
1353 318 1398 341 tur
1411 313 1483 340 Idem
1496 314 1561 340 Met.
1576 321 1601 343 2,
1616 314 1653 338 61.
1726 311 1791 337 Saxa
1816 310 1929 336 iaculans
1950 309 2081 344 Giganteo
2098 311 2198 338 lacerto
2220 310 2258 338 Id.
2273 311 2337 337 Met.
2356 320 2366 338 1
2384 306 2425 343 ’¹2'

248 367 327 394 Aestu
347 365 472 400 febrique
491 364 586 392 iaciat-i
609 363 664 389 Cic.
679 361 707 386 in
721 356 799 383 Catil.
818 364 837 386 1,
850 363 884 387 31.
953 353 1029 380 Idem
1041 354 1112 379 Fam.
1127 360 1147 383 ι,
1161 358 1174 383 ς
1198 350 1289 376 Postea
1358 354 1412 383 184.
1482 349 1532 376 Vel
1551 349 1597 384 qui
1615 347 1666 373 sese
1684 354 1759 372 more
1773 346 1864 372 auium
1882 346 2029 372 iaculentur
2042 345 2071 372 in
2090 354 2163 373 auras
2183 346 2276 374 Claud.
2291 343 2414 378 Consum
2429 365 2431 370 ,
2448 363 2449 371 ,

247 411 328 438 quam
341 401 482 436 Pompeius
498 399 567 435 apud
579 396 704 433 populum
716 392 749 419 ad
763 398 823 417 V111
837 390 899 417 Idus
911 389 1070 420 Februarii,
1083 396 1165 422 quum
1180 394 1228 420 pro
1237 384 1289 411 Mi-
1311 388 1327 415 ς
1356 385 1432 413 Mall.
1444 393 1499 417 320.
1570 385 1600 410 In
1614 381 1799 409 confertiffima
1818 382 1843 407 se
1862 381 1978 407 hostium
1991 381 2041 408 tela
2054 381 2180 409 iaculatus
2200 383 2270 410 Flor.
2286 390 2307 414 1,
2322 390 2361 416 ¹4,
2370 375 2429 418 4⁴¹ss
2448 399 2451 406 ‚

247 438 311 465 lone
325 437 439 469 diceret,
459 436 574 463 clamore
592 429 763 462 conuitioque
778 425 888 453 iactatus
902 426 971 452 esset.
1043 422 1180 451 Fluctibus
1194 420 1290 447 iaeiari
1356 420 1477 448 Dictator
1492 420 1600 456 Signum
1615 419 1643 445 in
1657 417 1742 444 hostes
1756 417 1884 444 iaculatus
1896 417 1931 443 est
1948 416 2021 443 Idem
2035 425 2054 449 1,
2068 425 2099 448 ιι,
2112 426 2133 443 2.
2205 420 2254 444 Pro
2267 419 2387 453 APPssere
2399 413 2408 442 ζ·
2420 412 2427 433 1,

248 473 305 500 Cic.
318 474 347 499 in
361 473 435 500 Orat.
449 480 504 506 107.
573 467 632 494 Huc
651 464 713 491 illuc
732 461 826 489 ὶὸἇῗᾶῐὶ
844 462 942 488 Lucan·
963 466 985 492 8,
1003 462 1064 492 699·
1137 456 1236 484 Morbo
1252 455 1289 482 ia-
1356 456 1397 482 vel
1409 456 1509 483 Moliri.
1545 457 1613 482 Hor.
1629 455 1716 480 Carni.
1737 461 1762 485 2,
1777 455 1813 484 16,
1827 460 1855 488 17
1880 451 1954 486 Quid
1975 452 2053 479 breui
2074 453 2158 482 fortes
2177 450 2324 479 iaculamur
2333 442 2409 480 aeds*
2448 467 2450 475 ·

248 508 316 536 §tari
335 509 404 535 Hor,
416 508 497 534 serm,
512 513 538 536 2,
550 511 572 535 3,
588 510 635 527 121.
706 498 798 525 Ventis
812 497 941 524 iactamur
953 497 1071 530 Propert.
1084 503 1107 526 3,
1122 501 1145 526 5,
1162 501 1194 519 ιι.
1258 492 1290 517 In
1356 491 1460 518 Multa3
1481 491 1508 519 h.
1523 501 1546 518 e.
1572 491 1741 525 Appetimus:
1764 494 1789 515 et
1803 497 1886 523 quum
1906 489 1996 514 breuis
2010 489 2065 514 vita
2083 488 2129 519 fit,
2142 489 2245 515 maiora
2263 494 2377 516 temam„
2398 484 2405 504 ⁴.
2448 501 2449 506 ,

249 544 327 571 vndis
346 544 439 570 iasiari
463 541 536 573 Virg.
550 539 614 564 Aen.
632 544 654 569 1,
672 536 736 569 446.
809 533 865 561 Cic.
879 534 958 560 Verr.
978 541 998 563 1,
1016 533 1051 566 67
1082 528 1198 557 laetatur
1214 526 1291 554 domi
1356 527 1454 553 Acron.
1524 524 1598 553 Refie
1617 526 1680 561 sane
1702 531 1727 551 et
1747 525 1835 550 melius
1855 524 1966 550 omnibus
1982 527 2141 555 commentis,
2163 524 2252 559 quibus
2269 525 2299 551 ab
2319 525 2368 560 aliq
2389 536 2399 554 zi

250 581 313 607 suae
326 579 369 606 vii·
382 578 510 614 optimus,
522 578 567 600 etc.
1316 568 1348 588 10
1358 561 1417 588 inde
1428 568 1532 596 tempore
1545 562 1587 589 hic
1598 562 1665 588 locus
1678 567 1783 587 vexatus
1795 558 1837 593 ejsl.
1858 560 1897 585 Sic
1909 566 1933 585 et
1944 561 2078 586 Bentlcius.
2114 559 2226 586 Iaculari
2245 558 2279 592 est
2290 560 2383 586 colline

287 622 352 642 1AC
364 618 483 641 TANs,
501 608 577 635 antis.
596 606 689 633 Partic.
726 604 962 639 [οἱλαζονευᾶμενσς,
978 600 1095 636 οἷλαζιόν]
1122 598 1178 634 flue
1194 599 1291 625 Nomen
1358 607 1402 629 re,
1423 600 1442 623 i.
1460 595 1596 629 destinare,
1611 597 1704 623 moliri.
1739 596 1846 627 Fortes,
1861 593 1967 630 frustra
1979 594 2088 629 animost.
2233 593 2254 633 q
2276 604 2289 621 2
2325 596 2400 631 Apu..
2446 611 2449 617 ,

252 660 282 678 ex
295 652 390 678 Partic.
424 646 488 672 Plin.
501 643 580 678 Epist.
592 651 615 675 3,
627 650 645 675 9
668 640 796 672 laetantes
813 645 839 666 et
853 639 984 674 gloriosae
997 637 1129 672 epistolae.
1199 634 1292 661 Virtu—
1356 633 1471 660 rhetoras
1482 633 1594 659 Iaculari
1609 631 1638 657 dc
1651 631 1764 658 breuibus
1777 629 1856 657 distis
1870 636 1894 656 et
1900 629 2035 692 (entmtiis
2048 631 2159 663 dicitur,
2174 639 2234 666 quae
2247 631 2361 667 sagittar

250 687 286 714 tis
300 692 399 719 expers,
413 679 502 707 verbis
514 679 611 706 'iactans
624 677 737 712 gloriam
749 675 857 702 Phaedr.
873 684 894 707 i,
908 683 940 701 ιι.
1011 672 1112 700 laetans
1126 671 1165 697 sui
1179 668 1290 703 Qin&
1357 666 1438 702 instar
1452 670 1594 695 mittuntur.
1622 666 1679 694 Vid.
1699 667 1788 694 Iacere
1801 665 1897 692 Ridicu
1910 674 1965 692 um.
2021 666 2153 700 Qinciiil.
2172 675 2205 698 ιι,
2220 675 2243 699 3,
2258 675 2301 693 120
2330 667 2372 693 Iac

254 729 322 753 11,1.
389 715 488 743 Ia&ant
500 714 570 741 bafia
584 713 692 740 Phaedr.
706 721 728 745 ς,
740 719 765 746 7.
786 712 871 738 Honos
886 712 975 736 Princi
992 712 1002 735 i
1013 708 1120 736 babitus.
1175 705 1294 732 Multum
1358 704 1410 731 lari
1446 704 1586 731 sententias
1625 702 1739 729 vibratis
1769 702 1878 737 digitis,
1898 699 1966 737 quafi
1989 701 2031 727 illo
2058 701 2193 737 digitorum
2217 709 2283 728 motu
2307 708 2396 729 εισι-ιιι1

251 756 311 784 aliis
324 751 464 780 iactantior
475 751 538 777 Stat.
553 749 645 777 Theb.
658 757 684 781 9,
696 756 750 781 539.
821 745 912 772 Paullo
925 745 951 771 ia
980 744 1069 771 antior
1090 744 1158 770 Hor.
1173 742 1256 768 Serm.
1272 749 1294 772 1,
1312 749 1338 776 ις
1357 746 1447 767 rentur
1467 743 1573 766 minutae
1586 739 1707 775 sagittae.
1743 737 1791 765 Sed
1801 746 1828 772 9,
1840 746 1867 769 2,
1881 744 1916 771 79
1948 736 2089 764 Sententiis
2108 737 2218 764 iaculari
2238 739 2267 764 in
2282 746 2360 764 vxor·
2373 750 2385 761 ι
2454 758 2455 761 ,
2478 749 2479 753 =

252 800 276 823 3,
289 798 326 823 ςο.
397 787 508 814 Amator
520 783 713 812 iactantissimus
726 780 991 817 Spartian.Hadrian.
1004 789 1026 807 c.
1039 786 1077 814 17.
1147 775 1293 804 labiantior
1359 777 1392 802 Et
1405 784 1428 808 2,
1443 784 1475 808 11,
1491 777 1510 802 6
1538 775 1657 809 Abrupta
1677 773 1807 808 quaedam
1827 772 1938 799 iaculari
1955 779 2018 798 meta
2036 773 2098 799 hora
2115 773 2145 799 ab
2158 782 2183 799 eo
2194 775 2295 810 sumta,
2305 772 2331 808 fi
2349 775 2391 810 qui
2475 772 2479 799 1

252 825 336 861 gestus
355 821 486 856 Quinctil.
499 831 531 854 ιι,
546 830 566 848 ι.
635 820 687 846 Via
698 818 797 845 iaftani
811 817 871 843 Liu.
885 821 972 850 21,48.
999 815 1056 842 Vid.
1069 814 1106 841 ibi
1118 815 1229 848 Interpr.
1359 818 1473 846 arreptos
1486 818 1510 837 ει
1521 811 1638 846 abruptos
1650 809 1807 844 undecunque
1820 808 1915 844 lapides
1926 808 1967 834 vel
1977 779 2062 843 glebas
2074 806 2161 835 instet.
2463 812 2465 834 1
2477 811 2479 824 ·

289 867 298 886 1
308 865 329 885 A
338 865 355 885 C
363 866 384 885 Τ
392 865 414 885 A
423 864 445 884 Ν
455 865 477 885 Τ
487 864 503 883 E
513 864 542 883 R.
579 854 647 882 Adu.
684 848 927 888 [σέλοιζσνευομένως]
962 851 1039 886 Apud
1045 850 1137 877 Tacit.
1145 850 1213 876 Ann-
1227 857 1250 880 2,
1264 855 1294 880 77
1397 854 1407 873 1
1416 854 1437 873 A
1445 853 1462 873 C
1472 852 1492 871 v
1502 853 1517 872 L
1527 854 1547 874 ο
1558 867 1567 879 ,
1597 850 1651 873 are.
1698 845 1711 878 [
1725 843 1848 879 αἰχμάζω
1860 845 1873 879 ]
1914 844 1998 870 Etiam
2029 843 2133 871 dicitur.
2178 843 2271 871 Claud.
2309 865 2316 871 .
2354 864 2362 872 .
2406 852 2412 870 l

250 895 356 923 Periisse
369 894 557 921 Germanicum
571 891 639 918 nulli
651 889 792 917 iactantius
806 894 941 918 moerent,
961 896 1040 921 quam
1054 887 1101 921 qui
1113 885 1229 912 maxime
1243 884 1294 909 lae·
1361 882 1434 909 Latis
1447 882 1576 909 iaculabat
1588 882 1616 908 in
1631 880 1712 908 aruis.

250 936 348 957 tantur.
373 933 391 956 i.
414 927 589 961 Ambitiofius,
608 927 649 953 vel
665 928 757 953 maiori
775 933 830 951 cum
847 922 1015 956 ostentatione.
1063 922 1196 948 Ammian.
1216 927 1261 953 27,
1281 927 1295 944 2
1307 919 1344 938 ²0
1398 924 1408 943 1
1419 923 1466 944 Ac
1476 924 1552 944 VLA
1562 925 1584 944 N
1596 925 1626 950 s,
1646 916 1722 943 antis.
1741 914 1836 942 Partic.
1872 915 1980 949 Mopsus
1994 914 2111 942 iaculans
2124 914 2206 942 Ouid.
2219 914 2284 942 Met.
2299 923 2336 949 12,
2347 913 2418 952 437³

251 966 342 993 Minae
356 964 482 991 ia&anter
495 965 624 990 sonantes.
695 961 788 988 Tacit.
803 959 870 986 Hist.
886 967 907 991 3,
920 966 956 991 53,
970 967 982 984 2
1002 957 1104 984 Literas
1118 957 1150 983 ad
1164 954 1295 989 Vespafia-
1362 953 1494 988 Giganteo
1506 954 1621 980 iaculans
1634 953 1692 979 saxa
1705 952 1804 977 lacerto
1817 950 1884 977 ibid.
1900 959 1941 984 14,
1959 956 2013 984 184.
2322 954 2331 958 “
2398 955 2424 975 s

251 1010 316 1028 num
331 1000 478 1035 composuit
491 998 646 1030 iactantius,
663 1006 743 1033 quam
755 996 788 1023 ad
799 995 956 1031 principem.
1012 992 1134 1019 Prudent.
1149 990 1297 1024 Hamartig.
1399 990 1580 1016 IACVLAT
1590 996 1649 1021 vs,
1669 997 1700 1020 a,
1719 996 1773 1013 um.
1803 987 1871 1013 Part.
1908 985 2065 1021 [ἧκον-νικῶς]
2101 986 2176 1020 Ignes
2199 986 2310 1012 iaculata
2325 993 2341 1011 e
2360 987 2412 1013 nudi

252 1046 279 1064 ν.
295 1045 343 1071 170
362 1036 483 1063 Ostentat
495 1034 643 1062 iactantius.
1362 1024 1443 1051 bibus
1457 1024 1529 1059 Virg.
1538 1026 1602 1051 Aen.
1618 1033 1638 1057 1,
1652 1026 1699 1056 46.
1733 1022 1808 1059 Conf.
1822 1031 1846 1055 2,
1858 1024 1917 1058 276.
1952 1023 2080 1049 Auratam
2093 1022 2207 1049 iaculata
2219 1022 2302 1057 pilam
2315 1020 2412 1049 Claud'
2444 1042 2445 1047 ,

287 1080 298 1099 1
307 1080 328 1099 A
336 1078 353 1099 C
362 1079 383 1099 T
391 1079 442 1098 AN
455 1077 477 1098 T
488 1077 499 1097 1
511 1077 547 1101 A,
573 1078 612 1097 ae.
643 1068 663 1094 f.
706 1067 889 1101 [μεγαλανχίκ
897 1085 906 1098 ,
936 1064 1120 1099 μεγαληγορῖοι,
1153 1061 1298 1095 novimum]
1364 1060 1453 1087 Laude
1465 1060 1572 1087 Serenae
1587 1069 1644 1093 144.
2410 1071 2411 1076 ,

252 1107 322 1136 Idem
360 1107 408 1134 uod
427 1105 545 1134 Iab‘latio.
582 1103 713 1139 QinGlil.
734 1112 760 1136 9,
782 1111 795 1128 2
832 1102 939 1128 Veritus
965 1100 1122 1134 opinionem
1147 1097 1336 1132 melantiae-25
1402 1101 1498 1122 IACV
1511 1102 1643 1123 LATvs
1658 1115 1665 1127 ,
1692 1092 1730 1121 sis.
1767 1102 1803 1120 m.
1840 1090 1923 1120 Astus
1940 1092 2077 1120 iaculandi.
2113 1092 2233 1121 Tertull.
2252 1092 2285 1120 de
2297 1091 2388 1128 Specta
2406 1084 2412 1092 ’

254 1143 338 1171 Friuo
350 1153 364 1170 a
384 1143 457 1169 Idem
472 1150 493 1174 1,
506 1143 531 1167 6.
586 1140 675 1166 Inanis
693 1138 767 1165 Idem
783 1147 802 1169 1,
815 1142 837 1167 8.
873 1137 997 1163 Minuere
1012 1134 1164 1161 iactantiam
1182 1133 1221 1160 Id.
1235 1136 1261 1164 6,
1276 1140 1298 1164 3.
1365 1136 1391 1162 18
1410 1131 1475 1158 Non
1490 1131 1615 1166 probabis
1627 1140 1710 1158 vanos
1723 1130 1812 1156 cursus
1825 1136 1851 1156 et
1864 1129 1990 1155 iaculatus
2003 1136 2029 1156 et
2042 1129 2129 1155 saltus.

292 1187 302 1206 1
311 1186 330 1206 A
341 1186 358 1206 c
368 1185 388 1204 T
398 1186 419 1205 A
427 1185 450 1204 N
458 1184 479 1204 T
490 1184 497 1202 1
508 1184 525 1204 c
533 1182 555 1201 v
563 1182 579 1201 L
588 1182 609 1200 v
617 1183 642 1207 s,
655 1175 675 1201 i.
687 1184 722 1201 m.
740 1171 854 1201 satiator
869 1171 1046 1198 contemtibilis
1057 1170 1125 1206 apud
1140 1171 1202 1196 Vet.
1212 1167 1299 1195 Schol.
1397 1173 1412 1207 ⁴1
1422 1173 1469 1194 Ac
1477 1173 1498 1192 v
1507 1173 1524 1192 L
1535 1175 1585 1194 AT
1594 1175 1603 1193 1
1614 1174 1633 1194 o
1641 1189 1650 1202 ‚
1678 1166 1745 1192 onis.
1771 1165 1791 1191 f.
1835 1164 1911 1192 Idem.
1953 1165 2034 1191 Liber
2057 1164 2089 1190 de
2111 1164 2273 1191 iaculatione
2295 1155 2413 1199 equestri
2425 1150 2449 1209 ἶ).

254 1216 345 1243 quen.
361 1222 391 1244 ιι,
405 1222 437 1246 34
454 1215 496 1248 qui
509 1212 604 1237 Buccas
623 1210 660 1237 ibi
671 1206 1115 1245 interpretatur,laetanticuli,qui
1126 1210 1228 1232 tantum
1236 1203 1299 1230 buc·
1365 1202 1432 1230 Plin.
1445 1202 1525 1237 Epist.
1544 1212 1565 1235 3,
1585 1210 1606 1235 ς.
1659 1202 1736 1237 Apul.
1752 1200 1838 1227 Miles.
1855 1210 1864 1227 1
1883 1210 1908 1235 p.
1924 1203 1972 1238 106
2006 1201 2137 1227 Statutum
2151 1200 2197 1233 est,
2209 1206 2239 1227 vt
2252 1200 2282 1226 in
2294 1208 2353 1226 eam
2366 1198 2411 1226 die
2432 1203 2433 1206 ’

254 1259 295 1277 cas
309 1251 415 1281 inflant,
433 1254 458 1274 et
473 1247 542 1273 nihil
560 1247 660 1273 dicunt.
1364 1239 1448 1265 altera
1468 1238 1624 1265 seueriffime
1643 1239 1767 1264 saxorum
1787 1236 1994 1263 iaculationibus
2014 1236 2205 1263 vindicaretur.
2256 1236 2324 1262 Min.
2336 1228 2416 1267 FelixW

289 1293 299 1311 1
309 1293 329 1312 Α
339 1292 356 1311 c
365 1291 385 1310 T
394 1290 440 1311 AB
450 1290 470 1309 v
479 1289 499 1307 N
509 1289 528 1309 D
537 1288 558 1307 V
566 1289 579 1308 s
589 1302 597 1314 ,
618 1290 647 1313 a,
667 1289 722 1307 um.
762 1278 822 1305 Adi.
863 1279 914 1310 Vt,
933 1278 1008 1305 Marc
1025 1275 1214 1304 iaetabundum
1229 1273 1299 1301 Gell.
1307 1281 1339 1307 3ο
1365 1284 1387 1301 c.
1403 1283 1415 1307 3
1436 1274 1579 1301 Testarum
1596 1275 1625 1300 in
1644 1282 1717 1300 mare
1731 1272 1938 1299 iaculationibus
1958 1271 2059 1298 ludere.
2132 1273 2204 1299 Haec
2217 1271 2303 1298 veluti
2317 1269 2415 1299 iacula&

254 1329 284 1353 ¹9
292 1340 300 1353 ,
315 1330 334 1347 1.
359 1322 378 1346 i.
406 1320 434 1346 T
432 1316 610 1354 empqftuosum.
682 1317 713 1343 In
730 1315 846 1342 Graecae
866 1313 1004 1341 facundiae
1023 1313 1108 1348 gloria
1127 1304 1302 1338 inclabundus
1365 1310 1406 1337 tio
1418 1309 1565 1336 verborum
1579 1316 1603 1336 et
1617 1309 1716 1335 inclusa
1728 1308 1849 1335 breuiter
1861 1308 1996 1334 vrbanitas
2010 1307 2120 1341 Qinet.
2135 1310 2160 1339 6,
2174 1316 2195 1340 3,
2205 1316 2248 1341 43.
2417 1300 2429 1318 ”

252 1355 328 1383 Idem
346 1363 387 1388 ις,
406 1363 428 1381 2.
1402 1353 1412 1372 1
1422 1351 1445 1372 A
1456 1351 1474 1372 C
1484 1352 1530 1372 VL
1539 1347 1562 1372 Ᾱ
1572 1352 1597 1371 M
1609 1352 1625 1371 E
1636 1352 1657 1371 N
1666 1362 1675 1375 ‚
1694 1344 1754 1370 i'niS.
1772 1353 1799 1384 n:
1839 1344 1906 1370 Idem
1918 1344 1986 1378 apud
1998 1344 2076 1378 Apul.
2113 1363 2120 1370 .

293 1399 333 1418 ιΛ
343 1397 359 1417 c
372 1397 393 1417 T
403 1391 426 1416 Ᾱ
437 1395 459 1416 Τ
470 1395 530 1421 vs,
550 1397 581 1421 a,
603 1396 657 1415 um.
694 1385 788 1413 Partic.
825 1385 838 1419 [
852 1385 1018 1421 ἐρριμμένος]
1053 1384 1129 1417 Virg.
1149 1383 1215 1408 Aen.
1234 1390 1253 1414 ι,
1273 1388 1301 1413 33
1402 1386 1468 1408 IAC
1478 1388 1556 1408 VLA
1566 1388 1590 1407 iu
1600 1387 1617 1407 E
1629 1387 1652 1406 N
1662 1386 1763 1410 TVM,
1790 1387 1810 1406 1.
1833 1388 1860 1406 n.
1899 1379 1972 1406 Non.
1988 1384 2023 1412 18,
2038 1388 2070 1411 3ο
2098 1379 2226 1411 Ansatae,
2239 1376 2418 1407 iaeulameiim

253 1427 367 1454 laetatos
387 1433 503 1460 aequore
521 1429 588 1451 toto.
661 1422 798 1454 Clamore,
812 1421 996 1455 conuiciisque
1013 1419 1121 1446 metatus
1139 1418 1176 1444 est
1192 1419 1303 1451 Pompe·
1366 1425 1428 1443 cum
1440 1416 1514 1443 ansis.
1551 1417 1614 1443 Sum
1628 1424 1686 1451 ergo
1699 1415 1790 1441 iacula.

255 1463 314 1496 ius,
334 1465 352 1489 i.
373 1462 523 1498 Exagitatus
542 1459 598 1487 Cic.
615 1459 686 1486 Fam.
706 1467 727 1490 1,
747 1465 769 1490 ς.
841 1456 949 1483 Periclis
969 1455 1080 1482 iac‘tatus
1099 1454 1175 1488 Virg.
1189 1453 1255 1479 Aen.
1275 1454 1338 1489 6235
1403 1453 1562 1479 1ACVLA
1571 1457 1665 1481 TOR,
1685 1450 1748 1476 oris.
1770 1459 1806 1476 m.
1843 1448 2003 1484 [οἷκοντιςῆς]
2038 1451 2090 1485 Qui
2100 1452 2207 1477 iaculum
2220 1453 2322 1477 eminis,
2356 1449 2418 1477 Liu.

255 1501 311 1531 693.
382 1497 480 1524 Terris
494 1495 605 1522 iaciatus
618 1501 643 1521 et
655 1494 709 1520 alto
723 1493 797 1519 Idem
810 1492 873 1518 Aen.
888 1500 907 1523 1,
918 1499 944 1526 7.
1017 1489 1144 1517 Turbine
1157 1494 1251 1515 nautae
1265 1488 1304 1514 ia-
1368 1497 1405 1520 21,
1420 1497 1447 1515 21
1461 1494 1526 1514 extr.
1558 1487 1609 1512 Pro
1627 1494 1660 1512 eo
1679 1484 1903 1519 supplementum,
1922 1485 1977 1520 ipse
1995 1493 2027 1511 ex
2043 1485 2149 1517 Africa,
2161 1486 2278 1512 maxime
2292 1485 2417 1513 iaculato-

257 1533 432 1561 &amentius
447 1534 489 1563 66,
503 1534 541 1563 (3.
577 1530 645 1558 Adel.
654 1531 727 1563 Virg.
736 1529 801 1555 Aen.
817 1537 835 1558 1,
847 1529 912 1560 446.
983 1526 1041 1553 Nix
1055 1525 1151 1552 iactata
1164 1524 1211 1551 sub
1220 1523 1303 1550 Arcto
1367 1533 1428 1551 rum
1446 1523 1549 1549 leuium
1566 1521 1648 1548 armis
1668 1521 1753 1555 petiit.
1810 1520 1873 1546 Stat.
1887 1520 1978 1547 Theb.
1999 1529 2036 1554 12,
2055 1524 2104 1554 562.
2132 1521 2262 1547 Fulminis
2280 1521 2416 1549 iaculator.

258 1569 340 1597 Ouid.
355 1568 442 1595 Trist.
464 1577 484 1599 3,
498 1576 536 1607 ,¹0⁵
552 1574 586 1599 13.
656 1565 762 1600 Saepius
783 1563 880 1590 iae’tata
897 1564 927 1589 in
947 1564 1036 1589 senatu
1057 1562 1096 1589 Re
1122 1561 1183 1588 Liu.
1202 1569 1245 1592 22,
1267 1567 1304 1591 23.
1367 1558 1460 1586 Audax
1473 1558 1604 1584 iaculator
1615 1555 1758 1583 Enceladus
1777 1556 1846 1582 Hor.
1861 1557 1950 1583 Carin.
1964 1565 1989 1588 3,
2001 1565 2030 1590 4,
2043 1559 2082 1589 56.
2119 1557 2194 1593 Caris.
2207 1557 2286 1583 Ouid.
2300 1551 2362 1583 Met.
2377 1564 2416 1588 η,

257 1605 348 1632 Terra
362 1604 455 1630 iactata
468 1603 657 1643 Virg.nGeorg.
671 1610 695 1631 2,
709 1608 771 1633 249.
1368 1603 1424 1628 330.
1496 1592 1656 1620 Iaculatores
1667 1592 1784 1618 dicuntur
1801 1591 1944 1622 Deermre,
1962 1592 2016 1618 vid.
2040 1599 2171 1619 DEERRO.
2231 1592 2417 1623 Iaculatorem,

296 1648 305 1666 1
316 1647 336 1666 Λ
346 1647 362 1666 c
371 1646 392 1666 T
402 1646 453 1666 ΑΤ
462 1645 483 1663 ν
494 1646 506 1664 s
515 1657 524 1670 ,
545 1646 584 1662 us.
602 1646 638 1662 in.
676 1636 741 1662 Plin.
757 1643 795 1668 14,
813 1641 838 1663 18
867 1633 896 1660 de
921 1636 979 1660 vini
999 1632 1144 1669 quibusdam
1166 1629 1306 1668 generibus,
1311 1641 1349 1667 40
1363 1637 1412 1666 pro
1426 1628 1552 1664 piscatore
1560 1627 1665 1663 posuiſje
1677 1627 1798 1654 Plautum
1811 1630 1839 1653 in
1852 1627 1956 1662 quadam
1969 1628 2091 1655 comoedia
2108 1628 2190 1664 refert
2200 1627 2313 1655 Isidorus
2322 1646 2332 1660 ,
2346 1637 2358 1653 e
2370 1634 2419 1662 qua
2474 1645 2475 1650 ,

258 1675 301 1702 Sic
320 1681 345 1701 et
364 1675 433 1701 mari
453 1673 595 1707 nauigato,
614 1672 689 1698 cuius
706 1670 817 1696 iactatus
836 1669 894 1702 his,
919 1677 986 1703 quae
1004 1668 1175 1700 durauerint,
1200 1672 1305 1693 tantuin
1369 1666 1415 1694 hoc
1429 1665 1522 1698 affert,
1539 1664 1640 1690 Probus
1656 1664 1766 1698 quidem
1779 1669 1855 1689 antea
1866 1662 1996 1689 iaculator
2010 1672 2075 1690 eras.

258 1710 394 1739 vetustatis
407 1709 522 1736 adiicere
535 1707 646 1733 sentitur
654 1726 663 1739 ,
683 1711 810 1741 quantum
830 1703 982 1731 habuerint.
1052 1705 1199 1730 Pennarum
1225 1702 1305 1728 iaeta-
1408 1708 1449 1728 1A
1457 1707 1502 1727 CV
1510 1707 1527 1726 L
1536 1700 1586 1727 ᾸΤ
1594 1707 1613 1725 R
1623 1707 1631 1725 1
1642 1707 1659 1726 x
1669 1719 1677 1732 ,
1697 1700 1754 1725 icis.
1776 1699 1797 1725 f.
1835 1699 2041 1735 [σαμμυκιςρῐς]
2078 1699 2164 1726 Diana
2176 1696 2318 1725 iaculatrix
2337 1659 2433 1730 Oui*l

259 1753 301 1773 tus
320 1746 401 1772 Ouid.
414 1746 477 1771 Met.
496 1746 522 1776 6,
535 1751 594 1778 703.
1370 1738 1435 1764 Met.
1450 1744 1473 1769 5,
1486 1743 1541 1769 373.
1578 1735 1651 1770 Cous.
1665 1734 1731 1761 Fast.
1744 1743 1770 1765 2,
1782 1741 1831 1767 155.
2413 1731 2418 1759 ξ

297 1789 306 1807 ι
316 1789 338 1807 A
346 1788 363 1807 c
371 1787 393 1807 T
401 1788 423 1806 A
432 1787 454 1806 T
465 1787 472 1804 1
484 1786 503 1805 ο
513 1799 521 1810 ,
541 1779 608 1804 onis.
639 1777 661 1803 f.
698 1775 874 1810 [ἄναρίπτησις
887 1774 899 1808 ]
936 1773 993 1813 Cic.
1012 1781 1062 1807 pro
1079 1774 1199 1799 Muracn.
1213 1779 1232 1804 4
1257 1779 1278 1796 c.
1292 1778 1306 1795 2
1409 1779 1419 1797 1
1428 1778 1450 1796 A
1458 1778 1474 1797 c
1484 1778 1504 1795 v
1514 1776 1530 1795 1.
1542 1777 1562 1795 A
1573 1776 1589 1796 B
1598 1769 1611 1795 f
1622 1777 1637 1794 1.
1647 1777 1655 1795 1
1666 1777 1678 1796 s
1687 1789 1695 1801 ,
1714 1779 1736 1795 e.
1756 1768 1815 1795 Adi.
1852 1770 1866 1803 [
1872 1769 2013 1803 οἷκοντιςᾶς]
2048 1769 2123 1805 Quod
2132 1754 2265 1795 iac-uland?
2274 1769 2355 1792 cmitti
2364 1771 2411 1800 pot

259 1818 322 1850 Qio
336 1815 441 1841 tandem
458 1814 548 1839 animo
563 1822 605 1838 me
625 1812 674 1838 esse
693 1817 813 1845 oportet,
835 1817 918 1843 prope
936 1817 989 1835 iam
1006 1817 1037 1834 ex
1056 1816 1149 1841 magna
1166 1805 1347 1838 iaffiatione45
1372 1804 1421 1838 est:
1442 1811 1486 1834 ut,
1500 1804 1602 1830 Telum
1622 1803 1763 1830 iaculabile
1785 1804 1867 1830 Ouid.
1880 1805 1945 1830 Met.
1963 1812 1990 1838 7,
2004 1807 2063 1834 680.
2135 1802 2240 1830 Pondus
2253 1803 2314 1829 Stat.
2329 1801 2411 1828 The

228 1873 230 1875 >
259 1857 359 1879 terram
377 1849 528 1879 videntem,
548 1848 576 1872 in
597 1847 666 1873 hunc
680 1847 724 1872 cui
740 1845 820 1872 video
837 1844 965 1870 maximas
979 1844 1055 1877 Reip.
1075 1842 1240 1876 tempestates
1257 1841 1306 1866 effe
1373 1842 1400 1872 6,
1414 1842 1468 1872 658.
1504 1838 1577 1874 Conf.
1593 1838 1686 1865 Claud.
1700 1839 1810 1872 Eutrop.
1826 1847 1851 1870 z,
1865 1841 1919 1865 166.

261 1884 415 1914 obeundas?
470 1882 582 1910 Iactatio
595 1881 715 1914 corporis
733 1880 790 1905 Cic.
806 1880 834 1905 in
846 1879 920 1904 Orat.
934 1880 967 1908 86
980 1887 1002 1904 c.
1019 1885 1055 1910 ες.
1108 1877 1240 1910 Lapidum
1255 1876 1309 1906 Hy.
1410 1882 1449 1901 iA
1459 1880 1476 1901 C
1487 1881 1508 1899 V
1518 1881 1534 1899 L
1544 1881 1651 1900 ATOR
1661 1882 1670 1899 1
1680 1881 1738 1906 vs,
1757 1883 1790 1906 a,
1810 1883 1864 1900 um.
1900 1873 1961 1900 Adi.
1998 1874 2073 1908 Quod
2082 1874 2118 1900 ad
2135 1875 2300 1905 iaculatores,
2312 1873 2394 1899 iacula
2410 1896 2412 1898 .

261 1924 317 1958 gin.
331 1921 434 1948 Astron.
448 1927 464 1946 2
477 1928 497 1945 c·
512 1923 548 1947 28.
600 1916 749 1943 Vulnerum
765 1914 912 1952 Cum-621,
925 1919 947 1944 ς.
1010 1911 1122 1937 Ia&atio
1139 1911 1175 1936 cst
1188 1910 1309 1942 voluptas
1372 1910 1428 1935 diue
1442 1916 1520 1935 artem
1534 1912 1655 1943 pertinet.
1690 1910 1724 1934 Vt
1737 1910 1851 1941 Campus
1866 1909 2054 1940 iaculatorius,
2078 1913 2106 1935 in
2124 1918 2170 1943 quo
2191 1910 2339 1934 iaculatores
2357 1917 2398 1934 exe
2411 1917 2414 1922 ’
2439 1903 2442 1905 ⁴

262 1957 409 1994 gestientis,
422 1961 447 1981 et
462 1955 486 1981 se
500 1952 632 1980 efferentis
645 1949 799 1977 insolentius
814 1948 870 1974 Cic.
880 1947 964 1973 Tusc.
977 1954 1006 1978 4,
1018 1954 1047 1972 21
1062 1955 1082 1971 c.
1097 1954 1122 1977 9.
1192 1944 1310 1969 Insolen-
1374 1949 1478 1974 centur,
1499 1945 1531 1968 In
1553 1951 1598 1976 quo
1620 1944 1768 1968 iaculatores
1783 1945 1925 1969 iaculantur
1941 1943 2078 1968 ordinas-ie.
2134 1943 2263 1977 leianus
2279 1944 2311 1970 D.
2323 1943 2356 1970 ad
2374 1943 2415 1970 le

261 1995 328 2022 tiam
352 1998 378 2019 et
400 1990 570 2018 iactationem
592 1987 733 2014 hominum
755 1985 827 2011 serre
856 1982 928 2009 Cael.
949 1981 980 2007 ad
994 1982 1049 2007 Cic.
1064 1981 1134 2006 Fam.
1157 1984 1180 2011 8,
1201 1980 1230 2005 16
1245 1982 1350 2007 extr.50
1375 1977 1466 2012 Aquil.
1488 1976 1506 2003 l.
1527 1978 1594 2002 Item
1613 1977 1630 2002 li
1651 1977 1779 2003 obstetrix
1795 1975 1819 2012 §.
1840 1976 1890 2003 Sed
1909 1977 1972 2010 etfl,
1993 1978 2020 2004 Si
2040 1987 2054 2004 a
2072 1978 2249 2006 iaculantibus
2263 1988 2311 2013 per
2327 1971 2424 2008 iusu‘

263 2027 444 2057 Circulatoria
461 2023 593 2059 Qiinffll.
612 2031 638 2054 2,
657 2031 685 2055 4.
756 2019 915 2054 Eloquentia
940 2016 1050 2043 forensis
1068 2015 1240 2042 iaciationem
1264 2013 1311 2040 ha·
1375 2014 1465 2040 seruus
1485 2012 1568 2038 fuerit
1587 2013 1703 2044 occisus,
1717 2013 1844 2048 Aquiliae
1863 2013 1937 2039 locus
1957 2013 2001 2039 est.
2039 2013 2088 2040 Sed
2101 2014 2119 2039 fi
2134 2015 2240 2049 (inquit
2253 2013 2412 2041 Iurisconsul

262 2066 322 2093 buit
342 2065 370 2090 in
387 2061 486 2098 populo
507 2061 563 2086 Cic.
576 2059 606 2085 in
619 2059 692 2085 Orat.
704 2065 725 2084 c.
739 2064 759 2087 3.
795 2054 869 2087 Conf.
888 2054 927 2093 Id.
943 2052 975 2078 de
990 2052 1082 2085 Arusp.
1096 2051 1171 2084 Resp.
1185 2059 1207 2076 c.
1222 2058 1265 2075 20.
1286 2055 1311 2074 et
1375 2052 1435 2081 tus)
1447 2057 1529 2083 quum
1542 2047 1589 2074 alii
1605 2048 1634 2074 in
1653 2057 1746 2083 campo
1760 2048 1953 2080 iacularentur‚
1973 2049 2062 2075 seruus
2082 2059 2129 2084 per
2142 2059 2204 2076 eum
2217 2050 2306 2076 locum
2320 2044 2427 2077 n-anfiea'¹

265 2101 298 2128 de
312 2102 389 2126 Prou.
404 2098 481 2125 Cons.
501 2105 522 2122 c.
538 2098 574 2122 16.
652 2090 789 2127 Popularis
807 2089 931 2128 iadkat'io,
952 2094 1002 2122 pro
1021 2088 1109 2112 Gloria
1128 2093 1151 2111 et
1169 2088 1243 2124 uanis
1254 2084 1311 2118 ser-
1375 2085 1427 2124 rit,
1442 2083 1550 2123 Aquilia
1568 2084 1656 2110 cessat:
1688 2085 1752 2119 quia
1773 2093 1828 2110 non
1848 2083 1941 2111 debuit
1961 2093 2008 2119 per
2027 2094 2149 2120 campum
2167 2085 2354 2113 iaculatorium
2372 2086 2408 2112 ite
2429 2098 2432 2102 ι

264 2135 384 2164 monibus.
440 2133 496 2160 Cic.
510 2140 559 2166 pro
571 2129 674 2159 Cluent.
687 2136 718 2161 93
734 2136 756 2152 c.
770 2133 796 2158 33
828 2124 945 2158 Optimis
964 2121 1054 2161 hercle
1068 2119 1241 2158 temporibus
1252 2125 1309 2144 tum
1375 2119 1561 2157 intempestiue
1576 2119 1671 2145 facere.
1709 2119 1765 2153 Qui
1784 2125 1873 2146 tamen
1887 2119 1946 2147 data
1959 2129 2040 2155 opera
2055 2120 2084 2147 in
2098 2129 2159 2147 eum
2173 2121 2298 2148 iaculatus
2310 2121 2362 2155 est,
2373 2088 2442 2167 vag

264 2180 349 2208 quum
362 2169 483 2196 homines
504 2169 529 2194 se
540 2175 595 2193 non
604 2163 753 2191 iactatione
767 2159 906 2196 populari,
925 2156 968 2197 sed
980 2156 1124 2195 dignitate,
1142 2160 1222 2188 atque
1234 2161 1312 2178 inno·
1318 2158 1347 2184 53
1376 2162 1428 2188 que
1441 2153 1549 2187 Aquilia
1561 2154 1704 2181 tenebitur.
1751 2156 1842 2182 Preces
1854 2156 2027 2184 iaculatoriae
2040 2157 2148 2193 August,
2163 2156 2242 2193 Epist,
2256 2165 2309 2186 120.

266 2207 354 2235 centia
372 2205 523 2232 tuebantur.
596 2198 762 2228 Eruditionis
782 2195 891 2223 ia6‘mtio
915 2191 1046 2226 Qimeul.
1062 2200 1082 2223 1,
1095 2198 1117 2224 ς.
1188 2189 1311 2222 Tempo-

266 2252 326 2271 rum
340 2241 491 2268 nostrorum
504 2236 614 2264 iactatio
636 2235 710 2262 Idem
724 2243 751 2267 4,
766 2242 786 2265 1,
798 2240 823 2265 9.
841 2234 859 2257 i.
879 2238 945 2270 nunc
963 2226 1063 2267 vfitata.
1116 2224 1189 2251 Idem
1205 2233 1238 2257 ιι,
1252 2232 1272 2255 ι,
1286 2230 1311 2263 13
1641 2227 1655 2258 ι
1711 2229 1739 2258 A
1797 2228 1827 2258 D
1900 2238 1930 2261 et
2000 2230 2015 2260 I
2069 2230 2098 2262 Λ
2152 2231 2177 2262 L

267 2278 363 2306 Omnis
382 2276 422 2302 sui
436 2274 533 2301 vitiosa
552 2271 660 2298 iactatio
680 2269 733 2301 est,
751 2269 919 2302 eloquentiae
938 2270 1025 2291 tamen
1045 2271 1072 2288 in
1086 2267 1192 2287 oratore
1212 2268 1313 2294 praeci-

267 2323 332 2350 pue:
352 2312 480 2345 affertque
497 2306 667 2336 audientibus
686 2313 741 2331 non
760 2302 896 2330 fastidium
914 2299 1013 2331 modo,
1033 2297 1076 2338 sed
1097 2297 1313 2335 plerumque-et·
1335 2304 1343 2311 ·
1412 2302 1536 2323 1ADER
1547 2302 1586 2336 Al,
1599 2303 1637 2322 ae.
1654 2295 1675 2322 f.
1694 2296 1795 2332 Illyrici
1808 2298 1939 2334 oppidum,
1952 2298 2111 2332 Apolloniae
2129 2304 2156 2326 et
2173 2300 2283 2327 Salonae
2298 2300 2428 2332 vicinum,

267 2352 322 2377 iam
334 2348 436 2375 odium.
508 2345 564 2372 Cic.
580 2344 651 2370 Fam.
667 2350 697 2372 ιι,
710 2349 741 2366 20
780 2339 852 2366 Nam
866 2337 897 2363 de
915 2342 962 2362 tuo
982 2332 1117 2369 periculo,
1136 2331 1214 2360 crede
1233 2330 1355 2362 m1h1,60
1377 2330 1435 2364 teste
1448 2333 1597 2366 Pomponio
1616 2340 1640 2363 2,
1659 2339 1682 2364 3.
1736 2332 1844 2359 Iadcrae
1862 2336 1973 2360 meminit
1992 2339 2016 2358 et
2034 2333 2101 2359 Plin.
2112 2342 2136 2367 3,
2148 2343 2178 2361 21
2198 2342 2261 2362 exer.
2287 2338 2315 2361 in
2334 2335 2425 2370 destri-

268 2385 413 2414 iactatione
425 2381 588 2411 verborum,
600 2385 625 2405 et
640 2375 839 2404 denuntiatione
851 2371 973 2407 periculi,
985 2377 1030 2396 etc.
1372 2371 1461 2403 ptione
1480 2368 1623 2394 Liburniae.
2462 2355 2463 2380 l

306 2428 316 2447 1
326 2428 348 2447 A
356 2426 372 2447 c
381 2426 402 2445 Τ
413 2420 435 2445 ,οῖ
444 2425 465 2445 Τ
478 2422 497 2443 o
508 2423 526 2443 R
535 2435 542 2447 ,
562 2414 626 2441 oris.
651 2422 685 2438 m.
724 2409 869 2444 [κομπαςὴς
877 2428 885 2440 ,
900 2405 1019 2440 α’λαζών]
1057 2403 1192 2443 Gloriosus.
1228 2401 1315 2435 Qiin-
1418 2411 1427 2429 l
1438 2410 1460 2429 A
1469 2411 1485 2430 L
1494 2410 1513 2430 D
1521 2410 1543 2430 A
1554 2408 1571 2429 B
1581 2409 1601 2428 Α
1611 2410 1630 2430 0
1640 2408 1663 2429 T
1672 2408 1693 2428 H
1702 2422 1710 2434 ,
1737 2404 1804 2429 Aeon
1815 2407 1972 2439 primarius,
1984 2403 2013 2430 de
2026 2407 2073 2439 quo
2083 2405 2160 2432 multa
2165 2403 2279 2440 fabulati
2284 2404 2347 2441 sunt
2359 2406 2424 2432 Hac-

268 2456 324 2484 ἂῃ,
340 2464 372 2487 ¹1,
386 2463 396 2480 1
416 2453 444 2480 dg
459 2453 587 2481 Cicerone,
606 2450 631 2475 Is
644 2447 755 2483 quidem
768 2454 857 2472 rerum
870 2452 885 2469 a
898 2443 923 2468 se
935 2442 1064 2476 gestarum
1072 2447 1159 2466 maior
1170 2437 1315 2478 quam—ello-
1379 2440 1463 2466 retici.
1506 2438 1566 2465 Vid.
1587 2437 1706 2465 Tertull.
1721 2437 1753 2464 de
1767 2439 1918 2474 Praescript.
1934 2449 1956 2466 c.
1970 2447 2015 2474 47.

268 2492 394 2528 quentiae
407 2489 460 2515 fuit
474 2488 503 2514 in
518 2484 686 2513 orationibus
698 2482 791 2517 vtique
805 2479 927 2519 iadiator.
964 2476 1033 2503 Gell.
1049 2480 1083 2506 18,
1096 2483 1122 2515 a..
1194 2473 1318 2514 Ciuilita-
1418 2482 1427 2500 1
1439 2480 1486 2501 AL
1496 2471 1548 2500 §M
1558 2481 1579 2500 V
1589 2481 1619 2505 s,
1640 2474 1659 2499 i.
1687 2483 1723 2500 m.
1760 2474 1883 2510 Calliopae
1894 2474 1983 2510 filius,
2003 2478 2031 2500 in
2047 2473 2116 2510 poifi
2130 2473 2251 2510 frigidus
2272 2480 2295 2501 et
2319 2478 2424 2510 ineptus.

268 2529 303 2555 tis
322 2526 434 2553 iactator
461 2524 531 2550 Suet.
549 2520 642 2548 Claud.
661 2528 683 2546 e.
697 2525 733 2551 35.
797 2516 873 2555 *Acer
894 2522 923 2540 ιιι
943 2512 1063 2553 absentes
1083 2510 1188 2544 linguae
1198 2508 1318 2550 ,ιαδῐίιῑοι
1332 2506 1364 2539 65
1387 2509 1447 2537 Vid.
1460 2509 1566 2545 Htsych.
1580 2515 1604 2534 et
1615 2510 1723 2535 Luciani
1733 2510 1845 2544 Apopbr.
1854 2516 1883 2544 p.
1899 2520 1949 2544 445
1965 2510 2009 2536 Ed.
2024 2511 2112 2536 Grata.
2129 2512 2191 2536 Item
2199 2510 2300 2536 Carmen
2313 2510 2427 2545 lugubre.-

269 2564 344 2590 Idem
358 2562 386 2588 in
399 2561 507 2593 Eutrop.
521 2566 547 2590 2,
558 2562 615 2589 380.
687 2550 850 2581 Immodicus
864 2556 969 2585 proprii
982 2547 1094 2574 metator
1106 2545 1219 2573 honoris
1243 2543 1319 2571 Idem
1383 2544 1499 2580 Apollon.
1515 2555 1543 2579 4,
1555 2553 1622 2584 1304.
1645 2544 1739 2570 Athen.
1758 2554 1795 2578 ¹4·
1838 2544 1895 2570 Vz'd.
1915 2543 1979 2578 Voffi
1994 2544 2057 2578 Inst.
2073 2547 2148 2572 Orat.
2156 2554 2172 2577 3
2188 2551 2216 2580 p.
2231 2554 2283 2580 413.
2320 2546 2388 2571 Hinc
2405 2550 2430 2571 et

270 2599 301 2626 in
314 2599 362 2625 sec.
375 2597 453 2624 Confi
465 2594 523 2621 δῶ.
537 2595 562 2619 6.
818 2622 823 2627 ⁴
1384 2581 1502 2607 Prouerb.
1516 2580 1610 2606 Ialemi
1623 2579 1768 2606 cantilena:
1792 2586 1838 2614 pro
1859 2580 2007 2616 Miserabili.
2028 2581 2122 2616 Erasm.
2139 2580 2224 2617 Δάας.
2244 2582 2330 2614 Burni.
2344 2579 2432 2617 praef.

309 2640 348 2662 IA
358 2637 511 2660 cTATR1
521 2637 539 2656 χ
549 2648 556 2659 ‚
574 2627 632 2653 ῐςὶς,
650 2625 670 2652 f.
706 2623 785 2659 Apud
799 2622 891 2649 Sidon.
928 2641 935 2647 .
974 2640 981 2647 .
1019 2639 1027 2646 .
1383 2615 1418 2643 ad
1432 2615 1576 2642 Philelcuth.
1592 2615 1661 2650 Lips.
1677 2615 1778 2650 Obseru.
1790 2619 1817 2641 in
1832 2616 1967 2642 Menandr-

309 2677 321 2696 1
330 2676 351 2695 A
362 2674 380 2695 c
392 2674 414 2694 T
425 2664 437 2693 ἴ
448 2672 469 2692 Τ
479 2671 498 2690 0
510 2684 518 2696 ,
543 2673 558 2689 a
585 2662 658 2689 laeto
667 2681 675 2693 ,
693 2665 745 2686 fite.
783 2656 956 2693 [ῥιπτάζομαι
969 2659 981 2689 ]
1016 2654 1078 2681 Liu.
1097 2660 1125 2688 7,
1144 2660 1156 2678 2
1178 2653 1322 2692 'quentuffi
1424 2657 1435 2676 1
1446 2657 1468 2677 A
1478 2657 1493 2675 L
1503 2651 1579 2676 Y'so
1588 2656 1600 2676 S
1609 2669 1617 2682 ,
1637 2651 1677 2676 vel
1704 2656 1714 2675 1
1725 2656 1772 2676 AL
1786 2656 1806 2676 Υ
1817 2658 1829 2677 S
1839 2657 1852 2677 S
1861 2657 1881 2675 V
1890 2658 1913 2683 s,
1924 2651 1942 2677 i.
1956 2661 1990 2677 ιιι.
2011 2650 2157 2687 [Ἰάλυσος]
2179 2651 2244 2678 Solis
2253 2651 2345 2687 filius,
2357 2661 2373 2678 a
2387 2655 2443 2687 quo*

272 2702 450 2733 histrionibus
463 2698 621 2726 fabellarum
639 2696 699 2723 asilu
712 2694 824 2723 relicto,
847 2693 902 2727 ipsa
922 2692 992 2718 inter
1006 2691 1032 2717 se
1045 2698 1121 2717 more
1131 2693 1242 2722 antiquo
1256 2686 1322 2713 tidi—
1336 2691 1372 2720 70
1386 2689 1461 2713 etiam
1474 2694 1559 2712 nomen
1571 2685 1643 2712 hahet
1656 2694 1706 2711 vna
1719 2685 1748 2711 de
1760 2685 1842 2712 tribus
1855 2686 1973 2719 urbibus,
1992 2696 2003 2712 e
2021 2686 2108 2722 quibus
2121 2696 2211 2724 magna
2222 2688 2282 2714 vrbs
2292 2687 2394 2714 Rhodus
2404 2689 2434 2715 in
2445 2703 2456 2713 ⁴=

274 2741 333 2768 cula
348 2739 449 2765 intexta
458 2734 593 2765 versibus,
607 2732 727 2759 iae-titan.
741 2728 837 2762 coepit,
893 2762 899 2766 ⁸
965 2761 970 2766 .
1093 2759 1097 2763 -
1273 2757 1278 2762 ¹
1387 2721 1468 2758 insula
1486 2724 1628 2757 cognomine
1644 2722 1745 2747 coaluit.
1783 2721 1939 2756 Nobilis-lima
1960 2722 2064 2757 pictura
2078 2721 2152 2754 Ialyfi
2171 2732 2186 2749 a
2206 2724 2341 2759 Protogene
2359 2721 2456 2750 etabosss·

313 2780 429 2801 1ACT1
440 2778 460 2797 T
471 2776 577 2797 ABVN
587 2775 635 2793 DV
646 2775 658 2793 s
668 2786 676 2798 ‚
699 2774 730 2797 a,
756 2773 811 2790 um.
848 2761 910 2789 Adi.
946 2760 1037 2788 Sidon.
1052 2758 1132 2795 Epist.
1151 2767 1174 2791 3,
1192 2766 1217 2790 13
1248 2758 1323 2784 Citra
1388 2764 1460 2788 rata,
1478 2763 1581 2797 propter
1602 2766 1673 2792 quam
1694 2756 1752 2783 urbi
1766 2757 1913 2783 Poliorcetes
1931 2759 2072 2784 Demetrius
2084 2761 2206 2793 pepercit.
2250 2758 2306 2785 Vid.
2325 2758 2392 2785 Plin.
2411 2765 2425 2788 ς
2450 2758 2457 2786 ,l

275 2809 419 2839 honestatis
431 2807 548 2833 nitorem
567 2800 752 2829 iactitabundi.
1390 2801 1425 2826 31.
1463 2793 1519 2819 Cic.
1541 2793 1568 2818 in
1588 2792 1661 2818 Orat.
1679 2801 1702 2818 2.
1737 2791 1810 2818 Idem
1830 2793 1882 2818 Ati.
1895 2801 1921 2825 2,
1936 2802 1969 2819 21.
2008 2793 2074 2820 Plin.
2093 2802 2131 2827 33,
2150 2803 2187 2820 10.
2225 2794 2291 2822 Geli.
2312 2801 2372 2827 15c.
2386 2792 2435 2820 vlt-¹

314 2842 507 2873 1ACx‘V'LVM
522 2860 531 2872 ‚
557 2838 575 2865 i.
602 2847 627 2864 n.
665 2835 805 2869 [indm-cor,
826 2830 913 2864 βολὴ,
934 2830 1049 2864 κ’γκύλη,
1072 2830 1177 2865 aucupia]
1219 2830 1324 2869 [ii-:itur
1389 2829 1489 2856 Aelian.
1508 2825 1574 2860 Hist.
1594 2829 1671 2854 Varr.
1684 2837 1721 2859 12,
1734 2837 1763 2861 41
1808 2828 1862 2854 Cic.
1883 2828 1916 2854 de
1930 2829 1965 2855 N.
1982 2830 2014 2855 D.
2035 2838 2058 2861 3,
2079 2837 2119 2862 54.
2156 2831 2208 2855 Oui
2227 2830 2323 2861 Ialysus
2341 2829 2429 2865 fuerit

277 2880 400 2920 quidquid
411 2882 437 2905 in
450 2878 548 2912 longum
562 2876 612 2900 iaci
622 2870 710 2908 potast.
747 2869 924 2896 Plaut.Truc.
939 2876 957 2898 1,
971 2877 989 2900 i,
1004 2876 1035 2900 14
1054 2865 1324 2898 Tentantbenignus-
1338 2870 1371 2899 75
1390 2874 1437 2890 non
1449 2863 1532 2899 satis,
1551 2869 1580 2889 vt
1592 2862 1629 2898 fit
1641 2863 1792 2898 infabulis‚
1806 2861 1909 2896 constat.
1946 2865 2098 2900 Mosellanus
2111 2855 2250 2891 ven'aTorem
2262 2863 2342 2900 fuisse
2355 2864 2439 2901 suspi-

279 2927 329 2950 ne,
349 2925 382 2943 an
400 2915 486 2941 bonae
500 2911 570 2942 frugi
591 2909 650 2935 sies:
677 2905 747 2941 quasi
766 2906 794 2931 in
815 2904 956 2939 piscinam,
970 2909 1026 2929 rete
1046 2902 1093 2936 qui
1113 2900 1227 2927 iaculum
1241 2905 1324 2934 parat,
1390 2905 1479 2931 catur,
1499 2908 1514 2924 a
1527 2907 1571 2933 quo
1585 2907 1670 2925 nomen
1687 2899 1747 2925 vrbs
1766 2902 1906 2934 acceperit,
1926 2903 1994 2936 eique
2005 2900 2035 2926 id
2051 2900 2144 2926 indicio
2162 2898 2220 2932 effe,
2233 2899 2298 2934 quod
2310 2895 2364 2926 cum
2378 2891 2455 2930 cani

280 2952 387 2990 quando
409 2949 477 2977 abiit
495 2952 550 2974 rete
571 2944 685 2980 pessum,
699 2941 815 2968 abducit.
872 2938 945 2965 Idem
963 2938 991 2964 in
1012 2937 1080 2964 Asin.
1101 2945 1121 2970 1,
1136 2946 1155 2969 1,
1171 2938 1202 2967 86
1231 2935 1324 2962 Iubeas
1384 2938 1510 2971 pingatur
1522 2933 1628 2966 Ialysus.
1665 2934 1727 2961 Sunt
1741 2937 1784 2970 qui
1797 2941 1889 2970 putent
1901 2936 2020 2971 Satyrum
2033 2936 2078 2961 hoc
2097 2934 2294 2970 nomineju1ſj};
2313 2937 2361 2962 4211,-
2374 2937 2452 2964 ΒΔΕ,

281 2998 333 3016 vna
347 2995 428 3022 opera
440 2993 482 3011 me
495 2982 590 3017 piscari
603 2981 631 3006 in
642 2981 702 3006 aere
711 2997 719 3010 ,
739 2976 832 3003 venari
845 2975 896 3001 reti
910 2974 997 3001 iaculo
1010 2982 1086 3008 apros
1100 2973 1129 2998 in
1142 2971 1232 2999 medio
1247 2971 1324 2998 mari.
1391 2971 1478 3002 chum,
1502 2971 1544 3004 qui
1565 2979 1580 2995 a
1593 2969 1700 2995 Rhodiis
1722 2972 1760 2996 ita
1780 2977 1924 2997 vocaretur:
1961 2969 2068 2997 Pindari
2086 2973 2236 3004 interpretes
2255 2974 2328 2997 aiunt
2351 2973 2451 3001 Cerca·.

281 3026 358 3061 chm
372 3024 449 3049 locum
463 3021 510 3046 alii
522 3019 611 3044 aliter.-
624 3014 672 3051 sed
683 3018 797 3053 corrupoe
810 3012 902 3046 legunt.
946 3009 1027 3036 Iaculi
1041 3009 1147 3049 Colum.
1165 3010 1190 3038 6,
1203 3015 1224 3039 2,
1236 3016 1255 3040 4
1265 3006 1326 3047 sub·
1390 3006 1465 3042 phum
1479 3005 1542 3032 Solis
1555 3004 1675 3047 et‘Rhodi
1690 3005 1821 3040 Nymphae
1826 3005 1926 3040 filium,
1941 3005 2071 3040 tres-filios
2078 3004 2216 3040 procreaffi
2224 3025 2231 3037 ‚
2245 3006 2366 3038 Ialysum,
2378 3008 2455 3041 Lina,N
2468 3022 2469 3026 ,

281 3065 330 3088 int.
345 3059 439 3094 fimes,
453 3054 500 3088 nili
513 3054 587 3088 forte
604 3052 651 3087 leg.
665 3049 762 3084 laquei.
819 3047 898 3076 Rete,
912 3054 967 3079 quo
985 3044 1143 3078 gladiatores
1159 3044 1202 3069 seu
1221 3049 1327 3070 retiarii
1344 3048 1377 3074 80
1393 3041 1464 3072 dum,
1477 3047 1500 3066 et
1520 3040 1660 3072 Camirum,
1675 3044 1717 3075 qui
1742 3047 1794 3067 tres
1811 3044 1928 3067 ciuitates
1945 3044 1973 3067 in
1990 3040 2076 3068 Rhodo
2097 3041 2211 3067 conditas
2224 3041 2282 3078 fitis
2300 3041 2440 3069 nominibus

282 3095 442 3124 vtebantur‚
459 3089 560 3117 dietum
579 3086 694 3114 iaculum
710 3083 801 3111 Isidor.
816 3086 852 3113 18,
867 3089 912 3120 54.
963 3081 1000 3106 Hi
1018 3080 1104 3106 iaculo
1117 3079 1214 3113 pisces,
1228 3079 1276 3115 ‚illi
1289 3086 1328 3104 ca·
1392 3076 1556 3114 appellarunt.
1600 3076 1687 3101 Strabo
1702 3086 1741 3110 14·
2411 3083 2413 3085 ι
2441 3068 2447 3089 ¹.
2468 3090 2469 3099 ἶ

284 3132 395 3167 piuntur
410 3128 442 3155 ab
455 3125 556 3157 hamis,
578 3124 633 3149 Hos
647 3129 709 3148 caua
727 3123 851 3146 contento
865 3122 931 3143 retia
948 3116 1011 3141 fune
1031 3115 1136 3141 trahunt
1154 3114 1236 3141 Ouid.
1249 3115 1280 3140 A.
1295 3114 1327 3139 A.
1435 3120 1444 3138 1
1458 3118 1504 3138 AL
1515 3118 1532 3135 Y
1543 3116 1555 3135 S
1568 3117 1577 3135 1
1589 3117 1641 3142 vs,
1655 3120 1679 3143 a,
1692 3120 1746 3137 um.
1768 3110 1830 3139 Adi·
1865 3110 1946 3139 Ouid¹
1959 3112 2025 3138 Met.
2039 3118 2065 3146 7,
2083 3113 2128 3145 365
2145 3110 2349 3148 Phoebeamque
2366 3113 2440 3140 Rho-

284 3177 294 3196 1
318 3168 376 3201 763.
413 3165 463 3190 His
483 3164 544 3188 locis
566 3157 638 3185 duffl
661 3156 819 3184 arbitrantur
839 3150 999 3179 Adiefliuum
1019 3150 1207 3183 effi‚13culus,
1223 3159 1253 3182 a,
1272 3158 1327 3176 um·
1394 3147 1489 3180 don'et
1501 3144 1607 3179 Ialysios
1615 3146 1769 3174 Telchinas·

286 3188 309 3230 ἐι
334 3199 526 3237 quandocunque
540 3194 658 3221 iaculum
680 3191 786 3228 absolute
801 3191 924 3228 ponitur,
942 3186 1010 3212 Teli
1035 3195 1082 3211 uox
1098 3185 1269 3225 subaudienda
1286 3183 1328 3217 est.
1781 3186 1795 3216 I
1893 3185 1920 3215 A
2018 3183 2057 3215 1ss

286 3238 404 3266 Iaculum
423 3235 522 3268 (inquit
534 3232 621 3256 Varro
634 3228 665 3255 de
677 3228 707 3254 L.
720 3228 749 3253 L.
762 3236 790 3260 4,
804 3226 856 3258 24)
874 3222 988 3263 ἀιειιιιι,
1006 3221 1081 3261 quod·
1096 3226 1123 3246 vt
1140 3227 1250 3247 iaciatur
1261 3240 1270 3253 ,
1290 3220 1328 3246 fit.
1347 3223 1376 3252 85
1589 3250 1594 3261 1
2318 3235 2322 3239 μ

288 3272 380 3300 A¹¹d³x
403 3269 496 3297 meldis
519 3266 565 3293 ΞΠ·
586 3274 611 3296 2’
648 3284 655 3291 ’
691 3283 699 3289 “
805 3259 915 3293 Infigms
934 3257 1022 3284 memo
1047 3257 1124 3290 Vffg·
1139 3256 1207 3295 Affi‘.
1218 3265 1255 3288 ¹02
1270 3263 1330 3290 754-
1434 3263 1445 3282 1
1456 3261 1520 3282 ΑΜ·
1556 3250 1621 3286 [ἤδη
1634 3255 1646 3286 ]
1680 3253 1748 3280 Aa...
1767 3256 1885 3290 temporis
1894 3253 2049 3289 Praffintis,
2062 3263 2108 3290 quo
2121 3261 2228 3282 utuntur
2242 3259 2270 3283 in
2283 3258 2366 3283 variis
2379 3254 2442 3289 affe.

288 3308 363 3336 Missa
376 3305 522 3333 iamlomm
536 3300 614 3328 turba
625 3299 706 3327 ΘΗΜ.
719 3306 750 3323 ex
763 3298 848 3323 pomo
860 3303 883 3327 3’
897 3302 923 3328 7'
938 3301 975 3326 35'
1045 3292 1158 3318 Amnum
1176 3292 1248 3325 Vng'
1264 3292 1330 3317 Aen·
1399 3289 1489 3318 aihu-‘⁸
1526 3290 1688 3325 PWPemmis
1700 3287 1748 3321 est,
1764 3297 1787 3315 et
1794 3291 1825 3326 se
1836 3289 1934 3325 aliquid
1941 3293 2064 3330 ‚Protinus
2071 3289 2207 3327 sabim-um
2222 3292 2361 3318 indicantis
2373 3285 2442 3318 Ter.

290 3353 313 3377 3,
326 3346 371 3376 46,
396 3341 454 3367 Vid,
476 3344 552 3366 Acv
564 3343 595 3364 ο,
667 3333 756 3361 Letale
775 3331 856 3358 Ouid.
870 3330 934 3356 Met.
954 3337 976 3361 5,
996 3333 1047 3358 182·
1118 3326 1224 3353 Velocis
1252 3326 1333 3352 iaculi
1401 3327 1476 3354 Adel.
1492 3335 1518 3359 2,
1532 3333 1554 3357 2,
1569 3333 1578 3351 ι
1607 3324 1696 3356 Tace,
1711 3331 1816 3359 egomet
1835 3333 1991 3351 conueniam
2011 3334 2064 3352 iam
2085 3326 2180 3360 ipsum.
2236 3327 2308 3353 Idem
2322 3327 2404 3354 Andr.
2418 3333 2443 3360 ς,

291 3378 433 3405 certamina
452 3376 527 3409 Virg.
542 3374 637 3406 Georg.
652 3379 677 3405 z,
691 3378 744 3402 530.
816 3365 940 3400 Dirigere
952 3363 1068 3390 iaculum
1081 3362 1144 3389 totis
1157 3361 1261 3387 viribus
1275 3362 1334 3387 Sen.
1401 3371 1428 3396 4,
1440 3370 1465 3395 31
1495 3360 1575 3388 Re&e
1594 3358 1735 3386 admones:
1766 3361 1842 3387 Dauo
1860 3359 1924 3385 istuc
1944 3360 2037 3387 dedam
2054 3362 2108 3388 iam
2127 3361 2228 3397 negoti.
2301 3363 2443 3397 Increpatio
2467 3387 2468 3391 ,

292 3413 403 3448 Hippol.
417 3414 442 3438 6.
528 3408 597 3435 [clus
616 3406 708 3432 iaculis
725 3408 770 3430 aut
788 3400 891 3436 lapide,
916 3400 970 3427 vid.
992 3405 1063 3427 ICO.
1107 3433 1112 3439 ¹
1146 3396 1275 3423 Inuadere
1289 3396 1337 3422 ali·
1349 3405 1386 3431 90
1401 3406 1499 3429 morae,
1524 3396 1590 3423 Ter.
1603 3395 1668 3420 Eun.
1689 3404 1712 3427 3,
1729 3405 1756 3428 2,
1775 3404 1806 3428 39
1844 3396 1932 3421 Iamne
1958 3397 2043 3423 imus?
2117 3399 2146 3423 In
2163 3401 2291 3433 principio
2304 3398 2444 3433 „sententiae
2467 3393 2468 3421 ἶ

294 3457 374 3482 quem
393 3447 484 3474 iaculis
507 3445 552 3471 Sil.
566 3454 594 3478 4,
608 3445 664 3476 617-
752 3440 911 3472 intorquens
931 3435 1047 3462 iaculum
1078 3434 1155 3468 Vss'g·
1171 3433 1234 3472 Αθζῐ·
1255 3440 1281 3464 9,
1296 3439 1335 3471 52·
1404 3434 1460 3460 Cic.
1474 3434 1550 3459 Verr.
1563 3440 1582 3462 1,
1597 3437 1620 3462 15
1646 3432 1700 3457 Iam
1714 3431 1778 3466 quid
1799 3430 1827 3456 id
1845 3431 1876 3456 ad
1891 3432 2056 3464 Praetorem,
2071 3438 2130 3459 vter
2144 3434 2264 3467 poss‘effor
2277 3433 2323 3459 fit?
2395 3433 2445 3459 Re-
2467 3444 2468 3447 ¹

296 3483 377 3509 Ouid.
394 3484 457 3508 Met.
478 3489 501 3513 ς,
513 3490 556 3513 90.
627 3475 724 3505 Moliri
744 3474 843 3503 iacula,
866 3471 920 3498 vid.
948 3477 1080 3498 nomon.
1152 3467 1282 3495 Perlibrat
1301 3475 1338 3493 ia·
1405 3468 1539 3495 nuntiatio
1557 3467 1752 3500 perpetuitatis,
1765 3468 1847 3501 inquit
1865 3467 1997 3499 Donatus,
2013 3469 2045 3494 ad
2062 3468 2130 3494 Tcr.
2144 3469 2224 3495 Andr.
2241 3477 2265 3499 2,
2279 3477 2303 3500 2,
2317 3470 2346 3495 16
2372 3469 2446 3494 on-
2468 3468 2469 3478 ¹

297 3517 386 3543 culum
399 3517 431 3542 ad
444 3517 495 3542 offa
523 3515 568 3542 Sil.
581 3521 617 3547 ις,
630 3516 689 3547 698.
781 3509 927 3543 Tot-quere
944 3506 1060 3533 iaculum
1080 3505 1179 3531 lacerto
1206 3502 1287 3530 Ouid.
1306 3510 1339 3529 ex
1407 3513 1463 3531 rem
1485 3503 1536 3530 tibi
1555 3503 1608 3529 iam
1621 3510 1676 3527 non
1695 3502 1739 3528 dat
1753 3500 1886 3528 Chremes.

1823 3538 1826 3541 Ι
1940 3504 2025 3529 Varro
2038 3503 2070 3529 de
2083 3504 2114 3530 R.
2129 3504 2159 3530 R.
2175 3513 2196 3536 2,
2209 3514 2228 3538 4
2259 3505 2349 3537 Quum
2370 3501 2447 3538 porci

299 3553 383 3580 Ponto
403 3560 434 3581 2,
452 3560 481 3582 9,
499 3558 537 3585 37·
550 3585 556 3590 .
1407 3539 1505 3574 depulsi
1519 3540 1576 3565 sunt
1589 3545 1604 3563 a
1617 3545 1741 3569 mamma,
1756 3546 1770 3563 a
1783 3537 1939 3571 quibusdam
1954 3539 2031 3564 delici
2046 3539 2221 3573 appellantur:
2247 3548 2332 3573 neque
2346 3539 2399 3565 iam
2412 3539 2448 3565 lah

338 3595 347 3613 1
361 3593 383 3612 A
392 3592 409 3612 C
418 3584 437 3610 x*
446 3591 462 3610 L
472 3591 491 3609 v
501 3592 513 3611 S
523 3604 531 3616 ,
549 3593 567 3611 ι.
589 3593 625 3611 m.
662 3582 808 3616 [inari-ius]
844 3579 970 3614 Serpentis
983 3586 1074 3613 genus,
1088 3578 1132 3611 qui
1147 3574 1218 3611 subit
1230 3573 1341 3606 arbores,
1357 3579 1391 3606 93
1407 3575 1507 3602 &entes
1528 3573 1657 3600 dicuntur.
1693 3574 1746 3598 Iam
1760 3573 1881 3609 eleganter
1895 3574 1971 3606 dixit,
1982 3581 2029 3608 pro
2043 3584 2068 3600 eo
2082 3575 2147 3610 quod
2160 3584 2223 3600 nunc
2233 3576 2344 3609 plerique
2357 3574 2450 3600 dicunt
2468 3584 2469 3590 ,

300 3633 313 3650 e
325 3621 411 3658 quibus
419 3620 446 3655 se
460 3622 487 3645 vi
500 3622 605 3645 maxima
617 3619 718 3650 vibrat,
734 3621 897 3652 penetratque
917 3612 1074 3652 quodcunque
1085 3612 1178 3638 animal
1189 3609 1284 3636 obuium
1298 3610 1341 3645 fe·
1407 3612 1532 3645 Amplius.
1554 3606 1682 3635 Connefflt
1693 3617 1723 3633 ar
1743 3615 1846 3634 amenta.
1868 3619 1893 3635 υ.
1903 3619 1929 3645 g.
1950 3610 2005 3635 Cic.
2015 3609 2047 3635 de
2055 3610 2153 3636 Seneet.
2168 3617 2200 3643 57
2219 3610 2274 3636 Iam
2283 3609 2392 3636 hormm
2400 3608 2447 3644 ψη
2468 3605 2470 3617 ι

301 3656 488 3692 ceritforturia.
524 3654 589 3679 Plin.
602 3659 624 3684 8,
636 3662 665 3685 23
686 3653 803 3680 iaculum
816 3659 847 3677 ex
862 3649 988 3676 arborum
1008 3655 1088 3674 ramis
1102 3646 1222 3677 vibrari,
1235 3654 1282 3671 nec
1298 3654 1341 3679 pe·
1408 3646 1541 3680 agricolae
1560 3642 1700 3670 succidiam
1713 3651 1727 3669 a
1740 3650 1821 3670 teram
1837 3645 1976 3679 appellant.
2043 3645 2118 3672 Idem
2130 3644 2162 3671 de
2175 3646 2249 3671 Orat.
2264 3655 2276 3671 2
2296 3655 2318 3672 c.
2334 3654 2362 3678 19
2391 3646 2448 3671 Iam
2469 3642 2470 3647 ¹

302 3693 382 3720 dibus
404 3695 506 3718 tantum
521 3688 644 3713 canendas
666 3689 794 3722 serpentes
807 3706 815 3717 ,
846 3685 888 3712 sed
911 3690 937 3711 et
965 3682 1052 3710 missili
1081 3682 1172 3708 volare
1196 3687 1339 3708 tormento.
1408 3690 1477 3708 vero
1495 3679 1672 3707 nai-rationem
1687 3679 1757 3712 qiiod
1777 3679 1870 3706 iubent
1882 3680 2054 3706 verifimilem
2071 3686 2116 3706 etc.
2173 3680 2247 3706 Idem
2275 3702 2281 3708 .
2314 3701 2320 3706 .
2350 3700 2356 3706 .
2392 3675 2451 3706 Iam'
2469 3674 2470 3695 ³

304 3731 401 3756 Lucan.
416 3735 440 3759 9,
455 3732 504 3758 720
525 3723 555 3748 Et
567 3723 651 3748 natrix
665 3723 783 3749 violator
793 3730 893 3756 aquae,
906 3719 1040 3754 iaculique
1054 3718 1186 3744 volucres.
1410 3717 1483 3752 quod
1495 3715 1527 3742 ad
1540 3715 1612 3741 illam
1624 3714 1725 3739 causam
1739 3715 1840 3742 attinet.
1897 3716 1978 3742 Plaut.
1993 3715 2067 3750 Epid.
2084 3723 2103 3746 i,
2115 3723 2141 3747 2,
2155 3720 2169 3746 8
2190 3717 2244 3742 Iam
2258 3716 2322 3742 istoc
2336 3715 2450 3750 probior
2470 3730 2472 3737 ,

343 3760 517 3790 ,Αρχῖιοκ
528 3777 535 3788 ,
555 3757 603 3796 ari:
624 3758 688 3796 Dep.
715 3757 854 3791 [ἀκοντίζω]
883 3757 965 3793 Longe
995 3758 1082 3780 iacere.
1118 3751 1249 3786 Qiinefil.
1262 3757 1284 3783 8,
1296 3761 1317 3783 2,
1329 3759 1399 3785 5100
1412 3762 1448 3779 cs.
1484 3750 1557 3786 Conf-
1570 3748 1675 3776 Tibull.
1687 3758 1714 3781 4,
1728 3758 1747 3781 1,
1760 3757 1798 3779 82-
1869 3751 1954 3777 Modo.
1976 3750 2043 3777 Ter.
2057 3751 2121 3776 Eun.
2141 3758 2164 3783 ς,
2178 3760 2199 3783 2,
2212 3760 2244 3784 43
2276 3752 2321 3778 Te
2341 3757 2450 3785 quoque
2469 3760 2471 3771 ι

306 3799 363 3833 Qli
382 3796 497 3825 iaculum
518 3797 632 3823 emunt,
650 3793 760 3818 mcum-i
780 3792 887 3818 dicitur,
959 3791 1050 3818 quen.
1065 3789 1116 3815 Sat.
1138 3797 1157 3819 1,
1174 3797 1195 3814 11
1226 3789 1343 3822 Qantas
1413 3789 1466 3815 iam
1479 3785 1566 3813 Thais
1581 3790 1608 3811 vt
1622 3793 1664 3810 me
1678 3783 1704 3810 di
1725 3784 1791 3812 bene
1807 3792 1911 3818 ament,
1925 3795 1995 3812 amo.
2048 3786 2102 3812 Cic.
2118 3785 2150 3811 de
2164 3786 2272 3813 Amicit.
2286 3795 2314 3813 10
2350 3787 2389 3812 De
2407 3792 2451 3812 me
2469 3786 2470 3809 l

307 3834 436 3861 iaculetur
448 3827 596 3867 Monychus
611 3834 699 3852 ornos·
766 3827 901 3866 Columel.
917 3836 957 3858 10,
970 3834 1013 3858 330
1031 3825 1111 3858 Saepe
1124 3824 1195 3850 serus
1211 3823 1291 3850 duros
1308 3823 1343 3849 ia·
1411 3830 1498 3850 autem
1511 3823 1557 3852 (vt
1575 3820 1628 3846 iam
1641 3829 1700 3846 cum
1714 3827 1827 3857 vti-oque
1841 3821 1951 3857 loquar)
1966 3821 1998 3847 fic
2020 3820 2151 3848 habetote.
2221 3823 2278 3848 Iam
2296 3825 2454 3858 geminatum·
2469 3817 2470 3821 ¹

307 3870 410 3896 culatur
426 3866 544 3900 Iuppiter
563 3861 673 3889 imbres.
741 3862 802 3887 Liu.
822 3871 858 3892 22,
878 3870 909 3895 50
943 3862 975 3888 Et
993 3869 1076 3896 quum
1091 3860 1119 3885 in
1132 3860 1198 3885 latus
1211 3859 1344 3890 dextrum,
1412 3860 1478 3885 Hor.
1493 3857 1574 3883 Serm.
1588 3863 1613 3887 2,
1627 3862 1653 3889 7,
1668 3865 1709 3888 114
1728 3857 1783 3884 Iam
1803 3857 1868 3884 vino
1888 3865 2029 3891 quaerens,
2041 3857 2095 3882 iam
2113 3858 2206 3883 somno
2226 3856 2319 3883 fallere
2338 3858 2453 3883 noetem.

306 3904 379 3940 quod
393 3902 513 3938 petebat,
526 3897 661 3926 Numidae
680 3895 864 3935 iatum-entur,
877 3904 923 3925 etc.
992 3897 1062 3936 Hor.
1077 3895 1165 3921 Carm.
1185 3903 1205 3927 1,
1217 3903 1240 3929 2,
1253 3903 1266 3926 3
1276 3928 1282 3934 ι
1302 3894 1345 3920 Sa·
1413 3893 1487 3926 Virg.
1501 3892 1565 3917 Aen.
1580 3893 1605 3921 6,
1618 3893 1671 3925 647
1698 3892 1808 3926 Iamque
1821 3891 1912 3919 eadem
1932 3891 2022 3925 digitis
2031 3911 2039 3924 ,
2060 3892 2113 3918 iam
2126 3892 2231 3927 penitine
2245 3892 2328 3926 pulsat
2341 3892 2452 3919 eburno.
2474 3899 2479 3916 »ι

306 3949 362 3968 cras
375 3938 502 3966 iaculatus
515 3942 587 3964 arces
619 3932 737 3960 Terruit
754 3930 856 3958 vrbem.
925 3932 1027 3967 Iupiter
1044 3939 1106 3967 igne
1125 3931 1172 3958 suo
1190 3930 1262 3958 lucos
1274 3937 1344 3957 iacu-
1355 3934 1401 3963 ιος
1413 3930 1451 3956 De
1462 3931 1558 3954 incerto
1576 3932 1600 3953 et
1618 3935 1667 3953 non
1684 3926 1817 3960 constituto
1834 3935 1940 3963 tempore
1952 3926 2060 3956 Tibull.
2074 3935 2095 3961 1,
2108 3935 2130 3962 i,
2144 3934 2180 3962 70
2212 3929 2269 3956 Iam
2282 3928 2372 3956 veniet
2384 3933 2455 3954 tene·
2474 3932 2479 3951 κ

2399 3961 2457 3990 bri·
2477 3965 2479 3999 ξ
