2479 4225
297 213 363 252 735
664 200 696 239 r
788 197 819 236 R
915 193 953 231 A
1817 188 1849 227 F
1927 189 1960 228 R
2040 190 2074 231 Ε
2279 196 2285 205 ²
2353 198 2421 243 73⁶

298 290 347 317 FR
356 283 410 315 A‘V
419 289 467 316 DE
487 287 655 315 constituunt.
710 285 756 314 Sed
765 285 830 311 Hor.
843 280 894 308 Od-
908 288 934 313 2,
948 288 986 313 19,
1000 288 1028 312 19
1046 278 1129 306 N0d0
1143 279 1246 304 CO'e'rceS
1258 277 1331 310 vipe-
1425 285 1441 306 F
1452 286 1469 305 R
1478 285 1528 306 AV
1538 285 1556 305 D
1566 278 1616 305 ᾸΤ
1628 283 1646 304 R
1656 285 1666 304 1
1676 283 1713 310 x,
1731 276 1788 303 icis.
1828 276 1848 303 f.
1885 277 2002 305 Tertull.
2015 279 2046 306 de
2059 280 2151 307 Resur.
2164 280 2242 307 Carn.
2255 289 2278 307 c.
2291 288 2320 307 12
2357 281 2425 311 Mira

299 326 360 352 rino
373 324 536 352 Bistonidum
549 324 601 351 fine
614 322 705 350 fraude
724 321 815 346 crines.
845 320 864 342 ί·
876 315 931 350 fine
944 325 1021 346 mxu,
1039 314 1103 350 quod
1113 317 1151 340 ait
1170 316 1244 339 “iam
1272 313 1331 338 Vet-
1391 315 1461 342 ratio
1474 325 1481 345 ;
1519 314 1550 340 de
1562 313 1720 340 fraudatrice
1733 312 1869 339 seruatrix.

300 360 386 387 Schol.
480 361 540 387 Liu.
555 368 587 393 ²4
610 366 645 392 47
666 357 707 383 Ne
720 353 783 388 quid
797 353 828 379 ab
843 358 919 386 tergo
932 350 1032 378 fraudis
1046 351 1119 381 effer,
1143 352 1161 374 i.
1179 347 1331 381 insidiarum.
1428 357 1445 377 Ρ
1454 357 1473 377 R
1483 357 1504 376 A
1513 357 1532 376 V
1542 357 1560 376 D
1571 357 1591 377 A
1601 356 1621 376 T
1630 356 1650 375 O
1660 355 1678 375 R
1689 356 1699 374 1
1708 355 1728 374 v
1738 355 1750 375 s
1760 368 1768 380 ,
1789 356 1819 380 a,
1841 357 1895 374 um.
1931 347 1992 375 Adi.
2027 350 2229 378 Fraudatorium
2249 350 2426 387 interdicimur,

299 394 320 433 fl
341 403 353 427 3
393 395 523 422 Vehemens
536 380 610 431 quid,
624 400 647 418 et
659 391 719 417 idem
727 389 796 424 sere,
809 387 873 423 quod
880 388 1005 422 piaculum
1018 384 1066 418 est:
1103 390 1167 410 certe
1177 386 1270 410 crimen
1283 384 1334 418 lege
1389 386 1455 418 ‘Qto
1469 386 1576 412 Praetor
1590 394 1630 416 ea,
1646 392 1714 418 quae
1726 384 1754 409 in
1767 383 1886 410 fraudem
1899 383 2045 419 cuiuspiam
2059 386 2125 420 gesta
2136 388 2206 421 sunt,
2218 386 2351 418 rescindit,
2370 387 2426 421 1.·96

299 430 485 457 vindicandum.
541 430 595 457 Cic.
609 427 639 453 de
653 425 742 452 Diuin.
756 432 776 455 ι,
791 430 808 457 7
827 422 867 449 Est
880 423 951 449 enim
967 421 1128 457 periculum,
1145 428 1177 445 ne
1190 425 1236 445 aut
1248 418 1334 452 negle-
1354 420 1368 448 ς
1393 420 1419 447 ff.
1435 420 1466 447 de
1479 420 1561 448 solut,
1613 422 1642 446 Et
1655 420 1672 447 Ι,
1686 422 1719 452 69
1733 419 1759 445 ff.
1773 419 1804 446 ad
1818 419 1864 446 SC.
1879 420 1933 446 Tr,

301 465 350 492 eus
370 465 411 492 his
428 466 510 500 impia
529 464 617 491 fraude
631 472 638 492 3
674 465 718 485 aut
736 458 873 493 susceptis,
891 457 957 484 anili
977 456 1158 492 superstitione
1171 454 1332 488 obligemur.
1429 462 1505 483 rRA
1521 463 1539 482 v
1553 457 1685 487 D68V8‚
1704 464 1734 486 a,
1756 463 1810 481 um.
1831 453 1892 481 Adi.
1928 455 2080 488 Anonymus
2093 456 2159 492 apud
2172 459 2313 484 Neueletum
2326 456 2354 482 in
2368 457 2426 488 Fab,

301 503 383 529 Fraus
396 501 468 528 aliud
480 501 531 531 est,
546 496 616 525 aliud
630 497 729 526 Poena,
747 497 774 520 in
793 497 831 520 uit
846 495 971 528 leianus
987 504 992 519 :
1027 493 1105 519 Fraus
1118 490 1190 516 enim
1207 489 1258 516 fine
1274 497 1335 523 poe·
1393 491 1485 526 Aesop.
1499 500 1531 525 45
1551 491 1706 518 Fraudosam
1721 491 1805 517 viscus
1819 490 1912 517 inescat
1924 499 2009 517 auem.
2046 491 2093 519 sed
2105 495 2217 528 quisquis
2230 492 2263 526 .st
2277 490 2382 524 auffor,
2393 502 2427 520 η.

302 546 336 564 na
369 537 417 563 effe
451 535 549 570 potest:
582 533 666 557 Poena
691 503 792 563 (inteLZ
813 529 898 561 iusta)
918 529 969 556 sine
990 528 1082 554 fraude
1103 526 1150 552 effe
1170 534 1224 552 non
1243 524 1334 560 potest.
1393 530 1503 559 centior,
1521 533 1544 554 et
1553 527 1734 563 semibarbarus
1754 524 1796 559 est.
2436 525 2441 534 “

302 573 388 600 Poena
422 571 457 597 est
472 576 552 595 noxae
565 565 682 592 vindicta
697 576 702 591 :
738 566 819 592 Fraus
831 571 857 591 et
870 565 923 600 ipsa
935 573 1006 591 noxa
1020 564 1132 592 dicitur,
1152 567 1177 588 et
1208 560 1259 599 uafi
1274 568 1334 594 poe·
1431 567 1448 587 F
1459 569 1536 589 RAV
1547 562 1587 590 121⁰
1596 569 1616 589 G
1627 568 1643 587 E
1653 568 1687 594 R,
1712 563 1770 593 era,
1795 563 1879 588 erum.
1916 561 1976 589 Adi.
2011 562 2129 589 Tertull.
2145 563 2238 589 Gener.
2258 572 2279 590 c.
2292 571 2304 595 3
2325 562 2435 597 Femina¹

303 616 352 634 nae
365 592 488 642 qu’aedam
502 601 678 636 praeparatio,
699 601 715 626 l.
724 609 761 632 131
775 601 806 627 D.
820 601 852 627 de
865 600 940 627 verb.
955 599 1039 634 signif.
1109 570 1221 630 Μειιιιζῇε
1234 598 1335 622 uidetur
1348 606 1377 625 10
1393 595 1551 632 fraudigeris
1565 599 1658 624 misere
1672 598 1777 632 decepta
1791 597 1915 631 loquelis.
2408 605 2415 622 ·.
2439 600 2441 606 ’

303 644 392 673 1Crus,
411 649 461 667 cum
467 639 546 674 fraus
559 637 633 663 etiam
645 636 758 662 damnum
764 635 905 672 fignificet,
923 645 952 661 ne
965 645 1018 661 cum
1026 642 1114 670 poena,
1142 641 1184 659 uae
1214 634 1335 666 lerumque
1433 638 1450 658 F
1461 638 1480 659 R
1489 640 1539 659 AV
1548 641 1561 661 s
1572 642 1590 661 V
1600 642 1627 666 S,
1654 641 1669 659 a
1678 653 1686 665 ,
1714 642 1768 659 um.
1824 633 1880 666 Qi
1900 631 1933 659 ad
1961 632 2069 659 fraudis-
2095 632 2213 660 fruetum
2242 633 2332 665 venit,
2345 633 2429 669 ficien-

301 678 388 704 damno
400 681 442 701 aut
453 674 530 699 multa
542 671 652 705 constat,
670 675 704 697 mi
717 678 809 697 ceatur.
845 671 917 697 Idem
931 671 1035 705 leian.
1049 670 1066 696 l.
1080 679 1112 702 24
1125 640 1148 705 g.
1163 677 1175 694 2
1208 676 1221 693 e
1236 666 1336 693 Aedili-
1397 666 1453 694 dum
1470 669 1540 695 Non.
1553 678 1579 702 2,
1593 677 1645 701 339.
1685 670 1750 695 Nam
1762 675 1856 695 veteres
1867 674 1891 694 et
1904 668 2021 695 Fraudor
2035 670 2185 704 Deponentis
2197 668 2287 704 forma
2305 668 2429 703 dixerunt,

302 713 344 739 cio
356 709 449 737 edicto.
471 707 617 742 capitalem
630 708 690 733 frau
710 715 752 733 em
771 705 919 738 admittere,
934 706 969 733 est
989 705 1040 732 tale
1051 703 1155 739 aliquid
1174 703 1336 737 delinquere,
1395 704 1459 729 vnde
1473 705 1635 731 Praeteritum
1653 705 1761 731 Frausus
1773 711 1822 739 pro
1836 704 1983 730 Fraudatus.
2025 704 2057 730 Et
2076 705 2188 730 Frausus
2208 705 2274 735 erit,
2293 704 2349 737 Qui
2362 704 2431 731 trau:

301 752 405 782 propter
419 743 492 778 quod
505 744 589 778 capite
601 742 748 778 puniendus
759 741 797 767 fit.
869 743 979 768 Veteres
992 742 1063 767 enim
1077 740 1196 767 fraudem
1211 747 1260 773 pro
1275 746 1336 772 poe·
1396 739 1455 765 dern
1467 740 1642 771 commiserit,
1663 738 1762 766 aridiore
1777 739 1861 766 Festo.
1907 739 1988 766 Plaut.
2004 739 2074 766 Asin.
2087 749 2110 771 2,
2124 748 2148 771 z,
2162 748 2197 766 20
2216 741 2308 766 Metuo
2320 740 2349 765 in
2363 748 2430 768 com-

300 791 331 808 na
343 787 439 819 ponere
452 779 578 806 solebant.
634 778 710 805 Credo
723 777 813 813 respici
824 777 1007 814 adformulas,
1025 777 1083 802 Hoc
1105 775 1172 802 mihi
1185 774 1272 801 fraudi
1285 773 1337 799 fuit
1351 775 1376 800 ¹5
1395 783 1489 809 mune,
1508 785 1541 802 ne
1556 784 1634 811 quam
1653 775 1772 801 fraudem
1797 775 1900 802 frausus
1920 774 1974 801 liet.
2078 776 2135 808 Qti
2154 775 2291 811 capitalem
2314 774 2431 803 fraudem

299 824 321 842 et
328 816 436 848 similes,
455 824 515 849 quai=
528 814 596 840 modo
609 813 728 840 dedimus.
799 812 854 838 Cic.
870 822 919 846 pro
933 812 997 838 Rab.
1011 811 1082 846 perd.
1099 814 1131 838 26
1154 820 1175 837 c.
1189 819 1205 843 9
1230 810 1301 836 Nam
1315 808 1334 834 fi
1394 810 1472 837 frausi
1493 811 1554 837 Liu.
1566 820 1606 844 23,
1622 820 1651 844 14
1665 813 1715 847 legi
1728 809 1822 837 uolebat
1841 811 1961 846 Scaliger.
2030 810 2078 838 Sed
2098 812 2203 838 Gronau.
2223 818 2246 837 et
2262 810 2387 840 Drakenb,
2403 821 2432 843 ejx

298 852 327 877 C.
343 849 465 876 Rabirius
476 849 596 876 fraudem
609 848 745 884 capitalem
758 846 861 874 admisit
869 867 878 880 ,
894 847 969 908 tquod
989 856 1059 874 arma
1072 853 1163 874 contra
1176 847 1205 872 l...
1220 846 1335 872 Saturni·
1392 847 1466 875 MSS.
1482 847 1552 874 Aufi,

297 895 361 912 num
375 886 438 911 tulit
452 893 497 911 erc.
568 885 694 919 Pleraque
707 883 820 910 fortuita
834 883 891 909 frau
912 884 921 909 i
935 884 993 909 suae
1008 882 1163 917 Affignantes
1183 881 1251 908 Tac.
1261 881 1294 907 H.
1309 888 1335 912 2,
1432 888 1449 908 F
1460 888 1508 909 ΚΑ
1518 890 1536 908 x
1546 881 1556 909 i
1566 888 1589 908 N
1602 888 1623 907 v
1633 889 1663 914 s,
1684 882 1702 908 i.
1722 880 1743 908 f.
1779 880 1897 914 [μελίαι]
1931 880 2023 908 Arbor.
2057 880 2122 907 Plin.
2137 882 2175 913 16,
2183 888 2208 912 13
2228 880 2355 908 Materiae
2362 880 2432 909 enim

298 924 342 953 60,
356 929 377 953 3.
398 920 425 946 de
434 920 576 955 proditione
581 921 662 956 sermo
675 917 718 953 cst.
787 918 847 945 Ausi
860 918 981 945 fraudem
994 918 1130 952 capitalem
1157 917 1217 943 Liu.
1235 925 1275 949 23,
1296 924 1334 947 14-
1395 918 1469 944 causa
1491 918 1606 953 reliquas
1625 918 1733 944 arbores
1753 922 1846 943 natura
1870 917 1981 950 genuit3
2016 916 2266 952 copiosissimamque
2287 915 2432 951 fraxinum:

297 957 338 984 Sic
351 959 423 982 etiam
438 956 561 982 Drakenb.
574 966 621 982 mm
629 955 731 992 fraust,
748 960 777 981 ut
790 954 885 981 volebat
898 955 962 981 Scal.
1012 955 1108 981 Carere
1122 953 1253 988 peculatus
1267 951 1337 977 srau-
1348 955 1383 974 20
1395 961 1502 987 procera
1513 953 1575 980 haec
1589 962 1618 979 ac
1629 959 1711 982 teres.
1731 952 1840 987 pinnato
1855 957 1880 978 et
1894 952 1948 987 ipsa
1960 952 2040 984 folio,
2060 952 2229 986 multumque
2243 952 2356 979 Homeri
2363 959 2432 986 praec·

298 991 329 1018 de
348 992 403 1019 Cic.
419 991 532 1026 Philipp.
547 999 584 1023 12,
599 1000 634 1018 12.
653 994 671 1018 i.
685 991 802 1017 Crimine.
862 989 1038 1016 Committere
1051 990 1200 1016 nocituram
1216 986 1336 1014 fraudem
1395 989 1475 1015 conio
1487 995 1513 1016 et
1527 988 1640 1015 Achillis
1657 988 1725 1015 hasta
1743 987 1892 1013 nobilitata.
1994 988 2115 1015 Amicior
2128 987 2205 1014 vndis
2219 987 2339 1014 fraxinus
2373 987 2432 1023 Stat

297 1029 366 1054 Hor.
380 1028 468 1054 Carm.
481 1036 501 1059 1,
516 1031 556 1059 28,
571 1035 604 1059 3¹·
699 1026 845 1060 Concipere
859 1025 1033 1060 inexpiabiles
1045 1025 1150 1051 fraudes
1164 1025 1192 1050 in
1211 1021 1336 1057 Republi-
1396 1022 1486 1050 Theb.
1500 1033 1526 1060 9²
1539 1033 1602 1057 494.
1690 1023 1864 1057 Campestris3
1882 1022 1935 1049 vid.
1948 1028 2085 1050 CAMPVS.
2174 1023 2298 1050 Proceras
2315 1004 2450 1060 manibus

298 1072 326 1089 ca
338 1062 462 1089 violanda
482 1062 537 1089 Cic.
550 1062 632 1089 Tusc.
646 1070 666 1094 ι,
680 1069 714 1096 72
727 1071 749 1087 c.
765 1070 804 1093 3ο.
876 1060 1061 1094 Constringere
1079 1061 1159 1087 scelus
1172 1068 1199 1086 ac
1213 1058 1335 1085 fraudem
1395 1065 1498 1086 vertere
1532 1060 1652 1086 fraxinos
1688 1060 1755 1086 Hor.
1773 1059 1862 1085 Carni.
1876 1066 1899 1090 3,
1912 1066 1952 1090 25,
1966 1060 2002 1084 16.
2108 1058 2292 1086 Pulcherrima
2313 1058 2341 1085 in
2364 1057 2435 1089 silui]

296 1099 415 1125 nocentis
429 1098 557 1132 supplicio
576 1098 633 1124 Cic.
649 1097 681 1123 de
694 1098 768 1124 Orat.
781 1105 800 1127 ι,
814 1105 873 1123 202.
945 1096 1068 1130 Obligati
1081 1096 1162 1130 impia
1175 1095 1267 1121 fraude
1279 1094 1334 1120 Cic.
1396 1094 1471 1129 Virg.
1483 1095 1534 1121 Ecl.
1548 1103 1573 1129 7,
1587 1097 1627 1128 65.
1717 1094 1831 1122 Stridula
1866 1093 1957 1120 Claud.
1972 1094 2001 1119 in
2013 1092 2108 1123 Ruffin.
2123 1102 2144 1127 1,
2160 1099 2214 1124 218.
2303 1092 2435 1123 Vmbros:

297 1133 329 1160 de
340 1134 432 1160 Diuiu.
447 1143 456 1160 1
469 1143 490 1160 c.
504 1141 522 1166 4
534 1139 598 1159 extr.
668 1132 777 1159 Seruant
788 1140 978 1167 nonnunquam
992 1131 1031 1158 dii
1041 1140 1137 1166 poenas
1151 1130 1250 1157 fraudis
1265 1138 1335 1164 prae·
1347 1135 1377 1160 25
1395 1130 1458 1157 Stat.
1471 1130 1561 1158 Theb.
1576 1141 1604 1164 4,
1619 1136 1670 1159 281.
2428 1129 2435 1159 j

296 1170 375 1196 sentis
408 1170 436 1195 in
464 1169 536 1195 diem
570 1168 627 1194 Cic.
647 1176 695 1203 pro
716 1167 787 1194 Cael.
808 1175 847 1200 59.
1084 1176 1103 1200 4
1139 1166 1335 1203 Obseruationes.
1431 1172 1582 1193 FRAXlN
1595 1172 1612 1192 Ε
1624 1172 1646 1191 V
1658 1173 1686 1197 S,
1704 1173 1734 1198 a,
1751 1174 1804 1192 um.
1825 1163 1885 1190 Adi.
1920 1163 2060 1198 [μάλινος]
2096 1163 2251 1200 Exfraxino
2263 1174 2271 1189 .·
2290 1170 2334 1196 vt,
2354 1165 2436 1200 Fron!

297 1204 425 1231 Fraudem
438 1207 465 1230 in
478 1204 562 1230 bonam
571 1210 671 1238 partem
685 1209 806 1237 acceptam
823 1209 894 1228 notat
910 1202 1000 1230 Barth.
1017 1205 1044 1229 A
1061 1203 1121 1239 ucrs.
1135 1211 1172 1234 12,
1187 1211 1220 1228 12.
1294 1201 1336 1226 Ita
1396 1201 1515 1228 fraxinea
1533 1201 1665 1229 Columel.
1679 1203 1706 1234 6,
1719 1210 1740 1233 3.
1812 1202 1842 1227 Ει
1857 1208 1888 1230 ιι,
1904 1208 1925 1225 2.
2040 1199 2119 1226 Hasta
2139 1199 2220 1226 Ouid.
2234 1200 2300 1227 Met.
2316 1208 2360 1233 12,
2379 1202 2437 1234 3695,

297 1240 377 1266 Ouid.
391 1240 422 1266 de
437 1240 499 1265 Arte
513 1241 571 1265 Am.
585 1247 608 1271 3,
623 1247 671 1271 491
692 1238 781 1264 Iudice
796 1247 837 1265 me
852 1238 923 1264 fraus
936 1238 972 1264 est
986 1239 1101 1265 concessa
1119 1237 1248 1272 repellere
1266 1235 1336 1262 frau-
1397 1237 1478 1265 Sudes
1497 1237 1570 1279 Virg.
1585 1238 1680 1271 Georg.
1695 1245 1719 1269 2,
1735 1244 1789 1269 359.
1883 1233 1989 1261 Trabes
2008 1233 2083 1261 Idem
2096 1236 2161 1261 Aen.
2175 1237 2200 1266 6,
2217 1241 2265 1265 181.
2288 1246 2292 1255 κ
2415 1241 2418 1243 ’

297 1275 365 1301 dem.
451 1275 492 1301 Sic
505 1273 653 1300 Habuimus
667 1274 737 1299 Piam
750 1274 870 1300 fraudem
883 1283 908 1300 n.
923 1282 942 1300 1.
983 1282 1006 1300 et
1020 1274 1122 1300 Fallere
1135 1273 1230 1308 pudica
1244 1270 1337 1297 fraude
1435 1280 1450 1299 p
1459 1279 1477 1298 R
1487 1279 1509 1299 A
1518 1279 1535 1298 x
1547 1281 1555 1298 1
1566 1279 1587 1299 N
1599 1279 1618 1298 ν
1631 1279 1659 1304 s,
1679 1281 1710 1305 a,
1730 1281 1784 1298 um.
1803 1271 1864 1297 Adi.
1885 1271 1897 1305 [
1904 1270 2025 1305 μείλινος]
2066 1271 2117 1303 Vt,
2136 1271 2220 1305 Virga
2233 1270 2340 1298 fraxina
2355 1269 2435 1300 Ouid.

295 1319 320 1336 n.
336 1318 357 1336 2.
428 1310 523 1340 Fraus,
547 1308 684 1353 Deadieia
695 1309 762 1344 apud
786 1310 865 1336 Mart.
882 1309 982 1344 Capell.
1004 1318 1024 1341 1,
1058 1329 1065 1335 .
1103 1329 1109 1335 .
1182 1308 1261 1334 Fraus
1285 1312 1334 1342 pro
1347 1314 1379 1339 30
1394 1308 1471 1343 Epist.
1486 1316 1524 1340 11,
1537 1310 1580 1343 76.
2417 1319 2424 1329 ⁴

294 1345 390 1371 homine
411 1345 593 1380 fraudulento,
608 1351 673 1371 certe
702 1347 775 1371 noxio
795 1345 852 1380 suis
874 1343 1015 1378 neceffirriis
1039 1344 1107 1372 Ter.
1121 1344 1215 1370 Heaut.
1229 1350 1253 1376 ς,
1265 1352 1293 1376 4,
1306 1351 1335 1368 10
1433 1350 1450 1370 F
1462 1351 1481 1370 R
1490 1350 1513 1370 A
1522 1351 1540 1370 x
1549 1350 1558 1368 1
1568 1349 1589 1368 N
1598 1344 1616 1370 Ε
1624 1349 1645 1369 Τ
1656 1350 1675 1370 ν
1684 1349 1726 1374 Μ,
1745 1342 1764 1368 i.
1784 1351 1810 1368 n.
1844 1342 1923 1368 Locus
1935 1340 1979 1367 vbi
1986 1339 2095 1376 fraxini
2106 1340 2241 1368 abundant.
2263 1340 2360 1368 Cathol.

295 1381 399 1414 Gerro,
419 1381 503 1411 iners,
521 1380 611 1412 fraus,
629 1380 709 1407 heluo
719 1400 727 1412 ,
746 1388 829 1414 ganeo
848 1380 997 1407 damnosus.
1430 1385 1578 1411 FRAx0‚
1594 1383 1647 1406 are.
1683 1378 1812 1413 Vigiliam
1828 1377 1979 1404 circumire.
2017 1376 2114 1402 Festus.
2412 1390 2419 1404 ς

332 1422 346 1442 F
355 1423 373 1442 R
381 1423 403 1442 A
411 1423 432 1442 v
442 1423 460 1442 D
470 1423 489 1441 v
498 1423 514 1442 L
523 1422 539 1441 E
548 1422 570 1441 N
580 1423 602 1442 T
611 1423 631 1441 v
640 1423 653 1443 s
661 1436 670 1448 ,
689 1424 720 1448 a,
738 1424 793 1441 um.
821 1415 879 1442 Adi.
917 1413 1078 1450 [κερδαλέος]
1113 1415 1202 1441 Plenus
1215 1412 1333 1449 fraudis.
2414 1422 2418 1444 1
2458 1422 2459 1425 =

295 1451 351 1478 Cic.
365 1450 417 1478 Off.
433 1459 455 1483 2,
467 1453 498 1483 36
517 1451 586 1477 Nam
600 1460 667 1486 quos
680 1450 833 1484 improbos,
855 1450 1012 1483 maledicos,
1032 1448 1215 1476 fraudulentos
1234 1454 1332 1483 putant,
1785 1450 1809 1481 F
1903 1449 1932 1481 R
2028 1449 2056 1480 E

293 1494 339 1513 etc.
412 1486 543 1514 Columel.
559 1495 585 1519 9,
600 1496 624 1520 5.
693 1486 865 1513 Fraudulenti
890 1492 916 1512 et
949 1485 1086 1512 mendaces
1116 1484 1333 1518 Carthaginenses
1348 1491 1378 1519 35
2374 1496 2377 1501 .
2407 1489 2419 1504 ἰ

295 1522 351 1548 Cic.
366 1530 415 1556 pro
428 1523 457 1548 L.
471 1522 532 1556 Agr.
549 1530 592 1555 94.
663 1523 755 1548 Homo
786 1521 887 1548 Αιιὲἲοι·
899 1521 929 1547 ad
944 1522 1042 1547 Heren.
1056 1530 1081 1552 2,
1098 1530 1127 1554 41
1141 1530 1160 1547 c.
1176 1522 1215 1547 26.
1287 1520 1335 1546 Po·
1434 1527 1450 1547 F
1460 1528 1479 1547 R
1488 1526 1505 1546 E
1514 1527 1534 1547 G
1544 1527 1561 1547 E
1570 1526 1586 1546 L
1596 1526 1612 1546 L
1621 1526 1642 1546 A
1652 1525 1684 1550 E,
1706 1519 1784 1545 Vetus
1805 1518 1894 1547 Italiae
1914 1517 1991 1550 vrbs,
2007 1516 2262 1553 olimflorentffma‚
2280 1526 2352 1553 quum
2364 1525 2380 1545 a
2391 1517 2436 1544 Ro-
2458 1524 2459 1530 ¹

295 1557 370 1591 pultis
384 1563 409 1583 et
422 1557 473 1582 dux
494 1558 560 1583 Hor.
574 1558 662 1584 Carm.
676 1566 698 1590 3,
712 1565 732 1589 3,
745 1565 786 1590 24.
857 1556 1031 1583 Venditiones
1051 1557 1106 1583 Cic.
1121 1555 1173 1583 Off.
1185 1564 1207 1588 3,
1221 1560 1248 1587 83
1262 1564 1283 1581 c.
1297 1563 1336 1582 21.
1397 1559 1478 1583 manis
1490 1554 1614 1590 defeci-*ffel*
1627 1555 1726 1585 diruta,
1746 1562 1769 1580 ct
1782 1554 1816 1581 ad
1825 1557 1906 1585 vicum
1917 1556 1967 1580 iam
1981 1562 2056 1588 usque
2069 1562 2083 1577 a
2097 1553 2226 1579 Strabonis
2243 1560 2350 1589 tempore
2367 1552 2437 1579 redaa

294 1593 406 1626 Compar.
444 1592 648 1619 Fraudulentior
675 1592 811 1626 Augustin.
844 1592 958 1619 Confeff.
989 1601 1009 1624 3,
1042 1600 1063 1624 3.
1135 1591 1256 1618 Tertull.
1277 1590 1336 1617 adu.
1397 1589 1449 1618 fl'a.
1485 1591 1531 1617 Sil.
1546 1596 1569 1623 8,
1581 1598 1634 1625 477
1651 1589 1772 1617 Obseffae
1786 1598 1878 1624 campo
1894 1588 2028 1624 squalente
2047 1588 2188 1622 Fregellae.
2380 1585 2401 1649 Ξ
2420 1596 2434 1614 2

295 1627 377 1653 Marc.
391 1635 414 1658 2,
427 1635 455 1652 21
487 1627 579 1653 Tanto
601 1628 796 1654 fraudulentior
813 1628 882 1654 Deus
899 1628 993 1654 vester.
1097 1628 1191 1663 Superi
1229 1626 1337 1653 Peffumi
1398 1627 1531 1661 Fregellae
1546 1625 1646 1653 aud-iore
1660 1625 1749 1658 Festo,
1765 1626 1850 1652 Locus
1864 1625 1892 1651 in
1910 1624 1992 1658 vrbe,
2016 1624 2045 1651 in
2057 1632 2112 1658 quo
2125 1623 2241 1651 ciuitatis
2255 1622 2330 1652 illius
2349 1623 2384 1650 ho
2397 1622 2436 1657 pi-

296 1668 321 1689 et
336 1661 563 1688 fraudulentissimi
577 1663 635 1689 sunt
651 1663 731 1689 Plaut.
746 1664 821 1697 Capt.
836 1672 861 1698 2,
877 1672 897 1696 1,
911 1669 947 1696 38.
1019 1662 1277 1690 Fraudulentiffimus
1298 1671 1333 1688 re·
1342 1667 1379 1693 40
1396 1670 1434 1690 tes
1450 1662 1614 1689 habitauere.
1707 1694 1711 1697 ¹

296 1705 359 1732 gum
378 1697 449 1723 Flor.
462 1705 483 1729 3,
497 1705 517 1729 1,
533 1704 569 1731 ¹7-
910 1717 911 1720 ,
1433 1704 1451 1725 F
1459 1706 1478 1725 R
1487 1705 1503 1724 E
1513 1704 1533 1724 G
1545 1704 1560 1724 Ε
1569 1705 1586 1724 L
1596 1705 1612 1724 L
1621 1704 1643 1723 A
1651 1704 1708 1729 Νι,
1729 1697 1818 1733 Populi
1835 1695 1902 1722 Plin.
1915 1704 1937 1729 3,
1952 1702 1975 1728 5.
2429 1714 2431 1716 -

332 1739 348 1758 p
356 1739 375 1759 R
385 1739 406 1759 A
416 1738 435 1757 v
446 1739 465 1759 D
473 1738 493 1757 v
502 1740 518 1758 L
527 1739 544 1759 E
553 1739 574 1758 N
584 1737 605 1757 T
613 1737 630 1757 E
638 1737 666 1756 R.
704 1730 772 1757 Adu.
808 1729 974 1767 [κερδαλέως]
1009 1733 1069 1759 Cum
1087 1733 1192 1768 fraude.
1229 1732 1335 1759 Colum.
1433 1741 1450 1761 F
1459 1741 1478 1760 R
1487 1741 1504 1760 Ε
1513 1740 1533 1760 G
1544 1741 1560 1760 E
1570 1740 1585 1759 L
1596 1739 1612 1758 r
1621 1740 1642 1759 Α
1651 1739 1673 1758 Ν
1683 1740 1702 1758 ν
1713 1740 1726 1759 s
1735 1752 1744 1764 ‚
1760 1741 1790 1765 a,
1808 1741 1863 1759 um.
1883 1731 1945 1758 Adi.
1986 1730 2034 1762 Vt,
2053 1730 2203 1766 Fregellana
2217 1728 2284 1756 vit-'ts
2309 1725 2439 1754 Columel.

296 1775 317 1797 ι,
332 1772 346 1796 8
366 1768 445 1801 Saepe
459 1768 531 1793 enim
545 1766 689 1801 quaerendi
703 1766 854 1800 potestatem
867 1767 945 1792 faciat
959 1768 991 1792 de
1003 1768 1051 1796 iis,
1070 1768 1117 1801 qui
1136 1774 1180 1792 aut
1193 1767 1336 1792 crudeliter
1397 1776 1421 1799 3,
1434 1777 1458 1794 2.
1526 1769 1583 1794 Cic.
1597 1767 1630 1793 de
1643 1768 1700 1793 Fin.
1716 1776 1738 1799 5,
1752 1770 1783 1794 62
1802 1768 1871 1801 Qis
1884 1766 2065 1801 Fregellanum
2080 1766 2260 1801 proditorem,
2280 1770 2439 1798 quamquam

295 1810 356 1832 eos,
381 1808 426 1827 aut
440 1802 621 1828 fraudulenter
633 1802 764 1828 infestent.
835 1802 900 1828 Plin.
914 1811 954 1834 30,
967 1810 995 1828 ιο
1007 1803 1024 1828 s.
1033 1809 1067 1836 27
1085 1801 1221 1834 Qioniam
1232 1801 1335 1826 nullum
1398 1802 1520 1836 Reipubl.
1533 1802 1635 1828 nostrae
1649 1802 1768 1835 profuit,
1785 1811 1839 1827 non
1854 1803 1928 1828 odit3
2420 1803 2434 1827 J

294 1836 392 1862 animal
405 1836 598 1862 fraudulentius
610 1837 733 1862 inuidere
746 1836 850 1863 homini
865 1837 980 1863 tradunt.
1018 1837 1046 1863 de
1057 1835 1179 1869 stellione.
1341 1845 1373 1870 45
1435 1844 1451 1863 F
1460 1844 1478 1863 R
1488 1835 1535 1863 13⁰M
1546 1844 1565 1864 o
1575 1856 1582 1868 ‚
1602 1836 1648 1868 ui,
1666 1837 1733 1862 i'tum
1743 1855 1750 1867 ‚
1768 1838 1822 1862 ere.
1857 1835 2008 1872 [φρυάττω
2026 1836 2143 1870 βριμαέω]
2181 1833 2320 1861 fama-ium
2332 1832 2406 1860 verbu

332 1877 349 1897 F
360 1878 379 1897 R
388 1877 438 1897 AV
448 1877 466 1896 D
477 1876 496 1895 V
507 1878 524 1897 1.
533 1878 550 1896 E
559 1878 580 1896 N
590 1877 611 1896 T
621 1877 675 1900 1A,
692 1879 731 1896 ae·
751 1871 771 1896 f·
807 1872 889 1897 Flam·
901 1872 989 1898 Pseud.
1003 1880 1028 1904 2,
1043 1880 1063 1903 1,
1078 1879 1094 1906 7
1121 1873 1212 1897 Fretus
1224 1870 1334 1900 malitia,
1388 1871 1520 1908 siguificat
1534 1871 1635 1898 naribus
1648 1871 1747 1906 excussis
1756 1891 1764 1903 ‚
1780 1879 1803 1898 et
1814 1878 1916 1907 gutture
1933 1874 2054 1910 mugiente
2065 1873 2206 1897 imma-aiter
2217 1870 2320 1906 sonare.
2376 1870 2416 1894 Va
2432 1898 2436 1908 1

295 1905 483 1933 fraudulentia.
554 1904 626 1931 Idem
642 1904 702 1930 Mil·
716 1913 738 1935 2,
759 1913 781 1936 ²,
801 1913 833 1937 34
865 1906 901 1930 Os
920 1905 1015 1936 habet,
1032 1906 1165 1938 linguam,
1187 1905 1335 1938 perfidiam,
1398 1916 1430 1932 ro
1442 1908 1474 1932 de
1487 1908 1516 1932 L.
1531 1908 1560 1932 L.
1574 1910 1600 1938 6,
1614 1914 1627 1938 5
1640 1916 1665 1939 p.
1680 1911 1706 1935 ει
1717 1913 1782 1932 extr.
1801 1916 1856 1932 cum
1874 1906 2016 1940 monusſjct,
2038 1906 2123 1932 Multa
2144 1906 2177 1931 ab
2197 1905 2355 1931 animalium
2368 1913 2404 1931 vo
2420 1903 2437 1915 '³

294 1942 440 1973 malitiam,
462 1939 664 1971 confidentiam,
683 1938 903 1971 confirmitatem‚
928 1939 1141 1965 fraudulentiam.
1398 1940 1447 1965 bus
1464 1941 1584 1966 translata
1600 1941 1628 1965 in
1640 1941 1777 1971 homines,
1795 1940 1829 1965 ad
1845 1940 1907 1966 iLIud
1919 1940 1997 1965 Ennii
2018 1941 2123 1965 Pansam
2136 1940 2223 1965 fecere
2235 1939 2388 1967 tremendi:
2421 1946 2448 1966 a>

334 1983 376 2003 FR
389 1983 409 2003 Α
419 1977 569 2003 VDVLOS
579 1983 620 2002 VS
630 1995 638 2008 ,
656 1983 686 2007 ἃ,
702 1983 756 2000 um·
777 1973 837 2000 Adi·
874 1974 956 2002 Paull·
971 1975 1026 2001 ICt-
1041 1974 1059 2001 l·
1073 1983 1082 2000 ¹
1097 1973 1120 2011 §-
1135 1982 1147 2005 3
1167 1973 1199 1999 D·
1219 1971 1252 1998 de
1272 1972 1335 1997 Fur·
1398 1974 1475 2000 leone
1489 1974 1639 2000 traducStum
1653 1977 1700 2000 air.
1771 1974 1835 2000 Non
1848 1974 1941 2000 fremit
1954 1975 1982 2000 in
1994 1974 2107 2000 infantes
2117 1974 2175 2007 leo,
2195 1974 2242 2001 nili
2265 1984 2358 2010 magna
2370 1976 2438 2002 fame

296 2013 348 2044 tis,
367 2013 477 2038 Furtum
491 2011 526 2038 est
539 2010 714 2038 contreciatio
727 2010 766 2036 rei
785 2009 946 2037 fraudulosa.
1349 2016 1380 2041 50
1399 2009 1464 2036 Plin.
1479 2015 1502 2042 8,
1519 2012 1552 2036 16.
1624 2010 1678 2035 Leo
1692 2009 1783 2035 fremit
1795 2018 1843 2035 ore
1858 2015 1968 2036 cruento
1993 2009 2067 2043 Virg.
2082 2011 2146 2036 Aen.
2160 2018 2184 2042 9,
2197 2018 2254 2042 339.
2340 2011 2439 2042 Lyncea

333 2054 349 2074 F
360 2055 408 2074 ΚΑ
418 2055 438 2073 ν
450 2054 467 2073 D
479 2053 497 2072 o
509 2067 517 2079 ,
536 2051 590 2073 are.
626 2045 800 2081 [nmio-remim,
817 2045 985 2079 παρακόπτω]
1020 2045 1080 2071 Paff.
1101 2042 1227 2071 Fraudor.
1249 2042 1336 2077 Signi·
1399 2045 1477 2071 Αιιξὶ.
1491 2044 1522 2071 de
1534 2044 1647 2071 Philom.
1661 2054 1686 2071 v.
1703 2053 1738 2077 5ι.
1821 2045 1919 2079 Tigres
1944 2045 2001 2071 Val.
2018 2045 2100 2072 Flacc.
2114 2054 2141 2078 2,
2156 2048 2215 2072 260.
2322 2047 2370 2072 Per
2383 2046 2438 2072 Me-

287 2081 354 2118 fictl!
367 2087 461 2109 iniuria
474 2082 601 2109 detrahere
612 2081 795 2117 aliqufdssllssrl'.
831 2081 976 2112 Plin.11,16
995 2081 1120 2114 Aequitas
1133 2078 1240 2114 quiden]
1256 2085 1336 2103 etiam
1397 2081 1464 2115 tuph,
1505 2081 1628 2107 Fremere
1641 2080 1758 2107 dicuntur
1772 2080 1897 2112 homines,
1912 2089 1966 2106 cum
1981 2079 2163 2116 indignantur,
2179 2087 2222 2107 aue
2231 2082 2286 2107 alia
2302 2081 2438 2108 vpbempnti

297 2118 326 2144 in
340 2118 377 2144 eis
391 2118 565 2152 obstringitur
578 2129 583 2144 :
618 2118 759 2151 feruntque
773 2115 895 2142 societate
907 2115 1026 2141 fraudata
1039 2115 1127 2141 alueos
1140 2113 1219 2140 mori.
1240 2112 1268 2138 de
1280 2114 1336 2150 ‚api-
1397 2115 1534 2149 cupiditate
1549 2122 1682 2143 mouentur,
1718 2116 1799 2142 Fiant,
1812 2117 1895 2142 Merc,
1910 2125 1937 2149 4,
1950 2124 1962 2149 5
1974 2116 2076 2150 suppos,
2091 2125 2112 2149 1,
2121 2126 2149 2143 10
2168 2117 2309 2149 Fremum,
2329 2115 2436 2151 perstre-

296 2153 350 2180 bus.
421 2154 476 2180 Cic.
490 2162 538 2187 pro
552 2154 626 2179 Rosc.
641 2153 717 2179 Com.
733 2155 761 2178 16
780 2152 871 2185 Aeque
884 2151 955 2177 enim
971 2149 1142 2184 perfidiosum
1162 2155 1187 2174 et
1203 2147 1335 2184 nefarium
1397 2156 1524 2183 puntque.
1594 2150 1668 2185 Virg.
1683 2151 1746 2176 Aen.
1762 2160 1782 2183 1,
1796 2153 1840 2183 563
1860 2151 1957 2177 Cuncti
1971 2151 2044 2178 simul
2057 2161 2105 2178 ore
2120 2151 2278 2178 fremebant.
2335 2153 2437 2178 Freme·
2456 2150 2459 2166 ³

297 2188 333 2214 est
347 2188 425 2214 fidem
437 2189 571 2223 frangere,
586 2197 652 2223 quae
666 2188 783 2214 continet
797 2187 881 2213 vitam
893 2197 899 2211 ;
935 2191 961 2212 et
979 2184 1109 2219 pupillum
1128 2182 1266 2222 fraudare,
1287 2188 1333 2220 qut
1350 2185 1378 2211 55
1396 2184 1458 2210 bant
1471 2191 1587 2211 aeternas
1602 2194 1664 2219 opes
1677 2186 1725 2211 effe
1739 2186 1869 2212 Romanas
1899 2187 1960 2213 Liu.
1974 2195 1996 2219 2,
2010 2196 2055 2221 44.
2145 2187 2246 2214 Fremit
2257 2192 2377 2221 ereptum
2387 2183 2434 2214 fibi
2457 2192 2459 2200 ¹

296 2223 325 2250 in
339 2224 447 2250 tutelam
461 2224 582 2257 peruenit
597 2234 602 2250 ι
636 2229 662 2249 et
675 2223 775 2249 socium
789 2222 896 2254 fallere,
913 2221 962 2256 qui
975 2221 1000 2247 se
1013 2221 1041 2246 in
1059 2224 1166 2253 negotio
1186 2220 1332 2244 coniunxn.
1396 2218 1567 2245 Consulatum
1585 2219 1640 2246 Cic.
1654 2220 1707 2245 Att.
1722 2228 1746 2249 2,
1758 2227 1783 2253 7.
1891 2222 2017 2248 Fremunt
2035 2222 2133 2255 gaudio
2144 2222 2227 2248 erecti
2239 2222 2271 2248 de
2286 2231 2350 2256 ⁴pace
2361 2222 2431 2256 Retp.
2473 2230 2475 2235 ¹

298 2259 354 2285 Cic.
367 2267 416 2293 pro
430 2259 523 2292 Qiint.
538 2267 568 2293 75
587 2260 616 2284 In
629 2257 783 2284 huiusmodi
797 2258 812 2283 s
826 2257 960 2283 onfionem
974 2255 1048 2282 testes
1062 2255 1124 2281 dare
1140 2252 1280 2288 oportebat
1301 2259 1333 2277 ex
1397 2254 1458 2281 Liu.
1471 2257 1496 2285 6,
1531 2274 1537 2281 .
1575 2274 1581 2280 .
1652 2255 1750 2288 Magno
1762 2255 1862 2281 circum
1876 2255 1991 2281 clamore
2004 2256 2152 2282 fremebant
2172 2257 2245 2291 Virg.
2257 2258 2324 2284 Aen.
2336 2260 2366 2290 6,
2377 2263 2426 2292 175-

298 2302 331 2320 eo
344 2303 466 2326 numero,
480 2294 526 2328 qui
539 2293 600 2320 haec
613 2293 747 2325 dicerent,
763 2301 795 2318 va
816 2292 948 2319 imoniurn
960 2291 1029 2318 mihi
1043 2290 1158 2317 descruit
1173 2300 1177 2314 ε
1211 2297 1253 2314 me
1267 2288 1337 2313 frau-
1396 2289 1471 2316 Plebs
1486 2289 1549 2316 haec
1562 2289 1653 2316 fremit
1673 2290 1733 2316 Liu.
1747 2298 1768 2321 3,
1782 2292 1824 2317 62,
1924 2291 2061 2317 prouincia
2076 2297 2131 2317 tota
2145 2291 2276 2319 fremebat
2295 2292 2429 2320 Cic-Vm·

298 2329 371 2356 dauit
386 2340 392 2356 z
425 2339 440 2356 a
453 2338 495 2355 me
509 2329 625 2356 nominis
638 2329 693 2355 eius
708 2327 781 2362 quod
803 2328 930 2354 infitiatus
948 2328 1021 2357 essct,
1044 2326 1114 2352 diem
1136 2324 1231 2359 petiuit
1245 2334 1250 2349 :
1287 2330 1336 2362 ego
1397 2334 1419 2358 3,
1433 2334 1480 2357 132.
1550 2325 1642 2359 Superi
1657 2325 1733 2351 vario
1746 2326 1865 2351 sermone
1879 2325 2026 2352 fremebant
2044 2325 2125 2352 Ouid.
2139 2326 2202 2352 Met.
2215 2335 2240 2359 9,
2253 2334 2310 2363 413,
2361 2327 2432 2355 Tor.
2474 2329 2479 2335 ⁴

298 2364 415 2399 experiri
428 2373 481 2391 non
494 2365 584 2399 potui:
619 2364 749 2394 latitauit‚
764 2370 963 2398 procuratorem
978 2362 1079 2388 nullum
1093 2361 1209 2394 reliquit.
1279 2360 1333 2385 Cic.
1342 2362 1377 2387 60
1397 2366 1483 2387 rentes
1497 2360 1612 2386 immane
1625 2361 1740 2386 fremunt
1763 2361 1856 2387 Claud,
1869 2361 1901 2387 de
1915 2362 1994 2387 Cous.
2009 2361 2072 2386 Mal.
2084 2359 2192 2386 Theod.
2209 2370 2267 2395 237,
2337 2362 2433 2389 Turba

298 2400 327 2426 in
339 2401 413 2426 Orat.
429 2406 472 2435 178
492 2399 610 2426 Perfe&a
632 2409 659 2425 ac
682 2399 815 2426 moderata
840 2399 940 2433 semper
961 2397 1090 2432 exspeciat
1104 2407 1109 2422 :
1148 2395 1241 2422 mutila
1258 2394 1336 2420 sentit
1398 2395 1476 2422 misto
1487 2404 1624 2422 murmure
1638 2396 1729 2422 fremit
1753 2395 1849 2422 Lucan.
1862 2403 1890 2430 7,
1902 2403 1944 2428 45.
2015 2395 2094 2421 Venti
2107 2395 2221 2422 fremunt
2236 2397 2348 2423 immani
2361 2405 2432 2423 mur-

297 2435 442 2469 quaedam,
460 2442 486 2462 et
499 2435 569 2469 quali
584 2436 715 2460 decurtata
731 2444 737 2460 ι
769 2434 867 2468 quibus
880 2440 1003 2468 tanquam
1018 2432 1109 2459 debito
1127 2430 1277 2460 fraudetur,
1296 2429 1336 2455 of·
1399 2441 1475 2458 mure
1513 2431 1593 2458 Ouid,
1607 2431 1693 2458 Trist.
1708 2439 1728 2463 1,
1742 2439 1767 2462 2,
1782 2439 1817 2463 ες,
1922 2430 2013 2456 Vndae
2037 2436 2191 2464 montesque
2215 2431 2331 2459 fremunt
2369 2431 2431 2458 Stat,

298 2470 425 2496 fenditur.
496 2471 648 2497 Creditores
662 2469 798 2501 fraudare,
819 2469 900 2495 domo
912 2469 1069 2503 profugere,
1087 2472 1194 2502 propter
1211 2474 1253 2492 aes
1272 2465 1335 2491 alie·
1398 2467 1490 2494 Theb·
1505 2475 1539 2499 ¹²2
1555 2471 1615 2501 478·
1706 2467 1830 2493 Fremant
1843 2474 1933 2492 omnes
1950 2466 2025 2498 licet,
2042 2466 2127 2492 dicam
2140 2465 2211 2500 q¹¹⁰d
2224 2466 2308 2497 sendo
2327 2467 2383 2493 Cic·
2396 2466 2428 2494 de

298 2515 360 2532 num
373 2505 465 2531 venire
480 2506 511 2532 ad
524 2514 595 2531 arma
616 2505 672 2532 Cic.
685 2504 797 2539 Philipp.
811 2507 837 2536 6,
854 2513 886 2530 ιι.
956 2505 1135 2530 Decumanum
1147 2501 1284 2533 fraudare,
1302 2509 1335 2526 ne
1397 2503 1472 2529 Orat.
1486 2511 1505 2534 1,
1518 2510 1559 2535 ¹95
1573 2511 1594 2528 c.
1607 2510 1653 2535 44.
1724 2502 1838 2529 Librarii
1857 2501 2006 2536 confundere
2023 2501 2106 2536 solent
2129 2501 2250 2528 Fremere
2268 2507 2291 2528 et
2314 2502 2434 2535 Gemdre,

298 2550 379 2575 grano
394 2541 502 2575 quidem
517 2550 569 2567 vno
583 2540 635 2567 [inc
647 2541 760 2566 maxima
774 2548 856 2574 poena
868 2539 951 2574 potest
963 2546 1050 2566 arator
1072 2539 1126 2565 Cic.
1146 2539 1223 2564 Verr.
1245 2545 1273 2569 3,
1294 2545 1333 2562 20.
1347 2538 1379 2570 65
1397 2537 1581 2565 Drakenborch.
1594 2538 1626 2563 ati
1640 2537 1684 2563 Sil.
1699 2546 1719 2570 1,
1732 2545 1790 2570 425.
1824 2539 1855 2563 it.
1868 2537 2000 2563 Tremere
2014 2537 2050 2563 ib.
2066 2545 2109 2569 10,
2124 2546 2187 2570 244.

298 2577 414 2602 Genium
427 2576 566 2609 fraudare,
590 2578 701 2602 Naturae
712 2579 834 2611 appetitui
846 2582 869 2601 et
883 2578 1006 2610 voluptati
1021 2584 1068 2601 non
1075 2572 1227 2609 satisfacere
1255 2572 1335 2598 Plaut.
1434 2580 1450 2601 Ρ
1462 2580 1480 2600 R
1491 2579 1508 2599 Ε
1517 2580 1541 2599 Μ
1551 2579 1568 2599 Ε
1578 2579 1599 2599 Ν
1611 2580 1635 2607 s,
1643 2572 1717 2599 entis.
1735 2574 1802 2599 Part.
1837 2571 1991 2606 [φριμαέσσων
2040 2572 2130 2598 Saeuit
2142 2571 2235 2599 acerba
2249 2572 2365 2598 fremens
2383 2572 2433 2598 Va.

299 2612 358 2637 Aul.
372 2622 399 2645 4,
411 2620 437 2644 9,
451 2620 484 2644 15.
575 2612 632 2638 Nec
647 2611 723 2638 duces
736 2611 845 2645 quidem
860 2612 903 2637 sua
918 2610 1006 2637 Laude
1022 2609 1162 2637 fraudandi
1177 2610 1234 2634 sunt
1258 2607 1334 2633 Curt.
1398 2609 1445 2635 ler.
1462 2610 1559 2643 Argon.
1573 2617 1595 2641 3,
1609 2617 1668 2640 229.
1739 2607 1826 2635 Stabat
1851 2607 1952 2633 Acerba
1995 2616 2098 2634 remens
2136 2608 2211 2642 Virg.
2234 2607 2302 2633 Aen.
2324 2616 2362 2640 12,
2381 2611 2434 2640 398.

298 2657 324 2680 4,
339 2650 377 2679 16,
390 2656 424 2679 3ι.
496 2646 563 2673 Add.
578 2647 646 2672 Vell.
660 2656 682 2677 2,
696 2655 732 2676 12,
747 2654 779 2678 ι5.
815 2654 838 2672 et
851 2655 874 2677 2,
888 2650 946 2681 7⁶³¹
961 2654 1006 2673 stc.
1077 2645 1203 2671 Maritum
1215 2642 1337 2669 fraudare
1399 2643 1466 2671 Add.
1478 2643 1546 2670 Ibid.
1560 2651 1587 2678 7,
1601 2650 1647 2675 389
1659 2650 1683 2669 et
1695 2649 1755 2678 787.
1858 2642 1931 2669 Bello
1943 2643 2059 2670 fremens
2071 2642 2147 2679 Italia
2177 2643 2251 2677 Virg.
2265 2644 2331 2669 Aen.
2343 2652 2370 2676 4,
2383 2651 2436 2681 2²92„

300 2682 391 2708 liberis
410 2682 534 2708 Martiau.
549 2682 577 2707 in
592 2681 607 2706 Ι.
621 2691 640 2714 4
653 2681 692 2707 De
705 2681 837 2707 extraord.
852 2682 956 2708 crimin.
977 2683 1015 2708 De
1026 2690 1053 2707 ea
1065 2682 1188 2716 quuitur,
1206 2688 1264 2714 quae
1278 2678 1339 2704 clam
1399 2680 1487 2714 Equus
1505 2679 1579 2713 Virg.
1593 2679 1690 2713 Georg.
1705 2687 1725 2710 ι,
1738 2686 1774 2704 12.
1844 2677 1916 2703 Idem
1930 2679 1995 2705 Aen·
2008 2686 2035 2712 7,
2048 2680 2101 2710 638-
2194 2679 2264 2713 Lupi
2276 2679 2379 2705 circum

299 2725 371 2751 opera
381 2724 483 2751 partum
497 2717 539 2742 abe
557 2724 620 2742 crat.
691 2716 747 2742 Cic.
762 2724 810 2749 pro
823 2716 902 2742 Flacc.
917 2726 952 2751 47
966 2727 986 2743 c.
1002 2725 1033 2742 20
1052 2718 1142 2750 Itaque
1155 2723 1237 2749 quum
1254 2715 1337 2740 Roma
1344 2718 1380 2746 70
1399 2715 1460 2741 bula
1472 2714 1523 2740 alta
1536 2714 1676 2740 frementes
1693 2713 1775 2740 Ouid.
1789 2714 1853 2740 Met.
1867 2720 1890 2746 5,
1903 2715 1963 2749 627.
2048 2712 2192 2741 Prohibere
2211 2714 2370 2741 frementum

300 2754 366 2778 clam
381 2753 440 2778 esset
453 2726 603 2785 protegitis,
620 2750 770 2785 multosque
782 2751 891 2777 minutis
905 2751 1117 2778 Mutuationibus
1128 2749 1302 2780 fraudauifl‘et‚
1311 2750 1339 2774 in
1399 2751 1492 2785 nequit
1512 2750 1661 2776 Val.Flacc.
1675 2758 1695 2782 1,
1709 2758 1768 2783 594.
1788 2749 1815 2775 de
1829 2750 1910 2775 Euris.
1982 2748 2126 2776 Perducere
2140 2749 2172 2776 ad
2190 2749 2332 2776 frementes
2366 2750 2401 2776 Su
2417 2783 2420 2786 ⁴
2459 2766 2462 2770 .

301 2787 387 2813 Asiam
402 2787 483 2812 veuit.
555 2787 610 2812 Cic.
623 2786 655 2812 de
668 2786 725 2812 Fin.
740 2794 761 2818 5,
776 2788 804 2812 61
826 2786 938 2812 Audebo
952 2788 1033 2820 igitur
1046 2792 1155 2817 caetera,
1169 2794 1236 2820 quae
1249 2786 1336 2811 sccun—
1398 2786 1430 2812 de
1444 2786 1514 2812 Clar.
1528 2785 1617 2812 Grani.
1656 2805 1662 2811 .
1700 2805 1707 2811 .
2413 2787 2423 2798 '¹
2438 2810 2439 2814 ,

303 2822 365 2848 dum
379 2829 498 2848 naturam
510 2821 573 2853 lint,
593 2821 662 2847 bona
674 2821 818 2855 appellare,
837 2830 884 2847 nec
898 2822 1019 2847 fraudare
1034 2822 1081 2847 suo
1101 2821 1185 2847 veteri
1204 2821 1336 2846 Nomine:
1433 2827 1449 2847 F
1460 2828 1478 2847 R
1487 2828 1502 2847 E
1512 2828 1535 2847 M
1546 2827 1561 2846 F
1572 2827 1591 2844 Ν
1604 2827 1621 2847 D
1632 2826 1651 2845 V
1663 2827 1675 2847 s
1684 2840 1693 2853 ,
1718 2829 1747 2851 a,
1770 2829 1825 2846 um.
1851 2819 1943 2847 Pax-tic.
1979 2820 2165 2855 [φριμαισὲος]
2199 2819 2310 2846 Clamor
2323 2820 2438 2850 frement

302 2866 381 2893 quam
402 2856 505 2891 aliquid
526 2857 613 2891 potius
635 2866 736 2883 nouum
758 2857 906 2891 exquirere.
974 2857 1029 2883 Cic.
1053 2858 1105 2883 Att.
1130 2865 1148 2886 1,
1169 2865 1177 2882 1
1206 2856 1337 2883 Caecilius
1396 2856 1444 2882 dus
1462 2857 1522 2882 Stat.
1537 2856 1628 2882 Theb.
1644 2864 1678 2887 12,
1693 2863 1750 2890 752.

304 2892 429 2919 aunculus
443 2898 502 2918 tuus
516 2893 563 2918 aP.
573 2892 656 2918 Vario
670 2901 750 2926 quum
766 2901 858 2926 magna
871 2892 981 2918 Pecunia
993 2892 1173 2924 fraudaretur,
1192 2900 1268 2926 agere
1280 2900 1338 2917 coe·
1349 2896 1380 2924 75
1437 2899 1453 2918 F
1462 2899 1479 2917 R
1489 2899 1504 2918 E
1514 2899 1537 2917 Μ
1547 2891 1589 2918 i‘T
1598 2899 1617 2917 V
1628 2899 1640 2918 s
1649 2911 1657 2923 ,
1677 2890 1716 2917 us.
1740 2900 1775 2917 m.
1811 2890 1971 2926 [φριαιγμδς,
1986 2890 2128 2924 φρύαγμα]
2164 2890 2257 2924 Ingens
2270 2890 2387 2926 finitus,
2405 2895 2435 2918 vt

303 2929 342 2962 pit
355 2937 415 2954 cum
428 2928 483 2954 eius
497 2927 586 2954 fratre.
658 2928 786 2961 Populum
802 2927 988 2962 improbissime
997 2928 1119 2954 fraudare
1139 2928 1193 2954 Cic.
1206 2928 1237 2953 de
1246 2929 1338 2961 Arusp.
1400 2925 1534 2960 aestuantis·
1545 2930 1625 2952 maris
1634 2946 1640 2957 ,
1655 2934 1699 2953 aut
1712 2930 1891 2953 murmurantis
1903 2927 2001 2960 Populi,
2020 2931 2063 2950 aut
2074 2923 2181 2950 hominis
2197 2925 2396 2962 tumide-tremis
2407 2929 2435 2952 in

303 2964 378 2997 Resp.
392 2972 424 2996 42
437 2973 458 2989 c.
473 2972 513 2990 20.
593 2963 666 2997 Virg.
683 2964 744 2989 Aen.
759 2973 785 2996 4,
797 2970 838 2995 355
874 2965 960 2997 Qiam
974 2964 1065 2997 Regno
1078 2963 1218 2997 Hesperiae
1234 2963 1339 2995 fraudo,
1400 2966 1472 2990 iram.
1508 2963 1563 2988 Cic.
1579 2963 1631 2988 Att.
1645 2971 1668 2994 2,
1705 2984 1711 2990 .
1749 2982 1755 2988 .
1791 2962 1847 2996 Qii
1861 2962 1982 2989 fremitus
1997 2959 2150 2985 hominum?
2167 2969 2247 2994 quam
2261 2961 2323 2987 irati
2335 2962 2418 2988 animi
2425 2962 2442 2988 3·

305 3005 330 3026 et
344 2998 468 3025 fatalibus
484 2999 565 3025 aruis.
638 2999 766 3024 Societate
781 2997 940 3025 hereditaria
962 2999 1078 3034 aliquem
1111 2999 1166 3025 Cic.
1181 3008 1229 3033 pro
1244 3000 1338 3032 Qiint.
1399 2997 1471 3025 Idem
1486 2997 1516 3023 de
1531 2997 1586 3023 Fin.
1599 3006 1620 3030 5,
1633 3005 1646 3030 5
1660 3006 1681 3023 c.
1695 3006 1711 3023 2
1730 2999 1792 3031 Quo
1806 2998 1835 3024 in
1848 2997 1907 3023 loco
1919 2996 1950 3022 ad
1963 2994 2072 3021 fluctum
2084 2994 2158 3033 aiunt
2172 2995 2316 3023 declamare
2329 2997 2435 3024 solitum

305 3037 348 3068 76.
420 3035 518 3060 Somno
530 3033 644 3068 aliquem
662 3033 741 3060 Ouid.
758 3034 848 3060 Amor.
863 3044 879 3066 ι,
896 3043 929 3066 ι3,
939 3042 975 3068 ι7.
1045 3034 1207 3068 Stipendium
1220 3036 1339 3069 equitum
1401 3033 1617 3064 Demosthenem,
1635 3039 1664 3059 vt
1677 3033 1813 3059 fremitum
1826 3032 1974 3058 assuesceret
1985 3038 2049 3056 voce
2063 3038 2177 3056 vmcere.
2250 3032 2361 3059 Auditus
2375 3041 2435 3059 cum
2454 3062 2455 3067 ¹

305 3069 461 3096 fraudabant
473 3076 498 3095 et
513 3069 633 3103 praedam
649 3078 756 3096 omnem
769 3068 877 3095 domum
896 3070 1047 3096 auertebant
1072 3071 1142 3096 Caes.
1162 3071 1189 3096 B.
1204 3071 1234 3098 C.
1254 3079 1282 3102 3,
1302 3078 1340 3102 59.
1351 3073 1383 3098 80
1401 3069 1508 3096 fremitu
1522 3068 1641 3102 strepitus
1659 3068 1715 3094 Cic.
1729 3068 1760 3094 de
1774 3069 1866 3102 Arusp.
1879 3067 1953 3101 Resp.
1967 3075 2006 3092 20.
2076 3066 2206 3099 Aequoris
2225 3067 2297 3102 nigri
2314 3066 2434 3095 fremitus
2453 3096 2454 3099 ,

304 3105 476 3131 Testimonio
489 3106 536 3131 suo
552 3105 667 3139 aliquem
685 3104 816 3131 Columel.
829 3113 852 3137 3,
866 3113 890 3139 7.
978 3106 1025 3130 Per
1037 3105 1145 3132 tutelam
1159 3105 1280 3132 fraudare
1293 3105 1341 3131 ali·
1402 3106 1469 3131 Hor.
1485 3105 1572 3131 Carm.
1588 3112 1610 3135 3,
1624 3111 1669 3137 27,
1683 3112 1721 3135 23.
1790 3103 1928 3137 Egentium
1956 3100 2078 3128 fremitus
2114 3101 2169 3128 Cic.
2201 3111 2251 3136 pro
2282 3103 2365 3130 Flacc.
2392 3111 2432 3136 23.
2453 3130 2454 3139 ἵ

306 3149 401 3174 quem,
420 3146 463 3166 aut
477 3141 640 3172 societatem,
661 3147 706 3166 aut
716 3147 761 3166 erc.
782 3140 838 3166 Cic.
853 3148 902 3174 pro
915 3141 1020 3166 Caecin.
1034 3148 1059 3175 7.
1164 3142 1244 3167 Viros
1256 3140 1341 3167 bonos
1403 3141 1476 3167 Caes.
1492 3140 1520 3166 B.
1535 3140 1565 3165 C.
1579 3147 1602 3170 3,
1616 3144 1642 3170 38
1660 3139 1696 3164 Ex
1711 3139 1820 3165 fremitu
1832 3139 1967 3172 Equorum
1980 3136 2051 3162 illata
2065 3136 2225 3171 suspicione,
2241 3138 2273 3164 ad
2286 3140 2344 3165 suos
2359 3139 2383 3165 se
2395 3148 2434 3166 re-

306 3176 391 3210 palam
411 3175 483 3202 Idem
496 3184 543 3209 pro
558 3176 650 3209 Qiint.
663 3184 698 3209 51·
769 3175 912 3209 Voluptate
925 3175 1041 3208 aliquem
1057 3176 1122 3201 Plin.
1136 3176 1212 3210 Epist.
1221 3179 1265 3209 96,
1284 3196 1290 3202 .
1314 3196 1321 3202 .
1402 3176 1490 3210 cipere
1504 3179 1654 3208 coeperunt.
1744 3175 1817 3209 Virg.
1831 3174 1894 3200 Aen.
1910 3180 1941 3204 ιι,
1957 3174 2008 3206 607
2034 3172 2167 3206 Equorum
2179 3173 2290 3201 ardescit
2302 3175 2432 3202 fremitus.

309 3212 367 3237 Liu.
381 3220 403 3243 2,
417 3220 446 3237 10
457 3219 521 3237 extr.
539 3212 569 3236 In
581 3220 672 3245 magna
685 3211 776 3245 inopia
788 3219 836 3245 pro
849 3210 997 3237 domesticis
1011 3211 1094 3245 copiis
1114 3213 1293 3246 vnusquisque
1315 3211 1341 3237 ei
1402 3212 1484 3238 Maris
1496 3209 1684 3236 murmurantis
1695 3208 1816 3236 fremitus
1838 3208 1892 3234 Cic.
1905 3207 1987 3234 Tusc.
2003 3216 2025 3239 5,
2040 3210 2081 3233 ιι6
2094 3217 2116 3234 c.
2129 3217 2174 3242 40.
2264 3211 2370 3236 Marino
2383 3209 2435 3236 fre·
2453 3208 2454 3211 ’

306 3247 424 3281 aliquid,
443 3245 565 3273 fraudans
577 3247 601 3272 se
615 3247 668 3280 ipse
682 3247 763 3272 Viciu
775 3247 837 3278 suo,
857 3246 977 3272 contulit.
1068 3246 1173 3272 Gerund.
1210 3248 1258 3282 Spe
1272 3248 1342 3273 frau-
1355 3251 1383 3279 85
1401 3248 1468 3274 rnitu
1481 3246 1609 3280 assurgens
1622 3245 1734 3270 Benacus
1754 3245 1828 3279 Virg.
1841 3244 1938 3276 Georg.
1953 3251 1975 3275 2,
1990 3246 2043 3269 160.
2113 3244 2205 3270 Plausu
2219 3245 2382 3280 fremituque
2397 3246 2434 3272 se-

307 3282 385 3308 dandi
399 3282 511 3314 sublata,
530 3281 648 3307 soluendi
661 3281 788 3308 neceffitas
803 3281 972 3316 consequitur
991 3281 1047 3308 Cic.
1060 3281 1112 3307 Off.
1129 3290 1150 3313 1,
1164 3288 1205 3314 34.
1275 3283 1340 3308 Data
1403 3281 1489 3309 cundo
1509 3281 1583 3314 Virg.
1597 3280 1661 3305 Aen.
1676 3290 1696 3312 ς,
1714 3285 1765 3312 ¹48·
1870 3278 1932 3304 Acri
1946 3287 2003 3304 cum
2018 3278 2125 3305 fremitu
2140 3280 2254 3313 perfurit
2269 3288 2361 3307 ventus
2381 3281 2432 3307 Lu-

307 3317 443 3351 corripere
456 3316 601 3343 fraudando
619 3317 705 3343 Catul.
720 3322 773 3349 108,
785 3319 810 3343 6.
1402 3323 1465 3344 eret.
1481 3326 1500 3349 ι,
1516 3323 1573 3351 277.
1607 3314 1661 3341 vid.
1676 3322 1765 3342 ACER.
1839 3313 1924 3339 Denso
1938 3314 2101 3340 circumstant
2115 3314 2224 3341 fremitu
2246 3317 2318 3350 Virg.
2335 3317 2432 3350 Georg.
2452 3335 2453 3340 ,

345 3359 360 3378 F
378 3359 397 3378 R
415 3359 436 3378 A
449 3359 469 3378 V
487 3358 505 3377 D
521 3360 542 3379 A
560 3360 582 3378 N
598 3360 627 3384 s,
651 3353 726 3378 antis.
770 3351 862 3378 Partic.
899 3351 1048 3386 [νοσφίξων]
1084 3351 1216 3377 Fraudans
1240 3353 1264 3377 se
1286 3352 1339 3385 ipse
1402 3363 1430 3386 4,
1445 3355 1500 3379 216.
1587 3350 1695 3376 Flebilis
1713 3351 1769 3377 Sen.
1782 3349 1890 3382 Hippoi.
1905 3357 1930 3383 7.
2017 3350 2162 3376 Horribilis
2176 3359 2310 3377 „rmorum
2329 3353 2383 3378 Cic.
2399 3353 2431 3382 de
2452 3350 2454 3363 *

307 3386 379 3413 vieta
391 3388 437 3414 suo
476 3387 535 3414 Liu.
551 3396 575 3420 2,
592 3396 619 3413 10
633 3394 697 3414 extr.
786 3387 867 3413 Ouid.
886 3387 952 3414 Fast.
967 3396 989 3419 3,
1002 3393 1050 3419 829
1087 3387 1183 3413 Turba
1198 3387 1249 3413 feri
1264 3388 1340 3413 censu
1403 3389 1494 3422 Arusp.
1509 3387 1581 3420 Resp.
1595 3394 1628 3412 20
1640 3394 1661 3411 c.
1678 3394 1713 3412 10.
1819 3385 1966 3411 Horrisono
1980 3385 2088 3411 fremitu
2101 3386 2245 3420 sequuntur
2281 3388 2354 3422 Virg.
2367 3389 2431 3414 Aen.
2452 3384 2454 3386 ’

307 3422 443 3449 fraudante
483 3423 602 3457 magistri
634 3433 640 3448 ι
674 3424 709 3449 al.
754 3422 882 3449 Fraudata
911 3433 917 3448 :
953 3430 976 3448 et
1023 3422 1174 3448 vehementer
1211 3421 1341 3457 flue‘buant
1353 3428 1388 3453 90
1405 3433 1431 3457 9,
1446 3432 1482 3456 53,
1552 3421 1719 3452 Inconditus,
1736 3419 1787 3446 vid.
1807 3426 2026 3447 INCONDITVS.
2103 3422 2235 3455 Mugienti
2252 3422 2361 3449 fremitu
2375 3423 2434 3449 loca

304 3460 396 3483 critici.
1405 3459 1496 3485 cuncta
1508 3463 1628 3484 retonant
1648 3456 1732 3482 Catul.
1746 3458 1783 3486 όι,
1795 3460 1831 3484 82.
1918 3455 2011 3490 Rapidi
2031 3456 2132 3482 Lucret.
2147 3464 2168 3489 5,
2184 3465 2248 3488 ιι,2.
2329 3459 2431 3485 Raucus

347 3497 362 3516 F
374 3499 390 3517 R
402 3500 450 3518 AV
460 3499 538 3520 DAT
548 3500 603 3525 VS,
623 3503 653 3525 a,
672 3502 726 3519 um.
747 3492 839 3519 Partic.
876 3491 1032 3526 [νοσφιθεὶς]
1067 3492 1122 3519 Cic.
1135 3492 1188 3518 Off.
1200 3501 1223 3524 3,
1238 3501 1269 3523 70
1282 3501 1301 3518 c.
1316 3500 1341 3524 17
1404 3495 1494 3521 Valer.
1517 3493 1613 3526 Argon.
1636 3500 1662 3523 2,
1683 3498 1739 3524 307.
1809 3490 1929 3518 Semiferi
1944 3492 2064 3517 virorum
2094 3492 2180 3518 Valer.
2205 3494 2300 3526 Argon.
2327 3497 2359 3526 6,
2380 3502 2429 3526 233.

312 3525 356 3550 Vti
370 3535 401 3551 ne
416 3535 522 3560 propter
534 3535 569 3560 te,
587 3529 700 3556 fidemne
714 3535 786 3555 tuam
799 3533 886 3562 captus
899 3527 1067 3554 fraudatusue
1081 3527 1134 3553 lim.
1205 3528 1339 3562 Coniugio
1403 3530 1507 3556 Truces
1529 3528 1607 3553 tubae
1637 3527 1694 3552 Sen.
1711 3525 1805 3552 Οὲῐειιι.
1825 3528 1850 3552 6.
1944 3527 2090 3554 Fremitum
2106 3527 2225 3554 d1civult
2237 3528 2340 3563 Festus,
2359 3528 2441 3564 quasi*

310 3559 428 3586 fraudata
448 3563 525 3588 Ouid.
541 3565 617 3597 Epist,
631 3567 656 3597 6,
671 3567 721 3596 ¹63·
793 3565 900 3590 quenta
915 3564 1000 3597 prima
1014 3562 1147 3588 fraudatus
1158 3583 1165 3593 ,
1182 3566 1198 3588 i.
1214 3563 1339 3598 Spoliatus
1397 3565 1583 3591 Ferimentum.

311 3595 389 3620 Ouid.
404 3596 465 3620 Met.
482 3605 518 3629 ιο,
533 3604 585 3629 196.
654 3599 779 3626 Lucernis
796 3598 922 3625 fraudatis
942 3599 1009 3624 Hor.
1025 3599 1104 3624 Serm.
1120 3607 1139 3630 1,
1152 3601 1176 3627 6,
1191 3607 1226 3630 ²4-
1281 3599 1335 3625 Νιι-
1349 3606 1381 3632 95
1439 3606 1454 3626 F
1474 3607 1492 3626 R
1512 3605 1527 3625 E
1545 3605 1568 3624 M
1588 3603 1604 3623 E
1622 3603 1637 3623 B
1654 3603 1675 3622 V
1691 3603 1713 3622 N
1731 3601 1749 3621 D
1768 3603 1787 3622 V
1806 3603 1834 3628 S,
1866 3605 1896 3628 a,
1917 3606 1970 3623 um.
2025 3594 2221 3632 [φρυαγμώδης]
2258 3598 2310 3632 Qu*
2327 3597 2430 3633 fremit.

311 3630 372 3663 ptiis
386 3629 524 3669 fraudatis,
537 3635 554 3657 i.
571 3635 662 3660 Fraude
675 3637 817 3670 interceptis
837 3634 925 3660 lustin.
939 3643 981 3666 43,
996 3641 1015 3661 ι,
1030 3642 1065 3665 19.
1400 3636 1456 3662 Cic.
1469 3635 1501 3661 de
1513 3634 1548 3661 N.
1563 3633 1595 3658 D.
1609 3640 1624 3658 2
1637 3638 1692 3663 c.35
1728 3645 1773 3651 —
1806 3632 1895 3659 Tanta
1911 3632 1992 3658 moles
2004 3632 2103 3659 labitur
2138 3632 2317 3659 Fremebffl‘dfl
2333 3642 2364 3659 ex
2377 3634 2429 3660 ³¹³⁰

348 3671 422 3704 FJzA
434 3672 509 3705 V.D·A
519 3672 609 3699 TOR,
624 3670 686 3699 oris,
705 3679 740 3696 m.
777 3670 949 3703 [πλεονέκτης]
985 3669 1037 3695 Cic.
1051 3677 1098 3702 pro
1113 3669 1194 3694 Flacc.
1214 3674 1247 3701 48
1266 3678 1286 3695 c.
1306 3678 1337 3695 20
1400 3670 1502 3705 ingenti
1515 3668 1601 3695 sonitu
1613 3673 1638 3693 et
1652 3666 1767 3700 strepitu.
1804 3669 1840 3693 Ex
1852 3668 1932 3694 Accio
1945 3668 1989 3694 Sil.
2004 3676 2026 3700 3,
2040 3670 2089 3700 463
2108 3667 2136 3693 de
2150 3668 2306 3702 Elephantis,
2326 3670 2361 3695 At
2375 3677 2428 3703 gre·

312 3699 403 3726 Nolite
417 3699 581 3732 existimare,
604 3703 719 3735 ludices,
743 3714 796 3730 non
815 3714 892 3731 vnam
911 3711 936 3731 et
954 3703 1063 3729 eandem
1081 3704 1206 3729 omnibus
1226 3704 1253 3730 in
1271 3704 1338 3731 locis
1400 3707 1440 3741 gis
1451 3705 1546 3739 allapsu
1560 3701 1743 3729 fremebundo.
1847 3703 1946 3730 Arnob.
1961 3706 1978 3729 6
1992 3712 2016 3737 p.
2030 3705 2074 3734 196
2102 3703 2290 3730 Fremebundis
2303 3703 2429 3736 hiatibus,

310 3736 357 3760 else
372 3735 551 3761 fraudatorum
569 3743 594 3762 et
614 3737 786 3765 infitiatorum
802 3740 1000 3774 impudentiam.
1094 3740 1285 3766 Beneficiorum
1300 3740 1338 3766 in·
1400 3742 1484 3769 toruis
1499 3738 1617 3767 rictibus.
1689 3739 1734 3763 Per
1746 3738 1858 3773 Metaph.
1874 3737 2082 3774 Indignabundus.
2165 3739 2246 3765 Ouid.
2259 3740 2322 3765 Met.
2336 3748 2372 3772 12,
2388 3744 2427 3769 128

310 3777 397 3810 gratus
410 3769 545 3797 fraudator
558 3770 592 3796 cst
614 3772 670 3798 Sen.
685 3774 773 3800 Benef.
786 3784 813 3807 4,
821 3777 859 3800 26.
953 3774 1122 3801 Creditorum
1135 3775 1270 3801 fraudator
1282 3776 1336 3802 Cic.
1345 3786 1391 3804 100
1399 3777 1473 3804 Tum
1487 3783 1551 3801 vero
1563 3781 1682 3807 praeceps
1696 3782 1772 3799 curru
1786 3774 1973 3800 fremebundus
1984 3772 2016 3799 ab
2029 3772 2083 3799 alto
2118 3773 2217 3800 Desilit.

308 3805 420 3844 Philipp.
456 3814 479 3837 13
495 3825 504 3837 ,
531 3808 561 3831 26
592 3814 613 3831 c.
646 3815 681 3833 12.
807 3810 917 3836 Praedae
957 3810 1092 3837 fraudator
1122 3816 1147 3836 et
1178 3810 1338 3845 interceptor
1434 3817 1503 3837 FRE
1514 3817 1538 3835 M
1551 3806 1562 3835 ἰ’
1574 3814 1657 3840 DVS,
1674 3817 1704 3840 a,
1724 3818 1777 3835 um.
1797 3808 1857 3835 Adi.
1895 3811 1986 3844 Nempe
1999 3808 2117 3834 Fremida
2130 3809 2205 3835 turba
2225 3809 2428 3842 Ouid.Met.;,2

306 3841 366 3868 Liu.
380 3850 408 3874 4,
420 3849 451 3873 50
465 3848 507 3875 pr.
613 3877 624 3881 -
651 3875 656 3880 “
1397 3847 1459 3881 legit
1474 3843 1594 3881 Heinsius.
1649 3843 1696 3871 sed
1712 3843 1778 3871 reste
1797 3846 1880 3872 Burm.
1889 3844 1992 3880 struat,
2009 3844 2125 3870 Fremitu
2139 3844 2236 3879 regalia
2249 3844 2341 3870 turbae
2353 3843 2426 3871 Atria

347 3882 363 3902 F
375 3883 392 3903 t<
403 3883 424 3903 Α
433 3883 453 3902 ν
463 3882 481 3902 D
491 3883 512 3902 Α
520 3881 541 3901 Τ
549 3883 559 3902 1
568 3881 598 3907 o,
611 3884 679 3901 oms.
699 3876 718 3902 f.
755 3876 920 3912 [νοσφισμδς]
956 3881 1041 3913 Qiam
1058 3879 1102 3905 illa
1114 3888 1207 3912 aurea,
1224 3885 1253 3906 vt
1264 3881 1337 3907 Inter
1394 3879 1566 3914 complentur.

308 3910 391 3938 bonos
405 3911 471 3937 bene
484 3911 556 3946 agier
568 3917 687 3945 oportet,
705 3916 729 3936 et
744 3911 795 3937 fine
808 3912 981 3940 fraudatione.
1018 3914 1073 3941 Cic.
1088 3915 1140 3941 Off.
1154 3924 1166 3947 3
1179 3925 1200 3942 c.
1219 3923 1255 3950 17.
1293 3916 1336 3942 Fi·
1434 3921 1477 3942 ΡΒ
1488 3922 1502 3940 κ’
1512 3921 1564 3941 ΜΟ
1574 3921 1609 3946 R,
1628 3914 1691 3940 oris.
1711 3923 1747 3941 m.
1781 3915 1929 3950 Variusque
1942 3922 1987 3948 per
2001 3922 2047 3940 ora
2061 3914 2176 3940 cucurrit
2191 3913 2354 3941 Ausonidum
2373 3919 2424 3940 tur-

305 3945 348 3972 des
362 3953 386 3973 ct
399 3946 556 3979 Fraudatio,
572 3948 700 3973 contraria
727 3946 782 3972 Cic.
795 3947 823 3972 in
835 3948 912 3973 Catil.
926 3957 948 3979 2,
959 3957 989 3982 25
1003 3959 1024 3976 c.
1039 3959 1069 3976 11.
1339 3960 1383 3988 ¹05
1396 3950 1455 3977 bata
1467 3950 1568 3977 fremor
1589 3950 1661 3985 Virg.
1677 3951 1741 3976 Aen.
1757 3957 1791 3983 ιι,
1803 3957 1863 3984 297.
1904 3949 2053 3976 Verborum
2063 3949 2164 3976 fremor
2183 3949 2282 3976 Arnob.
2298 3958 2308 3976 1
2321 3958 2345 3984 p.
2352 3957 2387 3980 32.

2331 3988 2421 4010 Ῑ-ἬΕΝ·
