2479 4225
9 82 16 90 Χ
61 87 83 99 ax

46 172 111 216 861
419 169 463 210 H
555 168 708 210 AB

45 258 100 286 tial.
115 266 151 291 10,
165 266 196 292 41
216 258 344 285 Maritum
358 258 478 291 Deseris,
496 264 574 293 atquc
587 258 661 285 iubes
674 258 726 284 Res
740 253 787 283 sibi
802 254 897 282 habere
911 254 974 280 suas.
1030 254 1079 280 Rc-

4 323 5 327 *
45 294 199 335 petitionem
213 294 320 320 habebit
332 303 347 321 a
362 294 552 326 coheredibus,
572 298 590 320 ι’.
602 295 645 320 Ius
657 292 781 329 repetendi
793 291 821 317 id
834 289 896 326 quod
903 289 981 325 Jbluit
1000 289 1078 316 Paull.

2 358 8 366 .
45 328 104 358 anl.
117 337 132 355 2.
145 327 169 365 §.
187 337 217 355 cx
238 329 278 355 his
302 330 333 356 D.
356 329 388 356 de
409 330 483 357 verb.
504 330 588 364 oblig.
695 329 750 354 Cic.
770 326 880 360 Philipp.
894 332 915 357 ς,
928 333 964 359 49
987 324 1078 358 Itaque

7 398 11 400 ῃ
46 373 125 400 quum
139 364 290 398 uespeetmn
303 365 335 391 ad
349 365 469 392 Senatum
484 371 510 391 et
522 364 555 393 ad
570 365 654 391 bonos
667 373 720 391 non
735 362 858 392 haberet,
877 367 922 386 etc.
1013 360 1077 385 Plin.

2 405 8 435 ς·
45 405 86 432 28,
100 408 109 425 1
132 398 243 432 Quando
267 400 304 426 ita
326 401 459 427 decretum
484 400 536 432 est,
555 400 688 426 minorem
709 398 823 433 gratiae,
843 404 922 430 quam
935 394 1078 421 Vtilitatum

12 455 24 483 ι
45 435 320 497 ιξεξηέὲῑξρῑξῑιτῑιε,
335 436 440 498 Ἢ·
478 471 496 497 ..2
522 436 707 462 ¹³
720 430 1025 498 *autmari-⁶&
1042 439 1077 491 :z-

324 481 348 498 m
392 481 407 498 ιι
421 481 464 498 on.
517 481 524 497 ι
545 480 566 497 r.
635 489 642 496 .
818 485 824 492 .
862 485 868 491 .
907 486 913 492 .
942 484 950 497 ,
1015 475 1041 490 cx
1071 485 1078 491 .

15 536 19 542 .
44 504 136 568 §ostri
149 514 213 532 vcro
227 506 274 540 qui
285 507 350 533 Satis
369 481 514 538 habebant?
528 480 584 532 iine
594 478 764 531 'cfetrimento
789 500 931 527 discedere.
1003 501 1076 536 Cous.

74 548 88 566 e
105 558 112 566 .
122 547 146 566 ι·
200 548 218 568 ”.

17 568 31 614 'g
44 549 260 609 ligapm}'‘4l'³la11t.
275 578 369 613 Amph.
385 587 404 610 1,
418 587 440 611 3,
455 587 485 604 ιι.
592 577 656 603 Satis
666 574 749 600 liabeo
763 580 884 607 promere
898 579 979 597 vnum
993 580 1077 597 cxi-m-

20 636 22 642 ,
42 610 116 673 'glum
136 610 203 638 Gell.
218 621 252 645 13,
266 621 300 645 ις.
372 613 502 648 Qiinfi'tiL
516 621 540 645 9,
553 621 571 646 4
589 610 656 638 Illud
670 609 765 636 notasse
780 608 844 634 Satis
858 606 951 633 habeo,
1023 607 1077 633 Sci-

18 650 23 676 ς
64 645 115 672 iem
129 646 226 674 habere
246 649 365 676 Scribon.
386 658 433 682 135·
501 649 557 675 Cic.
570 645 643 673 Acad.
658 653 729 678 4⁷117
751 644 846 677 Neque
859 651 907 668 nos
921 648 1009 668 contra
1024 643 1077 669 sen-

18 702 21 705 .
36 681 84 721 ,sus
106 681 183 709 aliter
201 682 312 710 dicimus
336 693 365 711 ac
386 685 486 716 Stoici,
502 684 548 718 qui
569 681 650 708 multa
662 680 726 706 falsa
738 680 785 705 effe
798 679 888 704 dicunt
904 688 909 703 :
945 677 1076 712 long.que

35 715 120 744 *aliter
133 718 163 744 Se
177 717 272 745 habere
286 728 314 746 ac
326 720 438 746 sentibus
453 719 599 746 videantur.
706 716 787 749 Reges
807 721 833 739 et
846 713 968 739 dominos
982 715 1077 739 habere

37 751 136 784 debet,
156 754 211 786 Qii
225 755 254 780 Se
268 763 322 781 non
335 755 412 782 habet
431 753 544 782 Martial.
558 761 583 785 2,
593 754 634 782 68.
725 751 757 776 Se
773 749 841 777 belle
866 749 921 775 cic.
938 749 988 774 Att.
1003 757 1031 781 4,
1046 757 1077 774 ιι.

8 799 15 813 ³
33 786 114 819 *fidem
128 787 194 815 ibid·
210 797 235 824 7,
248 798 265 817 2
283 792 449 825 Qiamquam
462 788 616 818 videbatur,
636 786 666 813 Se
678 794 732 813 non
747 785 862 820 grauiter
875 783 1075 815 habet*e,taiii:ii

41 821 99 849 suni
121 824 246 858 solicitus.
336 827 367 853 Se
380 826 446 853 male
463 824 535 851 Caes.
548 824 576 850 B.
589 824 619 850 C.
634 831 654 857 i,
667 825 706 854 63.
797 821 828 847 Se
841 819 974 846 munditer
993 820 1073 845 Plaut.

15 855 21 869 ¹*
39 857 119 888 Poen.
136 868 153 891 1,
170 869 193 892 2,
205 862 243 887 26.
316 862 383 888 Ter.
396 860 469 888 Adel.
482 869 502 893 1,
519 868 539 891 1,
554 867 588 885 20
609 859 674 885 Ruri
688 865 764 892 agere
782 856 881 887 vitam,
903 855 1002 887 semper
1022 864 1077 888 par-

16 883 21 934 }
41 902 71 920 ce
85 903 113 920 ac
126 894 228 922 duriter
241 896 272 923 Se
283 897 387 924 habere.
465 894 612 929 ,Qiaefiuit
631 902 646 920 a
666 892 791 924 Medicis,
810 889 1029 926 quemadmodum
1045 891 1076 916 Se

18 943 21 967 ιι
40 927 150 956 haberet
170 931 238 967 Nep.
254 940 291 963 10,
304 941 329 965 2,
341 941 368 965 4.

19 974 21 1004 ζ
41 972 84 998 39,
121 985 128 992 ·
163 985 170 992 ·
196 976 202 981 “
238 967 386 1003 ¹Nunquam
398 967 473 993 Secus
485 966 567 992 habui
582 965 665 996 illam,
679 973 708 990 ac
722 963 740 989 si
754 963 813 989 est‘et
826 970 857 987 ex
872 970 913 987 me
927 966 985 987 nata
1007 961 1074 988 Ter.

16 1010 21 1038 j
41 1001 108 1027 Hec.
122 1009 146 1031 2,
159 1010 182 1034 3,
193 1004 219 1029 6.
325 1003 390 1029 Plin.
408 1010 441 1035 ιι,
455 1011 482 1035 37
502 1001 628 1035 Superbia
641 999 724 1025 aliubi
738 997 966 1031 conceptaculum,
990 996 1030 1022 sed
1047 1005 1075 1023 ιιι

39 1035 186 1071 superciliis
199 1037 290 1064 Sedem
301 1038 387 1066 habet.
474 1038 547 1065 Caes.
561 1037 587 1062 Β.
602 1036 634 1061 G.
651 1043 671 1067 1,
684 1043 722 1067 44
749 1032 826 1059 Sedes
839 1032 935 1058 habere
948 1033 976 1058 in
989 1031 1074 1058 Gallia

40 1070 74 1097 ab
87 1071 145 1106 ipsis
158 1074 282 1100 concessas
299 1085 304 1100 :
338 1072 439 1100 obfides
452 1072 569 1108 ipsorum
582 1070 717 1097 voluntate
730 1067 813 1095 datos.
910 1068 1073 1102 Segrepatum

13 1098 20 1138 ,ὃ
38 1105 138 1134 habere
158 1108 224 1135 Ter.
240 1109 302 1135 Hec.
318 1116 341 1142 5,
353 1117 372 1140 1,
385 1111 425 1135 26.
494 1108 630 1137 Senatum,
642 1112 691 1141 pro
704 1104 801 1140 Cogere.
837 1103 892 1131 Cic.
907 1104 945 1136 Q
955 1104 1034 1129 Fratr.
1047 1111 1073 1135 2,

15 1128 20 1185 i
42 1161 50 1167 -
85 1161 92 1168 ·
162 1142 234 1170 Idem
247 1143 278 1170 de
292 1145 326 1171 N.
341 1145 372 1171 D.
387 1153 413 1177 2,
427 1152 450 1170 ιι
469 1142 548 1177 Quod
562 1149 642 1176 quum
657 1140 826 1175 pomoerium
846 1138 932 1173 postea
950 1139 1074 1170 intrasset,

38 1176 155 1204 habendi
168 1179 273 1205 Senatus
285 1181 373 1211 causa,
387 1186 433 1206 etc.
536 1177 591 1204 Cic.
605 1176 686 1202 Tusc.
701 1183 721 1208 i,
735 1183 761 1207 57
790 1176 877 1209 Qem
890 1175 975 1200 locum
989 1175 1073 1200 multo

17 1242 19 1252 γ
37 1212 118 1238 etiam
132 1215 277 1241 accuratius
290 1215 402 1250 explicat
414 1215 442 1241 in
456 1222 488 1240 eo
497 1213 629 1244 Sermone,
642 1220 721 1246 quem
736 1209 828 1237 habuit
841 1219 873 1236 eo
888 1210 943 1243 ipso
958 1209 1010 1242 die,
1020 1218 1074 1242 quo

17 1253 19 1279 ξ
36 1247 138 1274 ext-ellit
151 1257 166 1274 e
179 1250 242 1276 vita.
312 1251 462 1277 Sermonem
474 1247 541 1283 apud
554 1247 680 1282 populum
700 1245 767 1273 Plin.
780 1245 857 1280 Epist.
873 1254 891 1277 1,
905 1250 918 1274 8
928 1252 970 1280 pr.
1016 1244 1076 1271 Cic.

14 1315 20 1337 l
36 1317 91 1345 inte

11 1336 27 1394 1
38 1351 69 1390 de
100 1353 220 1381 iscordiis
233 1356 375 1382 mulierum
387 1355 542 1381 nostrarum.

5 1395 27 1418 ᾖ
108 1397 170 1415 ones
184 1399 246 1422 cos,
263 1399 328 1424 quos
343 1390 375 1417 de
390 1390 549 1425 agricultura
563 1389 703 1416 habuimus
721 1397 812 1423 nuper.

39 1386 159 1463 tlpro
176 1425 362 1453 Commemorare
368 1426 522 1462 sermonibus
539 1425 600 1452 Liu.
614 1433 661 1458 44,
671 1431 704 1459 ⁴7
713 1431 756 1459 pr.

109 1327 185 1351 rum,
211 1320 376 1355 multumque
391 1320 414 1346 is
435 1327 537 1346 mecum
554 1319 707 1345 Sermonem
724 1316 819 1344 habuit
837 1323 862 1343 et
883 1316 1072 1350 perhumanum

648 1355 733 1380 Varro
746 1353 777 1379 de
791 1353 823 1379 R.
840 1353 872 1378 R.
886 1361 905 1384 1,
920 1361 928 1378 1
951 1352 1073 1377 Referam

902 1389 932 1413 Iii
940 1387 1072 1413 Sermoni-

828 1424 858 1449 In
870 1423 990 1449 Seruitiis
999 1422 1074 1448 =Plin.

40 1458 115 1499 ing-⁸1}
136 1459 161 1486 b.
182 1469 201 1486 e.
232 1462 300 1488 Inter
325 1461 433 1498 firnitia
452 1461 496 1497 scu
521 1461 616 1495 seruos.

37 1500 119 1535 cratis·
129 1494 199 1522 bona
217 1497 327 1523 Bidinos
344 1497 434 1523 omnia
449 1495 574 1530 possidere
589 1502 615 1520 et
623 1494 679 1520 Sibi
693 1494 789 1520 habere
804 1493 879 1520 iussit.
970 1494 1026 1519 Cic.
1040 1495 1071 1519 de

25 1529 139 1558 Amic-it.
152 1533 184 1563 36
200 1532 289 1565 Qiare
304 1532 360 1558 Sibi
374 1531 485 1558 habeant
496 1530 635 1564 sapientiae
648 1537 746 1555 nomen
760 1535 785 1555 et
799 1528 962 1555 inuidiosum
976 1537 1002 1554 et
1022 1529 1071 1554 ob-

32 1564 144 1592 scurum.
216 1566 357 1602 Hodieque
370 1574 460 1592 omnes
471 1566 511 1592 Sic
524 1566 620 1591 habent
640 1564 696 1591 Cic.
710 1566 787 1591 Verr.
802 1573 814 1596 3
830 1573 851 1590 c.
865 1572 904 1596 25.
976 1564 1013 1590 Hi
1028 1564 1069 1590 Sic

24 1598 144 1640 habeant
176 1602 250 1628 Idem
266 1611 315 1636 pro
328 1602 401 1628 Cael.
415 1611 436 1627 c.
450 1609 474 1628 2.
580 1601 621 1626 Sic
642 1599 754 1631 habeto,
782 1603 801 1625 i.
820 1600 860 1625 Ita
872 1599 1072 1634 tibiperjuaa'eto

4 1642 12 1661 .’
33 1636 90 1662 cic.
109 1637 179 1662 Fam.
193 1639 230 1669 16,
244 1639 268 1663 6.
351 1636 425 1663 Idem
437 1637 465 1663 in
478 1637 566 1663 Somn.
581 1636 648 1669 scip.
663 1643 690 1667 19
709 1635 758 1661 Tu
775 1643 840 1661 vero
859 1634 975 1666 enitere,
993 1640 1018 1660 et
1031 1634 1072 1660 Sic

6 1700 8 1702 ,
33 1669 148 1704 habeto,
164 1680 218 1697 non
230 1672 279 1698 effe
292 1677 317 1698 te
332 1671 487 1703 mortalem,
506 1671 549 1699 sed
569 1679 663 1705 corpus
676 1671 735 1697 hoc.
821 1670 894 1696 Idem
914 1669 945 1695 de
965 1670 1072 1696 Amicit.

4 1724 7 1729 .
33 1714 63 1732 ιο
84 1707 122 1732 De
134 1715 177 1732 me
190 1714 277 1733 autem
291 1711 336 1739 (vt
347 1707 399 1734 iani
412 1708 443 1733 de
454 1713 568 1742 vtroque
581 1707 693 1740 loquar)
707 1705 748 1731 Sic
760 1704 898 1735 habetote,
916 1711 962 1730 etc.
1032 1705 1073 1731 Sic

0 1752 11 1778 ξ.
31 1740 131 1767 habere
143 1741 212 1774 fine,
224 1742 395 1778 confirmanus
406 1745 513 1768 animum
539 1740 587 1775 est,
605 1743 654 1768 Fac
670 1740 772 1772 habe-at,
797 1740 857 1774 quid
873 1746 924 1765 tum
937 1742 949 1765 ἓ
991 1739 1073 1764 Plani.

32 1776 89 1801 Cas.
97 1784 125 1814 ,3,
137 1778 163 1807 6,
177 1785 214 1802 22.
300 1777 373 1803 Idem
387 1777 476 1803 Pseud.
489 1786 518 1810 4,
531 1780 558 1808 6,
570 1785 587 1803 2
618 1777 684 1802 Viso
707 1776 771 1808 quid
783 1783 873 1800 rerum
886 1782 958 1798 meus
973 1773 1070 1803 Vlyll'es

14 1823 17 1827 ·
32 1816 130 1844 egerit,
151 1811 237 1836 iamne
251 1811 343 1837 habeat
356 1812 464 1845 Signum
478 1819 510 1837 ex
524 1819 582 1837 arce
595 1809 736 1836 Ballionia.

32 1853 114 1880 quum
127 1844 158 1870 ad
171 1845 240 1870 hunc
252 1846 339 1871 locum
355 1846 493 1875 venissem,
514 1844 605 1870 euolui
617 1843 745 1869 volumen
763 1841 932 1875 epistolarum
952 1846 1068 1872 tuarum,

31 1879 103 1917 quod
116 1888 165 1913 ego
179 1879 224 1905 siib
239 1880 318 1913 Signo
333 1879 433 1910 habeo,
453 1880 582 1913 seruoque
594 1876 798 1912 diligentiffime.
901 1875 967 1901 Plin.
983 1883 1021 1907 io,
1034 1883 1071 1917 47

25 1914 143 1942 Olorum
155 1914 361 1941 Similitudinem
373 1914 521 1941 onocrotali
534 1913 637 1940 habent.
708 1912 765 1938 Cic.
782 1920 830 1945 pro
842 1910 947 1938 Cluent.
963 1917 995 1940 80
1014 1912 1071 1944 Qu

23 1951 102 1978 :enim
123 1956 225 1984 poterat
248 1957 304 1976 tum
325 1951 352 1976 in
372 1950 483 1984 gratiam
501 1949 589 1976 redire
608 1957 666 1975 cuni
687 1947 836 1981 Oppianico
850 1946 1003 1977 Cluentius,
1023 1945 1070 1980 qui

15 2023 150 2054 „cusatom
170 2029 216 2048 etc.
269 2020 352 2047 -Plim
367 2029 410 2053 29,
424 2029 437 2052 3
457 2021 543 2046 Lanae
554 2018 650 2045 habent
664 2024 689 2044 et
702 2026 762 2043 cum
773 2018 832 2043 ouis
845 2016 1020 2047 Societatem,
1039 2015 1070 2041 fi.

15 2056 89 2086 *mul*
97 2057 181 2084 fronti
194 2056 328 2091 impositae
342 2062 432 2083 contra
445 2055 593 2090 epiphoras.
700 2053 766 2079 Plin.
779 2060 822 2087 27,
836 2061 847 2084 7
868 2053 954 2077 Huius
968 2059 1071 2077 ramum

21 2092 100 2127 Isiaci
114 2092 245 2126 praeferi-e
264 2091 395 2118 Sollemne
408 2090 512 2117 habent.
583 2089 651 2116 Ter.
664 2089 760 2114 Heaut.
776 2098 786 2105 ⁴-
807 2096 833 2119 ,ι,
847 2093 874 2119 52
892 2086 986 2112 Releui
999 2085 1071 2113 dolia

78 2128 135 2160 nia,
154 2136 245 2153 omnes
265 2128 358 2160 serias,
379 2135 470 2153 omnes
500 2125 622 2152 Solicitos
636 2123 733 2154 habui,
752 2106 856 2149 echui.
963 2121 1019 2147 Cic.
1037 2121 1068 2146 de

312 543 393 569 Satin'
407 543 495 575 habes,
506 542 525 568 fi
538 541 696 568 feminarum
710 537 780 564 nulla
795 536 839 569 est,
852 544 930 571 quam
942 544 1024 569 aeque
1040 537 1079 562 di.

470 931 602 958 Secretum
615 928 648 956 ab
663 928 761 960 altero,
777 933 825 962 pro
844 927 901 952 Eum
914 927 990 951 celare
1014 927 1073 952 Liu.
1085 934 1119 952 20
1139 928 1250 954 &oriam
1266 928 1354 954 habui.

705 1460 762 1486 Cic.
781 1459 857 1486 Verr.
872 1466 895 1489 2,
909 1467 933 1491 53
953 1458 1000 1484 Iste
1014 1459 1072 1492 Epi·
1091 1465 1120 1491 33
1136 1459 1331 1489 ementiendum
1346 1460 1443 1491 animi,
1464 1465 1507 1485 aut
1520 1459 1553 1485 ad
1566 1458 1716 1493 fingendum
1729 1458 1847 1492 ingenii,
1867 1465 1911 1486 etc.

1088 1645 1126 1669 40
1135 1637 1212 1663 Votis
1225 1637 1322 1663 habere
1335 1637 1440 1662 dicimur
1455 1636 1527 1670 Quod
1537 1635 1663 1670 caprinus,
1676 1643 1725 1669 pro
1737 1643 1782 1674 quq
1795 1635 1852 1660 Sen.
1861 1636 1892 1660 de
1899 1636 1940 1660 Ira
1956 1646 1975 1666 3,
2014 1656 2019 1661 .
2056 1655 2063 1661 .

23 1992 88 2014 acum
101 1992 185 2012 matre
197 1985 308 2012 habebat
321 1985 479 2017 Simultates,
488 1984 612 2011 haerebat
628 1984 657 2009 in
669 1982 766 2009 tabulis
780 1982 893 2016 publicis
907 1989 967 2007 reus
981 1986 1007 2006 et
1031 1989 1071 2006 ac·
1085 1990 1117 2015 50
1132 1983 1213 2009 Vsum
1228 1983 1300 2009 belli.

1521 168 1809 211 HAB

1141 256 1169 283 Si
1184 256 1215 284 ad
1229 265 1285 284 eam
1299 265 1357 284 rem
1370 256 1463 284 Testes
1478 258 1605 289 habeam,
1625 258 1719 285 faciam
1733 259 1804 293 quod
1820 260 1903 288 iubes.

1142 296 1234 327 Αωρε
1249 293 1333 333 ⁴Plaut.
1349 295 1418 333 luen.
1433 302 1459 325 4,
1472 303 1494 326 3,
1507 300 1543 320 io.
1615 294 1687 320 Idem
1701 293 1795 328 Amph.
1808 303 1830 326 3,
1845 304 1868 326 2,
1884 298 1917 322 26
1933 297 2003 325 Tibi
2018 299 2111 326 habt-25
2128 301 2176 327 nifi

1143 327 1173 353 sis
1186 328 1288 354 stultior
1302 327 1455 354 uulnssinio.
1545 329 1615 356 Tibi
1637 329 1703 356 habe
1718 337 1822 356 centum
1837 331 1915 356 minis
1930 342 1935 356 :
1970 334 1994 359 h.
2008 344 2027 360 e.
2053 321 2177 362 Tibi’eam

1142 363 1228 389 adtltco
1237 372 1285 399 pro
1299 367 1373 389 minis
1388 370 1481 389 centnm
1501 365 1580 391 Plaut.
1595 366 1660 391 Pers.
1674 374 1701 398 4,
1714 374 1741 397 4,
1755 373 1805 391 110.
1888 365 2029 394 Timorem
2044 371 2070 395 in
2086 371 2176 406 aliquo

1099 405 1110 427 ς
1143 398 1210 432 Nep.
1225 408 1251 433 7,
1265 407 1287 431 3,
1301 407 1322 429 ς.
1340 402 1358 424 ι’.
1372 402 1464 437 timere.
1537 401 1669 435 Ancipites
1682 402 1804 435 variique
1819 400 1890 426 casus
1910 400 2006 428 habent
2024 405 2178 433 admiratio-

1142 443 1218 476 nxem,
1243 433 1478 468 cxspcelationem,
1502 435 1642 467 laetitiam,
1664 435 1824 467 molestiam,
1843 435 1930 469 spem,
1951 437 2092 465 Timorem
2117 442 2173 469 Cic.

1143 470 1212 495 kam.
1228 478 1247 501 ς.
1264 478 1335 510 ¹²·.‘·
1349 468 1466 502 afferunt.
1538 471 1592 496 Cic.
1608 471 1684 497 Acad.
1698 481 1725 505 4,
1741 479 1780 497 121
1799 471 1846 497 Sed
1860 479 1942 505 quum
1958 472 2098 500 sacerdotes
2113 475 2175 502 deo.

1142 513 1199 530 rum
1223 511 1392 544 'vacationem
1417 503 1529 530 habeant
1543 516 1548 530 ι
1583 514 1680 539 quanto
1703 506 1738 532 est
1760 515 1788 532 ae
1810 506 1868 532 uius
1890 506 1985 533 habere
2008 507 2076 541 ipsos
2097 509 2174 537 deos²

1141 541 1309 567 Vacationcm
1322 540 1448 571 militiae,
1467 548 1509 565 iim
1523 540 1632 566 alicuius
1646 542 1761 567 muneris
1781 543 1796 568 P
1811 542 1845 568 in.
1860 548 1893 576 7,
1905 550 1928 568 2.
1999 543 2055 569 Cic.
2069 544 2135 570 Fam.
2151 534 2176 577 9,

1098 585 1127 604 10
1141 577 1157 601 6
1177 576 1251 608 Quae
1271 576 1353 609 igitur
1371 574 1453 614 studia
1475 584 1626 610 magnorum
1648 576 1785 602 hominum
1804 577 1929 603 sententia
1950 578 2119 605 Vacationcm
2133 580 2175 606 lia-

1142 610 1219 642 bent,
1236 610 1325 637 eadem
1333 609 1437 649 ‘publici
1451 611 1575 636 numeris.
1613 611 1646 637 iis
1660 612 1815 638 concedente
1831 612 1941 647 chubl.
1959 622 2005 640 cur
2019 622 2071 640 non
2085 614 2176 641 abuta-

1142 655 1201 672 mur
1215 647 1223 672 ἶ
1304 647 1411 672 Veniam
1421 664 1427 675 ‚
1448 645 1500 671 vid.
1520 653 1630 673 VENIA.
1721 647 1805 673 Verba
1819 648 1951 682 querentis
1962 648 2028 674 habe
2048 650 2129 676 Ouid.
2145 651 2176 677 A.

1142 683 1171 720 ᾼ.
1185 690 1207 712 2,
1222 684 1278 713 306.
1298 684 1315 708 ι’.
1327 689 1433 721 ¹quo-cese.
1520 682 1575 707 Cic.
1590 681 1617 708 iu
1631 682 1718 708 Somn.
1733 683 1799 715 Scip.
1815 691 1824 709 1
1845 684 1989 718 Multisque
1998 685 2091 711 Verbis
2107 685 2176 712 vltro

1140 723 1260 751 citroque
1273 716 1385 748 habitis,
1404 716 1449 741 ille
1463 716 1539 742 nobis
1552 718 1701 744 consumtus
1716 719 1751 743 est
1765 717 1831 744 dies.
1903 719 2112 752 Verecundiam,
2126 728 2177 756 pro

1097 759 1121 784 ις
1139 753 1252 791 Ηςιιενενι·
1271 752 1330 778 Liu.
1344 756 1367 783 8,
1405 771 1410 777 .
1448 770 1453 776 .
1479 787 1484 791 .
1509 753 1566 792 ’δίε
1580 760 1622 787 27,
1659 772 1665 779 .
1703 773 1710 779 ,
1745 753 1854 788 Imperii
1867 754 2056 781 Verecundiam
2072 755 2178 784 habere.

1139 788 1193 813 Cic.
1208 790 1259 813 Att.
1273 796 1310 820 14,
1324 795 1340 819 9
1360 787 1435 819 Qiae
1449 786 1515 813 mihi
1530 787 1655 814 videntur
1668 788 1787 815 habitura
1802 789 2058 816 ctiamVetussatem.
2078 794 2096 817 i.
2110 792 2179 828 Qcae

1138 824 1207 863 longe
1221 826 1293 862 etiam
1307 822 1339 847 ad
1348 821 1457 856 posteros
1470 827 1608 849 mcmoriam
1622 824 1814 885 habiturqyfimt.
1884 824 1964 850 Plaut.
1980 826 2067 852 Pseud.
2079 836 2107 859 4,
2113 835 2180 862 437

1138 858 1188 884 Hic
1207 858 1314 893 quidem
1345 857 1365 883 =d
1382 867 1422 883 me
1438 857 1505 884 recia
1525 858 1602 885 habet
1617 858 1713 885 rec‘tam
1753 860 1812 885 iam.
1914 860 2061 887 Victoriam
2097 862 2177 889 Plaut.

1139 894 1223 919 Truc.
1237 902 1261 927 2,
1275 902 1298 923 2,
1313 901 1352 918 20.
1423 893 1481 919 Liu.
1497 902 1534 924 30,
1549 903 1579 926 3ο
1589 901 1632 928 pr.
1653 895 1762 928 Qiique
1775 894 1853 921 toties
1868 903 1949 929 prope
1962 897 1989 921 in
2003 896 2124 923 manibus
2134 898 2180 924 Vi-

1275 964 1280 968 .
1299 964 1303 968 ¹
1427 928 1494 954 Add.
1509 928 1546 954 lb.
1562 939 1582 955 c.
1599 932 1635 955 16.
1732 930 1788 955 Cic.
1804 931 1834 956 de
1848 930 1905 956 Fin.
1921 939 1939 961 ι,
1954 940 1990 964 44
2007 932 2118 959 Dolores
2133 942 2178 960 au-

1139 969 1191 1004 tem
1205 963 1222 989 fi
1236 972 1282 997 qui
1297 970 1451 997 incurrunt,
1470 973 1601 998 nunquam
1617 964 1676 990 Vim
1689 970 1790 991 tantum
1807 964 1917 998 habent,
1937 973 1964 992 vt
1979 975 2031 993 non
2044 968 2117 1002 plus,
2132 975 2177 996 etc.

1138 1000 1198 1025 Vim
1214 998 1309 1025 habent
1321 999 1434 1025 antidoti
1454 1000 1518 1025 Plin.
1533 1009 1575 1029 20,
1590 1007 1610 1031 3.
1717 1000 1771 1025 Cic.
1786 1000 1838 1025 Off.
1855 1009 1874 1032 1,
1889 1009 1932 1026 iro
1957 1002 1996 1028 Ad
2011 1002 2076 1029 hanc
2089 1010 2178 1031 autem

1137 1035 1283 1066 rationem,
1304 1035 1427 1069 quoniam
1453 1035 1593 1060 maximam
1614 1033 1675 1060 Vim
1695 1041 1785 1060 natura
1805 1034 1883 1061 habet
1896 1036 2001 1062 fortuna
2020 1040 2177 1071 proximam,

1138 1077 1181 1096 etc.
1253 1070 1309 1096 Cic.
1325 1071 1395 1096 Fam.
1410 1079 1430 1101 5,
1449 1075 1462 1099 8
1490 1071 1542 1096 Has
1557 1070 1642 1095 literas
1661 1070 1742 1095 velim
1759 1070 1889 1096 existimes
1910 1070 2024 1098 foederis
2043 1073 2177 1101 habituras

1093 1108 1124 1135 25
1138 1106 1190 1145 esse·
1198 1106 1273 1131 Vim.
1345 1105 1410 1131 Plin.
1428 1107 1463 1135 ι6,
1477 1113 1506 1137 32
1534 1105 1599 1131 Νοιι
1617 1104 1695 1130 habet
1710 1106 1786 1131 Vires
1806 1105 1893 1131 frutex
1913 1106 2028 1133 cinnami
2048 1109 2075 1135 in
2088 1109 2177 1141 Syriae

1137 1146 1223 1167 vicina
1243 1140 1422 1174 perueniendi.
1516 1141 1571 1166 Cic.
1592 1141 1624 1166 de
1638 1140 1745 1166 Amicit.
1767 1148 1809 1166 102
1833 1140 1966 1167 Virtutem
1986 1143 2056 1168 enini
2076 1145 2178 1178 semper

1138 1176 1226 1202 ainaui
1239 1177 1309 1202 illius
1324 1176 1393 1208 viri,
1412 1184 1477 1210 quae
1492 1175 1614 1202 exstineta
1628 1184 1681 1202 non
1696 1175 1731 1202 est
1745 1186 1750 1202 :
1777 1184 1823 1201 nec
1837 1175 1906 1202 mihi
1920 1176 1969 1203 soli
1984 1179 2100 1204 versatur
2117 1185 2179 1206 ante

1137 1211 1242 1242 oculos,
1263 1212 1309 1246 qui
1329 1212 1401 1237 illam
1416 1212 1516 1245 semper
1536 1212 1563 1237 iii
1575 1210 1698 1237 manibus
1711 1210 1793 1237 habui
1809 1221 1815 1236 :
1844 1211 1885 1237 sed
1900 1212 1977 1238 etiam
1996 1213 2105 1247 posteris
2125 1216 2178 1241 eric

1137 1247 1203 1273 clara
1217 1253 1242 1273 et
1256 1247 1371 1281 insignis.
1433 1247 1504 1272 Idem
1519 1246 1550 1272 de
1564 1246 1668 1273 Amicit.
1683 1251 1709 1279 58
1728 1244 1842 1272 Difficile
1856 1247 1892 1273 cst
1905 1248 2048 1274 amicitiam
2064 1258 2178 1282 manere,

2107 180 2180 222 862

1973 264 2049 290 Habe
2061 264 2140 296 Tibi,
2157 269 2177 293 ,·.

14 1290 15 1294 ’
39 1283 78 1316 Q
89 1283 170 1309 Ffflss'·
184 1293 209 1316 2,
222 1293 235 1317 5
254 1285 294 1312 Ad
308 1287 347 1312 III
361 1286 399 1312 Id·
414 1284 496 1319 April·
509 1284 572 1310 veni
586 1282 618 1309 ad
631 1283 780 1316 Qlifltffln,
801 1290 912 1315 cumque
926 1281 981 1306 vidi
997 1283 1069 1314 plum
1091 1291 1124 1315 3ο
1138 1282 1155 1308 (i
1170 1292 1184 1308 a
1199 1283 1296 1309 virtute
1311 1282 1454 1314 defeceris,
1473 1282 1544 1316 quod
1558 1282 1575 1307 si
1590 1281 1690 1308 rcfium
1705 1281 1882 1314 statuerimus,
1901 1283 1943 1308 vel
1957 1283 2101 1311 concedere
2113 1286 2179 1312 ami.

1137 1318 1173 1344 cis
1188 1317 1318 1358 quidquid
1334 1318 1435 1349 velint,
1453 1317 1494 1343 vel
1510 1317 1649 1351 impetrare
1664 1316 1695 1342 ab
1709 1317 1800 1344 amicis
1814 1318 1946 1352 quidquid
1960 1319 2071 1346 velimus
2087 1331 2093 1346 ε
2120 1330 2177 1355 per-

1136 1353 1205 1379 fecta
1220 1354 1328 1388 quidem
1343 1353 1464 1387 snpientia
1480 1353 1580 1382 sumus,
1602 1352 1619 1378 fi
1634 1352 1700 1378 nihil
1716 1351 1810 1378 habeat
1822 1361 1862 1378 rcs
1877 1354 1955 1379 Vitii.
2058 1356 2113 1382 Cic.
2128 1366 2178 1391 pro

1137 1390 1212 1415 Font.
1227 1391 1260 1415 26
1279 1388 1359 1422 Quod
1373 1388 1389 1414 si
1404 1396 1447 1414 aut
1461 1395 1583 1422 quantam
1598 1388 1767 1414 Voluntatem
1781 1387 1876 1415 habent
1889 1388 1921 1414 ad
1940 1389 2008 1415 hunc
2027 1399 2042 1416 o
2063 1392 2178 1425 primen-

1136 1425 1215 1456 dum,
1235 1431 1279 1450 aut
1299 1430 1420 1458 quantam
1440 1423 1471 1450 ad
1491 1423 1699 1450 maledicendum
1718 1423 1867 1456 licentiam,
1885 1430 1984 1451 tantum
2007 1424 2039 1451 ha
2058 1434 2132 1453 erent
2144 1427 2178 1455 ad

1985 1460 2084 1488 Sallust.
2098 1463 2125 1489 in
2135 1463 2177 1489 Iu-

1136 1494 1224 1530 gurth.
1244 1505 1265 1521 c.
1289 1504 1335 1521 100
1348 1502 1412 1521 extr.
1439 1495 1468 1521 Et
1483 1495 1541 1520 sane
1554 1495 1671 1525 Marius,
1693 1494 1794 1528 illoque
1804 1514 1811 1526 ‚
1831 1494 1943 1529 aliisque
1955 1498 2120 1530 temporibus
2134 1499 2177 1524 Iu—

1136 1530 1253 1565 gurthini
1267 1530 1347 1562 belli,
1367 1530 1468 1565 pudore
1483 1530 1563 1563 magis
1577 1538 1654 1564 quam
1669 1529 1739 1555 malo
1761 1530 1907 1556 exercitum
1924 1532 2068 1558 coercebat.
2103 1532 2177 1567 quod

1135 1566 1212 1592 inulti
1228 1575 1273 1600 per
1286 1566 1459 1592 ambitionem
1476 1565 1535 1591 fieri
1550 1565 1667 1595 aiebant,
1689 1564 1761 1599 quod
1777 1573 1791 1590 a
1807 1565 1921 1599 pueritia
1942 1568 2091 1593 consuetam
2105 1568 2179 1598 duri-

1135 1602 1198 1628 tiem
1208 1621 1214 1632 ‚
1236 1608 1261 1627 et
1274 1601 1325 1627 alia
1339 1610 1404 1635 quae
1419 1601 1514 1627 caeteri
1528 1601 1645 1627 miserias
1662 1606 1772 1631 vocant,
1791 1600 1926 1633 Vosuptati
1941 1600 2075 1628 habuisset.
2146 1603 2178 1629 In

2101 1636 2168 1663 dixit

1134 1672 1240 1698 Habere
1254 1674 1363 1698 Votum.
1472 1671 1570 1697 Vrbem
1591 1671 1702 1696 Romam
1715 1678 1729 1695 a
1742 1669 1874 1702 principio
1887 1668 2089 1702 regeshabuere
2108 1657 2179 1698 Tac:

1134 1708 1183 1733 An.
1201 1715 1210 1733 1
1221 1715 1262 1741 pr.
1334 1707 1399 1731 Plin.
1408 1714 1445 1737 12,
1454 1714 1485 1731 22
1507 1704 1681 1736 Myrobalano
1695 1704 1722 1728 in
1735 1704 1873 1736 vnguentis
1886 1703 1996 1729 similem
2011 1706 2178 1739 proximum-

1134 1750 1185 1775 que
1198 1742 1277 1766 Vsum
1292 1741 1369 1766 habet
1382 1740 1466 1773 palma
1482 1741 1509 1765 in
1522 1741 1657 1772 Aegypto,
1676 1746 1743 1772 quae
1758 1738 1869 1764 vocatur
1881 1738 1993 1772 adipsos.
2034 1744 2051 1766 i.
2078 1743 2178 1771 Vtimur

1127 1777 1213 1809 palma
1225 1777 1357 1809 Aegyptia
1370 1776 1525 1812 infngcmis
1538 1773 1615 1798 eodem
1630 1773 1697 1798 modo
1713 1782 1757 1807 quo
1771 1773 1936 1807 myrobalano.
2007 1776 2063 1802 Cic.
2081 1777 2133 1803 Off.
2155 1786 2178 1809 2,

807 1809 863 1833 Cic.
878 1809 930 1832 Att.
943 1815 985 1838 9‚i
1001 1806 1071 1832 Nam
1086 1818 1119 1842 45
1133 1817 1162 1841 ¹4
1182 1809 1252 1834 Nam
1268 1815 1293 1833 et
1307 1818 1351 1842 qui
1367 1817 1496 1842 principes
1509 1807 1661 1835 inueniendi
1677 1808 1785 1834 fuerunt
1808 1817 1887 1842 quem
1913 1818 1945 1835 ex
1970 1819 2074 1845 quaque
2099 1811 2176 1839 belua

1133 1844 1216 1868 Vsum
1232 1843 1326 1869 habere
1341 1844 1482 1877 pollemus,
1499 1842 1619 1869 homines
1633 1850 1702 1869 certe
1717 1844 1831 1869 suerunt.
1921 1845 1978 1871 Cic.
1993 1846 2023 1871 de
2038 1847 2143 1873 Amicir.
2158 1850 2176 1874 6

1133 1879 1199 1918 Cato
1214 1879 1275 1912 quia
1292 1879 1434 1904 multarum
1448 1887 1535 1904 rerum
1551 1880 1629 1904 Vsum
1646 1878 1773 1910 habebat,
1795 1878 1876 1904 multa
1889 1879 1944 1905 eius
1959 1886 1984 1906 et
1997 1881 2026 1906 iri
2040 1881 2132 1908 Senatu
2150 1890 2176 1909 et

1133 1922 1162 1939 ln
1175 1914 1237 1940 foro
1251 1914 1292 1939 vel
1305 1913 1413 1947 prouisa.
1424 1913 1583 1947 prudenter,
1601 1914 1641 1938 vel
1656 1913 1713 1939 afta
1727 1913 1886 1943 constanter,
1906 1920 1952 1941 etc.
2023 1917 2095 1943 Caes.
2106 1918 2175 1945 B.G,

1135 1957 1154 1978 i,
1170 1957 1199 1979 39
1219 1949 1298 1981 Qiod
1312 1957 1366 1974 non
1380 1957 1501 1981 magnum
1515 1949 1544 1973 in
1557 1956 1585 1973 re
1597 1948 1708 1974 militari
1722 1949 1801 1974 Vsum
1814 1948 1954 1976 habebant.
2062 1953 2094 1978 Et
2107 1962 2175 1986 4,20

1135 2017 1140 2022 ι
1372 1984 1401 2009 In
1416 1984 1467 2008 Vsu
1482 1982 1553 2017 quod
1567 1983 1692 2009 docemus
1712 1984 1778 2009 Plin.
1792 1984 1870 2017 Epist.
1887 1993 1905 2016 1,
1918 1994 1948 2011 10
1960 1991 2024 2011 extr.
2100 1988 2175 2016 Idem

1133 2025 1162 2043 in
1175 2018 1266 2052 Paneg.
1280 2027 1302 2044 c.
1317 2023 1344 2047 853
1365 2021 1400 2044 Ac
1415 2019 1530 2052 primum
1546 2018 1679 2045 neminem
1694 2019 1722 2044 in
1735 2020 1786 2045 Vsu
1806 2019 1900 2052 habes,
1920 2019 1968 2046 nili
1986 2027 2030 2047 aut
2044 2021 2112 2055 tibi,
2130 2029 2175 2051 aut

1132 2054 1200 2087 patri
1214 2061 1260 2080 tuo
1269 2073 1277 2086 ,
1295 2059 1339 2079 aut
1351 2053 1454 2088 optimo
1467 2054 1590 2087 cuiquam
1606 2055 1754 2087 principum
1770 2053 1905 2081 dilefiium.
2013 2058 2114 2084 Vtilem
2128 2060 2176 2085 ali.

1132 2097 1224 2127 quem,
1248 2088 1354 2128 Aliquid
1374 2091 1527 2114 emolumenti
1550 2098 1578 2113 ex
1602 2092 1652 2114 eius
1673 2098 1744 2123 opera
1754 2093 1880 2124 percipere
1903 2089 2055 2118 punirem.
2070 2102 2090 2126 1,
2104 2102 2123 2126 1,
2137 2104 2175 2122 10.

1131 2124 1186 2149 Cic.
1199 2124 1231 2149 de
1245 2124 1352 2149 Anncit.
1366 2131 1400 2157 27
1419 2125 1587 2157 Quapropter
1600 2133 1613 2150 a
1628 2130 1719 2150 natura
1732 2124 1801 2151 mihi
1814 2125 1921 2152 videtui·
1940 2128 2029 2160 potius
2048 2138 2127 2162 quam
2141 2130 2175 2157 ab

0 2167 7 2191 ι
22 2170 23 2175 η
38 2158 128 2194 Sem&
145 2165 178 2190 56
213 2164 312 2196 (ΕΜ-ω
329 2161 405 2190 restat
418 2162 508 2194 causa,
527 2169 592 2195 quae
605 2159 719 2186 maxime
737 2166 846 2192 angere,
878 2161 957 2196 atque
978 2155 1069 2182 Solici-
1089 2161 1115 2187 55·
1131 2157 1314 2184 imbecillitate
1328 2165 1385 2184 orta
1399 2160 1513 2185 amicitia
1523 2178 1531 2190 ‚
1552 2165 1576 2184 et
1591 2160 1767 2194 applicatione
1779 2161 1862 2187 animi
1876 2162 1967 2195 magis,
1985 2172 2043 2188 cum
2058 2165 2176 2197 quo-*lam

0 2195 9 2233 ’ξ
38 2194 191 2236 taniiiabere
203 2199 316 2225 nostram
329 2204 439 2225 aetatem
452 2196 566 2226 videtur,
585 2195 807 2229 appropinquatio
821 2198 925 2218 mortis.
998 2189 1072 2218 Solu·

0 2232 13 2271 ξ
37 2233 165 2273 ῳώὴδειε
178 2233 337 2260 stomachum
347 2253 355 2266 ,
374 2234 480 2266 aluum,
498 2231 620 2258 intestina
645 2228 764 2256 Sci-ibon.
773 2229 830 2258 256·
900 2227 956 2253 Cic.
964 2225 1017 2252 Off.
1027 2234 1071 2258 1‚9

0 2274 5 2292 t
32 2268 146 2334 &atium
161 2270 240 2296 etiam
252 2268 416 2295 deliberandi
428 2267 590 2296 habuerunt,
609 2273 688 2299 quem
702 2263 859 2298 potissimum
871 2261 942 2288 vitae
966 2262 1069 2288 cursum

9 2321 23 2324 ⁴·
35 2335 47 2339 ⁷>
58 2306 102 2340 qui
115 2304 220 2331 vellent.
313 2304 382 2330 Ter.
397 2302 477 2329 Andr.
489 2310 512 2334 3,
528 2309 548 2334 ς,
563 2307 592 2336 ι7
611 2301 665 2326 Cur
679 2308 733 2325 non
746 2298 830 2325 habeo
844 2298 975 2332 Spatium,
997 2303 1023 2323 vt
1036 2297 1069 2323 de

16 2353 19 2362 τ
33 2345 58 2374 te
74 2342 173 2367 sumam
194 2339 368 2374 supplicium,
387 2344 416 2364 vt
430 2338 493 2364 volo
510 2338 519 2364 3
626 2334 756 2362 Columel.
772 2343 806 2363 12,
819 2342 831 2366 ς

8 2371 18 2403 l
31 2378 115 2404 massas
128 2382 240 2402 exui-tuit
249 2395 257 2408 ‚
277 2375 313 2402 ita
327 2382 354 2401 vt
369 2374 437 2408 ignis
451 2372 553 2408 Species
566 2370 686 2398 habeant.
776 2370 832 2396 Cic.
847 2369 900 2396 Off.
914 2377 936 2402 3,
947 2376 964 2402 7
991 2368 1017 2394 Si
1037 2367 1065 2394 id

0 2412 98 2448 thuod
112 2411 228 2447 Speciem
241 2410 348 2438 haberet
362 2408 464 2438 honesti
472 2428 481 2441 ,
496 2412 621 2442 pugnaret
628 2415 687 2433 cum
701 2414 742 2436 co,
755 2404 827 2439 quod
842 2403 906 2430 vtile
915 2403 1061 2435 videretur,

1 2448 8 2467 Γ
20 2451 161 2484 *quomodo
175 2457 204 2475 ea
217 2447 330 2476 discerni
343 2450 476 2481 oporteret
491 2444 500 2471 3
534 2444 638 2480 Legitur
650 2448 674 2468 et
693 2441 845 2476 Specimen,
864 2449 893 2466 ex
915 2437 1006 2472 uetusto
1024 2447 1063 2465 co-

157 2483 287 2517 Qinffil.
301 2492 325 2514 2,
338 2491 351 2515 3
370 2480 456 2508 Habet
470 2481 499 2508 in
511 2479 614 2515 picium
627 2477 743 2514 Speciem
758 2483 811 2505 tota
822 2476 913 2503 facies.
948 2492 954 2494 -
978 2473 1063 2508 Qud-

5 2484 87 2512 vilice.

11 2529 106 2556 tquam
117 2520 177 2554 Spei
197 2520 254 2546 Cic.
270 2527 318 2553 pro
331 2517 401 2545 Cael.
416 2526 438 2544 c.
452 2526 471 2544 1.

24 2564 93 2589 nune
108 2555 199 2582 habeat
211 2555 239 2580 in
253 2553 391 2586 manibus,
409 2561 435 2580 et
447 2551 511 2588 quid
523 2551 661 2583 moliatur,
682 2550 800 2577 breuiter
818 2550 871 2576 iam
892 2548 994 2574 Iudices
1016 2555 1060 2574 ex-

24 2600 130 2627 ponam.
206 2590 282 2624 Spem
295 2589 391 2615 bonam
405 2589 436 2615 de
449 2588 539 2623 aliquo
564 2588 619 2614 Cic.
634 2588 686 2613 Ait.
701 2595 735 2619 ις,
749 2594 770 2611 2.
853 2585 893 2612 Sic
907 2587 938 2609 de
952 2584 1059 2609 Amicit.

24 2632 48 2654 11
68 2627 123 2660 Qii
137 2627 264 2652 summani
278 2624 354 2659 Spem
366 2625 465 2651 ciuium
474 2644 483 2656 ,
503 2632 581 2658 quam
595 2623 626 2649 de
638 2631 670 2649 eo
683 2622 735 2648 iam
750 2629 832 2655 puero
846 2619 1000 2650 habuerant,
1015 2625 1061 2644 etc.

25 2663 101 2696 Spem
117 2663 242 2687 summam
255 2660 334 2686 alicui
354 2661 410 2687 Cic.
425 2661 554 2694 QFratr.
571 2667 590 2689 ι,
604 2667 626 2685 2.
713 2656 786 2682 Idem
798 2656 868 2681 Fam.
884 2663 922 2685 14,
936 2662 951 2679 2
971 2656 1001 2678 in
1014 2661 1061 2678 no-

708 2692 784 2725 Spem
798 2690 825 2716 in
838 2690 937 2715 virtute
952 2688 1012 2713 Liu.
1020 2696 1061 2720 34,

22 2699 66 2724 'vis
78 2697 161 2724 Trib.
177 2695 261 2723 Plebis
273 2695 394 2730 intelligo
406 2696 483 2729 Spem
495 2700 520 2720 te
533 2693 637 2719 habere.

25 2740 109 2770 14pr.
178 2732 235 2759 Cic.
252 2732 356 2762 Att.8‚2
377 2732 408 2756 In
421 2730 498 2756 vnius
512 2728 643 2758 hominis,
661 2726 800 2761 quotannis
813 2724 956 2760 periculose
970 2731 1061 2756 aegro-

21 2768 102 2796 tantis
110 2788 119 2801 ,
135 2768 223 2794 anima
236 2766 328 2801 positas
341 2766 443 2792 omneis
456 2766 516 2799 Spes
528 2764 625 2791 nostras
638 2763 769 2789 habemus.
835 2761 910 2795 Spem
924 2757 1061 2793 repositam

24 2803 56 2834 in
67 2804 157 2838 aliquo
178 2804 237 2829 Liu.
252 2804 296 2835 26,
331 2821 337 2829 .
376 2821 383 2828 .
470 2800 542 2828 Ideni
555 2807 594 2833 25,
606 2804 634 2831 38
661 2798 717 2824 Nec
730 2797 810 2824 huius
824 2795 964 2823 occasionis
977 2796 1062 2829 Spem,

22 2839 123 2872 milites
133 2859 141 2872 ,
164 2838 234 2865 forte
247 2844 360 2870 temere,
379 2835 422 2863 sed
434 2845 466 2863 ex
478 2846 508 2863 re
520 2835 574 2870 ipsa
587 2839 736 2868 conceptam
755 2832 848 2859 habeo.
916 2848 919 2851 ι
951 2829 1011 2856 Liu.
1026 2838 1063 2861 32,

25 2883 53 2908 13
63 2881 102 2912 pr.
123 2874 164 2901 Ibi
178 2874 284 2901 Statiuis
295 2883 341 2900 rex
355 2882 401 2908 per
415 2872 518 2907 aliquot
537 2870 592 2898 dies
610 2869 721 2902 habitis,
739 2868 878 2895 fluctuatus
902 2866 992 2893 animo
1015 2865 1061 2891 est.
1081 2878 1112 2905 75
1124 2868 1170 2903 qui
1185 2868 1285 2902 semper
1295 2867 1362 2901 apud
1375 2875 1465 2893 omnes
1480 2865 1562 2892 santsti
1576 2867 1635 2892 sunt
1649 2866 1735 2893 habiti
1744 2873 1822 2902 atque
1835 2867 1910 2895 dieii.

27 2910 82 2945 Cic.
97 2911 167 2937 Fam.
179 2919 208 2943 4,
221 2918 232 2935 2
252 2909 316 2943 Tu,
337 2908 354 2935 fi
375 2907 526 2940 videbitur,
543 2907 580 2933 ita
599 2906 690 2932 censeo
710 2904 805 2936 facias,
824 2910 852 2930 vt
871 2901 888 2928 fi
909 2901 988 2928 habes
1008 2901 1062 2927 iam

23 2953 26 2956 ’
56 2953 155 2974 acutum
169 2945 233 2980 quid
247 2944 299 2971 tibi
312 2944 440 2979 agendum
455 2949 546 2978 putes,
565 2942 594 2968 in
607 2949 659 2975 quo
671 2949 725 2966 non
736 2939 766 2967 sit
787 2937 959 2966 coniunCtum
981 2936 1062 2963 conli-

26 2982 47 2989 ’“
66 2992 91 3010 ιιι
104 2988 177 3008 tuum
190 2990 249 3007 cum
262 2988 338 3013 meo,
359 2978 520 3013 supersedeas
535 2978 584 3004 hoc
596 2977 685 3004 labore
698 2974 811 3002 itineris.
870 2974 921 3000 Pro
935 2974 1063 3004 Stercore,

27 3022 29 3025 ⁴
88 3018 146 3045 ihili
154 3016 260 3053 pendere
276 3015 357 3042 Plane.
371 3015 455 3041 Truc.
470 3023 493 3047 2,
507 3021 534 3048 7,
547 3021 568 3047 ς.
654 3011 773 3038 Studium
787 3010 899 3037 alicuius
914 3009 956 3036 rei

60 3053 82 3080 l.
95 3062 110 3080 2
132 3058 167 3083 18.

55 3088 100 3120 udi
112 3073 186 3123 'putat
200 3081 274 3119 foi-e,
294 3087 311 3113 fi
327 3085 472 3121 perdiderit
484 3091 590 3120 gnatum
604 3085 615 3109 ἓ

34 3127 41 3146 ¹,
53 3124 145 3151 lteram
152 3123 271 3151 Subfidio
285 3122 394 3154 habeat,
415 3121 433 3148 si
446 3121 517 3148 forte
530 3120 575 3146 illa
587 3118 796 3146 extraordinaria
810 3117 952 3144 interierit.

27 3160 100 3187 Fam.
114 3167 142 3191 9,
153 3167 186 3185 2ο
211 3160 242 3185 In
261 3158 368 3192 Epicuri
385 3160 434 3184 nos
447 3156 590 3184 aduersarii
608 3154 690 3181 nostri
704 3154 782 3181 castra
797 3153 959 3180 coniecimus
974 3163 980 3178 z
1014 3159 1063 3177 nec

27 3200 116 3221 tamen
128 3193 160 3220 ad
171 3193 236 3221 hanc
251 3193 426 3225 insolentiam,
445 3192 489 3219 sed
502 3191 534 3219 ad
548 3191 620 3218 illam
633 3196 704 3216 tuam
717 3189 846 3216 lautitiam
861 3194 976 3214 veterem
990 3186 1062 3218 dico,

30 3237 112 3263 quum
127 3229 154 3254 in
160 3228 263 3255 Sumtus
275 3229 396 3256 habebas.

29 3263 93 3291 bere
105 3263 296 3296 Superuacuum
310 3264 411 3297 habeo,
429 3273 511 3299 quum
526 3262 556 3290 sit
569 3263 626 3289 vsus
640 3262 696 3288 eius
708 3267 808 3288 tantum
821 3260 852 3286 ad
872 3258 1007 3286 amatoria.
1044 3267 1063 3283 ι.

29 3297 310 3333 Exlsstfmvfhperfluum-
385 3301 458 3329 ,Liu.
474 3305 514 3333 28,
529 3308 550 3325 ιι
569 3297 691 3332 Prodigia
706 3303 798 3324 coss.
813 3295 904 3322 hostiis
918 3292 1063 3319 maioribus

29 3342 171 3369 procurare
186 3332 256 3364 iuffi,
273 3339 298 3359 et
312 3334 523 3368 supplicationem
537 3343 618 3361 vnum
629 3333 700 3360 diem
713 3331 818 3359 habere.
908 3330 968 3356 Liu.
982 3337 1021 3361 32,
1035 3336 1063 3361 ι9

30 3371 130 3404 Regem
143 3369 227 3403 ipsum
241 3368 388 3402 Suspectum
399 3370 545 3403 habebant,
565 3378 614 3405 pro
627 3369 682 3395 eius
697 3368 865 3399 crudelitate,
885 3372 929 3392 etc.
1015 3364 1062 3390 Su-

29 3406 174 3440 spicionem
189 3403 313 3430 adulterii
327 3404 392 3438 Nep.
405 3406 492 3440 Epam.
507 3414 528 3440 ς,
541 3414 562 3439 ς.
586 3408 603 3431 ι’.
617 3403 756 3441 suspeffum
769 3402 811 3437 effi
823 3402 949 3429 adulterii.

31 3442 65 3468 de
78 3442 151 3468 Orat.
166 3448 177 3466 2
190 3449 212 3466 c.
226 3441 261 3471 69
280 3438 347 3464 Salsa
359 3440 415 3466 sunt
437 3442 530 3474 etiam,
551 3450 618 3475 quae
638 3440 734 3467 habent
750 3439 929 3473 Suspicionem
953 3433 1062 3462 ridiculi

31 3476 220 3504 absconditam·
277 3473 323 3500 Sed
335 3475 387 3500 Ast·
400 3480 422 3506 8,
435 3482 459 3509 Ις
475 3477 652 3512 Suspicionem
667 3475 763 3502 habere
779 3474 811 3507 est
819 3474 951 3509 suspicari.
993 3470 1062 3496 Gell.

27 3515 70 3544 16»
82 3521 97 3543 9
118 3512 217 3545 Susque
232 3509 316 3544 deque
329 3508 403 3541 fero,
418 3510 513 3546 Susque
526 3513 611 3547 deque
624 3511 718 3538 habeo.
760 3510 893 3545 Significat
906 3514 993 3533 autem
1007 3505 1065 3532 Sus-

31 3547 84 3583 qu'e
96 3547 180 3582 deque
196 3547 265 3572 ferre
274 3565 283 3577 5
301 3545 394 3579 Aequo
407 3545 494 3573 animo
508 3548 572 3580 effe,
587 3553 613 3574 et
626 3547 697 3581 quod
709 3545 819 3577 accidit,
832 3554 886 3572 non
901 3542 988 3576 magni
1003 3549 1063 3575 pen-

31 3584 94 3612 dere
107 3594 115 3614 ὅ
149 3589 228 3617 atque
242 3579 374 3607 interdum
388 3580 527 3615 Negligere
541 3589 566 3609 et
579 3590 764 3614 contemnere,
784 3587 809 3607 et
823 3577 1015 3616 propemodum
1036 3575 1063 3602 id

31 3620 112 3652 valet,
120 3618 192 3654 quod
206 3617 305 3643 dicitur
316 3613 456 3648 α’ὣαφομᾶν.
510 3618 513 3622 '
524 3618 604 3645 Plaut-
614 3618 708 3652 Amph·
721 3627 742 3650 3,
750 3626 800 3650 2³4
820 3617 896 3650 Qlae
909 3621 994 3648 neque
1007 3613 1064 3638 sunt

6 3664 8 3666 ’
32 3654 116 3686 fieta,
134 3662 219 3688 neque
232 3661 281 3686 ego
296 3653 323 3678 in
336 3659 378 3677 ¹¹¹0
391 3649 499 3683 admffi,
518 3653 621 3687 arguit:
656 3659 734 3688 atque
755 3652 783 3679 id
802 3661 844 3678 me
862 3652 960 3685 Susque
980 3647 1065 3682 deque

31 3691 80 3722 ,effe
94 3690 243 3717 habituram
259 3692 330 3722 putat
343 3687 352 3712 3
437 3685 516 3712 Plaut.
528 3688 604 3715 Poen.
619 3699 647 3723 4,
660 3697 684 3720 2,
696 3691 727 3718 68
748 3688 818 3715 Male
832 3686 935 3714 credam
943 3704 950 3716 ‚
972 3689 997 3710 et
1011 3691 1064 3709 cre.

31 3725 93 3761 §mi
105 3732 191 3752 tamen
205 3736 211 3751 :
248 3722 290 3750 sed
303 3722 352 3748 hoc
363 3728 391 3748 tu
405 3726 491 3747 tecum
506 3721 631 3750 Tacitum
644 3724 748 3751 habeto.
826 3723 886 3749 Liu.
901 3730 945 3756 42,
960 3721 987 3745 16
1000 3726 1064 3744 extr.

979 3008 1064 3042 Quin-

706 3083 812 3109 Colum.
827 3082 859 3107 de
873 3080 998 3107 Arborib.
1006 3088 1037 3142 cc,
1051 3087 1064 3112 ς

1030 3123 1062 3141 ic.

870 2332 984 2366 Qiidam
998 2332 1067 2359 fei-ri
1085 2339 1120 2362 60
1127 2340 1227 2372 antique
1238 2335 1341 2362 dmum.

462 3229 527 3255 Plin.
542 3235 583 3261 27,
599 3235 625 3253 ι2
644 3225 787 3258 Phyteuma
799 3225 882 3260 qualis
898 3223 942 3254 sit,
969 3221 1063 3264 descrit·
1082 3230 1110 3257 ες
1124 3224 1192 3250 dui-o
1208 3223 1322 3257 imperio
1336 3221 1473 3254 habitum,
1491 3221 1604 3256 probra,
1619 3230 1647 3248 ac
1661 3221 1771 3248 verbera
1785 3221 1944 3248 intendebat.

1079 3590 1111 3616 9,-
1125 3579 1191 3605 ciam
1203 3587 1280 3605 auare
1295 3577 1420 3604 habitam.

1132 2194 1206 2220 sensu
1220 2192 1339 2226 amandi,
1360 2202 1440 2228 quam
1455 2195 1615 2229 cogitatione
1629 2203 1755 2229 quantum
1770 2195 1815 2222 illa
1827 2205 1868 2222 res
1880 2197 2008 2224 Vtilitatis
2020 2199 2080 2225 efl‘et
2100 2199 2176 2227 habi-

1132 2234 1200 2270 tura.
1313 2265 1319 2270 .
1397 2227 1417 2267 ἦ
1445 2239 1466 2256 ιι
1504 2231 1589 2265 supin.
1625 2231 1706 2257 Plaut.
1722 2232 1798 2257 Poen.
1815 2239 1832 2261 1,
1847 2240 1872 2263 2,
1887 2241 1916 2264 29
1941 2232 2037 2259 Modus
2049 2235 2142 2262 omnib
2164 2245 2175 2263 s

1130 2272 1159 2305 ¹¹.¹
1173 2265 1250 2291 rebus
1262 2270 1394 2305 optimum
1408 2265 1443 2292 est
1457 2265 1548 2292 habitu
1564 2277 1569 2292 ε
1608 2266 1702 2293 Nimia
1714 2267 1803 2292 onmia
1817 2267 1932 2292 nimium
1945 2267 2075 2295 exhibunt
2095 2279 2127 2296 ne
2146 2280 2174 2298 o-

1130 2306 1197 2327 tium
1211 2300 1373 2327 hominibus.
1418 2336 1422 2341 ι
1444 2301 1511 2327 Adel.
1535 2311 1559 2327 v.
1572 2308 1613 2334 73.
1689 2307 1692 2309 ’
1729 2301 1860 2333 Habessit,
1873 2309 1921 2336 pro
1938 2304 2031 2330 Habeat
2057 2305 2174 2341 [ἐχέτω]

1141 2371 1146 2377 ⁶
1392 2337 1448 2363 Cic.
1464 2336 1495 2362 de
1509 2337 1600 2369 Legib.
1614 2344 1640 2368 2,
1654 2344 1681 2369 19
1695 2345 1716 2362 c.
1730 2341 1743 2366 8
1764 2345 1792 2363 ex
1805 2338 1887 2363 verbis
1901 2337 1951 2364 XII
1965 2339 2037 2366 Tab.
2069 2341 2174 2375 Separa-

1127 2378 1176 2412 tini
1200 2381 1279 2398 nemo
1303 2371 1408 2397 habessit
1432 2371 1510 2404 deos,
1530 2379 1597 2398 neue
1620 2380 1721 2404 nouos,
1742 2371 1785 2398 sed
1809 2381 1842 2399 ne
1856 2372 1984 2407 aduenas,
2004 2374 2052 2402 nisi
2065 2377 2172 2411 publice

1125 2408 1233 2440 aseitos,
1254 2407 1380 2441 priuatim
1395 2407 1512 2433 colunto.

1161 2450 1181 2469 H
1191 2450 1213 2469 A
1223 2449 1262 2469 BE
1276 2449 1296 2468 N
1308 2450 1321 2469 s
1331 2462 1339 2475 ,
1359 2443 1435 2468 entis.
1474 2442 1566 2469 Partic.
1620 2442 1699 2469 Nihil
1728 2441 1836 2469 habenti
1869 2443 1937 2470 nihil
1970 2444 2055 2471 defuit
2095 2447 2170 2474 Cui-t.

1124 2488 1152 2513 4,
1166 2487 1187 2510 1,
1201 2487 1239 2511 25.
1347 2479 1422 2513 Virg.
1438 2478 1535 2512 Georg.
1548 2487 1573 2511 2,
1587 2486 1640 2511 499
1672 2479 1724 2505 Aut
1741 2478 1827 2505 doluit
1846 2479 1969 2506 miserans
1982 2481 2105 2516 inopem,
2123 2489 2170 2510 aut

561 2515 616 2542 Cic.
631 2517 705 2542 Verr.
721 2513 778 2541 Aet.
790 2523 810 2547 1,
823 2516 852 2545 36
886 2514 973 2546 Qam
986 2510 1062 2545 Spem
1077 2516 1109 2549 65
1122 2513 1222 2541 inuidit
1236 2513 1352 2541 habenti.

1160 2556 1237 2576 HAB
1248 2548 1258 2575 ῖ
1271 2556 1291 2576 Τ
1304 2556 1360 2580 vs,
1380 2557 1410 2581 a,
1431 2558 1484 2575 um.
1504 2547 1598 2575 Partic.
1634 2547 1789 2584 [ἐχημένος]
1827 2548 1908 2576 Plaut.
1924 2549 2009 2576 Truc.
2025 2559 2051 2584 4,
2066 2560 2086 2584 ι,
2100 2560 2113 2585 ς
2134 2554 2170 2581 Vt

1123 2595 1173 2620 ego
1187 2585 1267 2611 laetus
1281 2585 1347 2617 sum,
1367 2591 1392 2611 et
1408 2584 1506 2610 laetitia
1521 2582 1641 2614 differor,
1657 2583 1693 2609 ita
1706 2582 1736 2608 ad
1750 2593 1791 2609 inc
1806 2592 1898 2618 magna
1912 2587 2169 2620 nuntiauitCyamus

1124 2620 1205 2647 hodie
1220 2619 1333 2653 gaudia,
1354 2628 1410 2646 mea
1425 2620 1492 2645 dona
1507 2618 1624 2644 deamata
1635 2637 1644 2650 ,
1661 2624 1818 2653 acceptaque
1832 2619 1920 2647 habita
1934 2622 1982 2647 ell'e
2001 2622 2068 2657 apud
2087 2623 2169 2650 Phro-

1123 2655 1231 2681 nesium.
1315 2689 1321 2694 Ι
1340 2655 1420 2680 Plaut.
1436 2654 1503 2680 Alin.
1519 2663 1540 2686 2,
1555 2662 1581 2686 4,
1596 2661 1620 2685 51
1658 2653 1697 2680 Da
1717 2655 1798 2680 modo
1812 2664 1872 2681 meo
1887 2657 2013 2690 periculo.
2052 2667 2108 2684 rem
2122 2660 2170 2686 sal-

1094 2705 1112 2722 0
1122 2699 1183 2730 vam
1197 2698 1247 2723 ego
1261 2688 1403 2716 exhibebo.
1439 2690 1510 2716 Nam
1523 2689 1540 2714 fi
1554 2688 1615 2715 sciat
1628 2689 1716 2715 noster
1729 2690 1815 2722 senex,
1824 2690 1903 2717 fidem
1917 2700 1971 2718 non
1984 2693 2032 2719 csse
2047 2693 2107 2720 huic
2124 2694 2169 2722 ha-
2183 2714 2184 2717 η

1122 2726 1221 2757 bitam,
1240 2725 1394 2751 succenseat.
1501 2724 1569 2751 Ter.
1583 2724 1663 2750 Andr.
1677 2733 1706 2757 4,
1720 2727 1745 2756 6,
1759 2734 1788 2758 ¹4
1809 2726 1915 2761 Semper
1927 2728 1998 2754 enim
2019 2729 2075 2755 eius
2097 2729 2168 2758 dicia
2193 2746 2200 2755 s

1123 2761 1159 2788 est
1173 2761 1251 2793 haec,
1269 2768 1348 2795 atque
1362 2759 1451 2786 habita
1464 2760 1499 2787 est
1513 2761 1596 2786 soror.
1687 2760 1742 2786 Cic.
1759 2762 1829 2787 Fani.
1846 2769 1867 2795 ς,
1882 2771 1905 2788 ιι
1922 2763 2055 2790 Dalmatae
2067 2765 2169 2800 semper

1122 2796 1208 2824 habiti
1221 2798 1278 2822 sunt
1291 2796 1417 2822 bellicosi.
1520 2795 1592 2822 Idem
1605 2794 1636 2821 de
1649 2795 1719 2822 Clar.
1732 2797 1844 2830 Orat.6;
1866 2797 2016 2834 Eodemque
2028 2801 2056 2825 in
2071 2809 2168 2834 genere

1124 2832 1160 2858 est
1173 2828 1277 2859 ha'bitus
1292 2833 1328 2858 M.
1343 2830 1481 2859 Oelauius.
1591 2832 1620 2857 Et
1634 2840 1682 2865 pro
1696 2831 1775 2859 Arch.
1788 2841 1813 2864 3ι
1858 2834 1935 2867 Isque
1949 2835 1984 2861 est
2001 2844 2034 2861 eo
2045 2844 2167 2868 numero,

2043 2877 2052 2896 t

1123 2910 1198 2930 tuum
1211 2903 1268 2930 vidi
1282 2904 1329 2929 effe
1343 2902 1462 2929 habitum
1477 2912 1483 2928 ι
1518 2902 1543 2928 h.
1558 2911 1577 2928 e.
1600 2903 1724 2938 Quintum
1746 2913 1788 2939 ego
1810 2907 1928 2931 coniicere
1944 2871 2168 2940 potuivexpzetiivi'iii

1125 2946 1150 2966 et
1162 2943 1201 2965 ἱνα
1210 2941 1295 2974 patris
1314 2939 1382 2964 Ter.
1397 2939 1492 2963 Heaut.
1508 2945 1530 2969 2,
1543 2946 1571 2970 4,
1585 2946 1628 2964 22.

1125 2975 1172 3001 illo
1187 2983 1295 3001 munere
1310 2973 1361 3001 tibi
1377 2974 1470 2999 Honos
1488 2972 1523 2998 cst
1537 2972 1651 2999 habitus.
1734 2939 1807 2965 Idem
1819 2941 1885 2966 Eun*
1899 2948 1921 2972 ς’
1937 2948 1969 2976 7’
1989 2950 2016 2967 ²²
2047 2943 2099 2968 Hm
2118 2952 2166 2977 pro

1173 3011 1177 3015 Ι
1497 3009 1502 3013 ἱ
1618 3009 1624 3013 Ι
1659 3009 1664 3014 .
1758 2975 1838 3001 Plaut.
1853 2976 1927 3009 Epid.
1943 2984 1964 3008 3,
1976 2986 2003 3010 4,
2011 2982 2038 3009 83
2056 2978 2166 3005 Perdam

1123 3017 1226 3045 potius,
1244 3019 1322 3044 quam
1341 3008 1421 3035 sinam
1440 3017 1482 3034 me
1495 3016 1603 3042 impune
1616 3010 1724 3035 irrisum
1744 3011 1793 3036 esse
1813 3010 1941 3037 habitum.
2049 3013 2122 3040 Caes.
2136 3014 2165 3040 B.

274 3052 343 3078 Ter.
356 3050 430 3077 Adel·
442 3059 465 3082 3,
479 3058 501 3082 3,
515 3054 545 3079 28
568 3049 663 3075 Vtrum
678 3047 803 3074 studione
817 3045 847 3072 id'
857 3045 905 3071 slbi
917 3044 1011 3076 habet,
1031 3052 1064 3070 ³1¹
1080 3052 1112 3078 80
1124 3047 1155 3073 G.
1168 3054 1195 3086 7,
1208 3052 1243 3080 77
1261 3046 1312 3071 Hic
1326 3045 1428 3071 summo
1442 3043 1470 3069 in
1484 3044 1610 3071 Aruernis
1622 3053 1698 3071 natus
1712 3045 1783 3077 loco,
1800 3052 1825 3072 et
1839 3055 1946 3079 magnae
1960 3046 2064 3073 habitus
2077 3048 2167 3074 andio-

1123 3082 1219 3108 ritatis.
1313 3079 1426 3106 Habitus
1440 3078 1559 3106 ludibrio
1574 3080 1642 3106 Ter.
1656 3081 1721 3106 Hec.
1733 3090 1761 3113 4,
1775 3089 1795 3113 1,
1811 3089 1841 3107 ι’.
1945 3082 2035 3108 Tacit.
2057 3082 2124 3109 Hist.
2146 3092 2166 3115 ι,

1125 3123 1157 3151 87
1176 3118 1204 3143 Et
1221 3116 1328 3144 saeuitia
1343 3114 1442 3142 Galbae
1456 3115 1483 3141 in
1498 3114 1640 3142 custodiam
1657 3115 1761 3142 habitos
1776 3116 1803 3141 in
1823 3124 1935 3142 numero
1957 3116 2070 3150 legionis
2095 3126 2166 3145 coiri-

1124 3154 1253 3187 posuerat.
1368 3151 1460 3178 Tacit.
1476 3151 1543 3177 Ann.
1559 3159 1591 3184 ις,
1606 3160 1634 3177 10
1662 3152 1698 3176 Ac
1717 3151 1832 3185 disperso
1850 3152 1952 3183 milite,
1977 3153 2024 3186 qui
2040 3153 2067 3178 in
2080 3162 2164 3181 vnum

1124 3189 1244 3220 habitus,
1262 3193 1306 3213 etc.
1344 3189 1362 3212 i.
1382 3184 1505 3213 colles-Tus.
1612 3186 1702 3213 Tacit.
1716 3187 1782 3212 Ann.
1797 3195 1840 3218 12,
1861 3194 1898 3221 47
1933 3188 2050 3222 Moxque
2070 3189 2165 3222 vulgus

2015 3223 2086 3250 Idem
2097 3223 2166 3252 ibid.

1127 3268 1161 3292 ι3,
1174 3267 1205 3294 37
1222 3259 1305 3292 Igitur
1318 3257 1439 3284 Corbulo
1453 3257 1569 3292 quaesito
1582 3257 1627 3282 diu
1644 3256 1762 3290 praelio,
1780 3257 1874 3284 frustra
1888 3257 2001 3284 habitus.
2073 3258 2165 3286 Tacit.

1126 3296 1193 3322 Anu.
1209 3304 1237 3327 4,
1250 3302 1288 3327 44
1308 3293 1422 3321 Habitus
1436 3299 1523 3319 tamen
1538 3292 1624 3318 honor
1638 3293 1780 3325 supremis,
1797 3293 1900 3328 ossaque
1917 3293 2021 3320 tumulo
2040 3294 2168 3322 oetauio-

1387 3329 1458 3355 Idem
1475 3327 1542 3354 Hist.
1557 3335 1576 3359 ι,
1590 3332 1603 3357 8
1627 3327 1767 3354 Proximae
1779 3334 1865 3355 tamen
1886 3329 2025 3355 Germanis
2044 3331 2167 3357 exerciti-

2003 3365 2116 3391 Habitus
2130 3366 2168 3392 est

1124 3340 1184 3358 rum
1199 3330 1280 3357 illata.

1123 3366 1173 3393 bns
1186 3365 1335 3392 Galliarum
1347 3364 1481 3394 ciuitates,
1500 3371 1555 3389 non
1567 3362 1659 3388 eodem
1674 3362 1777 3390 honore
1797 3363 1911 3390 habitae.

1004 3399 1061 3425 Cic.
1074 3409 1110 3434 90
1126 3403 1289 3436 imperator,
1306 3409 1336 3427 re
1358 3400 1464 3434 quidem
1487 3407 1549 3424 vera
1571 3399 1698 3424 exercitui
1727 3398 1841 3433 praefuit
1859 3399 1954 3425 Conon
1983 3399 2051 3434 Nep.
2065 3409 2091 3433 9,
2106 3409 2129 3432 2,
2142 3410 2168 3428 2.

1124 3438 1215 3464 Tacit.
1230 3436 1297 3463 Hist.
1314 3445 1336 3468 2,
1349 3445 1372 3462 2ι
1394 3437 1562 3468 Qiocunque
1577 3434 1635 3459 casu
1654 3434 1765 3466 accidit,
1782 3434 1843 3460 dum
1864 3435 1996 3461 atrociora
2015 3436 2169 3463 metueban-

1126 3479 1186 3505 tur,
1204 3473 1233 3499 in
1241 3472 1307 3499 Leui
1319 3471 1448 3497 habitum.
1520 3469 1632 3503 Populus
1647 3470 1765 3495 Molliter
1778 3467 1881 3495 habitus
1902 3469 1969 3496 Tac.
1984 3471 2052 3497 Ann.
2062 3480 2082 3504 1,
2089 3480 2168 3505 5454.

1125 3509 1156 3535 ln
1169 3507 1306 3543 procinEtu
1319 3514 1343 3533 et
1357 3506 1444 3532 castris
1460 3504 1546 3532 habiti
1566 3505 1657 3531 Tacit.
1672 3504 1738 3531 Hist.
1755 3513 1782 3536 3,
1797 3513 1817 3529 2.
1912 3504 1986 3531 Idem
2001 3506 2069 3533 Ann.
2084 3515 2123 3540 13,
2135 3516 2168 3540 30

1127 3544 1271 3570 Damnatus
1283 3542 1378 3569 iisdem
1393 3540 1552 3568 Consulibus
1566 3540 1707 3573 Vipsanius
1723 3540 1821 3566 Laenas
1833 3538 1869 3565 ob
1890 3539 2036 3567 Sardiniam
2057 3543 2169 3576 prouin-

1492 3576 1583 3602 Tacit.
1597 3576 1663 3601 Ann.
1678 3584 1699 3608 3,
1712 3584 1736 3607 31
1757 3575 1836 3608 Qiod
1849 3574 1919 3601 haud
1933 3577 2041 3611 perinde
2061 3578 2169 3612 publice

1125 3615 1184 3640 vsui
1199 3613 1319 3640 habitum
1334 3622 1412 3648 quam
1427 3612 1569 3638 exitiosum
1581 3611 1680 3636 multis.
1874 3607 1895 3647 fl
1917 3619 1930 3636 2
1967 3612 2022 3638 Com
2041 3623 2078 3639 αν,
2116 3615 2170 3640 Ha-

1126 3649 1227 3682 bitior,
1249 3649 1266 3676 i.
1292 3658 1306 3675 e
1327 3648 1462 3682 Pinguior.
1482 3647 1548 3674 Fest.
1602 3646 1670 3672 Ter.
1683 3646 1748 3671 Eun.
1763 3653 1788 3678 2,
1803 3653 1826 3678 3,
1841 3654 1868 3678 23
1894 3645 1986 3681 Siqua
1999 3657 2013 3674 e
2048 3648 2169 3675 habitior

1127 3684 1216 3719 paullo
1232 3684 1362 3710 deducunt
1375 3683 1474 3710 cibum.
1544 3683 1576 3708 Et
1591 3681 1669 3706 Plaut.
1685 3680 1758 3714 Epid.
1771 3689 1790 3711 1,
1803 3689 1823 3713 1,
1838 3687 1851 3711 8
1876 3677 2066 3717 corpulentior
2080 3683 2168 3709 hercle

1128 3726 1206 3754 atque
1220 3719 1347 3746 habitior.
1455 3717 1548 3752 Superl.
1586 3715 1652 3741 Gell.
1668 3726 1695 3749 4,
1709 3725 1743 3742 20
1773 3717 1875 3751 Equum
1896 3718 1976 3745 nimis
1990 3720 2125 3752 strigosum
2139 3723 2168 3743 ct

32 3762 64 3790 Et
86 3769 244 3797 quamquam
269 3758 441 3789 dissimulare,
461 3762 486 3782 et
512 3756 609 3783 Tacite
629 3757 725 3786 habere
738 3759 782 3792 id,
799 3759 906 3793 patique
934 3756 1064 3781 statuerat.
1073 3755 1195 3782 moniale
1208 3754 1339 3785 habitum,
1351 3754 1393 3780 sed
1407 3754 1523 3788 equitem
1536 3751 1592 3777 eius
1610 3750 1776 3778 vberrimnm
1795 3757 1820 3778 et
1835 3752 2020 3780 habitiffimum
2035 3753 2168 3779 viderunt.

0 3800 15 3839 ²⁴¹
32 3798 226 3832 Temperanter
238 3795 329 3827 vulgus
360 3793 450 3819 Tacit.
466 3793 532 3817 Ann.
544 3799 571 3824 4,
584 3799 619 3823 33.
722 3795 822 3821 Ianthis
835 3793 920 3821 tribus
934 3790 1064 3817 mensibus

31 3831 152 3868 Tempus
165 3831 273 3866 imperii
289 3829 383 3856 habuit
407 3827 477 3862 Sulp.
492 3827 551 3853 Seu.
565 3826 599 3852 H.
614 3826 637 3852 S.
651 3835 717 3860 ¹⁵53·
786 3831 925 3864 Tempus,
944 3828 1009 3853 Dum
1024 3834 1067 3851 ua.

0 3871 15 3890 *1
33 3875 89 3900 cat,
108 3868 162 3894 dum
175 3870 232 3893 licet
241 3875 286 3901 per
302 3866 517 3901 opportunitatem.
560 3861 638 3887 Plaut.
652 3862 736 3889 Truc.
749 3874 777 3898 4,
790 3874 815 3898 2,
830 3876 850 3897 3.
941 3863 997 3889 Cic.
1012 3862 1065 3887 Att.

0 3907 10 3922 ι’
32 3912 54 3936 1,
66 3913 87 3930 ιι
106 3902 158 3929 Sed
167 3909 254 3931 tamen
266 3899 424 3931 distinebar,
444 3904 472 3924 vt
486 3897 531 3924 vix
547 3896 606 3923 huic
620 3896 733 3924 tantulae
747 3900 870 3933 epistolae
889 3899 1011 3933 Tempus
1024 3897 1068 3923 ha—

33 3938 147 3968 buerim.
214 3936 309 3966 Habeo
325 3944 372 3964 vos
386 3933 481 3965 Testes
500 3933 568 3969 Nep.
581 3939 622 3967 25,
635 3940 674 3966 21,
685 3938 708 3966 5.

777 3934 859 3963 Plaut.
873 3935 951 3962 Poen.
966 3941 989 3968 5,
1002 3942 1028 3967 2,
1042 3941 1065 3959 ιι
1077 3942 1121 3971 ¹05
1130 3930 1223 3960 relicta
1234 3930 1265 3960 sis
1276 3930 1422 3958 habiturus.

1132 3790 1211 3818 Verba
1219 3790 1280 3825 fiant
1293 3790 1382 3816 Sabini
1397 3788 1512 3815 Massurii
1527 3787 1554 3812 in
1567 3787 1678 3820 septimo
1692 3787 1853 3815 memoriali.

1164 3832 1184 3852 H
1194 3831 1215 3851 Α
1224 3831 1240 3851 B
1249 3832 1258 3850 1
1270 3831 1291 3851 Τ
1302 3825 1350 3851 VR
1361 3830 1402 3851 Vs
1412 3844 1418 3855 ‚
1438 3833 1452 3850 a
1461 3843 1468 3855 ‚
1487 3831 1540 3848 um.
1574 3822 1665 3848 Partic.
1701 3822 1793 3857 [ἕξων]
1829 3823 1911 3851 Plaut.
1931 3821 2043 3850 Trucul.
2057 3832 2084 3854 4,
2096 3831 2122 3856 4,
2138 3830 2168 3856 14

1128 3861 1188 3888 Scio
1207 3859 1313 3894 quidem
1334 3860 1449 3895 sponsam
1469 3858 1520 3884 tibi
1540 3858 1604 3889 effe,
1626 3864 1651 3884 et
1671 3857 1757 3884 filium
1770 3867 1801 3885 ex
1816 3860 1904 3893 sponsa
1918 3865 1975 3889 tua,
1999 3863 2024 3882 ct
2036 3856 2088 3882 tibi
2102 3866 2166 3882 vxo-

1129 3905 1186 3924 rem
1201 3894 1342 3922 ducendam
1355 3896 1406 3921 iam
1419 3894 1466 3920 esse
1480 3904 1486 3919 :
1521 3892 1588 3919 alibi
1603 3893 1655 3919 iam
1669 3895 1785 3920 animum
1799 3901 1889 3925 tuum,
1906 3902 1947 3918 nic
1962 3891 2031 3926 quasi
2053 3900 2103 3924 pro
2123 3891 2166 3917 de-

1516 3928 1573 3956 Cic.
1585 3929 1660 3957 Orat.
1675 3937 1699 3956 ιι
1717 3961 1721 3966 .
1733 3930 1803 3957 Haec
1817 3927 1937 3964 ingreffio
1950 3935 2008 3953 mea
2019 3932 2063 3952 aut
2080 3935 2168 3960 repre-

1436 3971 1452 3997 5
1471 3964 1511 3997 Q
1538 3972 1557 3991 2.
2036 3961 2169 3989 hensionis
