2479 4225
309 204 363 243 ¹35
654 185 690 227 D
786 183 822 224 E
930 181 965 219 V
1784 176 1821 217 D
1905 178 1941 219 E
2025 177 2064 217 X
2361 178 2425 228 136

310 286 375 305 tutes
389 283 473 303 narro.
528 273 611 300 Deum
625 278 650 298 te
664 271 750 303 facio,
773 274 792 296 i.
806 269 910 306 fiaemmis
921 273 945 293 te
961 265 1073 293 laudibus
1084 265 1168 301 effero.
1222 265 1335 292 Socrates
1393 265 1465 293 enim
1476 266 1523 300 est,
1535 275 1582 303 per
1595 266 1669 300 deos,
1683 265 1828 301 optabilius
1841 264 1963 300 sapientia
1976 268 1984 293 3
2055 265 2128 293 Idem
2141 263 2253 300 Philipp.
2266 274 2288 300 3,
2300 273 2332 298 34
2349 265 2425 291 Hanc

309 324 323 339 a
341 312 373 338 ud
389 313 511 337 Platonem
523 319 551 334 m
565 310 684 339 Metione,
702 309 739 332 ait
751 306 813 332 hanc
825 306 944 330 Laconum
958 301 1001 335 effi
1014 311 1058 328 con
1072 302 1215 330 uetudinem,
1233 307 1262 326 ut
1276 307 1335 335 quo·
1394 301 1476 335 igitur
1489 302 1649 330 occasionem
1661 302 1777 330 oblatam
1795 306 1898 332 tenete,
1917 311 1965 336 per
1983 301 2045 328 deos
2064 300 2243 333 immortales,
2262 302 2348 328 Patres
2364 309 2424 327 con-

306 322 353 373 ,ΞἾ
370 347 471 380 aliquem
490 347 571 370 virum
588 341 759 371 admirantur,
779 340 878 369 dicant,
896 337 957 362 θεῖος
975 336 1030 372 dvii?
1048 338 1118 368 istos,
1141 340 1159 363 i.
1169 337 1276 362 Diuinus
1290 338 1333 361 uir
1393 336 1500 370 scripti,
1520 345 1566 364 etc.
1762 335 1782 372 q
1803 344 1815 370 5
1844 336 1942 362 Verba:
1962 337 2095 364 Adhibere
2113 336 2190 368 deos,
2225 338 2320 363 Amare
2335 336 2424 366 deum.

306 383 347 408 hic
360 379 401 413 cst.
436 378 565 413 Qxintffll.
579 387 599 409 1,
614 385 641 403 10
660 377 729 402 Nam
747 380 772 400 et
787 373 910 407 sapientes
922 371 1066 398 formantes
1076 381 1145 403 eum,
1159 371 1205 406 qui
1219 370 1248 396 sit
1262 370 1332 396 futu·
1395 371 1532 405 Appellare
1548 373 1641 406 deum,
1665 372 1719 399 vid.
1731 371 1765 406 ffi
1778 372 1804 398 LI.
1856 371 1912 398 Cic.
1926 372 1977 398 Att.
1992 381 2018 405 9,
2034 381 2050 399 2.
2076 372 2203 406 Proponis
2215 380 2294 406 quam
2307 371 2337 397 sit
2349 378 2425 405 turpe

306 424 349 443 rus
362 414 553 441 consummatus
565 412 695 445 vndique,
715 415 741 435 et
755 412 794 439 (vt
806 408 906 439 dicunt)
926 407 1044 434 mortalis
1059 408 1166 443 quidam
1180 407 1258 438 deus,
1277 414 1332 432 non
1357 411 1370 438 5
1395 415 1438 433 me
1453 406 1549 440 adesse,
1568 417 1650 443 quum
1663 408 1727 443 quid
1744 407 1776 434 de
1788 407 1836 434 illo
1853 404 2018 440 detrahatur,
2038 406 2109 434 nefas
2122 408 2170 433 esse
2184 407 2337 441 approbare.
2356 412 2426 433 certe

306 449 387 477 modo
401 449 552 484 cognitione
565 446 710 473 caelestium
729 443 770 469 vel
783 441 936 469 mortalium
953 449 1044 477 putant
1064 441 1267 472 instituendum,
1287 447 1333 467 etc.
1395 448 1485 467 eontra
1500 441 1580 476 igitur
1594 444 1603 470 Ξ
1630 442 1684 474 dii,
1704 446 1802 479 inquis,
1822 443 2013 469 Auerruncent.
2083 442 2120 469 Id.
2134 441 2246 476 Philipp.
2259 450 2281 474 3,
2297 450 2324 474 35
2344 441 2425 474 Quod

305 485 401 511 Cicero
414 484 446 510 de
458 485 530 510 Orat.
544 491 564 514 1,
579 488 615 513 115
639 480 702 506 Sunt
715 484 800 505 autem
820 477 928 511 quidam
948 478 985 505 ita
1003 484 1111 504 naturae
1130 475 1284 503 muneribus
1304 475 1333 502 in
1396 477 1413 504 si
1429 477 1481 503 iam
1496 477 1582 511 (quod
1596 478 1635 504 dii
1651 487 1730 505 omen
1743 480 1890 509 Auertant)
1903 477 1987 503 fatum
2000 482 2143 505 extremum
2157 476 2328 511 Reipublicae
2340 477 2425 509 venit,

305 519 398 546 iisdem
409 519 486 546 rebus
500 516 612 546 habiles,
632 516 669 541 ita
680 513 781 547 ornati,
799 517 829 539 vt
842 520 896 539 non
908 514 981 546 nati,
996 514 1039 540 sed
1053 513 1086 540 ab
1098 513 1190 547 aliquo
1204 513 1262 538 Deo
1275 510 1332 537 fieti
1394 519 1440 538 etc.
1510 512 1607 540 Colere
1619 513 1735 549 aliquem
1755 520 1783 540 vt
1798 513 1875 540 deum
1894 512 1948 539 Cic.
1961 511 1994 537 de
2005 512 2103 540 Senefft.
2118 519 2153 543 81.
2223 513 2373 547 Confugere
2389 513 2423 538 ad

304 555 452 581 videantur.
502 553 570 579 Deus
584 551 656 582 sum,
673 550 751 575 Sermo
763 547 831 573 illius
842 547 939 584 quifibi
951 548 1064 576 videatur
1070 548 1236 584 fortunatus:
1250 546 1332 573 Plaut.
1394 547 1472 574 deum
1491 547 1563 574 Idem
1576 547 1607 573 de
1621 549 1716 575 Natur.
1730 550 1810 576 Deor.
1825 558 1845 582 1,
1859 557 1894 582 53.
1950 546 2029 574 Nihil
2042 546 2077 573 est
2094 548 2164 583 quod
2177 547 2238 574 deus
2251 546 2359 574 Efficere
2370 555 2426 573 non

303 591 381 617 Cure.
395 598 404 616 ι
437 598 460 621 3,
480 595 511 614 11.
562 586 629 612 Ter.
643 585 736 611 Heaut.
751 591 779 615 4,
793 590 819 616 2,
834 592 867 617 15.
902 584 952 611 Dei
969 593 1054 610 nomen
1068 585 1146 619 Impp.
1166 582 1286 609 tributum
1305 585 1333 607 in
1348 589 1377 607 10
1394 583 1466 618 poffit
1480 583 1517 609 Id.
1530 582 1561 609 de
1575 582 1637 609 Nat.
1651 585 1682 610 D.
1696 593 1717 616 3,
1754 604 1761 610 .
1799 603 1806 610 .
1875 584 1989 610 Placatos
2004 582 2066 608 deos
2078 583 2158 617 pietas
2171 582 2250 610 efficit
2266 590 2292 609 et
2307 582 2427 610 sanffltae

303 628 399 657 smmis,
412 609 471 650 ’ω’ᾱ,
486 621 611 656 Spanhem.
625 618 687 652 Diffi
700 626 725 644 12
747 624 843 657 3489.
876 621 934 645 item
948 619 1053 655 Regibus
1067 619 1198 646 Seleucidis
1211 624 1257 643 etc.
1294 617 1332 644 Id.
1395 618 1451 645 Cic.
1460 617 1535 645 offic.
1549 626 1611 655 2,11.
1680 619 1763 646 Euehi
1777 619 1809 646 ad
1823 618 1885 645 deos
1899 620 2002 654 aliquem
2014 617 2117 643 dicimus
2130 619 2191 645 καθ’
2204 616 2343 653 stipabit,
2357 626 2426 653 quem

302 659 366 694 Diffi
377 670 393 695 7
435 678 440 684 .
456 665 509 692 419,
522 666 559 690 19.
593 655 665 690 Conf.
681 653 794 689 Johnson.
809 653 843 679 ad
855 653 962 681 Nemes.
975 656 1072 689 Cyneg.
1087 656 1130 682 66.
1202 654 1259 679 Cic.
1274 652 1330 687 post
1388 653 1558 690 feliciffimum
1572 652 1632 686 ςΠε,
1645 659 1669 679 et
1681 655 1746 689 quast
1753 655 1833 690 supra
1849 655 1978 681 humanam
1993 652 2154 679 conditionem
2165 654 2269 689 positum
2280 653 2426 690 significare

302 695 379 722 redit.
394 703 407 720 a
439 692 516 725 Qiir.
532 699 554 717 11
572 699 594 717 c.
606 698 620 724 5
639 688 737 715 Consul
750 697 860 722 parens,
879 688 959 723 deus,
979 690 1045 716 salus
1057 689 1159 716 nostrae
1171 688 1258 720 vitae,
1277 696 1331 713 me·
1394 690 1513 716 volumus.
1535 690 1628 715 Horat.
1637 688 1688 714 Od.
1701 693 1771 722 1,1‚6
1792 689 1898 717 Vtinam
1913 689 1950 716 ita
1965 688 1991 715 di
2007 688 2099 715 Faxint
2111 688 2180 714 Ter.
2193 690 2288 716 Heaut.
2300 698 2320 721 1,
2332 697 2353 722 1,
2370 696 2425 720 109.

302 730 416 761 moriae,
433 727 557 753 nominis.
626 725 752 751 Mezentio
764 723 832 759 apud
845 724 918 759 Virg.
933 726 998 751 Aen.
1013 734 1051 758 10,
1069 732 1118 760 773
1146 725 1244 751 Dextra
1262 723 1331 749 mihi
1393 724 1501 751 Faciant
1518 724 1576 750 dii:
1602 725 1721 758 Optantii·
1738 723 1786 757 est,
1798 724 1972 761 significatque
1985 723 2025 755 id,
2045 722 2109 759 quod
2126 723 2225 750 Vtinam
2239 725 2294 751 Cic.
2308 725 2337 751 in
2350 725 2426 750 Verr.

301 766 383 794 Deus,
409 768 434 790 et
454 762 553 793 telum,
579 759 650 794 quod
674 758 765 786 missile
785 759 858 786 libro
892 761 970 787 Nunc
991 760 1082 787 adsint.
1276 757 1296 796 fi
1318 766 1330 790 3
1348 767 1374 794 15
1394 779 1402 786 .
1438 779 1446 786 .
1516 760 1610 786 Horat.
1626 759 1676 785 Sat.
1691 767 1710 789 1,
1730 767 1751 791 1,
1765 767 1790 792 15
1814 762 1840 786 Si
1855 761 1914 794 quis
1928 761 2005 792 deus,
2025 768 2058 785 en
2071 767 2135 792 ego,
2152 758 2234 790 dicat,
2249 760 2301 787 iam
2314 759 2427 791 faciam,

300 801 376 827 Nunc
383 798 508 834 formulas
520 797 583 822 alias
595 795 642 821 huc
654 804 817 831 congeremus.
854 795 895 821 Est
909 795 1032 830 profeeb
1045 797 1123 826 Deus,
1134 795 1191 830 qui,
1204 803 1271 830 quae
1282 802 1331 820 nos
1393 793 1466 830 quod
1478 795 1568 821 voltis.
1619 794 1721 820 Primus
1740 795 1769 820 in
1781 794 1847 821 orbe
1863 795 1927 822 deos
1941 795 2004 821 fecit
2016 794 2098 820 timor
2109 795 2213 820 Petron.
2231 803 2256 828 p.
2267 797 2330 830 676.
2379 794 2428 821 Dii

298 834 427 868 gerimus,
442 832 565 865 auditque
577 836 603 856 et
616 829 690 856 videt
707 830 789 857 Plaut.
802 831 876 865 Capt-
890 839 915 863 2,
929 839 955 863 2,
967 833 1007 863 63.
1077 831 1190 858 Introit-e
1204 841 1209 856 :
1233 839 1292 857 nam
1304 835 1332 856 et
1391 830 1504 857 vestram
1526 830 1621 862 fidem,
1643 829 1805 856 Admirantis
1821 830 1879 856 adu.
1899 839 1957 856 cum
1977 830 2184 861 exclamatione,
2203 832 2284 865 inquit
2300 831 2427 861 Donatus,

296 869 340 896 hic
354 869 399 894 Dii
412 869 484 897 sunt,
503 865 632 893 Heracliti
649 865 751 900 Ephefii
763 864 855 892 diHum
872 866 938 901 apud
957 866 1024 892 Gell.
1039 875 1070 892 20
1089 875 1111 892 c.
1125 866 1172 893 vlt.
1202 866 1227 902 fi
1242 868 1331 900 potius
1392 865 1460 892 Ter.
1475 866 1557 892 Andr.
1569 875 1597 900 4,
1609 874 1630 897 3,
1644 873 1664 891 1.
1735 865 1835 891 Genuit
1847 865 1937 891 omnia
1950 865 2013 892 deus
2027 866 2083 892 Cic.
2098 864 2130 891 de
2145 864 2265 891 Vniuers.
2279 873 2318 897 23.
2372 866 2426 892 Gu-

295 906 324 930 ιή
336 903 416 938 praef.
437 901 534 937 operis.
570 902 721 937 Qamquam
741 901 808 927 illam
829 910 919 937 quoque
929 900 1098 936 florentiam,
1118 911 1202 928 veram
1221 903 1330 936 alioquin
1393 900 1516 928 bernabit
1530 901 1591 927 haec
1611 900 1673 926 deus
1690 900 1786 935 aliquis
1806 900 1879 927 Idem
1891 902 1945 927 Att.
1956 903 1983 933 6,
1995 909 2017 933 3.
2087 900 2236 927 informare
2256 899 2319 927 deos
2338 901 2426 928 conie-

296 939 431 971 Heracliti,
447 938 481 964 ad
492 947 542 964 eum
556 937 632 963 locum
645 946 693 963 non
701 940 835 972 pertinere,
845 936 915 973 satis
926 935 998 964 hodie
1010 935 1114 970 conflat.
1155 936 1213 964 Vid.
1228 935 1329 972 Salmas.
1341 946 1376 965 20
1393 935 1481 968 «stura,
1507 936 1561 963 vid.
1581 945 1590 962 1
1601 943 1623 962 Ν
1633 942 1649 962 F
1657 943 1676 963 ο
1685 943 1705 963 R
1714 943 1739 962 M
1749 943 1758 962 1
1768 943 1791 962 s.
1858 935 2007 970 lnfr‘mgere
2021 935 2083 962 deos
2095 942 2199 971 precatu
2207 955 2216 968 ,
2235 938 2253 961 i.
2259 933 2429 971 flefl'erepre·

294 974 391 1010 Proleg.
407 974 492 1000 Exere.
517 972 583 999 Plin.
598 981 623 1007 p.
637 980 681 1006 24.
712 978 735 998 et
748 972 857 999 Lambec.
874 972 1000 999 Prodrom.
1020 972 1152 999 Lucubrat.
1172 971 1285 998 Gellian.
1305 980 1330 1006 p.
1393 972 1462 998 cibus
1479 972 1541 999 Stat.
1556 971 1643 999 Achil.
1659 979 1679 1003 1,
1695 980 1754 1005 144.
1824 970 1942 998 Inserere
1962 971 2024 998 deos
2041 971 2160 998 minimis
2179 970 2272 1002 rebus,
2293 970 2346 997 vid.
2369 977 2428 998 ιΝ-

295 1017 350 1042 109.
366 1017 419 1041 199.
489 1007 573 1035 Nulla
584 1016 645 1042 gens
659 1007 695 1034 est
703 1027 711 1040 ,
732 1016 816 1042 neque
829 1014 882 1034 tam
894 1008 1081 1039 immansueta,
1096 1016 1183 1042 neque
1197 1014 1250 1033 tam
1263 1007 1330 1038 fera,
1393 1014 1407 1034 s
1416 1014 1432 1034 E
1440 1014 1459 1034 R
1467 1013 1496 1034 Ο.
1566 1007 1708 1041 instigante
1720 1007 1770 1033 deo
1782 1006 1908 1039 numine,
1932 1006 1985 1033 vid.
2008 1013 2018 1032 1
2029 1014 2051 1033 N
2060 1014 2073 1034 s
2082 1014 2103 1034 Τ
2111 1014 2121 1033 1
2130 1013 2151 1033 G
2161 1014 2190 1034 o.
2262 1007 2358 1033 Inuitis
2376 1006 2428 1033 dii·

314 1053 361 1071 uae
374 1053 439 1077 non,
451 1043 530 1070 etiam
544 1042 562 1069 fi
577 1043 682 1077 ignoret
695 1043 800 1078 qualem
813 1042 909 1070 habere
922 1043 1000 1070 deum
1012 1042 1112 1077 deceat,
1131 1049 1218 1069 tamen
1233 1042 1329 1069 haben·
1392 1041 1599 1078 hominibusque
1616 1042 1765 1074 absolutus,
1791 1042 1843 1068 vid.
1864 1048 1874 1067 1
1885 1047 1907 1067 N
1917 1048 1937 1068 V
1947 1048 2049 1069 iTvs.
2120 1043 2248 1069 Inuocare
2261 1050 2352 1069 omnes
2366 1041 2429 1070 dem

293 1053 356 1106 dum
371 1080 433 1106 sciat
451 1079 505 1106 Cic.
520 1077 552 1105 de
565 1078 656 1113 Legib.
672 1087 693 1111 1,
708 1086 752 1112 24.
805 1079 873 1112 Qis
886 1078 921 1105 est
935 1084 988 1105 tam
1001 1087 1111 1111 vecors,
1128 1080 1175 1113 qui
1190 1084 1234 1105 aut
1247 1087 1330 1112 quum
1392 1078 1421 1105 in
1438 1078 1569 1105 auxilium
1589 1078 1720 1112 Qinffll.
1739 1077 1768 1103 in
1786 1078 1906 1104 Prooem.
1919 1085 1947 1110 4.
2018 1077 2073 1104 Cic.
2093 1076 2206 1112 Philipp.
2224 1086 2251 1110 3,
2286 1097 2294 1104 .
2332 1097 2340 1105 .
2377 1076 2428 1104 Hi·

293 1115 406 1150 suspexit
425 1115 454 1142 in
469 1114 585 1146 caelum,
607 1113 669 1140 deos
690 1114 738 1140 effe
758 1123 812 1141 non
830 1115 922 1141 sentiat
935 1115 944 1141 3
968 1114 1024 1141 Cic.
1045 1113 1078 1140 de
1095 1115 1186 1149 Arusp.
1202 1114 1278 1148 Resp.
1293 1122 1328 1146 19.
1341 1118 1372 1145 25
1391 1113 1544 1140 auctoribus
1558 1120 1583 1141 et
1597 1113 1718 1146 ducibus,
1732 1112 1782 1139 diis
1795 1111 1965 1144 luuantibus‚
1982 1111 2060 1138 nobis
2072 1113 2252 1147 vigilantibus,
2266 1120 2313 1140 etc.
2368 1114 2427 1140 Mo-

293 1150 422 1177 Homines
435 1150 584 1177 existimare
596 1154 719 1183 oportere
733 1150 802 1176 Deos
816 1150 905 1177 omnia
917 1159 1034 1183 cernere,
1047 1150 1166 1176 Deorum
1178 1149 1269 1176 omnia
1282 1150 1330 1176 effe
1392 1149 1513 1176 derantes
1527 1149 1619 1176 cuneta
1630 1149 1670 1175 dii
1684 1148 1764 1175 Ouid.
1777 1149 1841 1175 Met.
1857 1157 1879 1181 1,
1891 1152 1928 1180 83.
1999 1147 2143 1174 Obsecrare
2161 1157 2208 1183 per
2228 1148 2291 1175 deos
2309 1153 2336 1175 et
2354 1147 2429 1176 obte-

291 1185 368 1222 plena
386 1186 442 1213 Cic.
455 1184 487 1212 de
502 1184 593 1219 Legib.
606 1193 618 1210 2
639 1193 660 1210 c.
675 1193 707 1211 ιι.
1391 1185 1454 1211 stari
1467 1185 1584 1219 aliquem
1597 1186 1690 1212 Horat.
1703 1183 1781 1219 Epist.
1796 1192 1817 1216 1,
1831 1191 1859 1218 7,
1875 1193 1922 1222 94.⁴
1973 1183 2058 1209 Orare
2070 1192 2116 1218 per
2128 1192 2220 1211 omnes
2231 1183 2296 1210 deos
2312 1183 2430 1219 aliquem

446 1221 540 1255 Estque
553 1220 602 1246 Dei
618 1219 708 1252 sedeS,
726 1219 774 1247 vbi
791 1225 862 1247 terra
879 1225 905 1247 et
922 1226 1016 1255 pontus
1034 1225 1060 1247 et
1072 1221 1133 1253 ae'r,
1388 1220 1464 1248 Idem
1482 1220 1533 1247 Od.
1556 1228 1580 1252 1,
1607 1225 1635 1253 8,
1653 1228 1679 1246 2.
1769 1219 1863 1245 Parent
1882 1218 1925 1245 det
1946 1219 2052 1245 numini
2075 1219 2166 1245 omnia
2182 1216 2239 1251 Cic.
2259 1219 2291 1246 de
2303 1220 2394 1246 Diuin.
2408 1226 2430 1252 ι,

445 1257 476 1282 Et
493 1255 592 1281 caelum
609 1261 636 1281 et
649 1255 733 1282 virtus
745 1267 751 1282 :
774 1256 880 1291 superos
895 1256 959 1291 quid
973 1256 1125 1291 quaerimus
1137 1255 1223 1282 vltra!
1391 1263 1444 1283 120.
1500 1256 1603 1283 Placare
1616 1256 1678 1288 deos
1692 1255 1777 1286 boue,
1795 1256 1836 1281 vel
1848 1262 2002 1289 quacunque
2015 1262 2043 1281 re
2056 1254 2108 1281 alia
2120 1255 2214 1281 Horat.
2228 1255 2305 1291 Epist.
2320 1257 2430 1288 1‚16,58.

444 1291 543 1325 Iupiter
555 1290 602 1322 est,
619 1289 796 1326 quodcunque
808 1291 892 1324 vides,
906 1300 1066 1327 quocunque
1077 1291 1195 1318 moueris
1231 1290 1328 1317 Lucan.
1340 1297 1373 1322 3ο
1391 1291 1419 1318 Si
1433 1290 1484 1318 diis
1498 1292 1598 1326 placet,
1620 1293 1707 1318 Ironia
1725 1291 1781 1316 Cic.
1795 1290 1827 1317 de
1839 1290 1898 1316 Fin.
1912 1298 1942 1320 2,
1977 1309 1984 1316 .
2022 1309 2029 1316 .
2098 1289 2166 1316 Ter.
2185 1289 2290 1317 Phorm.
2310 1299 2332 1322 3,
2349 1298 2373 1322 3,
2393 1298 2432 1323 ι9.

291 1333 319 1359 9,
332 1333 387 1360 575.
430 1326 535 1353 Coenae
553 1325 632 1352 desum
651 1327 720 1353 Hor.
735 1327 786 1353 Sat.
801 1335 823 1359 2,
836 1329 863 1359 6,
875 1328 916 1360 65.
986 1327 1143 1354 Contemtor
1155 1325 1236 1353 desim
1249 1326 1326 1360 Virg.
1390 1328 1456 1354 Eun.
1472 1335 1501 1360 2,
1519 1336 1547 1360 3,
1567 1332 1607 1360 98.
1649 1327 1706 1353 Vzd.
1721 1325 1828 1359 Brzſjon.
1846 1325 1875 1351 de
1893 1326 1973 1351 Form.
1987 1331 2016 1361 p.
2032 1328 2069 1352 66
2089 1331 2113 1351 et
2128 1329 2169 1355 σε.
2243 1325 2431 1352 Plaudentibu-

290 1361 356 1387 Aen-
369 1366 393 1393 8,
407 1368 432 1395 7-
501 1361 610 1396 Expedit
624 1362 672 1388 effe
685 1363 769 1393 Deos,
789 1369 815 1389 et
827 1368 856 1389 vt
869 1362 990 1397 expedit,
1009 1363 1057 1389 effe
1070 1368 1189 1398 putemus
1201 1361 1282 1389 Ouid.
1294 1363 1326 1388 A.
1388 1363 1441 1390 diis
1455 1369 1480 1389 et
1492 1363 1647 1389 hominibus
1668 1363 1724 1389 Cic.
1743 1363 1781 1395 Q
1793 1362 1876 1387 Fratr.
1890 1369 1912 1391 2,
1924 1369 1951 1394 4.
2021 1361 2087 1395 Regi
2107 1360 2219 1387 deorum
2239 1361 2431 1388 immortalium

289 1395 321 1422 A.
335 1404 354 1425 1,
365 1398 422 1430 637.
493 1397 699 1431 Exemplumque
712 1398 762 1424 Dei
781 1398 894 1432 quisque
910 1398 946 1424 est
960 1399 989 1424 in
1006 1399 1121 1434 imagine
1138 1406 1219 1433 parua
1233 1396 1326 1424 Manil.
1389 1400 1499 1425 numine
1519 1398 1624 1430 omnia,
1647 1396 1843 1432 gubernarique
1864 1396 2041 1430 perspeximus
2063 1396 2119 1422 Cic.
2138 1396 2170 1422 de
2188 1397 2281 1431 Arusp.
2295 1397 2372 1432 Resp.
2392 1404 2431 1430 19.

288 1440 316 1463 4,
336 1435 390 1462 893-
459 1431 581 1458 Genitrix
602 1431 698 1464 defun,
717 1432 803 1467 Cybele
822 1432 905 1459 Ouid.
920 1435 984 1460 Met.
1003 1442 1051 1467 14,
1070 1435 1124 1467 536.
1195 1434 1326 1467 Interpres
1388 1434 1462 1461 Idem
1475 1443 1524 1469 pro
1539 1434 1628 1460 Sextio
1665 1453 1672 1460 .
1711 1452 1717 1458 .
1754 1432 1842 1458 Video
1861 1433 1886 1458 P.
1901 1431 2059 1463 Lentulum,
2079 1431 2153 1458 cuius
2173 1441 2223 1466 ego
2235 1438 2336 1466 patrem
2348 1432 2430 1459 deum

287 1464 366 1490 deum
387 1465 442 1491 Sen.
457 1466 562 1492 Troad.
598 1485 606 1492 .
644 1486 650 1491 .
689 1485 695 1492 .
765 1467 853 1493 Mater
872 1467 967 1500 desim,
992 1469 1077 1503 Cybele
1102 1470 1207 1496 Lucret.
1222 1476 1253 1500 2,
1271 1470 1326 1501 658.
1342 1478 1372 1506 35
1389 1479 1418 1497 ac
1432 1475 1566 1504 parentem
1574 1469 1664 1495 Statuo
1677 1468 1799 1495 fortunae
1813 1476 1842 1494 ac
1855 1467 1971 1493 nominis
1985 1468 2049 1499 mei,
2068 1467 2164 1498 fratris,
2176 1476 2320 1502 rerumque
2331 1467 2431 1494 nostra-

288 1500 423 1527 Radiantis
437 1509 484 1527 ora
498 1501 558 1533 dei,
576 1503 594 1526 i.
607 1501 690 1527 vultus
701 1500 828 1536 Apollinis
840 1502 928 1528 Valer.
937 1504 1035 1536 Argon.
1056 1511 1080 1536 5,
1096 1509 1158 1537 408.
1229 1503 1327 1530 Reetor
1389 1514 1450 1532 rum
1462 1506 1492 1531 in
1507 1504 1556 1531 hoc
1570 1505 1667 1532 misero
1682 1504 1803 1538 squalore
1817 1508 1842 1529 et
1854 1502 1984 1529 sordibus.
2041 1501 2074 1528 Di
2089 1502 2158 1528 mihi
2171 1502 2219 1529 fint
2232 1503 2327 1529 Testes
2347 1502 2430 1531 Ouid.

289 1534 383 1568 desum,
404 1537 498 1570 Iupiter
517 1535 597 1563 Ouid.
609 1537 673 1562 Met.
687 1544 721 1568 13,
733 1544 790 1569 599.
862 1536 963 1570 Regina
979 1537 1075 1569 desim,
1095 1540 1156 1563 Iuno
1171 1538 1245 1570 Virg.
1259 1538 1326 1563 Aen.
1391 1549 1423 1566 ex
1436 1541 1519 1566 Ponto
1533 1548 1557 1571 2,
1569 1549 1598 1573 4,
1613 1547 1634 1571 5.
1690 1540 1762 1565 Idem
1775 1538 1854 1572 Epist.
1867 1540 1893 1569 6,
1906 1546 1937 1570 30
1958 1537 2010 1564 Vix
2026 1538 2094 1564 mihi
2102 1538 2184 1565 Teste
2197 1538 2249 1565 deo
2262 1538 2361 1565 credita
2373 1538 2430 1565 vita

290 1578 315 1602 1,
335 1578 360 1603 9.
431 1571 563 1605 Regnator
579 1570 673 1603 desim,
689 1573 784 1607 Iupiter
802 1570 874 1597 Idem
889 1573 954 1598 Aen.
969 1581 997 1606 4,
1011 1574 1071 1605 269.
1142 1572 1197 1597 Rex
1215 1571 1328 1598 deorum
1390 1582 1435 1600 tua
1449 1574 1494 1600 est.
1565 1573 1674 1600 Testari
1689 1574 1751 1602 deos
1767 1573 1864 1607 Virgil.
1877 1574 1942 1599 Aen.
1955 1581 1984 1605 4,
1998 1580 2051 1606 519.
2120 1574 2214 1601 Vereri
2234 1573 2297 1601 deos
2318 1574 2374 1601 Cic.
2395 1574 2429 1601 de

287 1606 389 1640 Iupiter
406 1606 500 1632 Horat.
516 1606 567 1633 Od.
580 1615 608 1640 4,
620 1615 648 1638 4,
660 1614 684 1633 2.
753 1606 828 1632 Sator
843 1606 954 1633 deorum
966 1614 1044 1642 atque
1059 1606 1210 1639 hominum,
1231 1607 1328 1642 Iupiter
1389 1608 1491 1635 Senee't.
1527 1628 1535 1635 .
1571 1627 1579 1635 .
1616 1627 1623 1635 .
1686 1608 1732 1634 Dii
1746 1607 1813 1634 bene
1825 1609 1935 1634 Vertant
1949 1608 2018 1634 Ter.
2030 1607 2139 1643 Adelph.
2154 1618 2182 1643 4,
2196 1617 2223 1644 7,
2238 1617 2267 1636 10
2297 1610 2329 1636 In
2342 1610 2431 1636 omni.

288 1641 362 1675 Virg·
377 1641 441 1667 Aen·
458 1650 476 1672 ¹›
488 1650 547 1676 254.
619 1641 764 1668 51111111ὂῖῐᾶ
776 1641 888 1669 deorum
901 1643 957 1669 Cic·
970 1643 1027 1670 A&
1040 1643 1070 1669 in
1083 1643 1162 1669 Verr·
1177 1650 1195 1673 1,
1209 1650 1230 1674 3·
1278 1640 1325 1667 Dis
1334 1653 1372 1679 40
1392 1643 1440 1671 bus
1453 1652 1520 1679 quae
1533 1643 1620 1678 cupite
1637 1643 1776 1675 venerint,
1795 1642 1847 1668 dici
1862 1643 1942 1673 solet,
1959 1645 1997 1669 ait
2009 1644 2136 1670 Donatus.
2187 1645 2299 1678 Cupite,
2320 1653 2348 1670 ex
2363 1650 2436 1677 voto,

288 1685 362 1702 ⁰³¹¹ss
375 1675 433 1711 iPfis
452 1678 545 1703 Horat.
560 1676 611 1704 Od·
626 1685 646 1710 ¹,
659 1685 694 1709 3¹,
709 1685 742 1708 ¹3-
936 1675 958 1715 ff
978 1688 998 1713 4
1034 1680 1055 1705 E
1071 1678 1149 1704 itheta
1161 1688 1170 1703 .·
1205 1677 1327 1703 Aduerlis
1383 1679 1520 1715 secundum
1532 1686 1618 1714 optata
1630 1677 1724 1712 nostra.
1796 1678 1852 1705 Cic.
1865 1677 1898 1704 de
1910 1678 1984 1704 Orat.
1999 1685 2024 1708 2,
2038 1685 2085 1712 179
2110 1679 2166 1711 Qli
2185 1679 2253 1704 ordo
2272 1679 2324 1705 tibi
2337 1678 2430 1713 placet,

287 1710 338 1738 diis
352 1717 377 1738 et
391 1712 446 1738 fato
459 1712 562 1739 sinistro
575 1712 677 1746 genitus
690 1713 782 1738 quen.
790 1711 840 1738 Sat.
854 1721 892 1746 ιο,
903 1721 954 1746 129.
1026 1714 1049 1741 A
1069 1712 1187 1740 umbrati
1200 1712 1251 1744 dii,
1272 1711 1326 1738 vid.
1387 1717 1471 1749 inquit
1482 1714 1606 1744 Catulus,
1625 1720 1651 1740 et
1666 1722 1733 1748 quae
1745 1713 1881 1748 dispositio
1893 1718 2127 1747 argumentorum,
2140 1715 2168 1739 in
2180 1723 2232 1749 qua
2245 1720 2273 1740 tu
2285 1713 2355 1741 mihi
2367 1714 2430 1741 sem·

287 1753 310 1773 A
319 1753 338 1773 D
349 1753 367 1770 v
378 1752 402 1773 M
411 1753 453 1774 BR
462 1754 491 1774 o.
561 1747 696 1782 Aequorei
713 1747 753 1774 dii
777 1747 859 1774 Ouid.
879 1757 911 1774 ex
932 1749 1016 1776 Ponto
1035 1758 1081 1781 io,
1101 1757 1146 1781 40.
1217 1747 1326 1773 Aeterni
1388 1758 1435 1783 per
1447 1748 1511 1775 deus
1524 1748 1612 1774 videri
1625 1748 1700 1774 soles.
1772 1754 1863 1778 ΒΕΑ,
1891 1748 1944 1773 vid.
1952 1748 2033 1782 fiapra
2043 1748 2069 1783 s.
2083 1749 2101 1774 l.

285 1780 358 1807 Idem
378 1781 410 1806 de
428 1782 501 1808 Rem.
515 1783 606 1809 Amor.
623 1785 680 1812 688.
727 1782 793 1809 Fast.
812 1791 842 1815 3,
861 1787 912 1817 804
931 1790 976 1811 etc.
1053 1783 1242 1818 Alienigenae,
1271 1781 1325 1808 vid.
1424 1790 1587 1815 DElTAs,
1604 1784 1663 1809 atis.
1680 1783 1702 1809 f.
1727 1791 1788 1818 quae
1800 1789 1824 1808 et
1842 1788 1928 1808 Divi
1939 1788 1961 1807 N
1974 1788 2067 1808 1‘1‘As
2085 1782 2187 1808 dicitur.
2208 1782 2341 1817 [θειότης]
2376 1783 2430 1809 Au.

287 1821 332 1842 AL
343 1821 352 1841 1
362 1821 561 1842 ENIGENA.
622 1817 714 1851 Aliger
733 1818 793 1844 Stat.
805 1818 898 1845 Theb.
913 1828 952 1852 10,
965 1822 1024 1852 296.
1060 1821 1102 1847 Sic
1115 1825 1188 1845 vocat
1205 1819 1324 1844 Somnum.
1337 1824 1373 1851 45
1389 1819 1484 1854 gustin.
1498 1818 1530 1845 de
1543 1818 1625 1846 Ciuit.
1641 1818 1691 1844 Dei
1704 1824 1730 1852 7,
1746 1825 1756 1843 ι
1778 1818 1851 1844 Hanc
1864 1816 2047 1847 diuinitatem,
2066 1816 2126 1849 vel,
2141 1822 2170 1843 vt
2184 1816 2216 1843 fic
2231 1817 2332 1850 dicam,
2348 1817 2429 1845 deita-

284 1850 389 1885 Alipes,
413 1852 432 1876 i.
450 1852 594 1877 Mercurius
614 1851 695 1878 Ouid.
709 1853 775 1878 Fast.
791 1860 820 1885 5,
841 1862 896 1880 ιοο.
981 1854 1155 1886 Arcitenens,
1179 1853 1268 1888 Apollo
1286 1854 1327 1879 vel
1387 1862 1460 1882 tem:
1486 1862 1547 1880 nam
1567 1859 1593 1879 ct
1611 1853 1662 1880 hoc
1678 1852 1764 1880 verbo
1781 1853 1821 1879 vti
1839 1851 1892 1878 iam
1912 1851 2014 1878 nostros
2032 1860 2086 1878 non
2103 1852 2192 1886 piget,
2210 1858 2239 1878 vt
2259 1852 2395 1886 expreffius
2414 1861 2430 1878 e

284 1885 378 1926 Cupido
394 1885 474 1912 Ouid.
488 1887 553 1913 Met.
566 1894 587 1919 1,
599 1894 660 1920 441.
729 1887 869 1926 Armiger,
892 1892 911 1915 i.
925 1890 1001 1915 Mars
1016 1890 1060 1917 Sil.
1074 1897 1111 1923 17.
1182 1889 1264 1922 Asper
1278 1887 1326 1913 ali-
1387 1890 1489 1915 Graeco
1501 1888 1671 1919 transferant,
1690 1887 1763 1921 quod
1772 1887 1813 1926 illi
1825 1886 1934 1916 θεότητα
1948 1887 2090 1921 appellant,
2110 1895 2157 1913 etc.
2227 1888 2258 1913 In
2273 1887 2359 1913 tribus
2372 1896 2431 1922 per-

284 1929 329 1947 (ιιι
343 1920 429 1947 Valer.
444 1922 542 1955 Argon.
556 1929 580 1954 3,
593 1929 645 1955 271.
715 1922 808 1955 Asperi
827 1928 854 1948 et
871 1923 1000 1956 Pugnaces
1023 1925 1083 1951 Sen.
1095 1923 1205 1957 Hippol.
1220 1927 1271 1954 804
1295 1927 1325 1947 vt
1386 1924 1457 1949 sonis
1470 1923 1559 1948 Deitas
1571 1929 1624 1948 vna
1637 1921 1748 1948 subsistit
1761 1922 1875 1947 Hieron.
1889 1921 1935 1955 Ep.
1950 1929 1981 1956 57
1999 1922 2032 1948 ad
2047 1921 2149 1948 Damas.

284 1957 376 1988 Mars,
400 1957 527 1983 Hercules.
603 1955 708 1986 Auerfi,
740 1956 792 1983 vid.
812 1963 888 1984 AVE
898 1963 986 1985 RTo.
1056 1960 1240 1988 Auerruncus,
1270 1955 1324 1982 vid.
1424 1962 1531 1984 DE1F1
1543 1963 1560 1983 C
1571 1964 1613 1984 vs
1623 1976 1632 1989 ,
1652 1964 1681 1987 a,
1700 1964 1756 1982 um.
1790 1954 1852 1981 Adi.
1887 1955 2004 1982 Deificus
2021 1955 2085 1982 deus
2100 1955 2218 1982 Tertull.
2226 1955 2304 1991 Apol.
2317 1965 2340 1984 c.
2356 1965 2389 1985 11.
2408 1961 2428 1985 i.

286 1998 309 2018 Α
317 1998 337 2017 V
346 1997 362 2017 Ε
371 1998 390 2018 R
400 1997 419 2018 R
429 1998 449 2018 V
457 1998 480 2018 N
491 1996 510 2019 C
521 1998 551 2019 0.
611 1990 711 2017 Auidus
719 2010 728 2023 ‚
748 1994 766 2017 i·
780 1993 861 2021 Pluto,
874 1992 940 2027 quod
952 2001 1033 2019 omnes
1044 1993 1079 2020 ad
1101 2002 1112 2019 e
1125 1995 1231 2028 recipiat
1243 1991 1324 2018 Ouid.
1337 1998 1369 2025 50
1386 1996 1430 2029 qui
1442 1993 1551 2020 homines
1563 1995 1590 2019 in
1603 1991 1701 2018 deorum
1714 1999 1838 2017 numerum
1850 1990 1966 2025 referret.

285 2026 318 2053 ad
332 2026 438 2053 Liuiam
450 2034 515 2062 440.
583 2026 709 2060 Auspices
729 2026 805 2060 Virg.
819 2026 882 2052 Aen.
896 2036 924 2060 4,
938 2036 979 2061 45.
1032 2029 1077 2055 Bel
1091 2030 1163 2060 icus,
1176 2029 1252 2055 Mars
1263 2028 1323 2053 Sen.
1422 2035 1441 2055 D
1452 2035 1467 2054 Ε
1476 2035 1496 2055 ν
1505 2034 1552 2055 ΤΕ
1562 2034 1582 2054 R
1593 2028 1653 2059 1'A,
1674 2035 1713 2054 ae.
1744 2025 1765 2052 f.
1792 2025 1806 2059 [
1813 2024 1952 2060 ampl...]
1989 2026 2072 2052 Genus
2084 2028 2154 2056 vini,
2168 2025 2233 2061 quod
2242 2029 2351 2063 vigorem
2357 2027 2432 2064 flium

285 2062 439 2095 Agamemn.
459 2070 491 2095 54
511 2081 519 2088 .
599 2061 787 2088 Beneuolentes
795 2080 804 2093 ,
832 2060 885 2088 vid.
910 2069 950 2089 ΒΕ
960 2069 981 2088 Ν
990 2069 1036 2090 1-:v
1047 2069 1067 2090 o
1078 2070 1119 2090 LE
1128 2071 1149 2090 N
1158 2071 1181 2090 s.
1253 2062 1322 2088 Boni
1378 2063 1504 2100 perdidit.
1548 2063 1589 2089 Fit
1609 2070 1688 2090 autem
1704 2060 1843 2089 huiusmodi
1856 2069 1885 2086 ex
1897 2064 2031 2087 maceratis
2050 2069 2114 2096 aqua
2134 2064 2244 2087 vinaceis
2262 2061 2316 2097 pist
2327 2068 2432 2096 mnjtum

285 2096 341 2129 dii,
361 2097 426 2124 boni
439 2097 485 2132 qui
517 2101 611 2132 porto,
631 2097 774 2123 Exultantis
787 2105 836 2123 vox
849 2096 918 2124 Ter.
932 2097 1014 2124 Andr.
1028 2106 1054 2131 2,
1070 2107 1094 2132 2,
1108 2107 1127 2125 1.
1197 2097 1254 2124 Cic.
1273 2106 1322 2132 pro
1383 2102 1465 2126 acinis
1484 2097 1625 2134 exprefficm.
1681 2098 1770 2125 Latini
1787 2096 1886 2123 Loram
1905 2102 1996 2123 vocant
2007 2116 2017 2129 ‚
2036 2102 2060 2122 et
2078 2096 2275 2124 Secundarium.
2328 2101 2368 2125 De
2385 2100 2432 2127 hoe

285 2132 382 2159 Milon.
419 2152 426 2158 .
463 2152 470 2159 .
509 2152 516 2159 .
550 2130 584 2158 Di
599 2131 679 2168 boni,
697 2131 762 2167 quid
776 2131 859 2167 potest
872 2133 914 2167 agi
928 2133 1061 2160 seuerius?
1128 2133 1202 2160 Idem
1221 2131 1288 2159 Phil.
1306 2140 1323 2159 2
1381 2135 1448 2162 Plin.
1463 2143 1508 2168 14,
1522 2143 1559 2161 10.
2340 2142 2341 2147 ¹

284 2177 307 2194 c.
322 2172 336 2198 8
363 2168 451 2201 Qtam
465 2167 510 2200 id,
528 2165 561 2194 Di
575 2167 641 2194 boni
656 2167 662 2194 !
687 2176 741 2194 non
753 2167 869 2194 decebat.
940 2169 965 2195 O
978 2169 1051 2195 Bone
1065 2169 1135 2195 Deus
1151 2168 1270 2195 Scribon.
1279 2173 1321 2201 84.
1338 2173 1367 2200 55
1423 2177 1440 2196 D
1449 2177 1466 2197 Ε
1475 2177 1496 2196 ν
1507 2176 1529 2196 Τ
1540 2176 1556 2196 E
1565 2176 1584 2196 R
1594 2175 1604 2195 1
1613 2175 1668 2197 AM
1678 2174 1760 2200 Bvs,
1778 2166 1798 2194 i.
1822 2174 1860 2193 m.
1895 2166 1942 2193 Pes
1955 2169 2023 2193 inter
2035 2166 2092 2193 illos
2099 2166 2193 2203 pedes,
2212 2167 2310 2203 quibus
2322 2169 2430 2197 Clausu-

284 2204 353 2238 Qae
367 2203 440 2230 verba
453 2210 534 2230 tamen
547 2203 696 2230 eliminanda
705 2209 781 2238 putat
793 2202 873 2230 Rhod.
927 2203 1066 2237 Caelestes,
1083 2204 1136 2231 vid.
1154 2210 1323 2231 CAELVM.
1384 2206 1424 2233 lae
1443 2206 1564 2232 decenter
1580 2210 1703 2240 aptantur
1720 2203 1800 2231 Mart.
1820 2201 1920 2237 capell.
1941 2209 1956 2236 5
1988 2211 2013 2237 p.
2032 2204 2088 2236 169.
2143 2204 2201 2231 Alii
2222 2203 2428 2237 Dithyrambum

285 2238 409 2265 Caerulei
417 2258 426 2271 ,
445 2241 464 2265 i.
478 2240 526 2266 Dei
537 2241 650 2274 aequoris
661 2237 742 2265 Ouid.
756 2239 821 2265 Met.
836 2247 859 2271 2,
871 2243 894 2268 8.
930 2247 963 2265 ex
977 2240 1061 2266 Ponto
1074 2248 1103 2272 4,
1116 2242 1154 2272 16,
1167 2248 1203 2266 22.
1258 2239 1324 2266 Cor·
1383 2241 1483 2269 bahem.

285 2273 399 2308 poralis,
424 2273 476 2300 vid.
494 2283 549 2300 mox
569 2274 697 2301 Praesens.
767 2273 865 2301 Faciles
883 2273 963 2301 Ouid.
976 2275 1040 2301 Met.
1055 2283 1082 2308 9,
1096 2282 1152 2309 755.
1223 2274 1323 2302 Fatidi-
1418 2282 1463 2303 DE
1474 2282 1494 2301 v
1503 2281 1637 2303 'ri-:RON
1646 2281 1665 2301 o
1674 2280 1700 2300 M
1709 2280 1719 2300 1
1729 2279 1800 2306 VM,
1820 2272 1840 2299 i.
1875 2282 1902 2299 n.
1938 2269 2148 2308 [δεντερονόμιον]
2184 2273 2259 2310 Legis
2271 2277 2374 2302 iteratio
2389 2277 2431 2304 vel

284 2317 347 2341 cust,
366 2309 453 2344 Apollo
473 2309 546 2335 Idem
565 2309 630 2336 Fast.
650 2318 681 2340 2,
699 2311 756 2336 262.
785 2315 810 2336 et
828 2317 851 2342 5,
870 2311 930 2336 626.
1001 2311 1120 2342 Ferales,
1145 2313 1163 2336 i.
1179 2310 1323 2345 Infernales
1382 2314 1512 2347 repetitio,
1526 2320 1572 2346 quo
1585 2312 1681 2337 nomine
1693 2312 1805 2345 quintum
1818 2308 1896 2341 Molis
1908 2309 1999 2334 librum
2012 2310 2100 2335 Graeci
2113 2308 2278 2343 appellarunt,
2297 2317 2321 2340 ee
2331 2312 2429 2339 Latini.

284 2344 343 2370 Sen.
353 2344 464 2376 Thyest.
479 2347 538 2374 668.
616 2345 687 2372 Deus
699 2345 860 2372 Immortalis
873 2344 966 2372 haberi
980 2346 1050 2372 Dum
1070 2345 1142 2380 cupit
1154 2346 1324 2379 Empedocles
1330 2353 1365 2378 60
1389 2346 1573 2375 Vid.Tertull.
1586 2345 1645 2372 adu.
1656 2345 1738 2372 Marc.
1752 2354 1781 2378 4,
1795 2352 1829 2377 15.
1870 2343 1988 2371 Laetam.
2001 2354 2031 2378 4,
2044 2351 2082 2378 17.
2126 2343 2216 2371 Sidon.
2230 2353 2257 2377 9,
2272 2354 2297 2378 9.

282 2379 376 2407 Horat.
394 2380 422 2406 in
436 2380 498 2406 Arte
513 2380 585 2407 Poet.
599 2382 663 2414 464.
711 2380 758 2407 Dii
771 2380 1056 2413 immortales‚homini
1070 2381 1153 2407 homo
1174 2381 1238 2415 quid
1251 2389 1324 2416 prae·
1422 2388 1565 2413 DEVTOR‚
1585 2382 1616 2408 ti.
1640 2381 1704 2415 Dep.
1735 2381 1812 2413 Idem,
1819 2379 1883 2416 quod
1894 2379 1971 2406 abuti.
2007 2379 2073 2406 Non
2086 2378 2137 2406 hoc
2150 2380 2429 2418 conuenireAntigoni

282 2414 346 2446 stat,
366 2413 527 2441 Admirantis
543 2417 688 2442 exclamatio
701 2414 734 2449 <ft
748 2416 817 2443 Ter.
831 2417 895 2443 Eun.
909 2425 935 2449 2,
949 2425 973 2448 2,
987 2425 1005 2443 1.
1057 2417 1113 2444 Cic.
1127 2416 1160 2442 de
1173 2417 1231 2443 rin.
1247 2425 1275 2449 2,
1290 2425 1321 2449 93
1383 2418 1555 2454 prudentiae,
1573 2423 1602 2444 vt
1613 2416 1647 2444 fic
1659 2416 1813 2443 deuter-etur
1826 2415 1900 2442 victo
1913 2415 1983 2450 Nep.
1996 2422 2036 2450 17,
2049 2422 2080 2447 ιι,
2093 2423 2117 2447 3.

284 2451 358 2483 Quos
371 2449 410 2475 dii
425 2449 595 2483 immortales,
616 2451 671 2483 ille,
691 2460 774 2486 quum
788 2460 878 2478 omnes
892 2458 962 2478 artus
976 2451 1068 2479 ardere
1082 2452 1247 2484 viderentur,
1264 2460 1322 2478 cru-

281 2485 364 2512 ciatus
384 2484 540 2520 perferebat.
615 2486 742 2521 Indigena
762 2487 844 2514 Ouid.
863 2488 929 2515 Met.
943 2489 976 2520 6,
995 2496 1050 2521 330.
1119 2487 1240 2520 Inferni,
1266 2487 1321 2514 vid.
1777 2487 1808 2520 D
1901 2488 1929 2519 E
2022 2487 2052 2519 X

284 2527 374 2547 1NFE
385 2527 403 2547 R
415 2528 435 2547 1.
504 2521 713 2554 Inuerecundus,
731 2523 843 2550 Bacchus
858 2533 873 2550 a
892 2523 925 2549 ud
936 2524 1029 2551 Horat.
1046 2522 1128 2558 Epod.
1143 2531 1169 2555 2,
1189 2531 1222 2555 ι3.
1269 2524 1322 2549 Ira·
1335 2524 1368 2556 65

283 2555 382 2583 tiffimis
395 2555 434 2582 ‘¹³⁵
448 2555 513 2581 meis
526 2555 608 2582 let·
622 2557 729 2583 Poenul.
742 2566 768 2590 2,
784 2567 812 2591 4,
824 2567 843 2585 ¹·
905 2568 950 2585 eus
962 2567 1035 2586 meus
1050 2568 1121 2594 quum
1134 2558 1248 2585 dicebam
1259 2565 1324 2585 vete·
1420 2566 1465 2589 nr:
1477 2566 1556 2588 xTA
1565 2565 1627 2591 NS,
1644 2558 1720 2585 antis.
1741 2566 1777 2584 m.
1811 2553 1969 2591 [δικέμοιρω
2019 2554 2130 2589 dicim,
2147 2556 2212 2592 quia
2224 2556 2274 2584 Am
2288 2556 2358 2584 deest
2371 2558 2426 2585 rex-

283 2601 323 2618 *Ἢ
330 2611 339 2624 ,
359 2593 461 2617 Genium
473 2591 547 2626 suum
558 2591 735 2627 intelligebant.
771 2593 840 2619 Ter·
855 2592 960 2621 Phorm.
976 2603 996 2627 ¹,
1015 2602 1040 2627 2,
1054 2602 1090 2627 24
1113 2594 1227 2621 Memini
1241 2594 1322 2620 relin—
1383 2602 1455 2628 tans,
1475 2594 1706 2630 Qiemadmodum
1719 2591 1914 2627 Duodeuiginti
1926 2597 1952 2618 et
1991 2599 2068 2617 eunx.
2105 2593 2174 2619 Haec
2187 2593 2283 2620 Festus.
2321 2592 2427 2621 Colum.

282 2627 330 2662 qui
343 2635 384 2653 me
397 2627 448 2654 deo
463 2627 534 2652 lrato
548 2634 617 2653 mco.
688 2627 882 2661 Latonigenae,
901 2629 989 2663 Apollo
1008 2636 1031 2655 et
1049 2631 1134 2656 Diana
1154 2630 1211 2656 Sen.
1230 2630 1323 2664 Agam.
1384 2641 1408 2665 5,
1422 2641 1442 2665 1,
1455 2640 1482 2659 12
1505 2632 1565 2658 Pars
1580 2629 1693 2657 dimidia
1706 2634 1732 2655 et
1746 2628 1824 2655 tertia
1841 2627 1939 2662 viginti
1953 2633 2067 2662 quatuor
2078 2627 2176 2660 millia,
2196 2628 2246 2655 hoc
2261 2628 2297 2654 est
2311 2627 2428 2661 dextans.

283 2670 340 2694 3²0·
410 2661 501 2697 Magni
518 2662 585 2688 Hor.
598 2660 680 2696 Epod.
692 2669 727 2694 15.
762 2669 786 2687 et
801 2662 881 2688 Ouid.
893 2663 1050 2698 frequenter.
1086 2665 1132 2690 Dii
1147 2665 1251 2700 magni,
1269 2665 1322 2692 Ad·
1383 2668 1412 2695 in
1425 2676 1480 2704 quo
1493 2667 1552 2694 sunt
1564 2665 1683 2700 scrupula
1697 2673 1760 2697 240.
1831 2663 1858 2690 P.
1873 2664 1986 2689 Dextans
2000 2661 2118 2689 Scribon.
2134 2671 2189 2696 203.
2260 2665 2349 2691 Decem
2368 2673 2426 2700 cym

284 2700 400 2723 mirantis
414 2696 447 2730 est
460 2697 527 2732 apud
538 2697 672 2724 Catullum
687 2705 724 2730 14,
738 2705 776 2723 ιι.
846 2697 924 2731 Apul.
937 2698 1002 2724 Met.
1015 2706 1038 2724 11
1059 2705 1124 2725 extr.
1150 2701 1168 2725 s.
1181 2710 1205 2733 p.
1220 2708 1280 2734 272,
1294 2709 1321 2733 25
1330 2707 1367 2734 70
1383 2704 1482 2731 thorum
1497 2702 1623 2739 mensura.
1653 2701 1732 2727 Gloff.
1746 2700 1805 2726 Vet.
1818 2698 1949 2730 Denaris,
1968 2695 2115 2730 δεκαένγιον.

285 2732 383 2759 Animo
404 2732 519 2767 gaudiali
538 2733 643 2759 rursum
661 2732 739 2758 sacris
756 2731 881 2764 initiare,
901 2732 959 2758 Diis
972 2732 1075 2766 Magnis
1088 2733 1242 2759 auctoribus
1276 2749 1322 2755 —-
1422 2744 1595 2769 DEXTER,
1613 2742 1669 2767 tra,
1685 2742 1772 2766 trum;
1794 2736 1835 2760 vel
1851 2740 1924 2765 tera,
1943 2739 2039 2759 terum.
2075 2732 2137 2759 Adi.
2172 2730 2282 2769 [δεξιδς]
2316 2733 2425 2759 Plerum-

286 2776 312 2795 v.
326 2775 352 2800 35
378 2768 496 2802 Denique
515 2767 572 2802 post
591 2768 646 2795 dies
664 2766 807 2794 admodum
827 2766 952 2802 pauculos
972 2767 1042 2793 Deus
1057 2766 1144 2793 Derim
1162 2769 1321 2802 Magnorum
1385 2780 1429 2806 que
1436 2771 1492 2804 fine
1505 2770 1663 2802 Substantiuo
1674 2773 1797 2805 ponitur,
1810 2768 1944 2803 subaudita
1956 2768 2065 2800 Manus,
2082 2769 2151 2799 Pars,
2164 2769 2258 2799 Latus,
2275 2773 2319 2793 aut
2328 2767 2427 2807 aliquid

285 2803 391 2837 potior,
411 2809 436 2830 et
456 2804 590 2830 Maiorum
607 2804 739 2835 summus,
758 2809 784 2829 et
803 2803 968 2829 summorum
988 2801 1135 2834 Maximus,
1153 2809 1179 2828 et
1192 2803 1323 2829 Maximo·
1378 2806 1469 2840 Jimile.
1505 2805 1582 2838 Virg.
1597 2805 1662 2830 Aen.
1675 2812 1701 2836 2,
1715 2811 1759 2835 291
1781 2802 1807 2829 Si
1821 2804 1946 2837 Pergama
1957 2803 2048 2830 dextra
2083 2803 2197 2830 Defendi
2211 2803 2323 2837 possent,
2343 2809 2425 2830 ettam

287 2847 346 2864 rum
358 2845 478 2872 regnator
489 2839 590 2871 Ofiris,
606 2845 653 2865 etc.
722 2839 813 2865 Manes
826 2837 866 2864 dii
879 2838 934 2866 Cic.
947 2838 975 2864 in
988 2839 1075 2864 Vatin.
1087 2845 1125 2871 14.
1161 2837 1234 2864 Idem
1248 2839 1324 2864 Verr.
1385 2840 1434 2867 hac
1448 2839 1552 2865 defensa
1563 2839 1677 2865 fuissent.
1706 2838 1810 2873 Jicbaud.
1824 2839 1914 2865 Manu.
1985 2839 2098 2866 Dextera
2110 2838 2247 2872 procerior
2262 2838 2327 2864 Plin.
2341 2846 2424 2873 11,43,

287 2881 363 2905 3,112
382 2875 435 2900 Iam
450 2874 494 2901 illa
509 2874 657 2909 praeclara,
676 2882 731 2900 non
742 2873 847 2900 testium
867 2873 949 2900 modo
967 2879 1100 2905 cateruas,
1118 2882 1199 2907 quum
1218 2879 1263 2899 tua
1281 2881 1322 2899 res
1335 2880 1367 2909 75
1385 2874 1468 2903 Ouid.
1482 2874 1562 2909 Epist.
1575 2883 1618 2906 ιο,
1632 2881 1671 2907 ιι5
1699 2874 1814 2900 Dextera
1827 2873 1948 2900 Crudelis
1965 2882 2033 2908 quae
2051 2882 2108 2903 me,
2130 2873 2293 2908 fratremque
2311 2875 2425 2901 necauit.

287 2914 423 2942 ageretur,
442 2909 485 2936 sed
501 2915 557 2936 tum
574 2918 589 2937 a
603 2910 655 2936 diis
666 2908 788 2936 manibus
801 2909 984 2936 innocentium
996 2917 1107 2944 poenas,
1126 2909 1323 2935 sceleratorum·
1386 2911 1457 2937 Deus
1471 2910 1615 2944 impiorum
1624 2929 1634 2942 ‚
1657 2909 1709 2935 uid.
1730 2915 1748 2936 c
1758 2916 1780 2936 A
1791 2915 1806 2935 P
1816 2916 1838 2937 A
1848 2915 1956 2936 Nnvs.
2026 2908 2140 2935 Fabrilis
2154 2909 2237 2935 Ouid.
2251 2910 2316 2936 Met.
2328 2919 2356 2943 4,
2371 2917 2424 2945 175.

288 2952 339 2978 que
360 2943 441 2970 furias
458 2945 486 2971 in
504 2951 579 2972 tuum
597 2944 730 2972 iudicium
750 2945 798 2971 esse
813 2951 947 2972 venturas.
1017 2944 1054 2971 DI
1071 2944 1154 2970 Maris
1172 2950 1198 2970 et
1217 2944 1322 2970 Terrae
1384 2945 1414 2972 de
1432 2946 1549 2973 Vulcano.
1621 2944 1760 2972 Claudian.
1795 2964 1802 2970 .
1839 2964 1848 2971 .
1881 2952 1915 2976 34
1949 2943 2048 2970 Dextra
2061 2944 2145 2970 Ferox
2164 2944 2194 2970 in
2209 2944 2319 2972 vulnere
2331 2945 2423 2972 saeuit.

287 2978 366 3005 Ouid.
380 2979 464 3006 Trist.
479 2988 503 3012 1,
517 2989 543 3013 2,
561 2989 580 3007 1.
651 2981 689 3008 DI
707 2979 840 3007 Meliora!
863 2980 955 3008 Modus
973 2979 1091 3015 optandi,
1109 2979 1255 3016 imperfeflo
1266 2979 1322 3016 ser-
1384 2980 1515 3009 Fidiffima
1532 2979 1620 3008 Valer.
1633 2981 1732 3016 Argon.
1748 2987 1770 3014 5,
1782 2982 1823 3012 63.
1891 2980 2011 3007 Funerea
2031 2978 2105 3006 Idem
2118 2981 2181 3014 Arg.
2194 2987 2222 3015 7,
2234 2982 2294 3014 468.
2347 2981 2422 3016 Virg-

285 3023 354 3040 mone
366 3025 373 3039 .·
399 3018 440 3041 cui
449 3015 596 3051 fiabauditur
609 3016 708 3042 verbum
721 3015 864 3049 Adferant,
883 3016 924 3042 vel
934 3015 1011 3041 Dent.
1048 3015 1103 3042 Cic.
1114 3014 1226 3050 Philipp.
1241 3020 1254 3045 8
1274 3024 1296 3042 c.
1310 3023 1322 3047 3
1381 3018 1449 3045 Aen.
1470 3025 1522 3050 ιο,
1542 3021 1595 3051 847

287 3050 355 3083 Ergo
370 3049 447 3076 habet
460 3051 589 3078 Antonius
600 3052 670 3086 quod
687 3052 740 3078 suis
759 3051 923 3086 polliceatur.
958 3049 1023 3085 quid
1037 3051 1106 3077 nos?
1126 3050 1256 3085 numquid
1269 3051 1367 3086 taletsso
1577 3051 1702 3079 Tantane
1719 3060 1762 3078 me
1779 3049 1865 3078 tenuit
1883 3049 1994 3077 viuendi
2011 3055 2071 3077 nate
2088 3049 2225 3085 voluptas,

286 3084 432 3112 habemus?
456 3085 493 3112 dii
507 3087 629 3113 Meliora.
664 3087 761 3122 Virgil.
775 3087 872 3122 Georg.
881 3095 903 3120 3,
918 3094 956 3120 5ι3
975 3086 1021 3113 Dii
1035 3086 1149 3113 Meliora
1163 3086 1230 3120 piis,
1249 3094 1322 3113 erro·
1575 3087 1610 3114 Vt
1629 3095 1679 3122 pro
1694 3095 1738 3113 me
1751 3085 1852 3113 Hostili
1868 3092 1971 3120 paterer
1989 3085 2128 3113 succedere
2141 3086 2248 3113 dextrae

288 3128 394 3154 remque
415 3120 531 3148 hostibus
549 3122 636 3149 illum.
707 3123 824 3155 Minuti,
844 3123 898 3149 vid.
915 3129 940 3149 M
951 3128 960 3148 1
971 3129 992 3148 N
1003 3127 1021 3146 V
1032 3127 1063 3148 0.
1133 3121 1246 3154 Natini,
1266 3120 1320 3148 vid.
1577 3124 1665 3157 Quem
1685 3122 1763 3157 genui
1780 3122 1789 3148 3

291 3161 313 3179 N
325 3162 345 3182 A
354 3162 392 3183 sc
401 3162 420 3182 0
429 3163 458 3182 R.
528 3157 649 3184 Mortalis
667 3157 776 3193 quidam
790 3158 859 3185 Deus
868 3158 971 3194 sapiens
985 3157 1080 3184 Stoicus
1093 3157 1201 3191 Qiinel.
1216 3166 1236 3190 1,
1250 3165 1288 3189 10,
1301 3164 1322 3190 5.
1382 3156 1464 3185 Ouid.
1477 3157 1556 3192 Epist.
1571 3165 1597 3193 7,
1612 3167 1654 3191 130
1679 3158 1745 3185 Non
1762 3156 1829 3184 bene
1844 3156 1965 3183 caelestes
1978 3157 2063 3192 Impia
2077 3155 2168 3183 dextra
2185 3155 2259 3182 colit.
2309 3155 2422 3183 Iuermin

289 3190 438 3218 Nemorum
457 3191 495 3218 dii
514 3192 596 3220 Ouid.
637 3194 673 3219 Hi
685 3193 763 3255 Cant,
783 3194 878 3226 Fauni,
897 3194 997 3227 Satyri,
1014 3194 1107 3223 Panes,
1127 3199 1172 3219 etc.
1226 3193 1321 3220 Noen-
1383 3193 1521 3221 Claudian.
1533 3194 1627 3229 Paneg.
1640 3201 1665 3228 5,
1699 3213 1707 3220 .
1742 3213 1750 3220 .
1820 3191 1922 3219 Ιῐιιιίἇὶᾱ
1933 3192 2006 3219 bello
2019 3193 2092 3226 Virg.
2107 3192 2172 3218 Aen.
2185 3193 2217 3223 6,
2231 3196 2289 3231 {379-
2362 3192 2420 3219 Cic.

290 3233 382 3262 vaguS,
407 3229 425 3253 i.
434 3226 535 3261 somnus
548 3227 609 3254 Stat.
623 3227 687 3254 The
709 3248 715 3254 .
729 3237 767 3262 10,
781 3236 830 3262 ις).
899 3229 924 3256 O
936 3227 975 3254 dii
995 3228 1050 3254 Cic.
1064 3228 1118 3254 Att.
1132 3236 1159 3262 9,
1173 3237 1211 3256 21.
1251 3229 1321 3262 ogy-
1337 3235 1366 3265 85
1383 3230 1460 3256 Verr.
1474 3237 1496 3262 5,
1509 3238 1549 3263 ι53
1570 3239 1591 3256 c.
1604 3234 1633 3263 58
1656 3229 1708 3256 Cui
1727 3228 1781 3256 ciui
1801 3228 1913 3263 supplici
1931 3237 1986 3255 non
1998 3228 2043 3254 illa
2056 3227 2162 3254 dextera
2181 3227 2282 3253 inuicta
2302 3231 2327 3253 et
2340 3226 2421 3254 fidem

290 3266 362 3291 81115,
382 3263 399 3287 ι’.
414 3262 501 3297 Apollo
523 3262 584 3289 Stat.
598 3262 688 3289 Theb.
705 3271 727 3297 5,
740 3272 789 3298 5ι3.
843 3263 926 3292 Ouid.
940 3263 1019 3297 Epist.
1041 3272 1085 3296 ιο,
1105 3269 1147 3298 48.
1217 3264 1322 3298 opifer,
1383 3266 1518 3299 porrexit,
1537 3271 1563 3292 et
1582 3266 1652 3300 spem
1671 3265 1759 3292 salutis
1775 3263 1907 3290 ostendit?
1931 3264 1960 3290 de
1971 3265 2091 3298 Pompeio.
2161 3262 2232 3288 Lass'a
2251 3261 2313 3288 Stat.
2327 3262 2419 3289 Theb.

291 3294 456 3336 Afi“(“P¹‘“1‚
475 3304 514 3332 ap.
524 3298 640 3324 Eundem
648 3299 712 3326 Met.
722 3307 757 3333 ις,
769 3302 825 3333 653-
895 3299 993 3333 Opifcx
1005 3299 1105 3325 trisulci
1118 3299 1237 3326 fulminis
1251 3299 1322 3330 deus,
1383 3309 1422 3333 ιο,
1437 3305 1487 3334 833·
1540 3301 1691 3329 Ouid.Met.
1707 3308 1742 3332 12,
1756 3302 1808 3327 606
1828 3300 1958 3334 Certaque
1971 3299 2088 3325 Letifera
2100 3296 2197 3337 direxit
2210 3297 2309 3337 spicula
2321 3297 2421 3324 dextra.

291 3330 418 3367 131upzter
437 3332 493 3371 Seu.
504 3333 621 3372 Hippol.
637 3339 688 3366 189.
758 3335 836 3362 Parui
853 3335 948 3361 Horat.
961 3333 1012 3361 Od.
1025 3342 1055 3367 3,
1072 3342 1119 3367 23,
1139 3342 1172 3368 15.
1240 3336 1321 3362 Patrii
1382 3337 1491 3363 Strenua
1510 3336 1584 3363 Idem
1598 3336 1629 3363 de
1642 3336 1819 3364 Medicamine
1832 3335 1919 3362 Faciei
1931 3337 1976 3368 64.
2046 3332 2164 3373 Studiosa
2177 3333 2258 3360 Ouid.
2268 3333 2346 3368 Epist.
2354 3340 2389 3365 15,
2400 3341 2418 3359 1.

293 3362 436 3404 Cimyerr.
450 3367 599 3404 Diuinat.7.
671 3370 775 3396 Penates
794 3371 887 3397 Horat.
895 3369 973 3405 Epist.
988 3378 1007 3401 1,
1021 3377 1048 3404 7,
1062 3377 1107 3402 94.
1176 3370 1321 3397 Penetrales
1382 3372 1444 3398 Stat.
1451 3371 1536 3398 Achil.
1552 3381 1573 3405 1,
1585 3375 1628 3405 361
1664 3386 1710 3392 —
1744 3372 1816 3399 vltro
1829 3370 1909 3397 etiam
1923 3368 2191 3402 veneraturSupphce
2206 3368 2305 3395 dextra.
2360 3368 2419 3394 Te-

292 3406 312 3422 ·-
326 3399 370 3423 Du
387 3404 485 3437 penates
503 3402 588 3440 ¹Senec.
601 3403 668 3431 Oed.
682 3408 738 3438 265.
807 3406 864 3433 Cic.
881 3404 914 3431 de
925 3405 1016 3432 Diuin.
1031 3413 1047 3432 2
1073 3414 1094 3431 c.
1111 3412 1139 3439 17
1166 3405 1235 3432 Deos
1252 3407 1321 3442 ipsos
1327 3414 1365 3439 90
1382 3407 1496 3434 mei-aria
1510 3408 1607 3434 Lucan.
1621 3413 1644 3440 8,
1656 3415 1713 3442 795.
1783 3405 1934 3433 Terribilis
1951 3402 2033 3431 Ouid.
2046 3404 2111 3430 Met.
2124 3412 2145 3434 2,
2158 3406 2196 3430 61.
2267 3403 2338 3430 Idem
2351 3403 2418 3430 Fast.

295 3432 398 3458 iocandi
411 3434 482 3460 causa
495 3437 602 3474 ⁸mduxit
615 3440 744 3474 Epicurus
761 3440 926 3472 Perlucidos‚
944 3446 970 3466 et
983 3439 1141 3473 Perflabiles,
1161 3447 1187 3467 et
1201 3441 1320 3468 habitan·
1382 3451 1406 3476 5,
1420 3451 1457 3476 511
1476 3443 1610 3470 Tremula
1623 3443 1684 3469 dant
1700 3442 1761 3469 vina
1775 3441 1899 3469 rubentia
1911 3440 2018 3472 dextra,
2054 3439 2156 3474 Accipit
2168 3447 2313 3474 aequoreus
2325 3439 2421 3473 pocula

297 3472 348 3504 “²⁵2
361 3472 481 3501 tanquam
493 3476 559 3497 inter
570 3473 633 3501 duos
648 3476 736 3508 lucos,
756 3475 789 3502 fic
802 3477 871 3503 inter
885 3476 951 3503 duos
968 3476 1080 3502 mundos
1100 3482 1207 3511 propter
1219 3484 1319 3505 metum
1383 3479 1469 3514 prima
1481 3478 1553 3505 deus.
1656 3478 1763 3504 Venalis
1783 3477 1828 3504 Sil.
1844 3484 1868 3510 5,
1905 3495 1911 3502 .
1949 3495 1956 3501 .
2026 3473 2124 3501 Lucan.
2142 3474 2175 3501 ad
2191 3475 2291 3512 pison..
2314 3493 2321 3500 .
2361 3493 2369 3501 .
2411 3494 2418 3501 .

296 3507 430 3562 311113ξῖυέιέ
431 3507 666 3568 ἐεῖὲεὲξιέηξιέὲςτε
679 3518 751 3545 putat
765 3511 855 3538 eadem
868 3511 987 3552 membra
987 3531 1005 3572 ἆ
1022 3520 1091 3552 quae
1104 3520 1166 3544 nos,
1180 3521 1232 3553 ‘nec
1246 3514 1320 3541 vsum
1383 3516 1462 3542 Nunc
1475 3522 1582 3549 quoque
1595 3513 1691 3540 Viuaci
1709 3512 1830 3540 scrutaris
1843 3510 1950 3572 pletStbora
1962 3509 2052 3537 dextra
2061 3530 2070 3542 ,
2079 3517 2131 3572 [etc.
2166 3543 2214 3572 Ab!
2225 3508 2312 3571 &glrtglf
2330 3508 2418 3550 Senec-

295 3568 386 3608 V‘sssst—
401 3579 426 3602 2²
439 3579 451 3602 5
475 3553 719 3620 lmPPYMOIirauvttiim
734 3547 1231 3622 AuglrffiaZzhgaffccoqtizaiissntffggffih
1241 3553 1321 3619 {³:233-
1334 3592 1366 3619 95
1382 3550 1501 3612 ldbffissarh'
1515 3557 1661 3610 b¹bsoletam
1679 3546 1975 3618 Semyngmelniiiogfm
1987 3546 2116 3616 fozrinrzivfi
2128 3566 2194 3607 Aen.
2207 3552 2234 3611 3²:
2244 3581 2297 3613 670
2305 3553 2418 3620 agge-3:¹13

295 3604 398 3644 senti-et
413 3608 542 3639 ⁰⁰¹'P⁰¹‘³¹¹
556 3608 621 3642 deos
640 3611 721 3650 fidelis
739 3617 774 3643 cst
787 3617 937 3652 praestanda
954 3617 1063 3643 deuotio
1084 3624 1110 3644 et
1131 3619 1320 3653 impendendus
1383 3622 1430 3648 vbi
1451 3620 1524 3647 nulla
1544 3619 1619 3645 datur
1640 3618 1758 3645 dextram
1778 3617 1907 3644 Affeetare
1925 3617 2050 3651 potestas,
2075 3617 2102 3644 b.
2115 3626 2134 3644 e.
2147 3614 2301 3648 Intendere,
2320 3615 2418 3643 scilicet

297 3640 409 3673 Pesfflgfl
422 3641 566 3669 famulans·
635 3645 688 3671 th.
700 3649 786 3678 Somn.
799 3654 865 3688 Scip.
880 3664 899 3687 4
918 3652 997 3680 Nihil
1012 3653 1084 3679 enim
1099 3654 1134 3680 est
1148 3655 1189 3681 illi
1203 3656 1321 3690 Principi
1383 3656 1416 3683 fic
1429 3662 1457 3682 vt
1471 3656 1549 3691 posset
1562 3662 1655 3680 nauem
1668 3660 1766 3680 tenere.
1798 3653 1913 3680 Seruius.
1975 3652 2077 3679 Afferre
2091 3651 2205 3678 dextram
2216 3649 2249 3676 ad
2262 3659 2343 3677 omne
2354 3651 2418 3678 faci·

298 3674 370 3734 ἔξω)
390 3675 553 3708 1111101111ῒὲπὶ
565 3677 633 3718 1111116
645 3683 769 3721 mundum
782 3689 865 3721 regit,
881 3688 953 3723 quod
971 3688 1079 3723 quidem
1094 3689 1121 3715 in
1136 3691 1213 3716 terris
1225 3690 1269 3717 fiat
1282 3700 1321 3717 ac·
1384 3701 1432 3718 nus
1453 3692 1510 3717 Sen.
1525 3690 1595 3717 Med.
1611 3697 1647 3715 12.
1717 3688 1790 3716 Idem
1804 3689 1883 3715 Herc.
1905 3688 1923 3714 s.
1937 3696 1955 3721 4
1989 3702 2034 3708 —
2069 3687 2137 3714 vnde
2153 3683 2318 3727 illum'mihi
2354 3687 2419 3721 Qto

297 3715 537 3777 ωεὲἓῗώῖιᾶη
551 3713 686 3773 ,Ρὶῑόηῖψθ
699 3717 747 3775 Ι11116
766 3720 848 3759 Deus,
876 3733 967 3757 parens
988 3732 1095 3757 rerum,
1123 3724 1321 3760 fabricatorque
1383 3732 1547 3767 te'tuamque
1560 3726 1692 3751 dexteram
1707 3723 1865 3758 Amplec'tar.
1920 3723 2050 3758 Appetere
2064 3722 2195 3752 dextram,
2213 3721 2266 3747 vid.
2279 3727 2417 3749 ΑΡΡΕΤΟ.

297 3777 411 3810 habere,
435 3783 452 3806 i.
472 3788 558 3815 aequos
567 3766 599 3807 ’ct
610 3756 906 3822 ῥνορίιῐοὶοὲἰὲιπιεῗῗὲεἶ.
914 3760 1005 3825 Agam.
1019 3768 1078 3825 433.
1131 3760 1374 3822 sffgjobffigsmo
1386 3762 1482 3796 Vll-gd·
1494 3763 1560 3788 ΑΕΒ.
1576 3766 1685 3821 Iihiwtize
1699 3793 1857 3827 Affurgentis
1872 3791 1978 3820 dextrae
2006 3792 2157 3827 plagamque
2173 3790 2283 3817 ferentitt

296 3814 396 3874 εεεεκ
408 3822 486 3875 δοε.
506 3823 563 3876 δε
587 3852 603 3876 ⁶
617 3817 805 3849 δδ
918 3828 1126 3868 οοι
1141 3832 1205 3858 Λοπ-
1414 3820 1423 3825 *⁷
1577 3829 1774 3855 r
1787 3838 1951 3862 ...m
1968 3813 2104 3863 οῑοοοοοοοο
2116 3826 2246 3852 οοοοοοο

297 3882 358 3908 strcs
376 3883 513 3911 Claudian.
535 3885 563 3911 in
581 3871 692 3920 Epithal.
706 3866 849 3925 Pallald‘irio
866 3863 1106 3932 οἷνῖἶέῌῗὲιὶἣὶῒαῖηὲᾆ
1121 3867 1322 3937 ιεὸι8ὲαςγνῗιιιίκεῐ»
1381 3900 1458 3934 Virg.
1472 3900 1537 3926 Aen.
1553 3864 1727 3932 msgffdnm—h-
1760 3899 1835 3934 prior
1854 3897 2010 3933 Hyrtacides
2026 3895 2060 3922 fic
2079 3904 2126 3922 ore
2146 3895 2263 3928 locutus,
2299 3894 2419 3928 Euryale,

295 3915 339 3942 hoc
350 3927 424 3952 genus
438 3919 492 3944 deor
503 3921 572 3947 alios.
627 3922 676 3951 Per
693 3921 755 3950 dem
776 3926 908 3959 obediendi
922 3930 1035 3964 formula
1047 3936 1103 3963 Cic.
1111 3937 1163 3964 Off.
1177 3946 1201 3970 2,
1214 3946 1228 3971 5
1248 3937 1321 3973 Qid
1329 3945 1373 3973 105
1383 3935 1541 3963 Audendum
1553 3934 1653 3967 dextra,
1671 3943 1740 3962 nunc
1752 3935 1807 3970 ipsa
1820 3941 1898 3963 vocat
1909 3943 1960 3962 res.
2021 3930 2095 3959 Cedo
2108 3930 2243 3964 dextnm.
2261 3931 2314 3958 vid·
2329 3937 2416 3993 (3613ἒὲ-
