2479 4225
300 132 363 173 611
466 110 469 113 *
681 129 714 169 F
799 130 838 170 A
923 127 949 166 s
1770 130 1803 169 F
1891 131 1930 170 A
2018 130 2044 170 s
2211 127 2213 133 ’
2360 137 2435 177 612⁵

299 219 499 247 adscriberetur.
554 218 584 244 In
598 227 683 252 coque
698 218 754 244 sum
767 217 896 243 maiorum
910 214 1058 249 exemplum
1074 216 1186 245 seminia,
1205 216 1252 251 qui
1262 216 1332 244 hune
1393 226 1414 244 c.
1427 225 1465 253 17.
1537 219 1631 245 Omnis
1653 217 1770 258 stultitia⁴
1781 217 1883 245 laborat
1901 217 2006 246 fastidio
2026 220 2067 246 sui
2090 221 2161 261 'Sem
2179 221 2258 261 Epist.
2274 229 2301 254 9.
2364 222 2423 261 *Cim
2444 245 2446 253 ‚

302 255 431 281 honorem
444 253 551 279 mulieri
571 254 710 280 Larentiae
732 253 895 282 tribuerunt,
921 250 964 275 cui
985 259 1032 276 vos
1053 250 1189 277 Pontifices
1207 252 1238 277 ad
1260 261 1332 280 aram
1394 253 1465 279 Fam.
1479 262 1501 286 2,
1513 262 1538 287 ις
1557 257 1619 285 (16)
1637 253 1715 280 Nosti
1729 262 1800 279 enim
1813 263 1867 280 non
1878 255 1959 281 niodo
1971 255 2097 282 stoiitachi
2110 265 2173 288 mei,
2190 265 2262 283 cuius
2276 262 2304 282 tu
2316 255 2423 286 similem

300 290 328 317 in
342 290 454 315 Velabro
467 290 551 315 facere
564 290 660 315 soletis,
710 287 788 320 Qiod
803 295 851 318 ego
865 294 923 310 cum
939 285 1031 312 dabam
1039 287 1120 313 Bruto
1133 293 1221 312 notam
1236 288 1284 313 esse
1302 288 1331 315 in
1392 289 1525 323 quondam
1540 289 1651 316 habebas
1661 310 1669 322 ,
1694 288 1737 315 sed
1749 290 1828 315 etiam
1843 291 1980 317 oculorum
1995 291 2023 316 in
2036 292 2156 318 omnium
2168 292 2337 318 insolentium
2358 293 2423 322 indi.
2444 296 2446 306 s

298 325 369 352 fastis
383 324 535 358 gratiffimae
548 325 677 350 vietoriac
691 323 871 355 sempiternam
893 320 1024 347 volebam.
1079 323 1147 347 Haec
1166 325 1236 357 origo
1255 323 1331 349 Cano-
1391 324 1491 358 gnitate
1507 325 1648 352 fastidium.
1734 325 1772 351 Id.
1786 324 1837 351 Off.
1852 334 1873 357 1,
1885 334 1921 358 90
1951 327 2038 361 Atque
2051 328 2130 353 etiam
2145 329 2172 353 in
2186 327 2265 353 rebus
2280 328 2432 362 prosperis„

296 360 430 395 nifiztionis
443 363 471 386 in
484 360 618 395 Diptychis
632 366 738 385 veterum
750 353 957 388 Christianorum,
976 357 1063 392 quibus
1069 356 1199 393 succqllere
1216 359 1332 385 Calenda-
1353 370 1366 396 ς
1392 365 1418 386 et
1430 360 1462 386 ad
1474 360 1637 388 voluntatem
1649 360 1762 386 nostram
1776 361 1934 393 fluentibus,
1952 361 2116 396 superbiam,
2136 363 2270 389 fastidium
2279 382 2287 395 ,
2305 372 2423 397 arrogan-
2445 387 2447 401 3

297 398 339 422 ria
351 401 398 422 etc.
468 396 510 423 Sic
523 395 635 422 Ouidius
649 393 703 419 dum
718 390 870 425 Fastosficos
882 391 979 418 dedicat
994 392 1094 428 Cursori
1113 393 1257 420 Germanico
1271 402 1296 426 1,
1313 403 1331 428 9
1391 396 1509 430 tiamque
1521 405 1679 431 magnopere
1692 396 1832 430 fugiamus.
1922 396 1960 423 Id.
1974 400 2005 423 de
2020 398 2076 423 Fin.
2093 406 2110 428 1,
2126 406 2137 430 ς
2152 407 2173 424 c.
2189 406 2201 424 2
2239 397 2341 424 Rudem
2354 399 2423 427 enim

451 430 573 458 Inuefiies
591 429 644 455 illic
664 433 689 452 et
707 425 771 451 festa
790 425 931 453 domestica
951 427 1047 459 vobis,
1390 431 1439 456 esse
1451 432 1561 458 omnino
1573 433 1601 458 in
1615 432 1710 458 nostris
1723 432 1824 462 Poetis,
1847 437 1891 458 aut
1903 432 2068 459 inertiffimac
2082 434 2208 467 segnitiae
2220 433 2271 465 est,
2294 439 2337 460 aut
2356 434 2423 462 fasti.
2446 461 2447 464 ,

487 467 564 498 Saepe
584 463 633 489 tibi
650 467 722 495 pater
738 460 789 491 est,
809 461 882 496 saepe
901 462 1023 496 legendus
1042 471 1114 489 auus.
1391 465 1431 492 dii
1444 466 1622 494 delicatiffimi.
1692 468 1808 494 Insolens
1822 466 1971 500 fastidium,
1991 468 2044 495 vid.
2058 477 2067 495 1
2077 476 2098 495 N
2107 477 2120 496 s
2129 475 2171 495 01.
2181 476 2198 495 E
2208 476 2229 495 Ν
2240 476 2262 496 S.
2332 469 2423 498 Ciede

453 503 576 534 Qiaeque
595 497 682 522 ferunt
705 495 747 522 illi
764 495 850 530 pictos
871 497 995 532 lignantia
1017 499 1119 529 Fastos,
1391 501 1607 535 Opt.Gen.Orat.
1619 511 1645 530 12
1659 512 1704 536 c.4
1737 504 1792 536 Qi
1805 503 2005 537 intelligentiam
2018 510 2118 538 ponunt
2132 504 2160 529 in
2173 503 2297 530 audiendi
2311 504 2423 534 fastidio.

485 535 531 561 Tu
551 540 656 566 quoque
675 539 735 557 cum
753 532 839 558 Druso
858 535 974 567 praemia
994 534 1075 560 fratre
1096 535 1174 560 feres.
1351 545 1380 563 10
1391 536 1506 571 Abigere
1517 539 1665 569 fastidium,
1684 538 1736 564 vid.
1752 544 1844 565 ABlG
1856 544 1887 564 Ο.
1959 539 2113 574 Abstergere
2126 539 2276 571 fastidium,
2300 540 2353 566 vid.
2369 542 2424 568 ΑΒΕ

297 571 390 598 Contra
403 581 429 597 ea
445 567 628 606 ignominiosum
635 566 694 602 fuit
708 566 789 593 tollere
796 567 916 603 defastis.
975 570 1070 605 Inspici
1077 568 1177 605 possunt
1189 569 1251 600 loca,
1271 577 1331 605 quae
1391 579 1404 598 S
1413 578 1434 598 T
1445 579 1488 599 ER
1498 580 1518 600 G
1527 581 1554 600 o.
1625 574 1691 600 Plin.
1705 574 1733 600 in
1746 575 1854 609 praefat.
1867 575 1885 600 6
1909 574 1969 601 Alia
1982 583 2047 601 vero
2061 576 2097 602 ita
2111 575 2201 602 multis
2215 575 2336 610 prodita,
2356 581 2384 602 vt
2395 576 2424 604 iti

296 607 364 634 modo
378 607 501 632 intulimus
532 602 587 628 Cic.
602 611 650 636 pro
665 602 732 628 Sext.
743 611 779 634 33.
816 606 846 630 it.
864 604 891 630 in
912 605 997 631 Pison.
1011 614 1050 637 30.
1122 607 1163 632 Sic
1182 605 1238 631 Cic.
1253 606 1329 631 Verr.
1389 607 1526 635 fastidium
1543 610 1591 636 {int
1608 609 1728 636 adducta.
1820 609 2013 636 Adhaerescunt
2033 610 2160 643 fastidiis,
2182 619 2249 645 quae
2261 620 2342 645 praua
2355 612 2432 640 sunti-v

296 651 371 676 4151
393 643 479 673 Quini
491 638 561 663 diem
580 637 674 663 festum
688 638 813 664 ludorum
827 639 857 665 de
867 640 937 666 fastis
945 641 996 666 suis
1005 640 1165 667 sustuliffcnt.
1238 640 1329 666 Tacit.
1389 652 1456 678 quae
1468 644 1540 670 retSia
1553 647 1627 677 sunt,
1644 645 1791 679 probantur
1816 645 1872 672 Cic.
1887 645 1918 671 de
1930 647 2004 672 Orat.
2013 651 2099 679 1‚-258.
2171 646 2272 673 Afferre
2283 646 2424 683 fastidium,

296 680 363 704 Ann.
380 686 397 707 3,
413 683 440 708 17
463 673 569 699 Nomen
582 673 681 699 Pisonis
696 672 841 700 radendum
854 684 868 700 e
881 675 952 702 fallis
960 677 1067 703 censuit.
1140 677 1264 703 Caeterum
1271 676 1330 702 hinc
1388 679 1442 705 vid.
1456 686 1478 706 A
1490 686 1506 705 F
1517 685 1534 706 F
1545 688 1560 707 Ε
1570 688 1587 707 R
1601 686 1631 706 0.
1702 681 1788 707 Aliter
1801 680 1947 707 stomachus
1967 680 2086 715 pluribus
2108 681 2175 708 cibis
2194 683 2299 708 minore
2319 682 2424 717 fastidio

295 711 359 738 dicti
370 709 501 736 Fastorum
514 708 594 740 libri,
623 710 652 734 In
667 709 753 743 quibus
764 713 841 735 totius
854 710 1093 746 annifestiuitatum
1108 712 1192 747 causae
1207 713 1330 746 explican-
1347 720 1372 745 15
1390 715 1521 748 Qiinbtil.
1535 725 1556 745 2,
1571 725 1606 743 12.
1680 716 1807 747 Auferre,
1842 717 1940 742 Creare
1954 716 2104 748 fastidium,
2139 718 2255 744 Fastidio
2268 717 2370 752 aliquid
2383 718 2425 746 dai

295 754 336 773 tur
349 743 491 775 Gnidiam,
513 742 541 769 de
553 743 640 779 quibus
659 744 710 779 ipse
723 744 788 770 Fast.
809 754 834 775 1,
852 753 870 780 7
908 747 983 774 Sacra
1002 748 1171 781 recognosces
1190 747 1328 773 annalibus
1387 759 1494 783 mnare,
1513 752 1567 778 vid.
1581 752 1622 779 hh.
1637 760 1679 778 vv.
1752 753 1887 778 Deducere
1900 752 2035 778 fastidium
2059 753 2209 786 Plin.1,-,8.
2281 753 2425 782 Detrahere

294 786 365 808 eruta
378 779 482 813 priscis,
502 785 548 804 etc.
620 779 722 811 Festus,
741 780 877 807 Fastorum
895 781 960 809 libri
980 783 1161 817 appellantur,
1189 784 1217 808 in
1232 783 1342 817 quibus*
1388 786 1522 813 fastidium
1555 787 1592 814 Id.
1607 795 1633 812 22
1654 796 1675 812 c.
1689 786 1735 813 vlt.
1826 788 1953 814 Excutere
1972 788 2106 814 fastidium
2141 789 2296 823 Se11.,Epist.
2317 798 2363 815 120
2375 789 2425 831 finss

292 822 371 842 totius
385 815 445 840 anni
459 813 488 840 fit
502 813 653 849 descriptio.
724 815 791 841 Fasti
805 816 877 843 enim
889 817 945 844 dies
963 818 1024 844 festi
1035 820 1101 845 sunt.
1173 820 1239 844 Haec
1248 817 1328 853 poste·
1387 821 1514 848 Extundit
1530 822 1634 849 fastidia
1647 822 1723 848 labor
1752 823 1819 849 Hor.
1837 824 1919 850 Serm.
1934 832 1964 855 2,
1977 832 2008 854 2,
2028 832 2066 857 ¹4·
2155 824 2210 851 Cic.
2223 825 2337 860 Philipp.
2354 834 2401 861 10,
2411 830 2431 860 83

290 854 359 877 νέοι-α
371 857 487 884 corrupta
501 849 617 876 videntur
631 849 736 876 eruditis
749 851 895 878 hominibus.
955 853 1003 881 sed
1013 854 1073 889 quid
1080 853 1106 888 fi
1124 854 1168 880 hoc
1188 855 1267 880 voluit
1284 864 1325 880 au·
1389 857 1510 890 Quorum
1520 878 1528 889 ‚
1553 859 1570 884 fi
1587 859 1663 884 ess'ent
1677 865 1826 892 arrogantes
1835 879 1843 891 ,
1868 867 1922 885 non
1936 860 2031 893 possem
2046 859 2116 886 ferre
2129 859 2273 887 fastidium.
2364 861 2433 889 Fert

290 885 344 912 Hor
359 884 611 920 quiscurzquefuerit,
636 885 680 911 hoc
691 885 765 921 sensu
784 886 864 913 fastos
883 887 938 914 dics
958 888 1001 922 qffi‘
1020 889 1116 921 festos,
1142 899 1196 915 cum
1208 889 1236 914 de
1255 889 1327 915 fastis
1335 903 1370 921 20
1387 892 1537 927 eloquentia
1551 902 1582 920 ex
1596 893 1770 928 amplitudine
1781 893 1916 921 fastidium
1942 895 2072 928 Quinffll.
2086 902 2107 928 5,
2121 904 2155 926 1⁴·
2226 895 2264 922 Id.
2278 904 2305 928 9,
2320 905 2331 928 3
2351 896 2438 932 (ζιιό-ῑ,Ι

284 924 386 956 proprie
399 919 476 945 dietis
490 923 533 945 vix
547 920 623 946 obiter
637 924 715 956 egerit
729 922 855 952 Ouidius;
888 924 999 958 totusfit
1011 927 1038 950 in
1053 925 1136 951 dicbus
1149 925 1229 951 festis.
1286 926 1327 952 sic
1387 927 1498 960 tidiani,
1524 936 1549 955 et
1571 930 1671 964 semper
1693 930 1786 955 eodem
1807 930 1889 956 modo
1914 930 2023 956 formati
2044 931 2171 957 sermonis
2191 931 2326 957 fastidium
2346 931 2436 960 leuat:

288 956 356 982 modo
370 955 496 981 habuimus
508 956 584 982 Iocum
598 956 739 989 Ciceronis,
767 958 857 990 Quim
872 958 943 985 diem
957 959 1053 995 festum
1067 960 1192 987 ludorum
1207 960 1238 986 de
1245 959 1328 996 fastis
1387 963 1499 990 Mouere
1510 965 1647 992 fastidium
1671 964 1709 991 Id.
1724 974 1749 997 2,
1763 975 1789 998 4.
1859 966 1971 992 Monere
1984 966 2089 993 fastidia
2102 966 2237 994 stomacho
2262 968 2329 994 Hor.
2343 963 2435 996 SermJi'

288 992 340 1018 suis
355 990 516 1017 sustulissent.
672 989 692 1029 fl
714 1001 727 1018 2
763 993 836 1028 Quod
848 994 935 1021 Fastus
947 999 1020 1021 etiam
1033 1003 1134 1030 quartae
1146 997 1329 1022 Declinationis
1387 1006 1413 1029 2,
1425 1007 1454 1032 4,
1466 1005 1506 1034 78.
1577 1001 1632 1027 Pati
1646 1001 1756 1035 superba
1768 1000 1872 1027 fastidia
1898 1002 1972 1036 Virg.
1986 1001 2038 1028 Ecl.
2053 1011 2078 1035 2,
2094 1010 2126 1034 15.
2197 1002 2262 1028 Plin.
2274 1007 2301 1033 8,
2318 1010 2349 1037 27
2381 998 2437 1030 Pa?

288 1026 330 1062 ff
343 1027 465 1058 diximus,
483 1026 548 1052 illud
559 1029 608 1052 iam
615 1028 699 1062 paullo
713 1028 811 1054 vberius
823 1029 996 1057 declarandum
1009 1031 1057 1064 est:
1091 1032 1180 1058 cumid
1191 1035 1240 1057 iam
1252 1041 1326 1068 nega-
1387 1033 1504 1067 lumbes,
1526 1037 1643 1070 graculi,
1668 1037 1800 1069 merulae,
1826 1036 1960 1071 perdices,
1988 1037 2056 1064 lauri
2078 1038 2148 1064 folio
2171 1046 2270 1067 anuum
2291 1038 2397 1065 fastiditi
2420 1034 2429 1051 ⁴

286 1066 352 1089 verit
365 1062 469 1088 Seruius
480 1061 513 1087 ad
527 1062 591 1087 Aen.
606 1072 625 1094 3,
639 1066 684 1094 326
711 1063 809 1096 Liber,
830 1066 877 1100 qui
889 1066 991 1093 dierum
1000 1066 1078 1093 habet
1090 1068 1327 1101 computationem,
1343 1076 1374 1102 25
1388 1076 1508 1104 purgant.
1578 1072 1694 1099 Subeunt
1708 1072 1776 1098 mibi
1789 1073 1893 1099 fastidia
1916 1072 2082 1108 OuidAEpist.
2097 1076 2133 1105 16,
2141 1081 2185 1108 97.
2257 1075 2334 1100 Sum:
2359 1074 2430 1102 Ptin.

286 1098 411 1124 secundae
426 1097 610 1123 declinationis
624 1098 675 1124 est:
710 1099 778 1125 vnde
791 1101 890 1127 errauit
904 1102 1022 1128 Lucanus
1048 1106 1106 1135 (10,
1123 1108 1183 1137 187)
1203 1103 1325 1136 dicendo,
1388 1112 1414 1139 7,
1429 1114 1439 1131 1
1462 1106 1605 1141 Potiusque
1618 1108 1649 1133 ad
1663 1107 1782 1134 auctores
1795 1108 1936 1142 relegabo,
1961 1110 2008 1143 qui
2023 1108 2112 1135 dubiis
2126 1109 2270 1135 reddentur
2287 1110 2426 1146 omnibus}

287 1134 344 1161 Nec
358 1142 431 1159 meus
445 1132 547 1159 Eudoxi
561 1133 682 1160 vincetur
697 1134 806 1161 fastibus
819 1145 909 1163 annus.
964 1137 1011 1164 Sed
1022 1145 1109 1164 contra
1118 1139 1236 1170 Seruium,
1256 1148 1326 1164 cuius
1387 1140 1468 1167 modo
1482 1151 1515 1168 ne
1529 1142 1559 1169 fit
1571 1143 1677 1169 fastidio
1688 1144 1801 1170 Graecos
1815 1145 1897 1179 sequi.
1976 1144 2015 1170 Id.
2030 1153 2073 1177 ιι,
2089 1153 2116 1177 19
2147 1145 2234 1179 Ipsum
2248 1154 2313 1172 vero
2324 1144 2433 1180 lignum*

287 1170 363 1196 locum
376 1172 453 1200 citat,
474 1169 618 1195 Priscianus
631 1169 741 1204 disputat
755 1174 771 1196 6
784 1180 809 1205 p.
822 1179 863 1206 711
888 1178 911 1198 et
923 1172 1010 1204 addit,
1032 1173 1107 1208 Apud
1122 1175 1265 1200 Horatium
1279 1174 1326 1200 du-
1387 1176 1417 1202 in
1430 1176 1537 1203 fastidio
1550 1179 1586 1204 est
1598 1185 1706 1214 propter
1717 1180 1810 1214 organi
1824 1179 2007 1207 acrimoniam.
2095 1181 2212 1208 Vincere
2228 1181 2332 1207 fastidia
2352 1178 2438 1210 varia?

286 1204 381 1239 plicein
394 1205 504 1230 inuenio
516 1204 672 1238 scripturam
694 1204 778 1238 Fastos
791 1212 817 1233 et
831 1206 926 1240 fastus.
980 1207 1044 1242 (Est
1057 1212 1121 1235 locuf
1132 1210 1220 1236 Carm.
1235 1218 1247 1242 3
1256 1229 1263 1241 ,
1282 1217 1326 1244 17,
1387 1220 1469 1238 coena
1500 1213 1565 1240 Hor.
1580 1214 1661 1241 Serm.
1673 1224 1703 1247 2,
1716 1217 1748 1247 6,
1761 1217 1800 1244 86.
1873 1216 2017 1242 Fastidium
2027 1225 2131 1248 meum,
2156 1218 2210 1251 Quo
2223 1225 2266 1253 ego
2278 1215 2430 1253 alios-fasti..

286 1251 313 1274 4.
332 1241 375 1266 vbi
388 1240 509 1275 Cuninga.
569 1239 656 1266 Fastus
682 1247 711 1266 vt
725 1248 748 1266 et
761 1252 790 1274 4,
808 1251 849 1275 ¹4,
866 1252 885 1275 4
905 1243 996 1278 dedit)
1053 1246 1099 1271 Per
1117 1254 1232 1271 memores
1249 1255 1327 1281 genus
1344 1260 1376 1284 30
1385 1247 1442 1273 dio:
1478 1248 1621 1276 Fastidiuin
1635 1251 1706 1282 mei,
1725 1252 1779 1286 ‚Quo
1794 1259 1835 1287 ego
1853 1251 1883 1277 ab
1897 1251 2097 1286 aliisfasiidior.
2168 1251 2298 1285 Qinetil.
2311 1252 2438 1284 Deelamp*

285 1284 351 1301 omne
369 1273 465 1307 Fastot,
489 1280 515 1301 et
535 1273 621 1308 Fastus
640 1276 669 1302 in
687 1276 748 1302 aliis
762 1277 914 1305 Codicibus.
986 1281 1070 1306 Varro
1089 1281 1117 1306 in
1135 1280 1325 1315 Ephemeride‚
1385 1291 1416 1316 14
1442 1284 1590 1310 Vanitatem
1606 1285 1712 1312 fastidio
1726 1287 1796 1319 mei,
1815 1286 1991 1322 despec‘tuque
2003 1287 2127 1322 captauit.
2197 1287 2263 1314 Ptin.
2277 1288 2338 1315 Pan.
2352 1285 2431 1325 243,
2449 1299 2451 1303 ’

284 1310 372 1337 Postea
387 1310 496 1337 honoris
509 1311 639 1337 virtutum
654 1313 805 1339 causaIulii
818 1314 947 1345 Caesaris,
967 1315 1108 1349 quiFastus
1122 1316 1243 1350 porrexit
1258 1316 1322 1352 (lcg.
1385 1318 1501 1345 Fastidio
1513 1320 1614 1353 nostri,
1633 1327 1658 1348 et
1672 1322 1789 1356 quodam
1800 1322 1965 1357 aequalitatis
1977 1329 2059 1350 metu.
2419 1329 2425 1336 ⁸
2455 1341 2459 1347 ·

285 1346 415 1377 correxit)
447 1345 539 1373 mensis
557 1346 641 1373 Iulius
666 1348 808 1381 appellatus
831 1349 876 1375 est.
943 1351 1011 1376 Haec
1035 1351 1189 1386 Priscianus.
1253 1352 1323 1378 Add.
1424 1358 1708 1388 PAST1D163VS,
1727 1366 1758 1390 a,
1778 1366 1832 1384 um.
1877 1357 1938 1385 Adi.
1995 1360 2048 1394 Qci
2059 1357 2177 1393 fastidit.
2234 1359 2290 1386 Cic.
2305 1359 2430 1390 declarem
2449 1355 2457 1398 ζ

283 1382 388 1408 Colum.
402 1389 427 1413 9,
443 1390 481 1414 19,
496 1390 532 1408 12.
567 1385 670 1418 itemque
682 1386 735 1409 viri
746 1383 816 1410 docti
827 1385 861 1411 ad
871 1386 967 1412 Lucan.
983 1387 1031 1412 l.c.
1090 1387 1274 1413 Drakenborch.
1290 1387 1325 1413 ad
1385 1390 1459 1416 Orat.
1474 1399 1526 1425 207
1546 1401 1567 1417 c.
1582 1399 1613 1426 57
1646 1393 1786 1426 Propterea
1800 1393 1872 1428 quod
1886 1394 2032 1426 Antonius,
2053 1395 2098 1429 qui
2113 1394 2228 1420 maxime
2241 1395 2410 1429 expetebatur
2428 1420 2429 1423 ,
2448 1399 2451 1418 ἲ

283 1417 359 1449 8ἰ1.2,
375 1426 410 1443 ιο.
483 1417 569 1453 Heius
582 1417 616 1443 ad
626 1418 706 1444 Ouid.
721 1419 786 1445 Fast.
795 1428 814 1454 1,
830 1429 860 1447 11.
896 1427 920 1446 et
932 1421 965 1447 ad
977 1421 1114 1448 Claudian.
1128 1432 1146 1456 4
1170 1423 1248 1449 Cons.
1266 1424 1322 1449 Ho-
1338 1436 1367 1462 ὃς
1382 1425 1469 1452 facilis
1483 1427 1513 1452 in
1526 1427 1603 1453 causis
1616 1428 1775 1462 recipiendis
1788 1435 1857 1455 erat:
1893 1429 2053 1456 fastidiosior
2068 1431 2184 1462 Crassus,
2205 1430 2247 1456 sed
2260 1436 2349 1457 tamen
2362 1431 2414 1465 rec'
2450 1453 2453 1456 ,

281 1460 339 1478 nor.
354 1460 402 1485 155.
558 1451 577 1490 q
598 1462 610 1485 3
648 1455 679 1480 In
698 1455 772 1481 MSS.
783 1456 882 1490 mill-eri
896 1456 984 1483 Fasces
1002 1463 1025 1482 et
1042 1457 1146 1490 Fastos,
1171 1465 1242 1484 notat
1257 1459 1321 1485 Dra-
1382 1460 1481 1495 picbat.
1571 1463 1653 1490 Plaut.
1666 1464 1727 1489 Mil.
1741 1473 1774 1496 4,
1787 1466 1817 1495 6,
1834 1470 1859 1494 18
1890 1464 1966 1491 Istius
1984 1471 2068 1491 metus
2086 1475 2128 1491 me
2139 1472 2266 1497 macerat,
2287 1466 2358 1500 quod
2379 1466 2408 1499 ill
2450 1466 2451 1470 ’

282 1487 428 1514 kenborch.
443 1487 475 1514 ad
490 1487 533 1514 Sil.
544 1496 564 1519 2,
578 1497 615 1514 10.
634 1491 664 1514 it.
679 1490 746 1515 Fasti
760 1496 783 1516 et
796 1491 858 1517 Fata
871 1494 898 1517 in
911 1492 1015 1528 obliquis
1028 1492 1129 1526 cafibus,
1152 1493 1205 1520 vid.
1216 1500 1321 1521 FATA.
1382 1497 1532 1523 fastidiosus
1546 1498 1581 1523 est
1599 1498 1660 1524 iam.
1732 1500 1800 1525 Hor.
1814 1500 1900 1526 Carm.
1914 1509 1936 1532 3,
1950 1509 1970 1533 ι,
1984 1508 2015 1535 37
2039 1501 2224 1535 Domiuusque
2237 1507 2323 1528 terrae
2347 1502 2404 1530 Fan
2449 1500 2458 1532 Ἀ

319 1530 416 1550 FAST
427 1531 483 1554 vs,
504 1523 542 1550 sis.
562 1533 597 1550 m.
634 1524 780 1558 [φρόνημῃ
799 1526 827 1551 τὸ
841 1526 946 1562 γαυρὸν]
983 1528 1115 1562 Superbia,
1135 1536 1158 1555 et
1171 1531 1243 1555 elatio
1251 1539 1321 1565 quac·
1382 1531 1480 1558 diosus.
1552 1533 1608 1559 Cic.
1627 1533 1658 1559 de
1672 1534 1741 1560 Clar.
1755 1535 1829 1561 Orat.
1844 1543 1897 1569 247
1910 1545 1932 1562 c.
1946 1543 1981 1570 70
2012 1537 2043 1562 C.
2057 1537 2200 1562 Memmius
2213 1537 2242 1563 L.
2256 1536 2326 1563 filius
2339 1538 2424 1572 perfe-
2453 1538 2456 1542 ’

283 1558 337 1585 dam
351 1568 403 1585 cum
421 1558 546 1585 iabitmtia
566 1559 709 1593 verborum,
735 1570 815 1587 rerum
835 1562 920 1598 quibus
938 1562 973 1589 ad
983 1563 1077 1589 vietum
1090 1572 1113 1590 et
1126 1566 1216 1591 cultum
1231 1575 1322 1591 omnem
1382 1566 1439 1593 &us
1451 1567 1553 1600 literis,
1571 1567 1614 1594 sed
1629 1569 1736 1595 Graecis
1746 1589 1753 1601 ,
1770 1569 1919 1597 fastidiosus
1932 1572 1991 1597 sane
2003 1571 2175 1603 Latinarum,
2198 1578 2303 1606 argutus
2315 1581 2424 1606 orator,

281 1601 387 1620 vtuntur
406 1594 527 1626 homines,
546 1595 676 1629 splendore
696 1602 718 1621 ct
732 1601 824 1631 pretio.
883 1597 988 1625 Videtur
1005 1599 1035 1624 ab
1055 1599 1135 1625 eadem
1154 1603 1250 1636 origine
1263 1600 1321 1634 effi’,
1335 1612 1373 1636 40
1381 1609 1429 1628 etc.
1501 1603 1615 1630 Aurium
1629 1605 1714 1630 sensus
1728 1604 1941 1633 fastidiofiffimus
1982 1606 2084 1634 Auetor
2096 1607 2128 1633 ad
2142 1608 2240 1633 Heren.
2255 1617 2287 1641 4,
2305 1617 2333 1639 32
2349 1617 2371 1635 e.
2384 1617 2422 1640 23.

281 1629 344 1655 vnde
359 1628 518 1663 Fastigium,
536 1637 559 1654 ct
572 1630 728 1656 altitudinem
733 1631 886 1667 significare.
942 1634 1007 1660 Plin.
1021 1643 1052 1664 ιι,
1066 1643 1097 1669 37
1122 1635 1194 1662 Haec
1215 1636 1321 1672 (supcr-
1380 1638 1424 1664 vbi
1438 1637 1500 1664 idem
1507 1639 1568 1675 fere
1581 1639 1615 1673 cst
1628 1649 1658 1667 ac
1671 1641 1810 1667 Delicatus.
1900 1643 1933 1669 In
1950 1649 2049 1676 aequos
2067 1648 2094 1669 et
2113 1651 2187 1677 pares
2206 1642 2353 1670 fastidiosus
2382 1643 2427 1670 ld.

280 1665 362 1698 cilia)
382 1664 495 1689 maxime
510 1663 625 1691 indicant
637 1665 740 1692 fastum.
813 1668 873 1694 Alto
885 1668 951 1694 fastu
965 1670 1085 1704 turgidus
1103 1671 1194 1698 Claud.
1204 1672 1232 1697 in
1240 1673 1318 1707 prim.
1381 1673 1448 1700 ibid.
1462 1683 1490 1706 4,
1505 1683 1541 1707 53.

283 1700 360 1726 Cons.
375 1699 429 1725 Stil.
444 1707 472 1731 2,
491 1706 541 1731 159.
630 1700 694 1726 Plin.
709 1709 732 1733 9,
750 1709 777 1733 35
802 1703 830 1728 d.—
843 1704 980 1738 Clcopatra,
994 1705 1112 1739 Superbo
1126 1706 1202 1733 fimul
1217 1717 1245 1733 ac
1260 1716 1320 1741 pro·
1416 1715 1463 1735 FA
1473 1717 1485 1736 s
1496 1717 1517 1736 T
1527 1717 1536 1736 1
1546 1716 1564 1735 D
1574 1716 1583 1735 1
1593 1711 1669 1737 6313.
1706 1710 1775 1737 Adu.
1830 1711 1887 1738 Cic.
1901 1721 1950 1747 pro
1962 1712 2047 1739 Plane.
2063 1715 2094 1746 65
2120 1713 2191 1740 Huic
2203 1723 2252 1748 ego
2266 1713 2319 1739 iam
2331 1707 2427 1739 stoma-¹

281 1735 336 1761 caci
350 1734 415 1760 fastu
424 1754 432 1766 ‚
455 1740 484 1760 vt
495 1734 586 1768 regina
598 1737 722 1761 meretrix
732 1756 741 1768 ,
764 1737 895 1764 lautitiam
909 1741 1016 1765 Antonii
1028 1740 1187 1767 obn-ebtans.
1259 1743 1320 1768 Tu·
1380 1744 1459 1770 chans
1473 1745 1606 1771 fastidiose
1615 1765 1622 1776 ,
1641 1746 1725 1772 immo
1732 1755 1764 1773 ex
1778 1746 1868 1774 Sicilia
1882 1748 1999 1782 inquam.
2071 1749 2200 1776 Accedere
2207 1748 2365 1776 fastidiosius
2385 1747 2429 1785 Id,

281 1770 347 1795 midi
372 1770 452 1795 Ouid.
465 1769 497 1795 de
510 1770 573 1796 Arre
587 1771 645 1797 Am.
659 1779 678 1803 1,
691 1778 742 1805 715.
779 1774 822 1799 Al.
837 1773 931 1799 Flauus.
1003 1775 1074 1801 Vani
1100 1775 1192 1801 Claud.
1205 1776 1237 1801 de
1249 1777 1278 1802 B.
1288 1777 1319 1802 G.
1333 1788 1367 1813 45
1381 1778 1413 1803 de
1427 1780 1502 1805 Orat.
1516 1788 1545 1810 2,
1559 1782 1610 1812 364
1629 1789 1650 1806 c.
1665 1787 1705 1812 89.
1793 1782 1960 1810 Fastidiofius
1974 1785 2060 1811 facere
2073 1785 2175 1820 aliquid
2199 1785 2238 1811 Id.
2253 1784 2318 1811 ibid.
2333 1792 2360 1816 2,
2374 1786 2405 1816 36
2432 1783 2433 1787 ’

279 1813 329 1836 ςςῐ.
402 1805 578 1831 Contemnere
591 1806 701 1840 aliquod
717 1808 764 1833 suo
785 1807 851 1834 fastu
882 1809 999 1843 Propert.
1015 1818 1039 1841 1,
1052 1817 1084 1844 7,
1105 1818 1142 1843 ις.
1216 1811 1319 1837 Exuere
1381 1821 1403 1838 c.
1416 1818 1456 1844 89.
1526 1814 1565 1840 Id.
1578 1814 1645 1840 ibid.
1661 1823 1681 1846 1,
1696 1820 1734 1844 118
1759 1817 1846 1848 Qiam
1860 1818 2017 1852 diligenter,
2044 1828 2122 1853 quam
2136 1829 2218 1854 prope
2236 1819 2371 1846 fastidiose
2384 1820 2414 1846 iu

280 1839 359 1865 fastus
388 1838 469 1865 Ouid.
485 1839 517 1864 de
532 1841 596 1865 Arte
610 1842 669 1866 Am.
685 1850 714 1872 2,
727 1850 783 1874 241.
851 1844 938 1870 Fastus
953 1844 1019 1870 inest
1037 1845 1167 1879 pulchris,
1191 1846 1320 1880 sequitur·
1382 1846 1516 1875 dicamus?
1586 1849 1644 1881 Sic,
1662 1849 1805 1876 Fastidiose
1819 1852 1933 1885 [μεθίει-ε
1944 1853 2046 1887 aliquid
2058 1854 2086 1879 in
2099 1855 2190 1888 aliquo
2215 1854 2254 1880 Id.
2269 1855 2335 1881 ibid.
2353 1863 2409 1888 1‚25

279 1883 329 1908 que
342 1873 462 1907 superbia
475 1873 589 1900 formam
620 1876 700 1901 Ouid.
722 1877 786 1902 Fast.
807 1886 835 1909 1,
855 1886 913 1912 457.
1004 1881 1104 1906 Ponere
1119 1881 1197 1907 fastus
1233 1882 1271 1907 Id.
1287 1881 1319 1907 de
1381 1892 1403 1908 c.
1418 1885 1456 1909 61.
1527 1884 1642 1911 Probare
1656 1885 1724 1911 lente
1737 1892 1762 1912 et
1775 1886 1911 1913 fastidiose
1924 1887 2028 1923 aliquid
2047 1889 2102 1915 Cic.
2110 1891 2164 1916 Att.
2174 1898 2199 1921 2,
2213 1898 2231 1916 1.
2304 1890 2424 1925 Spe&are
2440 1906 2441 1910 =

277 1910 352 1936 Rem.
370 1911 460 1935 Amor.
474 1917 525 1941 411.
595 1909 686 1935 Tacit.
701 1911 768 1938 Ann.
782 1920 811 1941 2,
826 1920 854 1942 2,
874 1920 887 1944 5
920 1914 1084 1939 Accendebat
1105 1915 1273 1948 dedignantes
1294 1921 1320 1941 et
1381 1918 1515 1943 fastidiose
1542 1916 1582 1944 Id.
1598 1919 1630 1944 de
1644 1920 1718 1947 Orat.
1733 1929 1754 1952 1,
1766 1927 1809 1954 258
1830 1925 1898 1949 c.61.
2420 1918 2437 1953 i

278 1945 348 1979 ipse,
368 1944 486 1971 diuersus
499 1953 514 1970 a
527 1944 657 1970 maiorum
672 1945 808 1985 institiitsiS,
824 1955 887 1972 raro
898 1954 1006 1979 venatu,
1026 1949 1097 1981 segni
1111 1958 1241 1983 equorum
1249 1959 1320 1979 cura,
1331 1959 1363 1984 50
1416 1958 1460 1977 ΡΑ
1472 1959 1514 1977 s'r
1526 1959 1581 1978 1D1
1591 1959 1668 1979 Eli-1
1678 1961 1707 1986 s,
1734 1963 1757 1980 e.
1808 1956 1869 1982 Adi.
1925 1956 2044 1984 Tertull.
2068 1958 2100 1984 de
2118 1959 2214 1985 Anima
2227 1969 2249 1986 e.
2261 1968 2290 1992 33
2321 1956 2435 1998 Iudicia}

278 1981 382 2015 quoties
397 1989 442 2015 per
460 1980 537 2005 vrbes
550 1979 698 2012 incederet,
719 1980 828 2006 lecheae
843 1981 1000 2015 gestamine,
1020 1983 1139 2017 fastuque
1152 1992 1212 2019 erga
1223 1985 1320 2018 patrias
1379 1986 1545 2012 fastidibilia.
2418 1997 2429 2019 ἶ

276 2017 373 2050 epulas.
430 2017 480 2041 Hic
497 2025 549 2041 cum
562 2015 669 2042 fastidio
682 2019 811 2046 conuenit,
838 2017 951 2053 quorficm
975 2021 1048 2044 etiam
1070 2019 1164 2054 referri
1183 2017 1265 2054 potest
1279 2019 1319 2045 ille
1417 2028 1463 2048 ΡΑ
1472 2028 1484 2048 s
1494 2028 1515 2048 T
1525 2029 1534 2047 1
1543 2027 1561 2047 D
1571 2028 1581 2047 Ι
1591 2027 1607 2047 1.
1619 2020 1632 2048 ἴ
1642 2030 1724 2050 TER.
1767 2023 1835 2051 Adu.
1892 2024 1961 2052 Idem
1991 2026 2057 2062 quod
2087 2027 2220 2064 Fastidiose
2232 2041 2240 2055 :
2275 2033 2427 2067 Antiquam,

276 2051 304 2077 de
316 2052 445 2087 Cleopatra
463 2052 530 2077 locus
548 2050 616 2076 modo
635 2051 750 2077 laudatus
769 2053 857 2078 Plinii.
918 2052 976 2081 Vid.
996 2053 1033 2079 ibi
1049 2055 1190 2081 Picheimm.
1246 2055 1320 2091 Conf.
1379 2058 1481 2090 Varro,
1510 2058 1573 2084 Cras
1593 2058 1671 2085 credo
1690 2059 1770 2086 hodie
1789 2060 1872 2094 nihil,
1883 2076 1887 2080 ·
1898 2061 2004 2095 Qibus
2017 2063 2145 2091 instabilis
2158 2066 2259 2092 animus
2271 2066 2364 2094 ardens
2377 2067 2423 2095 ha-

275 2096 304 2121 4,
319 2095 363 2122 74·
399 2094 422 2112 ct
436 2087 503 2121 LipJ:
523 2087 584 2113 Var.
598 2086 666 2113 Leff·
683 2096 703 2117 2,
720 2097 757 2114 22.
1378 2091 1443 2119 bere
1458 2098 1484 2118 et
1498 2101 1552 2119 non
1565 2092 1663 2121 habere
1677 2095 1829 2123 fastidiliter
1843 2097 2001 2125 inconstanti
2013 2099 2131 2133 pectore.
2169 2101 2242 2128 Non.
2255 2110 2281 2135 2,
2296 2104 2350 2136 336.
2450 2127 2452 2131 Α

312 2129 328 2148 F
337 2129 358 2149 Α
366 2129 378 2149 S
387 2129 408 2149 T
417 2124 437 2149 6
444 2130 455 2148 s
463 2129 483 2148 v
492 2129 504 2149 s
513 2142 522 2154 ,
540 2130 554 2148 a
563 2142 571 2155 ,
590 2131 643 2148 um.
665 2123 722 2149 Adi.
759 2120 896 2158 [γαυρώδης
903 2143 911 2156 ,
930 2122 1133 2159 φρονηματώδης]
1169 2126 1220 2160 Qi
1230 2133 1317 2159 magno
1336 2139 1366 2165 55
2448 2134 2453 2155 ,l
2464 2151 2467 2171 ¹.

268 2156 343 2194 fastu
358 2161 498 2184 contemnit.
568 2156 684 2184 Martial.
700 2167 744 2190 10,
765 2167 788 2189 13
821 2158 861 2184 Ad
875 2158 1004 2185 nocturna
1021 2159 1089 2186 iaces
1103 2159 1212 2186 fastosae
1225 2160 1319 2186 limina
1770 2170 1793 2200 F
1891 2172 1920 2202 A
2015 2172 2050 2204 T
2416 2192 2427 2198 ,-
2449 2185 2452 2198 ,
2467 2179 2475 2190 .

275 2192 409 2220 moechae.
477 2193 579 2218 Domus
591 2194 684 2220 fastosa
710 2195 806 2220 Lucan.
821 2193 852 2220 ad
865 2194 950 2220 Pison.
966 2202 1022 2229 107.
2449 2204 2451 2210 '

314 2234 498 2255 FASTOSE.
540 2228 608 2255 Adu.
663 2229 746 2255 Plaut.
1415 2241 1608 2267 Ῑ-ΑΤΑιις,
1643 2236 1696 2262 vid,
1717 2242 1875 2266 FATvm‚

311 2269 380 2290 FAS
390 2269 522 2294 T1D10,
538 2263 595 2295 rui,
614 2266 680 2289 itum
690 2284 699 2296 ,
717 2268 764 2291 ire.
801 2264 998 2300 [α’ποςρέφομοιι,
1014 2265 1142 2302 παρορᾰω]
1178 2266 1235 2292 Cum
1243 2264 1318 2302 fastu
1416 2276 1560 2302 FATEOR,
1572 2271 1630 2301 ris,
1645 2271 1721 2298 fassus
1729 2272 1792 2304 sum,
1801 2277 1814 2299 ε·
1817 2273 1850 2300 ri.
1870 2275 1935 2309 Dep.
1962 2273 2108 2310 [έμσλογίω,
2115 2277 2423 2318 ὅμολογὲμαι,σύμφημ]’

276 2298 380 2334 quodam
393 2298 540 2333 etsuperbia
558 2305 716 2325 contemnere.
787 2301 822 2326 Vt
836 2301 935 2326 fastidit
948 2302 1080 2335 gloriosus
1104 2302 1186 2328 Plaut.
1201 2304 1279 2329 Curc.
1294 2310 1317 2335 5,
1335 2309 1370 2334 60
1381 2305 1417 2331 est
1437 2308 1536 2340 (inquit
1556 2306 1679 2338 Seruius)
1711 2307 1873 2335 eoaetorum
1894 2317 1921 2336 et
1944 2311 2124 2345 culpabilium.
2161 2315 2235 2347 Virg.
2250 2317 2315 2343 Aen.
2330 2328 2349 2352 4
2375 2310 2417 2344 {oi

277 2343 304 2366 2,
316 2342 352 2366 35.
388 2337 407 2360 i.
423 2333 570 2369 dedignatur
582 2334 733 2369 respondere.
804 2335 885 2361 Plaut.
899 2336 978 2362 Stich.
994 2345 1026 2368 2,
1038 2345 1061 2367 2,
1077 2345 1105 2362 10
1137 2338 1210 2370 Qid
1224 2337 1267 2364 hic
1279 2339 1318 2364 fa·
1379 2341 1454 2366 Anna
1468 2341 1588 2372 (fatebor
1600 2342 1690 2373 enim)
1703 2343 1793 2370 miseri
1807 2345 1864 2378 post
1877 2345 1929 2372 fata
1946 2347 2058 2379 Sichaei,
2071 2355 2116 2374 etc.
2153 2349 2269 2376 Donatus
2289 2338 2360 2386 item:
2370 2352 2419 2379 'Fa-
2462 2354 2465 2358 ‘

277 2369 368 2395 stidis3
404 2369 468 2403 quid
482 2368 634 2396 faciundum
648 2369 721 2395 vides
733 2370 781 2395 ess'e
794 2369 861 2402 tibi,
891 2372 955 2404 quin
969 2371 1057 2398 bibis?
1128 2373 1183 2399 Cic.
1204 2382 1251 2407 pro
1266 2374 1317 2400 Mi·
1379 2376 1430 2402 teri
1445 2385 1498 2402 non
1513 2377 1581 2403 testis
1593 2378 1642 2409 est,
1655 2378 1697 2404 sed
1710 2379 1759 2405 rei.
1810 2381 1879 2407 Ter.
1893 2381 1956 2407 Eun.
1969 2391 1999 2416 4,
2011 2392 2039 2415 4,
2054 2385 2091 2415 46
2111 2382 2174 2408 Non
2188 2385 2269 2417 potest
2281 2386 2334 2412 sine
2346 2387 2417 2413 malo

276 2405 330 2431 lon,
345 2413 377 2437 43
402 2405 457 2438 Qui
468 2413 522 2430 non
534 2404 615 2430 modo
629 2404 795 2439 improbitati
808 2405 954 2432 irascuntur
965 2407 1176 2440 candidatorum,
1186 2408 1317 2435 sedetiam
1381 2411 1474 2444 fateri,
1487 2412 1575 2439 video.
1631 2413 1687 2439 Cic.
1701 2415 1777 2441 Verr.
1792 2422 1814 2447 5,
1829 2418 1875 2442 160
1894 2417 1985 2450 Qium
2003 2423 2058 2444 tute
2077 2417 2151 2443 fassus
2164 2419 2259 2445 effes-te
2276 2420 2304 2447 id
2316 2421 2416 2449 crimen

277 2440 349 2467 ῐεὸἶε
362 2439 438 2465 facitis
453 2440 528 2474 saepe
540 2439 685 2466 fastidiunt.
757 2441 884 2467 Fastidire
897 2448 922 2467 et
936 2442 1016 2469 odiffe
1029 2443 1132 2477 aliquid
1158 2445 1225 2470 Hor.
1238 2444 1316 2478 Epist.
1379 2452 1452 2474 tanto
1465 2454 1523 2474 ante
1531 2449 1656 2479 metuisse,
1671 2449 1689 2476 fi
1703 2458 1764 2476 eum
1778 2451 1878 2477 diceres
1892 2458 2044 2485 mortuum,
2059 2453 2119 2488 quis
2130 2460 2156 2480 te
2167 2454 2287 2481 audiret3
2342 2456 2415 2485 Idem
2448 2459 2459 2479 f

276 2483 301 2507 2,
318 2484 337 2507 1,
352 2483 393 2500 22.
465 2475 595 2508 Qinffii.
608 2484 683 2508 5,11,
697 2484 728 2508 39
759 2476 788 2501 de
803 2477 974 2512 Philosophis,
1002 2478 1058 2511 Qui
1080 2487 1238 2513 quamquam
1252 2480 1318 2506 infe·
1329 2486 1361 2517 65
1380 2484 1455 2509 Verr.
1470 2493 1498 2517 4,
1535 2503 1542 2510 .
1581 2504 1587 2510 .
1625 2485 1695 2511 Haec
1718 2487 1775 2512 sum
1796 2492 1951 2520 rogaturus,
1970 2497 2064 2515 nauem
2084 2488 2237 2516 debeantne.
2258 2490 2417 2519 fatebuntur.
2449 2489 2450 2494 ¹

277 2511 350 2538 riora
364 2510 453 2536 onmia
467 2511 610 2545 praeceptis
622 2511 675 2537 suis
687 2519 715 2537 ac
728 2510 812 2537 literis
827 2512 951 2545 credunt,
967 2514 1094 2547 Repetere
1106 2519 1192 2540 tamen
1204 2515 1319 2542 auftori-
1380 2518 1584 2553 praebuerintne
1596 2520 1718 2547 Praetore
1732 2522 1762 2548 C.
1774 2522 1867 2549 Verre.
1879 2523 2019 2557 negabunt.
2066 2524 2133 2551 Ter.
2148 2524 2229 2552 Andr.
2241 2533 2265 2560 ς,
2277 2535 2300 2559 3,
2314 2533 2342 2559 25
2364 2527 2419 2562 Ego

276 2552 354 2573 tatem
370 2555 384 2572 a
398 2546 521 2580 plurimis
534 2545 651 2572 versibus
665 2555 718 2572 non
732 2546 907 2573 fastidierunt.
984 2549 1059 2582 Virg.
1073 2548 1124 2574 Ecl.
1139 2558 1166 2581 2,
1180 2558 1210 2584 73
1241 2552 1318 2577 Inue·
1380 2564 1421 2580 me
1438 2563 1524 2581 amare
1537 2554 1601 2581 hanc
1615 2555 1714 2582 fateor:
1734 2556 1750 2582 si
1770 2556 1796 2582 id
1811 2566 1916 2591 peccare
1928 2558 1978 2589 est,
1989 2559 2074 2586 fatcor
2087 2559 2113 2585 id
2128 2570 2244 2596 quoque.
2310 2561 2421 2589 Pseudo-

276 2582 332 2608 nies
345 2582 445 2613 alium,
471 2581 490 2607 fi
503 2587 528 2607 te
543 2581 586 2607 hIC
601 2581 701 2608 Fastidit
718 2581 817 2607 Alexis.
873 2583 929 2614 Sic,
954 2582 1082 2609 Fastidire
1102 2593 1190 2617 preces
1210 2585 1320 2612 alicuius
1382 2590 1438 2615 Cic.
1452 2595 1538 2624 anteq.
1552 2590 1602 2616 iret
1617 2597 1662 2617 etc.
1675 2601 1689 2625 7
1719 2592 1774 2625 Qui
1788 2601 1869 2626 quum
1884 2592 1916 2619 de
1930 2594 2025 2620 scelere
2038 2595 2181 2627 fateretur,
2198 2605 2253 2623 non
2267 2602 2354 2623 tamen
2367 2595 2422 2624 seh.

276 2618 336 2644 Liu.
350 2626 398 2650 34,
435 2637 441 2642 .
479 2636 485 2642 .
559 2617 648 2643 Nemo
661 2617 775 2643 fideliter
790 2616 892 2652 diligit,
913 2627 992 2652 quem
1004 2618 1103 2645 fastidit
1129 2620 1203 2645 Curt.
1219 2629 1316 2652 5,5,12.
1382 2624 1472 2650 tentiis
1496 2632 1569 2658 prius
1590 2626 1708 2652 iudicum
1733 2629 1951 2660 conuinceretur‚
1975 2638 2054 2664 quam
2085 2631 2216 2664 supplicio
2246 2631 2421 2662 addiceretur.

277 2653 368 2680 Aestus
388 2651 488 2678 fastidit
511 2652 638 2678 amictum
679 2651 773 2678 Claud.
788 2653 817 2678 iu
831 2652 943 2687 Epithal.
958 2657 983 2680 6.
1073 2654 1176 2680 Aurum
1199 2655 1319 2682 fastidire
1332 2670 1369 2698 70
1381 2659 1442 2684 Liu.
1457 2668 1498 2693 24,
1513 2667 1525 2692 ς
1550 2660 1589 2686 De
1603 2661 1628 2685 se
1642 2661 1696 2694 ipse
1711 2661 1780 2688 haud
1795 2663 1946 2690 cuneianter
1958 2664 2046 2696 famis,
2060 2666 2176 2692 conscios
2190 2667 2298 2694 celabat.
2353 2670 2406 2696 Hin
2433 2667 2435 2671 ’

277 2689 358 2716 Plaut.
371 2687 461 2714 Bacch.
476 2696 507 2716 z.
522 2696 550 2719 3,
565 2696 607 2720 99.
641 2690 817 2723 &contemtui
833 2688 926 2715 babere.
997 2690 1116 2716 Minores
1135 2699 1188 2716 non
1202 2691 1320 2717 fastidire
1380 2697 1468 2729 erepit
1489 2697 1569 2721 oratio
1588 2704 1640 2721 cum
1658 2696 1770 2730 dicitur,
1790 2698 1854 2724 Non
1871 2699 1955 2725 solum
1975 2699 2068 2733 fateri,
2081 2700 2124 2727 sed
2139 2704 2217 2728 etiam
2237 2703 2359 2737 profiteri
2373 2705 2410 2731 ali

277 2723 370 2750 Claud.
384 2723 415 2748 de
429 2723 507 2748 Cons.
520 2723 590 2748 Hon.
605 2733 638 2757 4,
658 2730 711 2753 302.
802 2724 859 2750 Mei
870 2724 986 2758 fastidit,
1016 2725 1040 2751 h.
1055 2734 1075 2751 ε.
1102 2726 1158 2753 Sum
1176 2726 1214 2752 illi
1232 2727 1321 2756 taedio.
1335 2738 1339 2743 ’
1381 2729 1446 2764 quid
1460 2730 1514 2756 Cic.
1529 2739 1577 2765 pro
1591 2731 1696 2758 Caecin.
1710 2741 1751 2766 24-
1806 2735 1838 2760 Et
1856 2743 1905 2768 pro
1918 2734 2008 2762 Rabir.
2021 2743 2050 2770 17
2079 2737 2262 2770 Quamobrem
2278 2740 2366 2766 fateor
2385 2746 2411 2768 at

277 2759 360 2785 Plaut.
376 2758 435 2784 Aul.
451 2766 479 2788 2,
499 2766 530 2790 2,
548 2760 583 2792 67
620 2757 699 2790 Abit,
719 2767 804 2793 neque
823 2768 865 2785 me
879 2761 1020 2787 certiorem
1042 2761 1122 2793 fecit,
1143 2762 1243 2788 fastidit
1256 2762 1318 2789 mei.
1382 2775 1431 2800 que
1453 2766 1532 2792 etiam
1549 2766 1693 2801 profiteor,
1713 2774 1738 2795 et
1758 2778 1820 2803 prae
1838 2778 1881 2796 me
1900 2770 1975 2802 fero,
1988 2771 2177 2806 perduellionis
2194 2774 2324 2802 iudicium
2345 2784 2360 2801 a
2377 2785 2404 2803 m

277 2794 345 2821 Add.
360 2793 440 2819 Stich.
455 2801 469 2818 2
479 2813 487 2825 ,
499 2801 529 2824 2,
543 2802 579 2819 10.
633 2793 760 2819 Laudatur
773 2801 811 2826 et,
836 2795 914 2830 nescio
928 2796 1006 2831 vnde,
1038 2796 1122 2822 Lucil.
1143 2796 1267 2824 Difficiles
1282 2799 1320 2824 su-
1382 2801 1458 2827 fuiffe
1473 2801 1612 2828 sublatum.
1683 2804 1810 2831 Animum
1829 2805 1930 2839 pallore
1947 2806 2025 2833 fateri
2043 2808 2123 2834 Ouid.
2138 2809 2202 2835 Fast.
2216 2811 2242 2840 6,
2255 2817 2291 2841 19.
2363 2811 2436 2840 Cic-:s

278 2838 351 2858 mus,
370 2827 517 2854 fastidimus
529 2828 670 2854 bonorum.
743 2831 780 2855 De
795 2830 862 2856 Cibis
873 2831 930 2867 vfiaes
942 2832 1071 2858 Horatius
1085 2831 1116 2864 est
1136 2833 1214 2867 Epist.
1230 2842 1256 2865 1,
1276 2841 1319 2868 17,
1336 2845 1368 2873 73
1383 2837 1454 2863 F:·m.
1469 2845 1487 2866 1,
1501 2845 1530 2868 23
1559 2837 1702 2864 Laterensis
1721 2840 1803 2866 nostri
1817 2847 1842 2867 et
1856 2840 1936 2868 fidem
1954 2848 1980 2868 et
1992 2842 2111 2869 animum
2124 2843 2152 2869 in
2165 2844 2294 2877 Rempub.
2310 2846 2431 2881 lingula-o

280 2873 305 2897 ις
337 2864 364 2889 Si
378 2864 454 2890 sciret
468 2863 574 2898 regibus
591 2863 644 2895 vti,
675 2863 813 2891 Fastidiret
826 2866 892 2892 olus.
983 2867 1081 2894 Omnia
1101 2868 1202 2895 fastidis
1216 2876 1320 2903 praeter
1381 2881 1403 2899 rt
1411 2881 1437 2898 m
1450 2872 1551 2905 semper
1565 2872 1680 2900 fatebor.
1752 2875 1835 2910 Culpa
1848 2876 1952 2903 fatenda
1965 2877 2001 2904 est
2019 2878 2101 2904 Ouid.
2115 2877 2199 2904 Trist.
2213 2887 2236 2910 2,
2250 2888 2298 2912 315.
2369 2883 2420 2909 De.
2447 2897 2449 2912 >

253 2903 259 2906 “
277 2908 408 2935 pauonem
441 2900 507 2925 Hor.
523 2900 605 2925 Serm.
620 2908 639 2931 1,
653 2907 678 2931 2,
691 2908 736 2931 115.
1381 2907 1443 2933 heia
1455 2907 1534 2933 fateri
1546 2907 1619 2933 Idem
1628 2909 1692 2935 Met.
1706 2918 1730 2941 4,
1744 2912 1804 2945 684.
1877 2913 1985 2939 Errores
2002 2913 2060 2939 suos
2072 2912 2151 2938 fateri
2162 2913 2253 2940 Claud.
2267 2916 2295 2942 in
2308 2917 2419 2953 Eutrop.
2447 2915 2448 2941 l

316 2941 332 2961 Ρ
344 2942 364 2962 Α
374 2943 386 2961 s
398 2941 420 2961 'r
433 2941 515 2960 1131ss
525 2942 547 2960 Ν
558 2942 570 2961 s
580 2955 587 2965 ‚
607 2935 636 2960 is.
674 2935 765 2961 Pax-tic.
802 2936 1027 2973 [βδελυτἿόμενος]
1070 2938 1127 2965 Sen.
1139 2939 1218 2974 Epist.
1236 2948 1252 2966 2.
1273 2939 1320 2966 Fa·
1380 2951 1402 2975 2,
1418 2950 1444 2977 7.
1516 2943 1572 2969 Cic.
1587 2943 1615 2969 in
1628 2944 1717 2971 Partit.
1732 2953 1762 2978 50
1801 2947 1875 2973 Mori
1897 2948 1991 2974 maluit
2008 2947 2101 2972 falsum
2119 2947 2242 2983 fatendo,
2258 2960 2335 2986 quarn
2354 2962 2419 2981 vere

277 2970 408 2998 stidicntis
422 2970 548 2996 stomachi
561 2970 596 2996 est
611 2970 691 2996 multa
709 2970 853 3004 degustare.
1381 2977 1521 3004 infitiando
1536 2977 1636 3005 dolere.
1708 2981 1841 3009 Peccatum
1854 2982 1941 3008 fateor
1954 2983 2021 3008 Hor.
2036 2982 2118 3008 Serm.
2134 2992 2155 3015 2,
2166 2993 2194 3017 4,
2208 2997 2229 3017 4.
2290 2986 2418 3022 Subigere

315 3008 545 3033 FASTinTv
560 3013 589 3038 s,
609 3014 639 3038 a,
660 3014 714 3031 um.
751 3007 843 3034 Partic.
896 3006 1088 3042 [βδελυχθιῐς]
1142 3010 1171 3036 Α
1189 3010 1319 3037 Fastidior
1335 3018 1366 3044 80
1379 3013 1497 3048 aliquem
1517 3013 1612 3046 fateri,
1630 3017 1649 3040 i.
1671 3016 1772 3051 Cogere,
1785 3024 1815 3043 vt
1827 3017 1947 3052 fateatur
1961 3017 2035 3050 Virg.
2047 3018 2112 3043 Aen.
2132 3021 2157 3051 6,
2178 3023 2254 3055 367..
2304 3023 2423 3051 Nulline
2450 3024 2453 3038 a

271 3041 376 3078 paffiuo.
448 3041 545 3067 Lucan.
561 3049 584 3075 7,
599 3048 651 3074 844
675 3042 734 3067 Pars
746 3051 839 3076 magna
851 3044 957 3070 Senatus
987 3045 1111 3071 Fastidita
1125 3045 1200 3072 iacet.
1252 3047 1318 3073 Plin.
1380 3050 1490 3075 faterier
1504 3048 1600 3075 audes?
1620 3051 1688 3077 Hor.
1704 3052 1782 3086 Epist.
1795 3061 1819 3083 2,
1832 3061 1857 3084 2,
1872 3057 1927 3086 148.
1996 3052 2139 3079 Fatendum
2157 3055 2208 3088 est,
2226 3057 2356 3085 summum
2371 3059 2417 3086 bo-
2450 3082 2452 3088 ,

277 3078 306 3103 in
326 3077 407 3111 praef.
428 3079 444 3102 6
488 3077 620 3103 Fastiditis
638 3078 748 3111 gratiam
770 3078 839 3104 dare.
926 3080 1160 3108 Dominationibus
1189 3082 1320 3108 fastiditus
1379 3094 1442 3111 num
1462 3085 1509 3111 effe
1529 3084 1643 3110 iucunde
1663 3086 1754 3113 viuere
1768 3088 1823 3114 Cic.
1837 3087 1869 3114 de
1882 3087 1940 3114 Fin.
1955 3095 2006 3114 1=c.
2021 3096 2047 3113 12
2060 3095 2124 3115 extr.
2194 3092 2304 3119 Fatendi
2321 3095 2417 3122 modus
2451 3104 2455 3120 ι

277 3113 368 3139 Tacit.
388 3115 455 3138 Ann.
477 3121 518 3144 13,
540 3122 557 3139 1.
643 3113 744 3139 Domus
764 3113 880 3140 fastidita
923 3114 1003 3140 Ouid.
1022 3114 1053 3140 de
1067 3116 1140 3143 Rem.
1155 3118 1249 3143 Amor.
1262 3126 1317 3150 542.
1380 3120 1511 3154 QuinCtd.
1528 3129 1546 3151 1,
1560 3122 1585 3145 6.
1603 3122 1621 3145 i.
1643 3121 1807 3149 India-atium.
1980 3119 2001 3159 ff
2021 3131 2037 3148 2
2075 3124 2160 3151 Fateri
2175 3125 2208 3159 est
2227 3137 2275 3153 non
2294 3139 2418 3165 nunquam

275 3149 363 3175 Verba
379 3147 490 3174 fastidita
503 3147 630 3182 repellere
660 3148 696 3174 ld.
711 3157 741 3174 ex
755 3149 828 3175 Pont.
841 3159 874 3182 4,
898 3157 923 3181 1,
937 3158 974 3182 19.
1046 3151 1109 3177 Viri
1121 3161 1175 3179 non
1190 3153 1317 3186 fastiditi,
1378 3155 1480 3183 tacendo
1493 3156 1612 3181 indicare.
1627 3162 1664 3188 vt,
1678 3157 1786 3189 Qiinel.
1803 3166 1834 3190 11,
1849 3166 1870 3190 3,
1885 3165 1914 3190 52
1934 3158 2040 3185 Fatetur
2053 3160 2134 3186 nimia
2155 3162 2260 3189 tarditas
2278 3163 2417 3192 difficulta-
2450 3161 2452 3194 f

276 3187 296 3210 i.
313 3186 405 3219 Aliquo
419 3186 538 3218 inpretio
551 3184 632 3210 habiti
659 3184 696 3210 Id.
712 3184 797 3210 Trist.
812 3193 837 3216 2,
853 3193 906 3210 120.
1334 3195 1363 3224 85
1378 3198 1432 3218 tem
1445 3190 1608 3218 inueniendi.
1645 3192 1685 3218 sic
1698 3192 1779 3219 Ouid.
1787 3193 1851 3219 Fast.
1867 3195 1893 3225 6,
1906 3201 1934 3224 19
1953 3193 2079 3220 Animum
2092 3195 2191 3230 pallore
2206 3198 2292 3225 fateri.
2328 3202 2367 3228 De
2378 3211 2416 3228 re.

314 3226 329 3245 p
339 3225 409 3246 AST
419 3225 453 3245 ιι)
463 3226 495 3245 ιι.
508 3226 528 3244 N
538 3226 556 3245 D
567 3226 586 3243 v
598 3226 628 3251 s,
647 3228 676 3251 a,
692 3228 745 3246 um.
782 3220 862 3246 Aliud
877 3219 968 3246 Partic.
1005 3221 1136 3248 Columel.
1151 3231 1177 3254 2,
1190 3231 1207 3255 9
1225 3226 1252 3249 in
1252 3223 1318 3258 fine,
1377 3228 1422 3254 bus
1439 3229 1586 3253 inanimatis
1606 3228 1688 3253 etiam.
1724 3229 1849 3255 Fatentur
1860 3228 2037 3256 maturitatem
2048 3231 2182 3265 amygdala
2199 3233 2293 3260 Pallad.
2308 3236 2362 3263 Ian.
2379 3244 2416 3270 ις,

276 3255 385 3281 Milium
399 3263 457 3280 cum
472 3254 538 3280 laete
553 3255 652 3288 pultem
666 3264 720 3281 non
733 3255 917 3282 fastidiendam
932 3255 1048 3289 praebet.
1380 3272 1416 3289 η,
1454 3264 1560 3289 Fatetur
1572 3261 1725 3288 vetustatem
1739 3263 1818 3298 sinapi
1831 3263 1868 3289 ld.
1878 3262 1973 3290 octob.
1990 3273 2021 3295 11,
2035 3274 2056 3291 2.
2110 3268 2226 3294 Martial.
2242 3278 2279 3302 12,
2294 3279 2325 3303 32
2342 3272 2416 3298 Fuis-

315 3296 330 3315 Ρ
341 3298 362 3316 Α
372 3298 383 3315 s
395 3296 417 3316 T
429 3298 436 3315 1
446 3296 464 3315 D
473 3297 483 3316 Ι
494 3296 508 3315 F.
517 3297 538 3316 Ν
547 3296 568 3314 Τ
578 3297 594 3316 Ε
604 3297 632 3316 R.
673 3290 741 3317 Adu.
797 3291 874 3326 Apul.
889 3292 954 3317 Met.
968 3298 980 3324 5
1001 3300 1025 3325 p.
1040 3292 1087 3317 166
1114 3293 1268 3320 Parentibus
1280 3294 1317 3321 fa·
1379 3300 1404 3325 sc
1418 3307 1505 3333 gerres
1518 3303 1563 3324 aut
1577 3297 1683 3323 inutiles
1698 3307 1800 3325 maenas
1812 3298 1888 3331 Odor
1902 3299 2049 3333 impudicus
2062 3302 2133 3328 vrcei
2146 3303 2286 3331 fatebatur.
2346 3307 2414 3335 Plin.

276 3324 411 3352 stidienter
424 3325 570 3360 appellatis.
1380 3338 1421 3366 36,
1436 3337 1469 3360 26
1483 3334 1500 3361 s.
1514 3336 1544 3366 65
1563 3332 1639 3359 Belus
1653 3334 1737 3360 amnis
1756 3349 1800 3354 ——
1818 3343 1872 3360 non
1885 3334 1932 3360 nisi
1943 3335 2031 3362 refuso
2044 3338 2111 3364 mari
2132 3346 2221 3365 arenas
2240 3340 2352 3375 fatetur,
2371 3343 2415 3369 ha-

312 3367 328 3386 F
337 3368 409 3387 AST
419 3369 428 3386 1
438 3367 455 3386 D
465 3369 473 3387 Ι
483 3368 503 3387 V
514 3368 538 3387 M
549 3381 558 3394 ‚
575 3360 594 3387 i·
624 3369 649 3386 n,
691 3358 862 3395 [βδέλυγμα]
933 3361 1072 3388 contemtus
1099 3368 1171 3396 atque
1196 3363 1316 3390 taedium
1326 3374 1363 3398 90
1379 3370 1433 3396 bere
1451 3370 1518 3396 illum
1533 3374 1644 3403 apparet.
1681 3370 1736 3395 Huc
1745 3368 1820 3404 pqffit
1833 3372 1906 3395 etiam
1923 3371 2016 3405 rqferri
2034 3373 2097 3398 illud
2112 3373 2212 3401 Cim—de
2226 3375 2256 3402 L.
2271 3376 2332 3410 Agr.
2347 3386 2370 3410 2,
2382 3386 2415 3414 57

273 3395 381 3422 ciborum
390 3397 545 3431 praesertim.
602 3397 669 3422 Nam
682 3399 708 3421 in
730 3398 809 3432 mensa
824 3405 847 3423 et
859 3397 936 3431 epulis
944 3397 1026 3432 fidem
1040 3400 1169 3432 inprimis
1180 3397 1267 3423 habere
1287 3408 1316 3424 ac
1377 3414 1399 3430 ς,
1414 3413 1442 3431 21
1463 3406 1538 3438 Qxae
1550 3403 1585 3429 est
1597 3403 1642 3428 ista
1655 3405 1787 3438 aequitas,
1801 3403 1869 3430 hunc
1883 3413 1972 3440 agrum
1985 3408 2104 3442 excipere
2117 3410 2291 3444 nominatim,
2307 3413 2353 3446 qui
2366 3423 2414 3447 pu-

277 3430 424 3456 domicilium
439 3432 543 3458 uidetur.
633 3432 779 3458 Fauorinus
792 3432 858 3467 apud
869 3432 937 3458 Gell-
952 3440 993 3464 13,
1013 3437 1026 3462 8
1062 3432 1190 3458 Praefeffi
1204 3433 1316 3467 popinae
1376 3438 1461 3465 bueus
1476 3443 1525 3466 ene
1541 3439 1670 3464 fateatur?
1687 3439 1716 3465 id
1728 3437 1776 3472 est,
1784 3439 1813 3475 fi
1826 3439 1869 3473 ‘Iffi’
1877 3441 2001 3476 publicum
2006 3443 2134 3479 fateatur.
2170 3445 2218 3473 Sed
2228 3448 2323 3473 malunt
2336 3448 2414 3484 paffi-
2446 3451 2447 3458 ¹

277 3471 355 3498 atque
368 3466 487 3492 luxuriae
501 3472 596 3502 negant
609 3475 716 3493 coenam
731 3467 828 3494 lautam
842 3468 907 3499 effe,
922 3467 981 3499 nili,
1001 3476 1061 3494 cum
1076 3467 1241 3494 libentissime
1253 3469 1316 3500 edis,
1374 3483 1404 3499 ve
1416 3474 1484 3509 sume
1501 3484 1513 3500 e
1528 3476 1578 3499 Lupi
1591 3472 1666 3499 (ἰθέῃ,
2446 3499 2448 3508 Ι

279 3505 336 3525 tum
347 3501 495 3533 auferatur,
523 3510 548 3529 et
562 3503 612 3529 alia
626 3504 681 3529 esca
697 3503 793 3529 melior
805 3509 883 3536 atquc
896 3503 1010 3537 amplior
1024 3504 1237 3529 sticcenturietur.
1291 3506 1316 3530 Is
1414 3515 1480 3535 FAS
1491 3515 1504 3535 s
1515 3516 1536 3535 v
1547 3515 1576 3540 s,
1594 3516 1624 3540 a,
1642 3517 1696 3535 um.
1731 3509 1825 3536 Partic.
1860 3510 2055 3546 [ὦμαλογηκῶς]
2090 3514 2226 3548 Ignoscere
2245 3516 2309 3544 fasso
2331 3519 2413 3546 Ouid.

278 3542 345 3559 nunc
361 3536 407 3560 flos
420 3545 515 3563 coenae
529 3538 640 3565 habetur
650 3539 719 3565 inter
732 3538 811 3571 istos,
835 3537 932 3572 quibus
951 3539 1048 3564 sumtus
1068 3544 1094 3565 et
1113 3538 1247 3565 fastidium
1265 3549 1314 3574 pro
1330 3552 1361 3578 95
1378 3545 1443 3571 Met,
1456 3553 1489 3576 ¹3⁷
1515 3549 1546 3576 89
1610 3545 1719 3569 Causam
1738 3544 1812 3571 famis
1830 3547 1927 3573 amoris
1948 3547 2021 3574 Idem
2034 3549 2098 3575 Met.
2113 3558 2138 3581 2,
2151 3552 2202 3580 836.
2258 3552 2294 3578 Da
2308 3555 2413 3582 veniam

278 3569 381 3595 facetiis
396 3572 512 3603 procedit
525 3580 569 3599 etc.
624 3574 750 3609 Sedpaeet
761 3578 833 3600 etiam
845 3576 940 3605 latius,
959 3581 982 3599 ct
996 3574 1030 3599 ad
1045 3576 1120 3600 aliam
1134 3575 1317 3610 quoquefiaeper-
1378 3581 1441 3606 saffo
1459 3580 1539 3606 Ouid.
1559 3587 1590 3604 ex
1605 3579 1678 3605 Pont.
1701 3588 1728 3611 4,
1742 3588 1766 3610 2,
1780 3588 1817 3613 23.
1871 3582 1910 3609 Da
1928 3583 2033 3609 veniam
2053 3584 2129 3610 falsae
2155 3584 2193 3611 Id.
2208 3587 2320 3614 Heroid.
2335 3598 2371 3622 19,
2385 3598 2413 3623 4.
2445 3586 2446 3591 ¹

277 3604 343 3630 biam
359 3613 547 3640 conterritamque
560 3610 675 3635 viliorum
688 3609 807 3645 refertur.
865 3610 951 3644 Itaque
968 3610 1075 3644 exempla
1090 3616 1208 3644 ponemus
1222 3614 1316 3645 promi·
1378 3617 1485 3642 Parcere
1497 3615 1560 3641 falso
1571 3613 1653 3640 Ouid.
1665 3614 1743 3648 Epist.
1759 3618 1796 3647 16,
1810 3625 1840 3643 11.
1913 3619 2006 3645 Manus
2019 3619 2095 3645 sanae
2109 3619 2180 3645 Idem
2196 3622 2286 3649 Amor,
2300 3632 2322 3656 3,
2337 3631 2360 3657 g,
2375 3634 2412 3652 22,

273 3640 341 3676 scuta
414 3640 469 3665 Cic.
485 3650 532 3673 pro
545 3643 574 3668 L.
587 3645 648 3677 Agr.
663 3654 674 3669 2
686 3665 693 3677 ,
711 3653 742 3671 20
770 3643 896 3679 Superbia
910 3649 969 3670 nata
982 3643 1052 3671 inibi
1065 3646 1112 3671 effe
1127 3654 1157 3671 ex
1173 3647 1317 3680 Campano·
1378 3651 1465 3677 Pudor
1479 3651 1554 3677 fassus
1568 3648 1605 3675 Id.
1621 3649 1653 3674 de
1664 3650 1727 3675 Arte
1736 3651 1791 3677 Am.
1806 3660 1830 3684 2,
1843 3655 1897 3686 556.
1952 3654 2037 3680 Voces
2051 3654 2126 3680 falsae
2140 3655 2221 3682 Ouid.
2236 3657 2268 3684 de
2276 3660 2339 3685 Arte
2351 3662 2410 3686 Am.
2446 3668 2448 3671 ’

279 3684 339 3701 rum
354 3674 460 3701 fastidio
474 3676 587 3702 videtur.
656 3680 692 3705 Id.
707 3680 738 3706 de
752 3681 813 3715 Opt.
829 3689 886 3714 gen.
899 3680 973 3706 Orat.
984 3684 1008 3708 18
1021 3689 1041 3705 c.
1052 3682 1068 3706 6
1089 3680 1169 3714 Qiod
1182 3681 1265 3715 igitur
1280 3682 1316 3708 est
1377 3695 1403 3718 2,
1418 3689 1475 3719 689,
1547 3685 1633 3711 Varro
1648 3684 1679 3710 de
1692 3685 1721 3711 L.
1736 3685 1764 3711 L.
1780 3695 1802 3720 ς,
1815 3695 1832 3722 7
1850 3698 1874 3723 p.
1889 3696 1927 3722 55,
1942 3697 1959 3716 z
1997 3688 2058 3716 Falli
2070 3694 2095 3715 et
2110 3691 2230 3724 confeffi,
2245 3694 2291 3728 qui
2304 3695 2354 3721 fati
2373 3695 2412 3728 id,

279 3719 372 3736 eorum
389 3710 415 3736 in
428 3711 593 3737 orationibus
607 3721 619 3737 e
633 3713 733 3741 Graeco
747 3715 877 3742 conuersis
891 3714 1024 3741 fastidium
1033 3735 1040 3746 ,
1060 3715 1160 3741 nullum
1174 3725 1234 3742 cum
1249 3717 1278 3743 iit
1289 3718 1316 3744 in
1324 3726 1371 3744 100
1378 3722 1451 3757 quod
1464 3720 1497 3748 ab
1510 3720 1551 3746 his
1563 3718 1715 3754 quaesitum.

278 3745 415 3772 versibus?
486 3746 616 3772 Omnibus
630 3747 658 3773 in
670 3749 746 3775 rebus
760 3751 939 3785 voluptatibus
952 3750 1074 3776 maximis
1087 3751 1221 3778 fastidium
1231 3773 1238 3784 ,
1256 3753 1315 3779 fini·
1413 3764 1460 3784 FA
1469 3764 1482 3783 s
1491 3764 1503 3782 s
1512 3763 1531 3781 v
1540 3762 1558 3781 R
1567 3762 1587 3780 v
1597 3762 1609 3781 s
1618 3774 1626 3785 ,
1644 3763 1657 3780 a
1666 3775 1673 3787 ‚
1694 3765 1746 3783 um.
1783 3758 1876 3785 Partic.
1912 3758 2154 3794 [ὃμολογησόμενος]
2190 3762 2271 3789 Ouid.
2289 3764 2353 3792 Met.
2373 3773 2412 3799 14,

280 3781 376 3807 timum
390 3781 426 3807 est
449 3781 504 3807 Cic·
519 3781 550 3807 de
563 3783 656 3813 Orat-3
669 3792 689 3809 c·
698 3792 734 3816 25.
804 3785 946 3812 Fastidium
959 3786 987 3812 in
999 3785 1064 3812 cibis
1073 3805 1081 3818 ,
1099 3786 1257 3814 redundatio
1265 3788 1315 3815 sto·
1375 3799 1417 3826 353
1438 3791 1511 3824 Qiid
1526 3796 1632 3824 cuperet
1645 3791 1738 3818 fassura
1753 3793 1814 3820 fuit.

281 3816 367 3842 machi
376 3836 382 3845 .
403 3815 501 3842 indices
515 3818 572 3843 sunt
586 3816 702 3843 hominis
718 3819 835 3846 inchoati
865 3822 930 3847 Plin.
944 3829 977 3855 7,
990 3824 1015 3848 6.
1056 3821 1116 3855 defi
1143 3825 1174 3847 zis
1185 3824 1314 3859 grauidae.
1413 3833 1461 3853 ΡΑ
1470 3833 1490 3852 Τ
1499 3833 1508 3852 1
1517 3833 1535 3852 D
1545 3833 1554 3851 1
1564 3830 1582 3851 C
1593 3832 1613 3851 V
1623 3833 1635 3852 S
1644 3848 1652 3859 ,
1674 3833 1690 3852 F
1700 3834 1720 3853 Α
1731 3834 1752 3854 Τ
1765 3835 1772 3854 1
1782 3835 1822 3855 PE
1832 3835 1866 3861 R,
1899 3829 1954 3855 vid.
1979 3835 2024 3856 ΡΑ
2033 3837 2054 3856 Τ
2063 3837 2083 3855 V
2094 3836 2130 3857 M.

280 3853 353 3878 Citra
366 3851 517 3886 fastidium,
535 3851 588 3878 vid.
605 3858 622 3877 C
632 3859 640 3877 1
650 3859 670 3878 T
679 3859 697 3878 R
706 3861 736 3879 Α.
825 3855 888 3882 Cibi
901 3857 1002 3882 satietas
1015 3861 1042 3883 et
1053 3857 1112 3883 fasti
1133 3857 1188 3884 ium
1214 3858 1269 3885 Cic.
1283 3858 1316 3885 de
1412 3867 1429 3887 1.-
1438 3867 1490 3887 A'r
1499 3861 1540 3886 iG
1549 3867 1568 3886 o
1577 3879 1584 3892 ,
1610 3865 1662 3887 arc.
1697 3863 1835 3896 [ἐνοχλέω,
1860 3865 2014 3898 ›curari-ovim]
2055 3865 2100 3891 Ad
2112 3864 2275 3899 lqffltudinem
2288 3868 2412 3902 deducere,

278 3888 381 3916 Inuent.
396 3896 424 3922 1,
441 3895 481 3921 25.
560 3887 660 3915 Rerum
679 3888 881 3919 domesticarum
898 3891 1033 3920 fastidium
1067 3892 1107 3921 ld.
1120 3892 1153 3919 de
1166 3893 1225 3920 Fin.
1240 3902 1266 3928 1,
1285 3901 1433 3932 10105quae
1452 3899 1557 3923 maxime
1577 3897 1690 3932 vulgaris
1708 3902 1776 3926 notio
1790 3897 1832 3933 est.
1867 3899 1917 3929 Sed
1926 3901 2003 3928 latiur
2014 3905 2104 3936 patere
2115 3901 2216 3931 videtur
2227 3906 2270 3930 vis
2286 3905 2375 3936 Verbi,
2388 3913 2412 3931 ,a

470 3939 477 3946 ²
1043 3939 1052 3942 .
2314 3943 2412 3969 notione
