2479 4225
272 176 347 214 599
650 159 684 198 F
769 158 809 197 A
892 152 941 192 M

276 258 332 280 tum
346 254 484 283 exportare
497 252 553 274 erat
566 247 640 275 ausus
653 247 708 273 Cic.
724 254 772 279 pro
786 244 867 270 Flacc.
886 246 923 273 17.
960 273 964 277 ⁵
990 236 1124 277 ‘Patientia
1138 234 1216 261 famis
1230 240 1255 274 et
1268 233 1314 260 fri-

276 288 347 322 goris
360 287 431 312 Idem
444 285 472 311 in
484 284 563 310 Catil.
577 292 595 315 1,
610 285 651 309 26.
719 279 924 306 Condimentum
943 272 998 299 c1b1
1015 273 1096 299 fames
1115 271 1153 298 Id.
1168 270 1199 296 de
1214 270 1271 296 Fin.
1287 277 1312 300 2,

277 332 312 356 90
332 331 353 347 c.
369 326 407 350 28.
478 320 545 345 Auri
557 319 637 345 fames
654 316 756 355 metaph.
770 317 788 354 i.
803 310 927 346 cupiditas
943 309 1003 349 §em
1017 308 1110 347 O&au.
1124 308 1141 333 s.
1156 313 1181 340 7.
1203 311 1227 331 et
1240 305 1314 344 Virg.

278 359 343 384 Aen.
356 364 378 388 3,
392 362 431 390 57.
457 354 515 381 Vid.
534 364 589 381 mox
612 351 751 386 Imperiosa
769 354 798 374 ιι.
814 343 994 379 Iuexplebilis.
1027 379 1032 384 .
1066 343 1198 370 Cibotum
1219 346 1314 366 vetito-

279 401 339 419 rum
358 393 440 417 fames
463 390 544 417 Ouid.
559 391 622 416 Met.
643 389 735 416 15,138.
804 380 884 407 Arc‘ta
900 380 981 406 fames
1008 379 1054 405 811.
1076 387 1101 413 7,
1122 385 1177 412 279.
1249 378 1313 402 Atra

279 426 373 455 Claud.
387 427 416 453 in
432 427 510 461 prim.
529 425 606 452 Cons.
620 421 675 448 Stil.
692 429 709 449 1,
723 425 793 459 2793
836 417 902 443 Dira
916 415 997 455 Ouid.
1012 416 1075 441 Met.
1090 420 1111 454 g,
1128 419 1184 446 845.
1239 411 1314 437 Dura

279 465 347 490 Hor.
357 463 438 489 Serm.
454 470 473 494 1,
489 470 510 493 2,
524 463 548 486 6.
614 456 710 482 Idonea
730 452 796 478 ceu.
813 460 831 483 1,
846 460 867 483 3.
933 452 1025 477 Ieiuna
1044 449 1126 476 Ouid.
1140 449 1203 474 Met.
1221 452 1242 477 8,
1255 455 1313 481 791.

279 497 411 532 Qfinfffl,
425 497 495 523 Ded,
512 504 535 521 12
553 502 576 526 p,
590 499 641 524 249
677 488 815 522 Postquam
833 495 941 514 omnem
960 486 1114 521 patientiam
1127 484 1226 510 vicerat
1239 484 1316 516 ignea

279 535 371 561 fames,
390 536 409 559 ι’,
429 533 557 559 Acerrima
580 532 602 551 et
624 522 836 557 vehemenuffima.
908 522 1052 557 Imperiosa
1074 520 1133 547 auri
1165 520 1263 545 Lucan.
1283 516 1316 557 ad

280 570 365 596 Pisou.
381 574 435 598 208,
503 565 663 589 Inattennata
682 559 803 585 manebat
822 558 903 585 Ouid.
917 559 981 586 Met.
996 563 1019 589 8,
1035 562 1097 589 844·
1153 553 1316 594 *luci-<plebi-

280 605 314 632 lis
327 606 465 631 Honorum
479 599 547 625 Flor.
562 605 584 627 3,
599 604 635 626 21,
647 597 672 621 6.
691 598 709 620 i.
730 594 840 620 ambitio.
897 593 1043 620 Inextimfta
1056 590 1137 618 Ouid.
1151 589 1246 616 mlbln
1260 593 1316 622 428.

280 642 370 667 lusam
379 659 385 670 ‚
409 640 426 663 i,
448 636 574 663 Maxima,
588 632 626 657 uel
633 631 702 665 ,Quae
714 629 748 656 ad
760 629 882 665 insaniam
896 631 991 665 redigit
1003 629 1111 655 homines
1124 627 1221 653 Lucan.
1230 632 1316 660 7,413.

280 672 425 703 Maltsuada
439 669 510 702 Virg.
527 668 591 693 Aen.
604 668 629 697 6,
642 668 703 700 276.
773 665 871 691 Misera
892 666 958 691 Hor.
972 666 1059 691 Carni.
1075 672 1094 695 1,
1108 671 1142 693 21,
1158 670 1191 700 13.
1262 659 1316 700 Ob-

280 712 353 738 scena
368 708 439 739 Vix-g.
454 705 516 730 Aen.
531 711 553 734 3,
566 705 623 736 367.
677 700 800 726 Pestifera
815 699 967 726 Ouid.Met.
982 704 1072 734 &784
1126 697 1228 723 Rabida
1242 697 1318 729 virg.

281 747 345 772 Aen.
361 746 386 774 6,
398 742 457 774 276.
512 738 586 764 Sacra
599 736 658 763 auri
671 736 743 762 Idem
755 736 819 761 Aen.
834 744 856 768 3,
871 743 911 770 57.
940 736 1053 762 Tralata.
1124 734 1205 759 Saeua
1219 733 1316 758 Lucan.

280 789 307 812 4,
321 787 358 811 93,
430 774 528 800 Vesana
554 773 629 806 Virg.
643 773 707 797 Aen:
727 780 751 803 9,
766 780 824 803 340.
899 771 1024 797 Violenta
1047 769 1163 796 Laciant.
1178 769 1206 794 in
1220 767 1318 793 Phoen.

280 813 300 851 q
320 821 335 838 2
376 809 507 837 Verborum
515 808 656 843 formulae:
693 806 803 833 Absumi
818 806 904 839 fame,
923 807 976 833 vid.
997 812 1137 832 ABSVMO.
1194 803 1248 830 Cic.
1263 804 1318 828 Att.

281 858 299 879 1,
315 856 337 878 13
365 845 493 879 Triginta
511 844 635 875 fuerunt,
652 851 718 877 quos
734 842 816 868 fames
837 842 919 876 magis
935 850 1014 877 quam
1035 841 1105 867 fama
1126 844 1318 866 commouerat.

278 883 448 916 Compescere
461 880 557 906 famem
574 879 632 905 Seu.
646 877 756 912 Hippol.
771 885 817 910 515.
889 877 1073 911 Comprimcre
1088 876 1178 902 seruos
1193 875 1261 901 fame
1271 894 1278 905 ‚
1299 876 1318 899 i.

278 920 421 952 Opprimere
435 922 458 942 et
471 924 562 941 vexare
572 914 679 948 leian.
694 914 721 939 in
735 913 751 939 1.
772 922 780 939 1
793 911 816 949 §.
831 912 903 947 quod
917 920 1006 939 autem
1021 913 1053 938 D.
1068 911 1100 938 de
1113 909 1182 937 offic.
1191 908 1316 937 Praese&

276 953 336 979 vrb.
407 950 508 977 Confici
527 949 672 976 inextincta
685 949 754 975 fame
777 949 859 975 Ouid.
874 950 902 974 111
914 948 974 975 Ibin
990 953 1049 982 423.
1120 946 1263 973 Confe&us
1281 944 1318 971 fa—

277 997 320 1014 me
330 1009 339 1022 ‚
360 986 414 1013 vid.
437 992 605 1013 CONFlClo.
643 985 699 1011 Cic.
713 984 791 1011 Catil.
810 992 818 1010 1
839 993 861 1010 c.
874 993 911 1010 10.
977 983 1116 1010 Consumit
1129 983 1226 1008 famem
1241 982 1269 1007 in
1283 986 1319 1006 te-

277 1032 340 1050 nera
363 1031 429 1056 agna
450 1023 512 1049 Stat.
526 1020 619 1047 Theb.
634 1026 657 1052 8,
672 1022 729 1055 576.
750 1019 778 1045 de
791 1020 866 1045 leone.
938 1019 1078 1053 Depellere
1101 1017 1194 1044 duram
1221 1017 1320 1043 famem

277 1060 345 1085 Hor.
356 1058 438 1084 Serm.
454 1066 473 1087 1,
489 1066 514 1090 2,
528 1059 553 1083 6.
625 1056 738 1090 Depulsa
750 1055 831 1081 fames
844 1060 870 1081 et
888 1054 942 1081 fitis
955 1055 1017 1081 cibo
1036 1060 1061 1080 et
1080 1054 1190 1088 potione
1217 1054 1271 1079 Cic.
1288 1052 1320 1077 de

278 1095 336 1121 Fin.
351 1103 370 1126 1,
384 1101 414 1127 37
428 1102 449 1118 c.
465 1101 496 1119 11.
551 1092 689 1126 Deponere
704 1092 810 1125 longam
825 1091 922 1117 famem
934 1090 1014 1118 Ouid.
1028 1090 1093 1116 Fast.
1109 1092 1135 1121 6,
1151 1098 1200 1119 530.
1260 1088 1316 1114 Cic.

277 1139 327 1165 pro
340 1130 444 1155 cluent.
461 1130 495 1162 67
532 1128 587 1153 Iam
608 1127 658 1154 hoc
679 1126 954 1161 ignoratis‚1udices‚
973 1132 1001 1152 vt
1020 1125 1099 1152 etiam
1114 1124 1229 1156 bestiae,
1248 1123 1318 1150 fame

278 1166 430 1192 dominante
450 1164 606 1198 plerumque
624 1163 656 1189 ad
673 1172 733 1189 eum
752 1163 855 1194 locum,
873 1161 919 1187 vbi
933 1162 1017 1197 pastae
1035 1160 1179 1195 aliquando
1198 1159 1263 1191 sint,
1281 1167 1322 1185 re-

278 1201 431 1227 vertantur?
468 1198 645 1231 Dominante,
657 1201 805 1233 imperante,
817 1204 925 1234 cogente.
998 1197 1095 1223 1311οἃ3
1112 1196 1180 1222 fame
1198 1196 1271 1226 auis,
1292 1195 1320 1220 iu

279 1236 358 1263 offam
380 1234 457 1269 pultis
477 1233 580 1260 inuadit
599 1233 654 1261 Cic.
669 1232 701 1260 de
715 1233 807 1259 Diuin.
825 1242 847 1265 2,
861 1241 886 1267 7.
905 1236 923 1259 ι’.
942 1240 1042 1259 vexata.
1113 1233 1222 1258 Exemta
1238 1230 1320 1256 fames

278 1272 362 1306 epulis
375 1271 450 1304 Virg.
465 1271 527 1296 Aen.
542 1278 562 1302 1,
577 1277 632 1295 220.
703 1269 760 1295 Cic.
777 1278 826 1303 pro
841 1269 929 1295 Domo
942 1271 970 1294 61
985 1277 1006 1294 c.
1022 1277 1050 1300 23
1074 1267 1133 1294 Nec
1147 1267 1188 1294 illi
1200 1275 1318 1292 caemen-

278 1308 311 1333 tis
325 1316 352 1332 ac
365 1306 460 1341 tegulis
475 1305 607 1332 tectorum
621 1313 742 1331 meorum
754 1305 779 1330 se
793 1304 892 1331 famem
907 1305 978 1330 suam
990 1304 1140 1338 expleturos
1153 1306 1320 1337 putauerunt.

280 1343 450 1369 Exstimulata
464 1341 530 1367 fame
547 1340 623 1374 tigris
640 1340 720 1367 Ouid.
735 1340 799 1366 Met.
813 1348 835 1373 5,
849 1341 902 1372 165.
972 1340 1053 1366 Ferre
1066 1338 1163 1364 famem
1178 1344 1201 1363 et
1217 1337 1321 1371 frigora

279 1378 376 1404 Catull.
390 1380 433 1409 26,
448 1384 470 1409 5.
540 1377 671 1411 Frangere
689 1375 835 1408 symmach.
849 1376 895 1410 Ep.
915 1384 933 1405 1,
953 1383 991 1408 23.
1060 1374 1143 1400 Hians
1162 1374 1263 1407 semper
1285 1372 1321 1399 fa-

279 1423 334 1440 mes
347 1413 403 1440 Sen.
418 1411 530 1445 Thycst.
543 1413 560 1438 s.
577 1421 595 1438 1.
652 1412 740 1437 Iacens
759 1411 857 1437 moesta
875 1411 957 1436 fames
975 1408 1071 1437 rabido
1086 1409 1156 1436 rictu
1169 1410 1227 1436 Seu.
1241 1409 1320 1434 Herc.

281 1449 331 1475 fur.
344 1450 363 1475 s.
379 1458 405 1481 9.
477 1447 590 1482 Implere
609 1446 704 1473 famem
726 1446 797 1480 gazis
824 1446 896 1472 Idem
911 1447 989 1472 Herc.
1010 1446 1070 1472 Oet.
1091 1446 1109 1472 s.
1129 1453 1150 1477 5.
1222 1443 1321 1471 lnceffit

279 1485 360 1511 fames
369 1503 376 1515 ,
399 1482 452 1510 vid.
474 1491 483 1509 1
495 1491 515 1509 N
526 1488 543 1509 C
557 1489 572 1509 E
582 1490 613 1509 ss
623 1489 654 1509 o.
710 1483 811 1508 Inferre
832 1482 929 1508 famem
948 1481 1068 1513 ciuibus,
1089 1481 1141 1507 uid.
1159 1486 1199 1506 IN
1208 1486 1224 1506 F
1234 1487 1250 1506 E
1260 1487 1278 1506 R
1290 1485 1322 1505 0.

279 1519 362 1547 Infixa
381 1519 461 1546 fames
481 1518 583 1545 intimis
602 1517 723 1544 medullis
739 1518 797 1543 Sen.
817 1517 930 1549 Thyest.
945 1517 962 1542 s.
979 1525 997 1542 1.
1070 1515 1167 1543 Inuafit
1185 1516 1267 1542 fames
1283 1515 1322 1541 Si-

281 1555 406 1588 cyonios,
424 1554 476 1580 vid.
498 1560 635 1580 1NVADO.
707 1553 842 1579 Laborare
854 1553 940 1584 fame,
961 1551 1014 1578 vid.
1037 1558 1150 1578 LABOR.
1220 1552 1321 1577 Leuare

282 1591 379 1617 famem
392 1590 485 1616 fronde
501 1589 580 1615 Ouid.
596 1589 673 1623 Epist.
688 1598 727 1621 14,
741 1591 782 1621 96.
853 1589 999 1614 Luxuriata
1017 1587 1099 1614 fames
1113 1587 1207 1613 multo*
1221 1586 1321 1621 sangui-

281 1635 314 1651 ne
337 1619 506 1651 StatsTheb.
526 1633 550 1656 2,
569 1627 630 1658 677.
702 1625 806 1650 Necare
826 1623 929 1658 plebem
948 1623 1017 1649 fame
1044 1623 1099 1650 Cic.
1120 1624 1156 1656 Q
1173 1623 1240 1649 Frat.
1257 1631 1279 1653 2,
1299 1630 1320 1654 3.
1332 1633 1369 1658 40
1383 1620 1432 1648 Sed
1446 1621 1581 1655 primum,
1605 1622 1702 1655 inquit,
1724 1618 1791 1645 illud
1808 1619 1884 1651 vide,
1911 1620 2083 1654 grauiffimam
2102 1620 2177 1647 illam
2196 1620 2428 1647 vestramsenten-

282 1660 398 1687 Necatus
419 1660 503 1691 fame,
527 1659 579 1685 uid.
604 1664 675 1685 NEC
688 1665 719 1684 0.
787 1660 922 1693 Opsonare
945 1659 1106 1685 ambulando
1131 1659 1229 1685 famem
1261 1657 1319 1684 Cic.

283 1696 366 1722 Tusc.
382 1704 404 1728 ς,
418 1702 460 1729 97.
483 1694 536 1720 uid.
558 1700 648 1721 orso
659 1701 681 1719 N
692 1701 730 1720 iv
740 1701 774 1720 M.
844 1695 900 1721 Pati
920 1695 1016 1720 famem
1041 1694 1123 1721 Ouid.
1138 1695 1166 1720 in
1180 1694 1240 1720 Ibin
1264 1696 1320 1727 617.

282 1731 381 1758 Pellere
395 1729 487 1764 glande
502 1730 598 1756 famem
617 1728 727 1755 Tibull.
742 1737 767 1760 2,
782 1737 802 1760 1-,
817 1734 852 1759 33.
922 1730 1031 1755 Perduci
1050 1729 1082 1755 ad
1102 1730 1266 1756 exitiabilem
1286 1730 1322 1754 fa.

282 1775 352 1792 mem
372 1767 468 1792 Patere.
484 1774 506 1797 2,
522 1773 571 1791 112.
643 1764 762 1791 Perferre
782 1764 893 1795 famem,
913 1764 964 1790 vid.
984 1770 1140 1790 PERPERO.
1211 1763 1322 1789 Releuat

281 1801 357 1834 eopia
373 1801 444 1826 nulla
455 1800 552 1826 famem
571 1799 652 1826 Ouid.
667 1801 729 1826 Met.
746 1808 777 1832 11,
792 1807 842 1831 129.
913 1799 997 1825 Solari
1016 1799 1111 1825 famem
1133 1806 1231 1832 quercu
1244 1798 1320 1830 Virg.

282 1837 380 1869 Georg.
395 1845 415 1866 1,
428 1843 479 1866 ¹39·
548 1835 657 1861 Soluere
675 1835 772 1861 famem
796 1835 852 1860 Sen.
866 1834 978 1866 Thyest.
994 1843 1013 1861 1.
1084 1833 1240 1859 Stimulante
1253 1833 1321 1858 fame

281 1871 372 1897 furens
385 1868 491 1896 Tibull.
507 1877 525 1900 1,
540 1877 562 1900 5,
577 1877 612 1900 53.
683 1870 839 1895 stimulante
858 1870 926 1895 fame
945 1878 1023 1903 rapax
1040 1869 1116 1902 lupus
1140 1867 1220 1894 Ouid.
1235 1867 1322 1893 Trist.

283 1915 303 1939 1,
317 1914 340 1939 5,
353 1914 378 1938 9.
448 1904 578 1930 Sustinere
597 1903 710 1935 famem,
733 1904 786 1929 vid.
813 1910 979 1929 svscrmzo.
1050 1903 1196 1928 Sustentare
1215 1903 1322 1933 famem,

279 1942 334 1968 vid.
357 1945 534 1966 SVSTENTO.
606 1938 686 1964 Ouid.
701 1946 732 1963 ex
746 1939 818 1963 Pont.
835 1946 853 1967 1,
868 1945 892 1967 2,
907 1944 939 1971 87
967 1937 1102 1970 Quodque
1121 1936 1189 1962 sitim
1205 1936 1322 1962 didicere

282 1976 328 2003 diu
340 1976 474 2002 Tolerare
488 1974 645 2007 famemque.
681 1975 718 1999 De
733 1973 833 2007 Scythis
851 1973 977 2006 quuitur,
999 1975 1041 2006 qui
1059 1972 1109 2004 (ot
1129 1979 1157 1996 ex
1177 1969 1323 2003 EraJfflt-ato

280 2012 362 2048 refert
375 2010 442 2037 Gell.
460 2013 496 2042 16,
510 2013 540 2041 3)
554 2008 669 2036 inediam
687 2008 733 2035 diu
746 2008 890 2042 perferunt.
927 2007 953 2033 Si
967 2007 1037 2033 enim
1053 2006 1082 2032 fit
1096 2006 1170 2037 vfus,
1183 2013 1211 2032 vt
1225 2006 1323 2031 famem

280 2047 385 2082 longius
398 2046 548 2077 Tulei-ent,
564 2045 649 2071 fasciis
664 2051 785 2070 ventrem
799 2042 954 2070 strietiffime
974 2042 1171 2076 circumligant:
1195 2050 1247 2076 qua
1261 2050 1323 2067 ven-

281 2084 330 2110 tris
350 2081 536 2116 compreffione
555 2081 727 2108 esuritionem
748 2079 890 2113 depellunt.
962 2078 1097 2104 Tolerare
1111 2078 1224 2108 famem,
1235 2078 1325 2102 aliter:

281 2118 336 2145 vid.
357 2122 496 2144 TOLERO.
567 2116 693 2151 Torpent
706 2114 775 2142 tristi
789 2113 909 2140 membra
923 2113 992 2138 fame
1005 2112 1097 2139 Claud.
1111 2112 1143 2138 de
1152 2113 1271 2145 Magnete
1283 2120 1325 2137 20.

282 2154 330 2180 Vti
349 2153 417 2179 fame
436 2152 502 2179 Cels.
520 2156 543 2183 8,
557 2158 598 2178 10:
770 2147 790 2186 q
814 2157 825 2182 3
864 2148 921 2184 Obsi
939 2149 978 2174 De
992 2149 1163 2173 Det-linationc
1176 2147 1250 2172 huius
1274 2148 1323 2171 No-

282 2191 359 2216 minis
369 2194 450 2214 monet
462 2187 530 2213 Gell.
545 2196 571 2219 9,
588 2195 617 2219 14
633 2185 665 2212 ab
680 2194 712 2212 eo
726 2184 798 2220 quod
813 2184 848 2211 est
860 2183 923 2210 haec
937 2184 1043 2214 Fames,
1061 2182 1139 2207 huius
1153 2181 1228 2207 Fami
1247 2181 1324 2217 dixis-

275 2224 306 2261 fi
319 2227 449 2258 antiquos,
463 2229 492 2248 vt
508 2222 550 2248 hic
565 2221 636 2253 dies,
651 2221 730 2248 huius
745 2220 791 2247 dii.
830 2220 900 2246 Certe
909 2222 1019 2254 quintam
1034 2218 1227 2257 Declinationem
1240 2219 1326 2253 arguit

282 2263 357 2286 etiam
378 2258 492 2284 Ablatiui
514 2258 593 2283 Fame
615 2258 704 2283 ultima
725 2257 808 2292 longa.
853 2257 892 2282 De
904 2257 1034 2282 Nominat.
1054 2253 1141 2279 Famis
1158 2261 1214 2279 mox
1229 2256 1325 2288 agimus

277 2293 334 2331 post
358 2299 516 2320 rAmrsco.
1273 2292 1275 2294 ’

320 2336 337 2357 F
347 2336 368 2355 A
377 2336 401 2355 Μ
410 2335 451 2356 ΕΙ.
463 2327 473 2354 ἶ
483 2334 499 2354 C
510 2335 530 2354 V
540 2334 553 2355 s
562 2346 571 2359 ,
588 2336 620 2359 a,
640 2336 695 2353 um.
732 2326 793 2352 Adi.
828 2327 982 2358 [πειναλέος]
1031 2325 1083 2359 Qui
1094 2323 1180 2349 edendi
1191 2322 1327 2358 cupiditate

283 2374 299 2391 a
318 2368 379 2391 itur.
446 2364 526 2390 Plaut.
540 2362 608 2389 Rud.
625 2372 650 2393 2,
671 2371 700 2394 2,
721 2365 737 2388 6
776 2362 907 2388 Maritimi
921 2382 927 2393 ‚
948 2360 1068 2387 famelica
1090 2359 1230 2385 hominum
1243 2358 1326 2384 natio.

317 2409 353 2426 er.
369 2400 433 2425 Eun.
448 2408 470 2431 2,
486 2408 497 2424 2
508 2419 516 2431 ,
533 2407 566 2430 29
597 2398 645 2425 Ille
658 2398 705 2424 vbi
720 2397 814 2428 miser,
834 2397 989 2428 famelicus,
1016 2396 1087 2422 videt
1100 2403 1142 2421 me
1157 2395 1205 2421 effe
1229 2394 1258 2420 in
1272 2400 1326 2420 tan-

282 2441 339 2463 tum
354 2435 499 2466 honorem,
520 2440 565 2459 cta.

320 2477 337 2497 F
347 2477 368 2496 A
378 2477 402 2496 Μ
410 2477 426 2496 Ε
436 2476 451 2495 1.
461 2476 469 2494 1
479 2476 495 2496 C
504 2476 522 2495 O
533 2475 547 2494 S
556 2475 576 2494 V
586 2475 598 2494 s
609 2488 617 2500 ,
636 2477 650 2494 a
659 2488 667 2500 ,
691 2477 744 2494 um.
783 2467 842 2494 Adi.
880 2464 1068 2500 [ζ’κλιμιώδης]
1121 2466 1172 2500 Qi
1179 2464 1327 2500 frequenter

277 2506 414 2567 {amem-us
426 2503 474 2538 est:
510 2503 697 2530 Famelicosam
714 2509 810 2530 terram
824 2508 926 2529 veteres
939 2501 1083 2534 vocabant,
1103 2501 1161 2535 teste
1176 2502 1194 2527 F
1198 2500 1268 2531 esto,
1287 2509 1330 2535 pa-

294 2541 399 2568 ustrem.

322 2584 337 2603 F
347 2584 367 2602 A
379 2583 403 2601 M
414 2581 428 2600 F
438 2582 474 2602 sc
483 2581 501 2601 0
510 2595 518 2607 ,
538 2575 591 2601 ere.
647 2573 746 2610 Efiaerire
757 2573 873 2601 Alcimus
886 2572 920 2600 ad
932 2573 1021 2600 Soror.
1036 2580 1090 2608 740
1119 2572 1174 2599 Ora
1188 2572 1328 2598 famescen-

284 2617 342 2639 tum
356 2612 429 2637 satiet
445 2611 491 2644 qui
505 2610 561 2636 dira
574 2610 700 2636 ferarum.

323 2654 339 2673 F
349 2654 369 2673 A
380 2654 403 2672 Μ
416 2653 423 2671 1
436 2654 465 2677 s,
488 2645 517 2670 is.
543 2645 563 2670 f.
601 2644 667 2670 Idem
680 2643 744 2679 quod
761 2645 852 2670 Fames.
913 2645 999 2671 Varro
1015 2642 1047 2670 de
1061 2644 1092 2669 R.
1108 2644 1139 2670 R.
1153 2651 1184 2674 z,
1203 2651 1215 2674 5
1245 2641 1329 2675 Algor

286 2691 328 2708 eas
342 2688 367 2708 et
380 2681 458 2707 famis
471 2680 628 2706 macrescere
641 2680 719 2712 cogit.
797 2678 918 2705 Prudent.
937 2679 1070 2711 Psyehom.
1086 2686 1140 2713 479
1176 2677 1328 2712 Spoliatque

287 2719 346 2743 suos
360 2717 438 2743 famis
453 2715 575 2749 improba
588 2719 671 2740 natos.
727 2713 799 2747 Conf.
813 2716 900 2740 Barth.
914 2715 1020 2750 Aduers.
1039 2725 1080 2749 41,
1090 2724 1113 2745 3.
1133 2720 1156 2739 et
1168 2724 1205 2748 51,
1218 2723 1242 2747 9.

325 2756 643 2781 FAMIGERATOR,
662 2754 967 2780 FAMlGERATlo,
988 2753 1331 2779 FAMlGERAlMLls,

288 2793 332 2813 etc.
375 2786 433 2812 Vid.
453 2793 497 2812 ΡΑ
509 2792 533 2811 Μ
544 2792 576 2811 A.

325 2828 342 2848 F
352 2829 373 2848 A
383 2829 407 2847 Μ
419 2830 428 2847 1
438 2829 453 2848 L
464 2829 473 2847 1
482 2829 500 2847 Λ
511 2841 519 2853 ,
538 2829 576 2846 30.
608 2819 627 2845 f.
663 2824 686 2844 et
699 2821 801 2853 antiquo
810 2818 880 2853 Casu,
898 2821 1026 2854 inprimis
1037 2828 1089 2844 cum
1104 2820 1178 2845 Pater
1194 2825 1217 2843 et
1232 2819 1315 2845 Filius
1323 2838 1332 2850 ,

290 2857 431 2888 Familias,
455 2866 512 2883 υ.υ.
548 2851 639 2888 [afran
658 2854 773 2887 οἰκετεία,
792 2852 902 2888 πατριαὶ]
957 2853 1076 2889 Qisunt
1089 2857 1115 2879 in
1130 2863 1179 2880 vna
1196 2853 1281 2886 doma,
1299 2855 1330 2880 11².

287 2893 342 2919 beri
357 2893 465 2928 etstrui.
506 2891 635 2920 Οἰκετείοι,
654 2891 715 2922 γένος
730 2890 788 2915 Vet.
804 2889 883 2915 Glon'.
940 2890 1023 2915 Antea
1049 2889 1154 2925 (inquit
1170 2889 1275 2921 Festus)
1301 2890 1329 2916 in

290 2927 395 2954 Liberis
409 2926 562 2954 hominibus
577 2925 728 2956 dicebatur,
754 2933 869 2959 quorum
891 2923 942 2950 dux
956 2930 981 2950 et
1002 2925 1121 2959 princeps
1137 2925 1239 2959 generis
1256 2934 1330 2951 voca-

288 2963 368 2990 batur
383 2964 471 2993 Pater,
491 2970 516 2989 et
530 2963 615 2988 Mater
628 2960 754 2986 familiae.
810 2960 885 2986 Vnde
900 2960 1026 2987 Familiae
1038 2960 1172 2986 nobilium
1188 2961 1332 2994 Pompilio-

288 3008 364 3028 rum,
384 2998 569 3030 Valeriorum,
588 2996 791 3024 Corneliorum
828 3001 852 3021 et
867 2996 1032 3026 Familiares,
1058 2996 1093 3022 Ex
1114 2997 1203 3022 eadem
1218 2996 1330 3022 familia.

290 3034 378 3061 Postea
393 3034 443 3060 hoc
467 3033 575 3060 nomine
597 3033 678 3058 etiam
700 3030 803 3057 Famuli
823 3031 949 3065 appellari
966 3038 1126 3066 coeperunt,
1152 3037 1298 3066 permutata
1319 3033 1331 3058 Ι

291 3079 350 3096 curn
365 3071 387 3095 V
404 3069 489 3096 litera.
528 3066 654 3095 HaHenus
668 3066 764 3093 Festus.
836 3068 912 3092 Varr.
926 3067 958 3093 de
973 3068 1002 3093 R.
1018 3068 1047 3093 R.
1062 3076 1080 3099 1,
1097 3070 1123 3093 16
1147 3068 1173 3093 Si
1193 3067 1225 3093 ab
1245 3067 1330 3093 fundo

289 3105 394 3139 longius
408 3105 500 3131 absunt
513 3104 609 3138 oppida
623 3109 667 3129 aut
682 3102 751 3134 vici,
768 3100 857 3128 fabros
869 3108 975 3136 parent,
997 3112 1064 3136 quos
1084 3102 1194 3129 habeant
1207 3103 1235 3129 in
1249 3103 1330 3135 villa,

290 3141 307 3167 {i
322 3147 437 3167 caeteros
452 3140 605 3166 necessarios
619 3138 738 3169 artifices,
765 3146 798 3163 110
812 3137 843 3163 de
857 3137 940 3163 fundo
955 3137 1056 3164 familia
1070 3137 1102 3164 ab
1116 3147 1196 3172 opere
1209 3138 1331 3164 discedat.

291 3177 359 3210 Nep.
375 3177 428 3203 Att.
445 3184 469 3207 13
500 3176 564 3201 Vsus
577 3174 612 3200 est
625 3173 737 3204 familia,
755 3172 772 3199 11
788 3172 901 3198 vtilitate
915 3173 1085 3199 iudicandum
1101 3174 1146 3207 est,
1161 3174 1276 3208 optima3
1311 3173 1329 3199 11

290 3212 394 3243 forma,
421 3211 467 3237 vix
490 3210 621 3237 mediocri
656 3225 702 3229 --
727 3207 881 3242 anagnostae
917 3223 961 3227 —
979 3208 1085 3235 librarii
1120 3223 1165 3229 ·—
1185 3209 1330 3244 pedisequi.

292 3247 398 3281 leian.
413 3247 442 3272 in
456 3247 496 3272 l.2
518 3244 672 3283 §.familiae
697 3245 729 3270 D.
742 3244 771 3270 vi
784 3244 915 3270 bonorum
929 3249 1079 3277 raptorum,
1101 3245 1228 3271 Familiae
1242 3252 1330 3271 autem

289 3282 432 3317 appellatio
446 3283 534 3309 seruos
547 3281 677 3307 continet:
714 3280 763 3306 hoc
783 3279 818 3305 cst
832 3288 886 3311 eos,
907 3279 953 3314 qui
971 3279 999 3304 in
1019 3279 1167 3306 ministerio
1187 3281 1262 3313 sunt,
1283 3280 1328 3306 etfi

291 3316 371 3344 liberi
385 3318 432 3344 effe
453 3322 650 3351 proponantur,
669 3315 713 3341 vel
731 3315 810 3341 alieni
830 3314 899 3341 bona
919 3313 969 3341 fide
987 3313 1065 3340 nobis
1078 3315 1228 3341 seruientes.
1285 3315 1332 3342 sed

292 3362 339 3378 non
353 3353 459 3388 adsolos
471 3353 579 3379 homines
587 3354 708 3387 pertinet.
792 3350 895 3384 leiau.
913 3350 929 3376 1.
943 3359 985 3382 195
1004 3349 1035 3376 de
1050 3350 1115 3375 V.s.
1150 3350 1275 3376 Familiae
1288 3360 1331 3384 ap-

293 3388 401 3421 pellatio
415 3390 442 3414 in
456 3398 497 3414 res
512 3394 538 3414 et
550 3388 577 3414 in
592 3387 713 3421 personas
726 3385 864 3412 deducitur
885 3385 926 3421 (f.
939 3385 1091 3415 diducitur)
1109 3385 1138 3410 In
1152 3393 1208 3417 res,
1229 3391 1256 3410 vt
1270 3392 1331 3418 puta

293 3423 322 3448 in
343 3423 444 3457 legibus
470 3430 517 3450 xu
538 3422 687 3450 tabularum
709 3421 750 3447 his
771 3421 859 3447 verbis
868 3441 876 3453 ,
910 3428 931 3447 A
940 3427 961 3448 G
971 3427 992 3446 N
1002 3428 1023 3447 A
1032 3428 1053 3447 T
1061 3427 1080 3446 v
1091 3428 1103 3446 s
1127 3426 1142 3446 r
1152 3427 1170 3446 R
1179 3427 1198 3446 o
1209 3428 1227 3446 x
1238 3427 1246 3446 1
1256 3427 1280 3446 M
1289 3426 1309 3445 ν
1318 3426 1330 3444 s

295 3464 311 3483 ιτ
322 3465 343 3483 A
352 3465 441 3484 111111
454 3466 474 3485 A
485 3466 507 3485 M
533 3466 553 3485 H
563 3466 583 3485 A
593 3465 609 3485 B
618 3465 633 3484 E
642 3465 664 3484 'r
674 3463 705 3483 o.
762 3456 802 3483 Ad
817 3457 937 3490 personas
951 3462 1039 3482 autem
1052 3455 1166 3482 refertur
1177 3462 1222 3481 etc.
1277 3457 1330 3481 Hoc

293 3491 417 3517 munem
437 3494 529 3520 dicitur
550 3494 669 3520 familiae
693 3491 858 3519 erciscundae
879 3492 1015 3517 iudicium.
1077 3491 1133 3517 Vid.
1154 3496 1331 3517 ERc1sco.

294 3527 336 3552 Sic
351 3528 413 3553 Aur.
427 3528 496 3554 Vic‘i.
509 3530 540 3555 V.
554 3530 594 3555 Ill.
608 3533 644 3563 64
655 3549 663 3560 ‚
677 3536 690 3561 ς
721 3528 789 3554 Dein
802 3527 863 3553 tulit
876 3528 1018 3555 Gracchus.
1038 3532 1067 3552 vt
1082 3525 1113 3552 de
1125 3526 1243 3557 familia,
1265 3535 1331 3560 quae

295 3569 326 3586 ex
343 3562 419 3587 Attali
436 3562 579 3591 hereditate
593 3571 661 3594 erat,
681 3569 810 3598 ageretur.
864 3563 906 3589 Sic
918 3565 990 3588 ctiam
1003 3563 1094 3588 Emtor
1112 3561 1228 3588 familiae
1240 3564 1332 3596 acami-

295 3602 337 3622 ταν
349 3597 415 3630 apud
428 3599 499 3623 Iceos
512 3606 533 3623 ει
546 3600 649 3625 Sueton.
666 3599 834 3631 Neron.c.4.
885 3598 926 3624 Sic
934 3597 1002 3624 Ter.
1012 3598 1106 3623 Heaut.
1116 3604 1138 3630 5,
1154 3606 1172 3630 1,
1187 3600 1217 3629 36
1237 3598 1333 3622 Decem

297 3630 401 3657 dierum
416 3632 461 3657 vix
475 3633 542 3658 mihi
558 3634 592 3658 est
606 3635 722 3664 familia,
741 3634 784 3660 obi
797 3631 939 3667 Calphurn.
994 3634 1052 3658 Hoc
1072 3633 1131 3659 loco
1147 3642 1196 3667 pro
1215 3641 1242 3659 re
1257 3633 1333 3658 fami-

297 3666 356 3692 liari
371 3667 486 3700 ponitur.
540 3668 614 3694 Vnde
627 3670 654 3695 in
668 3669 795 3696 iudicium
810 3669 882 3695 venit
898 3668 929 3694 de
944 3667 990 3694 lite
1004 3668 1120 3694 familiae
1134 3668 1332 3699 herciscundae,

297 3701 325 3729 id
341 3702 375 3727 est
390 3701 542 3727 hereditatis
555 3710 599 3728 etc.
671 3704 747 3730 Auci.
761 3704 794 3730 ad
808 3705 933 3734 Herena,
946 3712 976 3735 23
995 3712 1047 3734 c.13
1079 3705 1151 3730 Pater
1164 3704 1279 3729 familias
1294 3703 1334 3729 vti

298 3738 374 3770 super
386 3737 487 3763 familia
502 3738 642 3770 pecuniane
657 3740 698 3764 sua
713 3740 854 3773 legauerit,
875 3740 911 3766 ita
924 3740 964 3765 ius
980 3739 1042 3764 esto.
1095 3739 1119 3764 Si
1134 3744 1206 3773 pater
1218 3739 1334 3765 familias

297 3772 431 3799 intestatus
449 3772 578 3802 moritur,
611 3773 711 3799 familia
736 3775 897 3809 pecuniaque
918 3775 974 3801 eius
996 3773 1119 3808 agnatum
1140 3774 1334 3809 gentiliumque

297 3808 360 3834 esto.
418 3808 576 3842 Synoryrmicc
584 3815 710 3841 ponuntur
724 3809 826 3834 familia
840 3817 864 3835 et
879 3810 1003 3844 pecunia,
1022 3816 1051 3835 vt
1064 3809 1132 3835 Gell.
1149 3818 1167 3839 1,
1180 3818 1196 3841 9
1214 3817 1277 3836 extr.
1304 3809 1333 3835 de

298 3844 494 3879 Pythagoraeis,
520 3842 600 3876 Quod
618 3844 728 3877 quisque
745 3844 861 3870 familiae
875 3846 1051 3880 pecuniaeque
1064 3844 1212 3877 habebant,
1239 3846 1266 3871 in
1281 3854 1333 3871 me-

296 3878 371 3904 dium
392 3879 495 3904 dabant.
566 3879 596 3903 Et
610 3881 650 3907 16,
667 3887 694 3903 10
707 3878 766 3903 med.
795 3878 842 3904 Sed
857 3882 982 3913 quoniam
995 3889 1034 3907 res
1042 3881 1206 3915 pecuniaque
1219 3880 1334 3906 familia.

294 3914 331 3941 ris
344 3913 442 3940 obsidis
460 3914 546 3940 vicem
565 3913 734 3948 pignorisque
753 3913 801 3939 effe
818 3914 886 3947 apud
906 3925 988 3950 remp.
1010 3915 1150 3943 videbatur
1185 3931 1230 3936 —
1247 3924 1332 3950 neque

1747 146 1780 185 F
1865 147 1910 186 A.
1992 148 2040 187 M
2334 152 2421 213 600
2434 166 2450 208 „i

1351 243 1356 244 ⁷
1374 233 1513 268 proletarii
1525 243 1610 270 neque
1624 235 1706 268 capite
1721 234 1787 260 cenfi
1805 234 1904 261 milites
1938 250 1983 256 —
2009 236 2205 268 scribebantur,
2230 235 2294 271 quia
2313 236 2415 265 familia

1375 270 1416 296 his
1430 278 1474 296 aut
1486 272 1571 297 tenuis
1584 277 1627 296 aut
1646 270 1718 296 nulla
1738 271 1806 296 effet.
1880 271 2004 297 peculiari
2020 279 2101 298 tamen
2119 279 2142 298 et
2155 276 2292 307 praecipua
2313 272 2416 307 quadam
2444 286 2445 297 1

1374 309 1470 332 ratione
1482 307 1516 332 ad
1521 306 1608 342 jin-uos
1616 309 1744 340 pertinet,
1763 305 1788 342 J:
1803 305 1925 338 famulos,
1938 316 1953 333 a
1965 307 2051 342 quibus
2063 308 2164 334 familia
2178 305 2255 334 dufta
2275 306 2317 340 qli.
2357 307 2415 339 Vid,
2443 319 2446 335 ι

1377 347 1509 369 FAMEL
1529 348 1552 368 ει
1574 348 1752 368 rAn11L1A.
1823 339 1886 374 Voſj:
1913 340 1996 375 Instit.
2018 343 2092 369 Orat.
2111 350 2137 378 p.
2155 353 2201 377 151.
2263 342 2365 378 Salmas.
2388 345 2416 369 in
2444 339 2445 376 3

1335 382 1348 408 ς
1376 376 1452 403 Solin.
1464 384 1492 412 p.
1501 384 1552 412 89¹·
1623 376 1753 409 QninEtil.
1767 384 1801 411 7,
1816 385 1848 408 2,
1864 378 1895 402 26
1928 377 2115 404 Manumilsum
2134 379 2234 404 alienae
2255 379 2279 404 se
2300 377 2422 405 familiae·

1376 412 1465 438 venali
1478 412 1658 439 immiscuiss'e:
1694 421 1722 438 ac
1736 418 1871 446 rogantem
1880 431 1887 443 ,
1908 418 1936 439 vt
1949 413 1986 439 eis
2000 413 2112 439 seruiret
2125 419 2233 440 emtum.
2306 413 2417 440 Familia
2446 412 2447 417 ¹

1378 456 1445 481 quae
1465 448 1562 475 constat
1582 457 1612 474 ex
1633 448 1714 474 seruis
1733 446 1853 482 pluribus
1885 447 1941 474 Cic.
1956 457 2005 482 pro
2031 449 2137 475 Caecin.
2157 457 2194 481 55.
2274 449 2334 483 le.
2353 448 2381 474 in
2399 448 2421 476 1.·
2445 451 2453 455 ”

1378 482 1483 510 Aediles
1503 485 1535 510 D.
1549 484 1581 510 de
1595 483 1680 509 Aedil.
1693 483 1772 509 edici.
1788 483 1915 509 Familiae
1928 484 2103 518 appellatione
2115 493 2216 514 omnes,
2236 483 2283 519 qui
2296 484 2325 511 in
2337 483 2417 511 serui->

1378 517 1417 544 tio
1432 519 1506 550 sunt,
1526 520 1709 546 continentur:
1745 519 1824 546 etiam
1844 518 2078 553 liberihomines,
2102 521 2149 554 qui
2170 520 2239 545 bona
2258 519 2310 545 fide
2329 520 2354 545 ei
2369 520 2418 546 ser-

1333 563 1361 581 10
1379 553 1470 587 viunt,
1497 555 1540 581 vel
1562 555 1643 581 alieni
1664 554 1741 581 serui.
1795 555 1890 589 Accipe
1911 562 1955 580 eos
1968 564 2089 589 quoque,
2109 556 2155 590 qui
2168 555 2195 581 in
2217 555 2342 589 potestate
2363 555 2423 581 eius·

1378 589 1444 615 sunt.
1517 591 1656 617 Familiam
1670 591 1698 615 111
1712 590 1836 624 potestate
1850 589 1946 616 habere
1972 590 2032 616 Liu.
2047 595 2069 622 8,
2083 599 2116 621 15.
2187 590 2328 617 Familiam
2341 589 2434 617 libers

1379 630 1431 651 tate
1445 624 1543 652 donare
1569 626 1628 652 Inst.
1642 625 1673 651 de
1689 626 1718 652 L.
1733 626 1790 652 Fus.
1806 627 1869 652 Can.
1883 625 1940 651 toll.
2012 626 2173 658 Qiindecim
2187 626 2268 653 liberi
2283 626 2427 658 homines,

1380 661 1506 695 populus;
1540 662 1651 688 totidem
1666 661 1745 693 serui,
1765 661 1886 692 familia3
1923 660 2035 687 totidem
2053 661 2146 694 vineti,
2165 662 2323 696 ergastulum
2343 660 2420 695 Apul.

1380 696 1457 731 Apol.
1471 706 1563 731 p.304.
1615 697 1683 724 Add.
1698 696 1766 723 Ibid.
1781 706 1804 730 p.
1815 705 1839 731 p.
1907 696 2091 723 Gladiatorum
2106 697 2208 724 familia
2229 698 2284 723 Cic.
2301 706 2348 731 pro
2356 696 2420 723 81111».

1335 738 1360 764 15
1380 739 1416 764 55.
1452 733 1523 759 Caes.
1536 734 1563 759 B.
1579 733 1610 758 C.
1624 742 1649 764 3,
1665 741 1686 764 5.
1724 732 1824 758 Sallust.
1844 732 1922 758 Catil.
1937 741 1958 757 c.
1974 741 2013 763 30.
2087 733 2189 759 Lanista
2204 733 2335 759 familiam
2350 732 2420 758 suam

1379 768 1479 794 summa
1492 777 1550 794 cum
1565 777 1626 794 cura
1637 774 1740 794 exercet
1751 774 1830 801 atque
1844 773 1921 794 ornat
1961 767 2018 793 Sen.
2032 766 2064 794 de
2082 768 2172 794 Benef.
2187 771 2218 800 6,
2236 777 2271 797 12.
2344 766 2422 794 Laui.

1380 803 1476 830 starum
1497 804 1614 830 familiae
1661 804 1730 829 Suet.
1759 804 1826 838 Aug.
1857 812 1879 830 c.
1901 811 1945 836 42.
2008 802 2082 839 Conf.
2104 803 2173 839 L‘Ps·
2191 805 2301 831 'Satura
2326 813 2356 835 1,
2387 812 2422 836 15.

1380 836 1400 901 2
1421 848 1437 865 2
1473 840 1598 872 Familia,
1619 840 1683 866 Pars
1697 836 1729 872 2st
1742 842 1834 874 gentis.
1906 839 1977 864 Suet.
1992 838 2094 866 Neron.
2107 847 2145 865 c.1
2164 840 2199 865 Ex
2216 845 2292 873 gente
2303 838 2437 870 Domitia,

1400 883 1447 901 uae
1461 875 1580 901 familiae
1600 875 1766 906 claruerunt,
1792 874 1984 906 Caluinorum,
2007 880 2033 901 et
2047 874 2279 901 Aenobarborum.
2331 875 2371 901 Sic
2384 875 2424 900 Ia-

1332 918 1366 937 20
1380 909 1470 937 bolen.
1484 910 1512 937 in
1526 911 1542 937 1.
1558 912 1660 936 vacatio
1682 911 1713 936 D.
1727 910 1759 936 de
1772 918 1874 936 muner.
1888 915 1913 935 et
1928 909 2024 936 honor.
2057 910 2168 936 Vacatio
2187 911 2303 945 itemque
2327 907 2431 936 imum-⁷

1381 946 1462 976 nitas,
1480 955 1547 981 quae
1559 946 1652 972 liberis
1665 952 1689 971 et
1704 945 1811 980 posteris
1824 945 1936 972 alicuius
1950 945 2008 971 data
2021 945 2058 971 est
2068 966 2075 977 ‚
2096 946 2127 972 ad
2147 954 2193 972 eos
2209 946 2333 973 duntaxat
2345 944 2436 980 perti«-⁴

1381 987 1441 1013 net,
1458 982 1505 1016 qui
1518 982 1574 1008 eius
1590 981 1707 1008 familiae
1721 982 1787 1007 sunt.
1859 982 1890 1006 Et
1909 980 1938 1006 in
1958 981 2040 1007 Instit.
2056 981 2188 1015 imperial.
2209 979 2233 1018 §.
2249 990 2268 1008 1.
2298 988 2321 1008 et
2335 981 2358 1018 §.
2380 978 2433 1010 sed:

1382 1025 1481 1051 neque,
1498 1020 1527 1043 it.
1544 1018 1612 1050 1.193
1625 1016 1680 1054 §.11
1698 1024 1762 1043 extr.
1777 1016 1809 1042 D.
1821 1015 1853 1042 de
1868 1015 1951 1042 Verb.
1968 1016 2061 1050 Signis.
2098 1017 2171 1053 Conf.
2187 1023 2294 1044 GENS.
2365 1016 2433 1052 Spes*

1382 1052 1452 1078 ciosa
1463 1053 1566 1079 familia
1598 1054 1696 1079 Patere.
1709 1062 1739 1083 z,
1776 1071 1782 1078 .
1821 1071 1827 1078 .
1918 1051 2044 1083 Familia,
2068 1052 2216 1087 Cognafio,
2240 1061 2342 1084 nomen,
2368 1052 2439 1081 Cic..

1334 1095 1365 1120 25
1383 1096 1432 1122 pro
1452 1087 1556 1115 Cluent.
1578 1091 1613 1115 16.
1688 1087 1796 1122 Amplae
1821 1092 1847 1113 et
1868 1085 1992 1113 honestae
2014 1087 2134 1114 familiae
2161 1088 2281 1123 plebeiae
2317 1086 2356 1114 Id.
2377 1086 2440 1122 pro*

1383 1124 1503 1151 Muraen.
1516 1133 1525 1150 1
1544 1133 1565 1150 c.
1579 1131 1604 1158 7.
1675 1122 1883 1158 Imperiofiffima
1896 1129 1921 1149 et
1935 1122 2111 1157 superbiffima
2124 1123 2244 1157 familia,
2280 1120 2443 1159 Luculema'j'

1383 1158 1613 1192 familia,Patricia
1623 1159 1737 1192 familia,
1751 1157 1838 1192 vaist:
1847 1158 1873 1185 ll.
1914 1159 1995 1185 Vetus
2004 1158 2112 1185 illustris
2126 1160 2180 1186 Cic.
2190 1168 2238 1193 pro
2246 1159 2365 1185 Muraen.
2374 1168 2395 1185 c.
2404 1163 2433 1189 827

1384 1194 1523 1221 Collocare
1546 1195 1689 1227 familiam,
1732 1195 1873 1221 Coniicere
1891 1194 1916 1220 se
1934 1193 1963 1220 in
1981 1194 2112 1220 familiam
2133 1195 2262 1225 alienam,
2293 1193 2387 1227 vid-ff
2400 1193 2440 1222 lla·

1383 1230 1523 1256 Familiam
1535 1229 1637 1257 ducere.
1709 1231 1764 1257 Cic.
1774 1231 1846 1256 Fam.
1855 1238 1882 1264 7,
1897 1238 1909 1262 5
1933 1230 1972 1255 De
1981 1239 2035 1264 quo
2043 1230 2095 1256 tibi
2106 1229 2215 1257 homine
2231 1230 2281 1256 hoe
2295 1229 2434 1264 spondeos(

1332 1271 1364 1296 30
1382 1265 1537 1300 probiorem
1551 1265 1704 1298 hominem,
1729 1266 1870 1292 meliorem
1890 1265 1997 1296 virum,
2012 1265 2196 1299 pudentiorem
2215 1267 2263 1292 effe
2283 1264 2432 1305 neminem,

1384 1301 1490 1329 Accedit
1503 1301 1583 1328 etiam
1610 1301 1698 1336 (quod
1711 1301 1842 1328 familiam
1856 1301 1945 1332 ducit)
1974 1301 2001 1327 in
2016 1301 2074 1328 iure
2089 1302 2166 1328 ciuili
2179 1301 2314 1336 singularis
2327 1307 2431 1329 memo-2

1381 1337 1436 1368 ria,
1456 1338 1556 1363 summa
1568 1337 1684 1364 scientia.
1740 1337 1820 1371 Qiod
1834 1336 1965 1363 familiam
1978 1336 2065 1367 ducit,
2083 1340 2102 1363 i.
2123 1337 2196 1372 Quod
2211 1345 2285 1372 caput
2298 1335 2345 1370 est,
2365 1326 2462 1373 quodi*-⁴

1380 1375 1407 1399 in
1420 1382 1445 1399 eo
1451 1373 1572 1408 summum
1585 1371 1626 1406 est.
1682 1374 1762 1408 Qum
1777 1382 1839 1398 emm
1858 1372 2003 1398 Trebacium
2015 1382 2031 1398 α
2043 1374 2127 1398 multis
2140 1373 2210 1399 rebus
2229 1371 2361 1406 laudaſji’fl
2382 1370 2432 1402 ma}
2451 1381 2479 1407 '²¹,

1379 1411 1482 1434 moriam
1495 1415 1518 1434 et
1525 1408 1659 1444 scientiam
1670 1411 1766 1434 iniure
1786 1409 1872 1439 ciuili,
1896 1414 2047 1435 caeterarum
2065 1408 2173 1440 laudum,
2185 1408 2271 1444 quibus
2294 1406 2441 1543 Τνεὰασζίἔ
2473 1419 2479 1439 l

1336 1454 1364 1480 35
1381 1443 1531 1475 abundaret,
1553 1443 1620 1479 quast
1634 1443 1765 1479 familiam
1785 1444 1853 1469 dixit
1873 1442 1972 1469 ducere:
2008 1444 2142 1469 tralatione
2154 1445 2239 1480 Jiamta
2258 1454 2273 1470 a
2291 1442 2385 1470 ret-‘tori
2446 1459 2453 1473 1,
2476 1442 2479 1482 1

1376 1479 1554 1516 familiarum,
1574 1488 1633 1514 quos
1644 1477 1772 1511 'domestici
1784 1488 1864 1504 omnes
1878 1480 1945 1504 velut
1961 1478 2031 1504 duces
2038 1478 2185 1514 fiquuntur.
2229 1481 2269 1506 Sic
2283 1479 2397 1513 Philipp.

1383 1524 1412 1547 30
1442 1515 1539 1541 Lucius
1552 1513 1661 1548 quidem
1674 1514 1757 1540 frater
1771 1514 1844 1544 eius,
1865 1519 1956 1548 vtpote
1976 1514 2022 1548 qui
2035 1523 2144 1548 peregre
2156 1514 2331 1548 depugnauit,
2351 1515 2406 1541 fam
2437 1518 2441 1526 ¹

1383 1551 1447 1576 liam
1461 1550 1542 1576 ducit.
1614 1548 1652 1574 Id.
1667 1548 1699 1575 de
1719 1549 1777 1575 Fin.
1790 1558 1823 1581 4,
1842 1557 1875 1582 29
1908 1549 1972 1575 dicit
1992 1550 2147 1575 sententiam
2167 1549 2263 1576 ducere
2283 1550 2429 1581 familiam,

1382 1595 1443 1621 quae
1457 1588 1573 1611 maiorem
1585 1587 1638 1610 vim
1651 1584 1739 1618 habet,
1754 1590 1778 1610 et
1790 1587 1894 1610 maioris
1908 1583 1940 1618 qli
1950 1584 2070 1619 ponderis
2079 1604 2087 1616 ,
2112 1591 2135 1611 et
2149 1584 2215 1620 quast
2228 1591 2301 1620 caput
2312 1587 2428 1611 aliarum.

1383 1657 1464 1687 tiam,
1483 1665 1550 1690 quae
1564 1655 1696 1681 familiam
1710 1656 1793 1687 ducit,
1812 1655 1958 1681 Honestum
1972 1655 2044 1690 quod
2059 1655 2098 1687 fit,
2113 1656 2140 1682 id
2154 1657 2202 1682 effe
2216 1655 2429 1682 solumbonum<

1384 1692 1545 1726 honesteque
1564 1692 1674 1722 viuere,
1708 1691 1843 1717 bonorum
1865 1690 1964 1717 finem:
2000 1699 2167 1718 communem
2189 1692 2248 1718 fore
2268 1691 2347 1717 vobis
2369 1698 2431 1719 cum

1384 1728 1524 1759 omnibus,
1543 1733 1589 1753 etc.
1651 1726 1775 1754 Viderunt
1788 1726 1848 1753 baec
1860 1727 1954 1753 Muret.
1977 1727 2038 1752 Var.
2052 1725 2121 1753 Lea.
2137 1738 2170 1762 4,
2189 1738 2225 1762 ¹7-
2281 1727 2381 1752 Manut-
2397 1723 2433 1751 ad

1385 1764 1441 1788 Cic.
1451 1764 1522 1788 Fam.
1537 1770 1564 1795 7,
1578 1769 1599 1794 5.
1671 1763 1756 1788 Natus
1769 1771 1799 1787 ex
1814 1762 1933 1795 familia,
1952 1761 2005 1788 vid.
2020 1769 2043 1788 N
2053 1769 2074 1788 A
2084 1770 2096 1789 s
2105 1770 2122 1789 c
2131 1770 2149 1789 o
2159 1770 2187 1789 R.
2258 1762 2342 1789 Natus
2355 1759 2437 1787 fami--

1336 1800 1369 1826 43
1382 1797 1418 1822 lia
1431 1796 1582 1830 ampliffima
1591 1815 1600 1826 ‚
1622 1796 1676 1822 vid.
1697 1804 1752 1830 AM
1761 1804 1776 1822 Ρ
1786 1804 1801 1822 L
1811 1804 1862 1822 vs.
1932 1797 2042 1823 Nubere
2056 1798 2084 1823 in
2098 1798 2229 1824 familiam
2243 1798 2338 1824 claram
2347 1816 2356 1828 ‚
2376 1798 2405 1822 vi

1385 1839 1405 1858 N
1417 1837 1496 1857 VBO.
1570 1830 1702 1863 Quinctil.
1720 1839 1746 1861 1,
1768 1839 1780 1863 5
1813 1831 1956 1864 Tanquam
1976 1832 2134 1858 subdititios
2147 1833 2315 1859 summouere
2328 1830 2415 1858 famili

1384 1866 1553 1901 permiserint
1566 1866 1623 1891 libi.
1694 1865 1807 1892 Familia
1824 1864 1994 1900 compleHitur
2013 1869 2088 1892 etiam
2106 1877 2154 1899 cos,
2173 1870 2217 1902 qui
2236 1876 2265 1893 ex
2283 1867 2362 1893 eadem
2369 1868 2440 1903 juvit..

1385 1905 1538 1936 cognatione.
1611 1901 1677 1926 Plin.
1692 1910 1735 1932 12,
1750 1910 1780 1934 ¹4
1817 1901 1915 1928 Ferunt
1935 1908 1959 1927 M
1969 1909 1993 1927 M
2003 1908 2037 1928 Μ.
2057 1910 2111 1928 11011
2123 1903 2237 1936 amplius
2252 1903 2301 1928 effe
2317 1902 2442 1933 familia.

1387 1945 1456 1961 rum.
1529 1935 1641 1960 Familia
1653 1936 1770 1966 funesta,
1793 1935 1934 1961 dicebatur
1953 1936 2079 1970 quamdiu
2099 1937 2165 1962 iusta
2184 1937 2311 1964 defuneto
2323 1947 2377 1964 non
2394 1938 2432 1964 fe-

1341 1974 1373 2000 50
1386 1971 1456 1996 ciss'et
1468 1969 1543 1994 heres
1564 1971 1642 1995 Varr.
1651 1969 1682 1994 de
1697 1970 1764 1995 L.L.
1774 1978 1802 2001 4,
1815 1978 1833 2002 4
1848 1979 1872 2003 p.
1884 1979 1919 2000 10,
1933 1975 1955 1999 8.
1992 1970 2058 1996 Add.
2069 1971 2170 1998 Guther.
2183 1971 2213 1997 dc
2227 1974 2280 1999 Iur.
2292 1974 2364 2003 Man.
2377 1984 2398 2006 1,
2405 1983 2430 2009 7.

1386 2007 1423 2032 De
1438 2006 1620 2031 Romanorum
1634 2004 1754 2037 familiis,
1765 2011 1828 2039 pars
1839 2005 1962 2031 luculenta
1971 2008 2149 2041 antiquitatis,
2169 2004 2281 2035 traffata
2289 2015 2340 2035 tum
2349 2010 2414 2036 alias
2420 2010 2434 2042 ,⁷

1386 2050 1412 2067 υ.
1425 2050 1450 2076 g.
1465 2049 1480 2066 a
1494 2042 1602 2067 streinio
1611 2059 1619 2072 ,
1638 2045 1664 2066 et
1677 2039 1839 2074 Glandorpio,
1853 2047 1877 2066 et
1891 2044 1986 2067 Ancon.
1999 2039 2154 2078 Augustino,
2166 2044 2334 2078 peculiarIbus
2341 2045 2432 2074 libris.-

1387 2083 1438 2102 tum
1446 2075 1595 2111 praesertim
1608 2075 1729 2109 occasione
1743 2085 1869 2101 numerum
1891 2082 2014 2107 veterum,
2033 2086 2092 2113 quos
2099 2077 2210 2115 subjicis
2218 2079 2334 2114 familiis
2343 2080 2430 2107 ordine

1382 2110 1475 2145 pofitos
1488 2113 1525 2136 ita
1537 2109 1698 2143 illustrarunt
1719 2111 1838 2144 Vrsinus,
1858 2112 1978 2145 Parinus,
2005 2113 2109 2145 Valens,
2134 2121 2157 2141 et
2171 2124 2199 2140 ex
2219 2115 2376 2142 Morellianis
2406 2125 2430 2142 o-
2454 2121 2455 2125 ¹

1341 2148 1369 2173 55
1386 2145 1502 2179 ttffimum
1509 2146 1610 2180 schedis
1624 2147 1816 2181 Hauercampus.
1995 2145 2017 2185 ff
2035 2157 2047 2180 3
2082 2150 2120 2175 De
2132 2147 2213 2186 ficiis
2232 2151 2431 2186 Philosophorum
2450 2140 2466 2169 ‘V‘

1387 2183 1477 2211 etiam,
1501 2190 1562 2215 quas
1576 2181 1675 2214 αἱρέσεις
1691 2182 1777 2207 dicunt
1798 2183 1902 2214 Graeci,
1926 2182 1972 2208 hoc
1989 2193 2074 2209 nomen
2094 2184 2243 2221 usurpatur,
2274 2195 2334 2222 quae
2356 2171 2455 2222 capidi

1387 2225 1508 2241 commune
1522 2222 1545 2240 et
1559 2215 1588 2241 ab
1602 2225 1626 2241 eo
1640 2225 1724 2241 nomen
1737 2223 1760 2241 c!
1772 2216 1895 2251 quandam
1908 2219 1974 2244 inter
1979 2218 2008 2253 se
2021 2224 2189 2254 cognationem
2196 2221 2282 2247 habere
2290 2221 2424 2254 videantur,
2467 2237 2469 2241 ·

1388 2251 1444 2277 Cic.
1457 2250 1489 2276 de
1503 2250 1594 2276 Diuin.
1608 2258 1633 2282 2,
1649 2259 1660 2282 3
1693 2251 1803 2284 Magnus
1819 2250 1891 2276 locus
1904 2251 2140 2288 philosophiaeque
2153 2256 2276 2289 proprius
2288 2265 2302 2283 a
2316 2256 2422 2292 Flamin&

1389 2285 1544 2317 Aristotele,
1570 2285 1774 2320 Theophrasto,
1800 2291 1908 2319 totaque
1931 2287 2164 2321 Peripateticorum
2183 2290 2286 2317 familia
2308 2286 2422 2320 traffl'iin

1335 2324 1370 2347 60
1389 2320 1534 2348 vberrime.
1586 2321 1653 2347 Adii.
1670 2322 1723 2347 Att.
1737 2330 1762 2353 2,
1778 2323 1806 2347 16
1827 2321 1948 2355 Respicio
1963 2331 2031 2349 nunc
2043 2323 2074 2349 ad
2089 2323 2154 2350 hanc
2169 2325 2298 2352 familiam
2319 2321 2425 2364 (stiffi
2471 2321 2479 2355 l

1393 2355 1579 2393 Theophrasti)
1615 2365 1681 2391 quae
1703 2356 1771 2382 mihi
1795 2365 1850 2383 non
1871 2357 1953 2383 modo
1980 2364 2008 2384 vt
2031 2359 2191 2392 requiescam
2218 2362 2349 2393 permittit
2382 2368 2426 2389 etc.
2451 2379 2459 2391 «-

1388 2391 1410 2431 fl
1434 2402 1452 2425 4
1488 2391 1618 2419 Addamus
1638 2392 1826 2427 obseruationem
1845 2393 2037 2419 Grammaticam
2055 2393 2182 2419 Varronis
2203 2394 2233 2420 de
2251 2394 2280 2421 L'.
2295 2396 2324 2422 L.
2346 2404 2377 2430 7,
2396 2390 2426 2427 38¹
2451 2394 2454 2431 1

1390 2438 1414 2463 p.
1424 2433 1462 2461 98,
1478 2437 1509 2461 :4
1543 2428 1582 2454 Da
1597 2428 1663 2462 patri
1676 2427 1806 2459 familias,
1824 2426 1911 2453 dicere
1929 2436 1983 2453 non
1997 2428 2197 2461 debueruntsfi
2211 2430 2338 2464 analogias
2352 2429 2424 2465 sequi
2460 2432 2463 2434 “

1389 2464 1501 2490 vellent:
1538 2479 1582 2483 —
1606 2464 1670 2489 ltem
1686 2462 1773 2497 plures
1793 2468 1879 2497 patres
1891 2463 2005 2490 familias
2020 2463 2107 2490 dicere
2121 2473 2175 2491 non
2189 2461 2348 2497 debuerunt,
2367 2465 2426 2499 sed,

1342 2496 1373 2528 63
1390 2505 1418 2526 vt
1432 2499 1538 2525 Sisenna
1559 2498 1664 2532 scribit,
1690 2504 1774 2533 patres
1791 2499 1964 2525 familiarum.
2020 2500 2088 2526 Add.
2109 2507 2142 2526 F1
2154 2506 2241 2527 Livs
2263 2509 2287 2526 n.
2303 2509 2322 2526 1.
2374 2501 2427 2527 Hoc

1388 2541 1509 2570 apparet,
1532 2535 1655 2560 Varronis
1669 2540 1749 2560 aetate·
1766 2533 1960 2568 cmi-suetudinem
1978 2534 2119 2568 inualuffi,
2142 2543 2172 2562 vt
2191 2535 2332 2562 dicerentur
2343 2535 2430 2562 Patrec

1390 2578 1413 2596 et
1428 2569 1491 2596 Filii
1506 2570 1646 2602 Familias,
1667 2579 1714 2595 non
1728 2569 1908 2595 Familiarum.
1978 2569 2026 2596 Sed
2037 2571 2141 2604 leian.
2156 2571 2173 2597 1.
2188 2582 2206 2605 4
2228 2572 2260 2598 D.
2275 2571 2307 2598 de
2321 2570 2371 2602 his,
2383 2569 2430 2606 qui

1391 2607 1433 2632 sui
1446 2605 1487 2631 vel
1502 2605 1583 2631 alieni
1598 2605 1662 2631 iuris
1676 2605 1748 2636 sunt,
1775 2605 1884 2631 Cinium
1905 2605 2086 2632 Romanorum
2105 2606 2213 2640 quidam
2226 2607 2285 2632 sunt
2298 2612 2383 2641 patres
2395 2606 2432 2639 fa,

1391 2641 1543 2671 miliarum,
1564 2640 1610 2666 alii
1631 2640 1682 2666 filii
1694 2640 1873 2671 familiarum,
1898 2640 2026 2674 quaedam
2045 2647 2141 2667 matres
2158 2642 2406 2677 familiarum„qua
2436 2641 2439 2647 “

1339 2680 1375 2708 70
1392 2675 1453 2702 dam
1466 2675 1536 2701 filiae
1550 2675 1723 2701 familiarum.
1780 2676 1866 2701 Patres
1880 2675 2043 2701 familiarum
2063 2677 2131 2709 sunt,
2152 2677 2198 2711 qui
2212 2677 2270 2704 sunt
2285 2678 2344 2704 suae
2359 2683 2404 2712 pot

1393 2711 1478 2742 statis,
1501 2710 1555 2737 flue
1575 2710 1684 2745 puberes
1704 2710 1757 2736 11110
1771 2709 1936 2744 impuberes,
1961 2710 2040 2737 sunili
2052 2711 2135 2738 modo
2148 2718 2243 2739 matres
2256 2713 2390 2744 familiarii

1392 2747 1444 2774 filii
1458 2747 1621 2773 familiarum
1636 2753 1661 2773 et
1675 2746 1761 2777 filiae,
1777 2755 1842 2780 quae
1857 2747 1914 2772 sunt
1927 2746 1955 2771 in
1969 2746 2055 2773 aliena
2067 2747 2201 2782 potestate.

1430 2790 1446 2809 F
1455 2790 1476 2808 A
1485 2789 1508 2808 Μ
1519 2790 1528 2808 1
1537 2790 1553 2808 L
1562 2790 1570 2808 1
1580 2784 1601 2808 Ᾱ
1611 2789 1629 2808 R
1640 2789 1648 2807 1
1659 2790 1670 2809 S
1679 2801 1686 2813 ‚
1706 2790 1728 2808 e.
1772 2782 1833 2808 Adi.
1885 2781 1997 2814 [οἵκεῖος,
2015 2783 2129 2815 συνήθης,
2148 2784 2257 2817 ε’φέςιος]
2308 2783 2384 2819 Qiod
2397 2793 2414 2812 a

1390 2818 1518 2853 familiam
1532 2824 1658 2853 pertinet,
1680 2826 1776 2852 eamque
1787 2817 1814 2843 ob
1827 2825 1877 2843 rem
1890 2823 1989 2848 notum,
2007 2827 2105 2851 carum,
2140 2819 2209 2850 dum,
2228 2817 2366 2854 consuetum
2384 2825 2436 2846 etta·

1348 2862 1379 2890 75
1393 2852 1434 2887 est.
1507 2853 1583 2879 Au&
1600 2853 1632 2878 ad
1654 2853 1752 2878 Heren.
1771 2861 1780 2878 1
1793 2872 1800 2884 ,
1824 2861 1845 2878 11
1891 2852 1941 2879 Etsi
1966 2854 2079 2887 negotiis
2117 2852 2283 2880 amiliaribus
2300 2854 2434 2889 impediti-s

1392 2890 1448 2921 Sic,
1469 2889 1520 2914 Res
1534 2888 1675 2914 familiaris
1704 2888 1760 2914 Cic.
1774 2887 1806 2914 de
1819 2888 1876 2914 Fin.
1890 2897 1920 2919 2,
1935 2896 1968 2921 15.
2060 2889 2120 2915 Liu.
2134 2897 2185 2921 24,
2222 2907 2228 2914 .
2265 2908 2271 2915 .
2307 2890 2379 2916 Tres
2398 2898 2435 2917 ex.

1391 2923 1538 2958 iis‚quibus
1552 2924 1612 2949 solis
1626 2923 1711 2949 aditus
1725 2924 1753 2949 in
1766 2923 1874 2950 domum
1887 2923 2047 2950 familiarior
2059 2930 2122 2949 erat.
2192 2923 2281 2950 Arbor
2291 2925 2431 2958 familiari!

1391 2959 1498 2990 Italiae,
1517 2960 1585 2994 Qut
1592 2958 1680 2994 paffim
1693 2962 1719 2985 in
1735 2960 1812 2986 Italia
1825 2959 1929 2995 crescit.-
1964 2958 2029 2984 Plin.
2045 2966 2078 2990 13,
2092 2966 2105 2991 5
2129 2959 2273 2994 Vtramque
2287 2961 2339 2987 iam
2352 2961 2432 2987 fami.

1393 2996 1486 3021 liarern
1498 2994 1599 3021 ltaliae.
1671 2995 1804 3021 Columel.
1820 3003 1857 3024 11,
1877 3003 1887 3020 1
1916 2994 2071 3020 Confuescat
2083 2993 2193 3020 rusticos
2205 2995 2275 3021 circa
2289 2996 2371 3022 larem
2384 2996 2431 3023 do-

1341 3038 1374 3064 80
1393 3031 1461 3057 mini
1482 3030 1626 3064 fucumque
1644 3030 1804 3057 familiarem
1825 3030 1926 3064 semper
1947 3028 2057 3063 epulari.
2131 3030 2218 3056 Funus
2252 3031 2307 3057 Cic.
2331 3040 2380 3065 pro
2398 3032 2429 3058 C.
2450 3028 2457 3059 ,'

1393 3066 1485 3093 Rabir.
1499 3073 1540 3100 75.
1610 3065 1669 3091 Pars
1688 3065 1829 3092 familiaris
1841 3072 1950 3091 extorum
1964 3064 2096 3099 speciatim
2114 3064 2252 3098 iecinoris,
2278 3068 2378 3098 Hostili
2390 3073 2430 3103 ap<

1390 3101 1477 3137 poſjta.
1520 3099 1578 3127 Vid.
1593 3106 1638 3126 cA
1652 3107 1667 3125 P
1678 3108 1697 3127 v
1707 3108 1728 3127 'r
1747 3111 1772 3128 n.
1788 3108 1820 3133 ις.
1891 3099 1956 3126 Gell.
1971 3108 1997 3131 3,
2013 3106 2041 3133 17
2071 3100 2216 3127 Memoriae
2230 3102 2381 3130 mandatum
2393 3101 2429 3129 est

1393 3138 1528 3164 Platonem
1542 3135 1728 3170 Philosophum
1743 3137 1816 3162 tenui
1829 3135 1969 3162 admodum
1984 3135 2095 3161 Pecunia
2108 3136 2235 3164 familiari
2252 3138 2335 3165 fuisse.
2387 3138 2430 3165 Sic.

1393 3176 1466 3199 etiam
1480 3174 1588 3208 loquitur
1601 3173 1637 3201 16,
1652 3180 1680 3197 10
1692 3178 1715 3197 et
1728 3177 1763 3204 18,
1777 3180 1796 3198 1.
1867 3170 1956 3196 Tacit.
1974 3170 2040 3196 Ann.
2056 3173 2081 3202 6,
2097 3174 2124 3198 16
2146 3173 2271 3199 Rationes
2283 3173 2428 3200 familiares

1347 3213 1375 3242 85
1394 3208 1507 3243 quisque
1519 3212 1714 3241 componerent.
1787 3207 1837 3233 Res
1850 3205 1989 3232 familiaris
2002 3212 2026 3232 et
2043 3205 2182 3234 domestica
2211 3209 2265 3235 Cic.
2280 3209 2362 3236 Tusc.
2375 3218 2399 3240 1,
2414 3211 2431 3236 ά,

1394 3253 1443 3270 c.1.
1487 3243 1543 3270 Vid.
1565 3249 1584 3270 R
1594 3249 1610 3268 Ε
1620 3249 1642 3268 s.
1797 3240 1818 3279 fl
1836 3250 1849 3267 2
1884 3240 1949 3266 Plin.
1963 3241 2040 3275 Epist.
2055 3251 2087 3274 4,
2100 3251 2147 3276 24,
2159 3251 2176 3278 7
2211 3243 2282 3270 Mihi
2296 3244 2437 3271 familiare·

1393 3281 1433 3313 (i.
1446 3279 1581 3315 conficetum
1590 3297 1598 3309 ‚
1611 3277 1738 3312 solitum)
1754 3277 1800 3309 est,
1815 3284 1904 3302 omnes
1917 3285 1986 3303 meas
1999 3278 2171 3312 cogitationes
2184 3286 2269 3306 tecum
2283 3280 2438 3308 communic„

1394 3323 1460 3341 care.
1533 3313 1571 3340 Id.
1585 3312 1651 3339 ibid.
1667 3321 1688 3344 2,
1702 3321 1722 3344 5,
1737 3321 1764 3338 10
1802 3313 1831 3338 In
1848 3312 1990 3345 praesentia
2003 3319 2027 3339 et
2041 3313 2088 3340 ista
2102 3314 2154 3340 tibi
2166 3315 2342 3342 familiariora
2356 3315 2428 3342 fient.

1394 3349 1582 3377 Demosthenes
1596 3349 1757 3374 familiarior
1770 3346 1846 3373 nobis
1859 3354 1965 3380 propter
1978 3349 2133 3383 scriptorum
2147 3350 2346 3377 multitudinem
2372 3351 2428 3378 Cic.
2443 3366 2445 3374 .

1343 3398 1378 3422 90
1394 3385 1425 3411 de
1438 3387 1511 3412 Orat.
1526 3393 1538 3417 3
1555 3393 1576 3410 c.
1591 3392 1628 3416 19.
1702 3384 1759 3413 Ita,
1791 3382 1931 3408 familiaris
1949 3384 2031 3410 oculis
2049 3385 2115 3411 meis
2141 3386 2242 3412 Petron.
2262 3395 2282 3413 e.
2304 3395 2328 3412 12
2346 3396 2370 3421 p.
2383 3388 2428 3420 46.
2450 3389 2452 3406 ῑ

1411 3430 1463 3446 uem
1475 3422 1539 3446 alias
1552 3418 1638 3452 vidtffe
1651 3419 1713 3445 mihi
1725 3417 1818 3444 videor.
1857 3418 1912 3443 Vni.
1927 3419 2018 3447 Schult.
2031 3420 2065 3446 ad
2076 3420 2206 3453 Qiinetil.
2215 3421 2286 3447 Decl.
2302 3430 2322 3453 1,
2336 3427 2348 3451 8
2361 3430 2432 3456 p.21.‚

1411 3464 1530 3481 ermones
1543 3454 1684 3481 familiares
1697 3453 1818 3479 conferre
1844 3453 1898 3479 Cic.
1912 3454 1962 3479 Off.
1979 3463 2002 3485 2,
2017 3464 2047 3487 39
2061 3464 2122 3483 c.11.
2191 3456 2429 3483 Familiariffimum

1395 3489 1444 3516 hoc
1458 3491 1567 3523 platanis
1592 3489 1655 3515 Plin.
1671 3491 1709 3520 16,
1722 3497 1755 3520 31.
1826 3489 1880 3514 Cic.
1895 3491 1929 3522 Q
1941 3491 2008 3516 Frat.
2023 3499 2031 3516 1
2043 3510 2050 3522 ,
2063 3500 2075 3516 2
2106 3492 2200 3526 Aesopi
2212 3491 2295 3519 nostri
2309 3491 2430 3527 tragoedi

1396 3525 1535 3551 familiaris
1550 3525 1668 3550 Licinius
1682 3525 1771 3550 seruus
1784 3523 1834 3549 tibi
1848 3530 1924 3550 notus
1939 3526 2049 3560 aufugit.
2120 3527 2269 3553 Familiaris
2280 3547 2289 3560 ,
2308 3528 2429 3563 absolute,

1345 3573 1377 3600 93
1396 3561 1492 3588 Seruus.
1564 3560 1724 3590 Dominum,
1743 3565 1842 3592 patrem
1854 3560 1971 3587 familiae
1983 3561 2158 3596 appellarunt:
2193 3563 2297 3595 seruos,
2317 3562 2430 3589 familia-

1397 3605 1437 3623 res
1461 3596 1516 3622 Sen.
1531 3595 1608 3629 Epist.
1625 3602 1670 3628 47.
1741 3594 1821 3620 Plaut.
1837 3597 1909 3630 Capt.
1923 3605 1946 3626 2,
1960 3606 1980 3627 2,
1993 3605 2020 3628 23
2059 3598 2223 3631 Qiamquam
2242 3607 2296 3624 non
2316 3598 2428 3624 multum
2450 3602 2452 3612 ¹

1396 3631 1449 3657 fuit
1463 3630 1568 3657 molesta
1582 3631 1707 3659 seruitus,
1738 3638 1785 3655 nee
1802 3630 1868 3657 mihi
1891 3632 1961 3658 secus
1981 3638 2050 3663 erat,
2077 3641 2153 3666 quam
2167 3632 2184 3658 11
2200 3634 2275 3659 ess'em
2288 3633 2428 3660 familiaris

1397 3666 1477 3693 filius.
1550 3665 1615 3692 Sella
1643 3664 1782 3691 familiaris
1792 3685 1799 3695 ,
1838 3667 1899 3693 Sella
1924 3668 2027 3702 pertusa
2056 3668 2090 3693 ad
2115 3676 2266 3695 excrementa
2296 3668 2428 3696 reddenda.
2440 3696 2443 3698 ,

1397 3703 1485 3729 Varro
1499 3701 1531 3728 de
1545 3702 1575 3727 R.
1586 3701 1616 3726 R.
1631 3708 1650 3731 1,
1668 3708 1700 3731 13,
1714 3710 1731 3733 4
1757 3702 1846 3734 Itaque
1859 3702 1938 3736 periti
1957 3703 2020 3737 (qui
2034 3702 2153 3737 poffimt)
2173 3710 2201 3729 vt
2214 3713 2246 3730 eo
2266 3703 2434 3739 (insterqui-,

1341 3752 1387 3770 100
1396 3738 1507 3771 linium)
1526 3745 1592 3770 aqua
1604 3736 1695 3761 influat
1705 3755 1712 3766 ,
1732 3745 1763 3762 eo
1776 3737 1883 3763 nomine
1897 3738 2009 3764 faciunt:
2043 3737 2076 3764 fic
2089 3737 2159 3763 enim
2172 3739 2286 3771 maxime
2300 3740 2429 3766 retinetur

1396 3773 1484 3798 succus
1503 3772 1531 3798 in
1549 3780 1591 3797 eo.
1644 3771 1759 3804 Quidam
1784 3779 1809 3799 et
1829 3773 1902 3799 sellas
1922 3773 2064 3799 familiares
2084 3780 2193 3806 ponunt.
2251 3775 2326 3801 Vetus
2347 3781 2428 3801 tamen

1395 3808 1517 3842 exemplar
1529 3806 1600 3832 habet
1614 3806 1798 3833 Familiaricas.
1878 3808 2030 3834 Familiaria
2050 3807 2169 3841 Sepulcra
2188 3809 2325 3841 dicuntur,
2353 3811 2427 3842 Qiae

1395 3842 1454 3876 quis
1474 3841 1537 3872 libi,
1566 3841 1736 3876 familiaeque
1756 3843 1816 3869 suae
1836 3843 1978 3869 constituit.
2038 3842 2207 3871 Hereditaria
2225 3852 2330 3877 autem,
2353 3846 2427 3877 Qiae

1394 3877 1454 3911 quis
1468 3876 1517 3902 fibi
1530 3875 1722 3913 heredibusque
1735 3879 1786 3904 suis
1810 3878 1952 3905 constituit.
2013 3878 2160 3913 Verba-fiant
2179 3881 2238 3907 Caii
2264 3881 2295 3906 D.
2316 3880 2347 3906 de
2367 3879 2426 3905 reli-

1340 3923 1383 3950 105
1392 3913 1457 3947 gios.
1474 3911 1490 3937 1.
1505 3911 1657 3940 familiaria.
1688 3938 1693 3945 .
1727 3913 1881 3942 Familiaria
1896 3912 2054 3941 Vestimenta
2057 3932 2071 3946 ,
2096 3916 2164 3949 Qae
2175 3916 2209 3943 ad
2214 3915 2344 3952 familiam
2357 3912 2427 3975 υὲβί-

2341 3959 2369 3976 cn
2387 3957 2433 3976 am.
