2479 4225
442 193 474 231 F
560 191 592 229 E
673 191 717 230 T

0 306 1 311 ,
51 282 124 311 tiales
146 278 211 315 apud
235 285 335 305 veteres
358 280 491 306 Romanos
512 286 599 312 erant,
619 279 667 315 qui
686 278 774 306 sane'to
787 278 932 312 legatorum
946 273 1036 301 officio
1050 274 1081 301 ab

9 317 17 346 λ.’
51 318 106 350 his,
123 317 168 351 qui
180 314 317 341 aduerssun
331 315 460 349 Populum
475 316 552 342 Rom.
566 316 611 347 vi,
629 322 673 342 aut
685 314 795 349 rapiniS,
814 318 858 338 aut
873 310 977 337 iniuriis
993 309 1083 335 hostili

0 379 1 382 ,
45 351 136 382 *mente
149 356 363 383 commouerant,
381 351 491 385 pignora
506 351 576 377 facto
590 351 679 377 federe
693 352 751 377 iure
765 346 913 382 repetebant
928 356 934 371 ε
969 354 1016 371 nec
1031 345 1083 371 bel-

4 389 11 426 ᾖ
50 389 76 416 la
87 385 284 417 indicebantur,
304 394 371 420 quae
384 393 471 413 tamen
485 387 527 420 pia
541 385 685 418 vocabant,
709 385 857 420 priusquam
870 380 936 415 quid
948 380 1034 407 fuili‘et
1047 381 1084 407 fc-

0 440 10 457 li
50 422 154 452 tialibus
166 421 357 447 denuntiatum.
431 424 516 449 Varro
532 421 564 448 de
579 423 632 449 Vit.
644 423 705 455 Pop.
719 422 795 446 Rom.
810 427 822 443 2
857 418 949 451 Itaque
970 416 1039 442 bella
1058 422 1083 442 et

14 483 17 486 .
51 458 136 491 tarde,
154 462 179 483 et
191 465 283 490 magna
300 456 407 484 licentia
433 459 451 491 (
461 458 485 484 h.
499 467 518 484 c.
539 459 661 484 Artercerio
685 459 831 489 inmPrete,
849 453 921 478 valde
941 453 1024 478 licite:
1051 454 1085 478 al.

13 519 15 522 .
51 494 120 523 nulla
141 492 263 523 licentia)
282 492 470 528 suscipiebant,
491 493 562 528 quod
582 492 680 519 bellum
701 490 819 520 nullum,
839 487 886 514 nifi
904 488 991 522 pium,
1013 494 1084 521 puta-

4 531 6 533 ’
51 531 112 561 bant
125 527 181 562 geri
193 534 326 562 oportere.
363 529 436 555 Prius
450 529 595 555 indicerent
608 527 704 554 bellum
718 525 752 550 iis
761 544 767 555 ,
787 533 799 550 a
813 524 909 558 quibus
921 523 1033 549 iniurias
1048 523 1084 549 sa-

48 565 102 592 fias
121 562 250 595 sciebant,
265 563 371 599 filiales
392 565 489 599 legatos
510 573 550 591 res
562 563 702 598 repetitum
716 560 856 586 mittebant
869 565 998 593 quatuor,
1018 568 1084 593 quos

10 608 11 612 ¹
49 606 158 628 oratores
173 599 310 626 vocabant.
380 600 453 627 Idem
467 609 478 632 3
502 600 528 626 Si
543 600 614 625 cuius
629 596 707 631 legati
719 596 816 622 violati
829 596 920 627 ess‘ent,
940 594 986 629 qui
1000 594 1027 620 id
1048 595 1084 620 fe-

14 633 15 636 *
50 636 152 668 cissent,
172 635 294 669 quamuis
318 635 422 662 nobiles
445 637 521 662 ess'ent
535 654 543 667 ‚
563 634 602 660 vti
624 631 782 658 dederentur
795 630 912 662 ciuitati,
931 630 1084 662 statuerunt,

49 670 202 705 fetialesque
216 670 328 704 viginti,
346 672 393 705 qui
406 671 437 698 de
452 671 492 697 his
504 669 582 696 rebus
595 668 793 702 cognoscerent,
811 667 976 697 iudicarunt,
993 671 1019 691 et
1040 665 1085 691 sta-

50 712 167 736 tuerent,
186 706 385 734 constituerunt.
457 707 557 740 Reliqua
570 703 639 730 docet
652 703 745 729 Liuius
754 722 760 733 ‚
781 709 809 728 vt
823 702 851 728 de
863 704 958 737 origine
970 711 981 727 1
990 721 998 733 ,
1010 710 1040 732 32
1059 700 1088 726 dc

48 744 119 773 Anco
133 742 247 774 Martia,
266 743 301 769 Vt
338 758 382 763 -—
417 751 432 768 a
444 743 469 768 se
482 740 590 766 bellicae
610 739 787 765 caerimoniae
807 736 1004 772 proderentur;
1040 745 1087 762 nec

47 783 202 814 gererentur
217 778 313 810 solum,
327 778 370 804 sed
384 779 462 805 etiam
474 775 653 802 indicerentur
669 774 736 800 bella
749 774 840 808 aliquo
853 773 922 803 ritu,
938 772 979 797 ius
993 771 1024 797 ab
1044 781 1087 797 an-

49 813 123 848 tiqua
143 819 220 846 gente
244 813 410 848 Aequicolis,
428 810 500 846 quod
523 819 590 836 nuuc
612 810 722 836 Fetiales
735 809 849 841 habent,
869 807 1016 841 descripsit,
1033 816 1087 842 quo

38 857 89 883 >,res
101 854 262 883 repetuntur.
299 848 394 877 Deinde
406 847 514 873 ordinem
528 853 604 872 totum
618 849 655 872 rei
667 845 786 882 gerendae
800 846 915 880 explicat.
952 844 993 870 Sic
1005 851 1038 875 4,
1057 852 1088 875 30

38 883 158 912 -Fetiales
172 884 244 918 prius
258 883 397 911 mittendos
410 881 442 908 ad
455 891 495 908 res
505 881 656 916 repetendas
669 881 792 907 censuere
809 895 853 900 —
889 878 957 905 Missi
971 879 1087 905 fetiales:

47 928 96 948 nee
109 929 202 946 eorum
216 929 276 946 cum
290 927 363 946 more
376 923 479 952 patrum
495 918 577 944 iurati
590 923 737 951 repeterent
750 925 805 948 res,
824 914 905 942 verba
920 915 978 941 sunt
990 914 1087 941 audita.

48 998 102 1025 9,;
121 991 246 1017 Consules
280 1004 325 1010 —
358 994 486 1023 negarunt
520 1004 566 1009 —-
601 989 676 1015 fedus
692 988 752 1014 fieri
772 987 840 1022 poll'e
863 986 916 1012 fine
940 985 1086 1018 fetialibus,

48 1027 262 1060 caerimoniaque
273 1024 323 1051 alia
335 1024 458 1050 sollemni
493 1040 538 1045 —
574 1024 622 1050 vbi
635 1025 784 1058 precatione
796 1031 838 1048 res
853 1021 1023 1055 transigitur,
1042 1031 1088 1056 per

48 1070 127 1096 quem
140 1062 266 1096 populum
279 1060 338 1090 fiat,
358 1069 412 1094 quo
425 1060 511 1086 minus
525 1059 627 1094 legibus
641 1059 718 1085 dietis
732 1059 811 1085 stetur
820 1078 828 1090 ‚
847 1064 876 1084 vt
885 1066 950 1084 eum
968 1057 1004 1083 ita
1018 1058 1088 1092 lupi-

48 1102 90 1124 ter
102 1096 195 1127 feriat,
211 1095 434 1131 quemadmodum
449 1104 465 1127 a
477 1095 613 1122 fetialibus
627 1104 721 1129 porcus
739 1095 860 1120 feriatur.
936 1094 999 1119 Tum
1018 1102 1039 1119 c.
1060 1102 1088 1119 10

47 1167 171 1199 fetiales,
190 1166 237 1199 vbi
250 1167 282 1193 ad
295 1173 397 1201 portam
412 1168 558 1194 Samnitium
573 1174 686 1198 venere,
706 1165 804 1192 vestem
817 1164 921 1191 detrahi
934 1165 1001 1199 pacis
1014 1166 1089 1199 spon-

24 1210 26 1213 ·
49 1202 151 1231 foribus
165 1202 258 1229 iubent
293 1218 338 1222 —-
374 1204 405 1229 A.
421 1202 562 1229 Cornelius
575 1201 675 1228 Aruina
690 1201 787 1227 fetialis
800 1201 836 1227 ita
851 1200 932 1227 verba
947 1201 1010 1226 fecit
1044 1213 1090 1219 —-

49 1247 102 1274 quo
115 1238 226 1272 Populus
240 1238 318 1273 Rom.
332 1239 426 1265 scelere
439 1238 524 1272 impio
537 1237 568 1264 lit
581 1237 689 1269 solutus,
697 1237 773 1263 hosce
786 1236 907 1263 homines
920 1236 997 1262 vobis
1010 1235 1089 1261 dedo.

47 1275 119 1304 Haec
132 1273 231 1300 dicenti
242 1273 339 1300 Fetiali
352 1274 499 1301 Postumius
514 1276 603 1306 (COS.
617 1273 686 1299 modo
699 1272 818 1306 deditus)
833 1281 901 1306 genu
915 1272 1002 1298 femur
1010 1280 1090 1305 quan-

53 1346 111 1377 else,
127 1344 204 1371 illum
229 1345 342 1381 legatum
363 1346 482 1372 fetialem
501 1353 514 1371 a
536 1345 562 1371 se
577 1351 669 1371 contra
682 1345 722 1370 ius
736 1344 853 1378 gentium
867 1343 998 1370 violatum
1013 1353 1019 1373 3
1057 1351 1090 1368 eo

54 1380 141 1411 iustius
155 1380 254 1409 bellum
267 1380 392 1416 gesturos.
464 1382 506 1407 Ita
518 1380 629 1407 Fetiales
643 1379 770 1406 iubentur
790 1380 829 1406 ire
848 1378 881 1405 ad
901 1378 975 1405 fedus
995 1377 1091 1404 ferien-

56 1415 116 1444 dum
128 1425 166 1450 30,
177 1425 217 1450 43.
288 1416 348 1442 Liu.
361 1425 395 1448 31,
410 1421 424 1446 8
460 1415 582 1443 Consulti
602 1416 712 1442 Fetiales
732 1425 746 1442 a
759 1415 872 1442 Consule
885 1414 1018 1450 Sulpicio,
1038 1413 1091 1439 bel-

54 1451 108 1479 lum
125 1452 193 1486 quod
212 1451 374 1478 indiceretur
393 1452 452 1486 regi
471 1452 594 1486 Philippo
611 1458 701 1478 vtrum
721 1451 767 1486 ipfi
782 1452 874 1486 vtique
887 1450 1006 1477 nuntiari
1018 1449 1091 1475 iube-

48 1530 82 1549 eo
93 1523 230 1550 nuntiari?
266 1523 378 1550 Fetiales
393 1523 575 1553 decreuerunt,
594 1530 683 1549 vtrum
696 1531 789 1549 eorum
802 1522 906 1553 fecili'et,
925 1522 997 1548 mele
1010 1520 1093 1547 faetu-

47 1566 116 1585 rum.
188 1559 248 1584 Liu.
262 1560 299 1589 36,
314 1568 323 1589 3
340 1559 438 1585 Consul
456 1567 486 1584 ex
501 1558 730 1584 Senatusconsulto
742 1557 774 1584 ad
788 1558 939 1592 Collegium
951 1557 1092 1584 Fetialium

45 1594 150 1626 retulit,
166 1594 248 1628 lpsine
262 1594 356 1628 vtique
370 1594 426 1628 regi
439 1593 572 1619 Antiocho
588 1593 749 1620 indiceretur
763 1593 877 1625 bellum,
896 1602 929 1619 an
945 1592 976 1619 ad
1000 1591 1092 1626 pracsi-

48 1628 124 1656 dium
135 1629 305 1655 nunciaretur
322 1630 331 1655 3
366 1635 391 1655 et
405 1631 469 1655 num
482 1629 583 1655 Aetolis
596 1637 703 1664 quoque
716 1628 854 1663 separatim
868 1628 952 1654 indici
970 1628 1093 1654 iuberent

1 1718 5 1726 .
47 1695 154 1726 bellum‘
169 1699 339 1725 indicendum
354 1701 362 1725 ἓ
398 1700 506 1726 Fetiales
519 1700 710 1734 responderunt
724 1707 769 1726 etc.
825 1702 863 1726 De
876 1699 1019 1726 Fetialibus
1033 1700 1095 1732 Pop.

0 1747 5 1752 ·
49 1735 127 1761 Rom.
141 1733 174 1767 4st
186 1735 279 1761 libeLIus
292 1736 327 1761 Io.
343 1735 429 1769 Rufii,
443 1743 508 1771 pars
521 1736 589 1761 illius
594 1735 692 1771 ferculi
703 1737 829 1767 literarii,
846 1742 899 1760 tum
913 1733 1095 1767 differ-tationes

4 1780 8 1784 ’
47 1771 87 1797 Io.
101 1772 167 1796 Dan.
181 1772 277 1796 Rittert
288 1770 356 1805 Lipfi
372 1780 437 1804 ¹732·
473 1777 497 1796 et
512 1772 539 1797 F.
556 1771 582 1796 C.
597 1771 705 1796 Conradi
718 1768 897 1802 Helmst.17j4.

89 1810 106 1829 F
118 1811 297 1836 ETlAL1s,
318 1806 359 1830 vr!
371 1811 485 1831 FEC1A
497 1811 569 1833 ms,
587 1813 610 1830 e.
631 1805 691 1829 Adi.
727 1805 787 1829 Liu.
800 1812 827 1834 9,
843 1812 863 1828 ιι
883 1803 942 1827 Hoc
955 1801 1020 1830 fide,
1039 1800 1089 1825 hoc

47 1838 191 1869 federibus,
211 1839 262 1864 hoc
275 1839 410 1864 fetialibus
424 1838 592 1864 caerimoniis
606 1838 715 1871 dignum
730 1843 794 1863 erat.

47 1873 113 1901 Belli
123 1873 235 1908 quidem
249 1873 366 1906 aequitas
381 1873 532 1898 sanfflffime
547 1873 634 1898 fetiali
647 1874 710 1906 Pop.
725 1873 802 1898 Rom.
817 1872 875 1897 iure
889 1871 1031 1905 perscripta
1044 1869 1089 1896 est.

46 1911 80 1936 Et
91 1917 104 1942 3
116 1918 137 1935 c.
149 1917 179 1941 29
201 1907 331 1934 Aduersus
344 1917 423 1942 quem
432 1914 518 1934 totum
526 1908 566 1934 ius
574 1908 662 1934 fetiale
674 1913 700 1934 et
712 1907 794 1933 multa
802 1908 858 1933 sunt
866 1905 1090 1933 iuracommunia.

46 1945 108 1972 Iura
120 1943 224 1970 fetialia
233 1950 306 1970 uocat
318 1944 390 1970 Seru.
403 1943 436 1970 ad
448 1945 510 1971 Aen,
526 1951 551 1978 7,
565 1946 622 1976 695.
657 1950 681 1969 ct
695 1952 738 1975 10,
755 1952 793 1977 14·
902 1942 960 1968 Val.
974 1942 1045 1967 Max.
1059 1941 1092 1966 de

48 1989 121 2007 nom.
136 1986 184 2005 rat.
198 1989 224 2005 n.
238 1988 266 2005 10
286 1978 326 2005 Ab
338 1980 490 2014 Aequicolis
505 1983 613 2006 recitant
630 1979 764 2005 Sertorem
785 1978 904 2009 Refium,
923 1977 971 2012 qui
990 1977 1092 2011 primus

48 2016 90 2050 ius
101 2014 188 2042 fetiale
207 2014 330 2041 instituit.

70 2058 77 2066 “
110 2060 113 2063 “
322 2054 327 2059 “
423 2053 446 2084 F
548 2053 575 2084 E
678 2053 708 2084 V

14 2153 15 2162 ἵ
44 2117 51 2127 ⁴
78 2116 212 2156 ¹1513an
222 2129 264 2154 M,
294 2121 368 2158 sorte
398 2122 440 2149 hic
468 2129 568 2159 quaeret
593 2123 685 2157 aliquis
698 2132 705 2147 :
741 2130 795 2148 cum
820 2122 952 2151 Latinum,
975 2104 997 2145 a¹
1027 2119 1093 2145 Fide

13 2167 15 2187 l
55 2156 177 2186 deductum*
188 2158 331 2194 quibusdam
338 2165 441 2193 putetur
455 2158 563 2188 verbum,
582 2167 653 2193 quam
667 2158 704 2189 hi,
711 2160 753 2192 qui
766 2155 862 2190 vaſjalli
874 2156 1038 2191 appellantur,
1051 2155 1096 2181 hoc

1107 427 1121 453 5

1547 189 1578 228 F
1664 188 1679 227 1

1775 189 1802 228 B
2109 199 2182 245 650

1147 284 1188 303 tur
1201 277 1263 303 mihi
1276 276 1400 308 Fibrum,
1422 275 1581 313 Fibramque
1593 283 1617 303 et
1630 276 1774 304 Fimbriam
1787 281 1884 305 nomina
1895 280 2008 317 accepist}
2027 293 2074 309 non
2094 293 2110 310 α
2128 284 2186 311 fini.

1146 312 1214 339 endo
1223 333 1230 345 ,
1243 313 1288 349 sed
1300 322 1315 338 a
1326 311 1459 344 findend0‚
1472 322 1501 338 ac
1513 320 1598 339 notare
1609 314 1703 339 animal
1713 312 1775 338 illud
1785 313 1913 340 caedendis
1927 323 1948 341 ct
1959 310 2089 351 jinclcndis
2107 321 2187 356 lignis

1147 349 1225 374 nobile
1237 359 1246 377 ,-
1281 355 1333 374 tum
1347 347 1441 373 Filsum
1453 347 1515 373 illud
1527 349 1636 382 iccoris,
1655 358 1725 385 quam
1733 351 1864 383 propriam
1876 351 2058 383 appellativum!
2075 353 2117 386 effi’
2146 355 2186 382 de-

1147 384 1205 410 inde
1225 383 1369 419 apparebit,
1382 382 1429 418 sub
1451 388 1576 414 FtND03
1611 383 1805 420 quemadmodum
1825 387 1852 409 in
1874 388 1939 410 omni
1959 386 2024 412 fibra
2043 375 2186 425 aliiifiJJinn

1147 419 1262 454 quiddam
1275 418 1398 454 intelligi,
1414 418 1482 444 dot-c!
1495 418 1607 445 induHio
1621 430 1628 445 .·
1665 419 1693 446 tle
1709 419 1827 446 Fimbria
1841 429 1880 446 res
1897 421 2045 456 manifesta,
2065 432 2087 449 et
2099 427 2186 462 super.

1146 453 1179 488 2st
1192 453 1320 494 uestigium
1335 454 1492 493 consonantis
1504 457 1617 480 extritae.
1657 457 1708 481 Nrc
1721 455 1783 482 illud
1794 455 1951 482 omittendum
1961 475 1969 487 ‚
1989 458 1999 481 Ι
2013 460 2038 482 in
2053 459 2129 486 Finio
2141 466 2186 488 vix

1141 489 1208 526 poste
1225 493 1335 525 corripi,
1350 493 1376 515 in
1397 488 1481 515 Fmdo
1502 495 1596 515 tantum
1611 490 1729 524 pofitione
1741 493 1854 527 longum,
1871 490 1935 526 quod
1947 492 2110 520 Praeteritum
2124 497 2185 524 Fidi

1147 527 1252 552 indicat.
1289 527 1342 552 Iam
1354 527 1380 550 in
1393 524 1474 550 Fibro
1483 528 1592 558 primam
1603 524 1646 558 asse
1659 526 1751 552 breuem
1761 546 1768 556 ,
1785 526 1893 553 vidimus
1907 535 1935 552 ex
1948 526 1992 553 Sil.
2009 535 2042 560 ις,
2055 538 2117 561 490.
2154 534 2186 558 171

1146 561 1225 588 Fibra
1243 560 1309 596 poſje
1331 563 1440 595 corripi,
1456 560 1556 586 idoneus
1579 560 1665 586 auclor
1685 562 1777 588 Manil.
1793 571 1814 596 1,
1828 571 1858 595 92
1878 562 2033 589 Consultare
2047 564 2141 597 fibras,
2161 575 2186 594 et

1110 608 1138 626 10
1145 605 1269 630 rumpere
1280 595 1391 622 vocibus
1403 603 1509 630 angues.
1544 596 1614 622 Mihi
1627 597 1721 630 quidem
1733 604 1825 623 certum
1838 595 1871 630 <sl
1885 597 1988 624 Fibram
2003 606 2026 625 et
2039 599 2186 628 Fimbriam

1107 788 1131 814 ¹5

47 956 91 984 sic
105 963 131 990 7,
145 958 168 981 6.
204 964 231 988 9,
249 958 276 982 16
289 961 332 981 etc.
369 954 453 980 Multa
466 956 539 979 ctiam
552 953 650 979 illorum
662 955 753 979 mentio
766 955 793 978 in
808 950 917 977 Caudina
920 957 991 985 pace.
1029 950 1086 976 Liu.
1097 965 1131 984 20

47 1132 92 1159 ubi
104 1131 219 1158 dedendis
225 1130 364 1167 spmfionis
378 1131 501 1157 Caudinae
514 1129 748 1166 aufforibussermo
756 1128 942 1163 glLPraegreffi
956 1132 1087 1155 exercitum
1096 1143 1127 1168 23

49 1314 77 1348 μ
89 1310 200 1336 maxime
214 1314 317 1343 poterat
330 1310 374 1342 vi,
393 1309 520 1344 perculit,
539 1314 565 1335 et
577 1308 646 1335 clara
659 1317 725 1335 voce
738 1308 790 1341 ait,
810 1309 834 1334 se
847 1308 990 1334 Samnitem
1004 1307 1088 1332 ciuem
1098 1320 1128 1344 30

51 1492 122 1518 rent,
139 1496 172 1514 an
185 1488 244 1514 satis
257 1488 332 1520 ess'et,
351 1488 379 1514 in
393 1487 491 1514 finibus
504 1496 589 1522 regni,
599 1488 671 1521 quod
682 1495 835 1521 proxtmum
851 1486 1008 1520 praesidium
1023 1486 1127 1525 effet,33

49 1664 150 1690 bellum
165 1666 174 1690 3
210 1670 236 1690 et
248 1673 313 1690 num
326 1664 398 1698 prius
410 1665 517 1690 societas
531 1665 568 1690 eis
583 1670 608 1691 et
622 1665 741 1691 amicitia
754 1664 1005 1695 rentiimiandaeffet,
1014 1671 1092 1698 quam
1101 1678 1137 1703 40

868 1837 923 1862 Cic.
931 1834 1007 1861 offic.
1018 1843 1026 1860 1
1036 1844 1056 1860 c.
1067 1843 1088 1860 11
1098 1844 1130 1870 45

1101 2017 1133 2043 50

54 2191 104 2228 ζβ,
122 2192 184 2234 quali
196 2196 289 2225 coloni,
308 2197 339 2226 ti,
352 2203 368 2220 a
381 2203 426 2230 quo
434 2193 565 2228 praedium
577 2196 705 2228 accipiunt
714 2212 721 2223 ,
737 2192 813 2224 dant,
827 2192 855 2227 se
864 2198 914 2226 pro
927 2192 998 2217 illius
1010 2191 1128 2225 Jalutc55

14 2251 15 2255 ,
55 2230 147 2262 uitam,
155 2232 180 2264 Ji
196 2239 236 2256 res
249 2228 370 2264 postulet,
390 2237 414 2256 et
427 2230 574 2265 sanguinem
593 2228 754 2265 profitsuros.
789 2230 869 2262 Qam
898 2226 1092 2262 consuetudinem

55 2265 197 2300 Franci-'scus
215 2265 346 2291 Connanus
363 2265 394 2291 ab
417 2268 529 2300 antiquis
554 2266 635 2291 Gallis
654 2262 783 2290 deduc'iam
803 2261 942 2296 existimat,
966 2262 994 2288 de
1007 2261 1093 2297 quibus

52 2301 140 2327 Caesar
154 2300 181 2326 Β.
197 2301 228 2327 G.
243 2309 265 2333 3,
284 2309 317 2327 22.
335 2300 447 2336 scribgns
459 2320 467 2333 ,
487 2300 551 2326 dicit
571 2308 633 2332 eos,
652 2300 700 2333 qui
719 2298 816 2333 opibus
841 2298 975 2330 valerent,
990 2297 1090 2323 multos

38 2334 163 2369 »habuisse
177 2335 304 2368 deuncos,
323 2345 389 2371 quos
403 2337 487 2362 secum
501 2336 530 2362 in
543 2335 642 2362 bellum
656 2335 792 2366 ducerent,
803 2334 930 2369 soldurios
943 2335 987 2360 sua
1001 2333 1092 2366 lingua

49 2377 223 2406 nuncupatos:
259 2380 374 2406 qnorum
386 2371 449 2398 haec
463 2378 517 2398 erat
531 2371 667 2402 conditio,
688 2377 716 2397 vt
730 2370 855 2396 omnibus
868 2371 896 2396 in
909 2369 964 2395 vita
976 2372 1134 2396 commo-60

0 2420 13 2444 ,¹⁴¹
49 2406 89 2434 dis
101 2410 151 2433 vna
165 2416 224 2434 cnm
238 2406 279 2434 his
292 2408 462 2439 fruerentur,
481 2415 597 2441 quorum
612 2407 636 2432 se
649 2406 781 2432 amicitiae
794 2405 956 2432 dedidiffent.
1012 2403 1094 2437 Quod

0 2450 1 2456 ¹
26 2448 28 2450 ’
47 2442 68 2476 fi
93 2442 157 2478 quid
179 2442 220 2469 his
246 2452 292 2477 per
314 2443 370 2469 vim
395 2441 541 2474 aecidiffet,
562 2447 607 2468 aut
628 2441 740 2467 eundem
753 2442 838 2467 casum
851 2441 951 2467 ferrent
966 2440 1011 2474 ipsi
1022 2460 1029 2472 ,
1048 2444 1093 2466 aut

48 2484 163 2505 mortem
176 2478 225 2504 fibi
240 2478 436 2503 consciscerent.
513 2476 608 2511 Vqffius
623 2476 651 2503 de
669 2478 721 2503 Vit.
737 2478 767 2503 L.
781 2478 809 2503 L.
823 2487 842 2507 1,
856 2487 870 2511 7
889 2477 953 2502 hanc
966 2475 1095 2502 Gothicam

47 2522 130 2540 vocem
152 2516 274 2545 nominat,
290 2521 387 2547 eamque
407 2514 512 2538 tolerari
530 2511 596 2547 poffi’
602 2512 697 2547 scribit
710 2523 717 2537 :
753 2519 870 2548 quatenus
886 2519 967 2547 nempe
981 2521 1020 2537 res
1034 2511 1098 2546 ipfri,

48 2550 162 2583 antiquis
174 2550 321 2583 incognita,
333 2548 380 2583 suo
395 2551 490 2574 nomine
493 2546 620 2584 signanda
635 2546 677 2581 cst.
713 2548 760 2576 Sed
772 2548 818 2575 hoc
830 2557 879 2575 non
892 2552 996 2585 agimus.

49 2583 178 2616 beantfibi
184 2583 232 2618 sua
246 2582 333 2609 Feuda
346 2583 411 2610 ICti.

85 2624 297 2651 FEVDALls,
323 2627 345 2645 e.
383 2620 415 2645 Et

86 2660 219 2680 ravon
232 2660 402 2686 TAR1VS,
423 2662 453 2687 a,
472 2663 527 2681 um.
548 2653 610 2680 Adi.

80 2696 176 2726 prex,
200 2689 254 2716 vid.
283 2696 393 2716 rnssx.

316 2751 340 2782 F
415 2751 427 2781 I

644 2654 722 2690 Apud
736 2652 872 2688 Iurisconfi

525 2748 831 2782 ctFIB

84 2803 103 2826 ,Ρ
113 2805 139 2831 1,
159 2798 325 2832 Imperatiuus
340 2805 369 2823 cx
383 2796 432 2823 Fio
448 2807 452 2822 :
484 2795 531 2832 fid
544 2805 627 2822 rarus.
662 2795 744 2822 Plaut.
758 2795 835 2821 Curc.
851 2802 870 2824 1,
886 2802 911 2824 ι,
928 2798 960 2828 87
980 2792 1010 2819 Fi
1030 2791 1100 2818 mihi

7 2855 9 2858 .
51 2832 204 2868 obsequens.
276 2833 397 2868 Etpaullo
406 2831 478 2867 post,
500 2833 557 2859 Fite
570 2830 639 2858 mihi
651 2831 773 2858 volentes
793 2830 933 2865 propitiae.
1005 2829 1099 2855 Horat.

47 2869 134 2910 §Sei-m.
149 2878 173 2901 2,
185 2876 207 2902 ς,
220 2873 248 2900 38
282 2883 328 2888 ·-
363 2869 394 2894 Fi
407 2868 529 2902 cognitor
540 2868 604 2902 ipse.
620 2905 624 2909 ⁴

89 2911 143 2937 rx,
165 2911 200 2931 r1
216 2914 221 2930 ε

54 2945 83 2966 to
94 2940 176 2967 Calin.
190 2949 212 2972 3,
220 2947 268 2974 3‚7
289 2939 326 2970 Fi,
335 2939 352 2965 fi
361 2959 368 2969 ‚
388 2940 472 2966 foetet
485 2945 544 2966 tuus
558 2938 596 2965 mi
618 2939 628 2964 i
640 2938 741 2968 serm03
759 2944 806 2972 pro
821 2945 845 2962 eo
859 2934 924 2971 quod
935 2933 969 2968 est
983 2938 1010 2961 in
1021 2936 1098 2961 Gron.

56 2974 98 3007 ei,
115 2975 149 3008 ei.
184 2976 214 3001 Fi
234 2976 274 3001 uel
286 2976 322 3008 φῦ
335 2974 378 3008 ςθὲ
391 2975 558 3001 abominantis
564 2975 689 3011 foetorem
697 2992 706 3005 ‚
724 2978 828 3008 apparet
840 2981 869 2998 ex
882 2971 978 3007 obsceno
989 2970 1100 2997 Ausonii

57 3009 245 3044 Epigrammate
262 3016 311 3046 128,
327 3019 353 3044 9.
406 3010 462 3037 Viti.
477 3017 546 3037 FVE.

96 3046 217 3079 F'i'BER,
232 3046 303 3073 fibri.
325 3056 360 3073 m.
399 3046 517 3082 [κοίςωρ]
553 3045 660 3072 Animal
671 3046 699 3070 in
712 3044 790 3070 Ponto
805 3052 813 3067 .¹

60 3082 145 3106 tremis
155 3084 207 3106 ‘oris
218 3085 322 3108 amnium
336 3092 396 3118 quas
410 3084 470 3108 colit
479 3102 487 3114 ,
505 3088 528 3108 et
541 3081 583 3108 vbi
596 3083 700 3106 maxime
707 3079 775 3115 Jblct‘
784 3077 875 3105 videri.

60 3115 80 3142 s·
92 3121 130 3148 47
143 3114 266 3154 Postquam
278 3121 329 3154 egit
343 3118 371 3144 de
382 3118 475 3153 hyaena
489 3127 569 3144 mares
575 3116 626 3150 fibi
639 3122 710 3142 natos
724 3113 861 3147 rostrante,
887 3112 996 3140 Easdem
1015 3118 1099 3147 partes

61 3149 110 3190 libi
122 3151 168 3183 ipn
182 3150 278 3179 Pontici
296 3160 431 3188 amputant
445 3153 523 3185 fibri,
543 3151 661 3188 periculo
674 3156 799 3185 vrgente‚
819 3149 854 3176 ob
868 3150 918 3176 hoc
933 3150 958 3174 se
973 3149 1025 3182 peti
1037 3157 1097 3183 gna-

61 3194 87 3212 rt
102 3196 108 3211 ς
144 3184 285 3214 castoreum
295 3189 323 3215 id
337 3196 430 3216 vocant
444 3190 557 3222 medici,
575 3188 640 3216 alias
652 3186 749 3214 animal
763 3186 890 3212 horrendi
903 3185 1015 3216 morsus,
1023 3183 1098 3210 arbo-

60 3230 101 3248 res
116 3221 189 3246 iuxta
202 3221 305 3250 flumina
319 3231 348 3251 vt
361 3225 434 3252 ferro
447 3225 541 3252 caedit.
596 3223 720 3250 Hominis
738 3228 810 3256 parte
824 3220 1025 3256 comprehensa,
1043 3229 1098 3245 non

841 3041 881 3076 fic
894 3039 988 3068 clidium
1012 3041 1042 3066 ab
1059 3050 1100 3066 ex-

1147 631 1189 666 est}
1203 633 1286 658 filllnn
1298 631 1412 666 quiddam
1420 640 1430 660 ‚·
1465 630 1585 666 quidquid
1597 634 1669 657 ctiam
1683 632 1710 658 de
1726 632 1806 659 Fibro
1821 635 1914 669 aliquis
1922 633 2027 669 sentiat.
2171 646 2186 663 2

1147 666 1188 701 fist
1210 676 1266 703 ergo
1291 666 1369 693 Fibra
1384 673 1449 701 pars
1473 667 1552 692 altera
1575 673 1617 692 out
1640 669 1779 701 pulmonis,
1798 678 1857 704 quos
1883 669 1959 695 lobos
1981 676 2071 696 vocant
2091 634 2188 699 medici.

1148 703 1223 737 Virg.
1237 704 1301 728 Aen.
1316 703 1342 734 6,
1355 704 1407 727 600
1427 701 1456 727 de
1468 703 1554 737 Tityo,
1568 705 1637 728 cicius
1649 703 1721 730 iecur
1732 704 1823 731 tondet
1836 704 1940 736 vultur,
1977 705 2034 732 Nec
2046 705 2130 733 >fibris
2148 716 2189 734 re-

1149 739 1223 773 quies
1236 737 1313 764 datur
1325 737 1380 764 vlla
1391 737 1496 764 renatis.
1567 737 1634 764 Cels.
1643 747 1671 770 4,
1685 747 1693 765 1
1714 739 1805 765 Pulmo
1822 740 1989 774 spongiosus,
2011 741 2126 777 ideoque
2140 744 2190 778 spi-

1150 775 1216 801 ritus
1231 781 1309 807 capax
1319 793 1327 805 ,
1348 778 1374 799 et
1387 781 1401 798 a
1416 778 1492 807 tergo
1506 773 1592 807 spinae
1606 773 1653 807 ipsi
1669 774 1788 807 iunftus,
1808 776 1837 801 in
1852 774 1914 802 duas
1928 775 2011 802 fibras
2025 777 2190 811 vngulaebu-

1149 810 1228 837 bulae
1238 808 1319 835 modo
1335 807 1474 834 diuiditur.
1546 810 1693 844 Praesertim
1706 814 1732 836 in
1746 811 1875 846 extispicio
1893 811 1952 837 haec
1971 821 2019 838 vox
2039 814 2190 853 usurpatur:

1148 845 1202 872 vid.
1217 844 1413 884 Brouck'hufi-ad
1426 843 1529 877 Tib.2‚
1545 853 1564 876 1,
1578 848 1608 871 26
1625 844 1712 871 Viden
1724 851 1752 872 vt
1764 845 1887 873 felicibus
1901 847 1967 872 extis
1986 848 2126 882 Significet
2138 851 2191 885 pla-

1149 881 1222 908 cidos
1242 888 1333 906 nunna
1353 879 1424 905 fibra
1443 880 1520 906 Deos
1554 887 1578 906 et
1596 880 1781 907 Drakenborch.
1793 882 1827 908 ad
1840 882 1886 908 Sil.
1900 890 1923 914 3,
1937 891 1989 915 344
2009 884 2150 912 Fibrarum
2165 892 2192 914 et

1150 925 1248 952 pennae
1262 915 1465 949 diuinarumque
1478 916 1592 949 sagacem
1608 916 1789 942 Flammarum.
1879 917 1988 944 Oudcnd.
2010 918 2043 944 ad
2062 920 2158 948 Lucan.
2173 931 2182 948 1

1148 955 1193 984 623
1214 951 1347 979 Pulmonis
1364 950 1451 978 anheli
1465 951 1542 977 Fibra
1557 951 1628 977 latet.
1698 953 1727 977 In
1742 952 1807 978 extis
1820 951 1891 979 fibra
1904 953 1969 987 quid
1983 954 2068 981 valeat
2088 957 2143 983 Cic.
2158 942 2193 984 de

1149 988 1242 1015 Diuin.
1259 996 1279 1018 1,
1294 988 1330 1012 16.
1402 988 1489 1012 Venae
1504 986 1614 1012 calentes
1628 986 1761 1013 fibrarum
1779 988 1874 1013 Lucan.
1891 996 1911 1019 1,
1924 993 1975 1018 588.
2047 990 2142 1018 Fibrae
2161 993 2193 1020 li-

1147 1029 1230 1050 tantes
1255 1022 1292 1049 Id.
1306 1024 1330 1053 6,
1343 1029 1401 1055 324.
1469 1021 1599 1048 Pecudum
1612 1021 1699 1048 fibrae
1725 1022 1799 1056 Virg.
1813 1022 1878 1047 Aen.
1894 1031 1937 1054 10,
1952 1025 2007 1057 176.
2080 1028 2192 1055 Conscia

1149 1059 1261 1086 deorum
1282 1057 1379 1084 Tibul.
1397 1066 1416 1090 1,
1429 1063 1451 1090 8,
1466 1066 1488 1090 3.
1529 1057 1586 1084 Via.
1602 1057 1724 1083 Brouckh.
1780 1057 1896 1083 Minaces
1910 1057 2117 1094 Virg.Georg.r‚
2129 1069 2191 1098 484.

1148 1092 1169 1131 q
1190 1103 1202 1127 3
1239 1095 1349 1130 Longius
1363 1093 1448 1119 deinde
1457 1093 1579 1129 progrqffi
1587 1092 1677 1119 Fibras
1693 1092 1776 1119 dixere
1784 1093 1831 1119 Cor
1844 1096 1926 1124 etiam,
1942 1099 1965 1119 ee
1977 1095 2123 1131 mustuiofizs
2130 1106 2193 1134 par-

1149 1137 1185 1156 tes
1199 1131 1279 1161 alias,
1299 1135 1417 1164 quatenus
1430 1136 1452 1155 et
1464 1127 1694 1164 illaeficntfiffiles.
1767 1127 1846 1161 Qiod
1860 1128 1922 1154 latet
1936 1136 2029 1155 arcana
2047 1139 2102 1157 non
2119 1142 2193 1161 enar.

1149 1165 1235 1192 rabile
1254 1164 1327 1191 fibra
1354 1165 1421 1192 Pers.
1440 1164 1489 1190 Sat.
1511 1172 1539 1197 ς,
1553 1172 1595 1197 29.
1611 1168 1630 1190 i.
1638 1163 1719 1196 corde,
1734 1170 1763 1189 vt
1777 1165 1885 1199 explicat
1897 1163 1997 1198 Casaub.
2012 1169 2055 1200 qui
2067 1173 2148 1194 tamen
2161 1170 2196 1195 ad

1148 1212 1171 1234 1,
1185 1208 1250 1236 ²51³·
1266 1204 1302 1234 76
1320 1199 1348 1225 de
1362 1203 1438 1227 iecore
1452 1203 1562 1235 accepit,
1580 1199 1645 1235 quod
1666 1206 1690 1225 et
1711 1199 1792 1235 ipficm
1802 1199 1874 1235 jedes
1887 1197 2030 1233 affectuum.
2103 1204 2150 1230 Sed
2162 1206 2197 1231 ad

1150 1246 1170 1270 1,
1184 1244 1220 1271 47
1240 1237 1298 1263 Nec
1311 1235 1381 1262 enim
1394 1234 1461 1262 mihi
1475 1244 1569 1261 cornea
1584 1235 1654 1261 fibra
1666 1235 1693 1261 de
1701 1235 1775 1271 srnfii
1788 1237 1895 1271 gloriae,
1913 1244 1955 1261 cor
1968 1236 2120 1270 potiffimum
2140 1238 2195 1274 affi.

1150 1276 1227 1299 ciente
1249 1275 1446 1307 intcipretatur‚
1462 1278 1485 1297 ct
1507 1271 1611 1297 Sidonii
1634 1271 1712 1297 corda
1733 1279 1829 1296 cornea
1850 1270 1987 1305 fibrasque
2000 1272 2121 1305 glaciales
2135 1269 2196 1302 hinc

1151 1307 1209 1341 effe,
1230 1311 1276 1334 ait.
1294 1305 1303 1308 ”
1328 1307 1487 1333 Pellucentes
1499 1315 1638 1332 numerare
1651 1306 1679 1332 in
1693 1306 1800 1341 peflore
1820 1306 1901 1332 Ouid.
1915 1307 1978 1332 Met.
1993 1311 2020 1340 6,
2034 1316 2085 1340 391.
2128 1311 2195 1338 Plin.

1152 1352 1183 1376 11,
1198 1350 1230 1377 37
1249 1343 1370 1369 Murium
1383 1342 1520 1368 iecusculis
1533 1341 1618 1369 fibrae
1631 1341 1664 1368 ad
1677 1350 1814 1368 numerum
1829 1342 1906 1368 lunae
1920 1342 2042 1369 inmense
2051 1353 2197 1380 congruere

1152 1380 1292 1411 dicuntur,
1311 1378 1476 1412 totidemque
1490 1378 1617 1410 inueniri,
1637 1383 1749 1412 quotum
1762 1377 1852 1403 lumen
1864 1377 1921 1404 eius
1936 1378 1974 1404 lit.
2045 1381 2113 1415 Qun
2124 1382 2196 1409 Cael.

1152 1413 1242 1442 Aurel.
1256 1422 1277 1446 3,
1291 1420 1327 1446 18,
1342 1419 1387 1446 184
1405 1413 1432 1440 de
1448 1413 1576 1440 muliebri
1588 1413 1720 1445 verend0,
1740 1414 1864 1440 Externas
1881 1422 1947 1439 vero
1967 1420 2051 1448 partes
2067 1425 2114 1450 per
2138 1418 2197 1445 lati-

1153 1450 1272 1477 tudinem
1288 1449 1353 1475 lanis
1365 1449 1544 1483 contegimus,
1562 1449 1606 1475 vel
1621 1449 1840 1484 cataplasmamus,
1848 1454 1873 1475 et
1887 1449 1994 1484 vtrique
2006 1449 2092 1478 fibrae
2105 1461 2197 1482 cucur-

1154 1486 1222 1512 bitas
1237 1485 1385 1520 infigimus.
1425 1485 1549 1520 Intelligit
1561 1494 1596 1516 ea,
1611 1494 1671 1520 quae
1685 1485 1758 1519 vulgo
1773 1491 1894 1511 vocantur
1907 1484 1982 1511 labia.
2138 1488 2159 1526 q
2178 1498 2199 1523 4

1153 1524 1265 1556 Denique
1283 1519 1406 1556 quidquid
1424 1519 1540 1546 finditur
1557 1529 1572 1546 a
1584 1527 1675 1546 natura
1693 1520 1770 1546 Fibra
1784 1518 1826 1553 est.
1913 1520 1988 1546 Cato.
2004 1521 2034 1547 R.
2048 1522 2079 1548 R.
2094 1530 2138 1557 70.
2175 1532 2199 1551 et

1153 1557 1258 1584 Colum.
1272 1559 1298 1588 6,
1312 1565 1350 1588 ιο,
1365 1565 1377 1581 2
1400 1556 1476 1583 Porri
1489 1555 1560 1582 fibra
1572 1565 1620 1581 non
1635 1554 1667 1588 qs}
1676 1554 1769 1590 folium
1779 1575 1786 1587 ‚
1798 1554 1846 1591 scd
1857 1557 1992 1591 capitulum
2003 1566 2094 1589 vnum,
2114 1559 2199 1586 bulbus

1152 1601 1216 1619 unus
1229 1601 1283 1618 cum
1290 1591 1339 1626 sua
1351 1591 1425 1618 herba
1434 1611 1441 1623 ,
1460 1590 1488 1617 de
1503 1591 1544 1617 iHo
1557 1592 1624 1617 velut
1637 1590 1741 1626 caespite
1748 1592 1859 1625 plurium
1871 1600 1900 1616 ex
1906 1591 1936 1625 se
1949 1594 2054 1618 inuicem
2073 1600 2200 1620 enatorum

1153 1629 1262 1655 ablatum
1276 1638 1283 1652 :
1320 1636 1381 1662 quas
1404 1628 1470 1653 Cato
1493 1629 1521 1652 in
1541 1626 1630 1661 vlpico
1646 1632 1672 1651 et
1693 1625 1756 1651 allio
1770 1625 1852 1658 spicas
1867 1630 1952 1651 vocat.
2022 1626 2071 1652 Sed
2083 1627 2137 1654 ideo
2149 1638 2199 1655 non

1153 1667 1234 1690 minus
1245 1662 1332 1689 fibrae
1341 1663 1403 1697 sunt
1416 1664 1512 1687 minuta
1527 1670 1618 1696 quoque
1625 1663 1737 1695 germina
1744 1659 1877 1694 foliorum.
1916 1661 1984 1685 Nam
1991 1661 2201 1695 Colum.11,3‚2r

1154 1700 1223 1725 Cum
1237 1704 1322 1724 ternas
1335 1697 1418 1722 fibras
1433 1697 1577 1722 emiserunt
1590 1697 1673 1728 spicae
1686 1694 1778 1728 vlpici.
1849 1696 1880 1719 Et
1893 1703 1924 1724 ιι,
1943 1703 1968 1726 2,
1982 1703 1998 1726 9
2038 1696 2105 1723 Cum
2117 1698 2201 1725 fibra.

1154 1742 1213 1759 rum
1227 1737 1341 1766 quatuor
1354 1732 1401 1757 effe
1414 1737 1557 1764 coeperunt
1570 1730 1710 1756 frumenta.
1782 1729 1814 1754 Et
1827 1737 1853 1761 2,
1862 1737 1922 1761 12,4
1942 1730 2083 1757 Triticum
2097 1738 2123 1760 et
2137 1733 2201 1760 ado.

1154 1775 1243 1795 reum,
1262 1775 1323 1791 cum
1345 1772 1462 1799 quatuor
1483 1764 1568 1790 fibras
1594 1763 1691 1790 habere
1712 1764 1848 1797 coeperint
1882 1772 1928 1784 —‘-
1963 1765 2034 1792 reete
2047 1767 2201 1797 sarrientur,

1154 1803 1222 1826 Hinc
1236 1799 1331 1826 Fibrae
1345 1803 1417 1826 etiam
1431 1800 1550 1825 dicuntur
1563 1802 1671 1824 minutae
1683 1799 1780 1826 radices
1793 1799 1922 1832 arborum,
1937 1799 2111 1838 herbarumque
2122 1812 2203 1831 extre-

1150 1845 1189 1861 ma
1203 1836 1267 1860 uelut
1273 1834 1331 1869 fila.
1401 1835 1466 1860 Plin.
1480 1842 1519 1868 17,
1533 1843 1561 1860 10
1580 1834 1607 1860 dc
1621 1834 1733 1860 arborum
1740 1834 1881 1871 sationibus
1893 1839 1936 1868 aitv
1945 1836 2030 1862 solutu
2044 1838 2108 1873 eligi
2123 1848 2203 1874 opor-

1151 1879 1206 1896 tere
1219 1879 1298 1904 quam
1312 1869 1424 1896 minime
1437 1870 1584 1902 rimosum,
1603 1879 1636 1896 nc
1650 1875 1785 1904 penetrans
1799 1869 1837 1895 sol
1849 1876 1941 1896 exurat
1961 1870 2054 1898 fibras.
2124 1876 2199 1911 Virg.

1152 1907 1250 1940 Georg.
1266 1914 1286 1937 1,
1302 1915 1345 1932 120
1382 1921 1434 1926 —-
1470 1906 1502 1932 Et
1515 1905 1609 1932 amaris
1625 1905 1716 1931 intuba
1728 1905 1816 1931 fibris.
1887 1905 1941 1932 Cic.
1957 1906 1990 1932 de
2005 1907 2202 1945 Sene&.;1c.1;

1152 1941 1315 1967 Herbescens
1328 1940 1451 1966 viriditas
1464 1941 1525 1966 nixa
1539 1940 1617 1967 fibris
1631 1940 1752 1974 stirpium
1764 1939 1856 1966 sensim
1867 1939 2002 1968 adolescit.
2037 1944 2109 1970 Idem
2117 1947 2200 1974 Tusc.

1154 1985 1175 2008 3,
1193 1985 1216 2008 ¹3
1232 1985 1253 2001 c.
1268 1978 1283 2002 6
1300 1975 1428 2001 Radicum
1453 1976 1537 2001 fibras
1561 1976 1684 2002 euellere.
1756 1975 1803 2002 Sca
1829 1975 1888 2002 Col.
1902 1985 1937 2009 ιε,
1950 1985 1991 2010 54,
2004 1987 2014 2004 1
2034 1980 2152 2008 Mediam
2166 1982 2203 2009 fi-

1154 2012 1229 2038 bram
1242 2011 1298 2045 rapi
1313 2011 1429 2045 gustato,
1448 2010 1465 2036 fi
1477 2011 1606 2045 receperit
1621 2010 1699 2036 salem
1714 2021 1719 2036 ε
1740 2011 1798 2037 haec
1812 2009 1845 2044 est
1857 2011 1928 2038 fibra
1941 2022 2013 2039 manu
2027 2014 2101 2047 fabia
2114 2027 2122 2041 :
2143 2028 2201 2045 nam

1154 2046 1256 2080 izfflrat
1273 2053 1335 2082 rapa
1355 2047 1517 2074 ferramento
1532 2047 1623 2072 lunato
1639 2045 1788 2072 decussatim
1802 2047 1902 2079 incidi,
1921 2057 1966 2083 quo
1974 2043 2052 2084 Ῐαέῖῖο
2065 2051 2203 2084 formatum

1153 2084 1186 2113 eil·
1200 2089 1288 2117 corpus
1302 2091 1375 2108 vnum
1390 2089 1414 2108 et
1425 2085 1554 2107 continens
1567 2082 1812 2117 qitatuorfibrarum.
1883 2084 1995 2118 Denique
2008 2080 2077 2113 Mela
2093 2095 2118 2120 2,
2133 2097 2144 2120 3
2170 2098 2202 2123 39

1153 2118 1345 2152 Peloponnesos
1357 2118 1392 2144 ob
1407 2117 1474 2143 finus
1488 2123 1513 2143 et
1526 2118 1726 2150 pronumtoi-ia,
1745 2117 1837 2152 queis,
1858 2124 1887 2144 vt
1901 2118 1980 2146 fibris
1993 2120 2073 2148 litora
2086 2109 2203 2151 eius'in.

1155 2154 1205 2180 cisa
1220 2153 1292 2184 funt,
1328 2168 1374 2172 -—
1408 2152 1505 2187 platani
1517 2153 1585 2179 folio
1598 2152 1740 2180 simillima.
1763 2161 1765 2163 ·
1815 2154 1892 2180 Nihil
1903 2158 1967 2180 enim
1980 2162 2038 2191 opus
2054 2156 2086 2190 est
2104 2160 2201 2186 Pintia.

1155 2192 1184 2215 ni
1212 2188 1377 2214 emendatione
1408 2187 1529 2215 fimbriis
1545 2199 1550 2215 ς
1586 2198 1639 2215 cum
1672 2198 1712 2215 res
1740 2195 1859 2225 cognatae
1891 2190 1964 2217 valde
1989 2191 2041 2224 lint
2071 2193 2152 2221 Fibra
2181 2203 2205 2222 et

1154 2224 1283 2251 Fimbria.
1310 2233 1336 2250 v.
1351 2233 1376 2249 υ.

1191 2260 1409 2291 ῑιΒκᾸΊ-νε,
1429 2267 1459 2291 a,
1479 2268 1533 2285 um.
1555 2258 1615 2286 Adi.

1153 2295 1188 2322 do
1209 2296 1275 2321 Plin.
1290 2302 1328 2326 23,
1342 2301 1362 2327 ς.

1152 2331 1272 2358 lamentis
1293 2329 1399 2357 fibrata.

1192 2373 1209 2393 F
1221 2375 1229 2393 1
1241 2373 1308 2393 BRE
1318 2373 1367 2392 NV
1377 2373 1390 2392 s
1400 2385 1407 2396 ‚
1428 2365 1445 2392 i.
1462 2375 1498 2392 m.
1535 2366 1618 2392 Fluuii
1630 2374 1715 2391 nomen
1728 2364 1796 2400 apud
1812 2365 1868 2392 Cic.
1883 2365 1915 2392 de
1928 2367 2021 2401 Legib.
2035 2371 2085 2401 2‚6
2104 2371 2160 2404 Q1i
2176 2372 2204 2398 in

1154 2403 1246 2465 {gig-em
1259 2401 1422 2436 praecipitat.
1494 2400 1568 2428 Idem
1581 2401 1649 2428 ibid.
1672 2410 1683 2427 1
1715 2402 1747 2427 In
1771 2401 1886 2428 Fibreno
1908 2403 2018 2430 flumine
2040 2405 2132 2432 insula.
2170 2409 2204 2434 al.

1174 2448 1183 2465 1
1204 2446 1288 2464 rinus.

1197 2480 1213 2500 F
1225 2482 1234 2500 1
1244 2480 1259 2500 B
1268 2471 1289 2499 ὕ
1297 2479 1313 2498 L
1323 2480 1344 2499 A
1354 2493 1362 2505 ,
1381 2481 1420 2498 ae.
1441 2471 1461 2498 f.
1498 2471 1595 2507 [πόρπη
1603 2494 1611 2506 ‚
1631 2471 1733 2507 περόνη]
1772 2470 2017 2509 Qidquidstringit
2029 2483 2059 2500 ac
2071 2475 2204 2503 connet‘lit.

1158 2508 1199 2543 Est
1212 2512 1275 2535 enim
1288 2510 1354 2535 velut
1370 2507 1492 2542 Figibula
1505 2507 1637 2543 quaedam,
1657 2517 1704 2542 qua
1719 2506 1828 2542 coi-'fixae
1835 2513 1924 2540 partes
1937 2511 2143 2544 vestimentorum,
2166 2514 2208 2538 vel

1652 2258 1775 2297 [irim-135]
1811 2258 1916 2286 Fibrata
1930 2259 2005 2287 radix
2019 2271 2140 2297 ceparum
2148 2275 2204 2292 mo-

1432 2294 1507 2321 Idem
1521 2302 1562 2330 27,
1571 2304 1595 2322 12
1613 2295 1699 2322 Radix
1712 2294 1816 2330 digitali
1829 2295 2002 2330 crassitudine,
2022 2300 2112 2326 multis
2126 2302 2205 2336 capil-

1044 2548 1098 2574 Ha.
1113 2541 1143 2573 65
1158 2547 1264 2572 aliarum
1278 2554 1374 2576 rerum,
1390 2546 1549 2569 continentur
1561 2544 1602 2569 vel
1607 2549 1724 2577 perpetuo
1733 2561 1741 2573 ,
1762 2543 1804 2566 vel
1815 2541 1849 2567 ad
1859 2541 1928 2576 vficm
1947 2548 2130 2578 temporarium.
2164 2550 2205 2574 Ac

1152 2585 1239 2616 Prima
1264 2579 1359 2615 quidem
1379 2578 1571 2612 nobiliffimaque
1591 2577 1691 2603 videtur
1714 2575 1810 2602 Fibula
1832 2577 1966 2610 vestiaria,
1987 2589 2046 2614 quae
2060 2584 2143 2614 primo
2156 2592 2206 2608 acu

1158 2615 1229 2642 modo
1243 2617 1282 2640 vel
1289 2615 1366 2648 spina
1381 2611 1506 2646 constabat
1519 2623 1529 2640 ;
1565 2612 1650 2637 deinde
1663 2611 1734 2638 aliud
1744 2611 1858 2647 aliudque
1870 2619 1959 2647 corpus
1971 2615 2131 2650 adiunHum,
2143 2618 2208 2654 quod

1160 2650 1229 2676 inam
1250 2648 1399 2684 stab-neret,
1418 2649 1555 2678 circulare,
1566 2647 1769 2683 semicirculare,
1786 2649 1827 2673 vel
1836 2651 1997 2683 cuiuscunque
2002 2650 2111 2687 figurae.
2154 2655 2206 2680 Hic

1160 2688 1223 2710 enim
1233 2703 1240 2715 ,
1260 2691 1288 2710 vt
1303 2686 1330 2709 in
1344 2684 1479 2715 Lucernis,
1498 2683 1667 2709 incredibilem
1682 2685 1749 2709 artis
1754 2682 1864 2718 fabrilis
1878 2683 2076 2719 fecunditatem,
2097 2694 2120 2714 et
2140 2690 2208 2715 velut

1113 2723 1149 2752 70
1160 2721 1296 2751 luxuriem,
1316 2718 1515 2754 &prehendimus
1529 2729 1536 2743 .-
1572 2728 1644 2754 quum
1666 2727 1755 2753 magna
1769 2720 1820 2756 'vis
1844 2727 1927 2744 earum
1948 2720 2077 2752 fibularum
2089 2724 2208 2759 superfit,

1159 2765 1230 2792 quant
1244 2757 1321 2781 oculis
1335 2757 1377 2789 qui
1383 2754 1505 2790 stibiicere
1517 2754 1614 2785 volunt,
1633 2753 1704 2778 adire
1712 2751 1812 2788 poſjunt
1825 2753 1970 2781 Smetiorum
1983 2761 2147 2793 antiquitates
2155 2762 2209 2786 No-

1159 2791 1325 2827 viomagenses
1339 2797 1368 2825 p.
1388 2796 1416 2819 81
1429 2790 1488 2825 Jqq.
1525 2795 1548 2814 et
1565 2790 1601 2815 Io.
1621 2788 1715 2814 Rhodii
1734 2789 1762 2814 de
1774 2790 1840 2815 Aria
1852 2788 2059 2825 difflrtationem,
2078 2803 2126 2830 qua
2134 2794 2211 2829 simul

1158 2827 1276 2862 uniuersa
1290 2825 1399 2852 Fibulae
1414 2828 1481 2852 ratio
1495 2825 1650 2859 explicatur,
1664 2831 1693 2859 p.
1707 2827 1739 2850 62
1746 2825 1804 2860 fiJq.
1818 2824 1877 2851 edit.
1886 2824 2049 2861 posterioris,
2086 2830 2156 2857 uibus
2162 2831 2208 2867 sa.

1159 2864 1205 2889 cite
1206 2861 1266 2896 fuit
1273 2861 1362 2891 addere
1368 2862 1452 2896 plures
1460 2860 1668 2895 Montefiilconio.
1716 2861 1800 2886 Multa
1804 2860 1893 2895 paffim
1902 2863 2032 2896 Salmasius
2039 2839 2145 2898 aquist.
2153 2869 2208 2893 Au-

262 2905 363 2936 Vocula,
374 2913 422 2939 qua
428 2904 542 2939 foetidos
555 2903 687 2964 abigimus,
708 2910 779 2937 quum
788 2902 880 2927 pareus
888 2899 931 2926 dat
946 2901 1019 2926 etiam
1027 2899 1100 2925 Plau-
1113 2903 1145 2931 7³¹
1164 2897 1259 2935 gustam
1273 2904 1319 2924 etc.
1357 2898 1412 2923 Nos
1420 2899 1468 2922 iam
1481 2897 1534 2922 loca
1546 2898 1704 2930 antiquorum
1716 2896 1866 2932 adferemus.
1901 2898 2018 2925 111610Πῖ
2026 2900 2109 2935 antiq.
2117 2902 2208 2937 περόνη,

1160 2941 1182 2960 tt
1196 2936 1310 2968 φίβλιον,
1330 2940 1353 2958 et
1377 2933 1461 2966 φίβλοι
1484 2934 1624 2966 exponitur.
1662 2931 1738 2966 Virg.
1758 2932 1822 2957 Aen.
1843 2944 1866 2964 4,
1886 2941 1928 2965 ¹39
1947 2935 2033 2962 Aurea
2048 2945 2207 2971 purpuream

1160 2969 1291 2996 subneffit
1304 2968 1392 2995 fibula
1408 2968 1513 2994 vellem.
1586 2966 1652 2992 Plin.
1667 2975 1705 2999 33,
1721 2976 1730 2993 1
1757 2967 1893 2994 Fabricam
1906 2969 1986 2996 etiam
1999 2970 2079 2998 desim
2098 2972 2207 3006 fibulas,

1160 3011 1186 3032 et
1199 3005 1249 3032 alia
1263 3004 1403 3032 muliebris
1422 3003 1522 3034 cultus,
1542 3001 1604 3028 ficut
1616 3002 1736 3035 inaures,
1753 3003 1781 3028 in
1795 3003 1944 3037 primordio
1966 3006 2105 3038 factitasse,
2125 3009 2208 3035 tradit

1162 3042 1291 3067 Homerus.
1365 3039 1423 3066 md.
1437 3047 1472 3071 19,
1487 3046 1512 3070 31
1535 3037 1645 3064 Fibulae
1659 3039 1725 3069 sunt,
1740 3039 1837 3073 quibus
1851 3039 1941 3074 petfhis
1956 3041 2117 3068 feminarum
2131 3052 2208 3069 orna·

947 3077 1014 3103 Plin.
1030 3082 1053 3108 8,
1068 3085 1098 3108 30
1116 3081 1148 3106 80
1161 3083 1219 3107 tur,
1236 3077 1279 3103 vel
1293 3075 1404 3111 pallium
1418 3081 1536 3104 tenetur,
1557 3074 1624 3100 viris
1638 3074 1666 3100 in
1680 3074 1813 3106 humeris,
1833 3084 1880 3100 ceu
1892 3076 2026 3109 cingulum
2050 3077 2078 3102 in
2098 3077 2205 3105 lumbis.

1159 3113 1224 3139 Plin.
1239 3121 1274 3144 33,
1289 3119 1352 3146 3pr.
1380 3112 1417 3138 M.
1433 3110 1509 3138 Bruti
1522 3110 1550 3136 in
1566 3109 1717 3144 Philippicis
1738 3110 1835 3143 campis
1854 3110 2005 3145 (scriptae)
2025 3112 2149 3146 epistolae
2167 3123 2208 3141 re-

1159 3149 1299 3183 periuntur
1313 3148 1471 3179 frementes,
1491 3145 1584 3172 fibulas
1599 3145 1774 3172 Tribunicias
1789 3154 1820 3171 ex
1834 3154 1900 3172 auro
1914 3147 1970 3180 geri
1984 3157 1990 3172 :
2026 3155 2108 3183 nenipe
2120 3150 2209 3184 quibus

1154 3185 1221 3220 Jliga
1234 3191 1257 3209 et
1278 3182 1423 3217 chlamydas
1443 3178 1623 3209 comzet‘lerent.
1695 3181 1742 3208 Sed
1762 3181 1919 3207 Aurelianus
1937 3183 2051 3217 permifit
2071 3185 2207 3220 gregariis.

1165 3219 1223 3246 Vni.
1237 3219 1344 3253 Vopisc.
1358 3228 1379 3244 c.
1394 3220 1439 3251 46.
1511 3217 1629 3244 Tertull.
1646 3217 1677 3243 de
1691 3217 1776 3243 Pallio
1791 3225 1812 3243 c.
1828 3225 1837 3243 1
1857 3216 1969 3244 Pallium
1989 3219 2148 3246 extrinsecus
2161 3219 2207 3247 ha-

62 3261 122 3282 ante
135 3264 213 3290 quam
227 3256 305 3284 fratta
315 3261 516 3296 concrepuerint
528 3261 592 3291 oll'a,
612 3259 713 3286 morsus
729 3258 848 3284 resoluit.
884 3255 973 3283 Cauda
987 3256 1098 3290 piscium
1115 3257 1143 3285 83
1162 3255 1250 3287 bitus,
1285 3270 1331 3274 --
1366 3253 1399 3280 ab
1418 3258 1533 3287 viroque
1551 3253 1665 3279 laterum
1685 3254 1815 3287 regestus,
1839 3258 1864 3279 et
1881 3253 2030 3280 ceruicibus
2048 3255 2208 3282 circumstri-

62 3292 112 3322 iis,
132 3296 233 3330 caetera
253 3293 344 3326 species
365 3297 458 3323 lutrae.
511 3297 661 3330 Vtrumque
679 3294 848 3329 aquaticum,
865 3292 973 3327 vtrique
987 3291 1099 3318 mollior

62 3328 150 3362 pluma
164 3326 239 3366 pilus.
280 3329 336 3359 Vid.
356 3337 493 3360 CASTOR.
567 3331 612 3358 Sil.
628 3339 667 3363 ις,
680 3339 734 3363 490
761 3330 852 3356 Enatat
867 3329 969 3355 intento
986 3327 1097 3362 praedae

60 3362 128 3402 fflJel'
140 3371 216 3402 {UHUS
229 3361 309 3390 hOste·
375 3368 478 3403 Festus,
497 3367 592 3400 Fiber,
609 3368 698 3393 Genus
712 3365 808 3392 bestiae
822 3365 978 3400 quadrupes.
1024 3362 1096 3389 Plau-

61 3406 102 3425 tus
121 3399 161 3424 Stc
182 3397 316 3438 mesubes
338 3403 470 3436 quotidie,
491 3403 562 3439 quali
585 3402 653 3429 fiber
666 3402 788 3429 salicem:
823 3410 877 3436 quo
891 3400 1000 3426 nomine
1014 3404 1098 3425 extre-

44 3459 46 3463 ,
62 3443 120 3461 mae
135 3435 251 3460 flunnms
265 3441 326 3461 orae
339 3437 504 3469 appellamur·

60 3469 282 3497 vestimentorum
303 3467 420 3499 dicimus.
455 3476 524 3501 Haec
546 3477 694 3501 conueniunt
714 3483 768 3500 cum
791 3474 843 3500 loco
872 3473 1012 3503 Varronis,
1030 3479 1099 3506 quein

61 3514 123 3534 mox
136 3505 246 3531 dabimus
256 3507 283 3530 in
298 3510 400 3532 FIBRA.

0 3565 1 3568 =
97 3543 309 3571 mnarum,
328 3548 359 3572 a,
379 3538 506 3572 unx-‘'Adi.
541 3544 694 3580 [καςόμως]
729 3544 796 3571 run.
811 3551 849 3578 17,
864 3548 894 3573 2ss
914 3540 1099 3576 Fibrinapeue

0 3596 3 3603 1
25 3611 28 3613 -
63 3575 208 3615 detergunt.
244 3576 284 3603 Sic
295 3584 334 3606 32,
348 3585 374 3610 9.

101 3618 234 3642 FIBRA,
251 3619 288 3637 ae·
309 3611 329 3637 f·
367 3606 449 3645 [fm'Q‘s
468 3613 555 3648 λθβὲς]
590 3614 848 3651 Extremafltintinum
861 3622 919 3645 ora,
937 3611 1004 3649 quast
1025 3611 1097 3638 Fini.
1115 3615 1147 3641 95
1160 3612 1275 3647 quidam,
1290 3619 1313 3637 et
1325 3612 1389 3647 stine
1408 3611 1480 3637 hahet
1498 3614 1578 3636 omnis
1594 3608 1676 3634 fibula
1696 3606 1818 3634 vestiaria

63 3646 110 3674 bra
125 3658 130 3674 ε
165 3650 222 3673 item
236 3649 329 3673 Iecorl's
344 3653 366 3672 et
380 3646 462 3672 cordi-⁴·
474 3654 498 3672 et
513 3653 672 3687 cuiuscunque
685 3652 788 3686 vJJberis
801 3657 921 3676 extremae
934 3656 1038 3684 partes,
1056 3647 1098 3673 Fi-

39 3696 41 3701 ·
62 3682 125 3710 brae
137 3682 262 3709 dicuntur.
300 3683 407 3709 Eliciunt
429 3682 473 3708 hoc
497 3686 550 3710 viri
570 3685 637 3712 dosii
656 3696 667 3713 e
680 3687 748 3713 Festi
762 3687 809 3712 l.c.
823 3689 850 3711 in
869 3691 975 3712 FtBER:
1010 3683 1099 3718 quibus

62 3719 195 3759 consonant
207 3717 254 3751 ista
267 3718 379 3758 Varrpn-
395 3717 424 3743 dt
440 3717 694 3757 L·'L-4‚13p.22pr.
714 3722 804 3754 Fiber,
818 3721 850 3747 ab
864 3727 979 3747 extrema
994 3727 1040 3745 ora
1055 3719 1101 3744 fiu-

64 3762 143 3780 mirus
155 3754 246 3781 dextra
259 3759 284 3780 et
298 3753 396 3780 snnstra
409 3761 524 3778 maxime
540 3755 610 3787 quod
623 3758 687 3784 solet
699 3757 786 3784 videri
803 3768 808 3783 ;
829 3763 853 3783 et
867 3756 971 3791 antiqui
987 3754 1097 3781 Fibrum

542 3438 617 3466 Vnde
631 3445 656 3465 et
670 3438 748 3464 fibras
763 3437 921 3467 iecinorum,
939 3441 964 3461 et
980 3434 1098 3461 fimbrias
1110 3441 1146 3466 90
1160 3435 1234 3468 Virg.
1250 3435 1313 3459 Aen.
1329 3441 1351 3465 ς,
1366 3440 1415 3465 313.

1159 3291 1233 3323 ἑὶιιε,
1257 3290 1286 3317 in
1308 3289 1406 3316 fibulae
1431 3290 1520 3315 morsu
1541 3288 1660 3315 humeris
1680 3287 1870 3323 acquiescebat.
1911 3289 1968 3315 Vid.
1990 3289 2091 3325 Salmas
2105 3290 2140 3317 ad
2152 3291 2208 3320 b.1.

1159 3337 1183 3362 p.
1200 3328 1252 3354 116.
1322 3325 1453 3359 Q1ine'til.
1469 3327 1494 3356 6,
1509 3333 1529 3356 3,
1543 3329 1570 3356 58
1592 3325 1740 3350 Sarmentus
1756 3324 1879 3356 Iunium,
1904 3324 2040 3351 hominem
2053 3326 2170 3359 nigrum,
2180 3332 2208 3354 et

1160 3370 1278 3389 macrum
1292 3367 1318 3388 et
1332 3361 1461 3396 pandum,
1482 3359 1590 3386 fibulam
1604 3359 1716 3386 ferream
1736 3359 1813 3386 dixit.
1885 3359 1976 3386 Rasilis
1996 3359 2058 3387 huic
2078 3362 2206 3389 summam

1160 3398 1299 3425 mordebat
1314 3397 1398 3424 fibula
1413 3396 1512 3423 vestem
1530 3395 1612 3422 Ouid.
1627 3396 1692 3422 Met.
1706 3400 1728 3426 8,
1741 3401 1792 3427 318.
1881 3395 1979 3421 Tereti
2000 3404 2103 3429 gemma
2118 3397 2209 3425 fibula

1487 3432 1506 3458 F
1510 3431 1590 3457 ibulis
1603 3431 1690 3457 aureis
1703 3431 1858 3457 donabantur
1870 3433 2009 3465 antiquitus
2021 3434 2122 3459 milites.
2145 3434 2207 3461 Liu.

1162 3479 1201 3502 39,
1215 3478 1238 3501 31
1257 3469 1385 3502 Qiintius
1407 3468 1474 3494 alter
1496 3468 1604 3493 Praetor
1624 3468 1683 3494 suos
1703 3466 1804 3501 equites
1823 3464 1922 3491 catellis
1934 3474 1963 3492 ac
1976 3465 2071 3494 fibulis
2086 3469 2207 3496 donauit.

1167 3505 1225 3531 Vid.
1239 3504 1311 3531 Idem
1326 3512 1368 3539 27,
1384 3513 1420 3537 19·
1458 3503 1533 3538 Cnnf.
1547 3504 1619 3538 Hugo
1634 3502 1661 3528 ds
1674 3503 1731 3529 Mil.
1747 3499 1855 3536 Equzssr-
1867 3510 1889 3533 5,
1899 3510 1918 3526 1.
1990 3503 2208 3538 Columel.6,5,;

1163 3541 1250 3567 Aenea
1263 3540 1350 3566 fibula
1363 3549 1419 3574 pars
1435 3539 1569 3565 auriculae
1584 3537 1702 3565 latiffima
1716 3535 1955 3567 circumscribitur,
1975 3537 2012 3564 ita
2034 3545 2063 3566 vt
2085 3547 2208 3568 manente

1161 3576 1301 3610 sanguine,
1321 3582 1445 3609 tanquam
1459 3576 1484 3601 O
1497 3574 1590 3601 literae
1599 3593 1607 3605 ‚
1628 3573 1719 3599 duetus
1733 3576 1854 3605 appareat
1873 3571 2020 3599 orbiculus.
2092 3576 2133 3603 Sic
2147 3576 2209 3603 libri

1836 3615 1921 3640 acum,
1941 3616 1988 3643 qua
2002 3608 2116 3646 hocfieri
2122 3611 2206 3647 poffit.

1160 3647 1207 3673 Sed
1218 3645 1284 3673 refle
1296 3653 1377 3673 tamen
1391 3648 1424 3673 al.
1439 3647 1526 3672 Aenea
1541 3644 1640 3671 subula.
1835 3639 1856 3678 fl
1878 3650 1894 3668 2
1930 3645 2060 3672 Notabiles
2078 3650 2151 3674 etiam
2166 3648 2206 3673 Fi-

1161 3682 1240 3708 bulae
1249 3702 1256 3714 ,
1277 3682 1364 3716 quibus
1376 3683 1478 3708 vulnera
1491 3681 1671 3707 contrahuntur
1684 3688 1691 3702 :
1727 3685 1772 3712 quo
1784 3679 1810 3702 in
1823 3686 1910 3713 genere
1922 3688 1976 3705 cum
1991 3681 2108 3716 etiamstc
2127 3683 2205 3708 Acia:

1160 3718 1219 3744 hinc
1224 3716 1339 3752 fasiani,
1351 3723 1380 3744 vt
1395 3718 1458 3744 Acia
1473 3716 1540 3743 Celti
1553 3714 1649 3740 fibulae
1662 3715 1735 3738 etiam
1749 3713 1908 3748 explicandae
1921 3714 2065 3749 occasionem
2075 3717 2203 3752 praebita-t

1161 3753 1272 3786 Rhodio,
1287 3760 1316 3779 vt
1330 3753 1447 3779 vidimus.
1503 3751 1569 3778 Cels.
1583 3757 1603 3781 ς,
1616 3751 1650 3774 26
1678 3748 1706 3789 de
1718 3749 1883 3784 glutinatione
1895 3751 2022 3778 vulnerum
2030 3771 2038 3784 ,
2058 3753 2084 3778 Si
2097 3760 2160 3778 vero
2175 3752 2204 3777 in

65 3788 183 3816 dicebant
195 3795 343 3816 extremum
357 3799 364 3820 3
400 3789 468 3815 Vfldt‘
482 3795 506 3814 et
520 3788 548 3814 ir¹
560 3794 619 3822 tOga
631 3798 762 3826 extrema,
779 3793 930 3824 Fimbriae,
950 3796 975 3817 et
989 3790 1017 3817 in
1031 3791 1099 3816 ieco-
1107 3796 1153 3814 100
1162 3797 1238 3815 carne
1252 3788 1346 3815 vuinus
1361 3788 1413 3821 est,
1434 3788 1558 3821 hiatque,
1577 3793 1663 3818 neque
1683 3791 1712 3810 m
1733 3793 1817 3810 vnum
1836 3793 1899 3811 orae
1921 3785 2000 3813 facile
2022 3786 2202 3812 attrahuntur:

66 3832 95 3856 re
106 3830 267 3857 extremum,
285 3825 364 3852 Fibra
378 3836 383 3851 ι
420 3825 480 3850 lunc
495 3823 574 3850 Fiber
587 3824 678 3852 dietus.
748 3830 878 3864 Scaliger,
888 3825 997 3858 Coizieff.
1011 3826 1074 3853 adh.
1082 3827 1099 3851 l.

71 3860 105 3886 Vt
117 3880 123 3891 ,
139 3864 234 3895 inquit,
254 3871 269 3887 a
281 3869 360 3887 cerno
374 3860 508 3889 cribrum,
527 3870 541 3885 α
556 3859 627 3885 facio
639 3860 727 3892 faber,
741 3873 755 3889 α
768 3870 859 3890 tumeo
873 3862 965 3894 tuber,
988 3876 1033 3882 —
1058 3862 1099 3889 Sic

64 3903 80 3922 a
91 3895 155 3922 finio
170 3896 236 3923 fiber
249 3903 368 3923 extremus
382 3903 427 3922 etc.
463 3896 542 3921 Fibra
555 3898 564 3920 i
583 3898 635 3920 itur
642 3894 726 3929 fucrit
733 3904 804 3931 pars,
818 3907 927 3926 extrema
941 3897 1051 3933 respeflu
1064 3904 1100 3923 to-

63 3933 129 3964 tius,
143 3932 190 3966 fid
210 3931 335 3967 uasculosa
358 3939 457 3964 tamen,
477 3938 499 3956 ct
525 3930 557 3957 sstl
575 3940 605 3957 uc
617 3930 762 3963 composita,
781 3938 907 3966 carnium,
920 3932 1098 3969 stirpiumquc.

61 3965 138 4000 Sedfi
149 3969 206 3994 licet
217 3965 273 4003 post
292 3969 416 3994 Varrones
430 3974 452 3993 κ
465 3967 601 4002 Scaligeros
620 3966 755 4001 Voffiosque
768 3972 853 3995 conari
866 3969 978 4010 aliquid,
999 3968 1098 3996 videba-
1107 3974 1151 4001 105
1161 3966 1279 3994 Scribon.
1293 3968 1353 3992 206.

199 4009 282 4030 voi..
317 4003 353 4030 11.

1163 3825 1249 3850 sutura
1263 3824 1369 3859 quidem
1384 3825 1470 3850 aliena
1484 3822 1540 3848 est:
1576 3819 1751 3854 imponendae
1772 3829 1838 3848 vero
1859 3820 1962 3847 fibulae
1987 3823 2044 3847 sunt
2065 3821 2204 3856 (α’γκτῆραε

1162 3859 1256 3886 Graeci
1274 3860 1429 3891 nominant)
1451 3865 1518 3893 quae
1539 3864 1597 3881 oras
1612 3855 1783 3887 contrahunt,
1805 3865 1859 3890 quo
1872 3856 1959 3882 minus
1974 3857 2022 3881 lata
2035 3856 2123 3889 postea
2138 3857 2203 3882 cica-

1161 3896 1213 3922 trix
1228 3894 1265 3921 fit.
1337 3895 1410 3921 Idem
1425 3902 1456 3928 7,
1470 3902 1504 3925 4,
1518 3900 1526 3917 1
1546 3891 1615 3917 Dein
1635 3891 1721 3918 fibula
1740 3892 1796 3918 oris
1814 3892 1880 3918 cutis
1895 3891 2038 3918 inficienda
2052 3891 2104 3923 est,
2123 3892 2202 3925 eique

1161 3929 1317 3965 glutinantia
1329 3930 1521 3957 medicamenta
1535 3926 1695 3961 superdanda
1707 3928 1773 3953 sunt.
1845 3928 1886 3954 Sic
1905 3925 2005 3951 Fibulis
2024 3925 2121 3952 arefiata
2143 3927 2201 3960 pars

1424 3965 1465 3992 Sic
1482 3964 1573 3997 Veget.
1589 3971 1614 3995 2,
1626 3970 1666 3996 ις,
1680 3971 1690 3989 ι
1722 3961 1852 3997 Impositis
1873 3960 1968 3987 fibulis
1990 3961 2097 3987 consues
2114 3962 2202 3996 palpe.

1461 3998 1489 4026 N
1508 4008 1527 4025 n
1551 4007 1568 4024 n
1588 4007 1606 4024 n
2127 3995 2203 4024 bram
