<?xml version="1.0" encoding="UTF-8"?>
<!DOCTYPE html PUBLIC "-//W3C//DTD XHTML 1.0 Transitional//EN"
    "http://www.w3.org/TR/xhtml1/DTD/xhtml1-transitional.dtd">
<html xmlns="http://www.w3.org/1999/xhtml" xml:lang="en" lang="en">
 <head>
  <title>
</title>
<meta http-equiv="Content-Type" content="text/html;charset=utf-8" />
  <meta name='ocr-system' content='tesseract 3.04.00' />
  <meta name='ocr-capabilities' content='ocr_page ocr_carea ocr_par ocr_line ocrx_word'/>
</head>
<body>
  <div class='ocr_page' id='page_1' title='image "./novuslinguaeeter02gesn_0539.png"; bbox 0 0 2479 4225; ppageno 0'>
   <div class='ocr_carea' id='block_1_1' title="bbox 69 191 2228 263">
    <p class='ocr_par' dir='ltr' id='par_1_1' title="bbox 69 191 2228 263">
     <span class='ocr_line' id='line_1_1' title="bbox 69 191 2228 263; baseline 0.008 -28"><span class='ocrx_word' id='word_1_1' title='bbox 69 200 165 243; x_wconf 74' lang='grc'>1045</span> <span class='ocrx_word' id='word_1_2' title='bbox 266 246 269 248; x_wconf 8' lang='grc' dir='ltr'>μ</span> <span class='ocrx_word' id='word_1_3' title='bbox 460 192 476 231; x_wconf 89' lang='grc' dir='ltr'>Ι</span> <span class='ocrx_word' id='word_1_4' title='bbox 557 191 603 232; x_wconf 90' lang='grc' dir='ltr'><strong>Ν</strong></span> <span class='ocrx_word' id='word_1_5' title='bbox 696 192 730 233; x_wconf 90' lang='lat' dir='ltr'>C</span> <span class='ocrx_word' id='word_1_6' title='bbox 1002 235 1003 238; x_wconf 72' lang='grc'>,</span> <span class='ocrx_word' id='word_1_7' title='bbox 1590 200 1609 241; x_wconf 88' lang='lat'>1</span> <span class='ocrx_word' id='word_1_8' title='bbox 1687 201 1732 242; x_wconf 89' lang='lat' dir='ltr'><strong>N</strong></span> <span class='ocrx_word' id='word_1_9' title='bbox 1811 205 1847 245; x_wconf 92' lang='lat' dir='ltr'>C</span> <span class='ocrx_word' id='word_1_10' title='bbox 2128 213 2228 263; x_wconf 87' lang='lat'>1046</span> 
     </span>
    </p>
   </div>
   <div class='ocr_carea' id='block_1_2' title="bbox 0 279 2225 614">
    <p class='ocr_par' dir='ltr' id='par_1_2' title="bbox 0 279 2225 537">
     <span class='ocr_line' id='line_1_2' title="bbox 69 279 2225 332; baseline 0.01 -26"><span class='ocrx_word' id='word_1_11' title='bbox 69 279 201 315; x_wconf 87' lang='lat' dir='ltr'>superstes.</span> <span class='ocrx_word' id='word_1_12' title='bbox 274 279 343 308; x_wconf 82' lang='lat' dir='ltr'>Ter.</span> <span class='ocrx_word' id='word_1_13' title='bbox 356 279 462 308; x_wconf 87' lang='lat' dir='ltr'>Phorm.</span> <span class='ocrx_word' id='word_1_14' title='bbox 477 289 508 313; x_wconf 89' lang='lat'>2,</span> <span class='ocrx_word' id='word_1_15' title='bbox 520 289 549 314; x_wconf 82' lang='lat'>3,</span> <span class='ocrx_word' id='word_1_16' title='bbox 563 283 591 308; x_wconf 90' lang='lat'>16</span> <span class='ocrx_word' id='word_1_17' title='bbox 623 281 720 316; x_wconf 83' lang='lat' dir='ltr'>Turpe</span> <span class='ocrx_word' id='word_1_18' title='bbox 734 281 850 317; x_wconf 86' lang='lat' dir='ltr'>inceptu.</span> <span class='ocrx_word' id='word_1_19' title='bbox 876 305 881 308; x_wconf 94' lang='lat'>.</span> <span class='ocrx_word' id='word_1_20' title='bbox 956 280 1018 308; x_wconf 88' lang='lat' dir='ltr'>Liu.</span> <span class='ocrx_word' id='word_1_21' title='bbox 1032 284 1115 317; x_wconf 88' lang='lat' dir='ltr'>praes.</span> <span class='ocrx_word' id='word_1_22' title='bbox 1179 286 1374 321; x_wconf 74' lang='lat' dir='ltr'>acciperentur:</span> <span class='ocrx_word' id='word_1_23' title='bbox 1392 287 1554 316; x_wconf 84' lang='lat' dir='ltr'>consulatum</span> <span class='ocrx_word' id='word_1_24' title='bbox 1569 298 1676 325; x_wconf 91' lang='lat' dir='ltr'>quoque</span> <span class='ocrx_word' id='word_1_25' title='bbox 1688 290 1802 318; x_wconf 82' lang='lat' dir='ltr'>traditur</span> <span class='ocrx_word' id='word_1_26' title='bbox 1821 292 1960 323; x_wconf 76' lang='lat' dir='ltr'>destinasse.</span> <span class='ocrx_word' id='word_1_27' title='bbox 1999 299 2049 325; x_wconf 80' lang='lat' dir='ltr'>Hic</span> <span class='ocrx_word' id='word_1_28' title='bbox 2066 297 2110 332; x_wconf 72' lang='lat' dir='ltr'>effi</span> <span class='ocrx_word' id='word_1_29' title='bbox 2123 300 2225 329; x_wconf 79' lang='lat' dir='ltr'>videtur</span> 
     </span>
     <span class='ocr_line' id='line_1_3' title="bbox 68 315 2223 369; baseline 0.006 -26"><span class='ocrx_word' id='word_1_30' title='bbox 68 315 186 345; x_wconf 85' lang='lat' dir='ltr'>Foedum</span> <span class='ocrx_word' id='word_1_31' title='bbox 202 315 317 350; x_wconf 85' lang='lat' dir='ltr'>inceptu.</span> <span class='ocrx_word' id='word_1_32' title='bbox 898 350 904 357; x_wconf 49' lang='lat'><strong>·</strong></span> <span class='ocrx_word' id='word_1_33' title='bbox 1191 330 1277 355; x_wconf 63' lang='lat' dir='ltr'>ottus,</span> <span class='ocrx_word' id='word_1_34' title='bbox 1295 333 1367 358; x_wconf 70' lang='lat' dir='ltr'>quam</span> <span class='ocrx_word' id='word_1_35' title='bbox 1380 326 1491 359; x_wconf 65' lang='lat' dir='ltr'>agitator</span> <span class='ocrx_word' id='word_1_36' title='bbox 1504 328 1610 361; x_wconf 66' lang='lat' dir='ltr'>aliquis,</span> <span class='ocrx_word' id='word_1_37' title='bbox 1625 327 1653 352; x_wconf 74' lang='lat' dir='ltr'>dc</span> <span class='ocrx_word' id='word_1_38' title='bbox 1665 336 1710 363; x_wconf 86' lang='lat' dir='ltr'>quo</span> <span class='ocrx_word' id='word_1_39' title='bbox 1722 328 1837 354; x_wconf 84' lang='lat' dir='ltr'>Martial.</span> <span class='ocrx_word' id='word_1_40' title='bbox 1855 338 1885 359; x_wconf 82' lang='grc' dir='ltr'>ιι,</span> <span class='ocrx_word' id='word_1_41' title='bbox 1901 340 1908 356; x_wconf 87' lang='lat'>1</span> <span class='ocrx_word' id='word_1_42' title='bbox 1934 333 1981 359; x_wconf 81' lang='lat' dir='ltr'>Sed</span> <span class='ocrx_word' id='word_1_43' title='bbox 1997 343 2054 360; x_wconf 80' lang='lat' dir='ltr'>cuni</span> <span class='ocrx_word' id='word_1_44' title='bbox 2069 328 2171 369; x_wconf 81' lang='lat' dir='ltr'>sponsio</span> <span class='ocrx_word' id='word_1_45' title='bbox 2186 337 2223 364; x_wconf 68' lang='lat' dir='ltr'>fa.</span> 
     </span>
     <span class='ocr_line' id='line_1_4' title="bbox 0 329 2223 405; baseline 0.011 -32"><span class='ocrx_word' id='word_1_46' title='bbox 0 375 2 382; x_wconf 74' lang='lat'>.</span> <span class='ocrx_word' id='word_1_47' title='bbox 106 359 117 378; x_wconf 91' lang='lat'>1</span> <span class='ocrx_word' id='word_1_48' title='bbox 126 359 148 378; x_wconf 85' lang='lat' dir='ltr'>N</span> <span class='ocrx_word' id='word_1_49' title='bbox 157 357 216 377; x_wconf 71' lang='lat'>(311³</span> <span class='ocrx_word' id='word_1_50' title='bbox 227 356 235 377; x_wconf 91' lang='lat'>1</span> <span class='ocrx_word' id='word_1_51' title='bbox 248 358 264 377; x_wconf 82' lang='lat' dir='ltr'>E</span> <span class='ocrx_word' id='word_1_52' title='bbox 277 358 293 375; x_wconf 82' lang='grc' dir='ltr'>Ν</span> <span class='ocrx_word' id='word_1_53' title='bbox 304 358 323 377; x_wconf 81' lang='lat' dir='ltr'>D</span> <span class='ocrx_word' id='word_1_54' title='bbox 333 358 352 376; x_wconf 90' lang='lat' dir='ltr'><strong>v</strong></span> <span class='ocrx_word' id='word_1_55' title='bbox 361 359 374 378; x_wconf 80' lang='lat' dir='ltr'>s</span> <span class='ocrx_word' id='word_1_56' title='bbox 384 372 392 384; x_wconf 92' lang='lat'>,</span> <span class='ocrx_word' id='word_1_57' title='bbox 411 361 442 384; x_wconf 93' lang='lat' dir='ltr'>a,</span> <span class='ocrx_word' id='word_1_58' title='bbox 460 361 515 380; x_wconf 89' lang='lat' dir='ltr'>um.</span> <span class='ocrx_word' id='word_1_59' title='bbox 549 353 643 380; x_wconf 85' lang='lat' dir='ltr'>Partic.</span> <span class='ocrx_word' id='word_1_60' title='bbox 679 353 817 389; x_wconf 76' lang='grc' dir='ltr'>[οέρκτέος]</span> <span class='ocrx_word' id='word_1_61' title='bbox 851 350 931 379; x_wconf 75' lang='lat' dir='ltr'>Ouid.</span> <span class='ocrx_word' id='word_1_62' title='bbox 947 351 1011 378; x_wconf 78' lang='lat' dir='ltr'>Fast.</span> <span class='ocrx_word' id='word_1_63' title='bbox 1027 360 1050 386; x_wconf 79' lang='grc' dir='ltr'>ς,</span> <span class='ocrx_word' id='word_1_64' title='bbox 1065 362 1114 389; x_wconf 77' lang='lat'>570</span> <span class='ocrx_word' id='word_1_65' title='bbox 1176 329 1313 393; x_wconf 62' lang='lat' dir='ltr'>inulaeque</span> <span class='ocrx_word' id='word_1_66' title='bbox 1327 358 1400 384; x_wconf 80' lang='lat' dir='ltr'>lall&#39;ae</span> <span class='ocrx_word' id='word_1_67' title='bbox 1413 360 1445 385; x_wconf 83' lang='lat' dir='ltr'>de</span> <span class='ocrx_word' id='word_1_68' title='bbox 1459 361 1556 395; x_wconf 85' lang='lat' dir='ltr'>Scorpo</span> <span class='ocrx_word' id='word_1_69' title='bbox 1570 363 1632 396; x_wconf 81' lang='lat' dir='ltr'>(hic</span> <span class='ocrx_word' id='word_1_70' title='bbox 1644 369 1756 399; x_wconf 63' lang='lat' dir='ltr'>agitator</span> <span class='ocrx_word' id='word_1_71' title='bbox 1766 361 1822 398; x_wconf 82' lang='lat' dir='ltr'>est)</span> <span class='ocrx_word' id='word_1_72' title='bbox 1836 370 1861 390; x_wconf 90' lang='lat' dir='ltr'>et</span> <span class='ocrx_word' id='word_1_73' title='bbox 1876 366 1998 400; x_wconf 79' lang='lat' dir='ltr'>Incitato,</span> <span class='ocrx_word' id='word_1_74' title='bbox 2013 379 2069 403; x_wconf 64' lang='lat' dir='ltr'>equo</span> <span class='ocrx_word' id='word_1_75' title='bbox 2084 373 2123 397; x_wconf 76' lang='lat' dir='ltr'>ve!</span> <span class='ocrx_word' id='word_1_76' title='bbox 2135 372 2223 405; x_wconf 75' lang='lat' dir='ltr'>eodem,</span> 
     </span>
     <span class='ocr_line' id='line_1_5' title="bbox 0 384 2224 442; baseline 0.008 -27"><span class='ocrx_word' id='word_1_77' title='bbox 0 384 9 406; x_wconf 56' lang='lat'>⁸,</span> <span class='ocrx_word' id='word_1_78' title='bbox 50 414 55 417; x_wconf 80' lang='grc'>,</span> <span class='ocrx_word' id='word_1_79' title='bbox 70 387 92 415; x_wconf 79' lang='lat' dir='ltr'>A</span> <span class='ocrx_word' id='word_1_80' title='bbox 106 387 184 413; x_wconf 67' lang='lat' dir='ltr'>tantis</span> <span class='ocrx_word' id='word_1_81' title='bbox 200 386 317 422; x_wconf 70' lang='lat' dir='ltr'>Princeps</span> <span class='ocrx_word' id='word_1_82' title='bbox 331 387 497 423; x_wconf 68' lang='lat' dir='ltr'>incipiendus</span> <span class='ocrx_word' id='word_1_83' title='bbox 511 394 575 416; x_wconf 76' lang='lat' dir='ltr'>erat·</span> <span class='ocrx_word' id='word_1_84' title='bbox 617 390 649 415; x_wconf 86' lang='lat' dir='ltr'>In</span> <span class='ocrx_word' id='word_1_85' title='bbox 661 397 690 415; x_wconf 79' lang='lat' dir='ltr'>re</span> <span class='ocrx_word' id='word_1_86' title='bbox 704 387 870 424; x_wconf 65' lang='lat' dir='ltr'>incipienda,</span> <span class='ocrx_word' id='word_1_87' title='bbox 880 387 934 413; x_wconf 63' lang='lat' dir='ltr'>Uid-</span> <span class='ocrx_word' id='word_1_88' title='bbox 952 395 998 414; x_wconf 89' lang='lat' dir='ltr'>¹N·</span> <span class='ocrx_word' id='word_1_89' title='bbox 1181 395 1222 419; x_wconf 77' lang='lat' dir='ltr'>vel</span> <span class='ocrx_word' id='word_1_90' title='bbox 1233 394 1338 420; x_wconf 63' lang='lat' dir='ltr'>eiusclvm</span> <span class='ocrx_word' id='word_1_91' title='bbox 1354 398 1469 421; x_wconf 78' lang='lat' dir='ltr'>nominis.</span> <span class='ocrx_word' id='word_1_92' title='bbox 1509 398 1550 423; x_wconf 80' lang='lat' dir='ltr'>Ita</span> <span class='ocrx_word' id='word_1_93' title='bbox 1563 400 1636 424; x_wconf 77' lang='lat' dir='ltr'>etiam</span> <span class='ocrx_word' id='word_1_94' title='bbox 1650 399 1807 434; x_wconf 58' lang='lat' dir='ltr'>occipicadus</span> <span class='ocrx_word' id='word_1_95' title='bbox 1821 399 1919 426; x_wconf 75' lang='lat' dir='ltr'>uidetur</span> <span class='ocrx_word' id='word_1_96' title='bbox 1931 403 1993 428; x_wconf 72' lang='lat' dir='ltr'>ulem</span> <span class='ocrx_word' id='word_1_97' title='bbox 2006 406 2119 432; x_wconf 80' lang='lat' dir='ltr'>Martial.</span> <span class='ocrx_word' id='word_1_98' title='bbox 2135 415 2174 440; x_wconf 85' lang='lat'>10,</span> <span class='ocrx_word' id='word_1_99' title='bbox 2189 411 2224 442; x_wconf 85' lang='lat'>76</span> 
     </span>
     <span class='ocr_line' id='line_1_6' title="bbox 36 418 2224 470; baseline 0.007 -20"><span class='ocrx_word' id='word_1_100' title='bbox 36 418 44 454; x_wconf 40' lang='lat'>¹.</span> <span class='ocrx_word' id='word_1_101' title='bbox 58 432 59 435; x_wconf 56' lang='lat'>¹</span> <span class='ocrx_word' id='word_1_102' title='bbox 106 427 269 449; x_wconf 82' lang='lat' dir='ltr'>INCEl&#39;TVS</span> <span class='ocrx_word' id='word_1_103' title='bbox 279 441 287 454; x_wconf 71' lang='lat'>9</span> <span class='ocrx_word' id='word_1_104' title='bbox 304 431 333 453; x_wconf 74' lang='lat' dir='ltr'>a,</span> <span class='ocrx_word' id='word_1_105' title='bbox 352 432 406 450; x_wconf 85' lang='lat' dir='ltr'>um.</span> <span class='ocrx_word' id='word_1_106' title='bbox 421 424 501 451; x_wconf 79' lang='lat' dir='ltr'>Aliud</span> <span class='ocrx_word' id='word_1_107' title='bbox 513 424 606 450; x_wconf 84' lang='lat' dir='ltr'>Partic.</span> <span class='ocrx_word' id='word_1_108' title='bbox 642 425 769 451; x_wconf 85' lang='lat' dir='ltr'>Amicitia</span> <span class='ocrx_word' id='word_1_109' title='bbox 783 432 850 458; x_wconf 86' lang='lat' dir='ltr'>quae</span> <span class='ocrx_word' id='word_1_110' title='bbox 865 423 967 457; x_wconf 87' lang='lat' dir='ltr'>incepta</span> <span class='ocrx_word' id='word_1_111' title='bbox 980 424 1015 450; x_wconf 84' lang='lat' dir='ltr'>est</span> <span class='ocrx_word' id='word_1_112' title='bbox 1029 433 1042 450; x_wconf 86' lang='lat' dir='ltr'>a</span> <span class='ocrx_word' id='word_1_113' title='bbox 1057 433 1114 459; x_wconf 84' lang='lat' dir='ltr'>par·</span> <span class='ocrx_word' id='word_1_114' title='bbox 1139 433 1154 459; x_wconf 81' lang='grc' dir='ltr'><strong><em>ς</em></strong></span> <span class='ocrx_word' id='word_1_115' title='bbox 1182 429 1258 456; x_wconf 84' lang='lat' dir='ltr'>Pullo</span> <span class='ocrx_word' id='word_1_116' title='bbox 1270 430 1391 456; x_wconf 85' lang='lat' dir='ltr'>Maeuius</span> <span class='ocrx_word' id='word_1_117' title='bbox 1404 430 1471 465; x_wconf 84' lang='lat' dir='ltr'>alget</span> <span class='ocrx_word' id='word_1_118' title='bbox 1493 432 1520 457; x_wconf 88' lang='lat' dir='ltr'>in</span> <span class='ocrx_word' id='word_1_119' title='bbox 1539 433 1658 466; x_wconf 86' lang='lat' dir='ltr'>cucullo,</span> <span class='ocrx_word' id='word_1_120' title='bbox 1674 434 1761 461; x_wconf 89' lang='lat' dir='ltr'>Cocco</span> <span class='ocrx_word' id='word_1_121' title='bbox 1781 435 1865 461; x_wconf 85' lang='lat' dir='ltr'>mulio</span> <span class='ocrx_word' id='word_1_122' title='bbox 1884 435 1968 470; x_wconf 75' lang='lat' dir='ltr'>fulget</span> <span class='ocrx_word' id='word_1_123' title='bbox 1983 439 2094 467; x_wconf 84' lang='lat' dir='ltr'>lncitati.</span> <span class='ocrx_word' id='word_1_124' title='bbox 2129 443 2170 469; x_wconf 80' lang='lat' dir='ltr'>Sic</span> <span class='ocrx_word' id='word_1_125' title='bbox 2183 443 2224 469; x_wconf 83' lang='lat' dir='ltr'>de-</span> 
     </span>
     <span class='ocr_line' id='line_1_7' title="bbox 68 457 2223 509; baseline 0.01 -25"><span class='ocrx_word' id='word_1_126' title='bbox 68 457 109 484; x_wconf 83' lang='lat' dir='ltr'>vis</span> <span class='ocrx_word' id='word_1_127' title='bbox 135 457 202 484; x_wconf 79' lang='lat' dir='ltr'>Ter.</span> <span class='ocrx_word' id='word_1_128' title='bbox 216 457 298 484; x_wconf 88' lang='lat' dir='ltr'>Andr.</span> <span class='ocrx_word' id='word_1_129' title='bbox 314 467 336 490; x_wconf 84' lang='lat'>3,</span> <span class='ocrx_word' id='word_1_130' title='bbox 349 467 372 491; x_wconf 88' lang='grc'>3,</span> <span class='ocrx_word' id='word_1_131' title='bbox 387 467 412 494; x_wconf 86' lang='grc'>7.</span> <span class='ocrx_word' id='word_1_132' title='bbox 483 460 537 485; x_wconf 85' lang='lat' dir='ltr'>Iter</span> <span class='ocrx_word' id='word_1_133' title='bbox 556 459 672 486; x_wconf 82' lang='lat' dir='ltr'>celerant</span> <span class='ocrx_word' id='word_1_134' title='bbox 695 460 770 493; x_wconf 83' lang='lat' dir='ltr'>Virg.</span> <span class='ocrx_word' id='word_1_135' title='bbox 785 461 850 485; x_wconf 89' lang='lat' dir='ltr'>Aen.</span> <span class='ocrx_word' id='word_1_136' title='bbox 869 463 892 490; x_wconf 86' lang='lat'>8,</span> <span class='ocrx_word' id='word_1_137' title='bbox 914 467 958 498; x_wconf 69' lang='lat'>99.</span> <span class='ocrx_word' id='word_1_138' title='bbox 1030 460 1115 487; x_wconf 78' lang='lat' dir='ltr'>Labo-</span> <span class='ocrx_word' id='word_1_139' title='bbox 1180 463 1240 497; x_wconf 73' lang='lat' dir='ltr'>‹lrst&#39;e</span> <span class='ocrx_word' id='word_1_140' title='bbox 1257 465 1369 492; x_wconf 78' lang='lat' dir='ltr'><em>arbitror</em></span> <span class='ocrx_word' id='word_1_141' title='bbox 1387 467 1548 500; x_wconf 66' lang='lat' dir='ltr'>Martialem,</span> <span class='ocrx_word' id='word_1_142' title='bbox 1563 478 1609 494; x_wconf 83' lang='lat' dir='ltr'>non</span> <span class='ocrx_word' id='word_1_143' title='bbox 1629 470 1763 497; x_wconf 79' lang='lat' dir='ltr'>Incitatus.</span> <span class='ocrx_word' id='word_1_144' title='bbox 1819 471 1861 498; x_wconf 86' lang='lat' dir='ltr'>Sic</span> <span class='ocrx_word' id='word_1_145' title='bbox 1881 474 1932 499; x_wconf 76' lang='lat' dir='ltr'>iam</span> <span class='ocrx_word' id='word_1_146' title='bbox 1949 475 2028 509; x_wconf 60' lang='lat' dir='ltr'>vistim</span> <span class='ocrx_word' id='word_1_147' title='bbox 2045 477 2074 501; x_wconf 84' lang='lat' dir='ltr'>P.</span> <span class='ocrx_word' id='word_1_148' title='bbox 2092 477 2169 505; x_wconf 74' lang='lat' dir='ltr'>Fabro</span> <span class='ocrx_word' id='word_1_149' title='bbox 2182 479 2223 507; x_wconf 78' lang='lat' dir='ltr'>Sc-</span> 
     </span>
     <span class='ocr_line' id='line_1_8' title="bbox 69 492 1693 537; baseline 0.007 -17"><span class='ocrx_word' id='word_1_150' title='bbox 69 492 279 520; x_wconf 80' lang='lat' dir='ltr'>rem‘dccurrere</span> <span class='ocrx_word' id='word_1_151' title='bbox 298 494 372 521; x_wconf 82' lang='lat' dir='ltr'>Idem</span> <span class='ocrx_word' id='word_1_152' title='bbox 387 496 485 528; x_wconf 86' lang='lat' dir='ltr'>Georg.</span> <span class='ocrx_word' id='word_1_153' title='bbox 500 504 520 526; x_wconf 72' lang='grc' dir='ltr'>ε,</span> <span class='ocrx_word' id='word_1_154' title='bbox 537 503 559 527; x_wconf 89' lang='grc'>3.</span> <span class='ocrx_word' id='word_1_155' title='bbox 631 496 705 531; x_wconf 87' lang='lat' dir='ltr'>Opus</span> <span class='ocrx_word' id='word_1_156' title='bbox 723 494 862 521; x_wconf 86' lang='lat' dir='ltr'>destituere</span> <span class='ocrx_word' id='word_1_157' title='bbox 887 494 968 520; x_wconf 78' lang='lat' dir='ltr'>Ouid.</span> <span class='ocrx_word' id='word_1_158' title='bbox 984 496 1073 522; x_wconf 73' lang='lat' dir='ltr'>Amor.</span> <span class='ocrx_word' id='word_1_159' title='bbox 1090 506 1114 529; x_wconf 83' lang='lat'>3,</span> <span class='ocrx_word' id='word_1_160' title='bbox 1178 499 1260 533; x_wconf 62' lang='lat' dir='ltr'>mrstr.</span> <span class='ocrx_word' id='word_1_161' title='bbox 1275 511 1298 532; x_wconf 84' lang='lat'>2,</span> <span class='ocrx_word' id='word_1_162' title='bbox 1309 511 1334 528; x_wconf 87' lang='grc' dir='ltr'>ιο</span> <span class='ocrx_word' id='word_1_163' title='bbox 1343 508 1371 537; x_wconf 81' lang='lat' dir='ltr'>p.</span> <span class='ocrx_word' id='word_1_164' title='bbox 1386 511 1430 536; x_wconf 81' lang='lat'>127</span> <span class='ocrx_word' id='word_1_165' title='bbox 1444 509 1467 528; x_wconf 79' lang='lat' dir='ltr'>et</span> <span class='ocrx_word' id='word_1_166' title='bbox 1476 504 1693 537; x_wconf 72' lang='lat' dir='ltr'>probatRaderus.</span> 
     </span>
    </p>

    <p class='ocr_par' dir='ltr' id='par_1_3' title="bbox 50 524 2002 575">
     <span class='ocr_line' id='line_1_9' title="bbox 50 524 2002 575; baseline 0.008 -22"><span class='ocrx_word' id='word_1_167' title='bbox 50 524 53 531; x_wconf 78' lang='grc'><strong>“</strong></span> <span class='ocrx_word' id='word_1_168' title='bbox 64 531 105 560; x_wconf 56' lang='lat' dir='ltr'>aa,</span> <span class='ocrx_word' id='word_1_169' title='bbox 120 532 153 558; x_wconf 87' lang='lat'>18.</span> <span class='ocrx_word' id='word_1_170' title='bbox 225 529 286 555; x_wconf 84' lang='lat' dir='ltr'>Rite</span> <span class='ocrx_word' id='word_1_171' title='bbox 304 530 374 556; x_wconf 83' lang='lat' dir='ltr'>sacra</span> <span class='ocrx_word' id='word_1_172' title='bbox 394 531 468 564; x_wconf 83' lang='lat' dir='ltr'>Virg.</span> <span class='ocrx_word' id='word_1_173' title='bbox 483 531 547 556; x_wconf 86' lang='lat' dir='ltr'>Aen.</span> <span class='ocrx_word' id='word_1_174' title='bbox 566 539 594 564; x_wconf 79' lang='lat'>4,</span> <span class='ocrx_word' id='word_1_175' title='bbox 609 533 663 563; x_wconf 78' lang='lat'>638.</span> <span class='ocrx_word' id='word_1_176' title='bbox 736 531 825 556; x_wconf 87' lang='lat' dir='ltr'>Sermo</span> <span class='ocrx_word' id='word_1_177' title='bbox 844 528 917 555; x_wconf 86' lang='lat' dir='ltr'>Idem</span> <span class='ocrx_word' id='word_1_178' title='bbox 927 531 991 556; x_wconf 88' lang='lat' dir='ltr'>Aen.</span> <span class='ocrx_word' id='word_1_179' title='bbox 1006 535 1031 563; x_wconf 86' lang='lat'>6,</span> <span class='ocrx_word' id='word_1_180' title='bbox 1047 541 1110 567; x_wconf 84' lang='lat'>470.</span> <span class='ocrx_word' id='word_1_181' title='bbox 1218 543 1259 562; x_wconf 83' lang='lat' dir='ltr'>1N</span> <span class='ocrx_word' id='word_1_182' title='bbox 1268 543 1284 564; x_wconf 87' lang='lat' dir='ltr'>c</span> <span class='ocrx_word' id='word_1_183' title='bbox 1297 544 1305 562; x_wconf 91' lang='lat'>1</span> <span class='ocrx_word' id='word_1_184' title='bbox 1318 544 1339 563; x_wconf 89' lang='lat' dir='ltr'>T</span> <span class='ocrx_word' id='word_1_185' title='bbox 1351 544 1369 563; x_wconf 75' lang='lat' dir='ltr'>A</span> <span class='ocrx_word' id='word_1_186' title='bbox 1381 544 1403 564; x_wconf 86' lang='grc' dir='ltr'>Τ</span> <span class='ocrx_word' id='word_1_187' title='bbox 1413 545 1433 564; x_wconf 93' lang='lat' dir='ltr'>V</span> <span class='ocrx_word' id='word_1_188' title='bbox 1442 545 1454 564; x_wconf 87' lang='lat' dir='ltr'>S</span> <span class='ocrx_word' id='word_1_189' title='bbox 1463 558 1471 570; x_wconf 92' lang='lat'>‚</span> <span class='ocrx_word' id='word_1_190' title='bbox 1489 537 1527 564; x_wconf 75' lang='lat' dir='ltr'>us.</span> <span class='ocrx_word' id='word_1_191' title='bbox 1549 548 1583 565; x_wconf 89' lang='lat' dir='ltr'>m.</span> <span class='ocrx_word' id='word_1_192' title='bbox 1620 541 1684 566; x_wconf 82' lang='lat' dir='ltr'>l&#39;lin.</span> <span class='ocrx_word' id='word_1_193' title='bbox 1697 550 1718 572; x_wconf 83' lang='lat'>2,</span> <span class='ocrx_word' id='word_1_194' title='bbox 1731 548 1769 574; x_wconf 76' lang='lat'>45.</span> <span class='ocrx_word' id='word_1_195' title='bbox 1781 542 1814 567; x_wconf 81' lang='lat' dir='ltr'>al.</span> <span class='ocrx_word' id='word_1_196' title='bbox 1829 541 1924 575; x_wconf 83' lang='lat' dir='ltr'>incitu,</span> <span class='ocrx_word' id='word_1_197' title='bbox 1935 551 1961 569; x_wconf 91' lang='lat' dir='ltr'>v.</span> <span class='ocrx_word' id='word_1_198' title='bbox 1975 552 2002 570; x_wconf 87' lang='lat' dir='ltr'>v.</span> 
     </span>
    </p>

    <p class='ocr_par' dir='ltr' id='par_1_4' title="bbox 20 563 2222 614">
     <span class='ocr_line' id='line_1_10' title="bbox 20 563 2222 614; baseline 0.017 -45"><span class='ocrx_word' id='word_1_199' title='bbox 20 568 23 570; x_wconf 75' lang='grc'>,</span> <span class='ocrx_word' id='word_1_200' title='bbox 41 572 48 574; x_wconf 83' lang='grc'>..</span> <span class='ocrx_word' id='word_1_201' title='bbox 69 563 180 593; x_wconf 86' lang='lat' dir='ltr'>Duobus</span> <span class='ocrx_word' id='word_1_202' title='bbox 194 564 306 600; x_wconf 84' lang='lat' dir='ltr'>inceptis</span> <span class='ocrx_word' id='word_1_203' title='bbox 320 565 415 593; x_wconf 84' lang='lat' dir='ltr'>Verbis</span> <span class='ocrx_word' id='word_1_204' title='bbox 431 566 563 609; x_wconf 82' lang='lat' dir='ltr'>impetum</span> <span class='ocrx_word' id='word_1_205' title='bbox 576 565 709 602; x_wconf 83' lang='lat' dir='ltr'>compressi</span> <span class='ocrx_word' id='word_1_206' title='bbox 722 566 777 591; x_wconf 85' lang='lat' dir='ltr'>Cic.</span> <span class='ocrx_word' id='word_1_207' title='bbox 793 563 824 590; x_wconf 89' lang='lat' dir='ltr'>de</span> <span class='ocrx_word' id='word_1_208' title='bbox 838 565 932 600; x_wconf 85' lang='lat' dir='ltr'>Arusp.</span> <span class='ocrx_word' id='word_1_209' title='bbox 946 566 1020 601; x_wconf 85' lang='lat' dir='ltr'>Resp.</span> <span class='ocrx_word' id='word_1_210' title='bbox 1035 576 1055 593; x_wconf 88' lang='lat' dir='ltr'>c.</span> <span class='ocrx_word' id='word_1_211' title='bbox 1071 577 1090 594; x_wconf 91' lang='lat'>1.</span> <span class='ocrx_word' id='word_1_212' title='bbox 1217 574 1329 599; x_wconf 73' lang='lat' dir='ltr'>INCi&#39;T</span> <span class='ocrx_word' id='word_1_213' title='bbox 1339 579 1408 599; x_wconf 73' lang='lat' dir='ltr'>AT!</span> <span class='ocrx_word' id='word_1_214' title='bbox 1418 580 1437 600; x_wconf 85' lang='grc' dir='ltr'><strong>ο</strong></span> <span class='ocrx_word' id='word_1_215' title='bbox 1447 592 1454 605; x_wconf 82' lang='grc'>,</span> <span class='ocrx_word' id='word_1_216' title='bbox 1470 574 1539 599; x_wconf 79' lang='lat' dir='ltr'>onis.</span> <span class='ocrx_word' id='word_1_217' title='bbox 1555 574 1575 600; x_wconf 87' lang='lat' dir='ltr'>f.</span> <span class='ocrx_word' id='word_1_218' title='bbox 1613 575 1802 611; x_wconf 65' lang='grc' dir='ltr'>[παροξυσμὸς]</span> <span class='ocrx_word' id='word_1_219' title='bbox 1839 576 1988 614; x_wconf 70' lang='lat' dir='ltr'>Irfiigatio,</span> <span class='ocrx_word' id='word_1_220' title='bbox 2002 584 2137 607; x_wconf 82' lang='lat' dir='ltr'><em>commotio.</em></span> <span class='ocrx_word' id='word_1_221' title='bbox 2166 584 2222 610; x_wconf 76' lang='lat' dir='ltr'>Cic,</span> 
     </span>
    </p>
   </div>
   <div class='ocr_carea' id='block_1_3' title="bbox 16 601 2227 1359">
    <p class='ocr_par' dir='ltr' id='par_1_5' title="bbox 65 601 2224 865">
     <span class='ocr_line' id='line_1_11' title="bbox 106 601 2221 651; baseline 0.011 -31"><span class='ocrx_word' id='word_1_222' title='bbox 106 606 117 626; x_wconf 93' lang='lat'>1</span> <span class='ocrx_word' id='word_1_223' title='bbox 132 605 152 625; x_wconf 87' lang='lat' dir='ltr'>N</span> <span class='ocrx_word' id='word_1_224' title='bbox 164 606 206 627; x_wconf 66' lang='lat'><em>(212¹</em></span> <span class='ocrx_word' id='word_1_225' title='bbox 219 606 233 626; x_wconf 78' lang='lat' dir='ltr'>p</span> <span class='ocrx_word' id='word_1_226' title='bbox 245 607 267 627; x_wconf 75' lang='lat' dir='ltr'>T</span> <span class='ocrx_word' id='word_1_227' title='bbox 277 607 297 627; x_wconf 91' lang='lat'><em>0</em></span> <span class='ocrx_word' id='word_1_228' title='bbox 307 621 315 634; x_wconf 69' lang='lat'>‚</span> <span class='ocrx_word' id='word_1_229' title='bbox 337 605 395 628; x_wconf 56' lang='lat'>510,</span> <span class='ocrx_word' id='word_1_230' title='bbox 440 601 591 635; x_wconf 64' lang='grc' dir='ltr'>[ἀρχαμα,,</span> <span class='ocrx_word' id='word_1_231' title='bbox 617 601 734 637; x_wconf 48' lang='lat' dir='ltr'>aspolam]</span> <span class='ocrx_word' id='word_1_232' title='bbox 770 601 910 635; x_wconf 87' lang='lat' dir='ltr'>Frequent.</span> <span class='ocrx_word' id='word_1_233' title='bbox 943 604 972 627; x_wconf 79' lang='lat' dir='ltr'>ab</span> <span class='ocrx_word' id='word_1_234' title='bbox 1001 604 1112 638; x_wconf 75' lang='lat' dir='ltr'>Incipio.</span> <span class='ocrx_word' id='word_1_235' title='bbox 1133 613 1163 632; x_wconf 89' lang='lat'>10</span> <span class='ocrx_word' id='word_1_236' title='bbox 1179 607 1257 634; x_wconf 85' lang='lat' dir='ltr'>Acad.</span> <span class='ocrx_word' id='word_1_237' title='bbox 1273 618 1301 642; x_wconf 84' lang='lat'>4,</span> <span class='ocrx_word' id='word_1_238' title='bbox 1316 613 1344 638; x_wconf 87' lang='lat'>82</span> <span class='ocrx_word' id='word_1_239' title='bbox 1358 617 1379 634; x_wconf 91' lang='lat' dir='ltr'>c.</span> <span class='ocrx_word' id='word_1_240' title='bbox 1394 610 1423 634; x_wconf 85' lang='lat'>26</span> <span class='ocrx_word' id='word_1_241' title='bbox 1456 609 1512 642; x_wconf 67' lang='lat' dir='ltr'>Qui</span> <span class='ocrx_word' id='word_1_242' title='bbox 1526 618 1557 635; x_wconf 89' lang='lat' dir='ltr'>ne</span> <span class='ocrx_word' id='word_1_243' title='bbox 1571 619 1637 636; x_wconf 91' lang='lat' dir='ltr'>nunc</span> <span class='ocrx_word' id='word_1_244' title='bbox 1653 612 1761 645; x_wconf 81' lang='lat' dir='ltr'>quidem</span> <span class='ocrx_word' id='word_1_245' title='bbox 1773 618 1863 646; x_wconf 90' lang='lat' dir='ltr'>putat,</span> <span class='ocrx_word' id='word_1_246' title='bbox 1874 622 1955 648; x_wconf 89' lang='lat' dir='ltr'>quum</span> <span class='ocrx_word' id='word_1_247' title='bbox 1970 614 2016 641; x_wconf 90' lang='lat' dir='ltr'>ille</span> <span class='ocrx_word' id='word_1_248' title='bbox 2029 616 2077 650; x_wconf 89' lang='lat' dir='ltr'>sol,</span> <span class='ocrx_word' id='word_1_249' title='bbox 2090 618 2136 651; x_wconf 89' lang='lat' dir='ltr'>qui</span> <span class='ocrx_word' id='word_1_250' title='bbox 2152 624 2221 646; x_wconf 82' lang='lat' dir='ltr'>tanta</span> 
     </span>
     <span class='ocr_line' id='line_1_12' title="bbox 69 633 2222 687; baseline 0.008 -25"><span class='ocrx_word' id='word_1_251' title='bbox 69 633 137 662; x_wconf 87' lang='lat' dir='ltr'>Ter.</span> <span class='ocrx_word' id='word_1_252' title='bbox 154 636 249 662; x_wconf 82' lang='lat' dir='ltr'>l-leaut.</span> <span class='ocrx_word' id='word_1_253' title='bbox 262 646 289 670; x_wconf 91' lang='lat'>4,</span> <span class='ocrx_word' id='word_1_254' title='bbox 301 646 329 670; x_wconf 82' lang='lat'>4,</span> <span class='ocrx_word' id='word_1_255' title='bbox 345 645 372 664; x_wconf 84' lang='lat'>12</span> <span class='ocrx_word' id='word_1_256' title='bbox 398 636 472 670; x_wconf 68' lang='lat' dir='ltr'>Quid</span> <span class='ocrx_word' id='word_1_257' title='bbox 491 638 614 674; x_wconf 87' lang='lat' dir='ltr'>inceptat.</span> <span class='ocrx_word' id='word_1_258' title='bbox 663 636 736 663; x_wconf 88' lang='lat' dir='ltr'>Idem</span> <span class='ocrx_word' id='word_1_259' title='bbox 748 635 854 663; x_wconf 84' lang='lat' dir='ltr'>Phorm.</span> <span class='ocrx_word' id='word_1_260' title='bbox 866 645 894 676; x_wconf 70' lang='lat'>4,</span> <span class='ocrx_word' id='word_1_261' title='bbox 909 645 932 676; x_wconf 67' lang='lat'>3,</span> <span class='ocrx_word' id='word_1_262' title='bbox 946 646 983 663; x_wconf 84' lang='lat'>21.</span> <span class='ocrx_word' id='word_1_263' title='bbox 1011 647 1032 665; x_wconf 72' lang='lat' dir='ltr'>ct</span> <span class='ocrx_word' id='word_1_264' title='bbox 1046 640 1120 666; x_wconf 49' lang='lat' dir='ltr'>liuns</span> <span class='ocrx_word' id='word_1_265' title='bbox 1179 642 1336 670; x_wconf 78' lang='lat' dir='ltr'>incitatione</span> <span class='ocrx_word' id='word_1_266' title='bbox 1352 644 1452 675; x_wconf 84' lang='lat' dir='ltr'>fertur,</span> <span class='ocrx_word' id='word_1_267' title='bbox 1471 651 1499 671; x_wconf 90' lang='lat' dir='ltr'>vt</span> <span class='ocrx_word' id='word_1_268' title='bbox 1518 646 1637 672; x_wconf 80' lang='lat' dir='ltr'>celeritas</span> <span class='ocrx_word' id='word_1_269' title='bbox 1652 647 1708 672; x_wconf 86' lang='lat' dir='ltr'>eius</span> <span class='ocrx_word' id='word_1_270' title='bbox 1721 654 1817 682; x_wconf 87' lang='lat' dir='ltr'>quanta</span> <span class='ocrx_word' id='word_1_271' title='bbox 1830 648 1860 675; x_wconf 86' lang='lat' dir='ltr'>lit</span> <span class='ocrx_word' id='word_1_272' title='bbox 1870 658 1903 676; x_wconf 89' lang='lat' dir='ltr'>ne</span> <span class='ocrx_word' id='word_1_273' title='bbox 1916 650 2028 684; x_wconf 76' lang='lat' dir='ltr'>cogitari</span> <span class='ocrx_word' id='word_1_274' title='bbox 2042 652 2151 686; x_wconf 87' lang='lat' dir='ltr'>quidem</span> <span class='ocrx_word' id='word_1_275' title='bbox 2166 655 2222 687; x_wconf 85' lang='lat' dir='ltr'>pos-</span> 
     </span>
     <span class='ocr_line' id='line_1_13' title="bbox 68 671 2224 720; baseline 0.008 -23"><span class='ocrx_word' id='word_1_276' title='bbox 68 673 94 701; x_wconf 84' lang='lat'>6,</span> <span class='ocrx_word' id='word_1_277' title='bbox 110 675 132 700; x_wconf 76' lang='lat'>8.</span> <span class='ocrx_word' id='word_1_278' title='bbox 186 672 255 698; x_wconf 83' lang='lat' dir='ltr'>Ter.</span> <span class='ocrx_word' id='word_1_279' title='bbox 266 673 360 699; x_wconf 83' lang='lat' dir='ltr'>Heaut.</span> <span class='ocrx_word' id='word_1_280' title='bbox 375 681 397 705; x_wconf 79' lang='lat'>3,</span> <span class='ocrx_word' id='word_1_281' title='bbox 413 681 435 705; x_wconf 82' lang='lat'>3,</span> <span class='ocrx_word' id='word_1_282' title='bbox 450 681 481 705; x_wconf 87' lang='grc'>39</span> <span class='ocrx_word' id='word_1_283' title='bbox 502 673 561 700; x_wconf 84' lang='lat' dir='ltr'>Vah</span> <span class='ocrx_word' id='word_1_284' title='bbox 573 673 652 699; x_wconf 89' lang='lat' dir='ltr'>video</span> <span class='ocrx_word' id='word_1_285' title='bbox 666 671 738 707; x_wconf 85' lang='lat' dir='ltr'>quod</span> <span class='ocrx_word' id='word_1_286' title='bbox 749 672 864 712; x_wconf 75' lang='lat' dir='ltr'>inceptet</span> <span class='ocrx_word' id='word_1_287' title='bbox 877 674 987 699; x_wconf 74' lang='lat' dir='ltr'>lacinus.</span> <span class='ocrx_word' id='word_1_288' title='bbox 1041 675 1113 702; x_wconf 82' lang='lat' dir='ltr'>ldem</span> <span class='ocrx_word' id='word_1_289' title='bbox 1178 678 1217 705; x_wconf 84' lang='lat' dir='ltr'>lit.</span> <span class='ocrx_word' id='word_1_290' title='bbox 1288 679 1447 713; x_wconf 79' lang='lat' dir='ltr'>Languentis</span> <span class='ocrx_word' id='word_1_291' title='bbox 1467 681 1559 715; x_wconf 87' lang='lat' dir='ltr'>populi</span> <span class='ocrx_word' id='word_1_292' title='bbox 1574 682 1711 716; x_wconf 77' lang='lat' dir='ltr'>incitatio,</span> <span class='ocrx_word' id='word_1_293' title='bbox 1735 691 1758 709; x_wconf 69' lang='lat' dir='ltr'>ct</span> <span class='ocrx_word' id='word_1_294' title='bbox 1770 684 1894 711; x_wconf 64' lang='lat' dir='ltr'>firm-nati</span> <span class='ocrx_word' id='word_1_295' title='bbox 1911 687 2076 720; x_wconf 75' lang='lat' dir='ltr'>moderatio,</span> <span class='ocrx_word' id='word_1_296' title='bbox 2094 692 2224 715; x_wconf 73' lang='lat' dir='ltr'>contraria</span> 
     </span>
     <span class='ocr_line' id='line_1_14' title="bbox 67 706 2223 751; baseline 0.009 -19"><span class='ocrx_word' id='word_1_297' title='bbox 67 706 151 733; x_wconf 83' lang='lat' dir='ltr'><strong>Andr.</strong></span> <span class='ocrx_word' id='word_1_298' title='bbox 168 715 189 739; x_wconf 79' lang='grc' dir='ltr'>ς,</span> <span class='ocrx_word' id='word_1_299' title='bbox 203 717 232 740; x_wconf 90' lang='lat'>4,</span> <span class='ocrx_word' id='word_1_300' title='bbox 243 716 276 734; x_wconf 87' lang='lat'>22</span> <span class='ocrx_word' id='word_1_301' title='bbox 302 708 334 735; x_wconf 90' lang='lat' dir='ltr'>Et</span> <span class='ocrx_word' id='word_1_302' title='bbox 349 708 427 734; x_wconf 83' lang='lat' dir='ltr'>istaec</span> <span class='ocrx_word' id='word_1_303' title='bbox 440 717 491 735; x_wconf 84' lang='lat' dir='ltr'>vna</span> <span class='ocrx_word' id='word_1_304' title='bbox 505 717 585 745; x_wconf 83' lang='lat' dir='ltr'>parua</span> <span class='ocrx_word' id='word_1_305' title='bbox 598 708 685 743; x_wconf 85' lang='lat' dir='ltr'>virgo.</span> <span class='ocrx_word' id='word_1_306' title='bbox 703 711 758 735; x_wconf 87' lang='lat' dir='ltr'>tum</span> <span class='ocrx_word' id='word_1_307' title='bbox 774 708 820 734; x_wconf 84' lang='lat' dir='ltr'>illc</span> <span class='ocrx_word' id='word_1_308' title='bbox 840 716 931 742; x_wconf 76' lang='lat' dir='ltr'>egens,</span> <span class='ocrx_word' id='word_1_309' title='bbox 945 709 1015 736; x_wconf 88' lang='lat' dir='ltr'>forte</span> <span class='ocrx_word' id='word_1_310' title='bbox 1030 712 1113 745; x_wconf 86' lang='lat' dir='ltr'>appli-</span> <span class='ocrx_word' id='word_1_311' title='bbox 1178 715 1234 740; x_wconf 84' lang='lat' dir='ltr'>Cic.</span> <span class='ocrx_word' id='word_1_312' title='bbox 1250 714 1281 740; x_wconf 88' lang='lat' dir='ltr'>de</span> <span class='ocrx_word' id='word_1_313' title='bbox 1295 716 1368 742; x_wconf 84' lang='lat' dir='ltr'>Orat.</span> <span class='ocrx_word' id='word_1_314' title='bbox 1384 724 1409 747; x_wconf 92' lang='lat'>2,</span> <span class='ocrx_word' id='word_1_315' title='bbox 1424 724 1450 748; x_wconf 80' lang='lat'>35</span> <span class='ocrx_word' id='word_1_316' title='bbox 1466 725 1486 741; x_wconf 87' lang='lat' dir='ltr'>c.</span> <span class='ocrx_word' id='word_1_317' title='bbox 1503 725 1527 749; x_wconf 93' lang='lat'>9.</span> <span class='ocrx_word' id='word_1_318' title='bbox 1601 718 1691 749; x_wconf 90' lang='lat' dir='ltr'>Acris,</span> <span class='ocrx_word' id='word_1_319' title='bbox 1715 719 1767 744; x_wconf 78' lang='lat' dir='ltr'>vid.</span> <span class='ocrx_word' id='word_1_320' title='bbox 1789 726 1882 746; x_wconf 69' lang='lat' dir='ltr'>AelR.</span> <span class='ocrx_word' id='word_1_321' title='bbox 1953 723 2016 749; x_wconf 87' lang='lat' dir='ltr'>Acri</span> <span class='ocrx_word' id='word_1_322' title='bbox 2030 729 2056 749; x_wconf 88' lang='lat' dir='ltr'>et</span> <span class='ocrx_word' id='word_1_323' title='bbox 2071 723 2223 751; x_wconf 85' lang='lat' dir='ltr'>vehementi</span> 
     </span>
     <span class='ocr_line' id='line_1_15' title="bbox 66 742 2224 791; baseline 0.008 -23"><span class='ocrx_word' id='word_1_324' title='bbox 66 747 122 774; x_wconf 81' lang='lat' dir='ltr'>cat,</span> <span class='ocrx_word' id='word_1_325' title='bbox 143 743 260 777; x_wconf 86' lang='lat' dir='ltr'>primum</span> <span class='ocrx_word' id='word_1_326' title='bbox 280 742 314 769; x_wconf 87' lang='lat' dir='ltr'>ad</span> <span class='ocrx_word' id='word_1_327' title='bbox 335 743 469 776; x_wconf 72' lang='lat' dir='ltr'>Chrysidis</span> <span class='ocrx_word' id='word_1_328' title='bbox 487 751 589 779; x_wconf 81' lang='lat' dir='ltr'>patrem</span> <span class='ocrx_word' id='word_1_329' title='bbox 607 744 641 770; x_wconf 83' lang='lat' dir='ltr'>se.</span> <span class='ocrx_word' id='word_1_330' title='bbox 657 750 679 770; x_wconf 84' lang='lat' dir='ltr'>S.</span> <span class='ocrx_word' id='word_1_331' title='bbox 700 743 818 770; x_wconf 86' lang='lat' dir='ltr'>fabulam</span> <span class='ocrx_word' id='word_1_332' title='bbox 836 744 960 783; x_wconf 77' lang='lat' dir='ltr'>inceptat.</span> <span class='ocrx_word' id='word_1_333' title='bbox 981 752 1029 773; x_wconf 80' lang='lat' dir='ltr'>CH.</span> <span class='ocrx_word' id='word_1_334' title='bbox 1050 748 1112 772; x_wconf 84' lang='lat' dir='ltr'>tine.</span> <span class='ocrx_word' id='word_1_335' title='bbox 1177 750 1335 777; x_wconf 73' lang='lat' dir='ltr'>incitatione</span> <span class='ocrx_word' id='word_1_336' title='bbox 1354 751 1535 779; x_wconf 75' lang='lat' dir='ltr'>inflammatur</span> <span class='ocrx_word' id='word_1_337' title='bbox 1551 753 1653 780; x_wconf 84' lang='lat' dir='ltr'>animus</span> <span class='ocrx_word' id='word_1_338' title='bbox 1680 754 1737 780; x_wconf 88' lang='lat' dir='ltr'>Cic.</span> <span class='ocrx_word' id='word_1_339' title='bbox 1751 754 1783 780; x_wconf 88' lang='lat' dir='ltr'>de</span> <span class='ocrx_word' id='word_1_340' title='bbox 1795 755 1869 781; x_wconf 85' lang='lat' dir='ltr'>Orat.</span> <span class='ocrx_word' id='word_1_341' title='bbox 1881 764 1907 788; x_wconf 89' lang='lat'>2,</span> <span class='ocrx_word' id='word_1_342' title='bbox 1922 762 1961 789; x_wconf 77' lang='lat'>133</span> <span class='ocrx_word' id='word_1_343' title='bbox 1975 767 1997 784; x_wconf 87' lang='lat' dir='ltr'>c.</span> <span class='ocrx_word' id='word_1_344' title='bbox 2009 766 2051 791; x_wconf 84' lang='lat'>43.</span> <span class='ocrx_word' id='word_1_345' title='bbox 2123 760 2224 787; x_wconf 80' lang='lat' dir='ltr'>Diuina</span> 
     </span>
     <span class='ocr_line' id='line_1_16' title="bbox 65 777 2223 823; baseline 0.009 -20"><span class='ocrx_word' id='word_1_346' title='bbox 65 777 148 811; x_wconf 67' lang='lat' dir='ltr'>Plaut.</span> <span class='ocrx_word' id='word_1_347' title='bbox 164 778 249 804; x_wconf 86' lang='lat' dir='ltr'>Truc.</span> <span class='ocrx_word' id='word_1_348' title='bbox 270 787 293 811; x_wconf 88' lang='lat'>2,</span> <span class='ocrx_word' id='word_1_349' title='bbox 307 784 338 809; x_wconf 85' lang='lat'>28</span> <span class='ocrx_word' id='word_1_350' title='bbox 381 779 431 806; x_wconf 86' lang='lat' dir='ltr'>Sed</span> <span class='ocrx_word' id='word_1_351' title='bbox 450 781 515 815; x_wconf 86' lang='lat' dir='ltr'>quid</span> <span class='ocrx_word' id='word_1_352' title='bbox 536 780 578 806; x_wconf 88' lang='lat' dir='ltr'>vis</span> <span class='ocrx_word' id='word_1_353' title='bbox 598 779 673 806; x_wconf 67' lang='lat' dir='ltr'>istic?</span> <span class='ocrx_word' id='word_1_354' title='bbox 692 788 746 814; x_wconf 90' lang='lat' dir='ltr'>quo</span> <span class='ocrx_word' id='word_1_355' title='bbox 765 779 818 807; x_wconf 86' lang='lat' dir='ltr'>iter</span> <span class='ocrx_word' id='word_1_356' title='bbox 842 781 971 814; x_wconf 77' lang='lat' dir='ltr'>1nceptat3</span> <span class='ocrx_word' id='word_1_357' title='bbox 999 782 1058 816; x_wconf 85' lang='lat' dir='ltr'>quis</span> <span class='ocrx_word' id='word_1_358' title='bbox 1076 782 1112 809; x_wconf 88' lang='lat' dir='ltr'>est</span> <span class='ocrx_word' id='word_1_359' title='bbox 1133 792 1159 819; x_wconf 80' lang='grc' dir='ltr'>ις</span> <span class='ocrx_word' id='word_1_360' title='bbox 1177 786 1272 812; x_wconf 88' lang='lat' dir='ltr'>mentis</span> <span class='ocrx_word' id='word_1_361' title='bbox 1292 786 1366 812; x_wconf 85' lang='lat' dir='ltr'><strong>Idem</strong></span> <span class='ocrx_word' id='word_1_362' title='bbox 1381 786 1413 812; x_wconf 85' lang='lat' dir='ltr'>de</span> <span class='ocrx_word' id='word_1_363' title='bbox 1428 787 1519 814; x_wconf 90' lang='lat' dir='ltr'>Diuin.</span> <span class='ocrx_word' id='word_1_364' title='bbox 1535 797 1555 821; x_wconf 80' lang='grc' dir='ltr'>ι,</span> <span class='ocrx_word' id='word_1_365' title='bbox 1569 794 1608 820; x_wconf 85' lang='lat'>89.</span> <span class='ocrx_word' id='word_1_366' title='bbox 1683 791 1713 815; x_wconf 82' lang='lat' dir='ltr'>Et</span> <span class='ocrx_word' id='word_1_367' title='bbox 1726 789 1758 815; x_wconf 86' lang='lat' dir='ltr'>de</span> <span class='ocrx_word' id='word_1_368' title='bbox 1771 791 1845 816; x_wconf 88' lang='lat' dir='ltr'>Orat.</span> <span class='ocrx_word' id='word_1_369' title='bbox 1866 800 1885 823; x_wconf 91' lang='lat'>1,</span> <span class='ocrx_word' id='word_1_370' title='bbox 1902 794 1939 817; x_wconf 88' lang='lat'>161</span> <span class='ocrx_word' id='word_1_371' title='bbox 1973 794 2013 819; x_wconf 83' lang='lat' dir='ltr'>Sic</span> <span class='ocrx_word' id='word_1_372' title='bbox 2031 794 2149 822; x_wconf 89' lang='lat' dir='ltr'>euolauit</span> <span class='ocrx_word' id='word_1_373' title='bbox 2164 804 2223 822; x_wconf 84' lang='lat' dir='ltr'>ora-</span> 
     </span>
     <span class='ocr_line' id='line_1_17' title="bbox 66 814 2224 865; baseline 0.008 -25"><span class='ocrx_word' id='word_1_374' title='bbox 66 821 146 848; x_wconf 88' lang='lat' dir='ltr'>quem</span> <span class='ocrx_word' id='word_1_375' title='bbox 161 814 282 841; x_wconf 74' lang='lat' dir='ltr'>accersis?</span> <span class='ocrx_word' id='word_1_376' title='bbox 844 828 845 831; x_wconf 51' lang='lat'>¹</span> <span class='ocrx_word' id='word_1_377' title='bbox 1177 822 1234 854; x_wconf 86' lang='lat' dir='ltr'>tio,</span> <span class='ocrx_word' id='word_1_378' title='bbox 1253 827 1282 848; x_wconf 90' lang='lat' dir='ltr'>vt</span> <span class='ocrx_word' id='word_1_379' title='bbox 1293 823 1350 848; x_wconf 85' lang='lat' dir='ltr'>eius</span> <span class='ocrx_word' id='word_1_380' title='bbox 1362 822 1418 848; x_wconf 89' lang='lat' dir='ltr'>vim</span> <span class='ocrx_word' id='word_1_381' title='bbox 1437 830 1514 858; x_wconf 89' lang='lat' dir='ltr'>atque</span> <span class='ocrx_word' id='word_1_382' title='bbox 1536 825 1718 851; x_wconf 81' lang='lat' dir='ltr'>incitationem</span> <span class='ocrx_word' id='word_1_383' title='bbox 1732 825 1910 860; x_wconf 84' lang='lat' dir='ltr'>adspexerim:</span> <span class='ocrx_word' id='word_1_384' title='bbox 1933 828 2055 862; x_wconf 82' lang='lat' dir='ltr'>vestigia,</span> <span class='ocrx_word' id='word_1_385' title='bbox 2069 830 2224 865; x_wconf 74' lang='lat' dir='ltr'>ingrestum-</span> 
     </span>
    </p>

    <p class='ocr_par' dir='ltr' id='par_1_6' title="bbox 65 847 2224 1032">
     <span class='ocr_line' id='line_1_18' title="bbox 104 847 2150 901; baseline 0.008 -26"><span class='ocrx_word' id='word_1_386' title='bbox 104 855 220 876; x_wconf 77' lang='lat' dir='ltr'>INCEP</span> <span class='ocrx_word' id='word_1_387' title='bbox 232 856 254 876; x_wconf 80' lang='lat' dir='ltr'>&#39;r</span> <span class='ocrx_word' id='word_1_388' title='bbox 266 856 335 882; x_wconf 90' lang='lat' dir='ltr'>VM,</span> <span class='ocrx_word' id='word_1_389' title='bbox 355 849 374 876; x_wconf 90' lang='lat' dir='ltr'>i.</span> <span class='ocrx_word' id='word_1_390' title='bbox 395 859 422 877; x_wconf 88' lang='lat' dir='ltr'>n.</span> <span class='ocrx_word' id='word_1_391' title='bbox 460 847 618 882; x_wconf 61' lang='lat' dir='ltr'>nstitutum,</span> <span class='ocrx_word' id='word_1_392' title='bbox 633 853 800 886; x_wconf 76' lang='lat' dir='ltr'>principi‘um.</span> <span class='ocrx_word' id='word_1_393' title='bbox 834 850 903 877; x_wconf 73' lang='lat' dir='ltr'>Ter·</span> <span class='ocrx_word' id='word_1_394' title='bbox 919 851 998 879; x_wconf 81' lang='lat' dir='ltr'>Andr·</span> <span class='ocrx_word' id='word_1_395' title='bbox 1022 862 1039 883; x_wconf 83' lang='lat'>¹,</span> <span class='ocrx_word' id='word_1_396' title='bbox 1058 862 1081 886; x_wconf 74' lang='grc' dir='ltr'>ς,</span> <span class='ocrx_word' id='word_1_397' title='bbox 1102 862 1112 880; x_wconf 94' lang='lat'>1</span> <span class='ocrx_word' id='word_1_398' title='bbox 1177 865 1230 892; x_wconf 81' lang='lat' dir='ltr'>que</span> <span class='ocrx_word' id='word_1_399' title='bbox 1245 857 1290 883; x_wconf 86' lang='lat' dir='ltr'>vix</span> <span class='ocrx_word' id='word_1_400' title='bbox 1306 857 1430 884; x_wconf 78' lang='lat' dir='ltr'>viderim.</span> <span class='ocrx_word' id='word_1_401' title='bbox 1501 860 1629 887; x_wconf 84' lang='lat' dir='ltr'>Eiaculari</span> <span class='ocrx_word' id='word_1_402' title='bbox 1644 861 1799 888; x_wconf 84' lang='lat' dir='ltr'>incitatione</span> <span class='ocrx_word' id='word_1_403' title='bbox 1819 862 1938 891; x_wconf 73' lang='lat' dir='ltr'>Sci-ibon.</span> <span class='ocrx_word' id='word_1_404' title='bbox 1956 870 1989 897; x_wconf 86' lang='lat'>84</span> <span class='ocrx_word' id='word_1_405' title='bbox 2005 866 2034 890; x_wconf 81' lang='lat' dir='ltr'>de</span> <span class='ocrx_word' id='word_1_406' title='bbox 2049 867 2150 901; x_wconf 82' lang='lat' dir='ltr'>liquore.</span> 
     </span>
     <span class='ocr_line' id='line_1_19' title="bbox 66 884 2223 936; baseline 0.009 -26"><span class='ocrx_word' id='word_1_407' title='bbox 66 884 188 912; x_wconf 85' lang='lat' dir='ltr'>Hoccine</span> <span class='ocrx_word' id='word_1_408' title='bbox 203 885 239 912; x_wconf 86' lang='lat' dir='ltr'>est</span> <span class='ocrx_word' id='word_1_409' title='bbox 257 885 403 912; x_wconf 87' lang='lat' dir='ltr'>humanum</span> <span class='ocrx_word' id='word_1_410' title='bbox 423 885 537 916; x_wconf 65' lang='lat' dir='ltr'>factum,</span> <span class='ocrx_word' id='word_1_411' title='bbox 550 892 595 912; x_wconf 84' lang='lat' dir='ltr'>aut</span> <span class='ocrx_word' id='word_1_412' title='bbox 609 886 764 921; x_wconf 72' lang='lat' dir='ltr'>inceptum?</span> <span class='ocrx_word' id='word_1_413' title='bbox 833 886 900 913; x_wconf 86' lang='lat' dir='ltr'>Plin.</span> <span class='ocrx_word' id='word_1_414' title='bbox 917 895 943 920; x_wconf 89' lang='lat'>4,</span> <span class='ocrx_word' id='word_1_415' title='bbox 956 898 973 922; x_wconf 84' lang='lat'>4</span> <span class='ocrx_word' id='word_1_416' title='bbox 1004 890 1112 924; x_wconf 88' lang='lat' dir='ltr'>Incepto</span> <span class='ocrx_word' id='word_1_417' title='bbox 1214 894 1389 920; x_wconf 72' lang='grc' dir='ltr'>ιΝεΙΤᾹΤ</span> <span class='ocrx_word' id='word_1_418' title='bbox 1400 900 1424 920; x_wconf 77' lang='lat' dir='ltr'>F..</span> <span class='ocrx_word' id='word_1_419' title='bbox 1446 894 1513 921; x_wconf 89' lang='lat' dir='ltr'>Adu.</span> <span class='ocrx_word' id='word_1_420' title='bbox 1551 895 1739 931; x_wconf 70' lang='grc' dir='ltr'>[παροξύντως]</span> <span class='ocrx_word' id='word_1_421' title='bbox 1775 898 1886 933; x_wconf 81' lang='lat' dir='ltr'>Compar.</span> <span class='ocrx_word' id='word_1_422' title='bbox 1924 899 1980 925; x_wconf 82' lang='lat' dir='ltr'>Cic.</span> <span class='ocrx_word' id='word_1_423' title='bbox 1995 902 2046 926; x_wconf 87' lang='lat' dir='ltr'>Att.</span> <span class='ocrx_word' id='word_1_424' title='bbox 2066 921 2084 933; x_wconf 84' lang='lat'>.‚</span> <span class='ocrx_word' id='word_1_425' title='bbox 2099 910 2129 935; x_wconf 84' lang='lat'>¹4</span> <span class='ocrx_word' id='word_1_426' title='bbox 2149 903 2223 936; x_wconf 72' lang='lat' dir='ltr'>Quas</span> 
     </span>
     <span class='ocr_line' id='line_1_20' title="bbox 65 919 2224 973; baseline 0.009 -28"><span class='ocrx_word' id='word_1_427' title='bbox 65 919 191 947; x_wconf 79' lang='lat' dir='ltr'>infausto.</span> <span class='ocrx_word' id='word_1_428' title='bbox 243 921 299 948; x_wconf 89' lang='lat' dir='ltr'>Cic.</span> <span class='ocrx_word' id='word_1_429' title='bbox 317 922 346 948; x_wconf 93' lang='lat' dir='ltr'>in</span> <span class='ocrx_word' id='word_1_430' title='bbox 359 921 439 948; x_wconf 84' lang='lat' dir='ltr'>Catil.</span> <span class='ocrx_word' id='word_1_431' title='bbox 453 930 479 953; x_wconf 85' lang='lat'>2,</span> <span class='ocrx_word' id='word_1_432' title='bbox 491 929 525 956; x_wconf 81' lang='lat'>27</span> <span class='ocrx_word' id='word_1_433' title='bbox 539 930 560 947; x_wconf 87' lang='lat' dir='ltr'>c.</span> <span class='ocrx_word' id='word_1_434' title='bbox 574 929 601 948; x_wconf 90' lang='lat'>12</span> <span class='ocrx_word' id='word_1_435' title='bbox 628 923 711 948; x_wconf 87' lang='lat' dir='ltr'>Cuius</span> <span class='ocrx_word' id='word_1_436' title='bbox 723 930 772 956; x_wconf 84' lang='lat' dir='ltr'>ego</span> <span class='ocrx_word' id='word_1_437' title='bbox 784 930 839 948; x_wconf 89' lang='lat' dir='ltr'>non</span> <span class='ocrx_word' id='word_1_438' title='bbox 851 922 933 948; x_wconf 90' lang='lat' dir='ltr'>modo</span> <span class='ocrx_word' id='word_1_439' title='bbox 945 924 1052 953; x_wconf 67' lang='lat' dir='ltr'>sachun.</span> <span class='ocrx_word' id='word_1_440' title='bbox 1066 925 1108 951; x_wconf 89' lang='lat' dir='ltr'>sed</span> <span class='ocrx_word' id='word_1_441' title='bbox 1177 928 1320 955; x_wconf 80' lang='lat' dir='ltr'>Numestio</span> <span class='ocrx_word' id='word_1_442' title='bbox 1339 929 1426 955; x_wconf 80' lang='lat' dir='ltr'>literas</span> <span class='ocrx_word' id='word_1_443' title='bbox 1446 929 1522 957; x_wconf 87' lang='lat' dir='ltr'>dedi:</span> <span class='ocrx_word' id='word_1_444' title='bbox 1554 930 1586 957; x_wconf 86' lang='lat' dir='ltr'>lic</span> <span class='ocrx_word' id='word_1_445' title='bbox 1606 939 1629 957; x_wconf 91' lang='lat' dir='ltr'>tc</span> <span class='ocrx_word' id='word_1_446' title='bbox 1646 933 1685 958; x_wconf 87' lang='lat' dir='ltr'>his</span> <span class='ocrx_word' id='word_1_447' title='bbox 1703 933 1864 967; x_wconf 70' lang='lat' dir='ltr'>cuombam,</span> <span class='ocrx_word' id='word_1_448' title='bbox 1884 941 1910 960; x_wconf 81' lang='lat' dir='ltr'>vt</span> <span class='ocrx_word' id='word_1_449' title='bbox 1931 934 2001 961; x_wconf 87' lang='lat' dir='ltr'>nihil</span> <span class='ocrx_word' id='word_1_450' title='bbox 2022 937 2122 969; x_wconf 85' lang='lat' dir='ltr'>acrius,</span> <span class='ocrx_word' id='word_1_451' title='bbox 2137 947 2224 973; x_wconf 82' lang='lat' dir='ltr'>neque</span> 
     </span>
     <span class='ocr_line' id='line_1_21' title="bbox 65 956 2223 1001; baseline 0.006 -19"><span class='ocrx_word' id='word_1_452' title='bbox 65 956 202 990; x_wconf 82' lang='lat' dir='ltr'>inceptum</span> <span class='ocrx_word' id='word_1_453' title='bbox 215 957 317 988; x_wconf 83' lang='lat' dir='ltr'>vllum,</span> <span class='ocrx_word' id='word_1_454' title='bbox 336 962 495 983; x_wconf 88' lang='lat' dir='ltr'>conatumue</span> <span class='ocrx_word' id='word_1_455' title='bbox 515 962 606 983; x_wconf 85' lang='lat' dir='ltr'>contra</span> <span class='ocrx_word' id='word_1_456' title='bbox 624 958 735 992; x_wconf 91' lang='lat' dir='ltr'>patriam</span> <span class='ocrx_word' id='word_1_457' title='bbox 756 957 963 993; x_wconf 84' lang='lat' dir='ltr'>deprehendero.</span> <span class='ocrx_word' id='word_1_458' title='bbox 1033 963 1110 988; x_wconf 82' lang='lat' dir='ltr'>que.</span> <span class='ocrx_word' id='word_1_459' title='bbox 1126 964 1162 984; x_wconf 84' lang='lat'>20</span> <span class='ocrx_word' id='word_1_460' title='bbox 1176 964 1311 990; x_wconf 69' lang='lat' dir='ltr'>incitatius</span> <span class='ocrx_word' id='word_1_461' title='bbox 1324 964 1382 991; x_wconf 66' lang='lat' dir='ltr'>fieri</span> <span class='ocrx_word' id='word_1_462' title='bbox 1397 967 1485 1000; x_wconf 70' lang='lat' dir='ltr'>posset,</span> <span class='ocrx_word' id='word_1_463' title='bbox 1553 968 1693 994; x_wconf 62' lang='lat' dir='ltr'>,lm-itatius</span> <span class='ocrx_word' id='word_1_464' title='bbox 1706 969 1772 995; x_wconf 72' lang='lat' dir='ltr'>fen-&#39;1</span> <span class='ocrx_word' id='word_1_465' title='bbox 1786 969 1859 995; x_wconf 79' lang='lat' dir='ltr'>Idem</span> <span class='ocrx_word' id='word_1_466' title='bbox 1873 970 1901 996; x_wconf 78' lang='lat' dir='ltr'>in</span> <span class='ocrx_word' id='word_1_467' title='bbox 1914 970 1990 997; x_wconf 58' lang='lat' dir='ltr'>Orat,</span> <span class='ocrx_word' id='word_1_468' title='bbox 2004 980 2026 998; x_wconf 79' lang='lat' dir='ltr'>c,</span> <span class='ocrx_word' id='word_1_469' title='bbox 2039 980 2083 999; x_wconf 86' lang='lat'>20,</span> <span class='ocrx_word' id='word_1_470' title='bbox 2145 974 2223 1001; x_wconf 74' lang='lat' dir='ltr'>flue-</span> 
     </span>
     <span class='ocr_line' id='line_1_22' title="bbox 66 991 1395 1032; baseline 0.006 -14"><span class='ocrx_word' id='word_1_471' title='bbox 66 991 134 1018; x_wconf 78' lang='lat' dir='ltr'>nilia</span> <span class='ocrx_word' id='word_1_472' title='bbox 147 991 229 1018; x_wconf 91' lang='lat' dir='ltr'>Ouid.</span> <span class='ocrx_word' id='word_1_473' title='bbox 243 992 324 1028; x_wconf 83' lang='lat' dir='ltr'>Epist.</span> <span class='ocrx_word' id='word_1_474' title='bbox 339 1000 377 1027; x_wconf 80' lang='lat'>17,</span> <span class='ocrx_word' id='word_1_475' title='bbox 392 1000 426 1026; x_wconf 73' lang='lat'>33.</span> <span class='ocrx_word' id='word_1_476' title='bbox 493 993 553 1020; x_wconf 82' lang='lat' dir='ltr'>Pari</span> <span class='ocrx_word' id='word_1_477' title='bbox 573 993 680 1029; x_wconf 86' lang='lat' dir='ltr'>incepto</span> <span class='ocrx_word' id='word_1_478' title='bbox 699 993 789 1019; x_wconf 83' lang='lat' dir='ltr'>similis</span> <span class='ocrx_word' id='word_1_479' title='bbox 810 993 917 1020; x_wconf 83' lang='lat' dir='ltr'>fortuna</span> <span class='ocrx_word' id='word_1_480' title='bbox 939 995 990 1022; x_wconf 88' lang='lat' dir='ltr'>fuit</span> <span class='ocrx_word' id='word_1_481' title='bbox 1014 997 1111 1023; x_wconf 75' lang='lat' dir='ltr'>Patere.</span> <span class='ocrx_word' id='word_1_482' title='bbox 1178 1008 1208 1027; x_wconf 86' lang='lat' dir='ltr'>re</span> <span class='ocrx_word' id='word_1_483' title='bbox 1229 998 1296 1026; x_wconf 89' lang='lat' dir='ltr'>ibid.</span> <span class='ocrx_word' id='word_1_484' title='bbox 1318 1009 1339 1026; x_wconf 93' lang='lat' dir='ltr'>c.</span> <span class='ocrx_word' id='word_1_485' title='bbox 1357 1004 1395 1032; x_wconf 82' lang='lat'>63.</span> 
     </span>
    </p>

    <p class='ocr_par' dir='ltr' id='par_1_7' title="bbox 16 1028 2227 1359">
     <span class='ocr_line' id='line_1_23' title="bbox 65 1028 2225 1076; baseline 0.008 -23"><span class='ocrx_word' id='word_1_486' title='bbox 65 1035 91 1059; x_wconf 79' lang='lat'>2,</span> <span class='ocrx_word' id='word_1_487' title='bbox 110 1029 152 1060; x_wconf 77' lang='lat'>68,</span> <span class='ocrx_word' id='word_1_488' title='bbox 171 1036 192 1053; x_wconf 89' lang='lat'>2.</span> <span class='ocrx_word' id='word_1_489' title='bbox 265 1028 348 1055; x_wconf 86' lang='lat' dir='ltr'>Abire</span> <span class='ocrx_word' id='word_1_490' title='bbox 368 1028 489 1064; x_wconf 87' lang='lat' dir='ltr'>incepto,</span> <span class='ocrx_word' id='word_1_491' title='bbox 537 1028 621 1056; x_wconf 84' lang='lat' dir='ltr'>Abire</span> <span class='ocrx_word' id='word_1_492' title='bbox 647 1029 751 1063; x_wconf 84' lang='lat' dir='ltr'>longius</span> <span class='ocrx_word' id='word_1_493' title='bbox 772 1029 894 1064; x_wconf 85' lang='lat' dir='ltr'>incepto,</span> <span class='ocrx_word' id='word_1_494' title='bbox 917 1031 969 1057; x_wconf 75' lang='lat' dir='ltr'>uid.</span> <span class='ocrx_word' id='word_1_495' title='bbox 996 1039 1017 1059; x_wconf 82' lang='grc' dir='ltr'><strong>Λ</strong></span> <span class='ocrx_word' id='word_1_496' title='bbox 1027 1039 1067 1059; x_wconf 83' lang='lat' dir='ltr'>BE</span> <span class='ocrx_word' id='word_1_497' title='bbox 1078 1038 1109 1059; x_wconf 92' lang='lat'>0.</span> <span class='ocrx_word' id='word_1_498' title='bbox 1214 1041 1255 1062; x_wconf 88' lang='lat' dir='ltr'>IN</span> <span class='ocrx_word' id='word_1_499' title='bbox 1264 1042 1281 1061; x_wconf 86' lang='lat' dir='ltr'>c</span> <span class='ocrx_word' id='word_1_500' title='bbox 1290 1043 1300 1061; x_wconf 86' lang='lat'>1</span> <span class='ocrx_word' id='word_1_501' title='bbox 1309 1041 1330 1061; x_wconf 80' lang='lat' dir='ltr'>&#39;r</span> <span class='ocrx_word' id='word_1_502' title='bbox 1342 1043 1364 1062; x_wconf 84' lang='lat' dir='ltr'>A</span> <span class='ocrx_word' id='word_1_503' title='bbox 1375 1043 1397 1061; x_wconf 87' lang='lat' dir='ltr'>M</span> <span class='ocrx_word' id='word_1_504' title='bbox 1407 1043 1423 1062; x_wconf 78' lang='lat' dir='ltr'>E</span> <span class='ocrx_word' id='word_1_505' title='bbox 1433 1044 1454 1063; x_wconf 85' lang='lat' dir='ltr'>N</span> <span class='ocrx_word' id='word_1_506' title='bbox 1463 1042 1484 1062; x_wconf 83' lang='lat' dir='ltr'>&#39;r</span> <span class='ocrx_word' id='word_1_507' title='bbox 1495 1044 1515 1063; x_wconf 90' lang='lat' dir='ltr'>v</span> <span class='ocrx_word' id='word_1_508' title='bbox 1524 1043 1564 1070; x_wconf 83' lang='lat' dir='ltr'>M,</span> <span class='ocrx_word' id='word_1_509' title='bbox 1585 1038 1603 1065; x_wconf 84' lang='lat' dir='ltr'>i.</span> <span class='ocrx_word' id='word_1_510' title='bbox 1624 1046 1650 1064; x_wconf 92' lang='lat' dir='ltr'>n.</span> <span class='ocrx_word' id='word_1_511' title='bbox 1686 1037 1909 1074; x_wconf 72' lang='grc' dir='ltr'>[παρορμητήριον]</span> <span class='ocrx_word' id='word_1_512' title='bbox 1946 1042 2019 1076; x_wconf 73' lang='lat' dir='ltr'>Qod</span> <span class='ocrx_word' id='word_1_513' title='bbox 2030 1050 2171 1076; x_wconf 80' lang='lat' dir='ltr'>commouet,</span> <span class='ocrx_word' id='word_1_514' title='bbox 2184 1048 2225 1071; x_wconf 82' lang='lat' dir='ltr'>in-</span> 
     </span>
     <span class='ocr_line' id='line_1_24' title="bbox 65 1062 2224 1110; baseline 0.007 -20"><span class='ocrx_word' id='word_1_515' title='bbox 65 1062 196 1090; x_wconf 83' lang='lat' dir='ltr'>Abfistere</span> <span class='ocrx_word' id='word_1_516' title='bbox 209 1062 316 1099; x_wconf 88' lang='lat' dir='ltr'>incepto</span> <span class='ocrx_word' id='word_1_517' title='bbox 329 1063 389 1090; x_wconf 88' lang='lat' dir='ltr'>Liu.</span> <span class='ocrx_word' id='word_1_518' title='bbox 400 1073 437 1096; x_wconf 82' lang='lat'>31,</span> <span class='ocrx_word' id='word_1_519' title='bbox 449 1066 492 1090; x_wconf 88' lang='lat'>26.</span> <span class='ocrx_word' id='word_1_520' title='bbox 563 1063 692 1091; x_wconf 81' lang='lat' dir='ltr'>Abfistere</span> <span class='ocrx_word' id='word_1_521' title='bbox 705 1065 815 1099; x_wconf 85' lang='lat' dir='ltr'>inceptis</span> <span class='ocrx_word' id='word_1_522' title='bbox 835 1065 881 1091; x_wconf 84' lang='lat' dir='ltr'>Sil.</span> <span class='ocrx_word' id='word_1_523' title='bbox 894 1074 926 1099; x_wconf 92' lang='lat'>11,</span> <span class='ocrx_word' id='word_1_524' title='bbox 940 1075 992 1100; x_wconf 80' lang='lat'>334.</span> <span class='ocrx_word' id='word_1_525' title='bbox 1059 1069 1111 1095; x_wconf 87' lang='lat' dir='ltr'>De·</span> <span class='ocrx_word' id='word_1_526' title='bbox 1174 1074 1238 1097; x_wconf 81' lang='lat' dir='ltr'>citat</span> <span class='ocrx_word' id='word_1_527' title='bbox 1257 1078 1281 1097; x_wconf 81' lang='lat' dir='ltr'>et</span> <span class='ocrx_word' id='word_1_528' title='bbox 1300 1072 1414 1098; x_wconf 83' lang='lat' dir='ltr'>accendit</span> <span class='ocrx_word' id='word_1_529' title='bbox 1434 1073 1468 1098; x_wconf 80' lang='lat' dir='ltr'>ad</span> <span class='ocrx_word' id='word_1_530' title='bbox 1479 1073 1578 1108; x_wconf 80' lang='lat' dir='ltr'>aliquid</span> <span class='ocrx_word' id='word_1_531' title='bbox 1590 1073 1745 1109; x_wconf 78' lang='lat' dir='ltr'>faciendum.</span> <span class='ocrx_word' id='word_1_532' title='bbox 1796 1075 1853 1101; x_wconf 82' lang='lat' dir='ltr'>Cic.</span> <span class='ocrx_word' id='word_1_533' title='bbox 1866 1084 1915 1109; x_wconf 87' lang='lat' dir='ltr'>pro</span> <span class='ocrx_word' id='word_1_534' title='bbox 1928 1077 2007 1103; x_wconf 81' lang='lat' dir='ltr'>Arch.</span> <span class='ocrx_word' id='word_1_535' title='bbox 2022 1087 2047 1110; x_wconf 76' lang='lat'>23</span> <span class='ocrx_word' id='word_1_536' title='bbox 2069 1087 2090 1105; x_wconf 89' lang='lat' dir='ltr'>c.</span> <span class='ocrx_word' id='word_1_537' title='bbox 2104 1088 2133 1105; x_wconf 90' lang='lat'>10</span> <span class='ocrx_word' id='word_1_538' title='bbox 2163 1081 2224 1107; x_wconf 83' lang='lat' dir='ltr'>Hoc</span> 
     </span>
     <span class='ocr_line' id='line_1_25' title="bbox 64 1097 2224 1143; baseline 0.008 -19"><span class='ocrx_word' id='word_1_539' title='bbox 64 1097 228 1132; x_wconf 78' lang='lat' dir='ltr'>prehendere</span> <span class='ocrx_word' id='word_1_540' title='bbox 249 1099 385 1134; x_wconf 87' lang='lat' dir='ltr'>inceptum</span> <span class='ocrx_word' id='word_1_541' title='bbox 411 1100 468 1127; x_wconf 87' lang='lat' dir='ltr'>Cic.</span> <span class='ocrx_word' id='word_1_542' title='bbox 483 1099 561 1126; x_wconf 85' lang='lat' dir='ltr'>Catil.</span> <span class='ocrx_word' id='word_1_543' title='bbox 574 1107 590 1126; x_wconf 87' lang='lat'>2</span> <span class='ocrx_word' id='word_1_544' title='bbox 609 1109 631 1126; x_wconf 83' lang='lat' dir='ltr'>c.</span> <span class='ocrx_word' id='word_1_545' title='bbox 646 1108 698 1126; x_wconf 82' lang='lat'>12.-</span> <span class='ocrx_word' id='word_1_546' title='bbox 754 1100 881 1128; x_wconf 84' lang='lat' dir='ltr'>Defistere</span> <span class='ocrx_word' id='word_1_547' title='bbox 899 1103 1004 1138; x_wconf 85' lang='lat' dir='ltr'>incepto</span> <span class='ocrx_word' id='word_1_548' title='bbox 1034 1105 1109 1139; x_wconf 73' lang='lat' dir='ltr'>Virg.</span> <span class='ocrx_word' id='word_1_549' title='bbox 1174 1107 1322 1133; x_wconf 84' lang='lat' dir='ltr'>maximum</span> <span class='ocrx_word' id='word_1_550' title='bbox 1344 1113 1370 1134; x_wconf 91' lang='lat' dir='ltr'>et</span> <span class='ocrx_word' id='word_1_551' title='bbox 1394 1108 1573 1142; x_wconf 83' lang='lat' dir='ltr'>periculorum</span> <span class='ocrx_word' id='word_1_552' title='bbox 1597 1109 1799 1136; x_wconf 82' lang='lat' dir='ltr'>incitamentum</span> <span class='ocrx_word' id='word_1_553' title='bbox 1823 1110 1859 1136; x_wconf 86' lang='lat' dir='ltr'>est</span> <span class='ocrx_word' id='word_1_554' title='bbox 1883 1116 1909 1136; x_wconf 86' lang='lat' dir='ltr'>et</span> <span class='ocrx_word' id='word_1_555' title='bbox 1927 1111 2057 1139; x_wconf 85' lang='lat' dir='ltr'>laborum.</span> <span class='ocrx_word' id='word_1_556' title='bbox 2127 1116 2224 1143; x_wconf 89' lang='lat' dir='ltr'>Incita-</span> 
     </span>
     <span class='ocr_line' id='line_1_26' title="bbox 64 1134 2223 1181; baseline 0.009 -22"><span class='ocrx_word' id='word_1_557' title='bbox 64 1135 130 1160; x_wconf 86' lang='lat' dir='ltr'>Aen.</span> <span class='ocrx_word' id='word_1_558' title='bbox 147 1142 166 1165; x_wconf 87' lang='lat'>1,</span> <span class='ocrx_word' id='word_1_559' title='bbox 180 1141 220 1168; x_wconf 87' lang='grc'>37.</span> <span class='ocrx_word' id='word_1_560' title='bbox 291 1135 418 1169; x_wconf 84' lang='lat' dir='ltr'>Peragere</span> <span class='ocrx_word' id='word_1_561' title='bbox 432 1135 567 1170; x_wconf 88' lang='lat' dir='ltr'>inceptum</span> <span class='ocrx_word' id='word_1_562' title='bbox 579 1134 652 1162; x_wconf 85' lang='lat' dir='ltr'>Idem</span> <span class='ocrx_word' id='word_1_563' title='bbox 665 1136 731 1161; x_wconf 82' lang='lat' dir='ltr'>Aen.</span> <span class='ocrx_word' id='word_1_564' title='bbox 743 1143 770 1168; x_wconf 84' lang='lat'>4,</span> <span class='ocrx_word' id='word_1_565' title='bbox 784 1144 844 1169; x_wconf 77' lang='lat'>432.</span> <span class='ocrx_word' id='word_1_566' title='bbox 914 1138 1067 1166; x_wconf 75' lang='lat' dir='ltr'>Permanere</span> <span class='ocrx_word' id='word_1_567' title='bbox 1082 1142 1111 1166; x_wconf 89' lang='lat' dir='ltr'>in</span> <span class='ocrx_word' id='word_1_568' title='bbox 1129 1141 1160 1168; x_wconf 80' lang='lat'>25</span> <span class='ocrx_word' id='word_1_569' title='bbox 1175 1148 1295 1169; x_wconf 87' lang='lat' dir='ltr'>mentum</span> <span class='ocrx_word' id='word_1_570' title='bbox 1316 1143 1346 1169; x_wconf 90' lang='lat' dir='ltr'>ad</span> <span class='ocrx_word' id='word_1_571' title='bbox 1361 1144 1522 1170; x_wconf 76' lang='lat' dir='ltr'>vincendum</span> <span class='ocrx_word' id='word_1_572' title='bbox 1541 1145 1601 1170; x_wconf 92' lang='lat' dir='ltr'>Liu.</span> <span class='ocrx_word' id='word_1_573' title='bbox 1615 1153 1653 1177; x_wconf 98' lang='lat'>21,</span> <span class='ocrx_word' id='word_1_574' title='bbox 1666 1154 1712 1179; x_wconf 91' lang='lat'>44.</span> <span class='ocrx_word' id='word_1_575' title='bbox 1748 1145 1822 1181; x_wconf 84' lang='lat' dir='ltr'>Conf.</span> <span class='ocrx_word' id='word_1_576' title='bbox 1836 1145 1872 1171; x_wconf 83' lang='lat' dir='ltr'>ibi</span> <span class='ocrx_word' id='word_1_577' title='bbox 1885 1147 1993 1173; x_wconf 76' lang='lat' dir='ltr'>Gronau.</span> <span class='ocrx_word' id='word_1_578' title='bbox 2049 1148 2141 1176; x_wconf 83' lang='lat' dir='ltr'>Tacit.</span> <span class='ocrx_word' id='word_1_579' title='bbox 2154 1152 2223 1178; x_wconf 88' lang='lat' dir='ltr'>Ann.</span> 
     </span>
     <span class='ocr_line' id='line_1_27' title="bbox 62 1169 2225 1220; baseline 0.007 -26"><span class='ocrx_word' id='word_1_580' title='bbox 62 1169 171 1204; x_wconf 85' lang='lat' dir='ltr'>incepto</span> <span class='ocrx_word' id='word_1_581' title='bbox 185 1170 262 1196; x_wconf 85' lang='lat' dir='ltr'>Luce.</span> <span class='ocrx_word' id='word_1_582' title='bbox 276 1170 308 1196; x_wconf 94' lang='lat' dir='ltr'>ad</span> <span class='ocrx_word' id='word_1_583' title='bbox 324 1170 381 1196; x_wconf 85' lang='lat' dir='ltr'>Cic.</span> <span class='ocrx_word' id='word_1_584' title='bbox 397 1171 468 1197; x_wconf 86' lang='lat' dir='ltr'>Fam.</span> <span class='ocrx_word' id='word_1_585' title='bbox 480 1179 504 1203; x_wconf 83' lang='lat'>5,</span> <span class='ocrx_word' id='word_1_586' title='bbox 518 1179 557 1203; x_wconf 84' lang='lat'>14,</span> <span class='ocrx_word' id='word_1_587' title='bbox 571 1177 596 1204; x_wconf 89' lang='lat'>7.</span> <span class='ocrx_word' id='word_1_588' title='bbox 667 1171 801 1198; x_wconf 81' lang='lat' dir='ltr'>Pertaesus</span> <span class='ocrx_word' id='word_1_589' title='bbox 812 1173 902 1207; x_wconf 81' lang='lat' dir='ltr'>magni</span> <span class='ocrx_word' id='word_1_590' title='bbox 922 1174 1019 1210; x_wconf 85' lang='lat' dir='ltr'>incepti</span> <span class='ocrx_word' id='word_1_591' title='bbox 1034 1177 1111 1210; x_wconf 87' lang='lat' dir='ltr'>Virg.</span> <span class='ocrx_word' id='word_1_592' title='bbox 1176 1180 1203 1210; x_wconf 88' lang='lat'>6,</span> <span class='ocrx_word' id='word_1_593' title='bbox 1218 1186 1248 1211; x_wconf 81' lang='lat'>29</span> <span class='ocrx_word' id='word_1_594' title='bbox 1260 1185 1323 1204; x_wconf 74' lang='lat' dir='ltr'>extr.</span> <span class='ocrx_word' id='word_1_595' title='bbox 1349 1180 1423 1206; x_wconf 82' lang='lat' dir='ltr'>onr</span> <span class='ocrx_word' id='word_1_596' title='bbox 1438 1180 1636 1207; x_wconf 81' lang='lat' dir='ltr'>incitamentum</span> <span class='ocrx_word' id='word_1_597' title='bbox 1649 1181 1744 1207; x_wconf 84' lang='lat' dir='ltr'>mortis</span> <span class='ocrx_word' id='word_1_598' title='bbox 1758 1188 1784 1207; x_wconf 87' lang='lat' dir='ltr'>et</span> <span class='ocrx_word' id='word_1_599' title='bbox 1803 1181 1931 1216; x_wconf 85' lang='lat' dir='ltr'>particeps</span> <span class='ocrx_word' id='word_1_600' title='bbox 1946 1183 2008 1209; x_wconf 85' lang='lat' dir='ltr'>fuit.</span> <span class='ocrx_word' id='word_1_601' title='bbox 2062 1184 2135 1220; x_wconf 74' lang='lat' dir='ltr'>Conf.</span> <span class='ocrx_word' id='word_1_602' title='bbox 2150 1187 2225 1214; x_wconf 78' lang='lat' dir='ltr'>Idem</span> 
     </span>
     <span class='ocr_line' id='line_1_28' title="bbox 61 1205 2225 1251; baseline 0.008 -22"><span class='ocrx_word' id='word_1_603' title='bbox 61 1205 130 1233; x_wconf 82' lang='lat' dir='ltr'>Aen.</span> <span class='ocrx_word' id='word_1_604' title='bbox 147 1213 171 1237; x_wconf 75' lang='grc' dir='ltr'>ς,</span> <span class='ocrx_word' id='word_1_605' title='bbox 185 1212 242 1240; x_wconf 81' lang='lat'>471·</span> <span class='ocrx_word' id='word_1_606' title='bbox 313 1206 453 1232; x_wconf 86' lang='lat' dir='ltr'>Praeuenit</span> <span class='ocrx_word' id='word_1_607' title='bbox 466 1206 600 1241; x_wconf 86' lang='lat' dir='ltr'>inceptum</span> <span class='ocrx_word' id='word_1_608' title='bbox 613 1214 707 1233; x_wconf 81' lang='lat' dir='ltr'>corum</span> <span class='ocrx_word' id='word_1_609' title='bbox 721 1207 862 1234; x_wconf 86' lang='lat' dir='ltr'>Marcellus</span> <span class='ocrx_word' id='word_1_610' title='bbox 881 1209 941 1236; x_wconf 90' lang='lat' dir='ltr'>Liu.</span> <span class='ocrx_word' id='word_1_611' title='bbox 954 1219 996 1243; x_wconf 87' lang='lat'>24,</span> <span class='ocrx_word' id='word_1_612' title='bbox 1009 1219 1033 1243; x_wconf 84' lang='lat'>13</span> <span class='ocrx_word' id='word_1_613' title='bbox 1046 1218 1112 1238; x_wconf 78' lang='lat' dir='ltr'>extr.</span> <span class='ocrx_word' id='word_1_614' title='bbox 1177 1214 1267 1240; x_wconf 86' lang='lat' dir='ltr'>Germ.</span> <span class='ocrx_word' id='word_1_615' title='bbox 1281 1222 1308 1247; x_wconf 85' lang='lat'>7,</span> <span class='ocrx_word' id='word_1_616' title='bbox 1322 1223 1343 1246; x_wconf 87' lang='grc'>3.</span> <span class='ocrx_word' id='word_1_617' title='bbox 1399 1215 1464 1241; x_wconf 83' lang='lat' dir='ltr'>Plin.</span> <span class='ocrx_word' id='word_1_618' title='bbox 1479 1216 1571 1250; x_wconf 84' lang='lat' dir='ltr'>Paneg.</span> <span class='ocrx_word' id='word_1_619' title='bbox 1584 1225 1606 1241; x_wconf 88' lang='lat' dir='ltr'>c.</span> <span class='ocrx_word' id='word_1_620' title='bbox 1621 1223 1652 1250; x_wconf 84' lang='lat'>27</span> <span class='ocrx_word' id='word_1_621' title='bbox 1682 1217 1809 1251; x_wconf 86' lang='lat' dir='ltr'>Magnum</span> <span class='ocrx_word' id='word_1_622' title='bbox 1821 1216 1857 1243; x_wconf 90' lang='lat' dir='ltr'>est</span> <span class='ocrx_word' id='word_1_623' title='bbox 1876 1216 2005 1245; x_wconf 86' lang='lat' dir='ltr'>educandi</span> <span class='ocrx_word' id='word_1_624' title='bbox 2023 1219 2225 1250; x_wconf 85' lang='lat' dir='ltr'>incitamentum</span> 
     </span>
     <span class='ocr_line' id='line_1_29' title="bbox 64 1242 1724 1285; baseline 0.007 -20"><span class='ocrx_word' id='word_1_625' title='bbox 64 1245 68 1250; x_wconf 85' lang='grc'><em>“</em></span> <span class='ocrx_word' id='word_1_626' title='bbox 99 1247 140 1266; x_wconf 87' lang='grc' dir='ltr'>ΙΝ</span> <span class='ocrx_word' id='word_1_627' title='bbox 152 1245 170 1266; x_wconf 86' lang='lat' dir='ltr'>C</span> <span class='ocrx_word' id='word_1_628' title='bbox 180 1247 219 1267; x_wconf 82' lang='grc' dir='ltr'>ΕΡ</span> <span class='ocrx_word' id='word_1_629' title='bbox 229 1247 321 1272; x_wconf 86' lang='lat' dir='ltr'>TOR‚</span> <span class='ocrx_word' id='word_1_630' title='bbox 341 1242 406 1269; x_wconf 76' lang='lat' dir='ltr'>oris.</span> <span class='ocrx_word' id='word_1_631' title='bbox 430 1251 465 1268; x_wconf 90' lang='lat' dir='ltr'>m.</span> <span class='ocrx_word' id='word_1_632' title='bbox 506 1242 558 1276; x_wconf 69' lang='lat' dir='ltr'>Qu·</span> <span class='ocrx_word' id='word_1_633' title='bbox 572 1244 676 1276; x_wconf 77' lang='lat' dir='ltr'>incipit.</span> <span class='ocrx_word' id='word_1_634' title='bbox 711 1242 779 1269; x_wconf 90' lang='lat' dir='ltr'>Ter.</span> <span class='ocrx_word' id='word_1_635' title='bbox 793 1244 860 1270; x_wconf 88' lang='lat' dir='ltr'>Eun.</span> <span class='ocrx_word' id='word_1_636' title='bbox 881 1252 904 1277; x_wconf 83' lang='grc' dir='ltr'>ς,</span> <span class='ocrx_word' id='word_1_637' title='bbox 921 1254 947 1277; x_wconf 87' lang='lat'>9,</span> <span class='ocrx_word' id='word_1_638' title='bbox 966 1255 984 1279; x_wconf 79' lang='lat'>4</span> <span class='ocrx_word' id='word_1_639' title='bbox 1013 1248 1038 1273; x_wconf 91' lang='lat' dir='ltr'>O</span> <span class='ocrx_word' id='word_1_640' title='bbox 1052 1248 1112 1273; x_wconf 87' lang='lat' dir='ltr'>Par·</span> <span class='ocrx_word' id='word_1_641' title='bbox 1177 1249 1271 1276; x_wconf 87' lang='lat' dir='ltr'>tollere</span> <span class='ocrx_word' id='word_1_642' title='bbox 1285 1250 1386 1276; x_wconf 86' lang='lat' dir='ltr'>liberos</span> <span class='ocrx_word' id='word_1_643' title='bbox 1402 1251 1431 1276; x_wconf 89' lang='lat' dir='ltr'>in</span> <span class='ocrx_word' id='word_1_644' title='bbox 1443 1252 1513 1285; x_wconf 89' lang='lat' dir='ltr'>spem</span> <span class='ocrx_word' id='word_1_645' title='bbox 1527 1253 1724 1278; x_wconf 85' lang='lat' dir='ltr'>alimentorum.</span> 
     </span>
     <span class='ocr_line' id='line_1_30' title="bbox 16 1272 2226 1324; baseline 0.008 -23"><span class='ocrx_word' id='word_1_646' title='bbox 16 1287 17 1293; x_wconf 64' lang='lat'>.</span> <span class='ocrx_word' id='word_1_647' title='bbox 63 1272 145 1302; x_wconf 79' lang='lat' dir='ltr'>ineno</span> <span class='ocrx_word' id='word_1_648' title='bbox 156 1276 210 1310; x_wconf 89' lang='lat' dir='ltr'>mi,</span> <span class='ocrx_word' id='word_1_649' title='bbox 230 1275 247 1303; x_wconf 79' lang='grc' dir='ltr'>ὃ</span> <span class='ocrx_word' id='word_1_650' title='bbox 260 1285 380 1303; x_wconf 84' lang='lat' dir='ltr'>mearum</span> <span class='ocrx_word' id='word_1_651' title='bbox 399 1276 565 1312; x_wconf 87' lang='lat' dir='ltr'>voluptatum</span> <span class='ocrx_word' id='word_1_652' title='bbox 585 1277 708 1303; x_wconf 88' lang='lat' dir='ltr'>omnium</span> <span class='ocrx_word' id='word_1_653' title='bbox 722 1278 864 1311; x_wconf 90' lang='lat' dir='ltr'>inuentor,</span> <span class='ocrx_word' id='word_1_654' title='bbox 880 1280 1016 1316; x_wconf 84' lang='lat' dir='ltr'>inceptor,</span> <span class='ocrx_word' id='word_1_655' title='bbox 1026 1283 1114 1317; x_wconf 85' lang='lat' dir='ltr'>perfe-</span> <span class='ocrx_word' id='word_1_656' title='bbox 1216 1291 1256 1311; x_wconf 85' lang='lat' dir='ltr'>1N</span> <span class='ocrx_word' id='word_1_657' title='bbox 1267 1291 1284 1311; x_wconf 87' lang='lat' dir='ltr'>c</span> <span class='ocrx_word' id='word_1_658' title='bbox 1293 1292 1303 1310; x_wconf 93' lang='lat'>1</span> <span class='ocrx_word' id='word_1_659' title='bbox 1312 1292 1333 1311; x_wconf 88' lang='lat' dir='ltr'>T</span> <span class='ocrx_word' id='word_1_660' title='bbox 1344 1292 1364 1311; x_wconf 81' lang='grc' dir='ltr'>Α</span> <span class='ocrx_word' id='word_1_661' title='bbox 1377 1292 1392 1312; x_wconf 87' lang='grc' dir='ltr'>Β</span> <span class='ocrx_word' id='word_1_662' title='bbox 1403 1284 1413 1311; x_wconf 82' lang='lat' dir='ltr'>i</span> <span class='ocrx_word' id='word_1_663' title='bbox 1423 1292 1439 1311; x_wconf 80' lang='lat'>1.</span> <span class='ocrx_word' id='word_1_664' title='bbox 1448 1293 1457 1311; x_wconf 93' lang='lat'>1</span> <span class='ocrx_word' id='word_1_665' title='bbox 1470 1294 1482 1313; x_wconf 91' lang='lat' dir='ltr'>s</span> <span class='ocrx_word' id='word_1_666' title='bbox 1491 1306 1500 1318; x_wconf 88' lang='lat'>,</span> <span class='ocrx_word' id='word_1_667' title='bbox 1513 1295 1536 1313; x_wconf 91' lang='lat' dir='ltr'>e.</span> <span class='ocrx_word' id='word_1_668' title='bbox 1561 1287 1620 1313; x_wconf 85' lang='lat' dir='ltr'>Adi.</span> <span class='ocrx_word' id='word_1_669' title='bbox 1642 1287 1721 1313; x_wconf 79' lang='lat' dir='ltr'>Glols.</span> <span class='ocrx_word' id='word_1_670' title='bbox 1736 1288 1782 1314; x_wconf 88' lang='lat' dir='ltr'>Gr.</span> <span class='ocrx_word' id='word_1_671' title='bbox 1799 1288 1857 1314; x_wconf 84' lang='lat' dir='ltr'>Lat.</span> <span class='ocrx_word' id='word_1_672' title='bbox 1875 1288 2050 1324; x_wconf 69' lang='grc' dir='ltr'>παροξυντικός,</span> <span class='ocrx_word' id='word_1_673' title='bbox 2069 1291 2226 1320; x_wconf 84' lang='lat' dir='ltr'>Incitabilis.</span> 
     </span>
     <span class='ocr_line' id='line_1_31' title="bbox 61 1310 2227 1359; baseline 0.007 -22"><span class='ocrx_word' id='word_1_674' title='bbox 61 1310 132 1342; x_wconf 55' lang='lat' dir='ltr'>dior.</span> <span class='ocrx_word' id='word_1_675' title='bbox 158 1312 215 1338; x_wconf 82' lang='lat' dir='ltr'>Vid.</span> <span class='ocrx_word' id='word_1_676' title='bbox 230 1313 326 1339; x_wconf 82' lang='lat' dir='ltr'>Donat.</span> <span class='ocrx_word' id='word_1_677' title='bbox 347 1312 480 1338; x_wconf 88' lang='lat' dir='ltr'>Carminis</span> <span class='ocrx_word' id='word_1_678' title='bbox 494 1312 616 1346; x_wconf 87' lang='lat' dir='ltr'>inceptor</span> <span class='ocrx_word' id='word_1_679' title='bbox 627 1313 724 1339; x_wconf 86' lang='lat' dir='ltr'>Anien.</span> <span class='ocrx_word' id='word_1_680' title='bbox 739 1315 817 1355; x_wconf 39' lang='lat' dir='ltr'>Atat..</span> <span class='ocrx_word' id='word_1_681' title='bbox 821 1322 865 1351; x_wconf 84' lang='lat' dir='ltr'>pr.</span> <span class='ocrx_word' id='word_1_682' title='bbox 1128 1327 1161 1351; x_wconf 84' lang='grc' dir='ltr'>3ο</span> <span class='ocrx_word' id='word_1_683' title='bbox 1182 1326 1189 1330; x_wconf 87' lang='grc'><em>·</em></span> <span class='ocrx_word' id='word_1_684' title='bbox 1213 1327 1223 1346; x_wconf 96' lang='lat'>1</span> <span class='ocrx_word' id='word_1_685' title='bbox 1235 1327 1257 1347; x_wconf 85' lang='lat' dir='ltr'>N</span> <span class='ocrx_word' id='word_1_686' title='bbox 1269 1327 1303 1347; x_wconf 84' lang='lat' dir='ltr'>el</span> <span class='ocrx_word' id='word_1_687' title='bbox 1314 1328 1390 1348; x_wconf 80' lang='lat' dir='ltr'>TAB</span> <span class='ocrx_word' id='word_1_688' title='bbox 1400 1320 1445 1347; x_wconf 60' lang='lat'>1⁷1.</span> <span class='ocrx_word' id='word_1_689' title='bbox 1456 1328 1476 1346; x_wconf 94' lang='lat' dir='ltr'>v</span> <span class='ocrx_word' id='word_1_690' title='bbox 1486 1328 1526 1354; x_wconf 87' lang='lat' dir='ltr'>M,</span> <span class='ocrx_word' id='word_1_691' title='bbox 1552 1322 1571 1349; x_wconf 91' lang='lat' dir='ltr'>i.</span> <span class='ocrx_word' id='word_1_692' title='bbox 1598 1331 1624 1348; x_wconf 90' lang='lat' dir='ltr'>n.</span> <span class='ocrx_word' id='word_1_693' title='bbox 1662 1322 1840 1359; x_wconf 59' lang='grc' dir='ltr'>[ὁρμητήριον]</span> <span class='ocrx_word' id='word_1_694' title='bbox 1874 1324 1950 1350; x_wconf 79' lang='lat' dir='ltr'>Idem.</span> <span class='ocrx_word' id='word_1_695' title='bbox 1991 1325 2059 1352; x_wconf 86' lang='lat' dir='ltr'>Gell.</span> <span class='ocrx_word' id='word_1_696' title='bbox 2079 1335 2114 1359; x_wconf 75' lang='grc' dir='ltr'>ις,</span> <span class='ocrx_word' id='word_1_697' title='bbox 2128 1336 2144 1354; x_wconf 90' lang='lat'>2</span> <span class='ocrx_word' id='word_1_698' title='bbox 2176 1329 2227 1355; x_wconf 77' lang='lat' dir='ltr'>Fo-</span> 
     </span>
    </p>
   </div>
   <div class='ocr_carea' id='block_1_4' title="bbox 18 1348 2225 1427">
    <p class='ocr_par' dir='ltr' id='par_1_8' title="bbox 18 1348 2225 1427">
     <span class='ocr_line' id='line_1_32' title="bbox 18 1348 2225 1399; baseline 0.009 -27"><span class='ocrx_word' id='word_1_699' title='bbox 18 1374 21 1377; x_wconf 66' lang='grc'>,</span> <span class='ocrx_word' id='word_1_700' title='bbox 67 1373 69 1376; x_wconf 28' lang='lat'><strong>⁴</strong></span> <span class='ocrx_word' id='word_1_701' title='bbox 99 1353 320 1381; x_wconf 75' lang='lat' dir='ltr'>LNCEPT10,</span> <span class='ocrx_word' id='word_1_702' title='bbox 344 1348 412 1373; x_wconf 77' lang='lat' dir='ltr'>onis.</span> <span class='ocrx_word' id='word_1_703' title='bbox 448 1348 467 1373; x_wconf 90' lang='lat' dir='ltr'>f.</span> <span class='ocrx_word' id='word_1_704' title='bbox 502 1348 619 1374; x_wconf 89' lang='lat' dir='ltr'>Conatus</span> <span class='ocrx_word' id='word_1_705' title='bbox 643 1348 746 1384; x_wconf 88' lang='lat' dir='ltr'>aliquid</span> <span class='ocrx_word' id='word_1_706' title='bbox 767 1350 892 1377; x_wconf 83' lang='lat' dir='ltr'>faciendi.</span> <span class='ocrx_word' id='word_1_707' title='bbox 934 1352 1002 1379; x_wconf 87' lang='lat' dir='ltr'>Ter.</span> <span class='ocrx_word' id='word_1_708' title='bbox 1028 1353 1112 1380; x_wconf 85' lang='lat' dir='ltr'>Andr.</span> <span class='ocrx_word' id='word_1_709' title='bbox 1177 1355 1271 1382; x_wconf 84' lang='lat' dir='ltr'>mitem</span> <span class='ocrx_word' id='word_1_710' title='bbox 1295 1356 1345 1382; x_wconf 80' lang='lat' dir='ltr'>else</span> <span class='ocrx_word' id='word_1_711' title='bbox 1371 1356 1504 1392; x_wconf 87' lang='lat' dir='ltr'>quendam</span> <span class='ocrx_word' id='word_1_712' title='bbox 1530 1356 1637 1391; x_wconf 82' lang='lat' dir='ltr'>dicens,</span> <span class='ocrx_word' id='word_1_713' title='bbox 1662 1365 1688 1385; x_wconf 90' lang='lat' dir='ltr'>et</span> <span class='ocrx_word' id='word_1_714' title='bbox 1719 1359 1895 1386; x_wconf 87' lang='lat' dir='ltr'>incitabulum</span> <span class='ocrx_word' id='word_1_715' title='bbox 1919 1360 2023 1394; x_wconf 78' lang='lat' dir='ltr'>ingenii</span> <span class='ocrx_word' id='word_1_716' title='bbox 2052 1362 2225 1399; x_wconf 86' lang='lat' dir='ltr'>virtutisque.</span> 
     </span>
     <span class='ocr_line' id='line_1_33' title="bbox 27 1382 1342 1427; baseline 0.008 -20"><span class='ocrx_word' id='word_1_717' title='bbox 27 1387 35 1402; x_wconf 90' lang='lat'>··</span> <span class='ocrx_word' id='word_1_718' title='bbox 60 1390 82 1414; x_wconf 87' lang='lat'>1,</span> <span class='ocrx_word' id='word_1_719' title='bbox 95 1390 118 1414; x_wconf 82' lang='grc'>3,</span> <span class='ocrx_word' id='word_1_720' title='bbox 132 1391 163 1416; x_wconf 84' lang='lat'>14</span> <span class='ocrx_word' id='word_1_721' title='bbox 187 1383 259 1409; x_wconf 88' lang='lat' dir='ltr'>Nam</span> <span class='ocrx_word' id='word_1_722' title='bbox 278 1383 396 1417; x_wconf 85' lang='lat' dir='ltr'>inceptio</span> <span class='ocrx_word' id='word_1_723' title='bbox 417 1382 453 1408; x_wconf 82' lang='lat' dir='ltr'>est</span> <span class='ocrx_word' id='word_1_724' title='bbox 465 1383 627 1415; x_wconf 87' lang='lat' dir='ltr'>amentium,</span> <span class='ocrx_word' id='word_1_725' title='bbox 641 1393 695 1410; x_wconf 91' lang='lat' dir='ltr'>non</span> <span class='ocrx_word' id='word_1_726' title='bbox 708 1387 862 1414; x_wconf 84' lang='lat' dir='ltr'>amantium.</span> <span class='ocrx_word' id='word_1_727' title='bbox 913 1389 968 1414; x_wconf 89' lang='lat' dir='ltr'>Cic.</span> <span class='ocrx_word' id='word_1_728' title='bbox 981 1388 1062 1415; x_wconf 86' lang='lat' dir='ltr'>Acad.</span> <span class='ocrx_word' id='word_1_729' title='bbox 1083 1398 1112 1422; x_wconf 88' lang='lat'>4,</span> <span class='ocrx_word' id='word_1_730' title='bbox 1175 1394 1325 1427; x_wconf 72' lang='lat' dir='ltr'>Antiquam.</span> <span class='ocrx_word' id='word_1_731' title='bbox 1339 1414 1342 1415; x_wconf 55' lang='lat'>.</span> 
     </span>
    </p>
   </div>
   <div class='ocr_carea' id='block_1_5' title="bbox 0 113 46 3815">
    <p class='ocr_par' dir='ltr' id='par_1_9' title="bbox 0 113 46 3815">
     <span class='ocr_line' id='line_1_34' title="bbox 0 113 46 1865; baseline 0 -77"><span class='ocrx_word' id='word_1_732' title='bbox 0 113 46 1865; x_wconf 95' lang='lat' dir='ltr'>  </span> 
     </span>
     <span class='ocr_line' id='line_1_35' title="bbox 0 1865 46 2354; baseline 0 0"><span class='ocrx_word' id='word_1_733' title='bbox 0 1865 46 2354; x_wconf 95' lang='lat' dir='ltr'>    </span> 
     </span>
     <span class='ocr_line' id='line_1_36' title="bbox 0 2354 46 2531; baseline 0 -42"><span class='ocrx_word' id='word_1_734' title='bbox 0 2354 46 2531; x_wconf 95' lang='lat' dir='ltr'>     </span> 
     </span>
     <span class='ocr_line' id='line_1_37' title="bbox 0 2531 46 3815; baseline 0 -72"><span class='ocrx_word' id='word_1_735' title='bbox 0 2531 46 3815; x_wconf 95' lang='lat' dir='ltr'>      </span> 
     </span>
    </p>
   </div>
   <div class='ocr_carea' id='block_1_6' title="bbox 13 1418 2232 1992">
    <p class='ocr_par' dir='ltr' id='par_1_10' title="bbox 37 1418 2228 1537">
     <span class='ocr_line' id='line_1_38' title="bbox 37 1418 2227 1469; baseline 0.009 -26"><span class='ocrx_word' id='word_1_736' title='bbox 37 1441 39 1444; x_wconf 48' lang='lat'>.</span> <span class='ocrx_word' id='word_1_737' title='bbox 59 1425 102 1450; x_wconf 84' lang='lat'>119</span> <span class='ocrx_word' id='word_1_738' title='bbox 115 1427 137 1444; x_wconf 90' lang='lat' dir='ltr'>c.</span> <span class='ocrx_word' id='word_1_739' title='bbox 150 1423 178 1450; x_wconf 80' lang='lat'>38</span> <span class='ocrx_word' id='word_1_740' title='bbox 200 1419 272 1444; x_wconf 89' lang='lat' dir='ltr'>Tam</span> <span class='ocrx_word' id='word_1_741' title='bbox 286 1418 416 1453; x_wconf 83' lang='lat' dir='ltr'>praeclari</span> <span class='ocrx_word' id='word_1_742' title='bbox 428 1418 519 1454; x_wconf 86' lang='lat' dir='ltr'>operis</span> <span class='ocrx_word' id='word_1_743' title='bbox 534 1419 662 1454; x_wconf 83' lang='lat' dir='ltr'>inceptio.</span> <span class='ocrx_word' id='word_1_744' title='bbox 698 1421 772 1457; x_wconf 83' lang='lat' dir='ltr'>Conf.</span> <span class='ocrx_word' id='word_1_745' title='bbox 786 1422 865 1457; x_wconf 87' lang='lat' dir='ltr'>Apul.</span> <span class='ocrx_word' id='word_1_746' title='bbox 879 1423 956 1459; x_wconf 87' lang='lat' dir='ltr'>Apol.</span> <span class='ocrx_word' id='word_1_747' title='bbox 970 1432 1057 1460; x_wconf 83' lang='lat' dir='ltr'>p.317.</span> <span class='ocrx_word' id='word_1_748' title='bbox 1216 1434 1225 1452; x_wconf 91' lang='lat'>1</span> <span class='ocrx_word' id='word_1_749' title='bbox 1235 1433 1281 1454; x_wconf 88' lang='lat' dir='ltr'>Nc</span> <span class='ocrx_word' id='word_1_750' title='bbox 1292 1435 1302 1453; x_wconf 88' lang='lat'>1</span> <span class='ocrx_word' id='word_1_751' title='bbox 1312 1433 1333 1452; x_wconf 81' lang='lat' dir='ltr'>&#39;r</span> <span class='ocrx_word' id='word_1_752' title='bbox 1343 1434 1397 1460; x_wconf 84' lang='lat' dir='ltr'>vs,</span> <span class='ocrx_word' id='word_1_753' title='bbox 1417 1426 1456 1455; x_wconf 72' lang='lat' dir='ltr'>us.</span> <span class='ocrx_word' id='word_1_754' title='bbox 1494 1437 1529 1455; x_wconf 89' lang='lat' dir='ltr'>m.</span> <span class='ocrx_word' id='word_1_755' title='bbox 1567 1428 1754 1464; x_wconf 69' lang='grc' dir='ltr'>[παρόρμησις]</span> <span class='ocrx_word' id='word_1_756' title='bbox 1791 1430 1841 1457; x_wconf 87' lang='lat' dir='ltr'>Pro</span> <span class='ocrx_word' id='word_1_757' title='bbox 1858 1432 2017 1458; x_wconf 81' lang='lat' dir='ltr'>Incitatione.</span> <span class='ocrx_word' id='word_1_758' title='bbox 2050 1432 2116 1460; x_wconf 89' lang='lat' dir='ltr'>Plin.</span> <span class='ocrx_word' id='word_1_759' title='bbox 2141 1443 2170 1467; x_wconf 86' lang='lat'>2,</span> <span class='ocrx_word' id='word_1_760' title='bbox 2191 1442 2227 1469; x_wconf 77' lang='lat'>45</span> 
     </span>
     <span class='ocr_line' id='line_1_39' title="bbox 96 1455 2228 1500; baseline 0.008 -21"><span class='ocrx_word' id='word_1_761' title='bbox 96 1460 137 1484; x_wconf 27' lang='lat' dir='ltr'>IAN</span> <span class='ocrx_word' id='word_1_762' title='bbox 151 1459 168 1480; x_wconf 85' lang='lat' dir='ltr'>C</span> <span class='ocrx_word' id='word_1_763' title='bbox 178 1460 219 1480; x_wconf 83' lang='grc' dir='ltr'>ΕΡ</span> <span class='ocrx_word' id='word_1_764' title='bbox 231 1459 253 1480; x_wconf 84' lang='grc' dir='ltr'>Τ</span> <span class='ocrx_word' id='word_1_765' title='bbox 265 1460 273 1479; x_wconf 89' lang='lat'>1</span> <span class='ocrx_word' id='word_1_766' title='bbox 283 1459 371 1486; x_wconf 87' lang='lat' dir='ltr'>vvs,</span> <span class='ocrx_word' id='word_1_767' title='bbox 390 1462 422 1488; x_wconf 89' lang='lat' dir='ltr'>a,</span> <span class='ocrx_word' id='word_1_768' title='bbox 441 1463 496 1481; x_wconf 86' lang='lat' dir='ltr'>um.</span> <span class='ocrx_word' id='word_1_769' title='bbox 533 1455 657 1482; x_wconf 74' lang='lat' dir='ltr'>[uitiatis.</span> <span class='ocrx_word' id='word_1_770' title='bbox 694 1456 819 1484; x_wconf 73' lang='lat' dir='ltr'>Diomed.</span> <span class='ocrx_word' id='word_1_771' title='bbox 838 1459 956 1486; x_wconf 89' lang='lat' dir='ltr'>Gramm.</span> <span class='ocrx_word' id='word_1_772' title='bbox 977 1460 1114 1495; x_wconf 84' lang='lat' dir='ltr'>Inceptiua</span> <span class='ocrx_word' id='word_1_773' title='bbox 1177 1463 1233 1496; x_wconf 74' lang='lat' dir='ltr'>Qii</span> <span class='ocrx_word' id='word_1_774' title='bbox 1247 1462 1300 1488; x_wconf 83' lang='lat' dir='ltr'>siue</span> <span class='ocrx_word' id='word_1_775' title='bbox 1315 1463 1411 1489; x_wconf 84' lang='lat' dir='ltr'>alliduo</span> <span class='ocrx_word' id='word_1_776' title='bbox 1424 1464 1517 1490; x_wconf 81' lang='lat' dir='ltr'>mundi</span> <span class='ocrx_word' id='word_1_777' title='bbox 1531 1465 1631 1497; x_wconf 84' lang='lat' dir='ltr'>incitu,</span> <span class='ocrx_word' id='word_1_778' title='bbox 1652 1471 1677 1491; x_wconf 95' lang='lat' dir='ltr'>et</span> <span class='ocrx_word' id='word_1_779' title='bbox 1697 1466 1834 1492; x_wconf 81' lang='lat' dir='ltr'>contrario</span> <span class='ocrx_word' id='word_1_780' title='bbox 1852 1465 1965 1493; x_wconf 77' lang='lat' dir='ltr'>siderum</span> <span class='ocrx_word' id='word_1_781' title='bbox 1980 1469 2105 1500; x_wconf 85' lang='lat' dir='ltr'>occursu,</span> <span class='ocrx_word' id='word_1_782' title='bbox 2121 1471 2228 1497; x_wconf 82' lang='lat' dir='ltr'>nascun-</span> 
     </span>
     <span class='ocr_line' id='line_1_40' title="bbox 56 1487 2228 1537; baseline 0.009 -23"><span class='ocrx_word' id='word_1_783' title='bbox 56 1487 145 1515; x_wconf 85' lang='lat' dir='ltr'>litera.</span> <span class='ocrx_word' id='word_1_784' title='bbox 238 1490 247 1511; x_wconf 81' lang='lat' dir='ltr'>l</span> <span class='ocrx_word' id='word_1_785' title='bbox 778 1526 784 1531; x_wconf 45' lang='grc'><em>·</em></span> <span class='ocrx_word' id='word_1_786' title='bbox 1132 1504 1160 1531; x_wconf 75' lang='lat'>35</span> <span class='ocrx_word' id='word_1_787' title='bbox 1178 1504 1240 1531; x_wconf 90' lang='lat' dir='ltr'>tur,</span> <span class='ocrx_word' id='word_1_788' title='bbox 1260 1498 1313 1524; x_wconf 83' lang='lat' dir='ltr'>liue</span> <span class='ocrx_word' id='word_1_789' title='bbox 1326 1498 1369 1524; x_wconf 89' lang='lat' dir='ltr'>hic</span> <span class='ocrx_word' id='word_1_790' title='bbox 1381 1498 1416 1524; x_wconf 89' lang='lat' dir='ltr'>est</span> <span class='ocrx_word' id='word_1_791' title='bbox 1432 1500 1478 1526; x_wconf 88' lang='lat' dir='ltr'>ille</span> <span class='ocrx_word' id='word_1_792' title='bbox 1496 1500 1656 1534; x_wconf 80' lang='lat' dir='ltr'>generabilis</span> <span class='ocrx_word' id='word_1_793' title='bbox 1670 1510 1760 1528; x_wconf 88' lang='lat' dir='ltr'>rerum</span> <span class='ocrx_word' id='word_1_794' title='bbox 1774 1507 1883 1528; x_wconf 88' lang='lat' dir='ltr'>naturae</span> <span class='ocrx_word' id='word_1_795' title='bbox 1895 1503 2011 1537; x_wconf 89' lang='lat' dir='ltr'>spiritus,</span> <span class='ocrx_word' id='word_1_796' title='bbox 2024 1512 2069 1531; x_wconf 79' lang='lat' dir='ltr'>etc.</span> <span class='ocrx_word' id='word_1_797' title='bbox 2096 1507 2140 1532; x_wconf 87' lang='lat' dir='ltr'>Al.</span> <span class='ocrx_word' id='word_1_798' title='bbox 2158 1507 2228 1534; x_wconf 84' lang='lat' dir='ltr'>Inci-</span> 
     </span>
    </p>

    <p class='ocr_par' dir='ltr' id='par_1_11' title="bbox 13 1524 2232 1992">
     <span class='ocr_line' id='line_1_41' title="bbox 24 1524 1508 1562; baseline 0.007 -12"><span class='ocrx_word' id='word_1_799' title='bbox 24 1545 35 1557; x_wconf 82' lang='lat'>-..</span> <span class='ocrx_word' id='word_1_800' title='bbox 94 1531 137 1550; x_wconf 85' lang='lat' dir='ltr'>IN</span> <span class='ocrx_word' id='word_1_801' title='bbox 147 1530 164 1551; x_wconf 90' lang='lat' dir='ltr'>c</span> <span class='ocrx_word' id='word_1_802' title='bbox 177 1531 278 1552; x_wconf 77' lang='lat' dir='ltr'>EPTV</span> <span class='ocrx_word' id='word_1_803' title='bbox 288 1530 318 1557; x_wconf 84' lang='lat' dir='ltr'>s,</span> <span class='ocrx_word' id='word_1_804' title='bbox 344 1524 383 1551; x_wconf 72' lang='lat' dir='ltr'>su.</span> <span class='ocrx_word' id='word_1_805' title='bbox 409 1533 446 1551; x_wconf 88' lang='lat' dir='ltr'>m.</span> <span class='ocrx_word' id='word_1_806' title='bbox 482 1525 553 1561; x_wconf 86' lang='lat' dir='ltr'>Nep.</span> <span class='ocrx_word' id='word_1_807' title='bbox 562 1533 599 1556; x_wconf 75' lang='lat'>¹11,</span> <span class='ocrx_word' id='word_1_808' title='bbox 613 1533 635 1556; x_wconf 86' lang='lat'>2,</span> <span class='ocrx_word' id='word_1_809' title='bbox 647 1532 661 1558; x_wconf 81' lang='grc' dir='ltr'><em>ς</em></span> <span class='ocrx_word' id='word_1_810' title='bbox 676 1541 679 1542; x_wconf 35' lang='lat'><em>⁷</em></span> <span class='ocrx_word' id='word_1_811' title='bbox 693 1526 891 1562; x_wconf 77' lang='lat' dir='ltr'>Epaminondae</span> <span class='ocrx_word' id='word_1_812' title='bbox 908 1530 1056 1557; x_wconf 85' lang='lat' dir='ltr'>retardauit</span> <span class='ocrx_word' id='word_1_813' title='bbox 1073 1531 1113 1557; x_wconf 91' lang='lat' dir='ltr'>in·</span> <span class='ocrx_word' id='word_1_814' title='bbox 1178 1539 1256 1561; x_wconf 82' lang='lat' dir='ltr'>tatus.</span> <span class='ocrx_word' id='word_1_815' title='bbox 1299 1533 1359 1560; x_wconf 85' lang='lat' dir='ltr'>Vid.</span> <span class='ocrx_word' id='word_1_816' title='bbox 1380 1535 1508 1561; x_wconf 76' lang='lat' dir='ltr'>Harduin.</span> 
     </span>
     <span class='ocr_line' id='line_1_42' title="bbox 58 1560 2229 1608; baseline 0.006 -22"><span class='ocrx_word' id='word_1_817' title='bbox 58 1565 158 1595; x_wconf 83' lang='lat' dir='ltr'>ceptus.</span> <span class='ocrx_word' id='word_1_818' title='bbox 201 1560 259 1587; x_wconf 84' lang='lat' dir='ltr'>Vid.</span> <span class='ocrx_word' id='word_1_819' title='bbox 274 1561 369 1587; x_wconf 69' lang='lat' dir='ltr'>schoa.</span> <span class='ocrx_word' id='word_1_820' title='bbox 426 1560 543 1586; x_wconf 86' lang='lat' dir='ltr'>Foedum</span> <span class='ocrx_word' id='word_1_821' title='bbox 558 1561 665 1596; x_wconf 88' lang='lat' dir='ltr'>inceptu</span> <span class='ocrx_word' id='word_1_822' title='bbox 684 1562 745 1589; x_wconf 90' lang='lat' dir='ltr'>Liu.</span> <span class='ocrx_word' id='word_1_823' title='bbox 759 1564 843 1597; x_wconf 85' lang='lat' dir='ltr'>praef.</span> <span class='ocrx_word' id='word_1_824' title='bbox 1215 1578 1226 1597; x_wconf 84' lang='lat'>1</span> <span class='ocrx_word' id='word_1_825' title='bbox 1238 1576 1259 1595; x_wconf 85' lang='lat' dir='ltr'>N</span> <span class='ocrx_word' id='word_1_826' title='bbox 1271 1576 1306 1596; x_wconf 73' lang='lat'>(31</span> <span class='ocrx_word' id='word_1_827' title='bbox 1320 1576 1341 1595; x_wconf 88' lang='lat' dir='ltr'>T</span> <span class='ocrx_word' id='word_1_828' title='bbox 1354 1576 1413 1602; x_wconf 81' lang='lat' dir='ltr'>vs,</span> <span class='ocrx_word' id='word_1_829' title='bbox 1432 1579 1462 1603; x_wconf 75' lang='lat' dir='ltr'>a,</span> <span class='ocrx_word' id='word_1_830' title='bbox 1482 1574 1537 1598; x_wconf 66' lang='lat' dir='ltr'>tim.</span> <span class='ocrx_word' id='word_1_831' title='bbox 1562 1571 1623 1598; x_wconf 77' lang='lat' dir='ltr'>Adi.</span> <span class='ocrx_word' id='word_1_832' title='bbox 1660 1571 1853 1607; x_wconf 70' lang='grc' dir='ltr'>[παρόρμητος]</span> <span class='ocrx_word' id='word_1_833' title='bbox 1889 1572 2048 1608; x_wconf 72' lang='lat' dir='ltr'>Compfftum</span> <span class='ocrx_word' id='word_1_834' title='bbox 2062 1583 2090 1600; x_wconf 77' lang='lat' dir='ltr'>ex</span> <span class='ocrx_word' id='word_1_835' title='bbox 2103 1576 2133 1601; x_wconf 83' lang='lat' dir='ltr'>In</span> <span class='ocrx_word' id='word_1_836' title='bbox 2147 1583 2171 1602; x_wconf 68' lang='lat' dir='ltr'>ee</span> <span class='ocrx_word' id='word_1_837' title='bbox 2183 1576 2229 1604; x_wconf 84' lang='lat' dir='ltr'>Ci.</span> 
     </span>
     <span class='ocr_line' id='line_1_43' title="bbox 64 1596 2229 1641; baseline 0.007 -19"><span class='ocrx_word' id='word_1_838' title='bbox 64 1623 67 1626; x_wconf 27' lang='lat'><strong>⁴</strong></span> <span class='ocrx_word' id='word_1_839' title='bbox 90 1602 165 1628; x_wconf 28' lang='lat' dir='ltr'>*nec</span> <span class='ocrx_word' id='word_1_840' title='bbox 177 1604 186 1622; x_wconf 91' lang='lat'>1</span> <span class='ocrx_word' id='word_1_841' title='bbox 196 1602 253 1622; x_wconf 77' lang='lat' dir='ltr'>P1s</span> <span class='ocrx_word' id='word_1_842' title='bbox 263 1603 276 1622; x_wconf 89' lang='lat' dir='ltr'>s</span> <span class='ocrx_word' id='word_1_843' title='bbox 287 1601 306 1621; x_wconf 91' lang='lat' dir='ltr'>o</span> <span class='ocrx_word' id='word_1_844' title='bbox 318 1615 325 1627; x_wconf 89' lang='lat'><em>‚</em></span> <span class='ocrx_word' id='word_1_845' title='bbox 345 1599 399 1622; x_wconf 75' lang='lat' dir='ltr'>ere.</span> <span class='ocrx_word' id='word_1_846' title='bbox 436 1596 519 1623; x_wconf 90' lang='lat' dir='ltr'>Plaut.</span> <span class='ocrx_word' id='word_1_847' title='bbox 534 1597 610 1630; x_wconf 91' lang='lat' dir='ltr'>Capt.</span> <span class='ocrx_word' id='word_1_848' title='bbox 626 1605 649 1628; x_wconf 82' lang='lat'>3,</span> <span class='ocrx_word' id='word_1_849' title='bbox 662 1606 683 1629; x_wconf 80' lang='lat'>3,</span> <span class='ocrx_word' id='word_1_850' title='bbox 698 1605 726 1631; x_wconf 80' lang='lat'>17</span> <span class='ocrx_word' id='word_1_851' title='bbox 754 1598 846 1633; x_wconf 85' lang='lat' dir='ltr'>Nugas</span> <span class='ocrx_word' id='word_1_852' title='bbox 861 1599 1027 1635; x_wconf 83' lang='lat' dir='ltr'>ineptiasque</span> <span class='ocrx_word' id='word_1_853' title='bbox 1045 1601 1114 1628; x_wconf 78' lang='lat' dir='ltr'>inci·</span> <span class='ocrx_word' id='word_1_854' title='bbox 1178 1610 1234 1631; x_wconf 89' lang='lat' dir='ltr'>tus:</span> <span class='ocrx_word' id='word_1_855' title='bbox 1256 1605 1323 1631; x_wconf 76' lang='lat' dir='ltr'>Idem</span> <span class='ocrx_word' id='word_1_856' title='bbox 1339 1605 1403 1640; x_wconf 82' lang='lat' dir='ltr'>quod</span> <span class='ocrx_word' id='word_1_857' title='bbox 1423 1608 1498 1632; x_wconf 79' lang='lat' dir='ltr'>Velox</span> <span class='ocrx_word' id='word_1_858' title='bbox 1515 1613 1539 1632; x_wconf 80' lang='lat' dir='ltr'>et</span> <span class='ocrx_word' id='word_1_859' title='bbox 1557 1610 1628 1633; x_wconf 74' lang='lat' dir='ltr'>celer.</span> <span class='ocrx_word' id='word_1_860' title='bbox 1663 1607 1718 1633; x_wconf 89' lang='lat' dir='ltr'>Cic.</span> <span class='ocrx_word' id='word_1_861' title='bbox 1735 1608 1766 1632; x_wconf 83' lang='lat' dir='ltr'>dc</span> <span class='ocrx_word' id='word_1_862' title='bbox 1780 1608 1816 1634; x_wconf 90' lang='lat' dir='ltr'>N.</span> <span class='ocrx_word' id='word_1_863' title='bbox 1830 1609 1860 1633; x_wconf 86' lang='lat' dir='ltr'>D.</span> <span class='ocrx_word' id='word_1_864' title='bbox 1875 1616 1901 1640; x_wconf 87' lang='lat'>2,</span> <span class='ocrx_word' id='word_1_865' title='bbox 1915 1613 1946 1640; x_wconf 88' lang='lat'>89</span> <span class='ocrx_word' id='word_1_866' title='bbox 1965 1617 1987 1635; x_wconf 89' lang='lat' dir='ltr'>c.</span> <span class='ocrx_word' id='word_1_867' title='bbox 2002 1616 2031 1641; x_wconf 74' lang='lat'>35</span> <span class='ocrx_word' id='word_1_868' title='bbox 2060 1610 2131 1636; x_wconf 85' lang='lat' dir='ltr'>Sicut</span> <span class='ocrx_word' id='word_1_869' title='bbox 2150 1612 2229 1638; x_wconf 85' lang='lat' dir='ltr'>inciti</span> 
     </span>
     <span class='ocr_line' id='line_1_44' title="bbox 58 1631 2230 1678; baseline 0.007 -20"><span class='ocrx_word' id='word_1_870' title='bbox 58 1631 133 1666; x_wconf 77' lang='lat' dir='ltr'>piffo-</span> <span class='ocrx_word' id='word_1_871' title='bbox 170 1631 245 1666; x_wconf 76' lang='lat' dir='ltr'>Conf-</span> <span class='ocrx_word' id='word_1_872' title='bbox 261 1632 336 1665; x_wconf 72' lang='lat' dir='ltr'>Capt.</span> <span class='ocrx_word' id='word_1_873' title='bbox 349 1640 376 1664; x_wconf 74' lang='lat'>4,</span> <span class='ocrx_word' id='word_1_874' title='bbox 389 1639 416 1664; x_wconf 79' lang='lat'>2,</span> <span class='ocrx_word' id='word_1_875' title='bbox 430 1640 472 1658; x_wconf 84' lang='lat'>22·</span> <span class='ocrx_word' id='word_1_876' title='bbox 497 1638 521 1658; x_wconf 81' lang='lat' dir='ltr'>et</span> <span class='ocrx_word' id='word_1_877' title='bbox 535 1632 596 1658; x_wconf 83' lang='lat' dir='ltr'>Mil·</span> <span class='ocrx_word' id='word_1_878' title='bbox 610 1641 633 1665; x_wconf 80' lang='lat'>2,</span> <span class='ocrx_word' id='word_1_879' title='bbox 647 1642 670 1665; x_wconf 83' lang='lat'>2,</span> <span class='ocrx_word' id='word_1_880' title='bbox 684 1638 724 1663; x_wconf 83' lang='lat'>82-</span> <span class='ocrx_word' id='word_1_881' title='bbox 745 1640 769 1659; x_wconf 84' lang='lat' dir='ltr'>et</span> <span class='ocrx_word' id='word_1_882' title='bbox 783 1635 866 1661; x_wconf 81' lang='lat' dir='ltr'>Trin·</span> <span class='ocrx_word' id='word_1_883' title='bbox 882 1645 911 1669; x_wconf 89' lang='lat'>4,</span> <span class='ocrx_word' id='word_1_884' title='bbox 924 1645 951 1668; x_wconf 85' lang='lat'>2,</span> <span class='ocrx_word' id='word_1_885' title='bbox 963 1644 1008 1669; x_wconf 81' lang='lat'>42·</span> <span class='ocrx_word' id='word_1_886' title='bbox 1178 1646 1258 1675; x_wconf 89' lang='lat' dir='ltr'>atquc</span> <span class='ocrx_word' id='word_1_887' title='bbox 1272 1641 1367 1666; x_wconf 79' lang='lat' dir='ltr'>alacres</span> <span class='ocrx_word' id='word_1_888' title='bbox 1381 1641 1471 1668; x_wconf 88' lang='lat' dir='ltr'>rostris</span> <span class='ocrx_word' id='word_1_889' title='bbox 1486 1642 1649 1676; x_wconf 84' lang='lat' dir='ltr'>perfremunt</span> <span class='ocrx_word' id='word_1_890' title='bbox 1670 1642 1804 1676; x_wconf 84' lang='lat' dir='ltr'>Delphini.</span> <span class='ocrx_word' id='word_1_891' title='bbox 1841 1645 1877 1669; x_wconf 77' lang='lat' dir='ltr'>Ex</span> <span class='ocrx_word' id='word_1_892' title='bbox 1890 1644 1982 1670; x_wconf 88' lang='lat' dir='ltr'>Accio.</span> <span class='ocrx_word' id='word_1_893' title='bbox 2026 1645 2130 1671; x_wconf 86' lang='lat' dir='ltr'>Lucret.</span> <span class='ocrx_word' id='word_1_894' title='bbox 2145 1650 2171 1678; x_wconf 91' lang='lat'>6,</span> <span class='ocrx_word' id='word_1_895' title='bbox 2187 1648 2230 1678; x_wconf 80' lang='lat'>136</span> 
     </span>
     <span class='ocr_line' id='line_1_45' title="bbox 97 1668 2229 1711; baseline 0.007 -18"><span class='ocrx_word' id='word_1_896' title='bbox 97 1672 166 1693; x_wconf 89' lang='lat' dir='ltr'>lNC</span> <span class='ocrx_word' id='word_1_897' title='bbox 177 1674 187 1693; x_wconf 85' lang='lat'>1</span> <span class='ocrx_word' id='word_1_898' title='bbox 198 1673 217 1693; x_wconf 74' lang='lat' dir='ltr'>R</span> <span class='ocrx_word' id='word_1_899' title='bbox 227 1673 244 1693; x_wconf 93' lang='lat' dir='ltr'>c</span> <span class='ocrx_word' id='word_1_900' title='bbox 257 1673 443 1700; x_wconf 77' lang='lat' dir='ltr'>VMcisvs‚</span> <span class='ocrx_word' id='word_1_901' title='bbox 462 1675 494 1699; x_wconf 83' lang='lat' dir='ltr'>a,</span> <span class='ocrx_word' id='word_1_902' title='bbox 515 1676 569 1693; x_wconf 85' lang='lat' dir='ltr'>um-</span> <span class='ocrx_word' id='word_1_903' title='bbox 598 1668 659 1694; x_wconf 80' lang='lat' dir='ltr'>Adi-</span> <span class='ocrx_word' id='word_1_904' title='bbox 695 1668 899 1705; x_wconf 65' lang='lat' dir='ltr'>[oc&#39;melmnros]</span> <span class='ocrx_word' id='word_1_905' title='bbox 936 1672 994 1698; x_wconf 85' lang='lat' dir='ltr'>Nec</span> <span class='ocrx_word' id='word_1_906' title='bbox 1008 1672 1112 1699; x_wconf 66' lang='lat' dir='ltr'>vietum</span> <span class='ocrx_word' id='word_1_907' title='bbox 1122 1681 1160 1707; x_wconf 84' lang='lat'>40</span> <span class='ocrx_word' id='word_1_908' title='bbox 1179 1676 1270 1703; x_wconf 82' lang='lat' dir='ltr'>Validi</span> <span class='ocrx_word' id='word_1_909' title='bbox 1283 1676 1323 1703; x_wconf 83' lang='lat' dir='ltr'>vis</span> <span class='ocrx_word' id='word_1_910' title='bbox 1344 1677 1425 1703; x_wconf 77' lang='lat' dir='ltr'>incita</span> <span class='ocrx_word' id='word_1_911' title='bbox 1438 1678 1522 1703; x_wconf 78' lang='lat' dir='ltr'>venti.</span> <span class='ocrx_word' id='word_1_912' title='bbox 1542 1678 1596 1703; x_wconf 52' lang='grc' dir='ltr'>Ἰὼ</span> <span class='ocrx_word' id='word_1_913' title='bbox 1612 1686 1630 1707; x_wconf 82' lang='grc' dir='ltr'>ι,</span> <span class='ocrx_word' id='word_1_914' title='bbox 1645 1685 1701 1711; x_wconf 83' lang='lat'>270.</span> <span class='ocrx_word' id='word_1_915' title='bbox 1739 1677 1860 1705; x_wconf 81' lang='lat' dir='ltr'>Prudent.</span> <span class='ocrx_word' id='word_1_916' title='bbox 1874 1678 1972 1709; x_wconf 80' lang='lat' dir='ltr'>Hymn.</span> <span class='ocrx_word' id='word_1_917' title='bbox 1992 1686 2014 1710; x_wconf 77' lang='lat'>3,</span> <span class='ocrx_word' id='word_1_918' title='bbox 2028 1687 2058 1711; x_wconf 81' lang='lat'>93</span> <span class='ocrx_word' id='word_1_919' title='bbox 2082 1681 2165 1706; x_wconf 72' lang='lat' dir='ltr'>Incita</span> <span class='ocrx_word' id='word_1_920' title='bbox 2180 1682 2229 1707; x_wconf 83' lang='lat' dir='ltr'>lin.</span> 
     </span>
     <span class='ocr_line' id='line_1_46' title="bbox 57 1701 2231 1752; baseline 0.007 -24"><span class='ocrx_word' id='word_1_921' title='bbox 57 1701 154 1729; x_wconf 87' lang='lat' dir='ltr'>viuere</span> <span class='ocrx_word' id='word_1_922' title='bbox 173 1710 265 1737; x_wconf 84' lang='lat' dir='ltr'>regem</span> <span class='ocrx_word' id='word_1_923' title='bbox 287 1702 503 1729; x_wconf 84' lang='lat' dir='ltr'>incircumcisum</span> <span class='ocrx_word' id='word_1_924' title='bbox 528 1703 628 1737; x_wconf 88' lang='lat' dir='ltr'>patitur</span> <span class='ocrx_word' id='word_1_925' title='bbox 651 1704 774 1731; x_wconf 87' lang='lat' dir='ltr'>Prudent.</span> <span class='ocrx_word' id='word_1_926' title='bbox 793 1705 930 1738; x_wconf 87' lang='lat' dir='ltr'>Psychom.</span> <span class='ocrx_word' id='word_1_927' title='bbox 951 1716 979 1734; x_wconf 90' lang='lat' dir='ltr'>v.</span> <span class='ocrx_word' id='word_1_928' title='bbox 998 1716 1057 1740; x_wconf 80' lang='lat'>390.</span> <span class='ocrx_word' id='word_1_929' title='bbox 1071 1708 1112 1744; x_wconf 72' lang='lat' dir='ltr'>fi·-</span> <span class='ocrx_word' id='word_1_930' title='bbox 1179 1720 1239 1745; x_wconf 86' lang='lat' dir='ltr'>gua.</span> <span class='ocrx_word' id='word_1_931' title='bbox 1315 1712 1363 1738; x_wconf 74' lang='lat' dir='ltr'>Sed</span> <span class='ocrx_word' id='word_1_932' title='bbox 1390 1710 1410 1749; x_wconf 58' lang='lat' dir='ltr'>q</span> <span class='ocrx_word' id='word_1_933' title='bbox 1432 1721 1444 1737; x_wconf 86' lang='lat'>2</span> <span class='ocrx_word' id='word_1_934' title='bbox 1479 1712 1594 1742; x_wconf 84' lang='lat' dir='ltr'>Incitus,</span> <span class='ocrx_word' id='word_1_935' title='bbox 1610 1721 1639 1742; x_wconf 89' lang='lat' dir='ltr'>a,</span> <span class='ocrx_word' id='word_1_936' title='bbox 1659 1721 1704 1737; x_wconf 90' lang='lat' dir='ltr'>um</span> <span class='ocrx_word' id='word_1_937' title='bbox 1726 1711 1759 1744; x_wconf 79' lang='lat' dir='ltr'>est</span> <span class='ocrx_word' id='word_1_938' title='bbox 1779 1717 1852 1738; x_wconf 76' lang='lat' dir='ltr'>etiam</span> <span class='ocrx_word' id='word_1_939' title='bbox 1865 1715 1994 1744; x_wconf 80' lang='lat' dir='ltr'>immotus,</span> <span class='ocrx_word' id='word_1_940' title='bbox 2008 1718 2051 1748; x_wconf 80' lang='lat' dir='ltr'>qui</span> <span class='ocrx_word' id='word_1_941' title='bbox 2062 1718 2126 1741; x_wconf 71' lang='lat' dir='ltr'>cieri</span> <span class='ocrx_word' id='word_1_942' title='bbox 2137 1720 2231 1752; x_wconf 71' lang='lat' dir='ltr'>nequit.</span> 
     </span>
     <span class='ocr_line' id='line_1_47' title="bbox 57 1737 2230 1786; baseline 0.006 -22"><span class='ocrx_word' id='word_1_943' title='bbox 57 1739 186 1774; x_wconf 72' lang='lat' dir='ltr'>Agagzcm.</span> <span class='ocrx_word' id='word_1_944' title='bbox 219 1737 294 1773; x_wconf 55' lang='lat' dir='ltr'>cmis-</span> <span class='ocrx_word' id='word_1_945' title='bbox 310 1738 430 1764; x_wconf 85' lang='lat' dir='ltr'>Tertull.</span> <span class='ocrx_word' id='word_1_946' title='bbox 444 1738 503 1765; x_wconf 72' lang='lat' dir='ltr'>adu-</span> <span class='ocrx_word' id='word_1_947' title='bbox 519 1738 576 1765; x_wconf 81' lang='lat' dir='ltr'>Iud·</span> <span class='ocrx_word' id='word_1_948' title='bbox 594 1748 606 1765; x_wconf 88' lang='lat'>2</span> <span class='ocrx_word' id='word_1_949' title='bbox 621 1746 645 1765; x_wconf 75' lang='lat' dir='ltr'>ct</span> <span class='ocrx_word' id='word_1_950' title='bbox 658 1748 680 1772; x_wconf 82' lang='lat'>3·</span> <span class='ocrx_word' id='word_1_951' title='bbox 1179 1748 1266 1773; x_wconf 89' lang='lat' dir='ltr'>Varro</span> <span class='ocrx_word' id='word_1_952' title='bbox 1274 1746 1306 1771; x_wconf 86' lang='lat' dir='ltr'>de</span> <span class='ocrx_word' id='word_1_953' title='bbox 1314 1747 1343 1772; x_wconf 96' lang='lat' dir='ltr'>L.</span> <span class='ocrx_word' id='word_1_954' title='bbox 1354 1747 1383 1772; x_wconf 91' lang='lat' dir='ltr'>L.</span> <span class='ocrx_word' id='word_1_955' title='bbox 1397 1750 1421 1776; x_wconf 78' lang='lat'>6,</span> <span class='ocrx_word' id='word_1_956' title='bbox 1431 1755 1442 1771; x_wconf 88' lang='lat'><strong>2</strong></span> <span class='ocrx_word' id='word_1_957' title='bbox 1458 1756 1483 1780; x_wconf 89' lang='lat' dir='ltr'>p.</span> <span class='ocrx_word' id='word_1_958' title='bbox 1498 1750 1543 1779; x_wconf 76' lang='lat'>67,</span> <span class='ocrx_word' id='word_1_959' title='bbox 1558 1756 1569 1778; x_wconf 78' lang='grc'>3</span> <span class='ocrx_word' id='word_1_960' title='bbox 1589 1748 1618 1772; x_wconf 92' lang='lat' dir='ltr'>In</span> <span class='ocrx_word' id='word_1_961' title='bbox 1632 1755 1692 1772; x_wconf 85' lang='lat' dir='ltr'>arce</span> <span class='ocrx_word' id='word_1_962' title='bbox 1706 1747 1804 1780; x_wconf 85' lang='lat' dir='ltr'>templa</span> <span class='ocrx_word' id='word_1_963' title='bbox 1815 1748 1935 1779; x_wconf 84' lang='lat' dir='ltr'>tescaque</span> <span class='ocrx_word' id='word_1_964' title='bbox 1948 1748 2028 1774; x_wconf 89' lang='lat' dir='ltr'>incita</span> <span class='ocrx_word' id='word_1_965' title='bbox 2041 1750 2127 1781; x_wconf 86' lang='lat' dir='ltr'>sunto,</span> <span class='ocrx_word' id='word_1_966' title='bbox 2140 1751 2230 1786; x_wconf 78' lang='lat' dir='ltr'>quoad</span> 
     </span>
     <span class='ocr_line' id='line_1_48' title="bbox 13 1775 2232 1821; baseline 0.006 -22"><span class='ocrx_word' id='word_1_967' title='bbox 13 1775 29 1804; x_wconf 76' lang='grc' dir='ltr'>,Ι</span> <span class='ocrx_word' id='word_1_968' title='bbox 95 1780 104 1797; x_wconf 93' lang='lat'>1</span> <span class='ocrx_word' id='word_1_969' title='bbox 115 1780 137 1798; x_wconf 84' lang='lat' dir='ltr'>N</span> <span class='ocrx_word' id='word_1_970' title='bbox 147 1779 164 1799; x_wconf 90' lang='lat' dir='ltr'>c</span> <span class='ocrx_word' id='word_1_971' title='bbox 177 1779 239 1800; x_wconf 82' lang='lat' dir='ltr'>IRC</span> <span class='ocrx_word' id='word_1_972' title='bbox 250 1780 269 1799; x_wconf 95' lang='lat' dir='ltr'>v</span> <span class='ocrx_word' id='word_1_973' title='bbox 282 1780 329 1800; x_wconf 84' lang='lat' dir='ltr'>MS</span> <span class='ocrx_word' id='word_1_974' title='bbox 340 1779 357 1799; x_wconf 89' lang='lat' dir='ltr'><strong>c</strong></span> <span class='ocrx_word' id='word_1_975' title='bbox 369 1780 388 1800; x_wconf 82' lang='lat' dir='ltr'>R</span> <span class='ocrx_word' id='word_1_976' title='bbox 399 1781 407 1799; x_wconf 95' lang='lat'>1</span> <span class='ocrx_word' id='word_1_977' title='bbox 420 1780 436 1800; x_wconf 79' lang='lat' dir='ltr'>P</span> <span class='ocrx_word' id='word_1_978' title='bbox 447 1780 498 1800; x_wconf 83' lang='lat' dir='ltr'>Tv</span> <span class='ocrx_word' id='word_1_979' title='bbox 508 1781 536 1805; x_wconf 86' lang='lat' dir='ltr'>s,</span> <span class='ocrx_word' id='word_1_980' title='bbox 562 1783 575 1801; x_wconf 89' lang='lat' dir='ltr'>a</span> <span class='ocrx_word' id='word_1_981' title='bbox 584 1794 592 1806; x_wconf 91' lang='lat'>‚</span> <span class='ocrx_word' id='word_1_982' title='bbox 618 1784 672 1801; x_wconf 90' lang='lat' dir='ltr'>um.</span> <span class='ocrx_word' id='word_1_983' title='bbox 709 1775 770 1802; x_wconf 90' lang='lat' dir='ltr'>Adi.</span> <span class='ocrx_word' id='word_1_984' title='bbox 813 1776 947 1812; x_wconf 80' lang='lat' dir='ltr'>Infinitus,</span> <span class='ocrx_word' id='word_1_985' title='bbox 972 1778 1112 1812; x_wconf 50' lang='lat' dir='ltr'>immensas.</span> <span class='ocrx_word' id='word_1_986' title='bbox 1178 1789 1229 1814; x_wconf 84' lang='lat' dir='ltr'>ego</span> <span class='ocrx_word' id='word_1_987' title='bbox 1251 1781 1318 1806; x_wconf 80' lang='lat' dir='ltr'>caste</span> <span class='ocrx_word' id='word_1_988' title='bbox 1337 1781 1427 1814; x_wconf 81' lang='lat' dir='ltr'>lingua</span> <span class='ocrx_word' id='word_1_989' title='bbox 1444 1789 1640 1814; x_wconf 85' lang='lat' dir='ltr'>nuncupauero.</span> <span class='ocrx_word' id='word_1_990' title='bbox 1684 1782 1724 1807; x_wconf 86' lang='lat' dir='ltr'>Sic</span> <span class='ocrx_word' id='word_1_991' title='bbox 1743 1781 1870 1814; x_wconf 73' lang='lat' dir='ltr'>emendat,</span> <span class='ocrx_word' id='word_1_992' title='bbox 1884 1784 1996 1818; x_wconf 76' lang='lat' dir='ltr'>Scioppio</span> <span class='ocrx_word' id='word_1_993' title='bbox 2009 1787 2083 1811; x_wconf 67' lang='lat' dir='ltr'>etium</span> <span class='ocrx_word' id='word_1_994' title='bbox 2097 1788 2232 1821; x_wconf 77' lang='lat' dir='ltr'>probante,</span> 
     </span>
     <span class='ocr_line' id='line_1_49' title="bbox 19 1807 2230 1858; baseline 0.006 -25"><span class='ocrx_word' id='word_1_995' title='bbox 19 1815 31 1846; x_wconf 61' lang='lat'>,¹</span> <span class='ocrx_word' id='word_1_996' title='bbox 55 1807 302 1842; x_wconf 88' lang='lat' dir='ltr'>Incircumscriptus</span> <span class='ocrx_word' id='word_1_997' title='bbox 315 1809 447 1835; x_wconf 86' lang='lat' dir='ltr'>Dominus</span> <span class='ocrx_word' id='word_1_998' title='bbox 467 1809 592 1835; x_wconf 87' lang='lat' dir='ltr'>Prudent.</span> <span class='ocrx_word' id='word_1_999' title='bbox 608 1809 707 1844; x_wconf 87' lang='lat' dir='ltr'>Apoth.</span> <span class='ocrx_word' id='word_1_1000' title='bbox 722 1819 748 1836; x_wconf 94' lang='lat' dir='ltr'>v.</span> <span class='ocrx_word' id='word_1_1001' title='bbox 763 1813 819 1842; x_wconf 84' lang='lat'>863.</span> <span class='ocrx_word' id='word_1_1002' title='bbox 873 1811 988 1837; x_wconf 82' lang='lat' dir='ltr'>Materia</span> <span class='ocrx_word' id='word_1_1003' title='bbox 999 1812 1114 1838; x_wconf 86' lang='lat' dir='ltr'>immen-</span> <span class='ocrx_word' id='word_1_1004' title='bbox 1179 1816 1305 1850; x_wconf 82' lang='lat' dir='ltr'>Scaliger:</span> <span class='ocrx_word' id='word_1_1005' title='bbox 1327 1824 1399 1850; x_wconf 78' lang='lat' dir='ltr'>eaque</span> <span class='ocrx_word' id='word_1_1006' title='bbox 1411 1818 1438 1840; x_wconf 85' lang='lat' dir='ltr'>in</span> <span class='ocrx_word' id='word_1_1007' title='bbox 1450 1815 1584 1850; x_wconf 60' lang='lat' dir='ltr'>appendice</span> <span class='ocrx_word' id='word_1_1008' title='bbox 1597 1813 1744 1842; x_wconf 57' lang='lat' dir='ltr'>adeona-ft.</span> <span class='ocrx_word' id='word_1_1009' title='bbox 1755 1821 1841 1852; x_wconf 76' lang='lat' dir='ltr'>p.186</span> <span class='ocrx_word' id='word_1_1010' title='bbox 1852 1825 1888 1843; x_wconf 79' lang='lat' dir='ltr'>ita</span> <span class='ocrx_word' id='word_1_1011' title='bbox 1902 1818 2026 1845; x_wconf 75' lang='lat' dir='ltr'>declarat:</span> <span class='ocrx_word' id='word_1_1012' title='bbox 2051 1821 2158 1858; x_wconf 64' lang='lat' dir='ltr'>Tqscas.</span> <span class='ocrx_word' id='word_1_1013' title='bbox 2171 1830 2230 1849; x_wconf 77' lang='lat' dir='ltr'>tem.</span> 
     </span>
     <span class='ocr_line' id='line_1_50' title="bbox 31 1836 2230 1894; baseline 0.006 -26"><span class='ocrx_word' id='word_1_1014' title='bbox 31 1836 33 1841; x_wconf 63' lang='lat'>&#39;</span> <span class='ocrx_word' id='word_1_1015' title='bbox 55 1842 82 1869; x_wconf 86' lang='lat' dir='ltr'>sa</span> <span class='ocrx_word' id='word_1_1016' title='bbox 95 1848 121 1868; x_wconf 88' lang='lat' dir='ltr'>et</span> <span class='ocrx_word' id='word_1_1017' title='bbox 136 1843 363 1877; x_wconf 87' lang='lat' dir='ltr'>incircumscripta</span> <span class='ocrx_word' id='word_1_1018' title='bbox 376 1844 495 1870; x_wconf 85' lang='lat' dir='ltr'>Tertull.</span> <span class='ocrx_word' id='word_1_1019' title='bbox 510 1844 571 1870; x_wconf 88' lang='lat' dir='ltr'>adu.</span> <span class='ocrx_word' id='word_1_1020' title='bbox 584 1846 715 1878; x_wconf 84' lang='lat' dir='ltr'>Hermog.</span> <span class='ocrx_word' id='word_1_1021' title='bbox 729 1854 751 1870; x_wconf 90' lang='lat' dir='ltr'>c.</span> <span class='ocrx_word' id='word_1_1022' title='bbox 766 1850 803 1876; x_wconf 80' lang='lat'>38.</span> <span class='ocrx_word' id='word_1_1023' title='bbox 1124 1857 1158 1883; x_wconf 78' lang='lat'>45</span> <span class='ocrx_word' id='word_1_1024' title='bbox 1173 1850 1289 1884; x_wconf 76' lang='lat' dir='ltr'>plasunt</span> <span class='ocrx_word' id='word_1_1025' title='bbox 1298 1855 1414 1884; x_wconf 81' lang='lat' dir='ltr'>promota</span> <span class='ocrx_word' id='word_1_1026' title='bbox 1427 1850 1501 1886; x_wconf 66' lang='lat' dir='ltr'>usque</span> <span class='ocrx_word' id='word_1_1027' title='bbox 1514 1851 1548 1876; x_wconf 78' lang='lat' dir='ltr'>ad</span> <span class='ocrx_word' id='word_1_1028' title='bbox 1560 1851 1620 1886; x_wconf 65' lang='lat' dir='ltr'>Jilos</span> <span class='ocrx_word' id='word_1_1029' title='bbox 1629 1851 1714 1885; x_wconf 68' lang='lat' dir='ltr'>fines,</span> <span class='ocrx_word' id='word_1_1030' title='bbox 1734 1855 1772 1877; x_wconf 85' lang='lat' dir='ltr'>ita</span> <span class='ocrx_word' id='word_1_1031' title='bbox 1785 1861 1813 1878; x_wconf 81' lang='lat' dir='ltr'>ue</span> <span class='ocrx_word' id='word_1_1032' title='bbox 1827 1854 1933 1878; x_wconf 76' lang='lat' dir='ltr'>ulterius</span> <span class='ocrx_word' id='word_1_1033' title='bbox 1947 1859 2091 1888; x_wconf 80' lang='lat' dir='ltr'>promoueri</span> <span class='ocrx_word' id='word_1_1034' title='bbox 2107 1867 2155 1883; x_wconf 80' lang='lat' dir='ltr'>mm</span> <span class='ocrx_word' id='word_1_1035' title='bbox 2171 1859 2230 1894; x_wconf 66' lang='lat' dir='ltr'>pos:</span> 
     </span>
     <span class='ocr_line' id='line_1_51' title="bbox 93 1884 2231 1928; baseline 0.007 -25"><span class='ocrx_word' id='word_1_1036' title='bbox 93 1884 105 1903; x_wconf 86' lang='lat'>1</span> <span class='ocrx_word' id='word_1_1037' title='bbox 114 1884 136 1903; x_wconf 88' lang='grc' dir='ltr'><strong>Ν</strong></span> <span class='ocrx_word' id='word_1_1038' title='bbox 147 1884 163 1904; x_wconf 93' lang='lat' dir='ltr'>C</span> <span class='ocrx_word' id='word_1_1039' title='bbox 173 1886 181 1904; x_wconf 88' lang='lat'>1</span> <span class='ocrx_word' id='word_1_1040' title='bbox 191 1884 203 1904; x_wconf 88' lang='lat' dir='ltr'>S</span> <span class='ocrx_word' id='word_1_1041' title='bbox 213 1885 230 1904; x_wconf 83' lang='grc' dir='ltr'>Ε</span> <span class='ocrx_word' id='word_1_1042' title='bbox 239 1898 247 1910; x_wconf 96' lang='grc'>,</span> <span class='ocrx_word' id='word_1_1043' title='bbox 269 1886 278 1904; x_wconf 92' lang='lat'>1</span> <span class='ocrx_word' id='word_1_1044' title='bbox 287 1886 308 1904; x_wconf 88' lang='lat' dir='ltr'>N</span> <span class='ocrx_word' id='word_1_1045' title='bbox 317 1885 334 1904; x_wconf 89' lang='lat' dir='ltr'>C</span> <span class='ocrx_word' id='word_1_1046' title='bbox 345 1886 352 1904; x_wconf 81' lang='lat' dir='ltr'>l</span> <span class='ocrx_word' id='word_1_1047' title='bbox 364 1885 377 1905; x_wconf 90' lang='lat' dir='ltr'>S</span> <span class='ocrx_word' id='word_1_1048' title='bbox 386 1886 395 1904; x_wconf 95' lang='lat'>1</span> <span class='ocrx_word' id='word_1_1049' title='bbox 407 1885 433 1904; x_wconf 89' lang='grc' dir='ltr'><strong>Μ</strong></span> <span class='ocrx_word' id='word_1_1050' title='bbox 443 1898 452 1910; x_wconf 94' lang='grc'>,</span> <span class='ocrx_word' id='word_1_1051' title='bbox 472 1886 482 1904; x_wconf 95' lang='lat'>1</span> <span class='ocrx_word' id='word_1_1052' title='bbox 493 1885 514 1904; x_wconf 90' lang='lat' dir='ltr'>N</span> <span class='ocrx_word' id='word_1_1053' title='bbox 526 1884 543 1905; x_wconf 94' lang='lat' dir='ltr'>C</span> <span class='ocrx_word' id='word_1_1054' title='bbox 551 1886 561 1904; x_wconf 91' lang='lat'>1</span> <span class='ocrx_word' id='word_1_1055' title='bbox 570 1886 584 1906; x_wconf 89' lang='lat' dir='ltr'>s</span> <span class='ocrx_word' id='word_1_1056' title='bbox 594 1886 604 1904; x_wconf 95' lang='lat'>1</span> <span class='ocrx_word' id='word_1_1057' title='bbox 614 1885 635 1906; x_wconf 93' lang='lat' dir='ltr'>O</span> <span class='ocrx_word' id='word_1_1058' title='bbox 644 1899 652 1911; x_wconf 89' lang='lat'>‚</span> <span class='ocrx_word' id='word_1_1059' title='bbox 680 1887 690 1906; x_wconf 84' lang='lat'>1</span> <span class='ocrx_word' id='word_1_1060' title='bbox 699 1887 721 1906; x_wconf 89' lang='lat' dir='ltr'>N</span> <span class='ocrx_word' id='word_1_1061' title='bbox 730 1886 747 1906; x_wconf 89' lang='lat' dir='ltr'>C</span> <span class='ocrx_word' id='word_1_1062' title='bbox 756 1887 766 1906; x_wconf 91' lang='grc'>1</span> <span class='ocrx_word' id='word_1_1063' title='bbox 774 1886 788 1906; x_wconf 89' lang='lat' dir='ltr'>S</span> <span class='ocrx_word' id='word_1_1064' title='bbox 798 1886 819 1906; x_wconf 93' lang='lat' dir='ltr'>V</span> <span class='ocrx_word' id='word_1_1065' title='bbox 827 1886 853 1906; x_wconf 83' lang='grc' dir='ltr'>Μ</span> <span class='ocrx_word' id='word_1_1066' title='bbox 861 1899 870 1912; x_wconf 85' lang='grc'>,</span> <span class='ocrx_word' id='word_1_1067' title='bbox 897 1887 908 1906; x_wconf 83' lang='grc' dir='ltr'>Ι</span> <span class='ocrx_word' id='word_1_1068' title='bbox 918 1886 941 1906; x_wconf 84' lang='grc' dir='ltr'>Ν</span> <span class='ocrx_word' id='word_1_1069' title='bbox 952 1885 969 1906; x_wconf 91' lang='lat' dir='ltr'>C</span> <span class='ocrx_word' id='word_1_1070' title='bbox 982 1886 1013 1907; x_wconf 84' lang='lat' dir='ltr'>IS</span> <span class='ocrx_word' id='word_1_1071' title='bbox 1022 1886 1042 1907; x_wconf 94' lang='lat' dir='ltr'>V</span> <span class='ocrx_word' id='word_1_1072' title='bbox 1051 1886 1071 1908; x_wconf 83' lang='lat' dir='ltr'>R</span> <span class='ocrx_word' id='word_1_1073' title='bbox 1079 1887 1113 1915; x_wconf 83' lang='lat' dir='ltr'>A,</span> <span class='ocrx_word' id='word_1_1074' title='bbox 1171 1884 1235 1918; x_wconf 77' lang='lat' dir='ltr'>sint.</span> <span class='ocrx_word' id='word_1_1075' title='bbox 1274 1887 1384 1920; x_wconf 77' lang='lat' dir='ltr'>Antiqui</span> <span class='ocrx_word' id='word_1_1076' title='bbox 1401 1890 1465 1912; x_wconf 78' lang='lat' dir='ltr'>enirn</span> <span class='ocrx_word' id='word_1_1077' title='bbox 1484 1893 1602 1912; x_wconf 71' lang='lat' dir='ltr'>terminos</span> <span class='ocrx_word' id='word_1_1078' title='bbox 1614 1888 1639 1921; x_wconf 93' lang='lat' dir='ltr'><em>s</em></span> <span class='ocrx_word' id='word_1_1079' title='bbox 1652 1886 1737 1921; x_wconf 78' lang='lat' dir='ltr'>fines,</span> <span class='ocrx_word' id='word_1_1080' title='bbox 1757 1896 1816 1921; x_wconf 75' lang='lat' dir='ltr'>quor</span> <span class='ocrx_word' id='word_1_1081' title='bbox 1835 1890 1940 1922; x_wconf 71' lang='lat' dir='ltr'>ampliat</span> <span class='ocrx_word' id='word_1_1082' title='bbox 1954 1896 2100 1923; x_wconf 72' lang='lat' dir='ltr'>promouere</span> <span class='ocrx_word' id='word_1_1083' title='bbox 2118 1903 2166 1919; x_wconf 79' lang='lat' dir='ltr'>non</span> <span class='ocrx_word' id='word_1_1084' title='bbox 2186 1894 2231 1928; x_wconf 77' lang='lat' dir='ltr'>est,</span> 
     </span>
     <span class='ocr_line' id='line_1_52' title="bbox 23 1913 2228 1956; baseline 0.008 -17"><span class='ocrx_word' id='word_1_1085' title='bbox 23 1913 30 1921; x_wconf 69' lang='lat'>⁸</span> <span class='ocrx_word' id='word_1_1086' title='bbox 56 1918 123 1940; x_wconf 77' lang='lat' dir='ltr'>ch</span> <span class='ocrx_word' id='word_1_1087' title='bbox 134 1920 142 1939; x_wconf 92' lang='lat'>1</span> <span class='ocrx_word' id='word_1_1088' title='bbox 153 1919 195 1939; x_wconf 75' lang='lat' dir='ltr'>SV</span> <span class='ocrx_word' id='word_1_1089' title='bbox 206 1921 229 1940; x_wconf 90' lang='lat' dir='ltr'>S.</span> <span class='ocrx_word' id='word_1_1090' title='bbox 270 1913 330 1941; x_wconf 76' lang='lat' dir='ltr'>Vid.</span> <span class='ocrx_word' id='word_1_1091' title='bbox 349 1916 505 1946; x_wconf 74' lang='lat' dir='ltr'>rNciDo,</span> <span class='ocrx_word' id='word_1_1092' title='bbox 523 1914 555 1940; x_wconf 84' lang='lat' dir='ltr'>is-</span> <span class='ocrx_word' id='word_1_1093' title='bbox 864 1920 869 1921; x_wconf 52' lang='lat'><em>⁷</em></span> <span class='ocrx_word' id='word_1_1094' title='bbox 1177 1920 1275 1946; x_wconf 85' lang='lat' dir='ltr'>incitos</span> <span class='ocrx_word' id='word_1_1095' title='bbox 1293 1920 1423 1946; x_wconf 76' lang='lat' dir='ltr'>vocabant.</span> <span class='ocrx_word' id='word_1_1096' title='bbox 1460 1922 1489 1946; x_wconf 85' lang='lat' dir='ltr'>Et</span> <span class='ocrx_word' id='word_1_1097' title='bbox 1507 1924 1550 1956; x_wconf 79' lang='lat' dir='ltr'>qui</span> <span class='ocrx_word' id='word_1_1098' title='bbox 1569 1931 1594 1946; x_wconf 76' lang='lat' dir='ltr'>eo</span> <span class='ocrx_word' id='word_1_1099' title='bbox 1614 1931 1695 1947; x_wconf 71' lang='lat' dir='ltr'>rerum</span> <span class='ocrx_word' id='word_1_1100' title='bbox 1712 1921 1811 1947; x_wconf 66' lang='lat' dir='ltr'>redafii</span> <span class='ocrx_word' id='word_1_1101' title='bbox 1828 1930 1914 1954; x_wconf 80' lang='lat' dir='ltr'>erant,</span> <span class='ocrx_word' id='word_1_1102' title='bbox 1934 1932 1963 1949; x_wconf 81' lang='lat' dir='ltr'>vt</span> <span class='ocrx_word' id='word_1_1103' title='bbox 1981 1927 2073 1951; x_wconf 79' lang='lat' dir='ltr'>nullum</span> <span class='ocrx_word' id='word_1_1104' title='bbox 2086 1935 2179 1955; x_wconf 71' lang='lat' dir='ltr'>certum</span> <span class='ocrx_word' id='word_1_1105' title='bbox 2191 1939 2228 1956; x_wconf 74' lang='lat' dir='ltr'>rs-</span> 
     </span>
     <span class='ocr_line' id='line_1_53' title="bbox 92 1948 2227 1992; baseline 0.008 -18"><span class='ocrx_word' id='word_1_1106' title='bbox 92 1955 104 1974; x_wconf 84' lang='lat'>1</span> <span class='ocrx_word' id='word_1_1107' title='bbox 113 1956 136 1975; x_wconf 87' lang='lat' dir='ltr'>N</span> <span class='ocrx_word' id='word_1_1108' title='bbox 147 1955 165 1976; x_wconf 92' lang='lat' dir='ltr'>C</span> <span class='ocrx_word' id='word_1_1109' title='bbox 177 1956 186 1975; x_wconf 96' lang='lat'>1</span> <span class='ocrx_word' id='word_1_1110' title='bbox 196 1956 218 1976; x_wconf 80' lang='lat' dir='ltr'>&#39;r</span> <span class='ocrx_word' id='word_1_1111' title='bbox 227 1956 250 1975; x_wconf 84' lang='lat' dir='ltr'>A</span> <span class='ocrx_word' id='word_1_1112' title='bbox 259 1956 276 1975; x_wconf 82' lang='grc' dir='ltr'>Ε</span> <span class='ocrx_word' id='word_1_1113' title='bbox 284 1968 292 1980; x_wconf 87' lang='grc'>,</span> <span class='ocrx_word' id='word_1_1114' title='bbox 311 1950 352 1976; x_wconf 77' lang='lat' dir='ltr'>vel</span> <span class='ocrx_word' id='word_1_1115' title='bbox 368 1957 380 1975; x_wconf 93' lang='lat'>1</span> <span class='ocrx_word' id='word_1_1116' title='bbox 389 1956 411 1976; x_wconf 87' lang='grc' dir='ltr'><strong>Ν</strong></span> <span class='ocrx_word' id='word_1_1117' title='bbox 421 1955 438 1976; x_wconf 88' lang='lat' dir='ltr'>c</span> <span class='ocrx_word' id='word_1_1118' title='bbox 447 1956 456 1976; x_wconf 88' lang='lat'>1</span> <span class='ocrx_word' id='word_1_1119' title='bbox 465 1957 486 1975; x_wconf 87' lang='lat' dir='ltr'>T</span> <span class='ocrx_word' id='word_1_1120' title='bbox 495 1956 514 1975; x_wconf 84' lang='lat' dir='ltr'>A</span> <span class='ocrx_word' id='word_1_1121' title='bbox 525 1969 534 1981; x_wconf 92' lang='lat'>,</span> <span class='ocrx_word' id='word_1_1122' title='bbox 554 1948 606 1975; x_wconf 82' lang='lat' dir='ltr'>vid.</span> <span class='ocrx_word' id='word_1_1123' title='bbox 619 1958 676 1976; x_wconf 75' lang='lat' dir='ltr'>mox</span> <span class='ocrx_word' id='word_1_1124' title='bbox 698 1956 708 1975; x_wconf 86' lang='lat'>1</span> <span class='ocrx_word' id='word_1_1125' title='bbox 717 1956 740 1975; x_wconf 89' lang='lat' dir='ltr'>N</span> <span class='ocrx_word' id='word_1_1126' title='bbox 751 1955 768 1976; x_wconf 90' lang='lat' dir='ltr'>c</span> <span class='ocrx_word' id='word_1_1127' title='bbox 779 1957 789 1975; x_wconf 91' lang='lat'>1</span> <span class='ocrx_word' id='word_1_1128' title='bbox 799 1957 821 1976; x_wconf 89' lang='lat' dir='ltr'>T</span> <span class='ocrx_word' id='word_1_1129' title='bbox 830 1957 852 1976; x_wconf 92' lang='lat' dir='ltr'>v</span> <span class='ocrx_word' id='word_1_1130' title='bbox 860 1956 873 1976; x_wconf 88' lang='lat' dir='ltr'>s</span> <span class='ocrx_word' id='word_1_1131' title='bbox 894 1959 920 1976; x_wconf 89' lang='lat' dir='ltr'>n.</span> <span class='ocrx_word' id='word_1_1132' title='bbox 934 1959 960 1977; x_wconf 82' lang='lat'>2.</span> <span class='ocrx_word' id='word_1_1133' title='bbox 1176 1965 1231 1981; x_wconf 87' lang='lat' dir='ltr'>rum</span> <span class='ocrx_word' id='word_1_1134' title='bbox 1249 1954 1356 1989; x_wconf 66' lang='lat' dir='ltr'>sitarum</span> <span class='ocrx_word' id='word_1_1135' title='bbox 1377 1955 1501 1988; x_wconf 81' lang='lat' dir='ltr'>confilium</span> <span class='ocrx_word' id='word_1_1136' title='bbox 1525 1954 1641 1989; x_wconf 66' lang='lat' dir='ltr'>capeffi’re</span> <span class='ocrx_word' id='word_1_1137' title='bbox 1658 1954 1752 1990; x_wconf 66' lang='lat' dir='ltr'>poſjbnt</span> <span class='ocrx_word' id='word_1_1138' title='bbox 1760 1976 1768 1988; x_wconf 90' lang='lat'>‚</span> <span class='ocrx_word' id='word_1_1139' title='bbox 1788 1957 1820 1983; x_wconf 87' lang='lat' dir='ltr'>ad</span> <span class='ocrx_word' id='word_1_1140' title='bbox 1840 1958 1934 1984; x_wconf 87' lang='lat' dir='ltr'>incitas</span> <span class='ocrx_word' id='word_1_1141' title='bbox 1953 1960 2053 1986; x_wconf 73' lang='lat' dir='ltr'>redaffi</span> <span class='ocrx_word' id='word_1_1142' title='bbox 2074 1963 2227 1992; x_wconf 64' lang='lat' dir='ltr'>dicebantur.</span> 
     </span>
    </p>
   </div>
   <div class='ocr_carea' id='block_1_7' title="bbox 13 1984 2228 2390">
    <p class='ocr_par' dir='ltr' id='par_1_12' title="bbox 13 1984 2228 2390">
     <span class='ocr_line' id='line_1_54' title="bbox 29 1984 2228 2033; baseline 0.008 -23"><span class='ocrx_word' id='word_1_1143' title='bbox 29 1989 37 2009; x_wconf 68' lang='grc' dir='ltr'><em>Γ</em></span> <span class='ocrx_word' id='word_1_1144' title='bbox 90 1991 101 2009; x_wconf 89' lang='lat'>1</span> <span class='ocrx_word' id='word_1_1145' title='bbox 111 1991 134 2010; x_wconf 90' lang='lat' dir='ltr'>N</span> <span class='ocrx_word' id='word_1_1146' title='bbox 144 1990 161 2010; x_wconf 90' lang='lat' dir='ltr'>c</span> <span class='ocrx_word' id='word_1_1147' title='bbox 172 1992 182 2010; x_wconf 91' lang='lat'>1</span> <span class='ocrx_word' id='word_1_1148' title='bbox 192 1991 213 2010; x_wconf 87' lang='lat' dir='ltr'>T</span> <span class='ocrx_word' id='word_1_1149' title='bbox 223 1990 239 2009; x_wconf 83' lang='lat' dir='ltr'>E</span> <span class='ocrx_word' id='word_1_1150' title='bbox 248 1990 269 2010; x_wconf 91' lang='lat' dir='ltr'>G</span> <span class='ocrx_word' id='word_1_1151' title='bbox 278 1991 297 2010; x_wconf 83' lang='grc' dir='ltr'>Α</span> <span class='ocrx_word' id='word_1_1152' title='bbox 310 2003 318 2015; x_wconf 92' lang='grc'>,</span> <span class='ocrx_word' id='word_1_1153' title='bbox 339 1992 377 2010; x_wconf 85' lang='lat' dir='ltr'>ae.</span> <span class='ocrx_word' id='word_1_1154' title='bbox 404 1984 424 2009; x_wconf 89' lang='lat' dir='ltr'>f.</span> <span class='ocrx_word' id='word_1_1155' title='bbox 461 1984 631 2014; x_wconf 87' lang='lat' dir='ltr'>Machinula,</span> <span class='ocrx_word' id='word_1_1156' title='bbox 644 1984 672 2009; x_wconf 89' lang='lat' dir='ltr'>in</span> <span class='ocrx_word' id='word_1_1157' title='bbox 694 1993 746 2017; x_wconf 89' lang='lat' dir='ltr'>qua</span> <span class='ocrx_word' id='word_1_1158' title='bbox 768 1985 979 2012; x_wconf 84' lang='lat' dir='ltr'>constituebatur</span> <span class='ocrx_word' id='word_1_1159' title='bbox 999 1986 1027 2011; x_wconf 90' lang='lat' dir='ltr'>in</span> <span class='ocrx_word' id='word_1_1160' title='bbox 1048 1994 1112 2011; x_wconf 82' lang='lat' dir='ltr'>con·</span> <span class='ocrx_word' id='word_1_1161' title='bbox 1179 1991 1247 2015; x_wconf 86' lang='lat' dir='ltr'>Nam</span> <span class='ocrx_word' id='word_1_1162' title='bbox 1259 1998 1312 2014; x_wconf 85' lang='lat' dir='ltr'>cum</span> <span class='ocrx_word' id='word_1_1163' title='bbox 1324 1989 1358 2014; x_wconf 79' lang='lat' dir='ltr'>ad</span> <span class='ocrx_word' id='word_1_1164' title='bbox 1368 1992 1480 2015; x_wconf 72' lang='lat' dir='ltr'>ultimam</span> <span class='ocrx_word' id='word_1_1165' title='bbox 1493 1992 1581 2016; x_wconf 72' lang='lat' dir='ltr'>tineam</span> <span class='ocrx_word' id='word_1_1166' title='bbox 1589 1995 1697 2025; x_wconf 83' lang='lat' dir='ltr'>promoti</span> <span class='ocrx_word' id='word_1_1167' title='bbox 1709 1999 1782 2017; x_wconf 75' lang='lat' dir='ltr'>erant</span> <span class='ocrx_word' id='word_1_1168' title='bbox 1795 1994 1953 2026; x_wconf 74' lang='lat' dir='ltr'>calcu11‚eum</span> <span class='ocrx_word' id='word_1_1169' title='bbox 1966 1998 1998 2027; x_wconf 85' lang='lat' dir='ltr'>is,</span> <span class='ocrx_word' id='word_1_1170' title='bbox 2011 2000 2083 2022; x_wconf 71' lang='lat' dir='ltr'>cuius</span> <span class='ocrx_word' id='word_1_1171' title='bbox 2096 2001 2228 2033; x_wconf 76' lang='lat' dir='ltr'>intererat,</span> 
     </span>
     <span class='ocr_line' id='line_1_55' title="bbox 18 2012 2227 2069; baseline 0.006 -23"><span class='ocrx_word' id='word_1_1172' title='bbox 18 2018 20 2021; x_wconf 74' lang='grc'><strong>’</strong></span> <span class='ocrx_word' id='word_1_1173' title='bbox 53 2012 134 2046; x_wconf 41' lang='lat' dir='ltr'>binio</span> <span class='ocrx_word' id='word_1_1174' title='bbox 149 2019 208 2046; x_wconf 89' lang='lat' dir='ltr'>vini</span> <span class='ocrx_word' id='word_1_1175' title='bbox 222 2018 350 2053; x_wconf 80' lang='lat' dir='ltr'>amphora</span> <span class='ocrx_word' id='word_1_1176' title='bbox 360 2038 368 2050; x_wconf 87' lang='lat'>,</span> <span class='ocrx_word' id='word_1_1177' title='bbox 386 2018 418 2044; x_wconf 90' lang='lat' dir='ltr'>de</span> <span class='ocrx_word' id='word_1_1178' title='bbox 430 2027 482 2052; x_wconf 88' lang='lat' dir='ltr'>qua</span> <span class='ocrx_word' id='word_1_1179' title='bbox 497 2018 610 2044; x_wconf 79' lang='lat' dir='ltr'>subinde</span> <span class='ocrx_word' id='word_1_1180' title='bbox 623 2019 870 2045; x_wconf 81' lang='lat' dir='ltr'>deferrenturvina.</span> <span class='ocrx_word' id='word_1_1181' title='bbox 885 2020 952 2046; x_wconf 89' lang='lat' dir='ltr'>Fest.</span> <span class='ocrx_word' id='word_1_1182' title='bbox 990 2021 1110 2056; x_wconf 74' lang='lat' dir='ltr'>Scaliger.</span> <span class='ocrx_word' id='word_1_1183' title='bbox 1122 2034 1154 2060; x_wconf 77' lang='lat'>50</span> <span class='ocrx_word' id='word_1_1184' title='bbox 1176 2023 1208 2050; x_wconf 90' lang='lat' dir='ltr'>ad</span> <span class='ocrx_word' id='word_1_1185' title='bbox 1226 2023 1320 2050; x_wconf 89' lang='lat' dir='ltr'>incitas</span> <span class='ocrx_word' id='word_1_1186' title='bbox 1333 2025 1413 2050; x_wconf 76' lang='lat' dir='ltr'>lineas</span> <span class='ocrx_word' id='word_1_1187' title='bbox 1426 2025 1563 2058; x_wconf 62' lang='lat' dir='ltr'>redactus,</span> <span class='ocrx_word' id='word_1_1188' title='bbox 1584 2026 1677 2051; x_wconf 88' lang='lat' dir='ltr'>calculi</span> <span class='ocrx_word' id='word_1_1189' title='bbox 1692 2036 1749 2053; x_wconf 73' lang='lat' dir='ltr'>uero</span> <span class='ocrx_word' id='word_1_1190' title='bbox 1770 2028 1816 2062; x_wconf 81' lang='lat' dir='ltr'>ipsi</span> <span class='ocrx_word' id='word_1_1191' title='bbox 1829 2029 1906 2054; x_wconf 90' lang='lat' dir='ltr'>inciti</span> <span class='ocrx_word' id='word_1_1192' title='bbox 1920 2030 2079 2058; x_wconf 71' lang='lat' dir='ltr'>dicebantur:</span> <span class='ocrx_word' id='word_1_1193' title='bbox 2106 2035 2171 2069; x_wconf 80' lang='lat' dir='ltr'>quod</span> <span class='ocrx_word' id='word_1_1194' title='bbox 2182 2046 2227 2062; x_wconf 80' lang='lat' dir='ltr'>an-</span> 
     </span>
     <span class='ocr_line' id='line_1_56' title="bbox 49 2052 2226 2101; baseline 0.001 -20"><span class='ocrx_word' id='word_1_1195' title='bbox 49 2063 150 2086; x_wconf 68' lang='lat' dir='ltr'>amovet,</span> <span class='ocrx_word' id='word_1_1196' title='bbox 168 2055 198 2080; x_wconf 80' lang='lat' dir='ltr'>ab</span> <span class='ocrx_word' id='word_1_1197' title='bbox 217 2053 363 2089; x_wconf 84' lang='lat' dir='ltr'>Integendo</span> <span class='ocrx_word' id='word_1_1198' title='bbox 383 2052 493 2086; x_wconf 63' lang='lat' dir='ltr'>dictam,</span> <span class='ocrx_word' id='word_1_1199' title='bbox 513 2060 543 2080; x_wconf 82' lang='lat' dir='ltr'>vt</span> <span class='ocrx_word' id='word_1_1200' title='bbox 566 2053 753 2087; x_wconf 85' lang='lat' dir='ltr'>Concipilare,</span> <span class='ocrx_word' id='word_1_1201' title='bbox 771 2055 938 2088; x_wconf 86' lang='lat' dir='ltr'>reciperare,</span> <span class='ocrx_word' id='word_1_1202' title='bbox 957 2055 1110 2089; x_wconf 86' lang='lat' dir='ltr'>reciprocus</span> <span class='ocrx_word' id='word_1_1203' title='bbox 1175 2062 1274 2085; x_wconf 73' lang='lat' dir='ltr'>notauit</span> <span class='ocrx_word' id='word_1_1204' title='bbox 1292 2059 1406 2085; x_wconf 77' lang='lat' dir='ltr'>Ifidorus</span> <span class='ocrx_word' id='word_1_1205' title='bbox 1428 2064 1481 2092; x_wconf 72' lang='lat'>(13,</span> <span class='ocrx_word' id='word_1_1206' title='bbox 1495 2064 1546 2095; x_wconf 64' lang='lat'>67)</span> <span class='ocrx_word' id='word_1_1207' title='bbox 1570 2063 1637 2087; x_wconf 53' lang='lat' dir='ltr'>Haec</span> <span class='ocrx_word' id='word_1_1208' title='bbox 1651 2063 1768 2097; x_wconf 63' lang='lat' dir='ltr'>Scaliger,</span> <span class='ocrx_word' id='word_1_1209' title='bbox 1807 2063 1980 2091; x_wconf 66' lang='lat' dir='ltr'>1²1,3ut‚p(,en=</span> <span class='ocrx_word' id='word_1_1210' title='bbox 2000 2077 2028 2101; x_wconf 50' lang='lat'>4,</span> <span class='ocrx_word' id='word_1_1211' title='bbox 2043 2077 2065 2099; x_wconf 55' lang='grc' dir='ltr'>Ξ,</span> <span class='ocrx_word' id='word_1_1212' title='bbox 2079 2072 2111 2098; x_wconf 71' lang='lat'>86</span> <span class='ocrx_word' id='word_1_1213' title='bbox 2136 2072 2226 2098; x_wconf 59' lang='lat' dir='ltr'>profe-</span> 
     </span>
     <span class='ocr_line' id='line_1_57' title="bbox 14 2089 2227 2138; baseline 0.009 -27"><span class='ocrx_word' id='word_1_1214' title='bbox 14 2107 20 2111; x_wconf 82' lang='lat'>.</span> <span class='ocrx_word' id='word_1_1215' title='bbox 45 2097 101 2127; x_wconf 69' lang='lat' dir='ltr'>pro</span> <span class='ocrx_word' id='word_1_1216' title='bbox 122 2090 284 2124; x_wconf 82' lang='lat' dir='ltr'>compilare,</span> <span class='ocrx_word' id='word_1_1217' title='bbox 301 2091 594 2125; x_wconf 81' lang='lat' dir='ltr'>reparare‚&#39;teprocus.</span> <span class='ocrx_word' id='word_1_1218' title='bbox 649 2090 783 2125; x_wconf 76' lang='lat' dir='ltr'>Comparat</span> <span class='ocrx_word' id='word_1_1219' title='bbox 802 2089 889 2116; x_wconf 73' lang='lat' dir='ltr'>deinde</span> <span class='ocrx_word' id='word_1_1220' title='bbox 908 2100 962 2116; x_wconf 85' lang='lat' dir='ltr'>cum</span> <span class='ocrx_word' id='word_1_1221' title='bbox 981 2090 1110 2124; x_wconf 69' lang='grc' dir='ltr'>ἐγγυθήκῃ</span> <span class='ocrx_word' id='word_1_1222' title='bbox 1175 2094 1220 2122; x_wconf 73' lang='grc' dir='ltr'>ὁὶο</span> <span class='ocrx_word' id='word_1_1223' title='bbox 1234 2094 1266 2120; x_wconf 85' lang='lat' dir='ltr'>ad</span> <span class='ocrx_word' id='word_1_1224' title='bbox 1281 2094 1375 2121; x_wconf 84' lang='lat' dir='ltr'>incitas</span> <span class='ocrx_word' id='word_1_1225' title='bbox 1395 2096 1520 2121; x_wconf 79' lang='lat' dir='ltr'>lenonem</span> <span class='ocrx_word' id='word_1_1226' title='bbox 1539 2095 1685 2130; x_wconf 80' lang='lat' dir='ltr'>rediget‚fi</span> <span class='ocrx_word' id='word_1_1227' title='bbox 1702 2106 1744 2123; x_wconf 86' lang='lat' dir='ltr'>eas</span> <span class='ocrx_word' id='word_1_1228' title='bbox 1757 2096 1910 2126; x_wconf 82' lang='lat' dir='ltr'>abduxerit.</span> <span class='ocrx_word' id='word_1_1229' title='bbox 1930 2107 1977 2128; x_wconf 84' lang='grc' dir='ltr'>ΜΙ.</span> <span class='ocrx_word' id='word_1_1230' title='bbox 1998 2103 2071 2137; x_wconf 76' lang='lat' dir='ltr'>Qiin</span> <span class='ocrx_word' id='word_1_1231' title='bbox 2086 2105 2159 2138; x_wconf 87' lang='lat' dir='ltr'>prius</span> <span class='ocrx_word' id='word_1_1232' title='bbox 2174 2108 2227 2134; x_wconf 88' lang='lat' dir='ltr'>dis-</span> 
     </span>
     <span class='ocr_line' id='line_1_58' title="bbox 50 2125 2228 2175; baseline 0.01 -27.733"><span class='ocrx_word' id='word_1_1233' title='bbox 29 2127 94 2153; x_wconf 73' lang='lat' dir='ltr'>·vel</span> <span class='ocrx_word' id='word_1_1234' title='bbox 111 2125 250 2159; x_wconf 59' lang='grc' dir='ltr'>ἀγγοθήκη.</span> <span class='ocrx_word' id='word_1_1235' title='bbox 1175 2129 1294 2163; x_wconf 87' lang='lat' dir='ltr'>peribit,</span> <span class='ocrx_word' id='word_1_1236' title='bbox 1308 2130 1388 2160; x_wconf 83' lang='lat' dir='ltr'>faxo,</span> <span class='ocrx_word' id='word_1_1237' title='bbox 1409 2139 1488 2164; x_wconf 88' lang='lat' dir='ltr'>quam</span> <span class='ocrx_word' id='word_1_1238' title='bbox 1509 2140 1587 2157; x_wconf 88' lang='lat' dir='ltr'>vnam</span> <span class='ocrx_word' id='word_1_1239' title='bbox 1612 2131 1708 2157; x_wconf 87' lang='lat' dir='ltr'>calcem</span> <span class='ocrx_word' id='word_1_1240' title='bbox 1729 2132 1834 2160; x_wconf 85' lang='lat' dir='ltr'>ciuerit.</span> <span class='ocrx_word' id='word_1_1241' title='bbox 1848 2140 1850 2142; x_wconf 86' lang='lat'>&#39;</span> <span class='ocrx_word' id='word_1_1242' title='bbox 1905 2136 1977 2162; x_wconf 84' lang='lat' dir='ltr'>Idem</span> <span class='ocrx_word' id='word_1_1243' title='bbox 1992 2138 2075 2166; x_wconf 87' lang='lat' dir='ltr'>Trin.</span> <span class='ocrx_word' id='word_1_1244' title='bbox 2096 2149 2122 2172; x_wconf 84' lang='lat'>2,</span> <span class='ocrx_word' id='word_1_1245' title='bbox 2143 2151 2169 2174; x_wconf 79' lang='lat'>4,</span> <span class='ocrx_word' id='word_1_1246' title='bbox 2184 2146 2228 2175; x_wconf 85' lang='lat'>136</span> 
     </span>
     <span class='ocr_line' id='line_1_59' title="bbox 20 2153 2227 2205; baseline 0.006 -19"><span class='ocrx_word' id='word_1_1247' title='bbox 20 2155 42 2180; x_wconf 42' lang='grc' dir='ltr'>Υ·</span> <span class='ocrx_word' id='word_1_1248' title='bbox 91 2167 101 2186; x_wconf 90' lang='lat'>1</span> <span class='ocrx_word' id='word_1_1249' title='bbox 111 2169 133 2188; x_wconf 90' lang='lat' dir='ltr'>N</span> <span class='ocrx_word' id='word_1_1250' title='bbox 143 2168 160 2188; x_wconf 88' lang='lat' dir='ltr'>C</span> <span class='ocrx_word' id='word_1_1251' title='bbox 170 2159 183 2187; x_wconf 71' lang='grc' dir='ltr'><strong><em>ἴ</em></strong></span> <span class='ocrx_word' id='word_1_1252' title='bbox 192 2169 213 2188; x_wconf 88' lang='grc' dir='ltr'>Τ</span> <span class='ocrx_word' id='word_1_1253' title='bbox 224 2153 244 2187; x_wconf 79' lang='grc' dir='ltr'>ὸ</span> <span class='ocrx_word' id='word_1_1254' title='bbox 261 2181 270 2194; x_wconf 84' lang='grc'>,</span> <span class='ocrx_word' id='word_1_1255' title='bbox 296 2165 350 2187; x_wconf 70' lang='lat' dir='ltr'>are.</span> <span class='ocrx_word' id='word_1_1256' title='bbox 400 2160 412 2194; x_wconf 96' lang='lat'>[</span> <span class='ocrx_word' id='word_1_1257' title='bbox 423 2158 558 2195; x_wconf 73' lang='grc' dir='ltr'>παροξύνω,</span> <span class='ocrx_word' id='word_1_1258' title='bbox 571 2158 729 2195; x_wconf 71' lang='grc' dir='ltr'>’παρορμαίω]</span> <span class='ocrx_word' id='word_1_1259' title='bbox 775 2161 941 2189; x_wconf 74' lang='lat' dir='ltr'>Commouere,</span> <span class='ocrx_word' id='word_1_1260' title='bbox 959 2160 1110 2194; x_wconf 67' lang='lat' dir='ltr'>Compellt’r8‚</span> <span class='ocrx_word' id='word_1_1261' title='bbox 1175 2165 1203 2189; x_wconf 85' lang='lat' dir='ltr'>de</span> <span class='ocrx_word' id='word_1_1262' title='bbox 1216 2173 1288 2199; x_wconf 81' lang='lat' dir='ltr'>agro,</span> <span class='ocrx_word' id='word_1_1263' title='bbox 1303 2168 1373 2190; x_wconf 82' lang='lat' dir='ltr'>cuius</span> <span class='ocrx_word' id='word_1_1264' title='bbox 1385 2166 1500 2199; x_wconf 76' lang='lat' dir='ltr'>infelices</span> <span class='ocrx_word' id='word_1_1265' title='bbox 1511 2165 1621 2199; x_wconf 77' lang='lat' dir='ltr'>domini,</span> <span class='ocrx_word' id='word_1_1266' title='bbox 1640 2167 1725 2193; x_wconf 85' lang='lat' dir='ltr'>Hem!</span> <span class='ocrx_word' id='word_1_1267' title='bbox 1739 2177 1807 2194; x_wconf 87' lang='lat' dir='ltr'>nunc</span> <span class='ocrx_word' id='word_1_1268' title='bbox 1822 2169 1866 2196; x_wconf 93' lang='lat' dir='ltr'>hic</span> <span class='ocrx_word' id='word_1_1269' title='bbox 1879 2172 1953 2198; x_wconf 85' lang='lat' dir='ltr'>cuius</span> <span class='ocrx_word' id='word_1_1270' title='bbox 1965 2173 2018 2205; x_wconf 91' lang='lat' dir='ltr'>est,</span> <span class='ocrx_word' id='word_1_1271' title='bbox 2040 2175 2075 2201; x_wconf 89' lang='lat' dir='ltr'>Vt</span> <span class='ocrx_word' id='word_1_1272' title='bbox 2087 2176 2120 2202; x_wconf 81' lang='lat' dir='ltr'>ad</span> <span class='ocrx_word' id='word_1_1273' title='bbox 2134 2177 2227 2205; x_wconf 68' lang='lat' dir='ltr'>incitas</span> 
     </span>
     <span class='ocr_line' id='line_1_60' title="bbox 45 2190 2227 2243; baseline 0.005 -17"><span class='ocrx_word' id='word_1_1274' title='bbox 45 2190 199 2223; x_wconf 24' lang='lat' dir='ltr'>‘&#39;&#39;nffvdt&#39;rt&#39;l</span> <span class='ocrx_word' id='word_1_1275' title='bbox 219 2197 250 2223; x_wconf 71' lang='lat' dir='ltr'>ab</span> <span class='ocrx_word' id='word_1_1276' title='bbox 263 2198 310 2228; x_wconf 69' lang='lat'>1¹¹2</span> <span class='ocrx_word' id='word_1_1277' title='bbox 323 2203 346 2222; x_wconf 68' lang='lat' dir='ltr'>el</span> <span class='ocrx_word' id='word_1_1278' title='bbox 358 2197 422 2223; x_wconf 56' lang='lat' dir='ltr'>Clio</span> <span class='ocrx_word' id='word_1_1279' title='bbox 436 2196 508 2223; x_wconf 59' lang='lat' dir='ltr'>Cim&amp;-</span> <span class='ocrx_word' id='word_1_1280' title='bbox 540 2190 545 2196; x_wconf 57' lang='lat'><strong><em>¹</em></strong></span> <span class='ocrx_word' id='word_1_1281' title='bbox 565 2196 636 2223; x_wconf 63' lang='lat' dir='ltr'>caes·</span> <span class='ocrx_word' id='word_1_1282' title='bbox 652 2196 680 2221; x_wconf 83' lang='grc' dir='ltr'>Β·</span> <span class='ocrx_word' id='word_1_1283' title='bbox 694 2196 726 2221; x_wconf 81' lang='lat' dir='ltr'>G·</span> <span class='ocrx_word' id='word_1_1284' title='bbox 745 2204 768 2227; x_wconf 78' lang='lat'>32</span> <span class='ocrx_word' id='word_1_1285' title='bbox 784 2204 813 2222; x_wconf 84' lang='lat'>10</span> <span class='ocrx_word' id='word_1_1286' title='bbox 853 2194 901 2221; x_wconf 71' lang='lat' dir='ltr'>sed</span> <span class='ocrx_word' id='word_1_1287' title='bbox 920 2195 1003 2233; x_wconf 62' lang='lat' dir='ltr'>mnis?</span> <span class='ocrx_word' id='word_1_1288' title='bbox 1020 2200 1108 2220; x_wconf 63' lang='lat' dir='ltr'>tamen</span> <span class='ocrx_word' id='word_1_1289' title='bbox 1127 2209 1156 2235; x_wconf 76' lang='lat'>5,-</span> <span class='ocrx_word' id='word_1_1290' title='bbox 1173 2198 1308 2226; x_wconf 56' lang='lat' dir='ltr'>redactus!</span> <span class='ocrx_word' id='word_1_1291' title='bbox 1328 2199 1376 2225; x_wconf 72' lang='lat' dir='ltr'>Sed</span> <span class='ocrx_word' id='word_1_1292' title='bbox 1387 2208 1410 2226; x_wconf 76' lang='lat' dir='ltr'>ct</span> <span class='ocrx_word' id='word_1_1293' title='bbox 1425 2208 1510 2227; x_wconf 76' lang='lat' dir='ltr'>neutro</span> <span class='ocrx_word' id='word_1_1294' title='bbox 1523 2210 1609 2237; x_wconf 79' lang='lat' dir='ltr'>genere</span> <span class='ocrx_word' id='word_1_1295' title='bbox 1624 2203 1705 2228; x_wconf 80' lang='lat' dir='ltr'>incita</span> <span class='ocrx_word' id='word_1_1296' title='bbox 1717 2203 1840 2237; x_wconf 74' lang='lat' dir='ltr'>dicebant,</span> <span class='ocrx_word' id='word_1_1297' title='bbox 1855 2208 1933 2233; x_wconf 76' lang='lat' dir='ltr'>intell.</span> <span class='ocrx_word' id='word_1_1298' title='bbox 1942 2208 2040 2243; x_wconf 79' lang='lat' dir='ltr'>spatia,</span> <span class='ocrx_word' id='word_1_1299' title='bbox 2053 2211 2115 2237; x_wconf 71' lang='lat' dir='ltr'>loca.</span> <span class='ocrx_word' id='word_1_1300' title='bbox 2174 2215 2227 2242; x_wconf 87' lang='lat' dir='ltr'>Lu-</span> 
     </span>
     <span class='ocr_line' id='line_1_61' title="bbox 57 2226 2226 2277; baseline 0.022 -52"><span class='ocrx_word' id='word_1_1301' title='bbox 57 2226 192 2260; x_wconf 68' lang='lat' dir='ltr'>,jaesarem</span> <span class='ocrx_word' id='word_1_1302' title='bbox 206 2232 238 2260; x_wconf 87' lang='lat' dir='ltr'>ad</span> <span class='ocrx_word' id='word_1_1303' title='bbox 258 2232 360 2258; x_wconf 89' lang='lat' dir='ltr'>bellum</span> <span class='ocrx_word' id='word_1_1304' title='bbox 380 2231 534 2258; x_wconf 79' lang='lat' dir='ltr'>incitabant.</span> <span class='ocrx_word' id='word_1_1305' title='bbox 604 2230 719 2257; x_wconf 84' lang='lat' dir='ltr'>Incitare</span> <span class='ocrx_word' id='word_1_1306' title='bbox 733 2230 765 2256; x_wconf 85' lang='lat' dir='ltr'>ad</span> <span class='ocrx_word' id='word_1_1307' title='bbox 779 2229 949 2256; x_wconf 87' lang='lat' dir='ltr'>scribendum</span> <span class='ocrx_word' id='word_1_1308' title='bbox 963 2230 1020 2255; x_wconf 78' lang='lat' dir='ltr'>cic.</span> <span class='ocrx_word' id='word_1_1309' title='bbox 1034 2230 1107 2256; x_wconf 87' lang='lat' dir='ltr'>Fam.</span> <span class='ocrx_word' id='word_1_1310' title='bbox 1173 2234 1218 2260; x_wconf 82' lang='lat' dir='ltr'>cil.</span> <span class='ocrx_word' id='word_1_1311' title='bbox 1232 2234 1300 2269; x_wconf 76' lang='lat' dir='ltr'>apud</span> <span class='ocrx_word' id='word_1_1312' title='bbox 1311 2234 1384 2261; x_wconf 92' lang='lat' dir='ltr'>Non.</span> <span class='ocrx_word' id='word_1_1313' title='bbox 1401 2244 1423 2268; x_wconf 66' lang='grc' dir='ltr'>ε,</span> <span class='ocrx_word' id='word_1_1314' title='bbox 1439 2245 1492 2269; x_wconf 85' lang='lat'>422</span> <span class='ocrx_word' id='word_1_1315' title='bbox 1515 2237 1582 2263; x_wconf 90' lang='lat' dir='ltr'>Illud</span> <span class='ocrx_word' id='word_1_1316' title='bbox 1597 2237 1628 2263; x_wconf 87' lang='lat' dir='ltr'>ad</span> <span class='ocrx_word' id='word_1_1317' title='bbox 1644 2239 1726 2264; x_wconf 86' lang='lat' dir='ltr'>incita</span> <span class='ocrx_word' id='word_1_1318' title='bbox 1739 2249 1798 2265; x_wconf 86' lang='lat' dir='ltr'>cum</span> <span class='ocrx_word' id='word_1_1319' title='bbox 1817 2241 1900 2273; x_wconf 90' lang='lat' dir='ltr'>redit,</span> <span class='ocrx_word' id='word_1_1320' title='bbox 1914 2251 1992 2277; x_wconf 85' lang='lat' dir='ltr'>atque</span> <span class='ocrx_word' id='word_1_1321' title='bbox 2005 2243 2226 2276; x_wconf 85' lang='lat' dir='ltr'>internecionem.</span> 
     </span>
     <span class='ocr_line' id='line_1_62' title="bbox 46 2262 2225 2311; baseline 0.006 -16"><span class='ocrx_word' id='word_1_1322' title='bbox 46 2262 81 2302; x_wconf 51' lang='lat'>¹5¹,</span> <span class='ocrx_word' id='word_1_1323' title='bbox 94 2270 130 2295; x_wconf 89' lang='lat'>16.</span> <span class='ocrx_word' id='word_1_1324' title='bbox 203 2267 277 2294; x_wconf 85' lang='lat' dir='ltr'>Idem</span> <span class='ocrx_word' id='word_1_1325' title='bbox 293 2267 325 2293; x_wconf 90' lang='lat' dir='ltr'>de</span> <span class='ocrx_word' id='word_1_1326' title='bbox 337 2267 413 2294; x_wconf 85' lang='lat' dir='ltr'>Orat.</span> <span class='ocrx_word' id='word_1_1327' title='bbox 433 2275 460 2299; x_wconf 90' lang='lat'>2,</span> <span class='ocrx_word' id='word_1_1328' title='bbox 476 2269 521 2296; x_wconf 89' lang='lat'>186</span> <span class='ocrx_word' id='word_1_1329' title='bbox 537 2275 560 2292; x_wconf 82' lang='lat' dir='ltr'>c·</span> <span class='ocrx_word' id='word_1_1330' title='bbox 577 2275 616 2299; x_wconf 87' lang='lat'>44</span> <span class='ocrx_word' id='word_1_1331' title='bbox 654 2265 769 2291; x_wconf 73' lang='lat' dir='ltr'>Facilius</span> <span class='ocrx_word' id='word_1_1332' title='bbox 796 2264 833 2291; x_wconf 81' lang='lat' dir='ltr'>est</span> <span class='ocrx_word' id='word_1_1333' title='bbox 859 2265 932 2291; x_wconf 77' lang='lat' dir='ltr'>essim</span> <span class='ocrx_word' id='word_1_1334' title='bbox 956 2270 1107 2291; x_wconf 64' lang='lat' dir='ltr'>currentem</span> <span class='ocrx_word' id='word_1_1335' title='bbox 1173 2271 1205 2297; x_wconf 78' lang='lat' dir='ltr'>Et</span> <span class='ocrx_word' id='word_1_1336' title='bbox 1220 2269 1349 2296; x_wconf 85' lang='lat' dir='ltr'>Villicum</span> <span class='ocrx_word' id='word_1_1337' title='bbox 1363 2271 1569 2305; x_wconf 85' lang='lat' dir='ltr'>Aristocratem,</span> <span class='ocrx_word' id='word_1_1338' title='bbox 1589 2273 1774 2310; x_wconf 80' lang='lat' dir='ltr'>mediastinum</span> <span class='ocrx_word' id='word_1_1339' title='bbox 1787 2282 1866 2310; x_wconf 88' lang='lat' dir='ltr'>atque</span> <span class='ocrx_word' id='word_1_1340' title='bbox 1888 2277 2032 2305; x_wconf 88' lang='lat' dir='ltr'>bubulcum</span> <span class='ocrx_word' id='word_1_1341' title='bbox 2046 2281 2225 2311; x_wconf 87' lang='lat' dir='ltr'>Commandu.</span> 
     </span>
     <span class='ocr_line' id='line_1_63' title="bbox 13 2300 2226 2355; baseline 0.012 -37"><span class='ocrx_word' id='word_1_1342' title='bbox 13 2304 16 2305; x_wconf 44' lang='lat'><em>⁷</em></span> <span class='ocrx_word' id='word_1_1343' title='bbox 50 2307 99 2335; x_wconf 57' lang='lat' dir='ltr'>(vt</span> <span class='ocrx_word' id='word_1_1344' title='bbox 118 2303 212 2336; x_wconf 62' lang='lat' dir='ltr'>aiunt)</span> <span class='ocrx_word' id='word_1_1345' title='bbox 232 2302 359 2334; x_wconf 86' lang='lat' dir='ltr'>incitare,</span> <span class='ocrx_word' id='word_1_1346' title='bbox 376 2310 457 2336; x_wconf 66' lang='lat' dir='ltr'>quam</span> <span class='ocrx_word' id='word_1_1347' title='bbox 479 2308 653 2327; x_wconf 75' lang='lat' dir='ltr'>commouere</span> <span class='ocrx_word' id='word_1_1348' title='bbox 671 2300 853 2334; x_wconf 77' lang='lat' dir='ltr'>languentem.</span> <span class='ocrx_word' id='word_1_1349' title='bbox 925 2301 956 2326; x_wconf 82' lang='lat' dir='ltr'>Et</span> <span class='ocrx_word' id='word_1_1350' title='bbox 975 2300 1055 2340; x_wconf 81' lang='lat' dir='ltr'>Acad.</span> <span class='ocrx_word' id='word_1_1351' title='bbox 1076 2310 1105 2334; x_wconf 78' lang='lat'>4,</span> <span class='ocrx_word' id='word_1_1352' title='bbox 1172 2310 1244 2332; x_wconf 87' lang='lat' dir='ltr'>catus</span> <span class='ocrx_word' id='word_1_1353' title='bbox 1265 2307 1401 2340; x_wconf 87' lang='lat' dir='ltr'>corrupit,</span> <span class='ocrx_word' id='word_1_1354' title='bbox 1416 2306 1448 2333; x_wconf 92' lang='lat' dir='ltr'>ad</span> <span class='ocrx_word' id='word_1_1355' title='bbox 1467 2307 1549 2335; x_wconf 86' lang='lat' dir='ltr'>incita</span> <span class='ocrx_word' id='word_1_1356' title='bbox 1568 2309 1665 2343; x_wconf 86' lang='lat' dir='ltr'>adegit.</span> <span class='ocrx_word' id='word_1_1357' title='bbox 1720 2311 1843 2337; x_wconf 82' lang='lat' dir='ltr'>Mamert.</span> <span class='ocrx_word' id='word_1_1358' title='bbox 1859 2312 1952 2347; x_wconf 84' lang='lat' dir='ltr'>Paneg.</span> <span class='ocrx_word' id='word_1_1359' title='bbox 1967 2315 2061 2342; x_wconf 85' lang='lat' dir='ltr'>Iulian.</span> <span class='ocrx_word' id='word_1_1360' title='bbox 2077 2326 2098 2344; x_wconf 85' lang='lat' dir='ltr'>c.</span> <span class='ocrx_word' id='word_1_1361' title='bbox 2113 2328 2130 2351; x_wconf 84' lang='lat'><em>9</em></span> <span class='ocrx_word' id='word_1_1362' title='bbox 2165 2321 2226 2355; x_wconf 83' lang='lat' dir='ltr'>Epi-</span> 
     </span>
     <span class='ocr_line' id='line_1_64' title="bbox 50 2335 2226 2390; baseline 0.007 -27"><span class='ocrx_word' id='word_1_1363' title='bbox 50 2347 104 2373; x_wconf 79' lang='lat'>144</span> <span class='ocrx_word' id='word_1_1364' title='bbox 135 2339 192 2371; x_wconf 71' lang='lat' dir='ltr'>Qui</span> <span class='ocrx_word' id='word_1_1365' title='bbox 208 2337 226 2364; x_wconf 83' lang='lat' dir='ltr'><strong>fi</strong></span> <span class='ocrx_word' id='word_1_1366' title='bbox 246 2336 365 2371; x_wconf 84' lang='lat' dir='ltr'>vndique</span> <span class='ocrx_word' id='word_1_1367' title='bbox 378 2345 470 2362; x_wconf 84' lang='lat' dir='ltr'>omnes</span> <span class='ocrx_word' id='word_1_1368' title='bbox 484 2336 674 2366; x_wconf 86' lang='lat' dir='ltr'>conuenerint,</span> <span class='ocrx_word' id='word_1_1369' title='bbox 691 2335 769 2362; x_wconf 82' lang='lat' dir='ltr'>facile</span> <span class='ocrx_word' id='word_1_1370' title='bbox 785 2342 878 2363; x_wconf 79' lang='lat' dir='ltr'>contra</span> <span class='ocrx_word' id='word_1_1371' title='bbox 896 2345 944 2362; x_wconf 87' lang='lat' dir='ltr'>vos</span> <span class='ocrx_word' id='word_1_1372' title='bbox 958 2336 1108 2362; x_wconf 73' lang='lat' dir='ltr'>incitabun-</span> <span class='ocrx_word' id='word_1_1373' title='bbox 1170 2347 1246 2367; x_wconf 85' lang='lat' dir='ltr'>rotae</span> <span class='ocrx_word' id='word_1_1374' title='bbox 1261 2340 1292 2367; x_wconf 85' lang='lat' dir='ltr'>ad</span> <span class='ocrx_word' id='word_1_1375' title='bbox 1306 2342 1398 2368; x_wconf 82' lang='lat' dir='ltr'>incitas</span> <span class='ocrx_word' id='word_1_1376' title='bbox 1411 2343 1574 2370; x_wconf 78' lang='lat' dir='ltr'>intolerandi</span> <span class='ocrx_word' id='word_1_1377' title='bbox 1586 2344 1682 2370; x_wconf 82' lang='lat' dir='ltr'>tributi</span> <span class='ocrx_word' id='word_1_1378' title='bbox 1698 2345 1770 2371; x_wconf 83' lang='lat' dir='ltr'>mole</span> <span class='ocrx_word' id='word_1_1379' title='bbox 1783 2346 1898 2380; x_wconf 72' lang='lat' dir='ltr'>depreffi.</span> <span class='ocrx_word' id='word_1_1380' title='bbox 1949 2351 2026 2384; x_wconf 81' lang='lat' dir='ltr'>Apul.</span> <span class='ocrx_word' id='word_1_1381' title='bbox 2036 2353 2100 2379; x_wconf 81' lang='lat' dir='ltr'>Met.</span> <span class='ocrx_word' id='word_1_1382' title='bbox 2112 2362 2124 2386; x_wconf 79' lang='lat'><em>3</em></span> <span class='ocrx_word' id='word_1_1383' title='bbox 2138 2364 2161 2389; x_wconf 87' lang='lat' dir='ltr'>p.</span> <span class='ocrx_word' id='word_1_1384' title='bbox 2172 2365 2226 2390; x_wconf 78' lang='lat'>¹4¹,</span> 
     </span>
    </p>
   </div>
   <div class='ocr_carea' id='block_1_8' title="bbox 8 2370 2226 3060">
    <p class='ocr_par' dir='ltr' id='par_1_13' title="bbox 41 2370 2226 2513">
     <span class='ocr_line' id='line_1_65' title="bbox 41 2370 2226 2419; baseline 0.011 -26"><span class='ocrx_word' id='word_1_1385' title='bbox 41 2380 102 2411; x_wconf 50' lang='lat' dir='ltr'>gur,</span> <span class='ocrx_word' id='word_1_1386' title='bbox 174 2372 299 2399; x_wconf 78' lang='lat' dir='ltr'>Trebon,</span> <span class='ocrx_word' id='word_1_1387' title='bbox 314 2372 346 2398; x_wconf 78' lang='lat' dir='ltr'>ad</span> <span class='ocrx_word' id='word_1_1388' title='bbox 360 2372 417 2398; x_wconf 88' lang='lat' dir='ltr'>Cic.</span> <span class='ocrx_word' id='word_1_1389' title='bbox 432 2373 505 2398; x_wconf 83' lang='lat' dir='ltr'>Fam.</span> <span class='ocrx_word' id='word_1_1390' title='bbox 519 2379 557 2403; x_wconf 92' lang='lat'>12,</span> <span class='ocrx_word' id='word_1_1391' title='bbox 571 2373 600 2397; x_wconf 90' lang='lat'>16</span> <span class='ocrx_word' id='word_1_1392' title='bbox 624 2371 668 2397; x_wconf 83' lang='lat' dir='ltr'>Ne</span> <span class='ocrx_word' id='word_1_1393' title='bbox 682 2377 756 2405; x_wconf 81' lang='lat' dir='ltr'>putes</span> <span class='ocrx_word' id='word_1_1394' title='bbox 771 2371 799 2397; x_wconf 88' lang='lat' dir='ltr'>in</span> <span class='ocrx_word' id='word_1_1395' title='bbox 814 2370 873 2398; x_wconf 74' lang='lat' dir='ltr'>Afia</span> <span class='ocrx_word' id='word_1_1396' title='bbox 885 2371 1013 2398; x_wconf 75' lang='lat' dir='ltr'>feriatum</span> <span class='ocrx_word' id='word_1_1397' title='bbox 1028 2371 1106 2398; x_wconf 82' lang='lat' dir='ltr'>illum</span> <span class='ocrx_word' id='word_1_1398' title='bbox 1117 2384 1152 2409; x_wconf 78' lang='lat'>60</span> <span class='ocrx_word' id='word_1_1399' title='bbox 1171 2384 1203 2408; x_wconf 85' lang='lat'>30</span> <span class='ocrx_word' id='word_1_1400' title='bbox 1223 2375 1266 2402; x_wconf 86' lang='lat' dir='ltr'>vbi</span> <span class='ocrx_word' id='word_1_1401' title='bbox 1279 2378 1386 2404; x_wconf 77' lang='lat' dir='ltr'>Elmenh.</span> <span class='ocrx_word' id='word_1_1402' title='bbox 1407 2378 1447 2404; x_wconf 88' lang='lat' dir='ltr'>Ad</span> <span class='ocrx_word' id='word_1_1403' title='bbox 1462 2385 1593 2405; x_wconf 82' lang='lat' dir='ltr'>extremas</span> <span class='ocrx_word' id='word_1_1404' title='bbox 1606 2385 1687 2405; x_wconf 86' lang='lat' dir='ltr'>metas</span> <span class='ocrx_word' id='word_1_1405' title='bbox 1702 2380 1825 2414; x_wconf 62' lang='lat' dir='ltr'>deducti,</span> <span class='ocrx_word' id='word_1_1406' title='bbox 1844 2384 1877 2409; x_wconf 83' lang='lat' dir='ltr'>al.</span> <span class='ocrx_word' id='word_1_1407' title='bbox 1893 2384 1981 2411; x_wconf 75' lang='lat' dir='ltr'>hubent</span> <span class='ocrx_word' id='word_1_1408' title='bbox 2002 2388 2104 2415; x_wconf 74' lang='lat' dir='ltr'>incitas.</span> <span class='ocrx_word' id='word_1_1409' title='bbox 2157 2392 2226 2419; x_wconf 83' lang='lat' dir='ltr'>Com.</span> 
     </span>
     <span class='ocr_line' id='line_1_66' title="bbox 48 2406 2116 2451; baseline 0.008 -17"><span class='ocrx_word' id='word_1_1410' title='bbox 48 2408 84 2437; x_wconf 88' lang='lat' dir='ltr'>ab</span> <span class='ocrx_word' id='word_1_1411' title='bbox 102 2408 144 2435; x_wconf 82' lang='lat' dir='ltr'>his</span> <span class='ocrx_word' id='word_1_1412' title='bbox 164 2409 274 2441; x_wconf 84' lang='lat' dir='ltr'>studiis,</span> <span class='ocrx_word' id='word_1_1413' title='bbox 287 2408 316 2434; x_wconf 87' lang='lat' dir='ltr'>in</span> <span class='ocrx_word' id='word_1_1414' title='bbox 337 2416 405 2442; x_wconf 87' lang='lat' dir='ltr'>quae</span> <span class='ocrx_word' id='word_1_1415' title='bbox 426 2413 470 2434; x_wconf 86' lang='lat' dir='ltr'>tua</span> <span class='ocrx_word' id='word_1_1416' title='bbox 489 2406 678 2432; x_wconf 88' lang='lat' dir='ltr'>cohortatione</span> <span class='ocrx_word' id='word_1_1417' title='bbox 696 2407 819 2433; x_wconf 87' lang='lat' dir='ltr'>incitatus</span> <span class='ocrx_word' id='word_1_1418' title='bbox 832 2424 841 2437; x_wconf 86' lang='lat'>,</span> <span class='ocrx_word' id='word_1_1419' title='bbox 859 2406 989 2434; x_wconf 87' lang='lat' dir='ltr'>futurum.</span> <span class='ocrx_word' id='word_1_1420' title='bbox 1036 2442 1042 2447; x_wconf 45' lang='grc'><em>.</em></span> <span class='ocrx_word' id='word_1_1421' title='bbox 1062 2407 1104 2433; x_wconf 87' lang='lat' dir='ltr'>Ad</span> <span class='ocrx_word' id='word_1_1422' title='bbox 1165 2415 1261 2448; x_wconf 75' lang='lat' dir='ltr'>parari</span> <span class='ocrx_word' id='word_1_1423' title='bbox 1270 2411 1352 2446; x_wconf 65' lang='lat' dir='ltr'>potest</span> <span class='ocrx_word' id='word_1_1424' title='bbox 1365 2414 1429 2438; x_wconf 82' lang='lat' dir='ltr'>Met.</span> <span class='ocrx_word' id='word_1_1425' title='bbox 1445 2422 1461 2445; x_wconf 88' lang='lat'><em>9</em></span> <span class='ocrx_word' id='word_1_1426' title='bbox 1475 2423 1499 2448; x_wconf 87' lang='lat' dir='ltr'>p.</span> <span class='ocrx_word' id='word_1_1427' title='bbox 1515 2422 1570 2446; x_wconf 82' lang='lat'>223,</span> <span class='ocrx_word' id='word_1_1428' title='bbox 1584 2423 1597 2446; x_wconf 90' lang='grc'>3</span> <span class='ocrx_word' id='word_1_1429' title='bbox 1625 2415 1655 2441; x_wconf 83' lang='lat' dir='ltr'>Et</span> <span class='ocrx_word' id='word_1_1430' title='bbox 1668 2414 1701 2441; x_wconf 87' lang='lat' dir='ltr'>ad</span> <span class='ocrx_word' id='word_1_1431' title='bbox 1717 2416 1810 2443; x_wconf 85' lang='lat' dir='ltr'>vltima</span> <span class='ocrx_word' id='word_1_1432' title='bbox 1824 2418 1912 2445; x_wconf 75' lang='lat' dir='ltr'>salutis</span> <span class='ocrx_word' id='word_1_1433' title='bbox 1924 2420 1978 2447; x_wconf 86' lang='lat' dir='ltr'>iam</span> <span class='ocrx_word' id='word_1_1434' title='bbox 1990 2422 2116 2451; x_wconf 84' lang='lat' dir='ltr'>detrusus.</span> 
     </span>
     <span class='ocr_line' id='line_1_67' title="bbox 46 2441 2223 2490; baseline 0.007 -20"><span class='ocrx_word' id='word_1_1435' title='bbox 46 2444 167 2472; x_wconf 79' lang='lat' dir='ltr'>studium</span> <span class='ocrx_word' id='word_1_1436' title='bbox 180 2450 206 2471; x_wconf 81' lang='lat' dir='ltr'>et</span> <span class='ocrx_word' id='word_1_1437' title='bbox 218 2444 338 2471; x_wconf 88' lang='lat' dir='ltr'>laborem</span> <span class='ocrx_word' id='word_1_1438' title='bbox 353 2442 483 2469; x_wconf 87' lang='lat' dir='ltr'>incitandi</span> <span class='ocrx_word' id='word_1_1439' title='bbox 500 2442 610 2467; x_wconf 80' lang='lat' dir='ltr'>iuuenes</span> <span class='ocrx_word' id='word_1_1440' title='bbox 624 2441 681 2467; x_wconf 87' lang='lat' dir='ltr'>Cic.</span> <span class='ocrx_word' id='word_1_1441' title='bbox 696 2441 728 2467; x_wconf 88' lang='lat' dir='ltr'>de</span> <span class='ocrx_word' id='word_1_1442' title='bbox 741 2442 816 2471; x_wconf 90' lang='lat' dir='ltr'>Orat.</span> <span class='ocrx_word' id='word_1_1443' title='bbox 829 2451 848 2473; x_wconf 86' lang='lat'>1,</span> <span class='ocrx_word' id='word_1_1444' title='bbox 860 2445 933 2483; x_wconf 65' lang='lat'>262.⁸</span> <span class='ocrx_word' id='word_1_1445' title='bbox 990 2441 1104 2483; x_wconf 71' lang='lat' dir='ltr'>A¹¹¹.¹¹¹⁰.⁵</span> <span class='ocrx_word' id='word_1_1446' title='bbox 1208 2454 1248 2473; x_wconf 75' lang='grc' dir='ltr'>[Ν</span> <span class='ocrx_word' id='word_1_1447' title='bbox 1258 2453 1276 2473; x_wconf 83' lang='lat' dir='ltr'>c</span> <span class='ocrx_word' id='word_1_1448' title='bbox 1288 2454 1297 2472; x_wconf 93' lang='lat'>1</span> <span class='ocrx_word' id='word_1_1449' title='bbox 1307 2453 1417 2475; x_wconf 84' lang='lat' dir='ltr'>TATO</span> <span class='ocrx_word' id='word_1_1450' title='bbox 1427 2455 1464 2481; x_wconf 88' lang='lat' dir='ltr'>R,</span> <span class='ocrx_word' id='word_1_1451' title='bbox 1484 2449 1549 2475; x_wconf 80' lang='lat' dir='ltr'>oris.</span> <span class='ocrx_word' id='word_1_1452' title='bbox 1579 2459 1614 2476; x_wconf 89' lang='lat' dir='ltr'>m.</span> <span class='ocrx_word' id='word_1_1453' title='bbox 1652 2451 1774 2479; x_wconf 85' lang='lat' dir='ltr'>Prudent.</span> <span class='ocrx_word' id='word_1_1454' title='bbox 1789 2453 1867 2480; x_wconf 84' lang='lat' dir='ltr'>Rom.</span> <span class='ocrx_word' id='word_1_1455' title='bbox 1882 2457 1917 2490; x_wconf 89' lang='lat'>67</span> <span class='ocrx_word' id='word_1_1456' title='bbox 1944 2457 1979 2483; x_wconf 87' lang='lat' dir='ltr'>Vt</span> <span class='ocrx_word' id='word_1_1457' title='bbox 1996 2458 2124 2488; x_wconf 83' lang='lat' dir='ltr'>incitator</span> <span class='ocrx_word' id='word_1_1458' title='bbox 2141 2467 2166 2488; x_wconf 88' lang='lat' dir='ltr'>et</span> <span class='ocrx_word' id='word_1_1459' title='bbox 2179 2463 2223 2490; x_wconf 75' lang='lat' dir='ltr'>fax</span> 
     </span>
     <span class='ocr_line' id='line_1_68' title="bbox 46 2477 1301 2513; baseline -0.002 -6"><span class='ocrx_word' id='word_1_1460' title='bbox 46 2481 156 2513; x_wconf 68' lang='lat' dir='ltr'>reduc,</span> <span class='ocrx_word' id='word_1_1461' title='bbox 175 2488 199 2506; x_wconf 75' lang='lat' dir='ltr'>et</span> <span class='ocrx_word' id='word_1_1462' title='bbox 212 2480 342 2510; x_wconf 89' lang='lat' dir='ltr'>Incitare,</span> <span class='ocrx_word' id='word_1_1463' title='bbox 360 2480 491 2504; x_wconf 77' lang='lat' dir='ltr'>contraria</span> <span class='ocrx_word' id='word_1_1464' title='bbox 510 2477 584 2503; x_wconf 90' lang='lat' dir='ltr'>Idem</span> <span class='ocrx_word' id='word_1_1465' title='bbox 603 2477 632 2503; x_wconf 92' lang='lat' dir='ltr'>in</span> <span class='ocrx_word' id='word_1_1466' title='bbox 644 2477 719 2503; x_wconf 88' lang='lat' dir='ltr'>Orat.</span> <span class='ocrx_word' id='word_1_1467' title='bbox 735 2480 775 2509; x_wconf 80' lang='lat'>63.</span> <span class='ocrx_word' id='word_1_1468' title='bbox 844 2478 1018 2505; x_wconf 78' lang='lat' dir='ltr'>Celeritatem</span> <span class='ocrx_word' id='word_1_1469' title='bbox 1038 2486 1104 2504; x_wconf 77' lang='lat' dir='ltr'>inci·</span> <span class='ocrx_word' id='word_1_1470' title='bbox 1169 2482 1301 2509; x_wconf 81' lang='lat' dir='ltr'>omnium,</span> 
     </span>
    </p>

    <p class='ocr_par' dir='ltr' id='par_1_14' title="bbox 8 2512 2221 2596">
     <span class='ocr_line' id='line_1_69' title="bbox 8 2512 2221 2560; baseline 0.007 -17"><span class='ocrx_word' id='word_1_1471' title='bbox 8 2520 9 2527; x_wconf 67' lang='lat'>¹</span> <span class='ocrx_word' id='word_1_1472' title='bbox 48 2522 88 2543; x_wconf 80' lang='lat' dir='ltr'>tat</span> <span class='ocrx_word' id='word_1_1473' title='bbox 109 2516 266 2542; x_wconf 80' lang='lat' dir='ltr'>exercitatIO</span> <span class='ocrx_word' id='word_1_1474' title='bbox 284 2513 430 2549; x_wconf 86' lang='lat' dir='ltr'>eloquendi</span> <span class='ocrx_word' id='word_1_1475' title='bbox 454 2512 494 2539; x_wconf 90' lang='lat' dir='ltr'>Id.</span> <span class='ocrx_word' id='word_1_1476' title='bbox 508 2512 540 2539; x_wconf 86' lang='lat' dir='ltr'>de</span> <span class='ocrx_word' id='word_1_1477' title='bbox 553 2513 628 2539; x_wconf 86' lang='lat' dir='ltr'>Orat.</span> <span class='ocrx_word' id='word_1_1478' title='bbox 651 2521 671 2545; x_wconf 92' lang='lat'>1,</span> <span class='ocrx_word' id='word_1_1479' title='bbox 685 2521 720 2545; x_wconf 88' lang='lat'>90</span> <span class='ocrx_word' id='word_1_1480' title='bbox 739 2522 761 2539; x_wconf 90' lang='lat' dir='ltr'>c.</span> <span class='ocrx_word' id='word_1_1481' title='bbox 776 2521 819 2539; x_wconf 89' lang='lat'>20.</span> <span class='ocrx_word' id='word_1_1482' title='bbox 892 2513 1046 2548; x_wconf 87' lang='lat' dir='ltr'>Cupiditate</span> <span class='ocrx_word' id='word_1_1483' title='bbox 1066 2513 1104 2554; x_wconf 78' lang='lat' dir='ltr'>fa·</span> <span class='ocrx_word' id='word_1_1484' title='bbox 1203 2524 1213 2543; x_wconf 87' lang='lat'>1</span> <span class='ocrx_word' id='word_1_1485' title='bbox 1224 2523 1272 2544; x_wconf 83' lang='lat' dir='ltr'>Nc</span> <span class='ocrx_word' id='word_1_1486' title='bbox 1284 2525 1479 2551; x_wconf 75' lang='lat' dir='ltr'>1TATR1X,</span> <span class='ocrx_word' id='word_1_1487' title='bbox 1498 2520 1553 2546; x_wconf 84' lang='lat' dir='ltr'>icis.</span> <span class='ocrx_word' id='word_1_1488' title='bbox 1573 2520 1593 2546; x_wconf 86' lang='lat' dir='ltr'>f.</span> <span class='ocrx_word' id='word_1_1489' title='bbox 1630 2521 1731 2548; x_wconf 86' lang='lat' dir='ltr'>Arnob.</span> <span class='ocrx_word' id='word_1_1490' title='bbox 1747 2531 1763 2549; x_wconf 84' lang='lat'>2</span> <span class='ocrx_word' id='word_1_1491' title='bbox 1784 2532 1808 2558; x_wconf 88' lang='lat' dir='ltr'>p.</span> <span class='ocrx_word' id='word_1_1492' title='bbox 1822 2526 1859 2557; x_wconf 85' lang='lat'>64</span> <span class='ocrx_word' id='word_1_1493' title='bbox 1887 2525 1936 2552; x_wconf 90' lang='lat' dir='ltr'>Ista</span> <span class='ocrx_word' id='word_1_1494' title='bbox 1956 2529 2087 2560; x_wconf 78' lang='lat' dir='ltr'>persuafio</span> <span class='ocrx_word' id='word_1_1495' title='bbox 2101 2531 2137 2557; x_wconf 86' lang='lat' dir='ltr'>est</span> <span class='ocrx_word' id='word_1_1496' title='bbox 2154 2532 2221 2560; x_wconf 89' lang='lat' dir='ltr'>inci-</span> 
     </span>
     <span class='ocr_line' id='line_1_70' title="bbox 48 2547 2221 2596; baseline 0.006 -18"><span class='ocrx_word' id='word_1_1497' title='bbox 48 2551 139 2579; x_wconf 69' lang='lat' dir='ltr'>ciendi</span> <span class='ocrx_word' id='word_1_1498' title='bbox 152 2549 256 2585; x_wconf 89' lang='lat' dir='ltr'>aliquid</span> <span class='ocrx_word' id='word_1_1499' title='bbox 275 2549 391 2584; x_wconf 85' lang='lat' dir='ltr'>aliquem</span> <span class='ocrx_word' id='word_1_1500' title='bbox 404 2548 516 2575; x_wconf 80' lang='lat' dir='ltr'>incitare</span> <span class='ocrx_word' id='word_1_1501' title='bbox 535 2548 592 2575; x_wconf 73' lang='lat' dir='ltr'>Cic.</span> <span class='ocrx_word' id='word_1_1502' title='bbox 607 2547 639 2574; x_wconf 90' lang='lat' dir='ltr'>de</span> <span class='ocrx_word' id='word_1_1503' title='bbox 653 2548 724 2575; x_wconf 87' lang='lat' dir='ltr'>Clar.</span> <span class='ocrx_word' id='word_1_1504' title='bbox 737 2549 812 2575; x_wconf 88' lang='lat' dir='ltr'>Orat.</span> <span class='ocrx_word' id='word_1_1505' title='bbox 826 2556 878 2583; x_wconf 84' lang='lat'>317.</span> <span class='ocrx_word' id='word_1_1506' title='bbox 951 2548 1026 2575; x_wconf 85' lang='lat' dir='ltr'>Idem</span> <span class='ocrx_word' id='word_1_1507' title='bbox 1043 2549 1103 2576; x_wconf 81' lang='lat' dir='ltr'>Phi-</span> <span class='ocrx_word' id='word_1_1508' title='bbox 1118 2556 1150 2589; x_wconf 77' lang='lat'>65</span> <span class='ocrx_word' id='word_1_1509' title='bbox 1167 2554 1249 2580; x_wconf 64' lang='lat' dir='ltr'>tutrix</span> <span class='ocrx_word' id='word_1_1510' title='bbox 1270 2553 1303 2580; x_wconf 79' lang='lat' dir='ltr'>ad</span> <span class='ocrx_word' id='word_1_1511' title='bbox 1323 2553 1399 2581; x_wconf 88' lang='lat' dir='ltr'>vitia.</span> <span class='ocrx_word' id='word_1_1512' title='bbox 1454 2555 1572 2582; x_wconf 67' lang='lat' dir='ltr'>Ladiant.</span> <span class='ocrx_word' id='word_1_1513' title='bbox 1590 2554 1677 2583; x_wconf 78' lang='lat' dir='ltr'>deira</span> <span class='ocrx_word' id='word_1_1514' title='bbox 1690 2558 1741 2584; x_wconf 87' lang='lat' dir='ltr'>Dei</span> <span class='ocrx_word' id='word_1_1515' title='bbox 1755 2567 1792 2591; x_wconf 84' lang='lat'>23,</span> <span class='ocrx_word' id='word_1_1516' title='bbox 1806 2567 1840 2586; x_wconf 88' lang='lat'>22</span> <span class='ocrx_word' id='word_1_1517' title='bbox 1866 2561 1997 2595; x_wconf 84' lang='lat' dir='ltr'>Opulenta</span> <span class='ocrx_word' id='word_1_1518' title='bbox 2015 2564 2161 2594; x_wconf 78' lang='lat' dir='ltr'>libidinum</span> <span class='ocrx_word' id='word_1_1519' title='bbox 2181 2569 2221 2596; x_wconf 76' lang='lat' dir='ltr'>jn.</span> 
     </span>
    </p>

    <p class='ocr_par' dir='ltr' id='par_1_15' title="bbox 30 2584 2220 2672">
     <span class='ocr_line' id='line_1_71' title="bbox 30 2584 2012 2628; baseline 0.001 -17"><span class='ocrx_word' id='word_1_1520' title='bbox 30 2606 34 2611; x_wconf 77' lang='lat'>.</span> <span class='ocrx_word' id='word_1_1521' title='bbox 49 2588 116 2622; x_wconf 85' lang='lat' dir='ltr'>lipp.</span> <span class='ocrx_word' id='word_1_1522' title='bbox 133 2596 155 2619; x_wconf 79' lang='lat'>3,</span> <span class='ocrx_word' id='word_1_1523' title='bbox 169 2596 197 2619; x_wconf 87' lang='lat'>19</span> <span class='ocrx_word' id='word_1_1524' title='bbox 223 2587 348 2619; x_wconf 83' lang='lat' dir='ltr'>Qlorum</span> <span class='ocrx_word' id='word_1_1525' title='bbox 362 2584 534 2612; x_wconf 67' lang='lat' dir='ltr'>consistorum</span> <span class='ocrx_word' id='word_1_1526' title='bbox 548 2584 679 2615; x_wconf 82' lang='lat' dir='ltr'>Caesaris,</span> <span class='ocrx_word' id='word_1_1527' title='bbox 696 2590 722 2611; x_wconf 91' lang='lat' dir='ltr'>et</span> <span class='ocrx_word' id='word_1_1528' title='bbox 736 2593 780 2610; x_wconf 91' lang='lat' dir='ltr'>me</span> <span class='ocrx_word' id='word_1_1529' title='bbox 793 2584 932 2611; x_wconf 66' lang='lat' dir='ltr'>aueiorem</span> <span class='ocrx_word' id='word_1_1530' title='bbox 945 2590 971 2610; x_wconf 86' lang='lat' dir='ltr'>et</span> <span class='ocrx_word' id='word_1_1531' title='bbox 985 2585 1104 2611; x_wconf 90' lang='lat' dir='ltr'>hortato-</span> <span class='ocrx_word' id='word_1_1532' title='bbox 1167 2589 1285 2616; x_wconf 59' lang='lat' dir='ltr'>citam-ix,</span> <span class='ocrx_word' id='word_1_1533' title='bbox 2007 2623 2012 2628; x_wconf 21' lang='grc' dir='ltr'><em>η</em></span> 
     </span>
     <span class='ocr_line' id='line_1_72' title="bbox 50 2619 2220 2672; baseline 0.006 -23"><span class='ocrx_word' id='word_1_1534' title='bbox 50 2632 109 2651; x_wconf 82' lang='lat' dir='ltr'>reni</span> <span class='ocrx_word' id='word_1_1535' title='bbox 123 2629 150 2649; x_wconf 88' lang='lat' dir='ltr'>et</span> <span class='ocrx_word' id='word_1_1536' title='bbox 169 2623 217 2648; x_wconf 79' lang='lat' dir='ltr'>cn&#39;e</span> <span class='ocrx_word' id='word_1_1537' title='bbox 231 2621 352 2647; x_wconf 66' lang='lat' dir='ltr'>etfuiffe</span> <span class='ocrx_word' id='word_1_1538' title='bbox 365 2621 467 2652; x_wconf 84' lang='lat' dir='ltr'>fateor,</span> <span class='ocrx_word' id='word_1_1539' title='bbox 486 2628 638 2654; x_wconf 81' lang='lat' dir='ltr'>quanquam</span> <span class='ocrx_word' id='word_1_1540' title='bbox 655 2619 701 2646; x_wconf 84' lang='lat' dir='ltr'>ille</span> <span class='ocrx_word' id='word_1_1541' title='bbox 719 2628 773 2646; x_wconf 86' lang='lat' dir='ltr'>non</span> <span class='ocrx_word' id='word_1_1542' title='bbox 792 2619 866 2653; x_wconf 87' lang='lat' dir='ltr'>eguit</span> <span class='ocrx_word' id='word_1_1543' title='bbox 884 2619 996 2646; x_wconf 82' lang='lat' dir='ltr'>consilio</span> <span class='ocrx_word' id='word_1_1544' title='bbox 1017 2621 1103 2646; x_wconf 86' lang='lat' dir='ltr'>cuius-</span> <span class='ocrx_word' id='word_1_1545' title='bbox 1205 2631 1214 2649; x_wconf 90' lang='lat'>1</span> <span class='ocrx_word' id='word_1_1546' title='bbox 1226 2628 1423 2657; x_wconf 69' lang='grc' dir='ltr'>Νοινῖιῐς,</span> <span class='ocrx_word' id='word_1_1547' title='bbox 1444 2634 1466 2652; x_wconf 85' lang='lat' dir='ltr'>e.</span> <span class='ocrx_word' id='word_1_1548' title='bbox 1497 2626 1557 2652; x_wconf 90' lang='lat' dir='ltr'>Adi.</span> <span class='ocrx_word' id='word_1_1549' title='bbox 1594 2626 1689 2662; x_wconf 70' lang='lat' dir='ltr'>Asper,</span> <span class='ocrx_word' id='word_1_1550' title='bbox 1704 2629 1836 2656; x_wconf 71' lang='lat' dir='ltr'>violentur.</span> <span class='ocrx_word' id='word_1_1551' title='bbox 1872 2631 1982 2667; x_wconf 82' lang='lat' dir='ltr'>Eutrop.</span> <span class='ocrx_word' id='word_1_1552' title='bbox 2008 2643 2046 2669; x_wconf 85' lang='lat'>10,</span> <span class='ocrx_word' id='word_1_1553' title='bbox 2070 2643 2088 2672; x_wconf 83' lang='lat'>7</span> <span class='ocrx_word' id='word_1_1554' title='bbox 2125 2639 2220 2667; x_wconf 67' lang='lat' dir='ltr'>Multis</span> 
     </span>
    </p>

    <p class='ocr_par' dir='ltr' id='par_1_16' title="bbox 10 2650 2032 2697">
     <span class='ocr_line' id='line_1_73' title="bbox 10 2650 2032 2697; baseline 0.004 -13"><span class='ocrx_word' id='word_1_1555' title='bbox 10 2650 17 2661; x_wconf 57' lang='lat'>²</span> <span class='ocrx_word' id='word_1_1556' title='bbox 50 2667 131 2694; x_wconf 86' lang='lat' dir='ltr'>quam</span> <span class='ocrx_word' id='word_1_1557' title='bbox 141 2678 150 2690; x_wconf 92' lang='lat'>‚</span> <span class='ocrx_word' id='word_1_1558' title='bbox 166 2657 209 2684; x_wconf 86' lang='lat' dir='ltr'>sed</span> <span class='ocrx_word' id='word_1_1559' title='bbox 221 2663 308 2684; x_wconf 88' lang='lat' dir='ltr'>tamen</span> <span class='ocrx_word' id='word_1_1560' title='bbox 322 2662 350 2683; x_wconf 90' lang='lat' dir='ltr'>vt</span> <span class='ocrx_word' id='word_1_1561' title='bbox 364 2656 478 2687; x_wconf 85' lang='lat' dir='ltr'>dicitur,</span> <span class='ocrx_word' id='word_1_1562' title='bbox 492 2656 650 2682; x_wconf 75' lang='lat' dir='ltr'>Cin-rentem</span> <span class='ocrx_word' id='word_1_1563' title='bbox 663 2655 784 2682; x_wconf 84' lang='lat' dir='ltr'>incitaui.</span> <span class='ocrx_word' id='word_1_1564' title='bbox 811 2655 884 2690; x_wconf 79' lang='lat' dir='ltr'>Cous.</span> <span class='ocrx_word' id='word_1_1565' title='bbox 894 2655 973 2681; x_wconf 49' lang='lat' dir='ltr'>*Idem</span> <span class='ocrx_word' id='word_1_1566' title='bbox 986 2655 1017 2681; x_wconf 87' lang='lat' dir='ltr'>de</span> <span class='ocrx_word' id='word_1_1567' title='bbox 1026 2657 1102 2696; x_wconf 74' lang='lat' dir='ltr'>Orat.</span> <span class='ocrx_word' id='word_1_1568' title='bbox 1167 2659 1325 2686; x_wconf 89' lang='lat' dir='ltr'>inciuilibus</span> <span class='ocrx_word' id='word_1_1569' title='bbox 1339 2661 1426 2695; x_wconf 87' lang='lat' dir='ltr'>gestis.</span> <span class='ocrx_word' id='word_1_1570' title='bbox 1463 2662 1537 2697; x_wconf 71' lang='lat' dir='ltr'>Corzf.</span> <span class='ocrx_word' id='word_1_1571' title='bbox 1554 2663 1642 2688; x_wconf 85' lang='lat' dir='ltr'>Aurel.</span> <span class='ocrx_word' id='word_1_1572' title='bbox 1659 2663 1730 2689; x_wconf 66' lang='lat' dir='ltr'>Vici.</span> <span class='ocrx_word' id='word_1_1573' title='bbox 1744 2664 1776 2691; x_wconf 87' lang='lat' dir='ltr'>de</span> <span class='ocrx_word' id='word_1_1574' title='bbox 1791 2666 1902 2694; x_wconf 83' lang='lat' dir='ltr'>Macrin,</span> <span class='ocrx_word' id='word_1_1575' title='bbox 1917 2674 1942 2694; x_wconf 80' lang='lat' dir='ltr'>et</span> <span class='ocrx_word' id='word_1_1576' title='bbox 1955 2670 2032 2696; x_wconf 71' lang='lat' dir='ltr'>Diad,</span> 
     </span>
    </p>

    <p class='ocr_par' dir='ltr' id='par_1_17' title="bbox 15 2690 2219 2850">
     <span class='ocr_line' id='line_1_74' title="bbox 15 2690 2219 2738; baseline 0.003 -25"><span class='ocrx_word' id='word_1_1577' title='bbox 15 2710 22 2713; x_wconf 93' lang='lat'>.</span> <span class='ocrx_word' id='word_1_1578' title='bbox 49 2703 67 2721; x_wconf 75' lang='lat'>2</span> <span class='ocrx_word' id='word_1_1579' title='bbox 82 2703 102 2720; x_wconf 74' lang='lat' dir='ltr'>c,</span> <span class='ocrx_word' id='word_1_1580' title='bbox 117 2702 163 2726; x_wconf 90' lang='lat'>44.</span> <span class='ocrx_word' id='word_1_1581' title='bbox 236 2693 307 2719; x_wconf 87' lang='lat' dir='ltr'>Caes.</span> <span class='ocrx_word' id='word_1_1582' title='bbox 325 2693 353 2719; x_wconf 87' lang='lat' dir='ltr'>B.</span> <span class='ocrx_word' id='word_1_1583' title='bbox 368 2693 401 2718; x_wconf 88' lang='lat' dir='ltr'>G.</span> <span class='ocrx_word' id='word_1_1584' title='bbox 421 2701 449 2725; x_wconf 85' lang='lat'>4,</span> <span class='ocrx_word' id='word_1_1585' title='bbox 471 2699 515 2717; x_wconf 40' lang='grc' dir='ltr'>ιεχ</span> <span class='ocrx_word' id='word_1_1586' title='bbox 533 2691 646 2716; x_wconf 88' lang='lat' dir='ltr'>Incitato</span> <span class='ocrx_word' id='word_1_1587' title='bbox 668 2691 743 2725; x_wconf 86' lang='lat' dir='ltr'>Equo</span> <span class='ocrx_word' id='word_1_1588' title='bbox 767 2690 818 2716; x_wconf 86' lang='lat' dir='ltr'>sese</span> <span class='ocrx_word' id='word_1_1589' title='bbox 845 2690 966 2717; x_wconf 81' lang='lat' dir='ltr'>hostibus</span> <span class='ocrx_word' id='word_1_1590' title='bbox 992 2690 1101 2717; x_wconf 82' lang='lat' dir='ltr'>obtulit.</span> <span class='ocrx_word' id='word_1_1591' title='bbox 1205 2702 1247 2722; x_wconf 84' lang='lat' dir='ltr'>1N</span> <span class='ocrx_word' id='word_1_1592' title='bbox 1260 2701 1486 2723; x_wconf 67' lang='lat' dir='ltr'>01V1L1TER,</span> <span class='ocrx_word' id='word_1_1593' title='bbox 1507 2697 1576 2724; x_wconf 58' lang='grc' dir='ltr'>ΜΗ,</span> <span class='ocrx_word' id='word_1_1594' title='bbox 1613 2699 1689 2733; x_wconf 47' lang='lat' dir='ltr'>Apta,</span> <span class='ocrx_word' id='word_1_1595' title='bbox 1705 2700 1768 2727; x_wconf 87' lang='lat' dir='ltr'>Met.</span> <span class='ocrx_word' id='word_1_1596' title='bbox 1783 2708 1800 2734; x_wconf 85' lang='lat'>7</span> <span class='ocrx_word' id='word_1_1597' title='bbox 1812 2711 1836 2735; x_wconf 53' lang='lat' dir='ltr'>p,</span> <span class='ocrx_word' id='word_1_1598' title='bbox 1853 2710 1898 2735; x_wconf 68' lang='lat'>¹99</span> <span class='ocrx_word' id='word_1_1599' title='bbox 1925 2706 2003 2732; x_wconf 89' lang='lat' dir='ltr'>Ante</span> <span class='ocrx_word' id='word_1_1600' title='bbox 2016 2715 2064 2733; x_wconf 70' lang='lat' dir='ltr'>nos</span> <span class='ocrx_word' id='word_1_1601' title='bbox 2076 2708 2219 2738; x_wconf 44' lang='lat' dir='ltr'>traffl&#39;mm</span> 
     </span>
     <span class='ocr_line' id='line_1_75' title="bbox 48 2725 2218 2778; baseline -0.002 -23"><span class='ocrx_word' id='word_1_1602' title='bbox 48 2730 126 2764; x_wconf 86' lang='lat' dir='ltr'>Equo</span> <span class='ocrx_word' id='word_1_1603' title='bbox 146 2728 257 2755; x_wconf 87' lang='lat' dir='ltr'>incitato</span> <span class='ocrx_word' id='word_1_1604' title='bbox 274 2729 300 2754; x_wconf 89' lang='lat' dir='ltr'>se</span> <span class='ocrx_word' id='word_1_1605' title='bbox 321 2728 350 2754; x_wconf 91' lang='lat' dir='ltr'>in</span> <span class='ocrx_word' id='word_1_1606' title='bbox 363 2727 449 2754; x_wconf 83' lang='lat' dir='ltr'>hostes</span> <span class='ocrx_word' id='word_1_1607' title='bbox 468 2726 613 2752; x_wconf 83' lang='lat' dir='ltr'>immittere</span> <span class='ocrx_word' id='word_1_1608' title='bbox 633 2726 689 2752; x_wconf 88' lang='lat' dir='ltr'>Cic.</span> <span class='ocrx_word' id='word_1_1609' title='bbox 704 2725 736 2751; x_wconf 92' lang='lat' dir='ltr'>de</span> <span class='ocrx_word' id='word_1_1610' title='bbox 750 2726 787 2752; x_wconf 92' lang='lat' dir='ltr'>N.</span> <span class='ocrx_word' id='word_1_1611' title='bbox 802 2726 833 2751; x_wconf 93' lang='lat' dir='ltr'>D.</span> <span class='ocrx_word' id='word_1_1612' title='bbox 853 2734 876 2758; x_wconf 76' lang='lat'>3,</span> <span class='ocrx_word' id='word_1_1613' title='bbox 892 2734 927 2760; x_wconf 76' lang='grc' dir='ltr'>ις.</span> <span class='ocrx_word' id='word_1_1614' title='bbox 998 2727 1101 2753; x_wconf 88' lang='lat' dir='ltr'>Mentes</span> <span class='ocrx_word' id='word_1_1615' title='bbox 1112 2740 1148 2769; x_wconf 80' lang='lat'>70</span> <span class='ocrx_word' id='word_1_1616' title='bbox 1167 2731 1324 2763; x_wconf 55' lang='lat' dir='ltr'>finemfiner,</span> <span class='ocrx_word' id='word_1_1617' title='bbox 1338 2732 1385 2766; x_wconf 67' lang='lat' dir='ltr'>qui</span> <span class='ocrx_word' id='word_1_1618' title='bbox 1402 2733 1520 2759; x_wconf 63' lang='lat' dir='ltr'>nostum,</span> <span class='ocrx_word' id='word_1_1619' title='bbox 1542 2733 1642 2760; x_wconf 72' lang='lat' dir='ltr'>afinum</span> <span class='ocrx_word' id='word_1_1620' title='bbox 1662 2734 1779 2761; x_wconf 58' lang='lat' dir='ltr'>furatum</span> <span class='ocrx_word' id='word_1_1621' title='bbox 1796 2737 1914 2766; x_wconf 51' lang='lat' dir='ltr'>abducis·</span> <span class='ocrx_word' id='word_1_1622' title='bbox 2007 2743 2120 2778; x_wconf 45' lang='lat' dir='ltr'>Compar.</span> <span class='ocrx_word' id='word_1_1623' title='bbox 2145 2745 2218 2773; x_wconf 52' lang='lat' dir='ltr'><strong>Suet·</strong></span> 
     </span>
     <span class='ocr_line' id='line_1_76' title="bbox 49 2760 2219 2814; baseline 0.005 -24"><span class='ocrx_word' id='word_1_1624' title='bbox 49 2765 180 2796; x_wconf 85' lang='lat' dir='ltr'>incitare,</span> <span class='ocrx_word' id='word_1_1625' title='bbox 199 2771 222 2790; x_wconf 83' lang='lat' dir='ltr'>et</span> <span class='ocrx_word' id='word_1_1626' title='bbox 242 2763 406 2794; x_wconf 70' lang='lat' dir='ltr'>Refle&amp;cre‚</span> <span class='ocrx_word' id='word_1_1627' title='bbox 423 2764 552 2789; x_wconf 81' lang='lat' dir='ltr'>contraria</span> <span class='ocrx_word' id='word_1_1628' title='bbox 573 2760 648 2788; x_wconf 86' lang='lat' dir='ltr'>Idem</span> <span class='ocrx_word' id='word_1_1629' title='bbox 660 2761 692 2787; x_wconf 88' lang='lat' dir='ltr'>de</span> <span class='ocrx_word' id='word_1_1630' title='bbox 707 2762 782 2788; x_wconf 88' lang='lat' dir='ltr'>Orat.</span> <span class='ocrx_word' id='word_1_1631' title='bbox 803 2770 823 2793; x_wconf 87' lang='lat'>1,</span> <span class='ocrx_word' id='word_1_1632' title='bbox 843 2769 865 2793; x_wconf 81' lang='grc' dir='ltr'>ς.</span> <span class='ocrx_word' id='word_1_1633' title='bbox 939 2762 1041 2788; x_wconf 84' lang='lat' dir='ltr'>Metum</span> <span class='ocrx_word' id='word_1_1634' title='bbox 1062 2763 1101 2788; x_wconf 82' lang='lat' dir='ltr'>in·</span> <span class='ocrx_word' id='word_1_1635' title='bbox 1166 2767 1228 2794; x_wconf 78' lang='lat' dir='ltr'>Tit.</span> <span class='ocrx_word' id='word_1_1636' title='bbox 1243 2769 1269 2802; x_wconf 76' lang='lat'>6³</span> <span class='ocrx_word' id='word_1_1637' title='bbox 1285 2775 1298 2800; x_wconf 80' lang='grc' dir='ltr'><strong><em>ς</em></strong></span> <span class='ocrx_word' id='word_1_1638' title='bbox 1330 2768 1389 2801; x_wconf 82' lang='lat' dir='ltr'>Egit</span> <span class='ocrx_word' id='word_1_1639' title='bbox 1410 2768 1562 2799; x_wconf 81' lang='lat' dir='ltr'>inciuilius,</span> <span class='ocrx_word' id='word_1_1640' title='bbox 1582 2772 1601 2796; x_wconf 87' lang='lat' dir='ltr'>i.</span> <span class='ocrx_word' id='word_1_1641' title='bbox 1627 2771 1781 2804; x_wconf 65' lang='lat' dir='ltr'>mezentius,</span> <span class='ocrx_word' id='word_1_1642' title='bbox 1800 2773 1925 2805; x_wconf 83' lang='lat' dir='ltr'>acerbius,</span> <span class='ocrx_word' id='word_1_1643' title='bbox 1939 2775 2055 2811; x_wconf 64' lang='lat' dir='ltr'>fiemus,</span> <span class='ocrx_word' id='word_1_1644' title='bbox 2069 2786 2092 2805; x_wconf 65' lang='lat' dir='ltr'>es</span> <span class='ocrx_word' id='word_1_1645' title='bbox 2111 2784 2219 2814; x_wconf 73' lang='lat' dir='ltr'>tyr-mni</span> 
     </span>
     <span class='ocr_line' id='line_1_77' title="bbox 49 2797 2218 2850; baseline 0.008 -25"><span class='ocrx_word' id='word_1_1646' title='bbox 49 2800 113 2828; x_wconf 82' lang='lat' dir='ltr'>citat</span> <span class='ocrx_word' id='word_1_1647' title='bbox 134 2800 227 2826; x_wconf 87' lang='lat' dir='ltr'>vmbra</span> <span class='ocrx_word' id='word_1_1648' title='bbox 246 2808 314 2826; x_wconf 83' lang='lat' dir='ltr'>vana</span> <span class='ocrx_word' id='word_1_1649' title='bbox 337 2797 417 2826; x_wconf 85' lang='lat' dir='ltr'>Ouid.</span> <span class='ocrx_word' id='word_1_1650' title='bbox 433 2806 464 2824; x_wconf 83' lang='lat' dir='ltr'>ex</span> <span class='ocrx_word' id='word_1_1651' title='bbox 477 2799 552 2824; x_wconf 90' lang='lat' dir='ltr'>Pont.</span> <span class='ocrx_word' id='word_1_1652' title='bbox 567 2805 631 2831; x_wconf 76' lang='lat'>2‚7‚</span> <span class='ocrx_word' id='word_1_1653' title='bbox 645 2805 684 2830; x_wconf 85' lang='lat'>¹4-</span> <span class='ocrx_word' id='word_1_1654' title='bbox 698 2797 850 2824; x_wconf 45' lang='lat' dir='ltr'>alluenti*-</span> <span class='ocrx_word' id='word_1_1655' title='bbox 868 2828 871 2829; x_wconf 17' lang='grc' dir='ltr'><em>γ</em></span> <span class='ocrx_word' id='word_1_1656' title='bbox 923 2798 1016 2838; x_wconf 50' lang='grc' dir='ltr'>ΜΟῘῑΙΞ,</span> <span class='ocrx_word' id='word_1_1657' title='bbox 1027 2797 1102 2839; x_wconf 54' lang='lat' dir='ltr'>filfn-</span> <span class='ocrx_word' id='word_1_1658' title='bbox 1165 2812 1245 2835; x_wconf 80' lang='lat' dir='ltr'>more,</span> <span class='ocrx_word' id='word_1_1659' title='bbox 1259 2805 1326 2829; x_wconf 83' lang='lat' dir='ltr'>velut</span> <span class='ocrx_word' id='word_1_1660' title='bbox 1344 2804 1448 2835; x_wconf 71' lang='lat' dir='ltr'>oblitus,</span> <span class='ocrx_word' id='word_1_1661' title='bbox 1461 2806 1524 2831; x_wconf 86' lang='lat' dir='ltr'>alios</span> <span class='ocrx_word' id='word_1_1662' title='bbox 1543 2805 1615 2831; x_wconf 89' lang='lat' dir='ltr'>ciues</span> <span class='ocrx_word' id='word_1_1663' title='bbox 1629 2806 1690 2841; x_wconf 75' lang='lat' dir='ltr'>suot</span> <span class='ocrx_word' id='word_1_1664' title='bbox 1709 2816 1758 2833; x_wconf 79' lang='lat' dir='ltr'>non</span> <span class='ocrx_word' id='word_1_1665' title='bbox 1770 2807 1858 2843; x_wconf 58' lang='lat' dir='ltr'>seruos</span> <span class='ocrx_word' id='word_1_1666' title='bbox 1877 2809 1934 2843; x_wconf 63' lang='lat' dir='ltr'>effi,</span> <span class='ocrx_word' id='word_1_1667' title='bbox 1947 2812 1976 2846; x_wconf 82' lang='lat' dir='ltr'>se</span> <span class='ocrx_word' id='word_1_1668' title='bbox 1995 2813 2081 2839; x_wconf 92' lang='lat' dir='ltr'>ciuem</span> <span class='ocrx_word' id='word_1_1669' title='bbox 2102 2819 2218 2850; x_wconf 66' lang='lat' dir='ltr'>aliorum,</span> 
     </span>
    </p>

    <p class='ocr_par' dir='ltr' id='par_1_18' title="bbox 15 2833 2217 2882">
     <span class='ocr_line' id='line_1_78' title="bbox 15 2833 2217 2882; baseline 0.007 -21"><span class='ocrx_word' id='word_1_1670' title='bbox 15 2850 21 2864; x_wconf 62' lang='grc' dir='ltr'>,ι</span> <span class='ocrx_word' id='word_1_1671' title='bbox 47 2836 89 2862; x_wconf 86' lang='lat' dir='ltr'>tio</span> <span class='ocrx_word' id='word_1_1672' title='bbox 104 2835 211 2862; x_wconf 86' lang='lat' dir='ltr'>incitari</span> <span class='ocrx_word' id='word_1_1673' title='bbox 224 2845 279 2862; x_wconf 90' lang='lat' dir='ltr'>non</span> <span class='ocrx_word' id='word_1_1674' title='bbox 292 2836 361 2870; x_wconf 81' lang='lat' dir='ltr'>polse</span> <span class='ocrx_word' id='word_1_1675' title='bbox 380 2835 437 2862; x_wconf 87' lang='lat' dir='ltr'>Cic.</span> <span class='ocrx_word' id='word_1_1676' title='bbox 449 2833 481 2860; x_wconf 90' lang='lat' dir='ltr'>de</span> <span class='ocrx_word' id='word_1_1677' title='bbox 493 2834 582 2860; x_wconf 89' lang='lat' dir='ltr'>Somn.</span> <span class='ocrx_word' id='word_1_1678' title='bbox 597 2833 664 2867; x_wconf 87' lang='lat' dir='ltr'>Scip.</span> <span class='ocrx_word' id='word_1_1679' title='bbox 679 2841 712 2860; x_wconf 89' lang='lat'>11.</span> <span class='ocrx_word' id='word_1_1680' title='bbox 784 2833 889 2859; x_wconf 86' lang='lat' dir='ltr'>Nauem</span> <span class='ocrx_word' id='word_1_1681' title='bbox 908 2841 989 2860; x_wconf 84' lang='lat' dir='ltr'>remis</span> <span class='ocrx_word' id='word_1_1682' title='bbox 1008 2840 1101 2861; x_wconf 78' lang='lat' dir='ltr'>incita·</span> <span class='ocrx_word' id='word_1_1683' title='bbox 1165 2848 1215 2865; x_wconf 82' lang='lat' dir='ltr'>non</span> <span class='ocrx_word' id='word_1_1684' title='bbox 1229 2838 1362 2865; x_wconf 84' lang='lat' dir='ltr'>dominum.</span> <span class='ocrx_word' id='word_1_1685' title='bbox 1399 2840 1490 2866; x_wconf 86' lang='lat' dir='ltr'>Tacit.</span> <span class='ocrx_word' id='word_1_1686' title='bbox 1505 2842 1573 2867; x_wconf 87' lang='lat' dir='ltr'>Ann.</span> <span class='ocrx_word' id='word_1_1687' title='bbox 1589 2849 1608 2873; x_wconf 90' lang='lat'>1,</span> <span class='ocrx_word' id='word_1_1688' title='bbox 1623 2850 1649 2873; x_wconf 88' lang='grc'>33</span> <span class='ocrx_word' id='word_1_1689' title='bbox 1683 2842 1753 2868; x_wconf 90' lang='lat' dir='ltr'>Nam</span> <span class='ocrx_word' id='word_1_1690' title='bbox 1773 2844 1865 2871; x_wconf 86' lang='lat' dir='ltr'>iuueni</span> <span class='ocrx_word' id='word_1_1691' title='bbox 1882 2846 1963 2873; x_wconf 84' lang='lat' dir='ltr'>ciuile</span> <span class='ocrx_word' id='word_1_1692' title='bbox 1976 2848 2127 2882; x_wconf 82' lang='lat' dir='ltr'>ingenium,</span> <span class='ocrx_word' id='word_1_1693' title='bbox 2148 2853 2217 2880; x_wconf 63' lang='lat' dir='ltr'>mira</span> 
     </span>
    </p>

    <p class='ocr_par' dir='ltr' id='par_1_19' title="bbox 14 2863 2217 2920">
     <span class='ocr_line' id='line_1_79' title="bbox 14 2863 2217 2920; baseline 0.009 -24"><span class='ocrx_word' id='word_1_1694' title='bbox 14 2863 23 2895; x_wconf 55' lang='lat'>‚⁵</span> <span class='ocrx_word' id='word_1_1695' title='bbox 48 2880 79 2898; x_wconf 86' lang='lat' dir='ltr'>re</span> <span class='ocrx_word' id='word_1_1696' title='bbox 91 2872 165 2898; x_wconf 88' lang='lat' dir='ltr'>Caes.</span> <span class='ocrx_word' id='word_1_1697' title='bbox 180 2872 208 2897; x_wconf 88' lang='lat' dir='ltr'>B.</span> <span class='ocrx_word' id='word_1_1698' title='bbox 226 2872 258 2898; x_wconf 92' lang='lat' dir='ltr'>G.</span> <span class='ocrx_word' id='word_1_1699' title='bbox 276 2881 304 2904; x_wconf 85' lang='lat'>4,</span> <span class='ocrx_word' id='word_1_1700' title='bbox 325 2879 364 2904; x_wconf 75' lang='lat'>23.</span> <span class='ocrx_word' id='word_1_1701' title='bbox 436 2870 539 2899; x_wconf 75' lang='lat' dir='ltr'>Poenae</span> <span class='ocrx_word' id='word_1_1702' title='bbox 556 2868 688 2898; x_wconf 69' lang='lat' dir='ltr'>caelibum</span> <span class='ocrx_word' id='word_1_1703' title='bbox 707 2868 854 2895; x_wconf 58' lang='lat' dir='ltr'>incitandae</span> <span class='ocrx_word' id='word_1_1704' title='bbox 879 2869 970 2896; x_wconf 69' lang='lat' dir='ltr'>Tacit·</span> <span class='ocrx_word' id='word_1_1705' title='bbox 990 2869 1057 2896; x_wconf 72' lang='lat' dir='ltr'>Ann·</span> <span class='ocrx_word' id='word_1_1706' title='bbox 1076 2879 1101 2910; x_wconf 61' lang='grc' dir='ltr'>ᾖ,</span> <span class='ocrx_word' id='word_1_1707' title='bbox 1166 2875 1293 2907; x_wconf 85' lang='lat' dir='ltr'>comitas,</span> <span class='ocrx_word' id='word_1_1708' title='bbox 1318 2880 1343 2901; x_wconf 87' lang='lat' dir='ltr'>et</span> <span class='ocrx_word' id='word_1_1709' title='bbox 1364 2874 1469 2903; x_wconf 86' lang='lat' dir='ltr'>diuersa</span> <span class='ocrx_word' id='word_1_1710' title='bbox 1490 2885 1505 2903; x_wconf 90' lang='lat' dir='ltr'>a</span> <span class='ocrx_word' id='word_1_1711' title='bbox 1529 2876 1643 2904; x_wconf 81' lang='lat' dir='ltr'>Tiberii</span> <span class='ocrx_word' id='word_1_1712' title='bbox 1668 2879 1787 2906; x_wconf 86' lang='lat' dir='ltr'>sermone</span> <span class='ocrx_word' id='word_1_1713' title='bbox 1801 2898 1809 2911; x_wconf 90' lang='lat'><em>‚</em></span> <span class='ocrx_word' id='word_1_1714' title='bbox 1836 2886 1862 2907; x_wconf 91' lang='lat' dir='ltr'>et</span> <span class='ocrx_word' id='word_1_1715' title='bbox 1884 2882 1960 2909; x_wconf 87' lang='lat' dir='ltr'>vultu</span> <span class='ocrx_word' id='word_1_1716' title='bbox 1981 2887 2166 2920; x_wconf 84' lang='lat' dir='ltr'>arrogantibus</span> <span class='ocrx_word' id='word_1_1717' title='bbox 2190 2894 2217 2915; x_wconf 89' lang='lat' dir='ltr'>et</span> 
     </span>
    </p>

    <p class='ocr_par' dir='ltr' id='par_1_20' title="bbox 9 2899 1294 2947">
     <span class='ocr_line' id='line_1_80' title="bbox 9 2899 1294 2947; baseline -0.001 -13"><span class='ocrx_word' id='word_1_1718' title='bbox 9 2899 22 2906; x_wconf 59' lang='lat'><em>„</em></span> <span class='ocrx_word' id='word_1_1719' title='bbox 49 2916 80 2940; x_wconf 66' lang='lat'>2,</span> <span class='ocrx_word' id='word_1_1720' title='bbox 162 2907 287 2934; x_wconf 87' lang='lat' dir='ltr'>Veterani</span> <span class='ocrx_word' id='word_1_1721' title='bbox 307 2906 454 2933; x_wconf 89' lang='lat' dir='ltr'>incitantur</span> <span class='ocrx_word' id='word_1_1722' title='bbox 471 2905 501 2931; x_wconf 86' lang='lat' dir='ltr'>in</span> <span class='ocrx_word' id='word_1_1723' title='bbox 519 2913 579 2931; x_wconf 90' lang='lat' dir='ltr'>eum</span> <span class='ocrx_word' id='word_1_1724' title='bbox 607 2904 664 2931; x_wconf 90' lang='lat' dir='ltr'>Cic.</span> <span class='ocrx_word' id='word_1_1725' title='bbox 678 2905 750 2931; x_wconf 87' lang='lat' dir='ltr'>Fam.</span> <span class='ocrx_word' id='word_1_1726' title='bbox 771 2913 805 2937; x_wconf 88' lang='lat'>12,</span> <span class='ocrx_word' id='word_1_1727' title='bbox 823 2913 845 2930; x_wconf 90' lang='lat'>2.</span> <span class='ocrx_word' id='word_1_1728' title='bbox 909 2905 940 2931; x_wconf 88' lang='lat' dir='ltr'>Se</span> <span class='ocrx_word' id='word_1_1729' title='bbox 958 2913 989 2931; x_wconf 84' lang='lat' dir='ltr'>ex</span> <span class='ocrx_word' id='word_1_1730' title='bbox 1010 2905 1100 2932; x_wconf 82' lang='lat' dir='ltr'>castris</span> <span class='ocrx_word' id='word_1_1731' title='bbox 1115 2919 1148 2947; x_wconf 77' lang='lat'>75</span> <span class='ocrx_word' id='word_1_1732' title='bbox 1165 2910 1294 2936; x_wconf 80' lang='lat' dir='ltr'>obscuris.</span> 
     </span>
    </p>

    <p class='ocr_par' dir='ltr' id='par_1_21' title="bbox 50 2939 2215 2990">
     <span class='ocr_line' id='line_1_81' title="bbox 50 2939 2215 2990; baseline 0.007 -20"><span class='ocrx_word' id='word_1_1733' title='bbox 50 2943 125 2970; x_wconf 83' lang='lat' dir='ltr'>Caes.</span> <span class='ocrx_word' id='word_1_1734' title='bbox 138 2942 167 2970; x_wconf 78' lang='lat' dir='ltr'>B.</span> <span class='ocrx_word' id='word_1_1735' title='bbox 182 2943 212 2969; x_wconf 92' lang='lat' dir='ltr'>C.</span> <span class='ocrx_word' id='word_1_1736' title='bbox 229 2951 255 2975; x_wconf 87' lang='lat'>2,</span> <span class='ocrx_word' id='word_1_1737' title='bbox 272 2951 310 2977; x_wconf 85' lang='lat'>¹4-</span> <span class='ocrx_word' id='word_1_1738' title='bbox 384 2942 416 2968; x_wconf 88' lang='lat' dir='ltr'>Se</span> <span class='ocrx_word' id='word_1_1739' title='bbox 430 2950 462 2967; x_wconf 89' lang='lat' dir='ltr'>ex</span> <span class='ocrx_word' id='word_1_1740' title='bbox 475 2940 599 2967; x_wconf 89' lang='lat' dir='ltr'>omnibus</span> <span class='ocrx_word' id='word_1_1741' title='bbox 613 2940 730 2975; x_wconf 88' lang='lat' dir='ltr'>partibus</span> <span class='ocrx_word' id='word_1_1742' title='bbox 745 2941 774 2967; x_wconf 87' lang='lat' dir='ltr'>in</span> <span class='ocrx_word' id='word_1_1743' title='bbox 789 2939 875 2967; x_wconf 88' lang='lat' dir='ltr'>hostes</span> <span class='ocrx_word' id='word_1_1744' title='bbox 893 2939 966 2967; x_wconf 89' lang='lat' dir='ltr'>Idem</span> <span class='ocrx_word' id='word_1_1745' title='bbox 982 2942 1010 2968; x_wconf 87' lang='lat' dir='ltr'>B.</span> <span class='ocrx_word' id='word_1_1746' title='bbox 1024 2942 1055 2968; x_wconf 92' lang='lat' dir='ltr'>C.</span> <span class='ocrx_word' id='word_1_1747' title='bbox 1075 2950 1098 2974; x_wconf 84' lang='grc'>3,</span> <span class='ocrx_word' id='word_1_1748' title='bbox 1202 2952 1318 2973; x_wconf 77' lang='lat' dir='ltr'>1NC1v</span> <span class='ocrx_word' id='word_1_1749' title='bbox 1328 2952 1337 2970; x_wconf 93' lang='lat'>1</span> <span class='ocrx_word' id='word_1_1750' title='bbox 1347 2952 1482 2977; x_wconf 84' lang='lat' dir='ltr'>L1TAS,</span> <span class='ocrx_word' id='word_1_1751' title='bbox 1501 2946 1558 2973; x_wconf 67' lang='lat' dir='ltr'>atis.</span> <span class='ocrx_word' id='word_1_1752' title='bbox 1582 2947 1603 2973; x_wconf 87' lang='lat' dir='ltr'>f.</span> <span class='ocrx_word' id='word_1_1753' title='bbox 1641 2948 1773 2975; x_wconf 87' lang='lat' dir='ltr'>Ammian.</span> <span class='ocrx_word' id='word_1_1754' title='bbox 1788 2955 1823 2983; x_wconf 86' lang='lat'>18,</span> <span class='ocrx_word' id='word_1_1755' title='bbox 1839 2960 1852 2977; x_wconf 91' lang='lat'>2</span> <span class='ocrx_word' id='word_1_1756' title='bbox 1879 2953 2017 2989; x_wconf 82' lang='lat' dir='ltr'>Contingit</span> <span class='ocrx_word' id='word_1_1757' title='bbox 2036 2965 2084 2990; x_wconf 89' lang='lat' dir='ltr'>per</span> <span class='ocrx_word' id='word_1_1758' title='bbox 2098 2956 2215 2986; x_wconf 87' lang='lat' dir='ltr'>inciuili-</span> 
     </span>
    </p>

    <p class='ocr_par' dir='ltr' id='par_1_22' title="bbox 8 2976 1912 3022">
     <span class='ocr_line' id='line_1_82' title="bbox 8 2976 1912 3022; baseline 0.005 -17"><span class='ocrx_word' id='word_1_1759' title='bbox 8 2985 31 3005; x_wconf 49' lang='grc' dir='ltr'>Ἃ·</span> <span class='ocrx_word' id='word_1_1760' title='bbox 49 2987 96 3012; x_wconf 84' lang='lat'>24.</span> <span class='ocrx_word' id='word_1_1761' title='bbox 168 2978 281 3005; x_wconf 88' lang='lat' dir='ltr'>Incitant</span> <span class='ocrx_word' id='word_1_1762' title='bbox 304 2987 347 3004; x_wconf 87' lang='lat' dir='ltr'>me</span> <span class='ocrx_word' id='word_1_1763' title='bbox 367 2977 479 3012; x_wconf 80' lang='lat' dir='ltr'>auguria</span> <span class='ocrx_word' id='word_1_1764' title='bbox 499 2976 612 3012; x_wconf 86' lang='lat' dir='ltr'>quadam</span> <span class='ocrx_word' id='word_1_1765' title='bbox 631 2976 675 3010; x_wconf 88' lang='lat' dir='ltr'>spe</span> <span class='ocrx_word' id='word_1_1766' title='bbox 694 2984 749 3003; x_wconf 89' lang='lat' dir='ltr'>non</span> <span class='ocrx_word' id='word_1_1767' title='bbox 764 2976 847 3002; x_wconf 85' lang='lat' dir='ltr'>dubia</span> <span class='ocrx_word' id='word_1_1768' title='bbox 873 2976 930 3003; x_wconf 87' lang='lat' dir='ltr'>Cic.</span> <span class='ocrx_word' id='word_1_1769' title='bbox 947 2978 1002 3005; x_wconf 89' lang='lat' dir='ltr'>Att.</span> <span class='ocrx_word' id='word_1_1770' title='bbox 1021 2986 1060 3009; x_wconf 87' lang='lat'>10,</span> <span class='ocrx_word' id='word_1_1771' title='bbox 1075 2983 1098 3007; x_wconf 85' lang='lat'>8.</span> <span class='ocrx_word' id='word_1_1772' title='bbox 1164 2986 1245 3008; x_wconf 87' lang='lat' dir='ltr'>tatem</span> <span class='ocrx_word' id='word_1_1773' title='bbox 1260 2980 1364 3008; x_wconf 83' lang='lat' dir='ltr'>militis.</span> <span class='ocrx_word' id='word_1_1774' title='bbox 1410 2981 1483 3008; x_wconf 88' lang='lat' dir='ltr'>Idem</span> <span class='ocrx_word' id='word_1_1775' title='bbox 1499 2989 1568 3016; x_wconf 78' lang='lat'>29‚5</span> <span class='ocrx_word' id='word_1_1776' title='bbox 1589 2983 1760 3010; x_wconf 85' lang='lat' dir='ltr'>Inciuilitatis</span> <span class='ocrx_word' id='word_1_1777' title='bbox 1774 2987 1912 3022; x_wconf 83' lang='lat' dir='ltr'>particeps.</span> 
     </span>
    </p>

    <p class='ocr_par' dir='ltr' id='par_1_23' title="bbox 16 3012 2214 3060">
     <span class='ocr_line' id='line_1_83' title="bbox 16 3012 2214 3060; baseline 0.007 -20"><span class='ocrx_word' id='word_1_1778' title='bbox 16 3039 19 3047; x_wconf 26' lang='lat' dir='ltr'>ff</span> <span class='ocrx_word' id='word_1_1779' title='bbox 47 3013 124 3041; x_wconf 91' lang='lat' dir='ltr'>Idem</span> <span class='ocrx_word' id='word_1_1780' title='bbox 137 3014 190 3040; x_wconf 91' lang='lat' dir='ltr'>Att.</span> <span class='ocrx_word' id='word_1_1781' title='bbox 204 3022 230 3046; x_wconf 85' lang='lat'>2,</span> <span class='ocrx_word' id='word_1_1782' title='bbox 242 3016 271 3040; x_wconf 88' lang='lat'>16</span> <span class='ocrx_word' id='word_1_1783' title='bbox 309 3013 390 3048; x_wconf 74' lang='lat' dir='ltr'>Quod</span> <span class='ocrx_word' id='word_1_1784' title='bbox 411 3013 429 3039; x_wconf 82' lang='lat' dir='ltr'><strong>fi</strong></span> <span class='ocrx_word' id='word_1_1785' title='bbox 449 3013 477 3039; x_wconf 90' lang='lat' dir='ltr'>in</span> <span class='ocrx_word' id='word_1_1786' title='bbox 491 3021 550 3039; x_wconf 86' lang='lat' dir='ltr'>eam</span> <span class='ocrx_word' id='word_1_1787' title='bbox 561 3020 603 3038; x_wconf 90' lang='lat' dir='ltr'>me</span> <span class='ocrx_word' id='word_1_1788' title='bbox 620 3017 722 3047; x_wconf 89' lang='lat' dir='ltr'>partem</span> <span class='ocrx_word' id='word_1_1789' title='bbox 742 3012 897 3045; x_wconf 85' lang='lat' dir='ltr'>incitarem,</span> <span class='ocrx_word' id='word_1_1790' title='bbox 911 3012 1033 3047; x_wconf 72' lang='lat' dir='ltr'>profe&amp;o</span> <span class='ocrx_word' id='word_1_1791' title='bbox 1044 3013 1099 3040; x_wconf 86' lang='lat' dir='ltr'>iam</span> <span class='ocrx_word' id='word_1_1792' title='bbox 1201 3023 1211 3042; x_wconf 90' lang='lat'>1</span> <span class='ocrx_word' id='word_1_1793' title='bbox 1221 3024 1243 3043; x_wconf 89' lang='lat' dir='ltr'>N</span> <span class='ocrx_word' id='word_1_1794' title='bbox 1254 3023 1294 3043; x_wconf 82' lang='lat' dir='ltr'>CL</span> <span class='ocrx_word' id='word_1_1795' title='bbox 1305 3019 1357 3043; x_wconf 88' lang='grc' dir='ltr'>ᾹΜ</span> <span class='ocrx_word' id='word_1_1796' title='bbox 1369 3023 1388 3044; x_wconf 93' lang='grc' dir='ltr'>ο</span> <span class='ocrx_word' id='word_1_1797' title='bbox 1400 3036 1408 3048; x_wconf 89' lang='grc'>,</span> <span class='ocrx_word' id='word_1_1798' title='bbox 1432 3022 1483 3044; x_wconf 70' lang='lat' dir='ltr'>are.</span> <span class='ocrx_word' id='word_1_1799' title='bbox 1520 3018 1533 3052; x_wconf 96' lang='lat'>[</span> <span class='ocrx_word' id='word_1_1800' title='bbox 1547 3017 1649 3044; x_wconf 64' lang='grc' dir='ltr'>ἐπιξοοέω</span> <span class='ocrx_word' id='word_1_1801' title='bbox 1662 3021 1675 3054; x_wconf 96' lang='grc'>]</span> <span class='ocrx_word' id='word_1_1802' title='bbox 1715 3021 1826 3048; x_wconf 74' lang='lat' dir='ltr'>Clamore</span> <span class='ocrx_word' id='word_1_1803' title='bbox 1848 3033 1949 3056; x_wconf 78' lang='lat' dir='ltr'>vocare,</span> <span class='ocrx_word' id='word_1_1804' title='bbox 1963 3027 2005 3051; x_wconf 81' lang='lat' dir='ltr'>vel</span> <span class='ocrx_word' id='word_1_1805' title='bbox 2019 3026 2147 3060; x_wconf 69' lang='lat' dir='ltr'>arcqffere,</span> <span class='ocrx_word' id='word_1_1806' title='bbox 2166 3030 2214 3056; x_wconf 83' lang='lat' dir='ltr'>Vo-</span> 
     </span>
    </p>
   </div>
   <div class='ocr_carea' id='block_1_9' title="bbox 8 3047 2212 3163">
    <p class='ocr_par' dir='ltr' id='par_1_24' title="bbox 8 3047 2212 3163">
     <span class='ocr_line' id='line_1_84' title="bbox 8 3047 2212 3096; baseline 0.008 -24"><span class='ocrx_word' id='word_1_1807' title='bbox 8 3047 21 3077; x_wconf 43' lang='lat'><em>2</em></span> <span class='ocrx_word' id='word_1_1808' title='bbox 49 3050 168 3084; x_wconf 78' lang='lat' dir='ltr'>aliquam</span> <span class='ocrx_word' id='word_1_1809' title='bbox 181 3051 327 3084; x_wconf 86' lang='lat' dir='ltr'>reperirem</span> <span class='ocrx_word' id='word_1_1810' title='bbox 341 3048 476 3076; x_wconf 84' lang='lat' dir='ltr'>resistendi</span> <span class='ocrx_word' id='word_1_1811' title='bbox 488 3048 570 3075; x_wconf 88' lang='lat' dir='ltr'>viam.</span> <span class='ocrx_word' id='word_1_1812' title='bbox 640 3047 706 3075; x_wconf 88' lang='lat' dir='ltr'>Plin.</span> <span class='ocrx_word' id='word_1_1813' title='bbox 720 3056 764 3080; x_wconf 90' lang='lat'>20,</span> <span class='ocrx_word' id='word_1_1814' title='bbox 775 3055 794 3088; x_wconf 32' lang='lat'>*7</span> <span class='ocrx_word' id='word_1_1815' title='bbox 823 3048 952 3089; x_wconf 31' lang='lat' dir='ltr'>Nectvlla</span> <span class='ocrx_word' id='word_1_1816' title='bbox 964 3058 1004 3075; x_wconf 88' lang='lat' dir='ltr'>res</span> <span class='ocrx_word' id='word_1_1817' title='bbox 1020 3050 1047 3075; x_wconf 91' lang='lat' dir='ltr'>in</span> <span class='ocrx_word' id='word_1_1818' title='bbox 1062 3050 1099 3089; x_wconf 81' lang='lat' dir='ltr'>ci·</span> <span class='ocrx_word' id='word_1_1819' title='bbox 1132 3076 1135 3078; x_wconf 14' lang='grc' dir='ltr'>μ</span> <span class='ocrx_word' id='word_1_1820' title='bbox 1163 3062 1228 3079; x_wconf 85' lang='lat' dir='ltr'>care.</span> <span class='ocrx_word' id='word_1_1821' title='bbox 1265 3053 1324 3079; x_wconf 88' lang='lat' dir='ltr'>Val.</span> <span class='ocrx_word' id='word_1_1822' title='bbox 1341 3053 1410 3079; x_wconf 87' lang='lat' dir='ltr'>Max.</span> <span class='ocrx_word' id='word_1_1823' title='bbox 1425 3062 1443 3093; x_wconf 72' lang='grc' dir='ltr'>ι,</span> <span class='ocrx_word' id='word_1_1824' title='bbox 1458 3062 1484 3088; x_wconf 89' lang='lat'>7,</span> <span class='ocrx_word' id='word_1_1825' title='bbox 1500 3060 1517 3087; x_wconf 90' lang='lat'>7</span> <span class='ocrx_word' id='word_1_1826' title='bbox 1545 3054 1704 3096; x_wconf 49' lang='lat' dir='ltr'>Perterri-tus</span> <span class='ocrx_word' id='word_1_1827' title='bbox 1726 3056 1821 3083; x_wconf 85' lang='lat' dir='ltr'>deinde</span> <span class='ocrx_word' id='word_1_1828' title='bbox 1834 3065 1887 3085; x_wconf 89' lang='lat' dir='ltr'>tam</span> <span class='ocrx_word' id='word_1_1829' title='bbox 1906 3066 1975 3087; x_wconf 86' lang='lat' dir='ltr'>tetro</span> <span class='ocrx_word' id='word_1_1830' title='bbox 1992 3063 2050 3087; x_wconf 85' lang='lat' dir='ltr'>viso</span> <span class='ocrx_word' id='word_1_1831' title='bbox 2063 3070 2088 3088; x_wconf 87' lang='lat' dir='ltr'>et</span> <span class='ocrx_word' id='word_1_1832' title='bbox 2102 3064 2212 3091; x_wconf 89' lang='lat' dir='ltr'>nomine</span> 
     </span>
     <span class='ocr_line' id='line_1_85' title="bbox 11 3081 2212 3131; baseline 0.01 -27"><span class='ocrx_word' id='word_1_1833' title='bbox 11 3090 18 3106; x_wconf 65' lang='grc' dir='ltr'>,ι</span> <span class='ocrx_word' id='word_1_1834' title='bbox 49 3085 92 3112; x_wconf 66' lang='lat' dir='ltr'>bis</span> <span class='ocrx_word' id='word_1_1835' title='bbox 106 3085 262 3112; x_wconf 63' lang='lat' dir='ltr'>auiditatem</span> <span class='ocrx_word' id='word_1_1836' title='bbox 276 3085 384 3118; x_wconf 81' lang='lat' dir='ltr'>incitat,</span> <span class='ocrx_word' id='word_1_1837' title='bbox 398 3083 557 3119; x_wconf 74' lang='lat' dir='ltr'>inhibetque</span> <span class='ocrx_word' id='word_1_1838' title='bbox 574 3081 675 3110; x_wconf 84' lang='lat' dir='ltr'>eadem.</span> <span class='ocrx_word' id='word_1_1839' title='bbox 729 3084 829 3110; x_wconf 80' lang='lat' dir='ltr'>Saliens</span> <span class='ocrx_word' id='word_1_1840' title='bbox 842 3089 934 3111; x_wconf 84' lang='lat' dir='ltr'>1nc1tat</span> <span class='ocrx_word' id='word_1_1841' title='bbox 946 3085 1014 3111; x_wconf 93' lang='lat' dir='ltr'>vnda</span> <span class='ocrx_word' id='word_1_1842' title='bbox 1028 3084 1098 3111; x_wconf 79' lang='lat' dir='ltr'>finm</span> <span class='ocrx_word' id='word_1_1843' title='bbox 1122 3097 1154 3123; x_wconf 86' lang='lat'>80</span> <span class='ocrx_word' id='word_1_1844' title='bbox 1164 3087 1300 3115; x_wconf 87' lang='lat' dir='ltr'>horrendo</span> <span class='ocrx_word' id='word_1_1845' title='bbox 1321 3089 1410 3115; x_wconf 87' lang='lat' dir='ltr'>seruos</span> <span class='ocrx_word' id='word_1_1846' title='bbox 1433 3089 1602 3116; x_wconf 76' lang='lat' dir='ltr'>inclamauit:</span> <span class='ocrx_word' id='word_1_1847' title='bbox 1632 3091 1828 3127; x_wconf 79' lang='lat' dir='ltr'>sciscitatusque</span> <span class='ocrx_word' id='word_1_1848' title='bbox 1847 3095 1893 3126; x_wconf 85' lang='lat' dir='ltr'>est,</span> <span class='ocrx_word' id='word_1_1849' title='bbox 1907 3102 1952 3121; x_wconf 79' lang='lat' dir='ltr'>etc.</span> <span class='ocrx_word' id='word_1_1850' title='bbox 2008 3097 2064 3123; x_wconf 86' lang='lat' dir='ltr'>Cic.</span> <span class='ocrx_word' id='word_1_1851' title='bbox 2079 3099 2132 3124; x_wconf 88' lang='lat' dir='ltr'>Att.</span> <span class='ocrx_word' id='word_1_1852' title='bbox 2149 3108 2170 3131; x_wconf 76' lang='lat'>2,</span> <span class='ocrx_word' id='word_1_1853' title='bbox 2185 3105 2212 3130; x_wconf 80' lang='lat'>18</span> 
     </span>
     <span class='ocr_line' id='line_1_86' title="bbox 50 3119 2210 3163; baseline 0.012 -28"><span class='ocrx_word' id='word_1_1854' title='bbox 50 3119 132 3147; x_wconf 68' lang='lat' dir='ltr'>Ouid⁸</span> <span class='ocrx_word' id='word_1_1855' title='bbox 147 3120 178 3146; x_wconf 68' lang='lat' dir='ltr'>de</span> <span class='ocrx_word' id='word_1_1856' title='bbox 190 3121 264 3147; x_wconf 64' lang='lat' dir='ltr'>Rem⁵</span> <span class='ocrx_word' id='word_1_1857' title='bbox 279 3122 370 3148; x_wconf 63' lang='lat' dir='ltr'>Amor,</span> <span class='ocrx_word' id='word_1_1858' title='bbox 384 3130 409 3153; x_wconf 69' lang='lat'>2,</span> <span class='ocrx_word' id='word_1_1859' title='bbox 424 3123 477 3153; x_wconf 82' lang='lat'>632·</span> <span class='ocrx_word' id='word_1_1860' title='bbox 547 3119 685 3146; x_wconf 84' lang='lat' dir='ltr'>Beneficiis</span> <span class='ocrx_word' id='word_1_1861' title='bbox 705 3119 816 3146; x_wconf 85' lang='lat' dir='ltr'>alicuius</span> <span class='ocrx_word' id='word_1_1862' title='bbox 834 3125 860 3146; x_wconf 91' lang='lat' dir='ltr'>et</span> <span class='ocrx_word' id='word_1_1863' title='bbox 879 3129 970 3147; x_wconf 89' lang='lat' dir='ltr'>amore</span> <span class='ocrx_word' id='word_1_1864' title='bbox 990 3120 1098 3147; x_wconf 78' lang='lat' dir='ltr'>incitari</span> <span class='ocrx_word' id='word_1_1865' title='bbox 1163 3124 1215 3153; x_wconf 76' lang='lat' dir='ltr'>Sed,</span> <span class='ocrx_word' id='word_1_1866' title='bbox 1226 3125 1262 3151; x_wconf 81' lang='lat' dir='ltr'>ita</span> <span class='ocrx_word' id='word_1_1867' title='bbox 1276 3130 1302 3151; x_wconf 91' lang='lat' dir='ltr'>te</span> <span class='ocrx_word' id='word_1_1868' title='bbox 1317 3133 1395 3159; x_wconf 88' lang='lat' dir='ltr'>para,</span> <span class='ocrx_word' id='word_1_1869' title='bbox 1414 3131 1442 3151; x_wconf 90' lang='lat' dir='ltr'>vt</span> <span class='ocrx_word' id='word_1_1870' title='bbox 1456 3124 1473 3151; x_wconf 86' lang='lat' dir='ltr'>fi</span> <span class='ocrx_word' id='word_1_1871' title='bbox 1489 3125 1651 3158; x_wconf 85' lang='lat' dir='ltr'>inclamaro,</span> <span class='ocrx_word' id='word_1_1872' title='bbox 1666 3127 1782 3153; x_wconf 80' lang='lat' dir='ltr'>aduoles.</span> <span class='ocrx_word' id='word_1_1873' title='bbox 1853 3129 1959 3157; x_wconf 87' lang='lat' dir='ltr'>Lucret.</span> <span class='ocrx_word' id='word_1_1874' title='bbox 1973 3139 1995 3163; x_wconf 87' lang='grc'>3,</span> <span class='ocrx_word' id='word_1_1875' title='bbox 2010 3135 2059 3158; x_wconf 84' lang='lat'>266</span> <span class='ocrx_word' id='word_1_1876' title='bbox 2076 3133 2140 3160; x_wconf 88' lang='lat' dir='ltr'>Non</span> <span class='ocrx_word' id='word_1_1877' title='bbox 2155 3144 2210 3161; x_wconf 86' lang='lat' dir='ltr'>me-</span> 
     </span>
    </p>
   </div>
   <div class='ocr_carea' id='block_1_10' title="bbox 7 3154 2211 3340">
    <p class='ocr_par' dir='ltr' id='par_1_25' title="bbox 7 3154 2211 3340">
     <span class='ocr_line' id='line_1_87' title="bbox 50 3154 2211 3205; baseline 0.006 -22"><span class='ocrx_word' id='word_1_1878' title='bbox 50 3156 108 3183; x_wconf 88' lang='lat' dir='ltr'>Cic.</span> <span class='ocrx_word' id='word_1_1879' title='bbox 122 3155 195 3182; x_wconf 63' lang='lat' dir='ltr'>Fam.</span> <span class='ocrx_word' id='word_1_1880' title='bbox 209 3166 228 3188; x_wconf 88' lang='lat'>1,</span> <span class='ocrx_word' id='word_1_1881' title='bbox 241 3166 262 3188; x_wconf 87' lang='grc'>7.</span> <span class='ocrx_word' id='word_1_1882' title='bbox 334 3157 438 3184; x_wconf 86' lang='lat' dir='ltr'>Natura</span> <span class='ocrx_word' id='word_1_1883' title='bbox 458 3156 566 3183; x_wconf 88' lang='lat' dir='ltr'>incitari</span> <span class='ocrx_word' id='word_1_1884' title='bbox 584 3154 617 3181; x_wconf 88' lang='lat' dir='ltr'>ad</span> <span class='ocrx_word' id='word_1_1885' title='bbox 636 3155 738 3190; x_wconf 91' lang='lat' dir='ltr'>aliquid</span> <span class='ocrx_word' id='word_1_1886' title='bbox 751 3155 883 3190; x_wconf 81' lang='lat' dir='ltr'>agendum</span> <span class='ocrx_word' id='word_1_1887' title='bbox 901 3155 976 3183; x_wconf 87' lang='lat' dir='ltr'>Idem</span> <span class='ocrx_word' id='word_1_1888' title='bbox 990 3156 1023 3183; x_wconf 91' lang='lat' dir='ltr'>de</span> <span class='ocrx_word' id='word_1_1889' title='bbox 1039 3157 1096 3183; x_wconf 92' lang='lat' dir='ltr'>Fin.</span> <span class='ocrx_word' id='word_1_1890' title='bbox 1162 3161 1217 3187; x_wconf 86' lang='lat' dir='ltr'>rito</span> <span class='ocrx_word' id='word_1_1891' title='bbox 1240 3160 1363 3187; x_wconf 86' lang='lat' dir='ltr'>inclamet</span> <span class='ocrx_word' id='word_1_1892' title='bbox 1381 3160 1481 3195; x_wconf 85' lang='lat' dir='ltr'>magis,</span> <span class='ocrx_word' id='word_1_1893' title='bbox 1503 3167 1529 3187; x_wconf 88' lang='lat' dir='ltr'>et</span> <span class='ocrx_word' id='word_1_1894' title='bbox 1549 3171 1614 3188; x_wconf 90' lang='lat' dir='ltr'>voce</span> <span class='ocrx_word' id='word_1_1895' title='bbox 1634 3163 1751 3197; x_wconf 87' lang='lat' dir='ltr'>increpet</span> <span class='ocrx_word' id='word_1_1896' title='bbox 1769 3164 1841 3190; x_wconf 68' lang='lat' dir='ltr'>acri?</span> <span class='ocrx_word' id='word_1_1897' title='bbox 1935 3167 2016 3193; x_wconf 89' lang='lat' dir='ltr'>Ouid.</span> <span class='ocrx_word' id='word_1_1898' title='bbox 2033 3169 2098 3195; x_wconf 82' lang='lat' dir='ltr'>Fast.</span> <span class='ocrx_word' id='word_1_1899' title='bbox 2117 3179 2140 3203; x_wconf 80' lang='grc'>3,</span> <span class='ocrx_word' id='word_1_1900' title='bbox 2160 3172 2211 3205; x_wconf 78' lang='lat'>756</span> 
     </span>
     <span class='ocr_line' id='line_1_88' title="bbox 9 3190 2210 3237; baseline 0.007 -20"><span class='ocrx_word' id='word_1_1901' title='bbox 9 3208 26 3211; x_wconf 39' lang='lat'>-‡</span> <span class='ocrx_word' id='word_1_1902' title='bbox 49 3201 75 3225; x_wconf 84' lang='lat'>3,</span> <span class='ocrx_word' id='word_1_1903' title='bbox 88 3193 131 3218; x_wconf 86' lang='lat'>66.</span> <span class='ocrx_word' id='word_1_1904' title='bbox 200 3191 341 3227; x_wconf 88' lang='lat' dir='ltr'>Voluptate</span> <span class='ocrx_word' id='word_1_1905' title='bbox 350 3193 475 3228; x_wconf 80' lang='lat' dir='ltr'>&#39;corporis</span> <span class='ocrx_word' id='word_1_1906' title='bbox 489 3191 597 3218; x_wconf 87' lang='lat' dir='ltr'>incitari</span> <span class='ocrx_word' id='word_1_1907' title='bbox 610 3190 684 3218; x_wconf 87' lang='lat' dir='ltr'>Idem</span> <span class='ocrx_word' id='word_1_1908' title='bbox 697 3190 729 3217; x_wconf 88' lang='lat' dir='ltr'>de</span> <span class='ocrx_word' id='word_1_1909' title='bbox 743 3191 842 3218; x_wconf 61' lang='lat' dir='ltr'>Sene&amp;</span> <span class='ocrx_word' id='word_1_1910' title='bbox 856 3200 897 3225; x_wconf 88' lang='lat'>41.</span> <span class='ocrx_word' id='word_1_1911' title='bbox 1163 3196 1344 3231; x_wconf 83' lang='lat' dir='ltr'>Inclamatquc</span> <span class='ocrx_word' id='word_1_1912' title='bbox 1360 3197 1434 3229; x_wconf 84' lang='lat' dir='ltr'>suos,</span> <span class='ocrx_word' id='word_1_1913' title='bbox 1447 3196 1632 3232; x_wconf 85' lang='lat' dir='ltr'>auxiliumque</span> <span class='ocrx_word' id='word_1_1914' title='bbox 1645 3202 1730 3224; x_wconf 86' lang='lat' dir='ltr'>vocat.</span> <span class='ocrx_word' id='word_1_1915' title='bbox 1801 3199 1874 3226; x_wconf 90' lang='lat' dir='ltr'>Idem</span> <span class='ocrx_word' id='word_1_1916' title='bbox 1888 3200 1952 3227; x_wconf 78' lang='lat' dir='ltr'>Fast.</span> <span class='ocrx_word' id='word_1_1917' title='bbox 1967 3210 1993 3235; x_wconf 80' lang='lat'>2,</span> <span class='ocrx_word' id='word_1_1918' title='bbox 2009 3211 2048 3236; x_wconf 79' lang='lat'>331</span> <span class='ocrx_word' id='word_1_1919' title='bbox 2069 3205 2111 3230; x_wconf 87' lang='lat' dir='ltr'>Fit</span> <span class='ocrx_word' id='word_1_1920' title='bbox 2123 3206 2210 3237; x_wconf 77' lang='lat' dir='ltr'>sonus,</span> 
     </span>
     <span class='ocr_line' id='line_1_89' title="bbox 50 3226 2210 3271; baseline 0.006 -17"><span class='ocrx_word' id='word_1_1921' title='bbox 50 3238 54 3241; x_wconf 64' lang='lat'><strong><em>¹</em></strong></span> <span class='ocrx_word' id='word_1_1922' title='bbox 88 3235 98 3254; x_wconf 88' lang='lat'>1</span> <span class='ocrx_word' id='word_1_1923' title='bbox 108 3235 129 3254; x_wconf 87' lang='lat' dir='ltr'>N</span> <span class='ocrx_word' id='word_1_1924' title='bbox 140 3232 157 3253; x_wconf 91' lang='lat' dir='ltr'>C</span> <span class='ocrx_word' id='word_1_1925' title='bbox 170 3232 178 3251; x_wconf 88' lang='lat'>1</span> <span class='ocrx_word' id='word_1_1926' title='bbox 190 3233 212 3252; x_wconf 86' lang='lat' dir='ltr'>T</span> <span class='ocrx_word' id='word_1_1927' title='bbox 222 3228 300 3254; x_wconf 82' lang='grc' dir='ltr'>ᾸΤν</span> <span class='ocrx_word' id='word_1_1928' title='bbox 310 3235 339 3261; x_wconf 85' lang='lat' dir='ltr'>s,</span> <span class='ocrx_word' id='word_1_1929' title='bbox 359 3237 388 3259; x_wconf 82' lang='lat' dir='ltr'>a,</span> <span class='ocrx_word' id='word_1_1930' title='bbox 406 3238 460 3255; x_wconf 91' lang='lat' dir='ltr'>um.</span> <span class='ocrx_word' id='word_1_1931' title='bbox 492 3228 586 3254; x_wconf 90' lang='lat' dir='ltr'>Partic.</span> <span class='ocrx_word' id='word_1_1932' title='bbox 623 3226 812 3262; x_wconf 66' lang='grc' dir='ltr'>[παραξυνθείς]</span> <span class='ocrx_word' id='word_1_1933' title='bbox 849 3227 992 3254; x_wconf 79' lang='lat' dir='ltr'>eeleritate</span> <span class='ocrx_word' id='word_1_1934' title='bbox 1004 3233 1030 3254; x_wconf 82' lang='lat' dir='ltr'>et</span> <span class='ocrx_word' id='word_1_1935' title='bbox 1045 3227 1096 3254; x_wconf 84' lang='lat' dir='ltr'>stu·</span> <span class='ocrx_word' id='word_1_1936' title='bbox 1162 3231 1286 3259; x_wconf 88' lang='lat' dir='ltr'>inclamat</span> <span class='ocrx_word' id='word_1_1937' title='bbox 1301 3234 1424 3264; x_wconf 84' lang='lat' dir='ltr'>comites,</span> <span class='ocrx_word' id='word_1_1938' title='bbox 1438 3239 1463 3258; x_wconf 92' lang='lat' dir='ltr'>et</span> <span class='ocrx_word' id='word_1_1939' title='bbox 1478 3233 1578 3259; x_wconf 87' lang='lat' dir='ltr'>lumina</span> <span class='ocrx_word' id='word_1_1940' title='bbox 1594 3234 1682 3268; x_wconf 89' lang='lat' dir='ltr'>poscit.</span> <span class='ocrx_word' id='word_1_1941' title='bbox 1710 3234 1783 3270; x_wconf 79' lang='lat' dir='ltr'>Conf.</span> <span class='ocrx_word' id='word_1_1942' title='bbox 1798 3236 1882 3262; x_wconf 89' lang='lat' dir='ltr'>Plaut.</span> <span class='ocrx_word' id='word_1_1943' title='bbox 1895 3237 1991 3271; x_wconf 86' lang='lat' dir='ltr'>Amph.</span> <span class='ocrx_word' id='word_1_1944' title='bbox 2005 3247 2026 3271; x_wconf 76' lang='grc' dir='ltr'>ς,</span> <span class='ocrx_word' id='word_1_1945' title='bbox 2041 3248 2061 3271; x_wconf 86' lang='lat'>1,</span> <span class='ocrx_word' id='word_1_1946' title='bbox 2075 3242 2112 3266; x_wconf 91' lang='lat'>16.</span> <span class='ocrx_word' id='word_1_1947' title='bbox 2166 3242 2210 3268; x_wconf 83' lang='lat' dir='ltr'>ln-</span> 
     </span>
     <span class='ocr_line' id='line_1_90' title="bbox 7 3254 2209 3304; baseline 0.003 -15"><span class='ocrx_word' id='word_1_1948' title='bbox 7 3254 32 3275; x_wconf 48' lang='lat'>-,·&gt;</span> <span class='ocrx_word' id='word_1_1949' title='bbox 51 3262 99 3290; x_wconf 81' lang='lat' dir='ltr'>dio</span> <span class='ocrx_word' id='word_1_1950' title='bbox 111 3263 235 3290; x_wconf 78' lang='lat' dir='ltr'>incitatus</span> <span class='ocrx_word' id='word_1_1951' title='bbox 255 3263 327 3290; x_wconf 82' lang='lat' dir='ltr'>Caes.</span> <span class='ocrx_word' id='word_1_1952' title='bbox 340 3264 369 3290; x_wconf 90' lang='lat' dir='ltr'>B.</span> <span class='ocrx_word' id='word_1_1953' title='bbox 378 3265 408 3291; x_wconf 89' lang='lat' dir='ltr'>C.</span> <span class='ocrx_word' id='word_1_1954' title='bbox 424 3273 446 3297; x_wconf 83' lang='lat'>3,</span> <span class='ocrx_word' id='word_1_1955' title='bbox 459 3269 500 3299; x_wconf 81' lang='lat'>78.</span> <span class='ocrx_word' id='word_1_1956' title='bbox 572 3263 684 3297; x_wconf 88' lang='lat' dir='ltr'>Eruptio</span> <span class='ocrx_word' id='word_1_1957' title='bbox 700 3263 833 3297; x_wconf 82' lang='lat' dir='ltr'>sanguinis</span> <span class='ocrx_word' id='word_1_1958' title='bbox 848 3263 956 3289; x_wconf 88' lang='lat' dir='ltr'>incitata</span> <span class='ocrx_word' id='word_1_1959' title='bbox 973 3262 1095 3290; x_wconf 88' lang='lat' dir='ltr'>Scribon.</span> <span class='ocrx_word' id='word_1_1960' title='bbox 1115 3274 1144 3303; x_wconf 75' lang='lat'>85</span> <span class='ocrx_word' id='word_1_1961' title='bbox 1161 3268 1275 3295; x_wconf 66' lang='lat' dir='ltr'>clamare</span> <span class='ocrx_word' id='word_1_1962' title='bbox 1289 3269 1406 3303; x_wconf 72' lang='lat' dir='ltr'>aliquem</span> <span class='ocrx_word' id='word_1_1963' title='bbox 1421 3277 1514 3302; x_wconf 80' lang='lat' dir='ltr'>magna</span> <span class='ocrx_word' id='word_1_1964' title='bbox 1529 3277 1594 3294; x_wconf 81' lang='lat' dir='ltr'>voce</span> <span class='ocrx_word' id='word_1_1965' title='bbox 1608 3269 1668 3295; x_wconf 88' lang='lat' dir='ltr'>Liu.</span> <span class='ocrx_word' id='word_1_1966' title='bbox 1684 3274 1706 3299; x_wconf 82' lang='lat'>8,</span> <span class='ocrx_word' id='word_1_1967' title='bbox 1719 3278 1744 3301; x_wconf 90' lang='lat'>9.</span> <span class='ocrx_word' id='word_1_1968' title='bbox 1816 3271 1889 3298; x_wconf 79' lang='lat' dir='ltr'>Idem</span> <span class='ocrx_word' id='word_1_1969' title='bbox 1904 3278 1946 3304; x_wconf 58' lang='lat'>2⁶,</span> <span class='ocrx_word' id='word_1_1970' title='bbox 1961 3281 1986 3304; x_wconf 81' lang='lat'>13</span> <span class='ocrx_word' id='word_1_1971' title='bbox 2017 3275 2141 3302; x_wconf 67' lang='lat' dir='ltr'>Turbam</span> <span class='ocrx_word' id='word_1_1972' title='bbox 2159 3286 2209 3304; x_wconf 72' lang='lat' dir='ltr'>no,</span> 
     </span>
     <span class='ocr_line' id='line_1_91' title="bbox 10 3292 2209 3340; baseline 0.005 -11"><span class='ocrx_word' id='word_1_1973' title='bbox 10 3294 23 3310; x_wconf 68' lang='lat'>²&#39;</span> <span class='ocrx_word' id='word_1_1974' title='bbox 50 3304 94 3332; x_wconf 77' lang='lat'>84·</span> <span class='ocrx_word' id='word_1_1975' title='bbox 154 3299 195 3325; x_wconf 69' lang='lat'>11⁶³</span> <span class='ocrx_word' id='word_1_1976' title='bbox 208 3303 253 3324; x_wconf 65' lang='lat' dir='ltr'>aut</span> <span class='ocrx_word' id='word_1_1977' title='bbox 265 3292 463 3332; x_wconf 66' lang='lat' dir='ltr'>pettxirbatione</span> <span class='ocrx_word' id='word_1_1978' title='bbox 475 3299 565 3334; x_wconf 85' lang='lat' dir='ltr'>aliqua</span> <span class='ocrx_word' id='word_1_1979' title='bbox 579 3299 701 3325; x_wconf 89' lang='lat' dir='ltr'>incitatus</span> <span class='ocrx_word' id='word_1_1980' title='bbox 713 3299 770 3325; x_wconf 88' lang='lat' dir='ltr'>Cic.</span> <span class='ocrx_word' id='word_1_1981' title='bbox 786 3298 838 3326; x_wconf 80' lang='lat' dir='ltr'>Off.</span> <span class='ocrx_word' id='word_1_1982' title='bbox 851 3308 871 3331; x_wconf 89' lang='lat'>1,</span> <span class='ocrx_word' id='word_1_1983' title='bbox 885 3307 910 3331; x_wconf 76' lang='lat'>23</span> <span class='ocrx_word' id='word_1_1984' title='bbox 922 3308 944 3325; x_wconf 75' lang='lat' dir='ltr'>c·</span> <span class='ocrx_word' id='word_1_1985' title='bbox 958 3306 983 3333; x_wconf 88' lang='lat'>7·</span> <span class='ocrx_word' id='word_1_1986' title='bbox 1041 3299 1095 3325; x_wconf 80' lang='lat' dir='ltr'>Ira·</span> <span class='ocrx_word' id='word_1_1987' title='bbox 1161 3304 1233 3331; x_wconf 88' lang='lat' dir='ltr'>mine</span> <span class='ocrx_word' id='word_1_1988' title='bbox 1247 3304 1378 3331; x_wconf 85' lang='lat' dir='ltr'>inclamat.</span> <span class='ocrx_word' id='word_1_1989' title='bbox 1451 3306 1481 3330; x_wconf 73' lang='lat' dir='ltr'>Es</span> <span class='ocrx_word' id='word_1_1990' title='bbox 1497 3313 1516 3336; x_wconf 90' lang='lat'>1,</span> <span class='ocrx_word' id='word_1_1991' title='bbox 1531 3312 1558 3336; x_wconf 77' lang='lat'>25</span> <span class='ocrx_word' id='word_1_1992' title='bbox 1584 3305 1615 3330; x_wconf 83' lang='lat' dir='ltr'>Et</span> <span class='ocrx_word' id='word_1_1993' title='bbox 1629 3303 1690 3330; x_wconf 91' lang='lat' dir='ltr'>dum</span> <span class='ocrx_word' id='word_1_1994' title='bbox 1706 3305 1822 3332; x_wconf 72' lang='lat' dir='ltr'>A&#39;banus</span> <span class='ocrx_word' id='word_1_1995' title='bbox 1837 3308 1966 3334; x_wconf 77' lang='lat' dir='ltr'>exercitus</span> <span class='ocrx_word' id='word_1_1996' title='bbox 1978 3309 2101 3337; x_wconf 87' lang='lat' dir='ltr'>inclamat</span> <span class='ocrx_word' id='word_1_1997' title='bbox 2114 3312 2209 3340; x_wconf 84' lang='lat' dir='ltr'>Curia-</span> 
     </span>
    </p>
   </div>
   <div class='ocr_carea' id='block_1_11' title="bbox 6 3333 2224 4049">
    <p class='ocr_par' dir='ltr' id='par_1_26' title="bbox 6 3333 2224 4049">
     <span class='ocr_line' id='line_1_92' title="bbox 49 3333 2208 3375; baseline 0.002 -14"><span class='ocrx_word' id='word_1_1998' title='bbox 49 3333 146 3361; x_wconf 87' lang='lat' dir='ltr'>cundia</span> <span class='ocrx_word' id='word_1_1999' title='bbox 167 3334 291 3359; x_wconf 85' lang='lat' dir='ltr'>incitatus</span> <span class='ocrx_word' id='word_1_2000' title='bbox 310 3335 421 3368; x_wconf 77' lang='lat' dir='ltr'>populus</span> <span class='ocrx_word' id='word_1_2001' title='bbox 434 3335 508 3363; x_wconf 88' lang='lat' dir='ltr'>Idem</span> <span class='ocrx_word' id='word_1_2002' title='bbox 522 3344 571 3370; x_wconf 90' lang='lat' dir='ltr'>pro</span> <span class='ocrx_word' id='word_1_2003' title='bbox 585 3335 674 3362; x_wconf 88' lang='lat' dir='ltr'>Domo</span> <span class='ocrx_word' id='word_1_2004' title='bbox 691 3337 729 3363; x_wconf 89' lang='lat'>86.</span> <span class='ocrx_word' id='word_1_2005' title='bbox 800 3336 832 3361; x_wconf 80' lang='lat' dir='ltr'>Et</span> <span class='ocrx_word' id='word_1_2006' title='bbox 851 3334 929 3361; x_wconf 87' lang='lat' dir='ltr'>Acad.</span> <span class='ocrx_word' id='word_1_2007' title='bbox 947 3343 975 3368; x_wconf 87' lang='lat'>4,</span> <span class='ocrx_word' id='word_1_2008' title='bbox 994 3343 1024 3368; x_wconf 85' lang='lat'>14</span> <span class='ocrx_word' id='word_1_2009' title='bbox 1062 3335 1094 3361; x_wconf 90' lang='lat' dir='ltr'>Et</span> <span class='ocrx_word' id='word_1_2010' title='bbox 1159 3339 1220 3372; x_wconf 68' lang='lat' dir='ltr'>tiis,</span> <span class='ocrx_word' id='word_1_2011' title='bbox 1242 3341 1281 3366; x_wconf 69' lang='lat' dir='ltr'>vti</span> <span class='ocrx_word' id='word_1_2012' title='bbox 1300 3349 1379 3375; x_wconf 73' lang='lat' dir='ltr'>opem</span> <span class='ocrx_word' id='word_1_2013' title='bbox 1395 3340 1482 3366; x_wconf 76' lang='lat' dir='ltr'>ferant</span> <span class='ocrx_word' id='word_1_2014' title='bbox 1496 3339 1591 3372; x_wconf 76' lang='lat' dir='ltr'>fratri,</span> <span class='ocrx_word' id='word_1_2015' title='bbox 1611 3339 1663 3366; x_wconf 80' lang='lat' dir='ltr'>iam</span> <span class='ocrx_word' id='word_1_2016' title='bbox 1678 3341 1734 3367; x_wconf 70' lang='grc' dir='ltr'>Ηος</span> <span class='ocrx_word' id='word_1_2017' title='bbox 1769 3342 1807 3367; x_wconf 80' lang='grc' dir='ltr'>’·ς</span> <span class='ocrx_word' id='word_1_2018' title='bbox 1829 3344 1903 3370; x_wconf 70' lang='lat' dir='ltr'>caeso</span> <span class='ocrx_word' id='word_1_2019' title='bbox 1922 3343 1994 3370; x_wconf 74' lang='lat' dir='ltr'>hoste</span> <span class='ocrx_word' id='word_1_2020' title='bbox 2009 3346 2097 3373; x_wconf 42' lang='lat' dir='ltr'>vif-&lt;101-</span> <span class='ocrx_word' id='word_1_2021' title='bbox 2117 3349 2208 3375; x_wconf 64' lang='lat' dir='ltr'>secun,</span> 
     </span>
     <span class='ocr_line' id='line_1_93' title="bbox 49 3368 2209 3411; baseline 0.005 -16"><span class='ocrx_word' id='word_1_2022' title='bbox 49 3375 138 3398; x_wconf 85' lang='lat' dir='ltr'>tamen</span> <span class='ocrx_word' id='word_1_2023' title='bbox 159 3369 202 3395; x_wconf 89' lang='lat' dir='ltr'>isti</span> <span class='ocrx_word' id='word_1_2024' title='bbox 222 3368 322 3401; x_wconf 85' lang='lat' dir='ltr'>Phyfici</span> <span class='ocrx_word' id='word_1_2025' title='bbox 343 3378 403 3396; x_wconf 84' lang='lat' dir='ltr'>raro</span> <span class='ocrx_word' id='word_1_2026' title='bbox 421 3371 563 3398; x_wconf 89' lang='lat' dir='ltr'>admodum</span> <span class='ocrx_word' id='word_1_2027' title='bbox 583 3379 666 3405; x_wconf 88' lang='lat' dir='ltr'>quum</span> <span class='ocrx_word' id='word_1_2028' title='bbox 688 3369 796 3397; x_wconf 85' lang='lat' dir='ltr'>haerent</span> <span class='ocrx_word' id='word_1_2029' title='bbox 812 3370 904 3405; x_wconf 87' lang='lat' dir='ltr'>aliquo</span> <span class='ocrx_word' id='word_1_2030' title='bbox 925 3370 1000 3402; x_wconf 90' lang='lat' dir='ltr'>loco,</span> <span class='ocrx_word' id='word_1_2031' title='bbox 1020 3370 1092 3405; x_wconf 77' lang='lat' dir='ltr'>quasi</span> <span class='ocrx_word' id='word_1_2032' title='bbox 1160 3374 1220 3402; x_wconf 89' lang='lat' dir='ltr'>dam</span> <span class='ocrx_word' id='word_1_2033' title='bbox 1234 3385 1347 3410; x_wconf 77' lang='lat' dir='ltr'>pugnam</span> <span class='ocrx_word' id='word_1_2034' title='bbox 1366 3375 1478 3410; x_wconf 85' lang='lat' dir='ltr'>petebat.</span> <span class='ocrx_word' id='word_1_2035' title='bbox 1549 3374 1693 3402; x_wconf 86' lang='lat' dir='ltr'>Inclamare</span> <span class='ocrx_word' id='word_1_2036' title='bbox 1713 3376 1846 3411; x_wconf 86' lang='lat' dir='ltr'>aliquem,</span> <span class='ocrx_word' id='word_1_2037' title='bbox 1861 3379 1998 3406; x_wconf 82' lang='lat' dir='ltr'>Conuiciis</span> <span class='ocrx_word' id='word_1_2038' title='bbox 2015 3387 2041 3407; x_wconf 86' lang='lat' dir='ltr'>et</span> <span class='ocrx_word' id='word_1_2039' title='bbox 2060 3382 2209 3411; x_wconf 64' lang='lat' dir='ltr'>maledjffls</span> 
     </span>
     <span class='ocr_line' id='line_1_94' title="bbox 49 3404 2208 3448; baseline 0.003 -16"><span class='ocrx_word' id='word_1_2040' title='bbox 49 3412 139 3432; x_wconf 85' lang='lat' dir='ltr'>mente</span> <span class='ocrx_word' id='word_1_2041' title='bbox 161 3405 272 3431; x_wconf 85' lang='lat' dir='ltr'>incitati.</span> <span class='ocrx_word' id='word_1_2042' title='bbox 351 3404 439 3432; x_wconf 89' lang='lat' dir='ltr'>Gradu</span> <span class='ocrx_word' id='word_1_2043' title='bbox 455 3407 565 3434; x_wconf 88' lang='lat' dir='ltr'>incitato</span> <span class='ocrx_word' id='word_1_2044' title='bbox 588 3408 703 3433; x_wconf 82' lang='lat' dir='ltr'>accurrit</span> <span class='ocrx_word' id='word_1_2045' title='bbox 730 3406 788 3432; x_wconf 89' lang='lat' dir='ltr'>Sen.</span> <span class='ocrx_word' id='word_1_2046' title='bbox 809 3405 914 3433; x_wconf 87' lang='lat' dir='ltr'>Troad.</span> <span class='ocrx_word' id='word_1_2047' title='bbox 931 3414 959 3432; x_wconf 89' lang='lat'>10</span> <span class='ocrx_word' id='word_1_2048' title='bbox 982 3415 1008 3432; x_wconf 89' lang='lat' dir='ltr'>v.</span> <span class='ocrx_word' id='word_1_2049' title='bbox 1028 3414 1091 3446; x_wconf 84' lang='lat'>997.</span> <span class='ocrx_word' id='word_1_2050' title='bbox 1157 3411 1392 3448; x_wconf 65' lang='lat' dir='ltr'>inse&amp;21-i‚jnquit</span> <span class='ocrx_word' id='word_1_2051' title='bbox 1406 3410 1502 3437; x_wconf 84' lang='lat' dir='ltr'>Festus.</span> <span class='ocrx_word' id='word_1_2052' title='bbox 1574 3411 1654 3437; x_wconf 90' lang='lat' dir='ltr'>Ouid.</span> <span class='ocrx_word' id='word_1_2053' title='bbox 1670 3412 1760 3438; x_wconf 87' lang='lat' dir='ltr'>Amor.</span> <span class='ocrx_word' id='word_1_2054' title='bbox 1781 3421 1802 3445; x_wconf 87' lang='lat'>1,</span> <span class='ocrx_word' id='word_1_2055' title='bbox 1821 3421 1848 3448; x_wconf 85' lang='lat'>7,</span> <span class='ocrx_word' id='word_1_2056' title='bbox 1862 3422 1895 3448; x_wconf 77' lang='lat'>43</span> <span class='ocrx_word' id='word_1_2057' title='bbox 1924 3415 2022 3442; x_wconf 72' lang='lat' dir='ltr'>Nonne</span> <span class='ocrx_word' id='word_1_2058' title='bbox 2040 3418 2101 3444; x_wconf 63' lang='lat' dir='ltr'>satis</span> <span class='ocrx_word' id='word_1_2059' title='bbox 2118 3419 2208 3447; x_wconf 63' lang='lat' dir='ltr'>fuerat</span> 
     </span>
     <span class='ocr_line' id='line_1_95' title="bbox 11 3439 2206 3487; baseline 0.004 -19"><span class='ocrx_word' id='word_1_2060' title='bbox 11 3449 18 3472; x_wconf 61' lang='grc' dir='ltr'><strong><em>ι</em></strong></span> <span class='ocrx_word' id='word_1_2061' title='bbox 48 3441 181 3476; x_wconf 84' lang='lat' dir='ltr'>Populum</span> <span class='ocrx_word' id='word_1_2062' title='bbox 196 3441 335 3467; x_wconf 88' lang='lat' dir='ltr'>incitatum</span> <span class='ocrx_word' id='word_1_2063' title='bbox 355 3439 477 3475; x_wconf 87' lang='lat' dir='ltr'>mitigate</span> <span class='ocrx_word' id='word_1_2064' title='bbox 496 3443 553 3469; x_wconf 88' lang='lat' dir='ltr'>Cic.</span> <span class='ocrx_word' id='word_1_2065' title='bbox 567 3442 599 3468; x_wconf 90' lang='lat' dir='ltr'>de</span> <span class='ocrx_word' id='word_1_2066' title='bbox 613 3443 686 3469; x_wconf 87' lang='lat' dir='ltr'>Orat.</span> <span class='ocrx_word' id='word_1_2067' title='bbox 701 3450 722 3474; x_wconf 85' lang='lat'>1,</span> <span class='ocrx_word' id='word_1_2068' title='bbox 734 3450 785 3468; x_wconf 85' lang='lat'>202</span> <span class='ocrx_word' id='word_1_2069' title='bbox 800 3451 821 3468; x_wconf 86' lang='lat' dir='ltr'>c.</span> <span class='ocrx_word' id='word_1_2070' title='bbox 835 3444 881 3475; x_wconf 85' lang='lat'>46.</span> <span class='ocrx_word' id='word_1_2071' title='bbox 952 3442 1091 3476; x_wconf 78' lang='lat' dir='ltr'>Sanguinis</span> <span class='ocrx_word' id='word_1_2072' title='bbox 1108 3460 1145 3485; x_wconf 80' lang='lat'>90</span> <span class='ocrx_word' id='word_1_2073' title='bbox 1158 3447 1268 3474; x_wconf 70' lang='lat' dir='ltr'>timidae</span> <span class='ocrx_word' id='word_1_2074' title='bbox 1280 3448 1427 3474; x_wconf 71' lang='lat' dir='ltr'>inclamafl&#39;e</span> <span class='ocrx_word' id='word_1_2075' title='bbox 1443 3446 1553 3480; x_wconf 86' lang='lat' dir='ltr'>puellae.</span> <span class='ocrx_word' id='word_1_2076' title='bbox 1625 3447 1705 3473; x_wconf 90' lang='lat' dir='ltr'>Plaut.</span> <span class='ocrx_word' id='word_1_2077' title='bbox 1719 3447 1788 3474; x_wconf 81' lang='lat' dir='ltr'>Afin.</span> <span class='ocrx_word' id='word_1_2078' title='bbox 1802 3458 1824 3481; x_wconf 82' lang='grc'>3,</span> <span class='ocrx_word' id='word_1_2079' title='bbox 1840 3458 1861 3482; x_wconf 85' lang='lat'>2,</span> <span class='ocrx_word' id='word_1_2080' title='bbox 1877 3452 1909 3481; x_wconf 73' lang='lat'>36</span> <span class='ocrx_word' id='word_1_2081' title='bbox 1927 3451 2017 3478; x_wconf 82' lang='lat' dir='ltr'>Nimis</span> <span class='ocrx_word' id='word_1_2082' title='bbox 2031 3461 2107 3487; x_wconf 76' lang='lat' dir='ltr'>aegre</span> <span class='ocrx_word' id='word_1_2083' title='bbox 2121 3455 2206 3483; x_wconf 73' lang='lat' dir='ltr'>risum</span> 
     </span>
     <span class='ocr_line' id='line_1_96' title="bbox 48 3475 2206 3518; baseline 0.006 -15"><span class='ocrx_word' id='word_1_2084' title='bbox 48 3476 155 3503; x_wconf 75' lang='lat' dir='ltr'>incitati</span> <span class='ocrx_word' id='word_1_2085' title='bbox 168 3478 216 3502; x_wconf 72' lang='lat' dir='ltr'>efl‘e</span> <span class='ocrx_word' id='word_1_2086' title='bbox 228 3476 286 3502; x_wconf 88' lang='lat' dir='ltr'>Sen.</span> <span class='ocrx_word' id='word_1_2087' title='bbox 299 3475 376 3510; x_wconf 84' lang='lat' dir='ltr'>Epist.</span> <span class='ocrx_word' id='word_1_2088' title='bbox 386 3483 423 3505; x_wconf 72' lang='lat'>11.</span> <span class='ocrx_word' id='word_1_2089' title='bbox 491 3477 613 3505; x_wconf 88' lang='lat' dir='ltr'>Studium</span> <span class='ocrx_word' id='word_1_2090' title='bbox 632 3478 770 3504; x_wconf 89' lang='lat' dir='ltr'>incitatum</span> <span class='ocrx_word' id='word_1_2091' title='bbox 788 3477 820 3504; x_wconf 85' lang='lat' dir='ltr'>ad</span> <span class='ocrx_word' id='word_1_2092' title='bbox 838 3477 1025 3504; x_wconf 88' lang='lat' dir='ltr'>inueniendam</span> <span class='ocrx_word' id='word_1_2093' title='bbox 1046 3486 1091 3504; x_wconf 77' lang='lat' dir='ltr'>ve-</span> <span class='ocrx_word' id='word_1_2094' title='bbox 1157 3484 1293 3514; x_wconf 62' lang='lat' dir='ltr'>continui,</span> <span class='ocrx_word' id='word_1_2095' title='bbox 1314 3483 1361 3509; x_wconf 74' lang='lat' dir='ltr'>vbi</span> <span class='ocrx_word' id='word_1_2096' title='bbox 1381 3482 1512 3516; x_wconf 78' lang='lat' dir='ltr'>hospitem</span> <span class='ocrx_word' id='word_1_2097' title='bbox 1531 3481 1702 3515; x_wconf 86' lang='lat' dir='ltr'>inclamauit,</span> <span class='ocrx_word' id='word_1_2098' title='bbox 1723 3484 1795 3517; x_wconf 89' lang='lat' dir='ltr'>quod</span> <span class='ocrx_word' id='word_1_2099' title='bbox 1814 3485 1839 3510; x_wconf 89' lang='lat' dir='ltr'>se</span> <span class='ocrx_word' id='word_1_2100' title='bbox 1859 3485 1965 3512; x_wconf 85' lang='lat' dir='ltr'>absente</span> <span class='ocrx_word' id='word_1_2101' title='bbox 1984 3487 2053 3515; x_wconf 86' lang='lat' dir='ltr'>mihi</span> <span class='ocrx_word' id='word_1_2102' title='bbox 2068 3488 2147 3517; x_wconf 77' lang='lat' dir='ltr'>fidem</span> <span class='ocrx_word' id='word_1_2103' title='bbox 2160 3490 2206 3518; x_wconf 86' lang='lat' dir='ltr'>ha-</span> 
     </span>
     <span class='ocr_line' id='line_1_97' title="bbox 10 3512 1774 3553; baseline 0.003 -14"><span class='ocrx_word' id='word_1_2104' title='bbox 10 3522 37 3539; x_wconf 53' lang='lat'>.—⁷</span> <span class='ocrx_word' id='word_1_2105' title='bbox 48 3513 156 3539; x_wconf 85' lang='lat' dir='ltr'>ritatem</span> <span class='ocrx_word' id='word_1_2106' title='bbox 175 3512 231 3538; x_wconf 91' lang='lat' dir='ltr'>Cic.</span> <span class='ocrx_word' id='word_1_2107' title='bbox 244 3512 326 3538; x_wconf 87' lang='lat' dir='ltr'>Tusc.</span> <span class='ocrx_word' id='word_1_2108' title='bbox 345 3518 368 3544; x_wconf 80' lang='grc' dir='ltr'>ς,</span> <span class='ocrx_word' id='word_1_2109' title='bbox 381 3513 422 3540; x_wconf 86' lang='grc'>68.</span> <span class='ocrx_word' id='word_1_2110' title='bbox 490 3513 618 3540; x_wconf 88' lang='lat' dir='ltr'>Voluntas</span> <span class='ocrx_word' id='word_1_2111' title='bbox 635 3513 744 3540; x_wconf 84' lang='lat' dir='ltr'>incitata</span> <span class='ocrx_word' id='word_1_2112' title='bbox 762 3513 869 3540; x_wconf 89' lang='lat' dir='ltr'>aduersa</span> <span class='ocrx_word' id='word_1_2113' title='bbox 887 3514 992 3540; x_wconf 85' lang='lat' dir='ltr'>ratione</span> <span class='ocrx_word' id='word_1_2114' title='bbox 1017 3513 1091 3539; x_wconf 88' lang='lat' dir='ltr'>Idem</span> <span class='ocrx_word' id='word_1_2115' title='bbox 1156 3518 1220 3545; x_wconf 73' lang='lat' dir='ltr'>bere</span> <span class='ocrx_word' id='word_1_2116' title='bbox 1235 3519 1364 3545; x_wconf 72' lang='lat' dir='ltr'>noluisset.</span> <span class='ocrx_word' id='word_1_2117' title='bbox 1402 3518 1474 3553; x_wconf 80' lang='lat' dir='ltr'>Conf.</span> <span class='ocrx_word' id='word_1_2118' title='bbox 1489 3518 1563 3543; x_wconf 88' lang='lat' dir='ltr'>Idem</span> <span class='ocrx_word' id='word_1_2119' title='bbox 1576 3517 1639 3544; x_wconf 80' lang='lat' dir='ltr'>Cist.</span> <span class='ocrx_word' id='word_1_2120' title='bbox 1656 3527 1674 3549; x_wconf 88' lang='lat'>1,</span> <span class='ocrx_word' id='word_1_2121' title='bbox 1689 3528 1709 3551; x_wconf 90' lang='lat'>1,</span> <span class='ocrx_word' id='word_1_2122' title='bbox 1724 3528 1774 3545; x_wconf 88' lang='lat'>110.</span> 
     </span>
     <span class='ocr_line' id='line_1_98' title="bbox 48 3546 2204 3596; baseline 0.006 -22"><span class='ocrx_word' id='word_1_2123' title='bbox 48 3548 133 3575; x_wconf 85' lang='lat' dir='ltr'>Tusc.</span> <span class='ocrx_word' id='word_1_2124' title='bbox 146 3558 174 3582; x_wconf 84' lang='lat'>4,</span> <span class='ocrx_word' id='word_1_2125' title='bbox 212 3567 218 3573; x_wconf 91' lang='lat'>.</span> <span class='ocrx_word' id='word_1_2126' title='bbox 257 3567 264 3574; x_wconf 94' lang='lat'>.</span> <span class='ocrx_word' id='word_1_2127' title='bbox 341 3546 481 3573; x_wconf 90' lang='lat' dir='ltr'>Incitatum</span> <span class='ocrx_word' id='word_1_2128' title='bbox 496 3553 542 3581; x_wconf 83' lang='lat' dir='ltr'>pro</span> <span class='ocrx_word' id='word_1_2129' title='bbox 561 3550 709 3576; x_wconf 76' lang='lat' dir='ltr'>Vehementi.</span> <span class='ocrx_word' id='word_1_2130' title='bbox 748 3549 803 3577; x_wconf 88' lang='lat' dir='ltr'>Cic.</span> <span class='ocrx_word' id='word_1_2131' title='bbox 818 3550 846 3576; x_wconf 92' lang='lat' dir='ltr'>in</span> <span class='ocrx_word' id='word_1_2132' title='bbox 858 3550 931 3576; x_wconf 84' lang='lat' dir='ltr'>Brut.</span> <span class='ocrx_word' id='word_1_2133' title='bbox 949 3557 977 3581; x_wconf 78' lang='lat'>35</span> <span class='ocrx_word' id='word_1_2134' title='bbox 988 3584 994 3588; x_wconf 44' lang='grc'><em>.</em></span> <span class='ocrx_word' id='word_1_2135' title='bbox 1009 3548 1091 3575; x_wconf 85' lang='lat' dir='ltr'>Nihil</span> <span class='ocrx_word' id='word_1_2136' title='bbox 1192 3561 1234 3580; x_wconf 75' lang='lat' dir='ltr'>IN</span> <span class='ocrx_word' id='word_1_2137' title='bbox 1246 3561 1263 3581; x_wconf 86' lang='lat' dir='ltr'>c</span> <span class='ocrx_word' id='word_1_2138' title='bbox 1276 3561 1291 3580; x_wconf 68' lang='lat'>1.</span> <span class='ocrx_word' id='word_1_2139' title='bbox 1302 3561 1357 3581; x_wconf 80' lang='lat' dir='ltr'>AM</span> <span class='ocrx_word' id='word_1_2140' title='bbox 1368 3551 1452 3584; x_wconf 54' lang='lat' dir='ltr'>isso,</span> <span class='ocrx_word' id='word_1_2141' title='bbox 1479 3556 1532 3579; x_wconf 77' lang='lat' dir='ltr'>are.</span> <span class='ocrx_word' id='word_1_2142' title='bbox 1571 3554 1711 3589; x_wconf 83' lang='lat' dir='ltr'>Frequent.</span> <span class='ocrx_word' id='word_1_2143' title='bbox 1747 3552 1919 3590; x_wconf 66' lang='grc' dir='ltr'>[ἕνηέσῶμαι]</span> <span class='ocrx_word' id='word_1_2144' title='bbox 1954 3557 2035 3585; x_wconf 86' lang='lat' dir='ltr'>Plaut.</span> <span class='ocrx_word' id='word_1_2145' title='bbox 2050 3559 2126 3594; x_wconf 85' lang='lat' dir='ltr'>Epid.</span> <span class='ocrx_word' id='word_1_2146' title='bbox 2142 3569 2165 3594; x_wconf 79' lang='grc' dir='ltr'>ς,</span> <span class='ocrx_word' id='word_1_2147' title='bbox 2178 3570 2204 3596; x_wconf 84' lang='lat'>2,</span> 
     </span>
     <span class='ocr_line' id='line_1_99' title="bbox 48 3581 1659 3624; baseline 0.001 -14"><span class='ocrx_word' id='word_1_2148' title='bbox 48 3584 162 3618; x_wconf 86' lang='lat' dir='ltr'>grande,</span> <span class='ocrx_word' id='word_1_2149' title='bbox 177 3582 247 3609; x_wconf 89' lang='lat' dir='ltr'>nihil</span> <span class='ocrx_word' id='word_1_2150' title='bbox 268 3581 422 3613; x_wconf 87' lang='lat' dir='ltr'>incitatum,</span> <span class='ocrx_word' id='word_1_2151' title='bbox 437 3581 504 3608; x_wconf 86' lang='lat' dir='ltr'>nihil</span> <span class='ocrx_word' id='word_1_2152' title='bbox 523 3591 654 3611; x_wconf 77' lang='lat' dir='ltr'>ornatum.</span> <span class='ocrx_word' id='word_1_2153' title='bbox 715 3584 789 3611; x_wconf 87' lang='lat' dir='ltr'>Idem</span> <span class='ocrx_word' id='word_1_2154' title='bbox 822 3605 828 3611; x_wconf 91' lang='lat'>.</span> <span class='ocrx_word' id='word_1_2155' title='bbox 865 3605 871 3611; x_wconf 96' lang='lat'>.</span> <span class='ocrx_word' id='word_1_2156' title='bbox 902 3605 909 3611; x_wconf 93' lang='lat'>.</span> <span class='ocrx_word' id='word_1_2157' title='bbox 939 3585 1050 3611; x_wconf 81' lang='lat' dir='ltr'>Incitata</span> <span class='ocrx_word' id='word_1_2158' title='bbox 1064 3590 1091 3611; x_wconf 90' lang='lat' dir='ltr'>et</span> <span class='ocrx_word' id='word_1_2159' title='bbox 1155 3591 1193 3623; x_wconf 80' lang='lat'>46</span> <span class='ocrx_word' id='word_1_2160' title='bbox 1212 3591 1298 3617; x_wconf 70' lang='lat' dir='ltr'>Etiam</span> <span class='ocrx_word' id='word_1_2161' title='bbox 1311 3590 1463 3615; x_wconf 66' lang='lat' dir='ltr'>inclamitor</span> <span class='ocrx_word' id='word_1_2162' title='bbox 1476 3588 1547 3624; x_wconf 73' lang='lat' dir='ltr'>quasi</span> <span class='ocrx_word' id='word_1_2163' title='bbox 1561 3590 1659 3616; x_wconf 79' lang='lat' dir='ltr'>seruos.</span> 
     </span>
     <span class='ocr_line' id='line_1_100' title="bbox 36 3617 2202 3664; baseline 0.007 -19"><span class='ocrx_word' id='word_1_2164' title='bbox 36 3619 195 3653; x_wconf 57' lang='lat' dir='ltr'>fvolubilis,</span> <span class='ocrx_word' id='word_1_2165' title='bbox 208 3627 255 3644; x_wconf 88' lang='lat' dir='ltr'>nec</span> <span class='ocrx_word' id='word_1_2166' title='bbox 268 3626 298 3644; x_wconf 90' lang='lat' dir='ltr'>ea</span> <span class='ocrx_word' id='word_1_2167' title='bbox 318 3617 464 3644; x_wconf 84' lang='lat' dir='ltr'>redundans</span> <span class='ocrx_word' id='word_1_2168' title='bbox 477 3622 571 3646; x_wconf 88' lang='lat' dir='ltr'>tamen.</span> <span class='ocrx_word' id='word_1_2169' title='bbox 642 3620 698 3647; x_wconf 85' lang='lat' dir='ltr'>Cic.</span> <span class='ocrx_word' id='word_1_2170' title='bbox 714 3620 793 3647; x_wconf 84' lang='lat' dir='ltr'>Acad.</span> <span class='ocrx_word' id='word_1_2171' title='bbox 806 3629 833 3654; x_wconf 86' lang='lat'>4,</span> <span class='ocrx_word' id='word_1_2172' title='bbox 846 3626 878 3655; x_wconf 88' lang='lat'>87</span> <span class='ocrx_word' id='word_1_2173' title='bbox 891 3630 912 3647; x_wconf 87' lang='lat' dir='ltr'>c.</span> <span class='ocrx_word' id='word_1_2174' title='bbox 926 3625 959 3653; x_wconf 85' lang='lat'>48</span> <span class='ocrx_word' id='word_1_2175' title='bbox 990 3620 1089 3646; x_wconf 74' lang='lat' dir='ltr'>Nonne</span> <span class='ocrx_word' id='word_1_2176' title='bbox 1107 3633 1140 3660; x_wconf 76' lang='lat'>95</span> <span class='ocrx_word' id='word_1_2177' title='bbox 1192 3633 1201 3651; x_wconf 95' lang='lat'>1</span> <span class='ocrx_word' id='word_1_2178' title='bbox 1210 3633 1232 3651; x_wconf 87' lang='lat' dir='ltr'>N</span> <span class='ocrx_word' id='word_1_2179' title='bbox 1241 3633 1258 3653; x_wconf 91' lang='lat' dir='ltr'>c</span> <span class='ocrx_word' id='word_1_2180' title='bbox 1267 3633 1283 3652; x_wconf 84' lang='lat' dir='ltr'>L</span> <span class='ocrx_word' id='word_1_2181' title='bbox 1292 3633 1313 3652; x_wconf 85' lang='lat' dir='ltr'>A</span> <span class='ocrx_word' id='word_1_2182' title='bbox 1323 3633 1347 3652; x_wconf 89' lang='grc' dir='ltr'><strong>Μ</strong></span> <span class='ocrx_word' id='word_1_2183' title='bbox 1357 3633 1378 3652; x_wconf 84' lang='grc' dir='ltr'>Α</span> <span class='ocrx_word' id='word_1_2184' title='bbox 1388 3631 1437 3651; x_wconf 85' lang='lat' dir='ltr'>TV</span> <span class='ocrx_word' id='word_1_2185' title='bbox 1446 3631 1475 3657; x_wconf 86' lang='lat' dir='ltr'>s,</span> <span class='ocrx_word' id='word_1_2186' title='bbox 1496 3632 1525 3656; x_wconf 87' lang='lat' dir='ltr'>a,</span> <span class='ocrx_word' id='word_1_2187' title='bbox 1546 3633 1600 3651; x_wconf 89' lang='lat' dir='ltr'>um.</span> <span class='ocrx_word' id='word_1_2188' title='bbox 1631 3625 1722 3651; x_wconf 79' lang='lat' dir='ltr'>Partic.</span> <span class='ocrx_word' id='word_1_2189' title='bbox 1759 3625 1916 3654; x_wconf 84' lang='lat' dir='ltr'>Inclamatus</span> <span class='ocrx_word' id='word_1_2190' title='bbox 1928 3637 1943 3655; x_wconf 90' lang='lat' dir='ltr'>a</span> <span class='ocrx_word' id='word_1_2191' title='bbox 1957 3629 2042 3657; x_wconf 87' lang='lat' dir='ltr'>Puero</span> <span class='ocrx_word' id='word_1_2192' title='bbox 2060 3631 2128 3658; x_wconf 85' lang='lat' dir='ltr'>Plin.</span> <span class='ocrx_word' id='word_1_2193' title='bbox 2140 3640 2166 3664; x_wconf 87' lang='lat'>9,</span> <span class='ocrx_word' id='word_1_2194' title='bbox 2180 3638 2202 3663; x_wconf 88' lang='lat'>8.</span> 
     </span>
     <span class='ocr_line' id='line_1_101' title="bbox 47 3651 1735 3693; baseline 0.002 -12"><span class='ocrx_word' id='word_1_2195' title='bbox 47 3653 150 3682; x_wconf 83' lang='lat' dir='ltr'>ibidem</span> <span class='ocrx_word' id='word_1_2196' title='bbox 162 3655 272 3681; x_wconf 87' lang='lat' dir='ltr'>incitato</span> <span class='ocrx_word' id='word_1_2197' title='bbox 285 3653 392 3684; x_wconf 86' lang='lat' dir='ltr'>furore,</span> <span class='ocrx_word' id='word_1_2198' title='bbox 410 3651 479 3678; x_wconf 89' lang='lat' dir='ltr'>vnde</span> <span class='ocrx_word' id='word_1_2199' title='bbox 497 3652 559 3680; x_wconf 89' lang='lat' dir='ltr'>haec</span> <span class='ocrx_word' id='word_1_2200' title='bbox 578 3655 680 3683; x_wconf 88' lang='lat' dir='ltr'>flamma</span> <span class='ocrx_word' id='word_1_2201' title='bbox 694 3657 792 3684; x_wconf 85' lang='lat' dir='ltr'>oritur.</span> <span class='ocrx_word' id='word_1_2202' title='bbox 815 3658 852 3683; x_wconf 79' lang='lat' dir='ltr'>Ex</span> <span class='ocrx_word' id='word_1_2203' title='bbox 865 3658 949 3683; x_wconf 74' lang='lat' dir='ltr'>Poc&#39;m.</span> <span class='ocrx_word' id='word_1_2204' title='bbox 1021 3656 1089 3682; x_wconf 87' lang='lat' dir='ltr'>Com·</span> <span class='ocrx_word' id='word_1_2205' title='bbox 1156 3660 1275 3688; x_wconf 73' lang='lat' dir='ltr'>Nomine</span> <span class='ocrx_word' id='word_1_2206' title='bbox 1290 3662 1337 3688; x_wconf 79' lang='lat' dir='ltr'>suo</span> <span class='ocrx_word' id='word_1_2207' title='bbox 1351 3660 1506 3687; x_wconf 73' lang='lat' dir='ltr'>inclamatus</span> <span class='ocrx_word' id='word_1_2208' title='bbox 1520 3660 1638 3687; x_wconf 68' lang='lat' dir='ltr'>Laetam.</span> <span class='ocrx_word' id='word_1_2209' title='bbox 1652 3671 1678 3693; x_wconf 80' lang='lat'>4,</span> <span class='ocrx_word' id='word_1_2210' title='bbox 1694 3663 1735 3686; x_wconf 82' lang='lat'>26.</span> 
     </span>
     <span class='ocr_line' id='line_1_102' title="bbox 41 3688 2072 3737; baseline 0.006 -21"><span class='ocrx_word' id='word_1_2211' title='bbox 41 3696 102 3725; x_wconf 74' lang='lat' dir='ltr'>par.</span> <span class='ocrx_word' id='word_1_2212' title='bbox 139 3690 196 3717; x_wconf 92' lang='lat' dir='ltr'>Cic.</span> <span class='ocrx_word' id='word_1_2213' title='bbox 210 3691 286 3716; x_wconf 84' lang='lat' dir='ltr'>Orat.</span> <span class='ocrx_word' id='word_1_2214' title='bbox 301 3698 323 3716; x_wconf 90' lang='lat' dir='ltr'>c.</span> <span class='ocrx_word' id='word_1_2215' title='bbox 338 3698 365 3715; x_wconf 85' lang='lat'>12</span> <span class='ocrx_word' id='word_1_2216' title='bbox 395 3688 468 3714; x_wconf 87' lang='lat' dir='ltr'>Alter</span> <span class='ocrx_word' id='word_1_2217' title='bbox 489 3688 625 3719; x_wconf 81' lang='lat' dir='ltr'>incitatior</span> <span class='ocrx_word' id='word_1_2218' title='bbox 641 3692 734 3719; x_wconf 85' lang='lat' dir='ltr'>fertur.</span> <span class='ocrx_word' id='word_1_2219' title='bbox 821 3693 915 3728; x_wconf 69' lang='lat' dir='ltr'>Superi.</span> <span class='ocrx_word' id='word_1_2220' title='bbox 943 3691 1090 3725; x_wconf 79' lang='lat' dir='ltr'>Legionem</span> <span class='ocrx_word' id='word_1_2221' title='bbox 1192 3703 1202 3721; x_wconf 93' lang='lat'>1</span> <span class='ocrx_word' id='word_1_2222' title='bbox 1214 3703 1235 3722; x_wconf 87' lang='lat' dir='ltr'>N</span> <span class='ocrx_word' id='word_1_2223' title='bbox 1244 3704 1260 3724; x_wconf 91' lang='lat' dir='ltr'>c</span> <span class='ocrx_word' id='word_1_2224' title='bbox 1270 3703 1313 3723; x_wconf 78' lang='lat' dir='ltr'>LA</span> <span class='ocrx_word' id='word_1_2225' title='bbox 1323 3704 1378 3724; x_wconf 74' lang='lat' dir='ltr'>MA</span> <span class='ocrx_word' id='word_1_2226' title='bbox 1390 3703 1412 3723; x_wconf 78' lang='lat' dir='ltr'>&#39;r</span> <span class='ocrx_word' id='word_1_2227' title='bbox 1425 3701 1464 3721; x_wconf 94' lang='lat'>10</span> <span class='ocrx_word' id='word_1_2228' title='bbox 1474 3715 1483 3728; x_wconf 86' lang='grc'>,</span> <span class='ocrx_word' id='word_1_2229' title='bbox 1503 3697 1571 3722; x_wconf 75' lang='lat' dir='ltr'>onis.</span> <span class='ocrx_word' id='word_1_2230' title='bbox 1590 3696 1610 3721; x_wconf 86' lang='lat' dir='ltr'>f.</span> <span class='ocrx_word' id='word_1_2231' title='bbox 1646 3695 1765 3722; x_wconf 83' lang='lat' dir='ltr'>Tertull.</span> <span class='ocrx_word' id='word_1_2232' title='bbox 1779 3697 1838 3724; x_wconf 83' lang='lat' dir='ltr'>adu.</span> <span class='ocrx_word' id='word_1_2233' title='bbox 1851 3699 1934 3727; x_wconf 87' lang='lat' dir='ltr'>Marc.</span> <span class='ocrx_word' id='word_1_2234' title='bbox 1947 3710 1976 3734; x_wconf 89' lang='lat'>4,</span> <span class='ocrx_word' id='word_1_2235' title='bbox 1988 3709 2019 3735; x_wconf 87' lang='lat'>41</span> <span class='ocrx_word' id='word_1_2236' title='bbox 2027 3709 2072 3737; x_wconf 81' lang='lat' dir='ltr'>pr.</span> 
     </span>
     <span class='ocr_line' id='line_1_103' title="bbox 45 3723 2200 3772; baseline 0.005 -20"><span class='ocrx_word' id='word_1_2237' title='bbox 45 3734 126 3752; x_wconf 89' lang='lat' dir='ltr'>vnam</span> <span class='ocrx_word' id='word_1_2238' title='bbox 140 3725 343 3752; x_wconf 76' lang='lat' dir='ltr'>incitatissimam</span> <span class='ocrx_word' id='word_1_2239' title='bbox 362 3723 462 3751; x_wconf 86' lang='lat' dir='ltr'>retinui</span> <span class='ocrx_word' id='word_1_2240' title='bbox 475 3723 542 3758; x_wconf 80' lang='lat' dir='ltr'>apud</span> <span class='ocrx_word' id='word_1_2241' title='bbox 554 3725 610 3751; x_wconf 91' lang='lat' dir='ltr'>Cic.</span> <span class='ocrx_word' id='word_1_2242' title='bbox 625 3727 696 3754; x_wconf 86' lang='lat' dir='ltr'>Fam.</span> <span class='ocrx_word' id='word_1_2243' title='bbox 712 3737 751 3761; x_wconf 80' lang='grc' dir='ltr'>ιο,</span> <span class='ocrx_word' id='word_1_2244' title='bbox 763 3736 800 3760; x_wconf 82' lang='lat'>3²·</span> <span class='ocrx_word' id='word_1_2245' title='bbox 872 3728 944 3754; x_wconf 87' lang='lat' dir='ltr'>Idem</span> <span class='ocrx_word' id='word_1_2246' title='bbox 959 3728 987 3753; x_wconf 90' lang='lat' dir='ltr'>in</span> <span class='ocrx_word' id='word_1_2247' title='bbox 1000 3727 1089 3753; x_wconf 91' lang='lat' dir='ltr'>Somn.</span> <span class='ocrx_word' id='word_1_2248' title='bbox 1192 3738 1202 3757; x_wconf 89' lang='lat'>1</span> <span class='ocrx_word' id='word_1_2249' title='bbox 1213 3739 1235 3759; x_wconf 87' lang='grc' dir='ltr'>Ν</span> <span class='ocrx_word' id='word_1_2250' title='bbox 1244 3738 1260 3758; x_wconf 88' lang='lat' dir='ltr'>C</span> <span class='ocrx_word' id='word_1_2251' title='bbox 1270 3739 1287 3758; x_wconf 87' lang='lat' dir='ltr'>L</span> <span class='ocrx_word' id='word_1_2252' title='bbox 1295 3734 1343 3759; x_wconf 64' lang='lat' dir='ltr'>AR</span> <span class='ocrx_word' id='word_1_2253' title='bbox 1354 3739 1369 3758; x_wconf 79' lang='grc' dir='ltr'>Ε</span> <span class='ocrx_word' id='word_1_2254' title='bbox 1380 3738 1400 3758; x_wconf 92' lang='grc' dir='ltr'>Ο</span> <span class='ocrx_word' id='word_1_2255' title='bbox 1409 3751 1417 3764; x_wconf 92' lang='grc'>,</span> <span class='ocrx_word' id='word_1_2256' title='bbox 1438 3732 1466 3757; x_wconf 87' lang='lat' dir='ltr'>ui</span> <span class='ocrx_word' id='word_1_2257' title='bbox 1475 3751 1482 3762; x_wconf 83' lang='lat'>‚</span> <span class='ocrx_word' id='word_1_2258' title='bbox 1502 3735 1555 3756; x_wconf 74' lang='lat' dir='ltr'>ere.</span> <span class='ocrx_word' id='word_1_2259' title='bbox 1582 3732 1623 3757; x_wconf 83' lang='lat' dir='ltr'>vel</span> <span class='ocrx_word' id='word_1_2260' title='bbox 1651 3739 1660 3757; x_wconf 93' lang='lat'>1</span> <span class='ocrx_word' id='word_1_2261' title='bbox 1671 3738 1693 3757; x_wconf 86' lang='lat' dir='ltr'>N</span> <span class='ocrx_word' id='word_1_2262' title='bbox 1703 3737 1720 3757; x_wconf 90' lang='lat' dir='ltr'>C</span> <span class='ocrx_word' id='word_1_2263' title='bbox 1731 3739 1747 3758; x_wconf 86' lang='lat' dir='ltr'>L</span> <span class='ocrx_word' id='word_1_2264' title='bbox 1758 3740 1779 3759; x_wconf 87' lang='lat' dir='ltr'>A</span> <span class='ocrx_word' id='word_1_2265' title='bbox 1788 3740 1806 3759; x_wconf 79' lang='lat' dir='ltr'>R</span> <span class='ocrx_word' id='word_1_2266' title='bbox 1816 3740 1832 3759; x_wconf 81' lang='grc' dir='ltr'>Ε</span> <span class='ocrx_word' id='word_1_2267' title='bbox 1841 3741 1853 3760; x_wconf 85' lang='lat' dir='ltr'>s</span> <span class='ocrx_word' id='word_1_2268' title='bbox 1862 3741 1878 3761; x_wconf 92' lang='lat' dir='ltr'>C</span> <span class='ocrx_word' id='word_1_2269' title='bbox 1887 3742 1907 3761; x_wconf 89' lang='lat' dir='ltr'>O</span> <span class='ocrx_word' id='word_1_2270' title='bbox 1915 3755 1924 3768; x_wconf 97' lang='lat'>,</span> <span class='ocrx_word' id='word_1_2271' title='bbox 1945 3738 1998 3763; x_wconf 79' lang='lat' dir='ltr'>ere.</span> <span class='ocrx_word' id='word_1_2272' title='bbox 2035 3738 2200 3772; x_wconf 71' lang='grc' dir='ltr'>[ἐυδοκιμὲω]</span> 
     </span>
     <span class='ocr_line' id='line_1_104' title="bbox 46 3758 2200 3805; baseline 0.005 -18"><span class='ocrx_word' id='word_1_2273' title='bbox 46 3761 114 3796; x_wconf 87' lang='lat' dir='ltr'>Scip.</span> <span class='ocrx_word' id='word_1_2274' title='bbox 131 3770 154 3794; x_wconf 80' lang='lat'>13</span> <span class='ocrx_word' id='word_1_2275' title='bbox 171 3771 192 3788; x_wconf 87' lang='lat' dir='ltr'>c.</span> <span class='ocrx_word' id='word_1_2276' title='bbox 206 3769 219 3794; x_wconf 78' lang='grc' dir='ltr'><em>ς</em></span> <span class='ocrx_word' id='word_1_2277' title='bbox 247 3761 299 3787; x_wconf 89' lang='lat' dir='ltr'>Hic</span> <span class='ocrx_word' id='word_1_2278' title='bbox 313 3769 379 3787; x_wconf 83' lang='lat' dir='ltr'>vero</span> <span class='ocrx_word' id='word_1_2279' title='bbox 397 3765 483 3786; x_wconf 84' lang='lat' dir='ltr'>tantus</span> <span class='ocrx_word' id='word_1_2280' title='bbox 497 3758 532 3784; x_wconf 88' lang='lat' dir='ltr'>est</span> <span class='ocrx_word' id='word_1_2281' title='bbox 546 3760 626 3786; x_wconf 80' lang='lat' dir='ltr'>totius</span> <span class='ocrx_word' id='word_1_2282' title='bbox 639 3763 732 3790; x_wconf 88' lang='lat' dir='ltr'>mundi</span> <span class='ocrx_word' id='word_1_2283' title='bbox 750 3763 925 3790; x_wconf 84' lang='lat' dir='ltr'>incitatissima</span> <span class='ocrx_word' id='word_1_2284' title='bbox 938 3762 1090 3790; x_wconf 79' lang='lat' dir='ltr'>conuerlio-</span> <span class='ocrx_word' id='word_1_2285' title='bbox 1153 3765 1336 3802; x_wconf 79' lang='lat' dir='ltr'>Clarumfieri,</span> <span class='ocrx_word' id='word_1_2286' title='bbox 1350 3766 1522 3802; x_wconf 73' lang='lat' dir='ltr'>manifestum,</span> <span class='ocrx_word' id='word_1_2287' title='bbox 1537 3774 1560 3791; x_wconf 80' lang='lat' dir='ltr'>et</span> <span class='ocrx_word' id='word_1_2288' title='bbox 1573 3774 1663 3792; x_wconf 75' lang='lat' dir='ltr'>notum.</span> <span class='ocrx_word' id='word_1_2289' title='bbox 1710 3767 1776 3794; x_wconf 90' lang='lat' dir='ltr'>Plin.</span> <span class='ocrx_word' id='word_1_2290' title='bbox 1791 3769 1883 3804; x_wconf 78' lang='lat' dir='ltr'>Paneg.</span> <span class='ocrx_word' id='word_1_2291' title='bbox 1904 3780 1926 3798; x_wconf 84' lang='lat' dir='ltr'>c.</span> <span class='ocrx_word' id='word_1_2292' title='bbox 1940 3777 1971 3802; x_wconf 82' lang='lat'>82</span> <span class='ocrx_word' id='word_1_2293' title='bbox 2001 3771 2057 3798; x_wconf 84' lang='lat' dir='ltr'>Nec</span> <span class='ocrx_word' id='word_1_2294' title='bbox 2070 3772 2200 3805; x_wconf 82' lang='lat' dir='ltr'>dignitate</span> 
     </span>
     <span class='ocr_line' id='line_1_105' title="bbox 6 3794 2196 3837; baseline 0.005 -15"><span class='ocrx_word' id='word_1_2295' title='bbox 6 3815 11 3826; x_wconf 56' lang='lat'><em>2</em></span> <span class='ocrx_word' id='word_1_2296' title='bbox 45 3805 79 3823; x_wconf 82' lang='lat' dir='ltr'>ne</span> <span class='ocrx_word' id='word_1_2297' title='bbox 93 3797 208 3829; x_wconf 86' lang='lat' dir='ltr'>sonitus,</span> <span class='ocrx_word' id='word_1_2298' title='bbox 228 3803 256 3823; x_wconf 91' lang='lat' dir='ltr'>vt</span> <span class='ocrx_word' id='word_1_2299' title='bbox 278 3805 338 3822; x_wconf 89' lang='lat' dir='ltr'>eum</span> <span class='ocrx_word' id='word_1_2300' title='bbox 356 3804 430 3822; x_wconf 86' lang='lat' dir='ltr'>aures</span> <span class='ocrx_word' id='word_1_2301' title='bbox 449 3794 588 3820; x_wconf 87' lang='lat' dir='ltr'>hominum</span> <span class='ocrx_word' id='word_1_2302' title='bbox 602 3804 692 3830; x_wconf 88' lang='lat' dir='ltr'>capere</span> <span class='ocrx_word' id='word_1_2303' title='bbox 709 3807 762 3825; x_wconf 91' lang='lat' dir='ltr'>non</span> <span class='ocrx_word' id='word_1_2304' title='bbox 781 3799 881 3834; x_wconf 81' lang='lat' dir='ltr'>pollint.</span> <span class='ocrx_word' id='word_1_2305' title='bbox 1030 3795 1050 3835; x_wconf 58' lang='lat' dir='ltr'><strong>ff</strong></span> <span class='ocrx_word' id='word_1_2306' title='bbox 1072 3803 1307 3836; x_wconf 71' lang='lat' dir='ltr'>2100nuptiarum</span> <span class='ocrx_word' id='word_1_2307' title='bbox 1339 3803 1436 3837; x_wconf 74' lang='lat' dir='ltr'>magis,</span> <span class='ocrx_word' id='word_1_2308' title='bbox 1462 3811 1540 3836; x_wconf 87' lang='lat' dir='ltr'>quam</span> <span class='ocrx_word' id='word_1_2309' title='bbox 1569 3801 1609 3827; x_wconf 90' lang='lat' dir='ltr'>his</span> <span class='ocrx_word' id='word_1_2310' title='bbox 1633 3802 1735 3829; x_wconf 79' lang='lat' dir='ltr'>artibus</span> <span class='ocrx_word' id='word_1_2311' title='bbox 1764 3804 1919 3833; x_wconf 77' lang='lat' dir='ltr'>inclaruisse.</span> <span class='ocrx_word' id='word_1_2312' title='bbox 1984 3808 2051 3833; x_wconf 82' lang='lat' dir='ltr'>Suet.</span> <span class='ocrx_word' id='word_1_2313' title='bbox 2073 3807 2105 3832; x_wconf 88' lang='lat' dir='ltr'>de</span> <span class='ocrx_word' id='word_1_2314' title='bbox 2126 3808 2196 3834; x_wconf 83' lang='lat' dir='ltr'>Clar.</span> 
     </span>
     <span class='ocr_line' id='line_1_106' title="bbox 12 3820 2224 3875; baseline 0.005 -17"><span class='ocrx_word' id='word_1_2315' title='bbox 12 3820 24 3832; x_wconf 36' lang='grc' dir='ltr'>λ’</span> <span class='ocrx_word' id='word_1_2316' title='bbox 43 3832 170 3859; x_wconf 88' lang='lat' dir='ltr'>Incitatus</span> <span class='ocrx_word' id='word_1_2317' title='bbox 184 3842 257 3867; x_wconf 77' lang='lat' dir='ltr'>equus</span> <span class='ocrx_word' id='word_1_2318' title='bbox 271 3833 412 3868; x_wconf 67' lang='lat' dir='ltr'>Caligulae,</span> <span class='ocrx_word' id='word_1_2319' title='bbox 427 3830 456 3856; x_wconf 79' lang='lat' dir='ltr'>de</span> <span class='ocrx_word' id='word_1_2320' title='bbox 468 3839 513 3865; x_wconf 87' lang='lat' dir='ltr'>quo</span> <span class='ocrx_word' id='word_1_2321' title='bbox 527 3830 698 3864; x_wconf 61' lang='grc' dir='ltr'>διιείσης-55</span> <span class='ocrx_word' id='word_1_2322' title='bbox 716 3835 827 3866; x_wconf 74' lang='lat' dir='ltr'>Incitato</span> <span class='ocrx_word' id='word_1_2323' title='bbox 840 3843 925 3869; x_wconf 79' lang='lat' dir='ltr'>equo,</span> <span class='ocrx_word' id='word_1_2324' title='bbox 939 3834 1014 3860; x_wconf 85' lang='lat' dir='ltr'>cuius</span> <span class='ocrx_word' id='word_1_2325' title='bbox 1028 3842 1087 3860; x_wconf 88' lang='lat' dir='ltr'>cau·</span> <span class='ocrx_word' id='word_1_2326' title='bbox 1153 3837 1272 3864; x_wconf 88' lang='lat' dir='ltr'>Gramm.</span> <span class='ocrx_word' id='word_1_2327' title='bbox 1292 3847 1314 3864; x_wconf 87' lang='lat' dir='ltr'>c.</span> <span class='ocrx_word' id='word_1_2328' title='bbox 1334 3846 1364 3872; x_wconf 87' lang='lat'>¹7</span> <span class='ocrx_word' id='word_1_2329' title='bbox 1403 3838 1514 3863; x_wconf 80' lang='lat' dir='ltr'>Verrius</span> <span class='ocrx_word' id='word_1_2330' title='bbox 1534 3834 1655 3870; x_wconf 83' lang='lat' dir='ltr'>Flaccus,</span> <span class='ocrx_word' id='word_1_2331' title='bbox 1678 3840 1789 3866; x_wconf 69' lang='lat' dir='ltr'>docendi</span> <span class='ocrx_word' id='word_1_2332' title='bbox 1808 3850 1903 3875; x_wconf 83' lang='lat' dir='ltr'>genere</span> <span class='ocrx_word' id='word_1_2333' title='bbox 1928 3842 2041 3867; x_wconf 84' lang='lat' dir='ltr'>maxime</span> <span class='ocrx_word' id='word_1_2334' title='bbox 2062 3841 2196 3868; x_wconf 87' lang='lat' dir='ltr'>inclaruit.</span> <span class='ocrx_word' id='word_1_2335' title='bbox 2217 3842 2224 3854; x_wconf 81' lang='lat'>⁸</span> 
     </span>
     <span class='ocr_line' id='line_1_107' title="bbox 29 3866 2198 3911; baseline 0.004 -17"><span class='ocrx_word' id='word_1_2336' title='bbox 29 3868 72 3894; x_wconf 48' lang='lat' dir='ltr'>‘sa</span> <span class='ocrx_word' id='word_1_2337' title='bbox 89 3868 175 3902; x_wconf 84' lang='lat' dir='ltr'>pridie</span> <span class='ocrx_word' id='word_1_2338' title='bbox 191 3868 344 3901; x_wconf 81' lang='lat' dir='ltr'>Circenses,</span> <span class='ocrx_word' id='word_1_2339' title='bbox 362 3876 395 3894; x_wconf 90' lang='lat' dir='ltr'>ne</span> <span class='ocrx_word' id='word_1_2340' title='bbox 412 3866 621 3900; x_wconf 88' lang='lat' dir='ltr'>inquietaretur,</span> <span class='ocrx_word' id='word_1_2341' title='bbox 639 3867 753 3894; x_wconf 87' lang='lat' dir='ltr'>viciniae</span> <span class='ocrx_word' id='word_1_2342' title='bbox 772 3870 904 3897; x_wconf 78' lang='lat' dir='ltr'>silentium</span> <span class='ocrx_word' id='word_1_2343' title='bbox 921 3879 968 3905; x_wconf 90' lang='lat' dir='ltr'>per</span> <span class='ocrx_word' id='word_1_2344' title='bbox 987 3869 1087 3896; x_wconf 86' lang='lat' dir='ltr'>milites</span> <span class='ocrx_word' id='word_1_2345' title='bbox 1153 3872 1228 3899; x_wconf 78' lang='lat' dir='ltr'>Artes</span> <span class='ocrx_word' id='word_1_2346' title='bbox 1248 3873 1370 3907; x_wconf 81' lang='lat' dir='ltr'>plurimis</span> <span class='ocrx_word' id='word_1_2347' title='bbox 1388 3873 1533 3900; x_wconf 73' lang='lat' dir='ltr'>inclaruere</span> <span class='ocrx_word' id='word_1_2348' title='bbox 1553 3874 1679 3908; x_wconf 72' lang='lat' dir='ltr'>exemplis</span> <span class='ocrx_word' id='word_1_2349' title='bbox 1700 3875 1765 3902; x_wconf 81' lang='lat' dir='ltr'>Plin.</span> <span class='ocrx_word' id='word_1_2350' title='bbox 1781 3884 1805 3911; x_wconf 85' lang='lat'>7,</span> <span class='ocrx_word' id='word_1_2351' title='bbox 1825 3884 1864 3911; x_wconf 77' lang='lat'>37.</span> <span class='ocrx_word' id='word_1_2352' title='bbox 1934 3878 2049 3902; x_wconf 67' lang='lat' dir='ltr'>Maxime</span> <span class='ocrx_word' id='word_1_2353' title='bbox 2070 3877 2198 3904; x_wconf 82' lang='lat' dir='ltr'>inclaruit</span> 
     </span>
     <span class='ocr_line' id='line_1_108' title="bbox 14 3901 2195 3945; baseline 0.005 -17"><span class='ocrx_word' id='word_1_2354' title='bbox 14 3902 21 3926; x_wconf 61' lang='lat' dir='ltr'><strong><em>s</em></strong></span> <span class='ocrx_word' id='word_1_2355' title='bbox 45 3902 164 3929; x_wconf 88' lang='lat' dir='ltr'>indicere</span> <span class='ocrx_word' id='word_1_2356' title='bbox 183 3903 298 3936; x_wconf 85' lang='lat' dir='ltr'>solebat,</span> <span class='ocrx_word' id='word_1_2357' title='bbox 317 3909 420 3938; x_wconf 86' lang='lat' dir='ltr'>praeter</span> <span class='ocrx_word' id='word_1_2358' title='bbox 438 3901 527 3936; x_wconf 88' lang='lat' dir='ltr'>equile</span> <span class='ocrx_word' id='word_1_2359' title='bbox 540 3908 718 3928; x_wconf 82' lang='lat' dir='ltr'>marmoreum</span> <span class='ocrx_word' id='word_1_2360' title='bbox 730 3922 737 3933; x_wconf 97' lang='lat'>,</span> <span class='ocrx_word' id='word_1_2361' title='bbox 754 3910 779 3931; x_wconf 89' lang='lat' dir='ltr'>et</span> <span class='ocrx_word' id='word_1_2362' title='bbox 791 3907 911 3941; x_wconf 90' lang='lat' dir='ltr'>praesepe</span> <span class='ocrx_word' id='word_1_2363' title='bbox 929 3905 1085 3936; x_wconf 85' lang='lat' dir='ltr'>eburneum,</span> <span class='ocrx_word' id='word_1_2364' title='bbox 1152 3908 1283 3942; x_wconf 87' lang='lat' dir='ltr'>discipulo</span> <span class='ocrx_word' id='word_1_2365' title='bbox 1305 3909 1389 3936; x_wconf 86' lang='lat' dir='ltr'>Nicea</span> <span class='ocrx_word' id='word_1_2366' title='bbox 1416 3907 1581 3938; x_wconf 73' lang='lat' dir='ltr'>Atheniensi,</span> <span class='ocrx_word' id='word_1_2367' title='bbox 1608 3911 1654 3944; x_wconf 90' lang='lat' dir='ltr'>qui</span> <span class='ocrx_word' id='word_1_2368' title='bbox 1677 3910 1871 3945; x_wconf 79' lang='lat' dir='ltr'>diligentissime</span> <span class='ocrx_word' id='word_1_2369' title='bbox 1894 3912 2018 3937; x_wconf 82' lang='lat' dir='ltr'>mulieres</span> <span class='ocrx_word' id='word_1_2370' title='bbox 2045 3912 2145 3945; x_wconf 77' lang='lat' dir='ltr'>pinxit,</span> <span class='ocrx_word' id='word_1_2371' title='bbox 2164 3912 2195 3939; x_wconf 79' lang='lat' dir='ltr'>de</span> 
     </span>
     <span class='ocr_line' id='line_1_109' title="bbox 43 3937 2193 3981; baseline 0.004 -16"><span class='ocrx_word' id='word_1_2372' title='bbox 43 3944 201 3973; x_wconf 84' lang='lat' dir='ltr'>praeterque</span> <span class='ocrx_word' id='word_1_2373' title='bbox 221 3948 352 3973; x_wconf 85' lang='lat' dir='ltr'>purpurea</span> <span class='ocrx_word' id='word_1_2374' title='bbox 372 3943 537 3972; x_wconf 75' lang='lat' dir='ltr'>tegumenta,</span> <span class='ocrx_word' id='word_1_2375' title='bbox 558 3946 586 3963; x_wconf 88' lang='lat' dir='ltr'>ac</span> <span class='ocrx_word' id='word_1_2376' title='bbox 598 3937 699 3963; x_wconf 88' lang='lat' dir='ltr'>monile</span> <span class='ocrx_word' id='word_1_2377' title='bbox 712 3947 726 3963; x_wconf 80' lang='lat' dir='ltr'>c</span> <span class='ocrx_word' id='word_1_2378' title='bbox 745 3942 868 3974; x_wconf 85' lang='lat' dir='ltr'>gemmis,</span> <span class='ocrx_word' id='word_1_2379' title='bbox 881 3942 989 3968; x_wconf 88' lang='lat' dir='ltr'>domum</span> <span class='ocrx_word' id='word_1_2380' title='bbox 1002 3942 1082 3968; x_wconf 81' lang='lat' dir='ltr'>etiam</span> <span class='ocrx_word' id='word_1_2381' title='bbox 1150 3945 1309 3980; x_wconf 78' lang='lat' dir='ltr'>Euphranore</span> <span class='ocrx_word' id='word_1_2382' title='bbox 1319 3944 1417 3980; x_wconf 68' lang='lat' dir='ltr'>piciore</span> <span class='ocrx_word' id='word_1_2383' title='bbox 1433 3944 1499 3969; x_wconf 84' lang='lat' dir='ltr'>Plin.</span> <span class='ocrx_word' id='word_1_2384' title='bbox 1515 3952 1549 3976; x_wconf 65' lang='grc' dir='ltr'>ῖς,</span> <span class='ocrx_word' id='word_1_2385' title='bbox 1564 3953 1592 3970; x_wconf 82' lang='lat'>11.</span> <span class='ocrx_word' id='word_1_2386' title='bbox 1660 3946 1788 3973; x_wconf 86' lang='lat' dir='ltr'>Inclaruit</span> <span class='ocrx_word' id='word_1_2387' title='bbox 1807 3950 1834 3973; x_wconf 88' lang='lat' dir='ltr'>in</span> <span class='ocrx_word' id='word_1_2388' title='bbox 1855 3956 1920 3972; x_wconf 75' lang='lat' dir='ltr'>auro</span> <span class='ocrx_word' id='word_1_2389' title='bbox 1934 3946 2056 3972; x_wconf 85' lang='lat' dir='ltr'>caelando</span> <span class='ocrx_word' id='word_1_2390' title='bbox 2075 3947 2141 3974; x_wconf 89' lang='lat' dir='ltr'>Plin.</span> <span class='ocrx_word' id='word_1_2391' title='bbox 2155 3956 2193 3981; x_wconf 82' lang='lat'>33,</span> 
     </span>
     <span class='ocr_line' id='line_1_110' title="bbox 43 3972 2152 4049; baseline 0.003 -46"><span class='ocrx_word' id='word_1_2392' title='bbox 43 3981 70 4003; x_wconf 78' lang='lat' dir='ltr'>tt</span> <span class='ocrx_word' id='word_1_2393' title='bbox 83 3974 214 4003; x_wconf 82' lang='lat' dir='ltr'>familiam</span> <span class='ocrx_word' id='word_1_2394' title='bbox 231 3980 256 4001; x_wconf 87' lang='lat' dir='ltr'>et</span> <span class='ocrx_word' id='word_1_2395' title='bbox 269 3974 459 4011; x_wconf 60' lang='lat' dir='ltr'>supelleolilem</span> <span class='ocrx_word' id='word_1_2396' title='bbox 471 3972 560 4007; x_wconf 86' lang='lat' dir='ltr'>dedit,</span> <span class='ocrx_word' id='word_1_2397' title='bbox 584 3981 637 4008; x_wconf 84' lang='lat' dir='ltr'>quo</span> <span class='ocrx_word' id='word_1_2398' title='bbox 654 3972 751 4000; x_wconf 88' lang='lat' dir='ltr'>lautius</span> <span class='ocrx_word' id='word_1_2399' title='bbox 768 3976 877 4005; x_wconf 71' lang='lat' dir='ltr'>nomine</span> <span class='ocrx_word' id='word_1_2400' title='bbox 897 3977 955 4005; x_wconf 74' lang='lat' dir='ltr'>eius</span> <span class='ocrx_word' id='word_1_2401' title='bbox 973 3978 1135 4016; x_wconf 81' lang='lat' dir='ltr'>inuitati105</span> <span class='ocrx_word' id='word_1_2402' title='bbox 1152 3987 1187 4008; x_wconf 78' lang='lat'>12.</span> <span class='ocrx_word' id='word_1_2403' title='bbox 1223 3981 1255 4007; x_wconf 79' lang='lat' dir='ltr'>Et</span> <span class='ocrx_word' id='word_1_2404' title='bbox 1267 3987 1295 4016; x_wconf 88' lang='grc'>7,</span> <span class='ocrx_word' id='word_1_2405' title='bbox 1306 3988 1337 4008; x_wconf 88' lang='lat'>21</span> <span class='ocrx_word' id='word_1_2406' title='bbox 1359 3978 1534 4049; x_wconf 51' lang='lat' dir='ltr'>Mdr—rmecides</span> <span class='ocrx_word' id='word_1_2407' title='bbox 1545 3979 1656 4016; x_wconf 80' lang='lat' dir='ltr'>quidam</span> <span class='ocrx_word' id='word_1_2408' title='bbox 1673 3983 1703 4009; x_wconf 89' lang='lat' dir='ltr'>in</span> <span class='ocrx_word' id='word_1_2409' title='bbox 1718 3982 1811 4010; x_wconf 84' lang='lat' dir='ltr'>eodem</span> <span class='ocrx_word' id='word_1_2410' title='bbox 1823 3990 1918 4018; x_wconf 71' lang='lat' dir='ltr'>genere</span> <span class='ocrx_word' id='word_1_2411' title='bbox 1931 3982 2084 4043; x_wconf 72' lang='lat' dir='ltr'>inclaruit.1</span> <span class='ocrx_word' id='word_1_2412' title='bbox 2117 4023 2152 4044; x_wconf 87' lang='lat' dir='ltr'>CL</span> 
     </span>
    </p>

    <p class='ocr_par' dir='ltr' id='par_1_27' title="bbox 1342 4018 2190 4046">
     <span class='ocr_line' id='line_1_111' title="bbox 1342 4018 2190 4046; baseline 0.005 -5"><span class='ocrx_word' id='word_1_2413' title='bbox 1342 4018 1359 4043; x_wconf 81' lang='lat'>6</span> <span class='ocrx_word' id='word_1_2414' title='bbox 1439 4023 1453 4042; x_wconf 73' lang='grc'><strong><em>2</em></strong></span> <span class='ocrx_word' id='word_1_2415' title='bbox 2091 4023 2112 4044; x_wconf 85' lang='lat' dir='ltr'>N</span> <span class='ocrx_word' id='word_1_2416' title='bbox 2156 4024 2190 4046; x_wconf 77' lang='lat' dir='ltr'>A·</span> 
     </span>
    </p>
   </div>
  </div>
 </body>
</html>
