2479 4225
229 157 318 203 1053
622 142 638 180 1
724 139 769 179 N
856 135 890 174 C
1696 125 1724 166 Ἰ
1803 124 1849 164 N
1930 125 1971 166 D
2232 126 2417 183 4064,v

267 240 468 265 INCVvag
503 240 528 264 a,
548 239 603 257 um,
641 228 701 255 Adi.
737 221 908 259 [immun-235,
924 218 1064 255 tm'nvfa-os]
1096 216 1184 257 IA‘W’
1200 213 1267 256 quod
1368 215 1470 243 INDK
1481 221 1502 243 G
1515 221 1552 247 0,
1578 218 1631 242 Ere.
1668 214 1793 249 [ἰχνεόω,
1812 213 1941 249 ἐξετάζω]
1989 214 2140 243 Venatorum
2160 216 2226 242 mo‘re
2243 209 2391 250 inquirereir

231 275 335 301 Curuus.
386 271 453 297 Ter.
475 253 539 295 iiun.
560 274 588 299 2,
608 274 637 298 3,
657 274 695 299 44
724 264 865 288 1ncuruus,
887 255 1029 285 tremulus,
1050 253 1125 280 labiis
1145 252 1267 291 demiffls-
1333 251 1509 278 Plaut.Merc.
1523 260 1552 284 3,
1568 262 1595 285 4,
1615 255 1642 282 38
1667 251 1704 277 Eo
1723 250 1740 276 fl
1760 249 1836 284 paGto
1855 251 1935 284 poss'et
1955 250 2104 285 indagarier
2120 251 2228 278 mulier.
2281 249 2337 276 Cic.
2350 250 2379 276 in
2450 239 2478 287 133

232 311 287 337 pu„
311 313 335 336 18
358 314 385 338 ¹9
406 306 501 331 Arator
514 302 563 329 nisi
576 303 701 328 incur-uus
716 295 917 332 praeuaricatur.
990 291 1055 317 Plin.
1076 298 1108 321 ii,
1123 296 1149 321 52
1169 286 1269 314 Aristo·
1333 287 1409 314 Orat.
1423 296 1444 314 ιι
1469 287 1687 322 Reprehendent,
1708 285 1779 320 quod
1793 285 1926 312 inusitatas
1938 287 2000 319 §rias
2020 287 2188 321 indagemus,
2207 285 2282 313 tritas
2300 284 2380 311 relin-
2404 296 2407 302 ¹
2465 302 2478 319 ,μ

231 326 399 375 (ριεείοὲιὲᾶε
418 340 466 365 effe
485 339 556 365 vitae
576 337 651 372 ponit
665 335 787 360 incuruos
803 327 931 354 humeris.
1026 324 1120 364 Arbor⁸
1138 322 1211 349 Idem
1232 330 1269 361 ¹.²’
1335 331 1454 357 quamus.
1524 323 1603 350 Canis
1621 328 1695 348 natus
1712 321 1744 348 ad
1766 320 1943 355 indagandum
1961 322 2033 349 Idem
2049 323 2107 349 Fin.
2121 331 2134 348 2
2154 332 2176 349 c.
2198 330 2231 354 13.
2304 320 2380 347 Inda·
2397 324 2415 349 ,’
2463 324 2473 370 s

232 388 263 407 2·
342 375 471 403 Bac-illum
490 375 630 400 incuruum
649 376 673 395 et
687 366 780 393 leuiter
798 372 813 389 a
827 364 928 388 summo
947 361 1075 388 inflexum
1089 361 1146 385 Cic.
1163 358 1195 384 de
1207 358 1270 383 Diu.
1295 361 1309 389 5
1336 366 1411 391 gare,
1439 359 1579 391 inuenire,
1607 364 1632 384 et
1650 357 1732 383 veluti
1756 366 1786 383 ex
1805 356 1923 383 tenebris
1946 366 2038 384 eruere
2061 358 2117 384 Cic.
2139 357 2171 384 de
2190 358 2220 384 L.
2232 357 2295 391 Agr.
2315 363 2339 386 1,
2357 363 2380 388 3.
2432 379 2447 386 ,Ι
2468 376 2469 380 ,

235 396 309 447 ,5⁸32
383 411 480 438 Carina
498 408 579 436 Ouid.
590 408 653 433 Met.
670 411 704 434 ις,
718 404 780 433 644.
853 399 929 424 Litus
952 397 1023 424 Mela
1042 405 1063 428 ι,
1077 403 1114 427 ι9.
1185 393 1272 420 Metae
1337 393 1395 419 Sem
1415 402 1443 420 er
1456 395 1544 428 potius
1558 394 1623 420 duxi
1642 402 1698 420 mea
1713 398 1815 426 peccata
1831 398 1935 427 tegere,
1954 402 2033 429 quam
2055 394 2140 420 aliena
2159 393 2282 427 indagare
2304 390 2382 425 Apul.

235 451 296 476 Stat.
310 447 375 473 sun.
393 454 414 479 5,
427 455 442 473 2
464 448 505 472 26.
576 443 660 467 Statua
675 436 761 463 textilis
781 434 837 460 Cic.
849 434 927 460 Verr.
943 441 955 458 2
978 442 999 459 c.
1013 439 1049 464 35.
1339 429 1397 463 Apo
1409 448 1416 454 .
1436 439 1460 464 p.
1473 435 1533 463 284,
1548 438 1583 462 23.
1691 429 1748 455 Cic.
1764 429 1843 454 Verr.
1857 436 1882 460 2,
1904 436 1944 461 135
1971 439 1992 455 e.
2012 437 2045 461 54
2076 429 2148 454 Haec
2163 437 2229 454 vero
2248 428 2306 453 eius
2328 431 2384 453 erat
2410 439 2421 458 ς

272 489 367 509 lch
380 466 458 508 va’)
494 484 544 506 gre,
579 472 698 508 [nup-rio,
716 469 870 504 ἔγκοίμπτω]
906 469 971 495 Plin.
985 470 1024 499 16,
1037 474 1072 500 42
1093 463 1197 496 Robur,
1213 463 1272 490 olea
1337 473 1380 491 ars
1398 469 1424 490 et
1443 466 1545 492 malitia
1560 464 1694 497 miranda,
1719 463 1791 499 quod
1811 463 1953 490 acutissime
1971 470 2027 491 tota
2046 464 2185 499 prouincia
2202 463 2267 498 quid
2286 462 2393 496 cuique,
2411 463 2425 494 'J'
2466 480 2468 486 ,

233 519 423 550 incantantur,
440 500 584 546 ceduntque
601 507 723 543 ponderi.
758 504 832 541 Conf.
847 515 882 538 4,
903 513 935 531 ιι.
997 503 1054 530 Cic.
1075 501 1107 526 de
1121 500 1178 540 fiiu-
1193 508 1223 530 2,
1244 507 1272 531 33
1338 500 1399 540 esset
1417 501 1527 539 neeesse,
1549 500 1673 534 indagare
1687 506 1712 526 et
1726 499 1834 526 odorari
1849 499 1958 527 solebat.
2029 500 2069 526 Id.
2085 508 2133 534 pro
2145 499 2205 525 Mil.
2219 507 2268 532 104
2292 497 2416 531 Qiumx

234 564 257 581 c.
273 563 294 580 ιι
320 555 488 580 Incuruatum
501 545 635 574 bacillum.
703 543 791 567 Senec.
812 540 843 566 de
856 541 898 567 Ira
912 549 941 572 3,
980 559 986 566 .
1024 558 1031 565 .
1082 543 1105 562 et
1122 536 1201 570 hpist.
1216 544 1273 568 104.
1290 547 1320 566 10
1338 535 1385 562 issa
1409 535 1508 563 indicia
1534 536 1683 563 communis
1705 535 1780 562 exitii
1800 535 1941 569 indagani,
1967 535 2096 570 patefeci,
2124 534 2239 569 protuli,
2266 532 2385 565 extinxi,
2411 536 2420 544 ¹*

234 591 317 616 Arcus
333 591 469 614 inem-„ant
484 580 576 609 validis
590 577 693 606 viribus
707 577 783 610 Virg.
797 576 861 602 Aen.
876 583 899 608 5,
913 583 972 607 500.
1045 570 1167 599 Membra
1186 571 1275 597 incur·
1339 579 1431 597 omnes
1450 571 1533 598 inme
1547 580 1673 606 meosque
1693 570 1841 598 redundant
1858 579 1889 597 ex
1907 571 1957 597 illo
1976 572 2052 598 fonte
2074 570 2180 597 dolores
2193 571 2203 596 3
2246 568 2386 602 Indagare‚
2404 579 2432 590 .=›

229 631 293 652 vata
306 623 387 650 Ouid.
402 623 463 647 Met.
477 621 502 650 6,
516 623 569 648 245.
625 613 741 647 Podagra
754 613 892 638 incuruata
912 610 1018 637 Gratius
1036 618 1061 635 v,
1075 611 1136 642 478·
1337 614 1367 633 vt
1381 607 1438 632 bene
1450 610 1551 634 coniicit
1559 606 1628 640 Voss.
1640 608 1745 641 Etymoi.
1765 615 1823 632 voce
1839 605 2019 641 Ambages‚qsi
2032 605 2150 638 abinde,
2165 607 2204 632 vel
2216 603 2284 631 Indu
2297 612 2386 639 agere,
2453 627 2455 635 A
2470 609 2473 615 ·

271 667 281 686 1
292 667 313 685 N
323 666 340 686 c
351 665 395 683 VR
406 663 424 681 V
432 660 482 681 AT
494 659 512 677 v
525 657 555 684 ς,
575 659 598 681 2,
615 658 669 674 um,
705 648 759 674 vid,
770 647 860 683 supra.
1248 675 1254 680 ·
1337 652 1352 669 a
1369 649 1471 677 propser
1490 643 1683 670 commistionem
1696 639 1838 678 prodictio,
1857 649 1880 669 et
1899 649 1996 669 mutata
2008 643 2194 678 Coniugatione.
2235 641 2277 668 Sic
2291 641 2403 674 nopae
2424 655 2435 668 ι
2453 638 2469 666 θ’

270 702 280 721 1
290 702 312 721 N
323 701 339 720 c
353 700 371 718 v
384 699 401 717 R
411 698 431 716 v
442 695 464 715 A
478 693 500 714 'r
512 692 551 713 10
563 706 571 719 ,
600 685 667 711 onis.
703 684 724 710 f.
765 683 865 717 Hygin.
884 681 990 708 Astron.
1010 689 1022 713 3
1031 700 1040 713 ,
1060 681 1089 705 16
1120 678 1276 704 Incuruatlo
1338 686 1400 714 gare
1420 676 1453 712 esi
1467 679 1548 714 Prope
1562 687 1645 713 agere.
2464 697 2465 701 ,

232 731 337 758 caudae.
1293 723 1320 750 ις
1377 721 1386 739 ι
1396 720 1417 739 Ν
1427 719 1629 745 DAGATVS,
1648 722 1672 746 a,
1688 722 1743 739 um.
1781 714 1849 740 Part.
1887 713 1944 740 Cic.
1959 713 2014 739 Att.
2029 720 2055 745 2,
2067 720 2084 747 7
2105 712 2144 739 De
2159 710 2256 739 Publio
2274 718 2340 744 quae
2354 707 2388 735 ad
2410 733 2418 743 Χ,
2450 726 2457 744 2

270 773 279 790 1
290 768 361 790 ch
372 765 465 786 RVES
475 763 491 784 C
501 764 520 783 Ο
530 776 538 789 ,
558 757 609 782 {re-
636 753 799 789 [nvp-rium]
834 753 951 778 Curuffl'i·
978 751 1033 778 Cic·
1042 750 1125 777 Tusc·
1135 757 1155 782 Ι,
1163 750 1198 780 69
1217 752 1275 776 028
1338 759 1383 777 me
1397 749 1503 782 scribit,
1522 751 1581 777 sane
1595 749 1664 776 mihi
1680 748 1794 775 iucunda
1807 750 1880 775 sunt:
1902 757 1985 783 eaque
2004 748 2085 775 etiam
2101 748 2186 775 velim
2199 745 2325 774 omnibus
2342 753 2388 771 ve·
2420 745 2432 767 f
2467 765 2471 773 .

232 802 326 828 Ramos
341 798 475 822 baccarum
489 793 608 819 vbertate
622 790 810 816 incuruescere.
835 789 968 814 lix-Poeta.
1021 785 1201 813 Incuruiscere
1214 785 1276 819 legit
1340 785 1424 819 stigiis
1441 785 1560 820 indagata
1577 785 1608 812 ad
1625 794 1668 812 me
1684 784 1775 812 afferas
1784 804 1792 817 2
1813 793 1896 819 quum
1913 784 2014 810 venies·

232 838 303 865 Non'
317 841 341 864 2³
354 839 411 864 412.
448 828 522 864 conf*
536 826 574 853 Id*
588 827 619 852 de
632 827 706 851 Orat.
722 834 742 855 3,
758 832 798 856 ¹5²
818 832 840 849 ς’
854 828 892 854 38·
1031 855 1038 861 ·
1128 855 1134 860 -
1203 855 1210 859 -
1377 827 1387 846 Ῐ
1397 827 1419 846 N
1430 828 1448 847 D
1458 828 1480 847 A
1490 827 1511 847 G
1521 828 1543 848 Α
1553 829 1574 848 Τ
1586 828 1594 846 1
1606 828 1642 853 Ο,
1661 821 1728 847 ὂῦἰὲ-
1765 821 1785 846 f·
1822 820 1961 854 [ἴχνευσις]
1997 819 2053 846 Cic.
2066 818 2146 845 Acad.
2159 826 2189 852 4,
2226 837 2234 844 .
2269 838 2277 844 .
2306 814 2389 842 'Inda-
2414 826 2417 828 '
2444 809 2449 830 η’

266 874 357 895 ich
368 873 387 891 R
397 872 434 891 V1
445 870 462 890 c
474 870 548 890 ERV
558 869 567 887 1
577 867 594 887 c
605 868 625 888 v
635 868 664 893 s,
685 869 715 892 a,
736 868 791 885 um.
826 857 887 886 Adi.
930 857 1011 884 Pecus
1029 863 1275 883 incuruiceruicum
1341 856 1414 891 gatio
1427 857 1482 890 ipsa
1495 865 1582 884 rerum
1592 878 1600 890 ‚
1618 864 1663 883 etc.
1700 857 1731 882 Et
1742 856 1824 883 Ture.
1839 864 1867 889 ς,
1885 858 1921 888 69
1941 865 1963 881 c.
1979 863 2011 889 24
2038 854 2103 880 Inde
2122 854 2158 880 est
2180 851 2316 887 indagatio
2329 855 2390 877 nata
2469 869 2472 876 .

228 906 320 933 Pacuu.
335 902 400 936 apud
416 899 524 933 Qun&
539 906 559 930 ¹,
576 904 597 929 ς.
1292 903 1326 922 20
1341 893 1498 923 initiorum,
1517 898 1542 919 et
1555 899 1678 928 tanquam
1691 891 1832 924 seminum,
1852 891 1922 917 vnde
1934 891 2012 917 essent
2026 890 2119 917 omnia
2130 895 2201 923 orta,
2219 896 2266 916 etc.
2313 885 2391 913 hida-
2424 903 2425 908 .

265 946 273 964 1
285 946 305 964 N
317 943 333 963 c
342 944 362 963 V
373 942 391 962 D
401 943 419 962 0
429 955 437 967 ,
458 938 502 961 e're
516 944 523 965 ς
559 931 623 959 vnde
792 963 799 969 .
987 961 994 970 Ι
1203 960 1209 966 ·
1246 959 1251 965 ¹
1341 927 1414 963 gatio
1429 933 1455 953 et
1469 928 1589 955 inuentio
1603 929 1661 955 veri
1674 928 1730 954 Cic.
1744 927 1796 954 Off.
1812 936 1821 953 1
1830 947 1837 959 ‚
1853 929 1882 953 16
1902 935 1925 953 e.
1938 934 1960 959 5.

265 980 274 999 1
295 981 316 999 N
335 979 352 998 c
376 973 397 997 V
413 978 425 997 s
444 977 465 996 v
485 975 498 995 s
517 989 526 1001 ,
561 977 577 994 a
590 987 598 1000 ,
637 975 692 993 um.
748 963 852 992 Adie&
907 962 921 997 [
938 962 1115 997 ἓγκολοιιιτος]
1174 960 1274 1001 Virgil.
1380 966 1639 994 INDAGATOR,
1656 964 1722 990 oris.
1749 973 1785 989 in.
1821 961 1971 996 [ἰχνευτὴς]
2007 960 2116 988 Colum.
2131 968 2157 992 9,
2171 964 2196 993 8,
2211 968 2236 986 12
2255 958 2304 992 Sed
2317 956 2391 985 inda·
2432 973 2450 995 f.

229 1009 352 1043 Georgic.
373 1016 399 1038 1,
420 1013 469 1040 275
508 1019 555 1024 -—
590 1001 773 1037 Lapidemque
789 1004 924 1027 reuertens
960 998 1091 1025 Incusum.
1151 997 1276 1028 Seruius,
1341 1005 1462 1034 gatorem
1475 1000 1614 1027 conueniet
1633 1000 1762 1026 matutina
1777 1004 1897 1031 tempora
1910 997 2054 1031 vestigandi
2068 996 2177 1030 eligere.
2249 994 2391 1028 indagator
2426 987 2449 1031 fis

232 1046 251 1072 i.
270 1054 292 1070 e.
319 1042 472 1070 Manualem
497 1039 598 1066 molam
619 1037 741 1064 cudendo
767 1037 920 1072 asperatam.
988 1034 1079 1060 Incusa
1109 1041 1175 1059 auro
1209 1032 1279 1058 dona
1341 1043 1471 1096 aqigarlum
1486 1034 1558 1061 Idem
1574 1045 1597 1068 2,
1610 1044 1636 1068 2,
1649 1044 1692 1062 20.
1728 1034 1803 1071 Conf.
1815 1034 1898 1060 Plaut.
1912 1033 1996 1060 Trin.
2009 1041 2034 1065 2,
2048 1041 2069 1064 ι,
2083 1041 2117 1065 ι5.
2158 1032 2191 1058 Et
2202 1030 2311 1058 Viti-uu.
2325 1038 2346 1061 1,
2363 1029 2390 1056 6.
2421 1034 2453 1067 .ιῆ

247 1082 295 1107 ers.
315 1088 330 1106 2
384 1087 407 1104 z.
1291 1079 1307 1098 2
1341 1073 1373 1098 Et
1401 1079 1418 1095 ο
1432 1070 1468 1095 in.
1485 1079 1506 1098 c.
1552 1091 1558 1097 .
1816 1092 1820 1097 ,
2394 1091 2396 1093 ,
2426 1066 2453 1095 ὲ,,.

227 1082 245 1109 P
266 1123 306 1143 ιΝ
317 1086 404 1146 ε’νςε,
430 1111 498 1138 ndis.
536 1110 555 1136 f.
591 1107 710 1141 [ἄκμων]
746 1105 938 1145 lustramentum
951 1103 1278 1144 fabrorumfefrarioruffl‚
1308 1079 1323 1105 5
1382 1112 1423 1131 iN
1434 1079 1618 1133 DAGani
1629 1113 1664 1138 x,
1682 1105 1740 1134 icis.
1766 1105 1785 1131 f.
1821 1104 1966 1138 [ἰχνευτὶς]
2002 1102 2203 1136 Cic.Tusc.5,5
2220 1110 2264 1130 c.2
2284 1100 2310 1127 Ο
2321 1099 2394 1127 vitae
2410 1109 2411 1112 ¹
2427 1093 2453 1126 ι’·ἰ

223 1152 300 1189 super
316 1151 379 1186 quod
397 1147 494 1184 aliquid
513 1145 622 1173 cuditur.
660 1143 776 1182 PHI'233'
791 1151 810 1174 4
832 1140 975 1167 Incudlbus
990 1149 1045 1166 ”0¹¹
1058 1139 1161 1166 resistit·
1218 1140 1276 1165 Cle·
1342 1141 1512 1177 philosophia
1525 1140 1585 1173 dux,
1604 1141 1713 1168 virtutis
1728 1141 1886 1174 indagatrix,
1901 1140 2090 1174 expultrixque
2103 1138 2246 1165 vitiorum.
2300 1136 2393 1163 Valer-
2423 1127 2447 1162 ⁴2³

229 1188 261 1215 de
276 1188 338 1214 Nat.
353 1186 432 1211 Deor.
449 1192 468 1214 1,
487 1190 519 1215 54
543 1182 579 1207 Ex
594 1188 647 1214 quo
666 1178 818 1204 efficiuntur
837 1177 885 1217 liae
898 1185 988 1216 rerum
1002 1176 1105 1202 formae
1119 1182 1197 1210 atque
1211 1174 1277 1209 figu-
1341 1179 1413 1205 Max.
1427 1185 1452 1210 9,
1466 1185 1485 1210 4
1499 1183 1542 1211 pr.
1568 1177 1690 1203 Auaritia
1703 1177 1842 1204 latentium
1858 1176 2007 1209 indagatrix
2022 1175 2168 1201 lucrorum.
2415 1172 2447 1202 ‘22‘

230 1231 284 1255 rae,
302 1230 365 1256 quas
379 1228 425 1245 vos
439 1216 507 1246 efflei
522 1216 591 1250 posse
605 1215 656 1241 tine
671 1213 783 1240 follibus
798 1219 823 1239 et
835 1212 977 1238 incudibus
991 1221 1045 1238 non
1059 1211 1166 1246 putatis:
1219 1210 1279 1236 Gla·
1377 1220 1387 1238 1
1400 1219 1422 1239 N
1436 1218 1601 1240 DAGATV
1611 1220 1641 1245 s,
1667 1212 1707 1239 fis.
1743 1221 1779 1239 m.
1822 1211 1927 1246 Apulei.
1942 1212 2006 1238 Met.
2018 1218 2036 1245 7
2066 1219 2092 1244 p.
2112 1218 2153 1243 ι9ι
2179 1207 2394 1236 Vexillationum
2426 1204 2453 1243 -ῗῗ

229 1259 287 1285 dios
307 1261 413 1292 parante
433 1251 528 1279 incude
545 1253 637 1278 quen.
652 1250 701 1276 Sat.
717 1258 754 1284 ιο,
775 1257 825 1281 132.
930 1247 1027 1274 Mediis
1046 1247 1188 1274 incudibus
1206 1245 1276 1272 abla-
1293 1259 1326 1284 30
1342 1249 1475 1283 indagatu,
2424 1251 2426 1254 v

200 1306 201 1309 ¹
228 1299 284 1319 tum
306 1300 371 1339 opus
391 1289 471 1316 Ouid.
490 1287 576 1314 Trist.
590 1295 609 1318 1,
626 1288 656 1316 6,
674 1293 712 1317 29.
809 1283 890 1310 Duris
908 1283 1049 1310 incudibus
1068 1282 1185 1317 impositi
1203 1282 1276 1308 enses
1378 1291 1388 1310 1
1400 1291 1443 1310 Nn
1454 1289 1657 1310 AGANTER.
1693 1282 1762 1309 Adu,
1798 1282 1977 1316 [ἰχνευ-ῃκῶς]
2014 1281 2152 1314 colum,5‚
2166 1289 2186 1311 1,
2201 1288 2215 1305 2
2233 1277 2304 1305 Boni
2314 1285 2394 1304 vena.
2434 1300 2436 1303 ,

227 1328 322 1362 Virgil.
338 1328 435 1360 Georg.
449 1333 466 1351 2
484 1330 550 1350 extr.
656 1319 872 1360 luendi-reddere
888 1320 992 1351 versus,
1008 1326 1055 1354 Per
1068 1320 1276 1344 translationem.-
1340 1320 1408 1347 toris
1422 1319 1476 1354 cst,
1495 1319 1649 1355 indaganter
1661 1317 1870 1354 quamplurimas
1883 1318 1951 1345 feras
1965 1326 2066 1352 capere.
2101 1316 2150 1345 Sed
2161 1315 2257 1352 reposui
2275 1323 2304 1340 ex
2315 1313 2394 1341 MSS.
2426 1312 2439 1322 '⁴

226 1363 252 1392 h.
267 1373 286 1390 e.
306 1361 432 1389 emendare
451 1367 474 1386 et
489 1358 605 1394 expolire.
641 1357 736 1383 Horat.
752 1365 779 1382 in
793 1356 857 1382 Arte
870 1356 942 1381 l’o'e‘t.
955 1363 1006 1388 441
1029 1355 1060 1381 Et
1075 1354 1144 1380 male
1158 1360 1277 1380 tornatos
1340 1356 1518 1390 indagantem,

227 1404 287 1432 (ter
300 1404 373 1424 natos
389 1397 469 1423 chl.
482 1395 626 1423 forniatOS‚
644 1394 697 1423 al.)
717 1392 808 1418 incudi
822 1390 932 1418 reddere
946 1391 1044 1417 versuS.
1116 1389 1207 1415 Sidon.
1221 1394 1244 1419 8,
1257 1397 1276 1421 4
1376 1399 1417 1418 ιΝ
1429 1398 1446 1417 D
1456 1397 1552 1424 AGO,
1574 1389 1635 1416 i'nis.
1671 1388 1691 1415 f.
1729 1389 1903 1422 [ι’χνηλασία]
1940 1386 2115 1424 Imestigafio,
2135 1385 2274 1422 inquisitio,
2289 1385 2396 1421 proprie

228 1435 324 1461 Versus
338 1443 352 1459 a
365 1431 544 1458 meditationis
556 1428 652 1456 incude
665 1427 749 1453 adhuc
764 1427 853 1454 calidi.
924 1427 999 1453 Idem
1013 1435 1042 1459 4,
1055 1434 1064 1452 1
1088 1424 1276 1459 philosophica
1292 1426 1322 1453 35
1341 1434 1494 1454 venatorum.
1566 1426 1633 1452 Plin.
1646 1433 1673 1458 9,
1691 1431 1709 1458 7
1735 1425 1767 1450 In
1780 1433 1832 1458 qua
1847 1423 1976 1450 sententia
1990 1424 2066 1450 fuiss'e
2082 1422 2251 1449 Aristotelem
2264 1421 2356 1452 viden,
2368 1424 2397 1446 et
2428 1424 2431 1426 '

227 1470 325 1497 incude
340 1469 479 1495 formatus.
586 1464 642 1490 Cic·
663 1463 694 1490 de
713 1464 788 1490 01⁴⁸*-
807 1472 839 1495 25
860 1464 905 1489 162
939 1462 965 1488 Si
984 1461 1093 1496 quidem
1111 1470 1180 1487 nunc
1200 1460 1277 1495 Plane
1341 1472 1372 1490 ea
1384 1463 1475 1489 multis
1490 1461 1635 1496 persuasisse
1647 1460 1786 1486 doetrinae
1802 1459 1984 1493 indaginibus.
2041 1460 2146 1493 Proprie
2164 1456 2197 1491 est
2211 1459 2291 1485 Series
2304 1459 2395 1492 plaga-

227 1506 321 1533 rudem
344 1504 447 1530 institui
468 1500 501 1528 ad
524 1500 666 1527 dicendum
689 1499 787 1530 Velim,
808 1499 849 1524 his
871 1498 960 1532 Potius
979 1496 1080 1524 tradam
1099 1497 1202 1523 affidssis
1220 1505 1276 1522 VflO
1340 1508 1395 1526 rum
1414 1502 1442 1524 in
1461 1507 1537 1524 varos
1550 1498 1596 1533 scu
1610 1495 1707 1533 furcas
1724 1498 1870 1521 venatorias
1883 1492 2076 1531 subrefiarum,
2089 1493 2218 1529 saltusque
2235 1494 2396 1528 cingentium.

227 1550 309 1575 opere
328 1539 436 1566 eandem
450 1537 572 1563 incudem
590 1535 662 1561 diem
680 1535 840 1569 no&emque
859 1533 1046 1566 tundentibus,
1064 1533 1112 1567 qui
1127 1541 1219 1560 omnes
1238 1538 1276 1558 te·
1341 1534 1439 1568 Virgil.
1455 1535 1520 1561 Aen.
1537 1541 1572 1565 4,
1592 1540 1632 1558 121
1669 1546 1715 1550 —
1752 1530 1890 1564 Saltusque
1908 1529 2034 1564 indagine
2052 1529 2170 1562 cingunt.
2240 1527 2315 1553 Caes.
2329 1525 2397 1553 Bel}-

229 1577 358 1603 nuiffimas
375 1573 528 1608 particulae,
546 1578 625 1606 atque
643 1571 736 1597 omnia
753 1571 864 1597 minima
879 1570 967 1596 mansa
988 1572 1035 1601 (vt
1054 1570 1128 1595 aiunt
1141 1569 1276 1599 nutrices)
1342 1570 1412 1596 Gall.
1426 1575 1450 1602 8,
1466 1575 1492 1599 ιε
1515 1567 1595 1594 Siluis
1609 1565 1729 1601 vndique
1742 1565 1957 1600 impeditissimis,
1973 1570 2019 1591 aut
2032 1564 2153 1591 altissimo
2166 1563 2287 1597 flumine,
2298 1562 2342 1589 vel
2356 1561 2396 1589 in-

229 1612 375 1639 infantibus
392 1609 481 1643 pueris
500 1609 529 1634 in
549 1616 579 1633 0⁵
593 1607 717 1632 inserant.
1283 1615 1321 1641 40
1342 1605 1438 1642 dagine
1452 1604 1569 1633 turrium
1582 1602 1727 1629 munitum.
1767 1604 1806 1629 De
1819 1601 1925 1638 quodam
1936 1609 2021 1636 campo
2035 1601 2134 1627 Lucan.
2148 1601 2175 1632 6,
2189 1607 2221 1631 42
2415 1596 2419 1600 '
2438 1603 2442 1606 '

267 1655 277 1673 1
287 1653 308 1672 N
320 1652 337 1672 c
349 1647 369 1671 ῦ
379 1651 392 1670 S
401 1652 419 1670 O
428 1664 437 1676 ,
462 1647 515 1670 Ere.
550 1644 707 1676 [μέμφομαι
714 1661 722 1673 ,
741 1641 867 1675 ἓγκοιλέω]
904 1639 1086 1675 Reprehendere
1105 1640 1211 1666 alterius
1227 1647 1277 1664 mo-

229 1691 285 1712 res,
305 1688 328 1708 et
345 1682 485 1715 plerumque
505 1687 556 1703 cum
576 1679 689 1712 querela,
706 1677 770 1712 quod
785 1676 814 1702 ab
831 1677 872 1701 illo
890 1678 985 1701 iniuria
998 1675 1037 1708 fis
1053 1673 1178 1708 afficitis,
1196 1680 1226 1700 vt
1238 1676 1277 1700 ait
1536 1654 1663 1688 Dlspomt
1681 1652 1785 1680 castella
1803 1661 1890 1687 ¹ug¹s'
1913 1660 2064 1686 magnoque
2082 1651 2179 1678 ‘ecem'

1534 1690 1680 1724 Amplexus
1699 1688 1779 1720 fines,
1797 1689 1894 1721 saltus,
1912 1689 2106 1722 nemorosaque
2125 1693 2219 1721 tesqua

237 1717 309 1743 Valla
331 1721 347 1743 6
376 1713 551 1749 reprehendens
569 1712 701 1738 Seruium.
796 1711 865 1736 Ter.
882 1711 978 1735 Heaut.
997 1719 1027 1742 5,
1043 1718 1072 1740 2,
1092 1717 1109 1744 7
1139 1710 1212 1742 Qiid
1232 1718 1276 1735 me
1933 1723 1938 1728 -
2014 1724 2019 1728 .
2150 1722 2154 1726 -

231 1752 331 1779 incusas
351 1749 470 1783 Clitipho
485 1750 494 1775 3
588 1747 662 1774 Idem
677 1746 782 1772 Phorm.
796 1754 818 1777 3,
832 1754 856 1780 1,
871 1752 888 1778 7
914 1745 1045 1778 Equidem
1064 1745 1127 1770 here
1144 1754 1191 1770 nos
1212 1745 1277 1770 iam-
1535 1727 1567 1753 Et
1585 1725 1677 1758 filuas'
1696 1725 1822 1759 vastaque
1841 1724 1910 1751 feras
1930 1723 2055 1759 mdagme
2071 1722 2179 1749 danda·
2381 1748 2384 1753 ·

231 1786 331 1813 dudum
351 1786 395 1811 hic
415 1793 441 1810 te
461 1784 592 1810 absentem
611 1783 775 1813 incusamus,
800 1781 845 1815 qui
865 1779 971 1806 abieris.
1040 1780 1114 1805 Caes.
1127 1779 1191 1805 Bell.
1207 1779 1276 1804 Gall.
1288 1787 1322 1812 45
1341 1775 1438 1802 Lineas
1456 1775 1526 1801 hodie
1545 1781 1647 1801 vocant.
1701 1776 1810 1801 Armata
1829 1773 1955 1808 indagine
1973 1774 2086 1800 'lustrare
2104 1780 2213 1799 omnem
2229 1767 2399 1804 Ρτοίρεᾶυιιι
2439 1791 2442 1793 Α

232 1832 253 1854 ι,
272 1831 307 1854 40
331 1820 513 1851 Omniumque
528 1818 654 1843 ordinum
672 1817 704 1842 ad
721 1816 749 1842 id
764 1816 907 1841 concilium
927 1814 1056 1841 adhibitis
1077 1813 1278 1840 centurionibus
1342 1812 1405 1837 Stat.
1425 1810 1518 1836 Theb.
1539 1819 1581 1842 12,
1599 1817 1654 1843 451.
1708 1810 1783 1845 Conf.
1806 1809 1880 1834 Idem
1892 1809 1985 1836 Theb.
2007 1818 2030 1841 2,
2049 1815 2101 1841 553.
2153 1809 2186 1834 Et
2201 1805 2257 1833 vid.
2270 1806 2307 1832 ibi
2320 1804 2398 1830 Scho-

229 1857 399 1885 ve'nenoenter
412 1863 456 1879 eos
470 1853 608 1879 incusauit.
679 1852 721 1877 Sic
740 1859 763 1881 2,
777 1858 802 1882 ις
828 1852 989 1884 Increpitare
1007 1856 1086 1883 atque
1102 1850 1219 1875 incusare
1238 1857 1278 1874 re.
1343 1845 1410 1872 liast-
1482 1845 1574 1871 Tacit.
1588 1845 1656 1870 Ann-
1670 1852 1705 1876 13,
1719 1853 1754 1878 42
1779 1845 1879 1870 Romae
1894 1844 2047 1870 testamenta
2067 1849 2093 1869 et
2105 1842 2187 1869 orbos
2201 1841 2276 1868 velut
2289 1840 2346 1866 eius
2359 1839 2400 1866 in·
2432 1849 2434 1851 ·

230 1894 320 1928 liquos
335 1890 423 1924 Belgas
433 1908 441 1920 ,
462 1888 509 1921 qui
524 1888 564 1918 se,
585 1892 629 1911 etc.
736 1885 835 1918 Virgil.
850 1886 914 1910 Aen.
927 1893 948 1915 2,
963 1892 1014 1917 745
1034 1886 1122 1916 Qzem
1137 1893 1191 1910 non
1203 1885 1278 1910 incn-
1343 1880 1439 1915 dagine
1452 1880 1526 1914 capi,
1549 1883 1569 1906 i.
1583 1886 1735 1915 captatorem
1747 1878 1790 1913 effi>
1804 1879 1933 1911 orborum,
1952 1883 1991 1905 ita
2002 1886 2032 1905 vt
2044 1880 2127 1905 nullus
2141 1879 2266 1912 captiones
2281 1879 2333 1902 eius
2345 1884 2400 1901 eua-
2428 1863 2451 1907 ἲ

231 1930 286 1956 saui
300 1935 387 1954 amens
402 1924 594 1955 hominumque
607 1921 778 1953 Deorumque
793 1920 802 1945 Ξ
898 1919 1074 1945 Plaut.Truc.
1089 1927 1108 1949 ι,
1123 1927 1145 1950 2,
1160 1924 1188 1950 58
1206 1919 1279 1951 Qiia
1343 1915 1405 1941 dat:
1441 1916 1480 1941 De
1495 1916 1592 1940 Seneca.
1662 1914 1738 1941 Idem
1758 1914 1883 1947 Agricola
1903 1924 1926 1940 c.
1946 1922 1977 1948 37
2007 1913 2139 1940 Cohortes
2164 1911 2297 1946 indaginis
2317 1910 2400 1938 modo
2422 1902 2452 1931 Ψ*

230 1974 278 1999 qui
293 1964 403 1989 alterum
418 1961 517 1985 incusat
531 1957 638 1992 probri,
655 1955 740 1989 ipsum
755 1955 780 1980 se
793 1953 893 1980 intueri
907 1958 1021 1986 oportet.
1098 1953 1172 1978 Voce
1186 1961 1280 1986 magna
1296 1961 1328 1987 50
1343 1964 1389 1969 —-
1425 1949 1568 1982 persultare
1587 1948 1665 1974 iussit.
1771 1949 1837 1974 Pliu.
1862 1950 1954 1982 Paneg.
1972 1956 1998 1980 33
2030 1947 2059 1973 de
2078 1948 2230 1974 delatoribus
2251 1948 2351 1981 loquens
2370 1949 2399 1972 in
2420 1952 2427 1975 ξ
2450 1967 2452 1969 .

229 2001 331 2027 incusat
345 1997 469 2023 Latinum
481 1993 576 2028 Virgil.
591 1993 655 2018 Aen.
673 1999 716 2023 12,
731 1995 786 2023 580.
878 1988 1003 2022 Qierelis
1022 1987 1123 2013 incusat
1142 1987 1196 2014 fata
1216 1988 1280 2013 Stat.
1343 1984 1438 2018 insulas
1457 1983 1597 2018 deportatis
1615 1992 1630 2008 a
1648 1983 1778 2015 Traiano,
1806 1984 1881 2016 Qios
1900 1982 2010 2017 quidem
2026 1992 2081 2008 non
2102 1983 2131 2009 in
2146 1983 2265 2017 praesens
2285 1987 2416 2014 tantum,=

230 2035 316 2062 Aegii·
337 2042 356 2066 Ι,
378 2040 437 2064 439,
1343 2018 1389 2045 sed
1406 2018 1437 2044 in
1451 2026 1589 2045 aeternum
1603 2018 1751 2052 repreffisti,
1769 2018 1844 2045 mille
1859 2027 2003 2053 poenarum
2018 2018 2143 2053 indagine
2158 2018 2290 2050 inclusos,
2309 2017 2401 2052 i.fiin-

268 2077 277 2096 1
291 2077 311 2095 η
323 2076 339 2096 C
348 2076 367 2095 v
377 2075 389 2095 S
400 2074 420 2093 A
430 2073 450 2092 N
461 2072 474 2091 s
485 2084 493 2095 ‚
512 2063 588 2090 antis.
625 2062 692 2088 Part.
728 2060 789 2087 Liu.
803 2068 829 2092 i,
849 2068 865 2091 9
889 2059 1037 2085 incusantes
1051 2057 1146 2084 violati
1167 2056 1280 2092 hospitii
1343 2053 1454 2081 &ionum
1463 2053 1670 2089 Ji‘uerrjffimarum
1684 2060 1779 2081 terrore
1792 2063 1808 2081 a
1821 2054 1984 2081 delationibus
1996 2058 2116 2081 coercitos
2128 2055 2302 2089 cohibitosque.
2347 2054 2400 2079 Res

230 2105 334 2134 foedus.
386 2101 573 2135 intemperiem
592 2097 659 2124 caeli
673 2097 820 2123 incusantes
833 2095 903 2121 Tac.
918 2095 986 2121 Hist.
1000 2103 1024 2124 2,
1037 2102 1083 2127 94.
1343 2090 1474 2116 maiorem
1489 2095 1515 2116 et
1527 2089 1687 2122 ampliorem
1697 2090 1816 2124 exposcit
1827 2089 1996 2125 indaginem,
2016 2093 2035 2117 i.
2050 2089 2233 2126 inqmfitionem
2251 2090 2269 2116 l.
2284 2089 2330 2115 fin.
2349 2086 2374 2125 ᾗ.
2388 2095 2400 2115 ι

268 2149 277 2167 ι
290 2147 312 2166 N
325 2145 342 2166 C
353 2145 454 2165 VSAT
465 2143 518 2166 io,
543 2134 610 2167 onis.
647 2133 667 2159 f.
704 2130 835 2165 [μέμψις]
872 2131 928 2156 Cic.
949 2130 981 2156 de
999 2130 1072 2156 Orat.
1093 2139 1119 2161 3,
1136 2137 1187 2161 304
1208 2137 1231 2154 c.
1245 2135 1279 2162 27
1296 2137 1324 2163 55
1343 2126 1411 2152 cod.
1427 2124 1460 2150 de
1476 2125 1617 2159 Coinpens.
2304 2132 2305 2135 =

233 2179 356 2211 Qiorum
375 2175 471 2208 partim
489 2170 586 2198 habent
604 2169 734 2195 vitiorum
754 2173 779 2193 et
791 2171 957 2200 peccatorum
977 2174 1063 2192 acrem
1077 2164 1206 2199 quandam
1220 2172 1279 2189 cum
1381 2170 1390 2188 1
1400 2169 1422 2188 N
1433 2169 1481 2189 DA
1492 2169 1512 2189 G
1522 2170 1577 2195 fis,
1597 2164 1635 2191 js.
1670 2163 1692 2191 f.
1728 2163 1822 2192 Claud.
1837 2165 1961 2192 Mamert.
1977 2174 2010 2198 2,
2029 2174 2046 2193 2
2070 2165 2184 2201 Aliquid
2202 2165 2313 2201 dignum
2325 2170 2398 2198 tanta

232 2211 438 2246 amplificatione
456 2207 648 2235 incusationem
664 2210 710 2231 aut
728 2202 882 2238 querelam,
908 2207 954 2227 etc.
1002 2200 1077 2236 Coris.
1097 2200 1207 2227 Gloffar.
1220 2201 1280 2226 Vet.
1345 2197 1451 2231 indage.
1472 2198 1560 2237 *Ibid.
1579 2208 1602 2227 c.
1617 2203 1630 2228 8
1654 2198 1816 2226 Sublimium
1830 2201 1926 2235 indage
1939 2203 2083 2228 causarum.
2403 2222 2406 2224 ,
2428 2199 2441 2230 ,’

231 2248 317 2276 Latin.
336 2247 383 2273 Gr.
1086 2270 1092 2275 .
1108 2269 1113 2274 .
1263 2269 1269 2274 ι
1383 2240 1394 2259 1
1405 2240 1426 2259 N
1436 2239 1512 2259 ΒΑΕ
1522 2240 1583 2266 vs,
1602 2242 1627 2266 a,
1647 2242 1702 2260 uin.
1740 2235 1799 2261 Adi.
1837 2237 2022 2270 Mart.Capell.
2037 2245 2047 2262 1
2068 2246 2093 2271 p.
2106 2245 2124 2269 9
2144 2236 2241 2272 Indaga
2253 2236 2313 2264 veri
2327 2237 2399 2265 cura·
2431 2247 2434 2250 ⁴

270 2289 312 2309 iN
323 2288 340 2308 c
352 2288 373 2306 v
385 2285 460 2306 SAT
470 2285 527 2311 vs,
549 2285 574 2311 a,
598 2284 653 2302 um.
688 2275 755 2302 Part.
792 2271 925 2299 Coluuiel.
938 2279 959 2303 3,
976 2277 1006 2305 17
1025 2269 1155 2297 Sterilitas
1169 2278 1282 2296 cacumi-
1384 2276 1424 2295 ιΝ
1436 2276 1489 2308 Dia.
1525 2269 1628 2303 [ὅθεν]
1665 2269 1733 2295 Adu.
1753 2270 1782 2296 de
1794 2271 1854 2297 Ioco.
1892 2272 1960 2298 Ter.
1972 2271 2053 2298 Andr.
2070 2282 2093 2304 ε,
2107 2281 2129 2305 2,
2140 2281 2164 2305 31
2185 2273 2270 2300 Etiam
2284 2270 2405 2308 pucrum‘

232 2320 274 2347 nis
289 2319 347 2345 iure
367 2316 491 2343 incusata,
875 2314 877 2316 ·
1292 2311 1328 2337 60
1347 2304 1411 2331 inde
1424 2304 1517 2330 abiens
1531 2305 1645 2344 conueni
1654 2304 1786 2331 Chremis.
1837 2306 1907 2332 Ibid.
1922 2315 1941 2338 ι,
1953 2315 1972 2338 ι,
1982 2315 2025 2332 no
2046 2307 2135 2334 Redeo
2149 2309 2212 2336 inde
2224 2302 2308 2335 iratus¹
2317 2308 2396 2342 atque

270 2359 365 2381 ich
375 2357 475 2379 SATO
485 2355 505 2375 R
516 2369 526 2382 ,
543 2347 606 2375 oris.
629 2355 666 2372 m.
701 2343 769 2371 Idem
787 2352 817 2370 ac
827 2342 975 2380 Accusator.
1010 2340 1078 2368 Cod.
1091 2350 1116 2368 12
1140 2345 1160 2368 t.
1174 2342 1207 2373 36
1226 2340 1243 2368 l.
1257 2346 1283 2370 18
1347 2349 1426 2374 aegre
1438 2340 1535 2369 ferenS.
1607 2340 1668 2367 Liu.
1684 2349 1705 2372 i,
1721 2349 1731 2366 1
1761 2341 1850 2368 Primo
1866 2343 1893 2368 in
1906 2341 2088 2368 Macedoniam
2107 2344 2216 2373 venisse,
2235 2343 2298 2368 inde
2317 2342 2345 2368 in
2359 2342 2397 2368 Si-

253 2411 258 2417 .
273 2396 286 2420 8
311 2386 455 2415 Incusatori
472 2384 578 2411 licentia
598 2382 749 2415 denegetur.
1350 2377 1441 2402 ciliani
1458 2381 1627 2410 quaerentem
1640 2376 1711 2402 sedes
1726 2375 1851 2403 delatum.
1922 2377 2005 2403 Plaut.
2020 2376 2108 2404 Pseud.
2124 2386 2150 2410 2,
2163 2386 2189 2409 2,
2206 2382 2238 2407 28
2265 2377 2337 2411 Quia
2349 2373 2396 2404 ⁴vi·

271 2432 282 2451 ι
292 2431 314 2450 Ν
323 2431 339 2451 c
349 2431 369 2450 v
379 2428 444 2449 SAB
454 2429 463 2447 1
472 2428 487 2447 L
498 2427 506 2446 1
516 2427 529 2447 s
538 2439 547 2452 ,
566 2428 590 2446 e.
615 2417 675 2445 Adi.
710 2417 766 2442 Com
783 2423 822 2454 fir.
836 2412 1028 2448 apudTertull.
1040 2411 1073 2438 ad
1086 2411 1198 2451 Nation.
1215 2419 1236 2444 1,
1249 2419 1283 2438 12.
1347 2411 1409 2438 dere
1425 2412 1486 2438 inde
1499 2412 1558 2437 effe.
1628 2412 1685 2438 Cic.
1699 2412 1778 2438 Attic.
1792 2421 1817 2445 9,
1831 2421 1865 2439 20
1889 2413 1945 2446 Qui
1959 2420 2048 2439 autem
2060 2413 2170 2439 veniunt
2183 2413 2253 2444 inde,
2270 2415 2296 2439 io
2311 2412 2395 2440 modo

270 2467 311 2487 IN
322 2465 339 2485 C
351 2462 573 2487 VSAT1VVS‚
599 2463 628 2486 a,
647 2461 702 2479 um.
738 2452 760 2477 A
781 2459 800 2476 i.
837 2449 922 2482 Idem,
940 2448 1005 2485 quod
1017 2450 1188 2484 ,Accusatium
1199 2457 1208 2472 .·
1243 2453 1284 2479 υι,
1347 2447 1487 2479 nuntiant,
1514 2449 1532 2472 i.
1548 2446 1626 2472 illinc.
1670 2449 1769 2473 Veteres
1788 2449 1921 2483 aliquando
1946 2458 1999 2474 cum
2018 2449 2133 2474 Genitjuo
2150 2451 2261 2474 iunxere,
2296 2448 2395 2475 Ennius

234 2497 314 2524 casus
332 2493 492 2521 incuffitiuus
510 2490 634 2517 Diomed.
1298 2484 1330 2517 65
1348 2482 1415 2518 apud
1427 2482 1493 2508 Fest.
1511 2485 1539 2507 in
1552 2482 1661 2512 Limus,
1683 2483 1748 2508 Inde
1764 2483 1816 2509 loci
1835 2484 1916 2510 lituus
1931 2484 2031 2510 sonitus
2047 2483 2160 2510 effundit
2174 2478 2273 2509 acutos-
2343 2484 2397 2510 Lu-

252 2550 254 2553 ·
271 2537 366 2559 1ch
377 2529 556 2556 STODITV
568 2533 595 2557 δ’
613 2534 636 2558 ³2
649 2533 713 2550 '¹¹¹⁰-
748 2522 809 2548 ΛΜ·
845 2519 1028 2554 [m’cpbhoenros]
1066 2520 1125 2559 ΝΜ
1137 2515 1281 2557 cf‘stfflitm·
1348 2524 1412 2544 eret.
1428 2526 1457 2551 5,
1477 2522 1527 2551 789
1559 2516 1623 2543 Inde
1641 2517 1695 2543 loci
1713 2518 1838 2544 mortalia
1856 2519 1937 2545 saecla
1958 2521 2066 2546 creauit.
2155 2518 2199 2546 Ad
2216 2527 2256 2545 res
2272 2516 2376 2544 relatum
2388 2529 2397 2544 .-
2422 2535 2425 2541 .

236 2566 352 2595 Martial.
367 2574 392 2596 1,
406 2571 431 2597 33
454 2561 622 2589 Incustoditis
643 2566 667 2586 et
686 2559 781 2593 apertis
801 2557 897 2583 Lesbia
915 2556 1017 2590 semper
1050 2553 1205 2595 inminibus
1226 2561 1285 2587 pec·
1349 2553 1432 2580 Plaut.
1446 2552 1541 2587 Amph.
1554 2560 1610 2593 r,⁴1‚
1622 2560 1671 2588 273
1698 2553 1784 2580 Cadus
1799 2559 1854 2580 erat
1872 2555 1945 2585 vini,
1964 2554 2026 2580 inde
2041 2554 2155 2589 impleui
2170 2555 2304 2587 cirneam,
2329 2557 2349 2580 i·
2369 2562 2399 2580 ex
2420 2550 2431 2555 ν.

237 2612 287 2630 cas.
358 2601 443 2627 Boues
461 2597 633 2624 incustoditae
657 2594 738 2622 Ouid.
758 2594 822 2619 Met.
841 2601 872 2624 2,
889 2594 948 2622 686.
1025 2590 1100 2616 Litus
1126 2589 1172 2616 Sil.
1193 2597 1218 2628 5?
1236 2597 1283 2620 40.
1349 2589 1393 2616 illo
1410 2588 1485 2615 dolio.
1555 2588 1611 2614 Cic.
1625 2589 1766 2622 Inuent.1‚
1779 2596 1810 2618 23
1834 2589 1861 2615 Si
1873 2590 1942 2616 vnde
1960 2591 2056 2616 necesse
2075 2590 2126 2622 est,
2147 2590 2211 2616 inde
2231 2590 2340 2616 initium
2359 2590 2400 2616 su—

239 2637 320 2665 Ouile
340 2633 514 2662 Ouid.Trist.
531 2641 549 2664 1,
562 2641 585 2665 5,
599 2641 636 2658 ιο.
707 2629 792 2656 Pastus
809 2627 887 2661 Apul.
901 2629 917 2652 6
938 2636 963 2661 p.
977 2631 1029 2661 178.
1099 2625 1167 2652 Vrbs
1189 2624 1234 2651 Sil.
1249 2631 1284 2657 ις,
1349 2630 1447 2651 metur.
1472 2623 1500 2649 de
1513 2626 1658 2650 narratione
1669 2625 1748 2661 breui.
1819 2624 1897 2656 Inde,
1912 2634 1959 2660 pro
1973 2627 2010 2652 Ex
2024 2636 2049 2652 eo
2062 2625 2281 2662 Scnbompaſjim.
2317 2624 2400 2654 Ouid,

239 2681 299 2708 24⁵·
355 2670 475 2697 Frontin.
489 2677 511 2700 3,
524 2676 549 2699 2,
563 2670 587 2693 6.
657 2666 758 2692 Aliter:
783 2663 847 2689 Plin.
860 2663 938 2696 Epist.
952 2665 978 2694 6,
999 2670 1029 2695 29
1054 2661 1157 2688 Tuitus
1175 2661 1231 2686 sum
1244 2661 1285 2686 Iu·
1295 2673 1331 2701 70
1351 2660 1418 2687 Fast.
1433 2668 1453 2690 ς,
1467 2666 1517 2692 509
1541 2659 1612 2685 Stant
1632 2659 1725 2686 calices
1739 2670 1746 2686 ι
1769 2659 1860 2686 minor
1873 2661 1934 2687 inde
1955 2662 1995 2694 (i.
2007 2662 2120 2693 illorum,
2130 2661 2156 2697 s
2178 2670 2207 2687 ex
2222 2662 2295 2696 illis)
2315 2661 2400 2693 fabas,

240 2709 307 2735 lium
320 2707 436 2737 Bassum,
455 2710 482 2731 vt
495 2701 683 2729 incustoditum
704 2706 728 2726 et
747 2699 835 2725 minus
855 2704 975 2730 cautum,
994 2698 1032 2724 ita
1044 2697 1155 2724 minime
1174 2695 1285 2722 malum.
1351 2696 1410 2722 olus
1423 2695 1488 2721 alter
1503 2694 1626 2722 habebat.
1720 2695 1903 2731 Adpersonam
1915 2698 2020 2723 relatum
2033 2708 2040 2722 :
2069 2696 2151 2724 Plaut.
2163 2698 2243 2724 Cure.
2262 2706 2291 2730 5,
2306 2706 2333 2729 3,
2352 2705 2400 2731 44.

240 2742 448 2771 incustoditum,
472 2743 490 2765 i.
504 2738 653 2773 simplicem,
671 2734 843 2770 improuidam.
1351 2732 1421 2759 Ter.
1435 2730 1546 2764 Adelph.
1562 2739 1581 2761 ι,
1595 2740 1615 2763 ι,
1628 2738 1657 2757 21
1683 2730 1801 2758 onrem
1820 2731 1916 2759 duxit:
1944 2733 2000 2759 nati
2018 2732 2070 2759 filii
2088 2732 2150 2759 duo.
2187 2732 2250 2759 inde
2265 2741 2315 2767 ego
2329 2732 2400 2759 hune
2448 2726 2452 2762 y,

279 2785 321 2804 1N
332 2783 349 2803 C
361 2776 411 2802 <mr
422 2782 431 2800 1
442 2781 478 2804 o,
501 2774 544 2805 ffi,
570 2773 651 2804 flium,
674 2774 728 2797 ere.
764 2767 948 2803 [προσβάλλω,
965 2766 1110 2802 ἓμέοίλλω]
1153 2767 1190 2792 Ex
1208 2767 1238 2792 In
1261 2771 1285 2792 et
1350 2768 1481 2794 maiorem
1500 2766 1625 2800 adoptaui
1646 2765 1724 2792 mihi.
1761 2767 1834 2802 Conf.
1848 2768 1954 2795 Lucret.
1968 2776 1994 2801 ς,
2013 2777 2074 2795 202,
2151 2768 2234 2801 Inde³
2249 2775 2299 2803 pro
2311 2769 2349 2795 Ob
2362 2767 2400 2802 id,
2430 2763 2431 2766 ,

242 2813 361 2849 Qiatio,
374 2809 505 2846 fignificat
521 2810 642 2838 Iniicerc,
662 2813 686 2832 et
703 2814 756 2831 cum
776 2804 876 2843 quodam
896 2806 986 2837 impetu
998 2803 1092 2838 ferire.
1128 2803 1221 2829 quen.
1236 2803 1286 2828 Sat.
1352 2803 1380 2830 ob
1394 2812 1445 2829 eam
1458 2812 1523 2834 rem,
1542 2809 1676 2838 Propera
1688 2812 1696 2827 .·
1721 2802 1790 2829 Ter.
1805 2803 1901 2830 Haut·
1917 2813 1943 2837 ¹,
1959 2813 1968 2830 1
1983 2813 2026 2839 Pr.
2058 2805 2228 2839 Qmmquam
2247 2804 2312 2831 haec
2328 2804 2401 2831 iuter
2426 2795 2429 2808 κ,
2447 2820 2450 2824 ⁴

242 2859 274 2884 9,
294 2859 306 2883 e,-
327 2849 385 2875 Nos
404 2844 543 2878 colaphum
564 2842 705 2869 incutimus
726 2840 824 2866 labenti
842 2838 954 2865 crustula
975 2839 1060 2864 seruo.
1156 2838 1287 2871 Quinctil.
1301 2849 1334 2878 75
1352 2848 1399 2866 nos
1413 2846 1497 2872 nuper
1510 2839 1606 2865 notitia
1620 2837 1764 2865 admodum
1778 2838 1830 2871 est,
1849 2839 1912 2866 inde
1925 2840 2006 2871 adeo,
2026 2841 2099 2874 quod
2113 2848 2206 2875 agrum
2226 2840 2255 2866 in
2273 2839 2400 2874 proximo

242 2895 278 2917 2,
299 2894 322 2917 13
351 2885 406 2917 Iam
426 2879 553 2907 collidere
570 2887 680 2909 marim,
697 2882 782 2902 terrae
796 2874 890 2914 Pedem
908 2874 1043 2913 incutere,
1062 2873 1164 2906 femur,
1185 2873 1286 2908 peetus,
1353 2875 1397 2902 hic
1411 2879 1539 2900 mercatus
1553 2883 1588 2900 es,
1658 2873 1723 2900 pun,
1738 2874 1816 2908 Epist,
1829 2881 1856 2909 7²
1870 2883 1883 2908 ς
1897 2883 1942 2910 1³²¹·
1972 2875 2132 2902 Incredibile
2151 2875 2203 2908 est,
2218 2880 2316 2909 quanto
2335 2873 2400 2901 defi-
2434 2875 2454 2894 21.

244 2922 362 2948 frontem
378 2917 502 2948 caedere,
524 2914 592 2940 mise
613 2913 643 2940 ad
663 2911 789 2947 Punafflm
809 2909 936 2949 “seflhfm
956 2909 1033 2940 ΜΕΝ,
1060 2912 1078 2934 1¹-
1091 2909 1177 2944 scrire
1195 2916 1289 2935 terram
1352 2910 1428 2937 derio
1443 2909 1483 2935 tui
1499 2915 1597 2936 tenear.
1639 2910 1670 2935 In
1687 2910 1776 2942 causa,
1795 2919 1871 2937 amor
1883 2911 2000 2945 primum
2014 2922 2020 2937 :
2051 2911 2163 2943 deinde,
2180 2910 2251 2944 quod
2266 2918 2321 2935 non
2336 2919 2400 2936 con·
2438 2903 2449 2921 '¹

239 2956 311 2993 pede.
416 2952 483 2979 Pliu.
497 2958 523 2985 7,
536 2959 563 2983 53
581 2951 617 2983 Q
629 2947 758 2987 Aemilius
772 2946 885 2979 Lepidus
900 2953 951 2971 iam
964 2944 1100 2978 egrediens
1119 2945 1217 2971 incusso
1232 2945 1289 2971 Pol·
1353 2946 1488 2973 sueuimus
1505 2944 1598 2972 abesse.
1632 2945 1695 2971 inde
1709 2945 1760 2977 est,
1776 2945 1848 2980 quod
1862 2955 1982 2982 magnam
1995 2952 2095 2981 partem
2107 2946 2227 2971 noe'fium
2242 2945 2268 2970 in
2282 2946 2400 2980 imagine
2428 2934 2434 2942 ·

246 2993 297 3018 lice
315 2988 405 3016 limini
418 2986 543 3013 cubiculi.
639 2984 791 3017 Scipionem
803 2981 948 3020 eburneum
963 2981 989 3006 in
1005 2987 1081 3015 caput
1100 2981 1209 3006 alterius
1228 2981 1288 3007 Liu.
1352 2988 1397 3008 tua
1416 2980 1483 3015 vigil
1502 2981 1600 3014 exigo:
1638 2980 1716 3013 inde,
1736 2980 1824 3016 quod,
1843 2989 1888 3008 etc.
1959 2984 2007 3008 Pro
2020 2981 2115 3007 Deinde
2128 2991 2135 3005 :
2170 2980 2231 3006 Liu.
2255 2989 2281 3013 1,
2300 2989 2312 3013 3
2339 2981 2399 3008 Cri.

244 3036 270 3061 5,
287 3036 325 3060 4¹-
397 3023 441 3050 Ad
457 3024 596 3048 inanimata
615 3018 781 3057 transfertur.
818 3017 874 3056 Cic.
893 3016 924 3041 de
942 3016 1063 3042 Vniuers·
1083 3024 1112 3047 37-
1137 3017 1288 3050 Rursusque
1303 3029 1335 3055 80
1353 3017 1422 3044 mini
1438 3016 1551 3043 maxime
1563 3016 1668 3049 dabant,
1688 3017 1841 3043 Numitoris
1859 3026 1935 3052 agros
1947 3016 1980 3043 ab
1995 3017 2028 3043 iis
2043 3017 2171 3050 impetum
2186 3015 2253 3048 fieri,
2275 3017 2338 3043 inde
2353 3026 2399 3043 eos

247 3061 338 3089 emersi
357 3067 474 3086 errorem
494 3056 624 3083 incutiant
643 3056 753 3081 rationis
767 3051 926 3090 expertibus.
1033 3051 1197 3078 Defiderium
1217 3052 1291 3078 vrbis
1355 3052 1464 3079 colleeia
1478 3052 1605 3078 iuuenum
1620 3061 1701 3078 manu
1722 3052 1844 3078 hostilem
1863 3053 1891 3079 in
1911 3052 2019 3078 modum
2039 3051 2145 3086 praedas
2164 3061 2249 3086 agere.
2323 3052 2437 3085 Qiidae.

246 3097 328 3125 alicui
348 3098 440 3122 Horat.
456 3092 534 3127 Epist.
549 3100 567 3121 1,
583 3100 622 3123 14,
636 3098 678 3117 22.
750 3089 852 3115 Metum
872 3087 930 3112 Liu.
943 3095 968 3116 2,
983 3091 1017 3116 ¹8·
1110 3087 1192 3114 Plaut.
1206 3088 1290 3116 Trin.
1355 3095 1412 3116 tum
1425 3087 1505 3114 inde?
1531 3088 1587 3114 Cic.
1599 3096 1646 3120 pro
1661 3089 1781 3115 Muraen.
1797 3091 1835 3114 26.
1905 3088 1987 3114 Plaut.
2000 3087 2088 3114 Pseud.
2102 3096 2136 3120 4,
2156 3090 2186 3119 6,
2206 3096 2222 3122 7
2251 3088 2341 3114 Minae
2360 3082 2416 3115 vi?
2440 3095 2443 3097 ’

250 3143 271 3167 1,
285 3142 310 3165 2,
329 3138 356 3165 38
382 3129 514 3168 Omnibus
531 3127 623 3153 amicis
638 3124 764 3152 Morbum
782 3122 892 3162 incutiens
913 3128 940 3147 tu
957 3131 1077 3155 grauem,
1097 3129 1125 3148 vt
1142 3129 1168 3149 te
1187 3123 1291 3156 videre,
1355 3124 1422 3159 ginti
1443 3125 1515 3150 sanae
1534 3132 1563 3149 ac
1579 3123 1661 3149 saluae
1677 3124 1734 3150 sunt
1748 3123 1799 3150 tibi
1812 3123 1908 3156 hodie,
1926 3133 1988 3158 quas
2003 3123 2084 3149 abste
2103 3123 2164 3148 inde
2176 3123 2212 3149 est
2233 3123 2400 3159 instipulatus

246 3170 392 3202 audireque
411 3171 511 3203 aegroti
532 3163 604 3189 fient.
676 3159 786 3187 Morbos
803 3159 885 3184 alicui
906 3157 1009 3196 I5ucret.
1025 3160 1057 3190 6,
1071 3165 1132 3192 772.
1200 3159 1291 3199 Nego·
1355 3159 1504 3187 Pseudolus.
1575 3158 1638 3184 Inde
1654 3158 1687 3185 ab
1700 3159 1808 3186 ineunte
1821 3165 1904 3186 aetate
1916 3168 1975 3185 cum
1987 3158 2077 3185 animo
2085 3158 2214 3194 depugnat
2228 3159 2288 3189 suo,
2310 3160 2351 3186 vel
2364 3159 2398 3186 ab
2426 3166 2431 3173 ‘

247 3205 280 3231 tii
298 3202 399 3237 aliquid
412 3202 491 3227 alicui
513 3200 606 3225 Horat.
618 3197 699 3223 Serm.
713 3204 739 3227 2,
753 3204 773 3227 1,
787 3199 822 3224 18.
892 3193 952 3219 Liu.
972 3200 997 3224 2,
1012 3199 1024 3221 Β
1045 3199 1108 3218 ‹vx-tr.
1134 3194 1221 3220 Postea
1237 3204 1289 3221 iam
1309 3199 1338 3229 85
1356 3194 1524 3222 incunabulis
1541 3193 1623 3220 Plaut.
1638 3194 1721 3221 Trin.
1737 3204 1759 3227 2,
1774 3204 1798 3225 2,
1811 3204 1855 3228 24.
1924 3195 1984 3222 Liu.
1998 3205 2021 3227 4,
2035 3196 2065 3225 36
2085 3202 2148 3220 extr.
2174 3194 2271 3221 Etiam
2287 3194 2350 3221 inde
2364 3194 2398 3221 ab
2424 3191 2429 3198 '

250 3239 350 3266 tenenti
371 3238 463 3264 COS.
485 3234 592 3261 foedum
613 3233 685 3258 inter
702 3230 881 3266 precationem
907 3227 985 3268 defini
1005 3228 1127 3254 nuntium
1145 3229 1292 3262 incutiunt,
1357 3230 1526 3258 'incunabulis
1541 3229 1672 3255 imbutum
1686 3230 1750 3256 odio
1759 3230 1958 3257 Tribunorum.
2030 3230 2084 3255 Iam
2102 3229 2164 3256 inde
2176 3230 2209 3256 ab
2223 3230 2304 3257 initio
2316 3230 2398 3257 mini·
2428 3236 2455 3259 j-

250 3281 385 3301 mortuum
398 3272 455 3298 eius
471 3271 555 3297 filium
568 3269 634 3301 efl‘e,
655 3275 700 3293 ctc.
764 3267 892 3292 Pauorem
914 3264 973 3290 Liu.
987 3271 1038 3303 277,
1053 3271 1095 3303 4²:
1165 3265 1237 3291 Idem
1256 3275 1291 3298 31,
1357 3276 1399 3294 me
1417 3267 1499 3293 laetus
1518 3273 1602 3291 nouae
1617 3264 1721 3298 origine
1740 3266 1814 3292 vrbis
1834 3267 1893 3293 Liu.
1907 3274 1932 3296 1,
1950 3273 1974 3292 22
2015 3265 2082 3291 AM.
2098 3266 2154 3292 Cic.
2177 3266 2208 3292 de
2228 3267 2295 3293 Prou
2318 3267 2400 3293 Cons.
2453 3268 2455 3272 ’

251 3319 282 3343 34
298 3319 339 3345 Pr,
367 3307 446 3341 Quod
460 3305 619 3341 promtiores
635 3303 666 3329 ad
681 3301 840 3342 subeundam
853 3309 958 3339 omnem
972 3298 1171 3325 dimicationem
1184 3300 1294 3327 videba-
1358 3312 1380 3329 c.
1397 3311 1431 3335 13.
1504 3301 1559 3327 Cic.
1579 3309 1628 3334 pro
1643 3300 1722 3326 Arch.
1737 3309 1746 3327 1
1777 3302 1872 3335 Qioad
1891 3299 2034 3334 longiffime
2047 3301 2128 3335 potest
2149 3310 2221 3327 mens
2240 3286 2306 3328 mea,
2317 3303 2398 3337 respi-
2433 3300 2435 3307 '

250 3352 294 3372 tur
314 3344 462 3374 faciurum,
488 3342 515 3367 id
531 3346 631 3366 metum
646 3339 837 3376 Pigritiamque
857 3334 968 3375 iucussit.
1060 3334 1191 3361 Pudorem
1212 3336 1294 3363 alicui
1357 3346 1416 3364 cere
1437 3338 1549 3371 spatium
1568 3336 1703 3370 praeteriti
1722 3337 1863 3371 temporis,
1889 3342 1915 3362 et
1932 3337 2061 3370 pueritiae
2081 3338 2239 3363 memoriam
2260 3337 2399 3366 recordari
2429 3340 2439 3357 ·’

251 3382 344 3407 Horat,
359 3379 435 3413 Epist.
451 3387 470 3407 i,
485 3383 519 3409 ιε,
535 3383 579 3410 77.
686 3374 855 3413 Religionem
876 3372 936 3410 Liu.
951 3378 993 3402 29,
1008 3375 1033 3400 18
1053 3376 1117 3396 extr.
1188 3371 1292 3397 Ibidem
1302 3382 1338 3407 90
1357 3373 1493 3404 vltimam‚
1510 3372 1571 3399 inde
1582 3380 1664 3406 vsque
1678 3379 1810 3406 repetens,
1825 3372 1894 3398 hunc
1906 3371 1984 3397 video
1998 3371 2065 3398 mihi
2078 3373 2239 3407 principem,
2257 3379 2303 3399 etc.

255 3425 291 3448 22,
304 3425 335 3449 42
354 3423 418 3441 μιν.
447 3412 606 3446 Claudiique
619 3410 740 3449 Consulis
753 3416 841 3443 primo
854 3408 952 3433 Punico
970 3405 1042 3432 bello
1056 3412 1202 3445 memorata
1216 3416 1293 3434 naua-
1396 3415 1434 3434 1N
1448 3415 1464 3434 D
1474 3415 1490 3435 Ε
1502 3410 1613 3435 Bi'Tvs
1623 3427 1631 3439 ,
1651 3416 1674 3439 a,
1694 3416 1749 3433 um.
1784 3407 1843 3434 Adi.
1880 3406 2051 3441 [οἰνόφλητος]
2086 3408 2144 3434 sen.
2159 3409 2237 3434 Herc.
2252 3410 2313 3435 Oet.
2333 3407 2352 3436 s.
2367 3417 2398 3442 14
2441 3424 2445 3433 ·

254 3451 287 3475 lis
303 3451 384 3476 clades
397 3450 565 3484 Religionem
580 3446 670 3473 animo
685 3444 794 3471 incussit.
849 3443 1016 3483 'Terrorem
1030 3441 1148 3481 Patribus
1161 3443 1220 3468 Liu.
1234 3452 1256 3475 3,
1266 3452 1293 3476 4.
1359 3444 1495 3470 indebitos
1509 3449 1570 3469 nato
1584 3441 1690 3476 quidem
1706 3443 1839 3477 compesce
1854 3441 1928 3467 fletus
1942 3449 2024 3470 mater
2039 3443 2145 3469 Alcidae
2159 3443 2260 3476 inclyti.
2353 3444 2398 3470 Pe·
2432 3460 2437 3467 ·

256 3485 311 3512 Cic.
325 3486 356 3512 de
370 3487 445 3512 Orat.
457 3494 480 3515 z,
493 3492 544 3516 209
565 3492 587 3509 c.
603 3490 626 3514 ςι
653 3482 720 3508 Item
731 3480 833 3518 Timor
848 3478 990 3507 incutitur,
1011 3483 1055 3504 aut
1074 3486 1110 3517 ex⁴
1122 3479 1237 3512 ipsorum
1252 3488 1294 3512 pe-
1358 3480 1464 3506 cuniam
1479 3478 1624 3505 indebitam
1638 3486 1684 3511 per
1697 3487 1812 3505 errorem
1827 3477 1976 3511 promifisti.
2013 3488 2087 3510 eain,
2108 3479 2156 3512 qui
2169 3488 2219 3514 pro
2233 3485 2259 3505 te
2272 3478 2399 3505 fideiuffe-

257 3521 362 3551 riculis,
378 3527 418 3546 aut
432 3529 462 3546 ex
475 3517 670 3546 communibus.
764 3516 841 3548 Vtrg.
856 3515 921 3540 Aen.
938 3522 958 3545 ι,
972 3515 1005 3545 69
1028 3513 1141 3539 incutite
1157 3514 1216 3540 Vim
1232 3523 1293 3540 ven-
1358 3523 1416 3548 rat,
1437 3515 1517 3541 soluit
1538 3513 1604 3541 Cels.
1625 3513 1652 3538 in
1668 3514 1683 3539 l.
1696 3521 1732 3548 47
1757 3513 1789 3539 D.
1809 3512 1840 3539 de
1853 3514 2021 3541 condictione
2034 3514 2156 3540 indebiti.
2171 3515 2175 3519 '
2224 3514 2305 3541 Ouid.
2318 3514 2399 3548 Epist.

258 3556 306 3587 ¹1⁵2
324 3555 515 3589 submersasque
533 3554 618 3581 obrue
633 3560 740 3587 puppes.
812 3551 908 3576 Patere.
926 3557 938 3574 2
953 3548 1057 3584 subfin.
1084 3549 1165 3575 Recte
1178 3550 1293 3576 faciendi
1309 3556 1340 3582 95
1360 3554 1399 3583 16,
1417 3559 1443 3583 ¹9
1472 3550 1589 3577 Praemia
1603 3557 1696 3582 magna
1716 3548 1839 3582 quidem,
1858 3549 1899 3574 sed
1920 3559 1974 3576 non
1993 3550 2112 3576 indebita
2133 3550 2220 3584 posco.
2298 3549 2399 3577 vii-nil.

258 3590 380 3617 omnibus
395 3597 437 3616 aut
452 3591 545 3616 incussa
557 3589 704 3620 Voluntas,
723 3592 768 3613 aut
784 3585 904 3620 imposita
919 3583 1057 3611 necessitas.
1357 3588 1423 3613 Aen,
1437 3589 1462 3618 5,
1476 3588 1509 3612 66
1544 3599 1589 3605 .-..
1624 3584 1689 3610 Non
1708 3583 1825 3610 indebita
1844 3585 1920 3618 posco
1958 3586 2046 3619 Regna
2059 3586 2124 3611 meis
2138 3585 2213 3617 fatis,
2236 3587 2254 3610 i.
2270 3571 2400 3620 Prom'JJl—t·

295 3632 503 3656 1NCVSSVS,
520 3634 551 3657 a,
570 3635 624 3651 uui.
662 3625 728 3650 Part.
764 3622 927 3656 [ἓζιιβλητῡς]
963 3619 1028 3645 ΡΗΠ-
1051 3628 1094 3651 22,
1115 3628 1145 3654 14
1171 3620 1293 3648 Medetur
1359 3621 1380 3658 Ἴ
1403 3631 1419 3648 2
1456 3619 1577 3655 Sufflant.
1612 3619 1714 3645 Paullus
1734 3619 1761 3644 in
1782 3619 1798 3644 l.
1820 3628 1848 3651 23
1874 3619 1897 3656 ᾗ.
1915 3630 1934 3654 4
1961 3621 1988 3647 Si
2007 3627 2162 3655 procui-ator
2189 3621 2220 3646 D.
2238 3620 2269 3646 de
2284 3620 2399 3646 condidi.
2439 3631 2444 3639 ·

260 3671 318 3688 cum
332 3662 399 3687 mica
413 3661 485 3692 saliS,
505 3661 630 3692 contusis,
649 3658 814 3692 incnssisque,
833 3656 940 3686 inustiS‚
957 3661 982 3681 et
996 3655 1110 3682 strumis.
1146 3655 1213 3682 Tac.
1224 3657 1293 3683 Hist.
1358 3657 1481 3684 indebiti.
1509 3657 1536 3683 Si
1553 3662 1708 3690 procurator
1725 3660 1783 3681 tuus
1803 3655 1952 3683 indebitum
1970 3656 2098 3689 soluerit,
2116 3662 2142 3682 et
2158 3656 2186 3682 id
2205 3662 2234 3683 tu
2252 3662 2339 3682 ratum
2355 3655 2401 3682 ha.

259 3707 287 3730 4,
301 3706 338 3728 γ),
352 3706 360 3723 ι
387 3696 497 3722 Incufl'ae
511 3695 594 3721 trabes
609 3696 767 3729 perfregere.
838 3693 935 3718 Patere.
945 3699 970 3722 2,
985 3693 1040 3722 126,
1053 3699 1065 3716 2
1085 3691 1165 3717 Recte
1179 3692 1294 3719 faciendi
1358 3693 1434 3723 beas,
1455 3699 1499 3718 etc.

259 3733 396 3764 omnibus,
417 3738 459 3757 aut
473 3731 566 3756 incussa
581 3731 715 3762 voluntas,
731 3734 776 3755 aut
789 3727 909 3762 imposita
926 3724 1062 3752 necessitas.
1304 3739 1353 3758 100
1399 3736 1440 3754 1N
1450 3734 1467 3754 D
1478 3725 1541 3754 ΕΒῒ
1551 3732 1573 3752 Τ
1584 3732 1614 3752 E.
1651 3724 1719 3751 Adu.
1756 3726 1856 3753 Paullus
1873 3727 1901 3752 in
1917 3726 1934 3753 l.
1947 3727 2014 3753 Cum
2028 3726 2061 3752 de
2075 3725 2197 3753 indebito
2211 3726 2348 3760 quaeritur
2367 3727 2400 3753 D.
2430 3742 2431 3745 =

277 3802 282 3806 ι
298 3773 335 3806 [N
345 3774 360 3793 c
370 3775 431 3793 vss
441 3773 460 3790 v
470 3773 498 3798 s,
520 3765 558 3791 sis.
579 3761 625 3791 m.'
650 3766 719 3792 Tac.
732 3764 800 3791 Hist.
816 3773 844 3796 4,
855 3772 895 3796 23,
908 3771 927 3796 4
947 3763 1090 3789 Armorum
1104 3761 1202 3789 incuffu
1222 3772 1295 3798 prae·
1362 3764 1393 3792 de
1407 3763 1509 3798 probat.
1531 3761 1589 3788 Nifi
1602 3760 1796 3787 euidentiffiinis
1811 3762 2014 3796 probationibus
2029 3763 2056 3788 in
2071 3762 2172 3796 scriptis
2185 3761 2298 3794 habitis,
2318 3762 2407 3788 ostem
2429 3767 2440 3781 '-

261 3803 371 3835 cipitati.
406 3799 693 3840 Co›1f.Prud.Cath.5.
706 3808 732 3834 7.
939 3834 945 3839 .
1363 3800 1425 3826 dere
1445 3803 1546 3833 paratus
1564 3795 1608 3826 fit,
1635 3796 1685 3822 sese
1706 3796 1768 3822 haec
1784 3798 1902 3824 indebite
1920 3797 2070 3832 promififfe.
2107 3797 2174 3823 Add.
2195 3797 2212 3822 l.
2232 3804 2263 3829 25
2287 3795 2342 3834 §.4
2368 3797 2402 3824 de
2423 3791 2438 3810 ²*

300 3844 306 3862 1
321 3844 336 3858 x
349 3844 365 3861 c
376 3844 453 3863 vsffl
467 3843 485 3862 o
496 3856 505 3868 ,
523 3839 592 3862 onis.
629 3837 649 3861 f.
686 3835 762 3861 Idcm.
798 3835 852 3861 ICt.
872 3837 898 3859 in
913 3834 972 3868 Dig.
1361 3834 1465 3870 probat.
1479 3841 1505 3859 et
1519 3832 1656 3866 praesumt.
1711 3832 1819 3859 Caffiod.
1835 3833 1912 3868 Epist.
1929 3842 1947 3864 1,
1963 3842 1990 3866 ¹9
2010 3832 2130 3859 Inde-bite
2143 3832 2272 3859 detinere.
2329 3833 2404 3859 Idem
2424 3830 2439 3844 ’-

302 3879 338 3897 ιΝ
349 3880 364 3899 ‹:
374 3879 392 3896 v
403 3880 415 3897 s
425 3879 492 3910 soi<
502 3891 508 3902 ‚
528 3872 590 3897 oris.
625 3880 660 3897 ni.
697 3870 805 3896 Paullin.
818 3870 952 3896 Petrocor.
973 3868 1004 3895 de
1016 3868 1079 3896 Vita
1092 3869 1200 3897 Martin.
1214 3876 1238 3903 ς,
1251 3874 1297 3903 283
1363 3869 1441 3904 Epist.
1456 3877 1488 3894 22
1509 3874 1572 3893 extr.
1600 3867 1627 3892 Si
1643 3867 1719 3893 nobis
1735 3868 1853 3896 indebite
1866 3869 1982 3897 victoria
1995 3868 2159 3903 suffragetur.
2195 3867 2303 3903 August.
2319 3868 2402 3895 Sei-m.

265 3905 375 3933 lucufl'or
393 3907 470 3932 laceri
485 3906 616 3940 quatiebat
635 3905 754 3941 corporis
772 3910 852 3931 artus.
889 3905 947 3932 Vid.
964 3905 1057 3939 Barth.
1306 3912 1348 3940 ως
1365 3913 1410 3932 122
1436 3905 1491 3931 Cur
1510 3902 1628 3929 indebite
1646 3903 1775 3931 occidisti.

2283 3943 2403 3966 mnem-
