2479 4225
48 224 158 287 '1181
480 219 498 261 1
584 220 630 262 N
713 219 758 260 T
1551 216 1569 259 1
1658 215 1704 256 N
1790 217 1833 259 T
2134 223 2216 265 1182

118 314 129 335 1
137 313 189 334 N'T
197 313 214 334 E
222 312 265 335 RD
274 315 284 336 1
292 315 309 337 c
317 315 340 336 ‘r
349 313 369 336 o
379 315 397 335 R
406 317 417 337 ι
424 315 447 336 ν
455 315 485 343 επ,
499 318 514 336 a
522 328 530 341 ,
549 318 602 338 um.
627 308 688 336 Adi.
724 309 891 343 Praeceptum
905 305 1120 334 interdietorium
1215 314 1225 333 1
1233 314 1255 334 N
1263 314 1284 334 ‘r
1293 313 1310 334 E
1318 313 1337 334 R
1345 313 1362 334 Ε
1369 312 1387 334 R
1395 312 1414 333 R
1424 312 1443 334 o
1450 325 1458 338 ,
1477 308 1529 334 are.
1584 305 1706 334 Prudent.
1719 306 1838 333 Cathem.
1849 308 1864 332 6
1872 326 1880 339 ‚
1899 316 1932 341 43
1965 308 2030 335 Non
2043 306 2162 343 splendor
2176 308 2216 334 in·

83 341 195 370 Saluian.
210 349 300 371 contra
313 346 412 378 Auar.3
426 355 452 380 p.
467 354 518 377 130.
1178 347 1297 369 tei-errat.

102 388 107 389 ⁷
121 386 160 405 1N
168 385 189 406 Τ
197 384 213 404 E
223 385 241 404 R
250 385 269 404 D
279 388 288 406 1
298 386 368 408 (31¹1-
377 389 400 408 A
409 388 425 407 L
435 388 444 407 1
454 388 474 407 A
482 401 491 414 ,
513 389 566 407 um.
606 388 633 406 n.
689 379 727 406 ΡΙ.
785 378 871 406 Morbi
883 377 987 413 species.
1052 378 1118 404 l’lin.
1219 386 1224 402 ι
1236 386 1254 403 N
1269 385 1288 403 ·r
1300 385 1314 403 ι-;
1325 385 1343 403 R
1353 384 1369 408 r
1380 375 1400 403 Αἱ
1409 384 1425 403 c
1435 385 1442 403 1
1453 384 1470 402 o
1480 397 1487 409 ‚
1508 377 1547 403 eci
1556 397 1564 409 ,
1583 376 1670 404 aum„
1679 399 1687 412 ‚
1712 378 1764 404 ere.
1801 377 2002 413 [μετκξυποιέω]
2058 378 2117 404 Liu.
2132 384 2163 410 25
2171 397 2178 410 ‚
2192 385 2217 404 11

85 413 208 444 Valer,2‚
221 422 260 446 52.
1181 413 1299 447 Reliquit
1314 420 1399 439 tamen
1414 413 1546 438 modicum
1559 412 1714 447 prat-fidium
1724 433 1731 445 ,
1751 417 1779 439 vt
1793 412 1866 438 simul
1881 412 2069 440 intersaciendo
2085 422 2162 440 muro
2175 413 2218 438 ad-

119 456 272 476 INTERD
283 457 291 475 1
303 456 325 477 G
339 457 349 477 1
360 457 398 477 ΤΙ
409 458 449 484 Α,
469 451 534 477 ium.
566 459 592 477 n.
627 451 666 476 ΡΙ.
704 449 778 477 Idem.
815 449 896 476 Marc.
912 447 1007 481 Empir.
1022 456 1082 480 c.33.
1145 456 1159 482 5
1182 449 1294 474 iuuaret.
1331 451 1348 474 i.
1371 448 1516 482 Daumius!
1530 458 1619 474 murus.
1675 448 1721 475 Sed
1745 451 1830 474 υανίαι
1849 447 1998 474 vehementer
2015 447 2096 475 leem.
2150 449 2217 474 Dra.

121 490 131 509 1
140 491 162 510 N
171 491 192 511 Τ
201 491 217 511 E
226 492 270 511 RD
279 493 288 512 1
297 493 326 512 V.
364 486 433 513 Adu.
446 489 571 522 temporis.
608 484 680 519 [μεθ’
691 483 798 520 ἡμέραν]
833 487 852 509 i.
873 485 930 514 Dic,
950 485 988 508 vcl
997 484 1120 515 Perdunt,
1182 484 1250 510 keah.
1278 485 1311 509 Vt
1324 483 1398 509 simul
1415 483 1441 508 in
1456 483 1577 509 faciendo
1594 492 1671 509 muro
1685 483 1829 510 adiuuaret.

83 525 126 546 aut
139 520 205 546 Dum
218 520 271 547 dics
282 520 339 555 est:>
363 525 405 552 cui
418 525 549 558 opponitur
563 521 666 548 Noetu.
720 521 787 547 Ter.
802 518 911 552 Adelph.
927 528 954 551 4,
969 527 987 550 1,
1003 527 1026 549 1,-
1053 520 1119 545 Cato
1219 525 1310 545 1N’r1:
1321 526 1337 544 R
1351 525 1366 545 F
1378 526 1398 544 A
1409 526 1425 544 R
1438 525 1443 542 1
1454 526 1466 544 s
1477 537 1483 548 ,
1503 523 1574 550 titur,
1596 519 1641 548 Tiri.
1680 516 1849 552 [διακίνει-εις]
1897 518 2041 554 Loqucntcm
2055 518 2217 554 interpellare.

84 553 117 580 de
130 555 161 581 R.
177 556 207 582 R.
222 565 298 590 c.124
330 557 412 584 Canes
425 557 541 584 interdiu
558 557 655 583 clausos
670 556 717 582 ess'e
730 559 852 589 oportet,
871 560 899 580 vt
914 554 992 579 notin
1005 555 1120 581 acriores
1182 554 1242 580 Liu.
1256 563 1279 585 3,
1293 562 1328 588 47
1354 554 1428 580 Prius
1442 562 1519 588 quam
1535 560 1577 579 aut
1592 554 1637 579 ille
1651 554 1806 588 postulatum
1819 559 1968 588 perageret,
1987 558 2031 579 aut
2044 554 2164 587 Virginio
2178 562 2218 579 re-

83 593 110 616 et
123 590 306 624 vigilantiores
320 592 377 618 siut.
449 593 515 619 Plin.
532 598 572 625 18,
586 595 601 618 6
632 592 732 618 Malum
747 589 975 624 patremfamilias,
1002 590 1120 624 quisquis
1183 590 1324 623 spondendi
1336 589 1442 616 daretur
1460 589 1545 619 locus,
1570 589 1666 622 Appius
1687 589 1836 616 interfatur.
1926 587 1994 616 Ibid.
2009 595 2044 622 7,
2060 590 2089 619 36
2120 588 2219 614 Consul

84 624 202 653 interdiu
215 627 328 660 faceret,
349 628 421 663 quod
434 628 514 654 noctu
537 628 632 662 poti'et,
656 626 703 652 niti
723 624 901 660 intempestate
920 625 990 651 caeli.
1045 626 1118 662 Cous.
1137 635 1164 653 10
1182 625 1280 651 classico
1294 624 1323 650 ad
1339 625 1494 650 concionem
1509 630 1651 654 conuocat,
1670 625 1795 659 orsusque
1811 623 1915 651 meritas
1929 623 2006 650 Decii
2019 623 2122 655 laudes,
2143 623 2220 649 inter.

84 661 117 687 Α.
130 661 161 688 ad
174 663 292 689 Herenn.
307 671 323 689 2
339 672 361 688 c.
378 671 405 696 4.
522 663 669 694 Interdius,
695 664 767 688 etium
787 662 897 695 antiquis
915 659 1007 685 difflatu
1027 660 1058 693 est
1073 668 1121 696 pro
1183 661 1253 687 fante
1270 660 1325 694 ipso
1339 659 1438 692 Decio,
1468 658 1568 685 distulit
1583 660 1747 685 concionem.
1843 659 1916 692 Virg.
1940 660 2004 685 Aen.
2031 667 2057 691 1,
2078 666 2127 690 390
2164 658 2221 684 Nee

84 695 170 724 eodem.
226 696 307 723 Plaut.
320 697 423 724 Mostel.
438 706 465 729 2,
478 707 511 731 2,
523 707 553 731 14
587 697 634 724 Sed
648 697 711 732 quid
726 696 793 723 hoc?
828 695 929 722 occlusa
942 695 1018 722 ianua
1032 696 1068 722 est
1082 696 1121 722 in·
1182 696 1256 729 plura
1271 700 1423 729 querentem
1459 695 1524 720 Pass'a
1538 695 1641 726 Venus,
1661 695 1750 721 medio
1762 694 1794 720 sse
1809 694 1932 721 interfata
1944 694 2037 721 dolore
2051 693 2095 720 est.
2147 692 2221 728 Conf,

85 731 193 757 terdius.
228 731 386 758 IdenrAssn.
398 742 422 765 3,
435 742 457 765 3,
468 742 493 766 9.
529 741 553 759 et
568 733 628 759 Aul.
641 741 661 765 1,
676 741 697 765 1,
711 741 745 764 33.
1183 732 1240 758 Val.
1254 732 1323 757 Max.
1340 740 1366 763 9,
1381 738 1402 763 ς,
1416 739 1437 756 2.
1493 729 1614 756 Prudent.
1630 729 1688 755 adu.
1705 731 1800 761 Symm.
1814 739 1840 761 2,
1854 738 1889 761 33.
2119 753 2130 767 ,

121 773 131 792 ι
141 772 213 792 NTE
224 773 317 794 RD1A
327 774 345 794 R
356 775 365 793 1
376 774 396 793 v
406 776 436 800 s,
464 768 516 794 vid.
524 768 636 804 stapras.
650 769 667 794 1.
777 788 780 792 .
1218 773 1225 792 1
1238 773 1289 792 NT
1299 774 1315 792 E
1326 772 1341 791 R
1355 772 1399 791 ΡΑ
1409 772 1430 791 'r
1444 771 1498 795 10,
1519 765 1586 791 onia.
1607 765 1626 791 f.
1663 764 1847 799 [οἵης-ὁμοιως]
1900 764 2029 797 Quinem.
2043 772 2071 798 4,
2084 773 2111 797 2,
2123 771 2156 798 50
2181 765 2224 791 In-

120 809 130 828 1
139 807 160 827 N
169 808 191 828 Τ
200 808 215 827 E
224 808 269 828 RD
279 809 315 834 O,
334 807 387 830 are.
422 802 572 836 Atstirmzre:
589 811 639 838 pro
652 812 699 839 quo
714 804 813 837 antiquo
827 807 837 826 ῐ
846 807 868 825 Ν
878 808 899 826 Τ
908 807 949 826 ER
959 807 977 826 D
987 809 1008 827 v
1018 808 1037 828 o
1052 801 1123 828 habet
1138 805 1163 831 15
1183 801 1262 828 terim
1279 800 1400 835 expediet
1426 800 1587 826 narrationes
1607 800 1726 827 breuiter
1747 800 1918 827 interfatione
1944 799 2112 834 distinguere.
2183 802 2223 828 Da

84 835 167 863 Plaut.
179 837 252 871 Capt.
265 846 286 869 3,
301 846 323 873 5,
339 841 368 871 36
393 839 464 865 Dum
477 846 565 871 pereas
579 838 648 863 nihil
661 836 792 863 interduo.
828 835 899 862 Idem
913 836 977 862 Rud.
992 846 1019 870 2,
1033 844 1066 871 7,
1080 845 1121 863 22.
1181 837 1280 864 tribuno
1288 838 1325 872 pl.
1341 833 1418 868 exstat
1431 843 1470 870 up.
1485 836 1540 862 Cic.
1555 844 1603 870 pro
1618 836 1685 862 Sext.
1701 845 1722 861 c.
1737 844 1777 870 37.

85 872 141 905 Q¹i
154 871 184 898 fis
198 873 244 906 qui
260 882 313 899 non
326 873 372 906 fis,
392 874 502 900 floccum
515 882 569 899 non
583 872 728 900 interduim
756 871 837 898 Trin.
852 880 881 905 4,
894 880 915 903 2,
931 880 979 903 132.
1219 879 1229 898 1
1241 878 1260 896 N
1270 879 1291 898 T
1301 878 1317 898 Ε
1328 878 1345 896 R
1359 877 1374 896 F
1388 877 1451 897 121111
1466 877 1485 895 Ν
1499 878 1513 897 ι]
1526 877 1546 895 ν
1557 878 1581 897 Μ
1594 890 1602 902 ,
1640 872 1691 897 viil.
1722 878 1728 896 ι
1742 878 1761 897 Ν
1771 877 1844 898 'PER
1856 875 1873 896 F
1886 875 1905 896 Ο
1915 876 1964 897 EM
1974 877 1982 897 1
1992 877 2013 896 N
2023 877 2039 896 E
2049 876 2070 895 V
2080 876 2114 896 Μ.

121 914 129 932 ι
143 913 162 932 Ν
175 907 361 941 Τιῑιιι)ᾹΤ)γ
372 916 401 941 s,
420 917 451 940 a,
470 917 523 934 um.
559 909 653 935 Par-tic.
690 908 793 934 Lucret.
805 915 839 939 4,
855 908 903 936 866
932 907 1070 941 Propterea
1083 916 1122 934 ca·
1220 915 1228 932 1
1240 914 1259 933 N
1271 914 1292 933 ‘r
1303 913 1318 932 E
1330 913 1349 932 R
1360 904 1396 932 ri
1407 912 1422 931 e
1433 914 1440 932 1
1451 913 1486 938 o,
1508 906 1564 938 eci,
1585 905 1687 938 cetum,
1708 908 1762 932 ere.
1798 903 1983 939 [δικχριέομκι,
2001 905 2104 939 φονεύ...]
2148 905 2223 932 Prae·

83 941 158 977 pitur
170 943 259 974 cibus,
280 949 308 970 vt
329 943 457 970 suffulciat
475 950 560 970 artus:
594 944 625 970 Et
642 948 742 970 recreet
760 941 831 969 vires
844 941 1002 973 inter-datus,
1021 950 1066 969 etc.
1102 946 1122 969 ι’.
1177 942 1267 978 politio
1280 943 1352 968 Inter
1364 942 1434 967 habet
1447 951 1497 967 υιηι
1516 942 1661 977 aufert-ndi,
1685 941 1801 974 tollendi,
1826 948 1856 967 vt
1874 944 1901 966 in
1922 941 2064 971 interimo,
2090 939 2224 968 Interdico

78 977 199 1013 subtmic,
214 986 262 1014 prr
279 979 425 1011 interualla,
444 979 525 1005 datus.
1133 985 1168 1003 20
1182 978 1261 1014 (qai.
1277 977 1377 1003 dicendo
1390 976 1507 1012 aufero).
1564 977 1635 1002 Plane
1648 979 1742 1002 locutus
1754 975 1786 1009 est
1800 976 1880 1002 Plaut.
1895 975 1980 1002 Truc.
1995 984 2026 1008 2,
2041 979 2065 1006 6,
2080 984 2110 1010 37
2139 975 2224 1008 Salue,

125 1021 133 1039 1
147 1019 168 1038 N
179 1020 200 1040 'r
210 1021 225 1040 E
236 1021 253 1039 R
263 1020 281 1040 D
291 1021 342 1040 VA
354 1020 375 1040 ‘r
388 1022 396 1039 1
407 1022 447 1046 M,
466 1022 490 1041 et
509 1022 518 1040 1
528 1020 604 1041 N'rE
613 1020 692 1041 RAT
702 1019 711 1038 1
720 1019 762 1046 M,
780 1010 900 1039 dicebant
913 1013 1031 1048 antiqui,
1051 1013 1123 1048 quod
1184 1014 1231 1048 qui
1244 1022 1285 1038 me
1300 1012 1454 1038 interfecisti
1467 1021 1549 1046 paene
1563 1011 1618 1037 vita
1631 1018 1656 1037 ct
1670 1011 1785 1043 lumine,
1801 1018 1923 1046 puerpera
1931 1012 1964 1037 acl
1976 1021 2025 1038 eum
2034 1031 2040 1042 ,
2060 1020 2088 1037 ex
2100 1020 2145 1046 quo
2154 1018 2225 1047 pepe.

86 1056 155 1075 nunc
170 1049 302 1076 Interdum
320 1056 345 1075 et
358 1051 478 1076 Interim.
514 1050 612 1076 Festus.
1183 1052 1235 1079 rit,
1260 1051 1278 1074 i.
1295 1046 1413 1083 priuastt.
1485 1046 1554 1072 Gell.
1571 1055 1604 1076 12,
1618 1054 1635 1080 7
1666 1046 1762 1072 Eadem
1777 1047 1874 1072 mulier
1887 1047 1976 1072 virum
1992 1053 2017 1072 et
2031 1046 2117 1072 tilium
2131 1047 2225 1073 eodem

123 1090 161 1109 1N
171 1091 243 1110 TER
253 1091 272 1111 D
283 1087 374 1117 VCA,
392 1094 431 1112 ae.
473 1085 494 1112 f.
548 1087 603 1112 Dea
626 1086 704 1117 Iuno,
731 1091 791 1119 quae
814 1089 838 1110 et
861 1083 996 1111 Domiduca
1020 1084 1124 1111 dicitur.
1183 1090 1302 1118 tempore
1326 1083 1433 1109 venenis
1456 1083 1523 1108 clam
1546 1082 1627 1111 datis,
1655 1082 1709 1107 vita
1730 1081 1905 1108 interfecerat.
1943 1085 1961 1107 i.
1994 1083 2053 1109 Vita
2069 1089 2226 1116 priuauerat.

84 1118 164 1145 Mart.
179 1119 276 1153 Capell.
290 1129 307 1146 2.
329 1129 353 1154 p.
362 1129 395 1152 37.
1181 1119 1228 1147 Sed
1240 1126 1267 1144 ut
1281 1122 1308 1144 in
1323 1118 1578 1152 DefungiAt'alatiuus
1590 1117 1644 1143 vita
1652 1118 1794 1152 plerumque
1808 1119 1950 1145 omittirum·
1984 1119 2021 1142 ira
2034 1116 2180 1143 interficere
2191 1115 2226 1150 es}

121 1160 130 1179 ι
144 1160 165 1179 Ν
176 1161 197 1180 Τ
209 1162 225 1180 Ε
236 1161 281 1182 RD
291 1162 310 1180 V
320 1163 336 1182 C
347 1161 397 1181 TV
407 1162 436 1188 s,
455 1154 493 1182 sis.
529 1164 565 1183 m.
619 1151 759 1188 [ὃιαςολῆ]
815 1154 865 1180 Pro
879 1154 930 1180 illis
941 1152 1124 1190 intctpunffis,
1134 1156 1165 1182 25
1182 1154 1303 1185 occidere,
1323 1161 1399 1180 morte
1412 1152 1514 1187 afficere.
1596 1154 1667 1178 Caes.
1681 1152 1707 1178 B.
1722 1153 1753 1178 G.
1768 1162 1796 1184 7,
1815 1160 1826 1183 3
1859 1152 1981 1186 Equitem
2000 1151 2157 1184 Romanunm,
2178 1152 2226 1187 qui

83 1185 286 1220 distinfflonibm
299 1197 321 1216 et
336 1190 434 1224 inctjlis,
462 1200 521 1226 quae
541 1194 608 1216 inter
624 1189 765 1224 sententias
789 1198 804 1215 a
828 1190 941 1216 Iibrariis
961 1190 1018 1215 duci
1031 1191 1123 1225 solent.
1181 1189 1422 1218 rei-frumentariae
1438 1189 1503 1214 iuss'u
1517 1188 1632 1214 Caesaris
1646 1194 1778 1222 praeerat,
1797 1187 1968 1213 interficiunt.
2026 1188 2102 1212 Feras
2121 1188 2226 1214 Lucret.

84 1223 140 1249 Cic.
152 1223 179 1249 in
192 1226 267 1251 Orat.
282 1232 329 1256 228
344 1235 365 1252 c.
375 1229 405 1256 68
432 1227 474 1253 Ne
487 1225 591 1252 infinite
604 1224 704 1251 feratur
724 1231 752 1250 vt
766 1224 864 1250 flumen
877 1225 978 1258 oratio,
996 1234 1124 1260 quat-uon
1184 1233 1207 1258 5,
1221 1230 1291 1257 1248.
1364 1223 1556 1255 Plaut.Most.1,
1572 1232 1593 1255 3,
1611 1231 1636 1256 35
1657 1222 1725 1250 Proh
1738 1223 1870 1257 Iuppiter:
1905 1230 1964 1248 nam
1979 1222 2050 1257 quod
2063 1222 2227 1250 malumvet-

81 1265 127 1284 aut
140 1259 234 1293 spiritu
248 1261 460 1294 pronuntiantis,
483 1266 529 1288 aut
542 1259 693 1288 interductu
705 1259 828 1293 librarii,
848 1260 891 1286 sed
909 1270 1021 1287 numero
1035 1261 1124 1287 coacta
1184 1262 1254 1287 satur
1265 1268 1338 1286 meae
1353 1259 1440 1290 domi3
1477 1265 1505 1284 vt
1513 1259 1562 1290 dii,
1584 1259 1699 1293 deaeque
1713 1267 1803 1284 omncs
1818 1267 1860 1284 me
1873 1257 1994 1292 pessumis
2007 1257 2133 1292 exemplis
2146 1258 2228 1284 inter-

82 1293 160 1321 debet
177 1295 301 1323 insistere.
1184 1297 1282 1322 ficiant.
1351 1296 1398 1321 Per
1413 1293 1516 1320 insidias
1526 1294 1674 1320 interficere
1691 1294 1746 1320 Cic.
1760 1302 1808 1328 pro
1823 1294 1911 1319 Domo
1926 1301 1993 1325 c.23.
2065 1293 2120 1326 Qi
2134 1292 2229 1327 ealege

121 1337 130 1355 1
141 1337 162 1356 N
172 1336 192 1356 T
202 1338 344 1358 ERDVM.
393 1331 460 1359 Adu.
508 1330 577 1364 [ἕο-θ’
589 1328 648 1363 ἴτε,
667 1331 757 1365 ἐνίοτε]
810 1332 1000 1367 Nonnunquam.
1055 1331 1124 1357 Ter.
1135 1335 1168 1360 30
1183 1331 1268 1362 viuit,
1287 1336 1316 1357 vt
1330 1339 1388 1356 cum
1402 1331 1500 1356 summa
1514 1329 1690 1355 iuterfeeioris
1704 1329 1789 1363 gloria
1803 1328 1916 1356 interfici
1929 1328 2002 1363 possit
2031 1328 2069 1354 Id.
2091 1328 2176 1363 Philip
2197 1349 2202 1355 .
2218 1337 2230 1355 t

82 1364 149 1391 Eun.
160 1374 192 1397 2,
206 1376 233 1400 3,
251 1375 287 1402 74
319 1366 418 1393 Cibum
430 1375 619 1401 nonnunquam
633 1367 719 1400 capiet
730 1375 789 1393 cum
804 1375 848 1398 ea,
871 1366 1004 1393 interdum
1018 1373 1126 1401 propter
1183 1377 1205 1393 e.
1221 1376 1259 1400 14.
1331 1365 1488 1392 lutei-fecitis
1503 1365 1529 1391 in
1547 1365 1602 1390 acie
1636 1365 1672 1391 ld.
1689 1364 1719 1390 de
1731 1365 1790 1391 Fin.
1806 1373 1835 1397 2,
1873 1384 1879 1391 .
1918 1385 1924 1391 .
1998 1363 2055 1390 Cic.
2069 1372 2116 1398 pro
2130 1364 2158 1390 1..
2203 1373 2229 1390 a-

83 1399 209 1428 dormiet.
281 1403 354 1436 Virg.
370 1403 466 1437 Georg.
481 1411 501 1435 1,
516 1411 562 1435 399
591 1402 726 1429 Interdum
738 1402 908 1429 authederae
921 1403 1035 1437 pandunt
1049 1402 1124 1428 vestiss
1184 1403 1232 1428 nil.
1248 1410 1270 1427 11
1297 1402 1350 1428 Vos
1368 1401 1482 1435 legatum
1497 1402 1556 1434 Pop.
1570 1401 1683 1426 Romani
1698 1401 1773 1426 omni
1787 1399 1915 1434 supplicio
1927 1399 2099 1428 interfectum
2113 1399 2230 1428 inultum

82 1435 127 1469 gia
141 1437 240 1471 nigrae.
313 1437 450 1465 Interdum
463 1437 540 1473 dyoeia
553 1437 610 1472 plus
625 1438 695 1464 valet
707 1443 763 1464 arte
778 1438 877 1464 malum
908 1436 988 1464 Ouid.
1004 1446 1036 1463 ex
1050 1438 1123 1463 Pont.
1184 1437 1340 1471 relinquetis
1353 1438 1361 1463 Ξ
1432 1435 1583 1462 Interficere
1598 1436 1699 1461 mess‘es:
1736 1436 1754 1462 i.
1768 1444 1790 1461 e.
1818 1435 1929 1462 Perdere
1944 1441 1969 1462 et
1982 1443 2111 1462 cremare:
2155 1435 2230 1470 Virg-

84 1479 104 1502 1,
119 1479 146 1504 3,
161 1477 195 1501 ι8.
265 1472 419 1501 Geminatio
433 1473 579 1500 verborum
599 1472 678 1499 habet
690 1472 825 1500 interdum
838 1474 909 1504 vim,
930 1474 1049 1507 leporem
1061 1472 1125 1498 alias
1186 1474 1283 1506 Georg.
1296 1482 1329 1505 4,
1349 1481 1394 1504 330
1426 1472 1475 1498 Fer
1495 1471 1600 1497 stabulis
1619 1471 1759 1496 inimicum
1780 1471 1884 1505 ignem,
1907 1476 1985 1505 atque
2001 1469 2119 1497 interfice
2132 1471 2230 1497 messes.

82 1507 138 1533 Cic.
152 1507 184 1532 (le
196 1507 270 1533 Orat.
284 1517 296 1540 3
312 1518 333 1534 c.
343 1516 384 1542 34.
456 1509 493 1534 M.
507 1508 565 1534 Piso
579 1507 673 1535 habuit
692 1517 708 1534 a
720 1514 812 1535 natura
825 1518 905 1543 genus
919 1509 1063 1539 acuminis,
1082 1507 1125 1534 sed
1141 1515 1170 1541 35
1188 1509 1229 1536 Sic
1244 1508 1350 1534 Nonius
1366 1509 1392 1539 6,
1407 1515 1431 1539 9.
1502 1509 1536 1533 At
1551 1506 1671 1532 Seruius:
1708 1506 1854 1533 Secundum
1868 1505 2056 1541 Pythagoram,
2074 1508 2167 1540 inquit,
2182 1507 2231 1540 qui

79 1542 155 1576 saepe
168 1542 375 1576 stomadrosum,
393 1552 582 1578 nonnunquam
601 1544 746 1578 frigidum,
767 1543 902 1571 interdurn
919 1545 998 1571 etiam
1012 1544 1126 1570 facetum
1185 1543 1283 1570 habere
1297 1543 1412 1569 animam
1429 1542 1494 1568 dicit
1507 1542 1598 1568 omnia
1615 1542 1765 1568 crescentia.
1844 1542 1912 1569 Vnde
1933 1549 1956 1568 et
1973 1541 2026 1569 Ecl.
2046 1548 2079 1576 7,
2099 1549 2127 1573 57
2166 1542 2231 1569 Aret

80 1577 120 1604 Id.
133 1577 165 1603 de
179 1577 219 1604 Cl.
231 1578 305 1605 Orat.
318 1588 339 1604 e.
347 1581 391 1614 67.
427 1579 496 1606 Add.
511 1580 581 1605 Suet.
595 1580 668 1606 Caes.
681 1589 703 1606 e.
712 1585 748 1609 81.
820 1581 914 1606 lterum
927 1582 1033 1606 ettertio
1045 1588 1127 1606 rccur-
1186 1588 1248 1613 ager
1261 1579 1331 1604 vitio
1343 1578 1461 1604 moriens
1472 1598 1480 1610 ,
1502 1585 1547 1603 etc.

81 1615 119 1639 rit
134 1613 201 1648 apud
214 1613 281 1639 Cels.
297 1622 315 1646 1,
329 1622 349 1640 1.
384 1620 408 1640 et
420 1623 448 1648 4,
462 1623 484 1641 2.
520 1621 544 1641 et
556 1616 582 1647 6,
594 1616 619 1641 6.
674 1614 743 1641 Add.
758 1614 814 1641 Cic.
828 1615 856 1641 in
863 1616 1021 1648 Orat.‹e.59.
1057 1621 1081 1640 et
1093 1614 1126 1640 ad
1223 1620 1264 1640 1N
1275 1621 1296 1640 T
1307 1620 1323 1639 ιε
1335 1620 1353 1639 R
1364 1619 1420 1639 ric
1431 1620 1438 1638 1
1449 1620 1466 1639 E
1478 1619 1499 1638 N
1510 1620 1522 1638 s
1532 1633 1540 1645 ,
1560 1612 1637 1639 entis.
1694 1612 1787 1639 Partic.
1840 1611 2003 1639 Interficiens
2016 1612 2169 1639 Sermonem
2183 1614 2233 1639 fln-

82 1648 137 1674 Att.
152 1657 196 1680 12,
211 1656 244 1681 15.
329 1650 472 1685 Aliquando
479 1656 528 1685 pro
543 1651 647 1677 Interea
658 1657 702 1676 aut
714 1651 824 1677 Interim
834 1653 958 1685 ponitur;
993 1656 1022 1676 vt
1040 1656 1128 1676 contra
1186 1649 1259 1684 gultu
1275 1650 1384 1681 crebro,
1405 1656 1431 1674 et
1442 1648 1523 1675 verba
1536 1648 1675 1675 deuorans.
1710 1651 1729 1675 i.
1748 1648 1924 1682 interpellans,
1940 1650 2057 1683 proprie,
2083 1654 2113 1674 vt
2131 1647 2233 1676 videtur

79 1683 192 1718 Interim
201 1690 250 1718 pro
265 1684 416 1712 Interdum:
452 1685 505 1711 vid.
518 1688 615 1712 omnino
627 1685 753 1712 Drakenb.
769 1685 803 1712 ad
816 1686 860 1712 Sil.
874 1687 903 1716 6,
920 1695 960 1717 30.
1133 1693 1171 1719 40
1188 1684 1265 1719 Apul.
1279 1685 1343 1710 Met.
1359 1693 1380 1710 11
1397 1693 1419 1718 p.
1432 1686 1489 1716 269,
1504 1691 1528 1715 3¹
1548 1685 1608 1710 Elm.
1902 1700 1904 1702 ν

120 1725 160 1745 ιΝ
172 1726 193 1746 Τ
202 1726 246 1746 ER
256 1726 272 1746 E
281 1727 313 1746 A.
353 1720 420 1746 Adu.
433 1724 559 1757 temporis.
603 1721 643 1753 [ἓν
656 1722 691 1754 τῷ
703 1720 814 1754 μεταξύ,
835 1722 857 1746 ἓν
868 1721 953 1754 rga-19]
1007 1722 1129 1751 Interim,
1225 1726 1265 1745 ιΝ
1275 1727 1296 1746 T
1306 1726 1322 1745 r
1332 1726 1350 1745 R
1359 1726 1372 1744 r
1384 1726 1400 1744 r.
1410 1725 1426 1744 c
1437 1725 1457 1743 T
1467 1726 1487 1744 v
1496 1726 1508 1744 s
1517 1738 1525 1750 ,
1545 1727 1575 1750 a,
1596 1727 1650 1744 um.
1687 1717 1754 1743 Part.
1808 1717 1883 1743 Curt.
1898 1724 1924 1748 9,
1940 1725 1961 1747 2,
1975 1723 1992 1750 7
2018 1715 2175 1743 Interfeeius
2187 1725 2235 1752 per

80 1755 218 1790 tantisper,
237 1755 282 1781 hoc
294 1759 395 1782 interim
402 1756 498 1792 spatio.
573 1756 703 1783 Particula
722 1756 774 1788 est,
798 1763 828 1782 vt
841 1759 880 1783 ait
899 1757 1005 1783 Seruius
1017 1755 1051 1782 ad
1064 1757 1129 1781 Aen.
1186 1755 1304 1783 infidias.
1345 1754 1402 1779 Vid.
1415 1754 1510 1778 Patere.
1525 1746 1551 1784 i,
1565 1758 1600 1784 58,
1613 1761 1634 1783 3.
1672 1752 1729 1777 Sen.
1742 1751 1855 1785 Epist.7.
1893 1751 1984 1777 Tacit.
1999 1752 2064 1777 Anu.
2077 1760 2096 1782 1,
2109 1761 2134 1784 9,
2147 1760 2173 1785 4.
2210 1758 2237 1779 eo

83 1797 121 1820 10,
136 1799 145 1816 1
176 1799 242 1824 quae
255 1790 361 1825 negotia
375 1792 475 1825 semper
490 1792 638 1826 praeteritis
650 1792 738 1818 futura
752 1791 899 1824 coniungit.
981 1791 1050 1817 Ter.
1063 1791 1129 1815 Hee.
1188 1790 1246 1815 Val.
1261 1790 1331 1814 Max.
1344 1797 1371 1820 3,
1391 1796 1421 1818 2,
1443 1796 1473 1812 11.
1554 1787 1633 1812 Plaut.
1648 1787 1729 1812 Merc.
1749 1795 1775 1818 5,
1795 1794 1822 1818 1,
1844 1795 1863 1819 4
1893 1787 1972 1817 Vsus,
1992 1786 2109 1819 fruetus,
2129 1787 2236 1820 vicina,

79 1832 104 1855 ι,
119 1833 140 1856 2,
155 1830 183 1854 82
211 1825 285 1858 Qud
298 1827 415 1852 interea?
435 1827 525 1852 ibatne
538 1826 570 1852 ad
585 1826 759 1852 Bacchidem?
799 1826 847 1851 Vbi
857 1826 990 1850 Donatus:
1014 1825 1129 1854 Interea,
1188 1824 1273 1848 cultus
1285 1823 1337 1847 iam
1351 1821 1418 1847 mihi
1432 1821 1547 1847 harunce
1561 1821 1666 1847 aedium
1681 1821 1835 1847 interemtus
1855 1821 1906 1852 est,
1931 1822 2085 1848 interfectus
2103 1822 2155 1854 est,
2187 1830 2235 1850 etc.

79 1858 154 1885 Inter
168 1868 213 1885 eos
227 1860 293 1887 dies.
387 1861 463 1894 Virg.
478 1862 543 1886 Aen.
558 1869 602 1892 ιο,
619 1866 659 1892 833
698 1862 801 1885 Interea
821 1859 926 1893 genitor
944 1858 1076 1885 Tiberini
1096 1857 1128 1883 ad
1139 1861 1174 1887 45
1187 1857 1346 1884 Interfee‘kae
1358 1857 1519 1890 virginitatis
1546 1857 1661 1892 (causo)
1688 1862 1778 1882 curant
1796 1865 1893 1882 nouam
1913 1862 2020 1890 nuptam
2051 1857 2127 1891 Apul.
2141 1858 2206 1884 Met.
2221 1865 2235 1891 ς

81 1893 200 1920 fluminis
213 1895 325 1926 vndam,
352 1901 397 1921 etc.
474 1895 522 1921 Vbi
543 1894 662 1920 Seruius:
696 1895 815 1926 Interea,
833 1894 902 1920 Dum
916 1893 978 1919 haec
990 1899 1128 1927 geruntur.
1188 1902 1213 1927 p.
1228 1895 1291 1924 160,
1304 1901 1332 1923 24
1350 1894 1410 1918 Elm.
1494 1892 1532 1917 Id.
1547 1892 1578 1917 de
1591 1890 1680 1918 Dacm.
1696 1891 1766 1917 Socr.
1782 1901 1806 1925 p.
1820 1900 1861 1923 51,
1876 1899 1904 1917 21
1930 1891 2079 1918 Interfeffls
2092 1893 2236 1927 sapientiae

80 1929 113 1956 Et
126 1930 236 1956 omnino
251 1929 283 1956 sse
299 1929 335 1956 est
348 1929 417 1964 apud
432 1931 524 1957 Poetae
541 1931 644 1956 Interea
663 1929 726 1956 ficut
744 1929 781 1955 est
798 1928 867 1962 apud
889 1928 1057 1961 Sallustium,
1079 1929 1129 1954 Eo·
1187 1926 1284 1954 officiis
1290 1946 1299 1959 ,
1317 1930 1335 1953 i.
1348 1927 1390 1953 vbi
1396 1926 1500 1963 frustra
1513 1928 1637 1962 consumta
1644 1927 1773 1962 sapientia
1786 1925 1856 1959 effer,
1880 1936 1928 1953 non
1941 1926 2039 1961 consilio
2047 1927 2095 1964 fid
2102 1929 2236 1965 praeyhgio

81 1964 143 1991 dem
153 1964 281 1998 tet'npore.
353 1966 410 1991 Cic.
423 1966 501 1992 Verr.
514 1973 539 1996 2,
552 1973 588 1997 42
610 1966 712 1992 Interea
725 1964 780 1990 dies
791 1964 914 1994 aduenit,
934 1972 988 1997 quo
1001 1963 1046 1988 die
1059 1963 1127 1994 sese,
1188 1962 1325 1998 indigebat.

81 2006 128 2025 etc.
197 2000 266 2026 Ter.
280 2000 375 2026 Heaut.
390 2009 419 2034 4,
432 2007 464 2034 7,
477 2009 490 2030 5
519 2000 568 2026 Tu
582 1998 624 2025 hic
637 2008 699 2030 nos,
718 2000 781 2025 dum
793 1999 912 2029 eximus,
933 1999 1035 2024 interea
1047 2005 1127 2031 oppe-
1226 2004 1235 2022 1
1247 2004 1268 2023 N
1279 2004 1300 2023 T
1312 2002 1328 2021 E
1341 2002 1360 2021 R
1372 2000 1389 2021 F
1400 2002 1417 2022 Ε
1426 2002 1442 2022 C
1451 2002 1472 2022 T
1482 2001 1501 2021 Ο
1510 2001 1529 2021 R
1542 2015 1561 2028 ,.
1575 1995 1640 2022 oris.
1669 2005 1704 2023 m.
1757 1996 1875 2032 [φονεῦς]
1931 1998 1987 2024 Cic.
2001 1997 2034 2024 ad
2049 1998 2122 2024 Brut.
2135 2000 2163 2024 16
2182 1998 2236 2025 Hie

80 2035 179 2061 tibere.
203 2052 204 2055 =
249 2034 323 2061 Idem
337 2036 402 2061 Eun.
417 2042 446 2068 5,
458 2043 487 2068 2,
500 2037 531 2067 56
561 2034 643 2061 Visne
656 2035 756 2060 interea
769 2034 832 2060 dum
844 2035 868 2059 is
882 2033 972 2065 venit,
993 2033 1068 2059 domi
1083 2041 1127 2066 op-
1140 2036 1173 2064 50
1189 2032 1244 2066 ipse
1253 2040 1327 2067 puer,
1339 2039 1418 2065 quem
1426 2031 1543 2057 Caesaris
1557 2039 1653 2057 nomen
1668 2031 1778 2058 incitare
1792 2032 1900 2058 videtur
1914 2031 1941 2058 in
1951 2033 2067 2059 Caesaris
2082 2033 2237 2060 interfecto-

79 2071 218 2105 periamur
232 2072 319 2104 potius
333 2079 412 2105 quam
427 2076 486 2096 ante
500 2069 614 2096 ostium?
686 2070 805 2102 Interea,
831 2072 850 2095 i.
873 2070 977 2097 Tamen..
1049 2068 1126 2102 Virg.
1188 2077 1239 2094 res.
1312 2068 1342 2093 In
1358 2066 1444 2092 bonam
1453 2073 1553 2100 partem
1568 2070 1641 2092 etiam
1653 2070 1776 2101 aca‘pitur
1793 2075 1833 2101 ap.
1846 2067 1901 2093 Cic.
1915 2077 1963 2102 pro
1978 2068 2036 2094 Mil.
2060 2077 2080 2094 c.
2097 2076 2138 2103 27.
2176 2069 2235 2096 Val.

81 2106 180 2139 Georg.
195 2114 224 2138 2,
240 2111 266 2137 83
301 2106 357 2132 Nec
369 2106 442 2132 nulla
456 2105 556 2132 interea
570 2105 606 2131 est
619 2105 734 2131 inaratae
749 2104 832 2139 gratia
845 2110 941 2130 terrae.
1037 2105 1128 2137 Qium
1189 2103 1259 2129 Max.
1274 2111 1296 2134 3,
1310 2111 1335 2133 2,
1349 2111 1379 2127 ιι.
1453 2102 1483 2127 In
1497 2096 1637 2135 malaurap.
1650 2102 1719 2127 Veli.
1735 2110 1758 2133 2,
1772 2106 1809 2134 58,
1824 2111 1845 2134 3.
1897 2103 1963 2129 Add.
1982 2104 2040 2130 Sen.
2048 2105 2092 2138 Ep.
2102 2112 2127 2138 7.
2165 2104 2235 2132 Tae..

80 2141 195 2167 interea:
231 2144 249 2167 i.
275 2143 355 2176 Qum
374 2147 471 2174 tamen,
499 2140 641 2168 Indlcatiuo
657 2138 777 2166 iune‘tum.
849 2139 904 2166 Cic.
919 2147 968 2173 pro
981 2138 1084 2165 Cluent.
1100 2143 1129 2167 82
1188 2138 1256 2163 Ann.
1272 2146 1297 2167 1,
1311 2145 1343 2168 9,
1363 2144 1390 2168 4.
1483 2135 1641 2175 Interfector
1655 2137 1775 2163 veritatis
1806 2138 1924 2164 Tertull.
1939 2138 1970 2165 de
1984 2140 2070 2165 Carne
2086 2139 2150 2165 Chr.
2171 2148 2193 2165 c.
2207 2149 2236 2174 4.

81 2178 174 2210 Qunn
197 2176 300 2203 interea
324 2176 464 2210 vestigium
495 2176 598 2202 nullum
632 2176 803 2204 Cluentianae
831 2175 958 2208 pecuniae
990 2173 1127 2200 inuenitis.
1226 2179 1235 2196 1
1245 2179 1296 2197 NT
1306 2178 1320 2196 E
1330 2178 1348 2210 R
1360 2176 1378 2196 F
1388 2177 1404 2196 E
1414 2175 1431 2197 C
1443 2177 1508 2197 TR1
1518 2177 1551 2202 x,
1573 2174 1628 2196 icis.
1655 2172 1675 2198 f.
1711 2172 1802 2199 Tacit.
1817 2173 1885 2200 Ann.
1902 2182 1924 2206 3,
1940 2182 1968 2208 17
1987 2174 2017 2200 Id
2030 2183 2094 2208 ergo
2109 2174 2146 2200 fas
2160 2175 2236 2202 auiae

79 2213 185 2239 Intssl'ea
198 2211 264 2238 ¹0⁰1:
300 2212 368 2238 Ter·
381 2213 476 2238 Heaut.
493 2221 516 2245 ²2
529 2220 558 2244 35
573 2213 602 2238 16
633 2212 702 2236 Dum
717 2218 765 2244 ego
778 2215 887 2243 propter
900 2215 926 2234 te
942 2216 1031 2234 errans
1045 2207 1129 2241 patria
1145 2209 1173 2235 55
1188 2205 1397 2232 interfec'irtcem
1411 2206 1513 2240 nepotis
1526 2206 1673 2241 adspicere?
1755 2208 1875 2242 Hyginus
1890 2209 1952 2235 Fab.
1968 2217 2006 2236 122
2035 2209 2112 2235 Idem
2127 2210 2237 2236 nuncius

81 2256 160 2274 careo
171 2247 288 2279 demens,
295 2253 324 2274 tu
337 2248 438 2274 interea
451 2247 503 2273 loci
518 2245 724 2279 collocupletasti
736 2250 761 2270 te
768 2243 915 2277 Antiphila.
971 2242 1045 2278 Conf.
1054 2242 1129 2268 Idem
1190 2242 1259 2268 dixit
1273 2241 1437 2275 Iphigeniam
1449 2241 1539 2267 fratris
1554 2242 1761 2269 interfectricem
1774 2244 1831 2271 ess'e.

80 2284 147 2310 Eun.
164 2291 188 2313 1,
202 2291 236 2314 2,
246 2285 293 2315 46:
379 2281 502 2307 Diomed.
517 2290 529 2306 2
545 2290 570 2314 p.
584 2285 635 2313 428
667 2281 697 2305 In
715 2278 866 2313 compositis
880 2277 1046 2306 dietionibus
1061 2286 1126 2303 vnus
1223 2283 1233 2302 1
1247 2283 1269 2302 N
1283 2283 1304 2303 Τ
1315 2284 1331 2303 E
1341 2284 1359 2303 R
1373 2282 1387 2302 F
1399 2282 1470 2302 ECT
1480 2283 1489 2301 1
1500 2283 1514 2303 Β
1525 2284 1531 2302 1
1543 2284 1557 2303 1.
1568 2283 1577 2302 1
1587 2285 1617 2310 s,
1641 2286 1665 2303 e.
1720 2277 1782 2305 Adi.
1839 2279 1908 2305 Ruta
1919 2278 2121 2307 interfectibilia
2133 2280 2239 2316 vipera-

79 2325 201 2346 aceentus
214 2318 265 2350 est,
282 2326 337 2343 non
349 2316 435 2342 minus
450 2325 531 2350 quam
544 2317 572 2341 in
592 2324 643 2342 vna
662 2320 735 2349 parte
754 2314 899 2345 orationis,
925 2319 954 2338 vt
975 2312 1128 2348 maltfinus,
1188 2321 1248 2339 rum
1273 2312 1351 2347 Apul.
1366 2312 1397 2338 de
1412 2312 1493 2338 Herb.
1509 2321 1529 2338 c.
1541 2317 1580 2344 89.
1617 2312 1678 2347 quae'
1690 2313 1812 2347 interficit
1825 2316 1853 2339 vi
1871 2323 1934 2340 eras.

79 2355 230 2380 interealoci.
301 2353 428 2377 Accentus
460 2351 506 2387 (f.
519 2350 594 2386 inser.
608 2353 655 2381 vt)
682 2350 710 2376 in
729 2349 839 2383 integris
855 2347 1020 2374 difflonibus
1040 2347 1128 2374 obser·
1222 2353 1457 2377 1NTERFECT10,
1482 2347 1548 2372 onis.
1569 2347 1589 2373 f.
1627 2348 1784 2374 Interfeffio
1792 2320 1929 2375 Tressonii
1949 2350 2020 2377 Brut.
2029 2350 2060 2377 ad
2069 2351 2206 2378 Cie.Farn.
2215 2360 2235 2384 3.

78 2396 184 2415 vantur.
220 2396 223 2399 ·
254 2385 378 2414 Priscian.
394 2386 426 2412 de
439 2386 595 2412 Accentibus
616 2394 640 2419 p.
662 2390 720 2417 1238
751 2381 919 2419 Ambiguitas
937 2382 1170 2417 pronuntiandi60
1187 2383 1322 2417 Lamprid.
1339 2381 1481 2419 Commod.
1497 2391 1518 2407 c.
1530 2390 1550 2414 4
1583 2382 1707 2408 Crudelis
1725 2384 1781 2409 vita
1801 2384 1945 2411 Commodi
1965 2386 2129 2419 Qiadratum
2143 2394 2169 2414 et
2185 2388 2236 2414 Lu-

79 2424 154 2458 saepe
167 2423 251 2457 legem
265 2428 418 2449 accentuum
429 2420 582 2455 perturbat,
600 2426 629 2446 vt
643 2419 660 2445 fi
675 2420 734 2454 quis
748 2419 816 2446 dicat
828 2420 972 2446 interealoci
991 2434 1036 2438 -—-
1055 2418 1128 2453 quod
1187 2418 1278 2444 einum
1296 2417 1426 2451 compulit
1444 2416 1477 2442 ad
1499 2417 1557 2442 eius
1571 2417 1789 2445 interfeEtionem
1802 2420 1912 2447 consilia
1927 2420 2005 2447 inire.
2062 2422 2135 2458 Conf-
2149 2424 2237 2457 Augu-

79 2469 135 2486 non
150 2458 302 2492 separatim,
326 2457 368 2482 sed
383 2456 430 2482 sub
443 2464 497 2482 vno
515 2460 624 2482 accentu
638 2454 864 2489 pronuntiandum
877 2454 928 2491 est,
949 2463 982 2480 ne
996 2453 1127 2488 ambigui·
1187 2453 1245 2480 stin.
1260 2452 1292 2479 de
1305 2453 1366 2478 Ciu.
1380 2451 1432 2477 Dei
1446 2460 1476 2483 3,
1497 2459 1529 2484 ις.
1567 2459 1590 2478 ct
1605 2453 1683 2487 Epist.
1698 2462 1732 2486 23.
1769 2457 1799 2480 ir.
1816 2455 1847 2481 de
1860 2457 1930 2482 Mor.
1945 2456 2060 2482 Manich.
2077 2465 2109 2489 2,
2125 2465 2153 2492 17
2170 2465 2236 2485 extr.

81 2500 162 2521 tatem
177 2495 204 2519 in
218 2493 339 2519 sermone
352 2492 440 2518 faciat.
522 2492 578 2518 Pro
591 2490 739 2518 lntcrdum:
772 2489 826 2518 vid.
841 2489 967 2517 Drakenb.
986 2489 1021 2516 ad
1040 2490 1085 2515 Sil.
1100 2497 1127 2524 7,
1224 2494 1295 2515 1N=T
1306 2494 1321 2512 F.
1331 2493 1375 2513 RF
1385 2494 1426 2513 Ec
1436 2493 1456 2512 T
1468 2494 1474 2511 1
1488 2494 1508 2512 v
1519 2494 1576 2526 v=s‚
1597 2496 1628 2520 a,
1654 2497 1707 2514 um.
1755 2489 1816 2516 Adi.
1877 2491 1948 2517 Cael.
1962 2491 2052 2518 Aurel.
2066 2493 2139 2519 Aeut.
2154 2493 2237 2527 praef.

80 2538 137 2563 595·
174 2536 197 2554 εἴ
210 2530 223 2553 6
233 2548 240 2560 ι
261 2536 301 2560 30·
1188 2523 1371 2551 Interfee'tiuis
1384 2522 1486 2548 morbis
1503 2521 1580 2548 affici.

118 2568 759 2594 1NTEREMPT10‚1NTEREMPTVS,
794 2561 849 2589 vid.
875 2566 1091 2588 1NTER1MO.
1140 2557 1173 2590 65
1222 2556 1491 2587 1NTERF1ssR1,
1529 2554 1744 2594 [cimoftslpekm]
1780 2560 1908 2597 obsoletum
1927 2561 2110 2598 verbnm,pro
2124 2563 2238 2600 confiunt

118 2607 128 2627 ι
140 2605 161 2625 Ν
174 2605 194 2624 Τ
204 2597 247 2625 ἐκ
257 2605 273 2625 Ε
283 2605 303 2625 0
314 2618 322 2631 ,
354 2598 395 2624 Iui
415 2599 456 2625 vel
473 2598 510 2630 ii,
534 2600 619 2631 itum,
645 2601 694 2625 ire.
746 2598 758 2631 [
770 2596 935 2632 αἲφοινίςὶμαι,
953 2596 1102 2629 ἀπόλλυμαι
1114 2595 1127 2629 ]
1185 2601 1209 2621 et
1222 2597 1343 2633 interire,
1367 2593 1434 2628 apud
1445 2593 1550 2632 Luc-ret.
1565 2601 1593 2625 3,
1607 2597 1653 2623 886
1686 2595 1722 2620 Vt
1734 2601 1780 2622 aut
1793 2598 1922 2630 putrescat
1935 2607 2046 2631 corpore
2060 2599 2149 2632 posto,
2181 2600 2235 2626 Aut

80 2637 184 2667 Perire,
203 2637 281 2666 mori,
301 2637 384 2660 ,morl--
456 2633 537 2660 Plaut,
552 2633 649 2668 Amph,
663 2643 691 2666 2,
705 2643 734 2665 2,
747 2634 783 2666 64
813 2632 932 2666 Vigilans
946 2632 1065 2662 somnio,
1086 2631 1125 2657 vi·
1186 2630 1299 2658 flammis
1314 2629 1444 2660 interfiat,
1462 2628 1573 2668 malisue
1587 2629 1713 2656 ferarum.
1770 2632 1843 2668 Cous.
1858 2633 1938 2660 Plaut.
1954 2633 2035 2660 Trin.
2049 2642 2073 2665 2,
2087 2645 2110 2667 4,
2126 2642 2163 2666 131
2180 2633 2237 2670 post

81 2680 130 2697 vus
142 2676 168 2696 et
182 2671 255 2696 sanus
269 2670 383 2696 intereo.
439 2669 512 2696 Caes.
527 2670 555 2696 Β.
563 2670 595 2695 G.
604 2676 626 2700 8,
640 2676 667 2695 21
688 2668 774 2695 Multa
786 2668 873 2695 millia
886 2667 1020 2693 interiisse.
1078 2666 1128 2697 Sic,
1185 2669 1329 2693 mentionem
1343 2668 1400 2702 agri
1409 2663 1520 2704 pqfflrm,
1542 2664 1583 2690 vbi
1597 2664 1683 2692 tribus
1697 2667 1775 2693 tantis
1790 2669 1875 2694 minus
1889 2668 1975 2701 redit,
1993 2677 2071 2703 quam
2084 2669 2236 2701 obseueris,

82 2705 198 2733 Interire
214 2705 284 2731 fame
308 2705 363 2732 Cic.
378 2705 431 2731 Att.
439 2707 466 2737 6,
480 2713 498 2730 1.
550 2706 581 2731 Et
594 2705 665 2731 Caes.
681 2705 710 2730 B.
723 2705 753 2730 C.
766 2713 787 2736 3,
798 2710 832 2738 27
851 2703 965 2729 Interire
978 2701 1128 2736 naufragio.
1186 2709 1202 2728 P
1212 2708 1242 2728 H.
1265 2702 1351 2728 Hem?
1387 2700 1444 2727 istic
1457 2704 1563 2734 oportet
1583 2699 1672 2729 obseri
1686 2710 1773 2729 mores
1787 2704 1888 2737 malos,
1906 2705 1932 2731 Si
1947 2704 2129 2732 inobserendo
2142 2705 2235 2741 poffint

82 2742 138 2769 Cic.
163 2740 239 2767 Acad.
258 2750 283 2772 1,
304 2749 338 2773 29
359 2750 381 2766 e.
395 2747 412 2775 7
449 2739 529 2766 Nihil
553 2740 626 2766 enim
649 2740 780 2767 valentius
806 2738 859 2770 est,
887 2747 902 2764 a
926 2746 979 2772 quo
1006 2737 1126 2764 intereat.
1134 2740 1170 2768 70
1187 2737 1329 2764 interfieri.

81 2776 171 2804 Aestas
185 2775 325 2803 interitura
349 2777 418 2802 Hor.
432 2776 520 2802 Carm.
536 2784 564 2808 4,
579 2783 606 2810 7,
621 2784 658 2802 10.
724 2775 825 2801 Domus
838 2773 979 2800 interitura
1000 2771 1082 2799 Ouid.
1094 2780 1126 2798 ex
1222 2780 1232 2799 1
1242 2780 1263 2799 Ν
1272 2781 1293 2800 Τ
1302 2780 1318 2799 E
1327 2780 1345 2799 R
1357 2777 1374 2797 F
1385 2778 1402 2798 L
1411 2778 1459 2798 vo
1468 2791 1477 2804 ,
1498 2772 1542 2803 xi,
1561 2781 1641 2806 xum,
1660 2773 1714 2801 ere.
1753 2774 1768 2808 s
1775 2775 1925 2811 μεσοῤῥυέω]
1971 2777 2020 2802 Per
2034 2775 2235 2812 mediumfluere.

82 2814 158 2840 Pont.
172 2821 199 2844 3,
212 2820 243 2844 2,
254 2817 306 2840 108.
376 2811 447 2846 Ignis
461 2811 570 2843 interit,
596 2811 645 2838 nisi
663 2810 749 2837 alatur
780 2810 836 2837 Cic.
849 2810 886 2836 N.
900 2810 931 2836 D.
945 2817 957 2841 3
976 2818 997 2835 c.
1012 2817 1042 2842 14
1060 2814 1126 2834 extr.
1185 2809 1294 2835 Moenia
1308 2807 1478 2835 interfluebat
1492 2809 1608 2841 Marsyas
1621 2809 1705 2835 amnis
1737 2809 1812 2836 Curt.
1826 2819 1855 2843 3,
1871 2819 1896 2843 ι,
1910 2820 1931 2837 2.
1988 2811 2059 2846 Cous.
2080 2812 2184 2838 Lucret.
2200 2821 2235 2845 4,

82 2849 126 2874 Ira
140 2847 233 2874 interit
246 2855 322 2874 mora
350 2847 431 2873 Ouid.
445 2846 477 2873 de
491 2847 554 2874 Arte
567 2847 626 2874 Am.
640 2855 659 2878 1,
674 2854 732 2880 374.
808 2846 897 2872 Morte
912 2844 1023 2871 interire
1052 2844 1126 2870 Idem
1185 2849 1243 2874 228.
1351 2843 1444 2879 Paffiue
1462 2854 1470 2869 .·
1524 2844 1603 2879 Apul.
1622 2843 1654 2870 de
1674 2844 1775 2871 Mundo
1795 2854 1820 2880 p.
1843 2853 1875 2878 59
1916 2846 2017 2873 Insulae
2036 2847 2234 2874 interfluuntur,

82 2884 111 2910 in
133 2883 192 2909 Ibin
211 2891 273 2915 299.
316 2883 361 2910 AI.
381 2883 467 2910 More.
500 2880 502 2885 ⁸
552 2882 703 2917 Naufragus
719 2881 825 2908 interiit
857 2880 897 2908 Id.
916 2881 981 2907 Met.
1005 2888 1027 2906 ιι
1038 2900 1046 2912 ,
1068 2881 1127 2909 686.
1191 2881 1310 2906 Tralate:
1347 2879 1404 2906 Cic.
1416 2879 1449 2905 de
1461 2879 1563 2907 Sene&
1579 2882 1606 2907 16
1620 2889 1641 2907 e.
1654 2881 1669 2906 6
1701 2881 1770 2907 eum
1783 2881 1854 2908 inter
1865 2880 1931 2908 duos
1946 2882 2100 2909 Consulatus
2114 2883 2176 2909 anni
2190 2882 2234 2909 de-

81 2920 185 2953 Segetcs
198 2919 332 2945 intereunt
356 2918 432 2952 Virg.
447 2919 543 2952 Georg.
558 2927 575 2950 1,
590 2925 638 2952 ¹5²·
711 2917 817 2945 Sextans
828 2923 888 2944 tuus
899 2925 932 2943 ne
946 2916 1058 2943 intereat
1090 2916 1128 2941 Ia·
1139 2919 1171 2948 75¹
1185 2924 1243 2942 cem
1256 2914 1469 2942 interfluxissent.

81 2954 174 2981 bolen.
189 2954 217 2980 in
229 2953 246 2980 1.
259 2953 278 2980 fi
291 2960 318 2980 tu
333 2954 366 2980 D.
381 2953 413 2980 de
429 2962 486 2989 aeq.
499 2952 590 2981 hered.
674 2953 764 2981 Verba
779 2953 920 2981 interitura
955 2952 1023 2979 Hor.
1037 2951 1126 2978 Carm.
1224 2959 1235 2978 1
1245 2958 1268 2978 Ν
1278 2958 1299 2978 Τ
1308 2957 1325 2977 E
1334 2957 1354 2977 R
1363 2957 1380 2976 F
1390 2956 1407 2975 1.
1416 2957 1436 2976 v
1446 2956 1462 2975 E
1474 2957 1496 2976 N
1507 2957 1536 2983 s,
1557 2951 1634 2978 entis.
1670 2951 1764 2978 Partic.
1801 2952 1867 2978 Plin.
1882 2953 1921 2985 36,
1937 2961 1967 2987 14
1975 2959 2018 2988 pr.
2045 2952 2166 2979 Flumine
2179 2962 2234 2980 me-

81 2999 118 3024 4,
133 2998 149 3023 9
159 3010 167 3022 ‚
190 2998 209 3015 1.
1188 2987 1262 3014 dium
1277 2985 1405 3021 oppidum
1420 2985 1598 3013 interfluente.
1667 2987 1741 3013 Idem
1759 2996 1781 3019 3,
1794 2995 1807 3021 ς
1832 2989 1951 3024 Vtraque
1963 2988 2070 3015 ciuitate
2082 2988 2235 3022 foederata,

119 3033 159 3052 ιΝ
169 3031 189 3050 T
200 3031 243 3051 ER
254 3022 266 3050 i'
277 3030 298 3050 Τ
309 3030 353 3051 vs
363 3045 371 3057 ,
389 3033 420 3057 a,
438 3033 492 3052 um.
530 3025 598 3052 Part.
635 3022 834 3060 [διαφθαρθεῖς]
877 3023 978 3060 Paffiue.
1035 3021 1128 3050 Claud.
1187 3022 1298 3057 angusto
1309 3023 1380 3049 freto
1393 3021 1575 3052 interfluente.
1605 3022 1677 3049 Idem
1692 3025 1722 3053 6,
1737 3029 1776 3053 28.

82 3060 211 3095 Qiadrig.
225 3060 292 3095 apud
303 3060 424 3087 Priscian.
437 3069 454 3094 9
467 3063 548 3096 p.869
557 3058 615 3096 post
627 3061 688 3087 med.
720 3061 807 3096 Pugna
821 3060 916 3087 aeriter
935 3058 1083 3091 commissa,
1103 3063 1130 3084 et
1224 3065 1235 3083 1
1246 3064 1268 3083 N
1278 3065 1299 3084 T
1308 3065 1323 3084 E
1333 3063 1400 3083 ιιι-Ἴ,
1412 3063 1431 3081 ν
1442 3064 1461 3082 ν
1471 3064 1483 3083 S
1492 3077 1500 3089 ,
1520 3067 1550 3089 a,
1570 3066 1623 3084 utn.
1680 3058 1740 3084 Adi.
1796 3057 1958 3094 [μεσόρῤοος]
2012 3058 2088 3094 Qcod
2098 3059 2232 3094 interfluit.

82 3096 174 3123 multis
188 3097 313 3130 vtrinque
328 3096 452 3123 inretitis·
539 3096 628 3123 Sidon.
641 3096 720 3131 Epist.
735 3105 760 3130 2,
777 3105 806 3130 19
838 3095 940 3123 Dedere
953 3095 1031 3122 breui
1044 3094 1129 3121 aboli-
1140 3098 1172 3125 80
1187 3093 1254 3120 Plin.
1268 3095 1295 3126 6,
1309 3095 1342 3119 26
1360 3092 1490 3119 Interfluo
1503 3093 1649 3128 Euphrate,
1669 3096 1688 3120 i.
1709 3093 1876 3129 Interfluente.
1949 3093 2033 3120 Solin.
2045 3103 2066 3120 c.
2074 3095 2109 3122 66
2131 3093 2233 3122 Scindi-

81 3137 137 3160 tam
152 3131 349 3166 interitamque.
1187 3135 1231 3156 tur
1244 3137 1321 3155 amne
1333 3128 1471 3155 interfluo.

120 3175 130 3194 1
141 3173 162 3192 N
175 3173 197 3193 Τ
206 3173 222 3193 E
231 3174 250 3193 R
260 3165 271 3192 ‘1'
281 3174 303 3194 T
312 3174 333 3193 V
343 3174 355 3192 S
363 3187 372 3200 ,
392 3166 431 3194 sis.
445 3177 480 3195 m.
517 3167 681 3201 [οἷφανισμὸς,
697 3167 852 3202 οἷπόλλυσις]
888 3167 972 3199 Mors,
991 3166 1126 3192 Pernicies.
1223 3172 1235 3192 1
1243 3171 1264 3190 N
1275 3171 1296 3192 T
1304 3171 1321 3191 E
1328 3171 1348 3191 R
1358 3171 1374 3190 F
1383 3161 1402 3190 ὄ
1411 3170 1429 3190 D
1439 3171 1448 3189 1
1459 3170 1477 3190 O
1486 3183 1494 3195 ‚
1513 3165 1566 3191 ere.
1604 3163 1708 3192 Subinde
1722 3163 1819 3191 Fodere.
1875 3164 1980 3191 Lucret.
1989 3174 2013 3197 4,
2025 3171 2078 3200 720

82 3203 140 3230 Cic.
154 3202 237 3228 Tusc.
251 3210 271 3234 1,
285 3209 302 3237 7
335 3203 377 3229 Est
390 3204 462 3230 enim
475 3204 598 3230 interitus
613 3203 683 3239 quasi
697 3203 815 3230 diseelsus
830 3209 856 3229 et
867 3202 979 3229 secretio
989 3210 1018 3227 ac
1031 3200 1128 3227 direm-
1343 3199 1415 3233 Qiia
1438 3198 1497 3226 sunt
1513 3200 1644 3234 galiorum
1663 3200 1693 3226 in
1713 3208 1825 3234 corpore
1845 3200 1972 3234 quaedam

81 3245 125 3266 tus
140 3246 229 3264 earum
243 3238 375 3271 partium,
398 3248 465 3274 quae
484 3246 544 3266 ante
558 3240 699 3266 interitum
710 3239 848 3266 iunetione
860 3238 949 3272 aliqua
960 3236 1126 3264 tenebantur.
1341 3235 1462 3268 Semina,
1480 3244 1545 3270 quae
1560 3244 1642 3269 quum
1655 3234 1704 3262 fint
1722 3235 1808 3262 oculis
1823 3235 1934 3262 immiss‘a
1948 3235 2057 3262 leonum

81 3273 209 3301 Interitus
225 3273 340 3307 patriae,
371 3276 390 3301 i.
412 3275 522 3309 Eucfflo:
575 3276 631 3302 Cic.
646 3275 730 3302 Tusc.
743 3283 772 3308 5,
796 3282 839 3307 105
871 3273 998 3300 Interitus
1012 3272 1127 3307 patriae,
1143 3278 1173 3308 ες
1341 3271 1455 3305 Pupillas
1467 3271 1659 3302 interfodiunt,
1680 3277 1725 3296 etc.

84 3308 221 3338 exilium(
238 3308 365 3342 seruitus,
390 3316 437 3336 etc.
512 3310 587 3346 Reip.
618 3310 658 3338 Id.
675 3319 724 3345 pro
737 3310 808 3337 Sulla
825 3319 846 3336 c.
862 3318 896 3336 11.
992 3307 1128 3334 Acerbissi-
1186 3306 1341 3334 Interfoss'ae
1354 3306 1455 3333 radices
1482 3306 1578 3332 Pallad.
1595 3305 1653 3332 061.
1669 3311 1687 3332 t.
1696 3314 1732 3333 17..

11 3357 14 3360 ⁴
48 3360 50 3362 v
83 3354 141 3373 mus
161 3344 246 3370 Plane.
282 3343 340 3370 Cic.
351 3345 422 3372 Fam.
435 3354 480 3378 10,
495 3354 532 3380 17.
605 3347 764 3373 immaturus
790 3346 845 3373 Cic.
860 3344 891 3370 de
905 3343 945 3371 C1.
963 3344 1037 3370 Orat.
1057 3352 1079 3369 c.
1095 3352 1127 3375 33.
1224 3350 1234 3369 1
1247 3349 1270 3368 Ν
1282 3348 1303 3368 Τ
1314 3349 1356 3369 ER
1366 3348 1382 3368 F
1395 3348 1438 3367 01:
1448 3348 1490 3366 Ml
1504 3347 1527 3366 Ν
1538 3347 1554 3366 E
1564 3348 1584 3367 v
1595 3346 1637 3373 M,
1657 3340 1676 3367 i.
1697 3350 1722 3370 n.
1759 3341 1836 3376 Apul.
1848 3342 1925 3378 Apol.
1939 3351 1963 3377 p.
1979 3343 2034 3375 296,
2049 3348 2075 3373 ις
2117 3351 2144 3368 νο
2158 3340 2231 3368 Geni.

83 3380 201 3408 Acerbus
215 3399 224 3411 ,
260 3378 362 3405 Afferre
383 3379 519 3408 interitum
531 3400 540 3412 ,
578 3382 698 3406 Alienari
715 3382 748 3408 ab
767 3381 877 3407 interitu
891 3399 899 3411 ,
940 3379 993 3405 vid.
1022 3378 1064 3405 bh.
1082 3387 1126 3405 vv.
1187 3378 1279 3405 talibus
1290 3377 1459 3407 mxdiebrffius,
1485 3376 1551 3412 quod
1564 3376 1634 3403 inter
1647 3376 1747 3403 femina
1753 3376 1817 3410 fint.
1892 3378 1998 3404 Nouius
2011 3377 2078 3412 apud
2125 3385 2168 3402 on.
2183 3385 2231 3409 10,

83 3415 203 3443 Gaudeat
217 3413 262 3440 illa
273 3419 321 3440 tuo
333 3413 445 3440 interitu
470 3416 588 3450 Propert.
602 3424 626 3447 2,
640 3421 663 3450 8,
678 3421 712 3446 ιε.
783 3414 914 3449 Redigere
927 3413 1029 3449 aliquid
1041 3413 1074 3440 ad
1087 3413 1127 3440 in-
1187 3421 1216 3440 ιο
1257 3414 1327 3440 Cum
1354 3418 1428 3439 natus
1455 3411 1548 3438 artiuit
1578 3412 1657 3438 matri
1682 3412 1865 3438 interfeminia
1884 3412 1998 3439 fortiter.
2061 3410 2164 3438 ReHius
2175 3411 2232 3446 fine

84 3452 194 3479 teritum
219 3450 324 3476 Lucret.
339 3457 361 3482 5,
373 3454 429 3483 875.
1133 3456 1169 3481 90
1186 3449 1349 3485 Diphthongo
1357 3448 1492 3484 scribitur.
1553 3447 1611 3473 Vici.
1634 3454 1650 3473 ι·
1659 3453 1677 3473 o
1687 3453 1702 3472 Ε
1711 3454 1735 3472 Μ
1746 3453 1755 3471 1
1766 3454 1788 3472 N
1798 3453 1819 3473 A
1828 3453 1855 3473 r..

119 3495 130 3513 1
140 3493 161 3511 Ν
170 3493 191 3512 T
200 3492 215 3511 E
226 3492 244 3510 R
255 3483 266 3511 1u
276 3491 291 3511 Β
301 3483 335 3510 i'L
344 3491 354 3510 1
363 3491 375 3510 s
385 3503 392 3515 ,
414 3492 437 3509 e.
473 3484 534 3512 Adi.
588 3487 639 3521 Qu·
651 3488 755 3513 interire
788 3484 857 3520 otest.
910 3484 1011 3511 Arnob.
1024 3492 1040 3510 ι.
1057 3493 1081 3518 p.
1096 3485 1127 3516 65
1225 3491 1267 3511 IN
1277 3491 1298 3510 Τ
1306 3491 1323 3510 E
1331 3491 1350 3510 R
1362 3489 1378 3509 F
1390 3490 1410 3510 R
1420 3489 1429 3507 1
1440 3489 1462 3508 N
1471 3489 1491 3508 G
1501 3488 1535 3513 ο,
1552 3483 1594 3517 egi
1603 3502 1611 3514 ,
1630 3482 1718 3508 aestum
1726 3501 1734 3514 ,
1755 3483 1808 3508 ere.
1846 3478 2039 3517 [ὃιαρρήγνυμι]
2084 3481 2152 3509 Idem
2166 3481 2232 3518 quod

83 3523 246 3556 Argumenta
258 3519 355 3553 quibus
369 3519 468 3545 animas
481 3519 586 3553 passiuas
598 3528 676 3556 atque
692 3522 771 3548 interi
794 3522 840 3548 iles
854 3521 998 3548 inuenitur.
1052 3519 1126 3555 Cous.
1187 3520 1344 3556 ,infringet-e.
1399 3518 1467 3544 Cato
1479 3528 1499 3544 c.
1508 3526 1545 3550 44
1569 3517 1625 3550 Qii
1640 3518 1712 3543 loeus
1726 3516 1797 3544 reeie
1812 3517 1885 3543 ferax
1899 3517 1959 3549 erit,
1978 3525 2043 3551 quae
2056 3517 2130 3544 arida
2143 3522 2231 3551 erunt,

83 3555 204 3584 Tertull.
218 3554 249 3580 de
265 3555 369 3581 Resurr.
384 3555 461 3591 Carn.
475 3563 545 3590 c.34.
580 3564 604 3584 et
618 3557 716 3584 aduers.
730 3558 858 3592 Hermog.
873 3566 894 3582 c.
910 3564 951 3589 43.
1188 3562 1214 3582 et
1228 3556 1245 3583 fi
1260 3554 1325 3590 quid
1338 3559 1429 3580 ventus
1443 3553 1639 3587 interfrcgcrit,
1659 3561 1689 3579 ea
1702 3553 1792 3578 omnia
1805 3552 1925 3578 eximito.
1968 3553 2034 3578 Plin.
2049 3560 2093 3586 17,
2108 3559 2144 3582 18.

121 3599 130 3618 1
141 3597 163 3616 N
175 3597 221 3617 ΤΕ
230 3597 248 3616 R
257 3596 296 3616 1T
307 3595 344 3616 10
353 3609 361 3621 ³
382 3589 451 3616 smis-
472 3590 492 3616 f·
535 3590 600 3618 Idem
613 3593 677 3629 quod
689 3595 820 3620 [meritus.
877 3591 959 3625 Testis
972 3588 1005 3623 est
1019 3588 1127 3616 Nonius
1225 3598 1235 3616 1
1245 3598 1266 3617 N
1276 3597 1348 3617 TER
1357 3596 1373 3616 F
1382 3595 1431 3616 VG
1441 3596 1449 3614 1
1460 3596 1496 3622 o,
1516 3590 1569 3614 ere.
1618 3589 1689 3614 Inter
1700 3589 1773 3614 euim
1785 3587 1855 3622 fugit
1867 3596 1896 3614 ac
1908 3593 2027 3622 penetrat
2045 3597 2092 3622 per
2102 3597 2162 3615 rara
2174 3588 2230 3615 via-

82 3626 224 3655 Marcellus
236 3625 318 3651 ctiam
331 3633 353 3656 3,
368 3633 407 3651 112
432 3625 498 3651 hunc
510 3626 646 3655 Ciceronis
657 3630 733 3655 Iocum
746 3638 774 3655 ex
788 3627 981 3658 Frumentum,
990 3625 1035 3661 flu
1048 3626 1124 3651 Verr.
1140 3633 1173 3660 95
1188 3635 1249 3653 rum
1274 3627 1377 3652 Lucret.
1390 3626 1417 3656 6,
1430 3633 1479 3657 33ι.
1514 3624 1543 3649 de
1548 3624 1668 3659 fulmine.

83 3671 108 3695 3,
124 3670 160 3695 ἐς
173 3671 193 3687 c.
203 3669 236 3695 54
262 3662 353 3693 Qium
366 3660 406 3686 bis
420 3660 447 3686 in
461 3668 489 3685 ea
502 3662 640 3694 prouincia
653 3674 762 3691 maenae
772 3664 948 3699 fugitiuorum
963 3661 1054 3695 copiae
1069 3669 1127 3686 ver·
1225 3668 1266 3687 ΙΝ
1275 3669 1297 3688 Τ
1307 3668 1323 3687 Ε
1333 3668 1352 3688 R
1362 3667 1377 3686 F
1386 3666 1406 3685 V
1419 3666 1434 3684 L
1446 3666 1466 3686 G
1476 3665 1491 3685 E
1502 3665 1523 3685 ο
1532 3679 1540 3691 ,
1567 3663 1619 3685 ere.
1679 3658 1781 3684 Aurum
1799 3664 1990 3694 argentumque
2010 3659 2117 3685 cumulo
2137 3665 2227 3684 rerum

82 3699 151 3725 satae
166 3697 228 3727 lint,
247 3701 336 3722 tamen
349 3701 484 3722 aratorum
496 3697 618 3724 interitio
631 3693 782 3727 fae'tzsnulla
797 3700 841 3727 est.
896 3700 950 3733 Qeo
962 3700 989 3722 in
1003 3699 1053 3722 loco
1065 3697 1127 3735 lefst-
1188 3696 1300 3724 aliarum
1316 3695 1490 3729 interfulgens
1515 3694 1575 3720 Liu·
1589 3699 1635 3726 282
1647 3702 1684 3725 23·

83 3733 144 3760 bant
158 3732 324 3764 Intemecio,
350 3732 396 3757 alii
408 3731 563 3758 Internicio.
612 3734 664 3760 Sed
682 3737 765 3763 Nonio
785 3736 939 3771 consentiunt
958 3735 1031 3759 etiam
1051 3730 1125 3758 Mss-
1224 3739 1233 3757 1
1244 3739 1267 3758 N
1277 3740 1298 3759 T
1308 3739 1353 3758 ER
1363 3738 1379 3757 r
1388 3737 1409 3755 v
1418 3738 1439 3756 Ν
1448 3737 1467 3757 D
1476 3737 1494 3756 o
1503 3750 1511 3762 ,
1528 3732 1580 3756 ere.
1617 3730 1711 3755 Auien.
1724 3728 1824 3764 Perieg.
1837 3737 1889 3763 255.
1942 3728 2012 3756 Ibid.
2027 3737 2083 3754 1100
2105 3725 2145 3752 Sic
2159 3725 2227 3752 vasti

83 3769 156 3795 Hirt.
170 3769 197 3795 B.
212 3768 287 3801 Hisp.
301 3775 364 3800 c.24
395 3767 588 3793 Centurionum
603 3767 732 3798 interitio.
805 3769 906 3798 Arnob.
923 3778 935 3794 2
950 3778 973 3802 p.
989 3773 1021 3801 87
1048 3766 1126 3793 Chri·
1187 3767 1272 3794 moles
1288 3767 1373 3801 pelagi
1385 3765 1579 3792 interfunditur
1589 3773 1658 3791 oras.

83 3803 136 3830 stus
150 3804 178 3830 in
190 3803 240 3829 hoc
252 3803 339 3828 missus
357 3810 372 3828 a
391 3802 449 3828 Deo
467 3802 519 3834 est,
535 3807 564 3828 vt
576 3802 695 3831 infelices
707 3808 807 3834 animas
819 3807 852 3833 ab
864 3803 1027 3832 interitionis
1041 3802 1125 3828 exitio
1132 3812 1180 3831 100
1222 3809 1233 3828 1
1243 3810 1263 3828 N
1274 3809 1297 3829 'r
1307 3808 1351 3830 ER
1362 3808 1377 3827 F
1388 3799 1434 3827 xiR
1444 3807 1480 3832 ο,
1502 3804 1554 3827 ere.
1590 3800 1651 3826 Stat.
1666 3800 1762 3827 Aehill.
1778 3810 1795 3833 1,
1812 3807 1857 3833 395
1882 3801 2002 3833 Dumque
2017 3801 2226 3835 armaparantur

83 3838 217 3866 liberaret.
1187 3838 1303 3870 Dorica,
1329 3843 1354 3864 et
1368 3837 1499 3863 alternum
1518 3836 1626 3862 Mauors
1644 3836 1783 3863 interfurit
1795 3836 1906 3869 orbem,
1939 3837 1957 3860 ι’.
1972 3833 2063 3869 furore
2077 3834 2123 3867 Juo
2142 3830 2227 3857 turbat

121 3881 129 3899 1
140 3881 161 3899 N
170 3882 191 3901 T
200 3881 215 3900 E
223 3881 242 3901 R
252 3881 268 3900 E
277 3879 326 3910 Qv
334 3871 348 3900 i'
355 3880 376 3900 T
387 3879 407 3899 o
418 3893 426 3905 ‚
444 3876 497 3899 are.
533 3870 687 3908 [διιππάζω]
725 3877 756 3901 In
768 3878 845 3905 medio
859 3879 977 3913 equitare.
1014 3873 1074 3900 Liu.
1086 3880 1124 3905 35,
1185 3880 1210 3900 et
1227 3873 1319 3908 misser.

84 3915 114 3943 ς,
136 3918 161 3935 io
191 3909 336 3936 Obstabant
355 3909 447 3941 duces,
474 3907 610 3935 hastilibus
631 3909 765 3936 caedentes
783 3919 854 3947 terga
874 3910 1078 3946 trepidantium,
1099 3912 1125 3934 et
1223 3915 1264 3935 1N
1276 3914 1298 3934 Τ
1311 3914 1353 3934 ER
1364 3912 1495 3937 FVSIO,
1513 3906 1581 3932 ouis.
1602 3906 1622 3931 f.
1658 3905 1775 3933 Laetant.
1791 3914 1818 3941 7,
1830 3914 1853 3937 3,
1867 3912 1905 3937 25.
2002 3937 2008 3942 .

42 3955 44 3959 ’
82 3943 172 3973 redire
187 3945 214 3971 in
228 3945 334 3971 ordines
347 3951 482 3978 cogentes,
502 3945 543 3970 sed
558 3945 774 3979 interequitantes
791 3948 869 3975 alarii
880 3957 935 3974 non
950 3946 1124 3981 patiebantur.
1222 3950 1233 3969 1
1243 3950 1266 3969 N
1279 3949 1301 3970 T
1312 3943 1459 3969 ERFVSV
1470 3948 1497 3973 κ’,
1516 3951 1529 3968 a
1539 3961 1546 3974 ,
1564 3951 1618 3968 um.
1655 3942 1715 3967 Adi.
1752 3939 1934 3975 [μεσυχυθείς]
1971 3936 2036 3963 le.
2051 3944 2082 3968 2,
2097 3937 2127 3965 68
2151 3934 2224 3962 Idem

83 3979 157 4014 Conf.
174 3980 243 4005 Idem
260 3983 284 4010 6,
297 3987 323 4014 7.
347 3986 370 4005 ct
384 3988 426 4013 34,
442 3986 476 4012 ις.
548 3979 624 4008 Curt.
638 3988 667 4014 4,
679 3988 704 4013 13
716 3987 781 4008 extr.
806 3984 839 4011 In
851 3982 991 4018 conspeetu
1005 3981 1125 4009 omnium
1133 3989 1178 4017 105
1186 3980 1305 4007 Oceanus
1317 3977 1474 4009 interfusus,
1493 3977 1575 4006 intrat
1588 3985 1636 4012 per
1647 3982 1688 4004 tot
1700 3978 1799 4010 maria,
1815 3973 1909 4010 quibus
1927 3972 2059 4003 Africam,
2077 3972 2225 4004 Europam,

64 4028 65 4031 ¹
84 4013 163 4042 duces
175 4014 365 4050 interequitans
384 4015 580 4051 alloquebatur.
1383 4019 1401 4048 7
1420 4013 1442 4040 l(
1477 4019 1495 4042 2.
2137 4005 2224 4035 Asiam
