2479 4225
307 211 367 251 335
678 180 952 228 ELE

309 285 412 312 matites
426 280 498 308 Idem
513 287 567 313 1,4,
574 281 600 306 6.
655 276 785 304 Tractare
797 272 880 309 prima
891 269 1015 309 elementa
1029 263 1136 306 Qiin&
1145 264 1172 305 in
1180 266 1298 296 prooem.
1307 266 1328 300 ¹.·

307 323 406 348 Irarum
419 317 544 343 elementa
556 321 674 341 mearum
688 312 731 339 Sil.
745 317 818 345 3‚77,
835 311 887 333 irae
895 303 1012 338 pueriles,
1026 310 1037 327 e
1051 301 1136 336 quihus
1148 297 1250 324 mdolem
1262 294 1327 320 belli-

307 365 358 383 cam
372 357 398 379 in
404 351 463 388 filio
474 351 521 387 suo
537 350 632 386 colligit
645 348 778 384 Hamilcar:
825 376 830 382 ·
848 340 981 377 Elementa
994 334 1121 370 loquendi
1138 333 1193 359 Cic.
1206 329 1283 356 Acad.
1297 338 1326 362 4,

307 399 341 424 92
359 398 379 415 c.
393 393 431 418 28.
485 385 586 413 Totius
603 383 731 418 legitimae
744 379 863 406 scientiae
878 381 963 408 prima
975 372 1103 398 elementa
1119 367 1175 406 §.4
1193 365 1254 394 Inst.
1267 366 1328 391 Pro-

310 433 378 452 oem.
450 421 584 449 Vitiorum
602 421 690 446 quen.
704 417 753 442 Sat.
768 422 806 445 14,
822 417 885 448 123..
1066 439 1072 449 1

342 464 496 486 ELEMEN
509 463 531 483 rr
542 459 675 484 Amvs,
700 459 729 482 a,
748 456 800 474 um.
836 443 897 471 Adi.
930 441 1103 476 [ςοιχειακος]
1143 435 1218 479 Qod
1234 433 1269 462 ad
1286 435 1330 475 ele·

306 501 408 521 mentum
420 496 536 528 pertinet.
578 484 761 515 Elementariae
771 482 876 507 literae:
890 485 939 514 pro
959 479 1052 504 Litern-
1065 474 1210 511 alphabeti..
1246 470 1330 496 Iulius

307 528 472 564 Capitolinus
484 528 512 554 in
525 524 614 552 Pertin.
627 531 647 547 c.
659 528 669 546 1
687 520 752 545 Puer
765 516 849 542 literis
862 513 1038 540 elementariis
1052 517 1077 537 et
1090 508 1189 536 calculo
1203 506 1330 532 imbutus.

311 566 386 592 Noto
407 564 478 590 illam
494 569 524 588 ex
536 557 625 588 docta,
650 560 678 581 vt
692 552 789 579 dicitur
806 549 1003 577 elementariam
1019 546 1077 573 fieri
1095 543 1194 571 Arnob.
1215 550 1232 568 2
1256 549 1280 575 p.
1294 542 1332 568 61.

1773 161 2040 204 ELI
2352 159 2420 209 336

1427 262 1446 284 ε
1458 262 1474 282 L
1485 253 1749 283 EPHANTist
1765 271 1774 284 ‚
1796 260 1826 284 a,
1845 259 1900 278 um.
1932 250 1992 278 Adi.
2013 246 2108 284 Poffiffi
2144 243 2333 280 [ἐλεφάντινος]
2374 244 2423 276 Vt,

1387 292 1465 319 Pellis
1483 292 1659 327 elephantina.
1695 290 1856 316 penultimam
1874 290 2047 322 corrzPuc-runt
2061 286 2157 311 Graeci.
2172 288 2173 292 ¹
2190 281 2248 309 Vid.
2264 279 2378 308 Borrich.
2395 282 2424 305 in

1390 326 1502 360 Parnaffi
1522 335 1544 354 et
1557 328 1636 364 Cogit.
1651 325 1678 352 de
1689 326 1717 352 L.
1732 325 1761 351 L.
1771 330 1800 359 p.
1807 333 1861 357 314.
1933 321 2134 357 Elephantinum
2154 316 2321 352 emplastrum
2334 314 2424 351 descri-

1389 363 1427 389 bit
1440 363 1507 389 Cels.
1520 371 1542 396 5,
1558 371 1594 396 ¹9·
1630 363 1671 389 Sic
1689 366 1767 387 autem
1784 359 1897 389 dicitur,
1911 357 1989 384 eodem
2006 355 2080 390 teste,
2093 354 2166 390 quod
2182 353 2212 380 sit
2224 350 2424 387 percandidum.
2438 370 2441 372 .
2474 372 2475 376 ,

1389 397 1591 432 Elephantinum
1607 398 1730 434 pigmenti
1748 404 1832 421 nomen
1851 394 1920 424 atri,
1930 392 1955 428 s.
1968 394 2102 419 atramenti
2115 390 2182 420 adeo,
2193 388 2260 415 Plin.
2275 394 2311 420 35,
2324 387 2341 412 6
2359 384 2426 423 quod
2472 388 2477 410 ἐ

1392 432 1495 468 Apelles
1509 439 1673 460 commentus
1686 431 1721 457 est
1734 439 1766 457 ex
1779 430 1861 457 ebore
1881 427 2018 454 combusto
2031 428 2126 454 facere.
2379 456 2384 462 ⁸

1427 474 1469 494 ΕΙ,
1478 474 1494 494 Ε
1503 474 1541 494 v1
1552 475 1568 494 E
1578 476 1590 495 s
1600 488 1609 501 ,
1625 468 1659 494 ei.
1676 468 1695 494 f.
1718 468 1847 503 Purgatio.
1883 462 1967 490 Lucil.
1980 463 2045 497 apud
2058 463 2131 489 Non.
2145 470 2167 491 2,
2179 467 2240 494 274.
2260 457 2293 485 al.
2309 457 2425 484 Eluuies.

1428 508 1446 530 E
1457 510 1473 529 L
1484 501 1557 529 ἔνο
1573 523 1582 536 ,
1601 508 1655 530 are.
1692 502 1815 537 [ἔπαίρω,
1836 499 1941 535 αἰωρέω]
1978 499 2009 524 ln
2025 499 2101 524 altum
2118 496 2217 527 tollere,
2228 501 2277 530 pro
2294 503 2340 529 quo
2350 491 2425 529 sensu

1390 538 1522 565 adducitur
1535 539 1654 571 Plautus,
1673 538 1808 572 Capedum
1823 535 1936 570 lapidem
1952 532 2037 565 hunc,
2050 539 2127 567 atque
2142 531 2224 558 eleua.
2260 529 2307 556 Sed
2319 527 2426 554 nondum
2448 560 2451 563 .

310 599 494 627 Elementarius
509 596 595 624 senex,
619 591 669 625 Qu·
686 588 763 614 adhuc
781 589 808 611 in
817 588 911 621 primi:
924 585 1044 610 elementis
1061 578 1218 613 instituitur:
1243 577 1331 602 Senec.
1346 582 1375 602 ιο
1391 577 1505 601 inuentus
1519 572 1551 606 est
1563 576 1637 599 Iocus.
1674 575 1728 600 Nec
1740 576 1833 600 certius
1851 570 1911 606 quid
1923 573 1972 595 iam
1985 567 2018 593 ad
2029 577 2124 593 manum
2138 566 2171 601 est
2186 566 2227 592 illo
2248 563 2380 591 Laetamn
2393 561 2427 589 de

309 635 387 670 Epist.
400 637 430 666 36
449 630 544 663 Turpis
554 632 579 653 et
591 624 703 653 ridicula
713 630 754 649 res
767 621 803 648 est
816 619 1000 647 elementarius
1011 617 1096 643 senex.
1119 613 1192 650 Conf.
1201 612 1290 640 Barth.
1298 610 1332 637 ad

309 671 402 705 Script.
418 669 503 693 Venat.
521 673 544 698 p.
559 670 606 694 133.
853 689 859 695 .

345 702 652 736 ELEMENTlCrvs,
674 702 698 725 a,
719 700 773 717 um.
809 690 869 717 Adi.

342 747 360 768 Ε
369 747 383 765 L
391 745 406 764 E
418 743 438 762 N
447 742 463 762 C
472 741 491 760 H
500 740 520 759 V
528 740 540 759 S
550 753 558 764 ,
583 740 600 757 1.
634 738 667 755 m.
704 726 843 760 [ἔλεγχος]
885 725 991 751 Vniom's

906 686 1025 716 Tertull.
1038 686 1070 713 de
1084 685 1179 712 Anima
1199 692 1221 709 c.
1235 690 1273 714 32..

1028 730 1095 748 enus.
1130 720 1194 746 Plin.
1210 727 1243 751 9,
1259 724 1287 749 33
1311 716 1328 742 s.

310 777 341 807 56
356 775 384 800 Et
396 767 587 805 procerioribus
596 766 638 791 sna
650 763 732 798 gratia
740 761 785 792 est,
797 758 920 786 elenchos
931 758 1006 793 appel
1019 762 1063 783 ant
1074 755 1204 790 fastigiata
1217 753 1332 786 longitu—
1350 761 1374 787 ις
1391 750 1541 777 adulando?
1560 747 1763 783 ὑποκοριζόμενοι)
1776 749 1879 775 leuiora
1892 747 2012 773 facimus.

309 810 367 835 dine
399 804 582 831 alabastrorum
594 800 677 834 figura
696 798 723 824 in
737 795 885 831 pleniorem
899 794 994 820 orbem
1007 792 1158 819 desinentes.
1218 790 1275 815 Hos
1290 787 1330 813 di-

306 828 544 878 gitis’stnspendere,
564 842 589 862 et
609 835 686 861 binos
706 840 735 859 ac
754 838 841 858 ternos
860 829 985 861 auribus,
1003 828 1164 854 feminarum
1183 825 1268 860 gloria
1286 822 1331 848 est.

305 879 365 904 Mox
380 879 416 902 ait
429 874 561 902 Lic‘torem
574 870 689 897 feminae
701 868 729 894 in
740 866 848 902 publico
859 864 986 891 vnionem
1000 863 1059 889 effe.
1111 863 1203 896 Nempe
1214 857 1332 898 pretiosis

301 911 426 939 monilibus
443 909 614 944 intelliguntur
631 914 680 931 non
698 902 740 937 esse
753 901 866 939 plebeiae.
922 900 963 925 sic
976 898 1086 924 titulum
1106 897 1190 931 tepidi
1204 901 1331 928 temporis

1392 610 1472 636 Μῡῐῑι
1487 609 1585 635 Persec·
1599 617 1625 641 9,
1637 613 1650 637 8
1678 610 1709 635 In
1729 615 1815 635 tantos
1828 607 1899 633 enim
1911 604 1989 631 fastus
2003 601 2059 637 post
2078 602 2141 629 hanc
2155 600 2297 629 vietoriam
2310 599 2428 626 eleuatue

1392 645 1441 671 est:
1459 652 1510 670 tum
1523 644 1580 670 Sen.
1594 643 1672 678 Epist.
1687 652 1716 676 41
1725 651 1769 679 pr,
1790 644 1855 670 Non
1868 643 1925 668 sunt
1938 639 1970 666 ad
1983 638 2083 665 caelum
2100 637 2239 664 eleuandae
2254 644 2362 669 manue,
2378 643 2426 660 nec

1390 679 1538 707 exorandus
1557 678 1677 706 aedituus
1697 685 1742 705 etc.
1783 678 1841 706 Vid.
1863 679 2079 704 SVBLEVATVS.
2134 674 2164 699 Et
2178 671 2299 707 Agroetii
2317 679 2341 704 p.
2357 677 2426 704 2270
2455 681 2458 690 ι

1390 716 1451 741 med.
1474 715 1612 742 Eleuamus
1631 719 1657 740 et
1676 722 1742 747 quae
1760 714 1789 740 in
1809 713 1891 740 altum
1907 710 2075 740 extollimus,
2095 713 2122 734 et
2135 716 2200 742 quae
2214 708 2246 735 ad
2266 707 2353 736 lando,
2373 706 2427 739 (an

2052 745 2143 778 Nempe
2255 741 2276 777 q
2293 751 2306 768 2
2348 741 2445 775 mita--

1389 789 1441 813 tius
1454 786 1584 823 fignificat
1599 783 1786 818 [ἐκφαυλίζειῃ
1797 782 1941 817 ἔυτιλίζειν]
1960 782 2087 810 Minuere,
2100 784 2243 809 extenuare,
2257 785 2279 805 et
2292 786 2332 804 res
2348 774 2430 812 gestas
2454 808 2456 811 Ι

1390 821 1474 848 verbis
1493 822 1636 857 deprimere.
1687 820 1766 845 Vitem
1788 822 1864 851 item,
1887 820 2005 852 leuemque
2028 817 2132 850 aliquem
2151 813 2234 839 verbis
2256 813 2430 845 demonstrare.
2460 826 2461 829 =

1392 857 1454 884 Liu.
1467 866 1491 890 3,
1504 865 1535 883 22
1571 855 1672 886 Mirer,
1685 853 1703 880 fi
1722 862 1790 880 vana
1807 853 1893 880 vestra
1911 854 1937 879 P.
1951 853 1981 879 C.
1994 850 2136 878 auetoritas
2149 848 2181 875 ad
2195 847 2297 882 plebem
2310 848 2345 874 est
2353 868 2362 881 ,
2381 854 2430 873 vos

1391 891 1499 919 eleuatis
1512 900 1578 918 eam.
1639 889 1713 916 Idem
1726 893 1767 919 28,
1779 898 1818 922 44
1846 890 1884 922 Q
1896 888 1993 914 Fabius
2011 896 2051 914 res
2069 885 2149 920 gestas
2168 892 2238 910 meas
2254 885 2284 910 in
2302 883 2431 918 Hispania
2449 907 2453 911 ,

302 946 427 974 ciconiam
446 950 517 971 vocat
535 944 637 969 Petron.
658 949 679 966 c.
693 946 720 972 53
733 948 738 964 :
770 943 793 964 et
812 945 867 964 mox
886 933 1023 961 videbimus
1036 932 1181 960 Elenchum
1199 933 1273 957 etiam
1287 926 1331 962 effe
1339 938 1378 958 20
1392 928 1516 954 eleuauit.
1553 925 1627 962 Conf.
1640 935 1661 951 c.
1674 933 1706 958 43
1718 925 1765 950 bis.
1802 924 1858 950 Cic.
1872 923 1904 950 de
1917 923 2023 950 Amicit.
2037 930 2071 955 90
2091 930 2112 947 c.
2127 928 2162 953 24
2192 919 2232 945 Est
2252 919 2323 946 enim
2341 918 2431 946 varius

475 980 566 1006 quen.
581 978 632 1004 Sat.
651 978 676 1007 6,
695 980 746 1008 457
949 1004 954 1009 ,

664 1023 709 1030 ...-
744 1014 819 1042 turpe
838 1010 910 1040 putat
929 1004 969 1030 ml

456 1050 546 1083 Qum
559 1044 657 1074 virides
670 1052 781 1080 gemmas
796 1041 865 1069 collo
877 1037 1065 1069 circumdedit,
1083 1042 1110 1064 et
1123 1045 1207 1072 quum

456 1083 571 1111 Auribus
591 1081 697 1108 extentis
717 1086 823 1113 magnos
841 1075 970 1104 commisit
989 1072 1123 1100 elenchos.

306 1122 368 1148 Vet.
386 1118 471 1147 Schol.
490 1117 631 1148 Elenchos,
662 1119 680 1141 i.
699 1115 824 1145 vniones,
846 1111 996 1146 margaritas
1015 1109 1151 1143 oblongas.

305 1156 454 1191 petentes-rou
467 1154 584 1187 μεγάλοι,
599 1152 657 1177 Vet.
666 1150 743 1177 Gloffi
756 1148 821 1184 apud
832 1149 927 1183 Rigalt.
939 1145 973 1172 ad
984 1144 1137 1172 Artemidor.
1150 1149 1177 1178 p.
1189 1146 1232 1177 64.
1272 1141 1332 1169 Vid-

303 1191 404 1226 Salmas.
424 1190 451 1216 de
463 1188 536 1216 Modo
555 1187 651 1222 intrar.
672 1192 698 1220 p.
712 1188 767 1219 670.
819 1184 849 1209 Et
862 1184 891 1209 L.
906 1190 935 1214 32
955 1179 1007 1218 §.8
1027 1180 1054 1206 ff.
1075 1179 1107 1206 de
1121 1180 1185 1205 Aur.
1197 1178 1260 1212 Arg.
1281 1177 1332 1211 leg.

305 1225 326 1263 q
344 1235 356 1252 2
391 1224 530 1256 Elenchus,
549 1223 637 1248 Latine
651 1220 743 1250 Index,
760 1217 809 1244 dno*
827 1218 860 1243 τέ
872 1219 983 1250 ἐλέγχειν
990 1236 999 1248 ,
1018 1215 1082 1252 quod
1086 1213 1218 1251 fignificat
1230 1221 1333 1249 arguere

303 1271 332 1288 ac
345 1260 484 1296 patefacere
496 1268 504 1284 .·
529 1257 557 1283 id
570 1254 634 1291 quod
650 1255 731 1290 solent
745 1253 855 1285 indices,
875 1253 905 1279 ab
924 1251 1058 1278 indicando
1075 1252 1206 1276 nominati.
1264 1249 1333 1274 Haec

302 1306 350 1323 vox
367 1304 392 1321 re
409 1301 486 1320 erztur
503 1303 512 1318 ι

300 1302 484 1364 εκεηιρΙξνίόιιπ,
493 1326 582 1360 statim
596 1323 653 1361 post
667 1323 860 1352 Praefationem
869 1344 878 1357 ,
896 1325 926 1351 C.
940 1323 1021 1350 Plinii
1035 1320 1147 1348 Secundi
1159 1319 1333 1347 historiarum

301 1365 390 1392 mundi
411 1362 530 1389 elenchos
553 1361 684 1388 librorum
709 1360 839 1387 omnium.
898 1361 967 1386 Hinc
990 1364 1093 1393 apparet
1107 1376 1114 1388 ‚
1140 1366 1184 1383 cur
1205 1355 1334 1382 Elenchos

299 1401 409 1426 dixerint
421 1402 520 1424 uniones
534 1399 590 1424 illos
604 1399 721 1429 maiores,
741 1401 910 1421 matronarum
926 1394 1033 1420 lictores
1046 1392 1162 1428 quosdam
1179 1397 1203 1417 et
1216 1390 1317 1418 indices
1326 1410 1334 1423 ,

293 1435 319 1472 s.
339 1434 436 1460 titulos.
629 1429 650 1470 ff
677 1440 690 1463 3
725 1429 870 1463 Elemhus,
889 1430 958 1466 apud
973 1431 1078 1466 Logicos
1095 1426 1129 1461 est
1147 1433 1334 1463 argumentum,

300 983 406 1009 titulum.

297 1471 336 1496 vel
353 1470 417 1505 SJyIlo
440 1466 464 1503 s

296 1511 356 1540 opus
367 1477 510 1530 Arigrotelis
529 1502 557 1528 de
575 1502 679 1529 elenchis
692 1499 846 1537 Sophrsticis.

332 1546 348 1566 Ε
359 1545 373 1564 L
383 1545 398 1565 E
409 1545 429 1564 N
439 1544 456 1565 C
464 1545 485 1564 'r
494 1536 506 1564 1⁰
515 1544 531 1564 C
540 1543 559 1563 V
569 1545 581 1564 S
591 1557 599 1569 ,
613 1546 637 1570 a,
650 1547 704 1564 um.
724 1537 784 1564 Adi.
820 1533 996 1571 [ἐλεγκτικδς]
1038 1533 1107 1561 Vnde
1117 1532 1248 1560 Elenffici
1259 1531 1334 1559 libri.

297 1573 427 1609 Quinclil.
441 1581 464 1604 2,
479 1581 512 1605 13,
525 1575 559 1599 26
584 1572 633 1599 Sed
651 1573 699 1599 alii
719 1573 778 1599 sunt
797 1573 855 1598 cius
874 1572 1006 1598 sermones
1025 1569 1057 1596 ad
1071 1568 1267 1603 coarguendos,
1286 1568 1335 1602 qui

298 1616 390 1637 contra
414 1608 558 1642 disputant,
578 1608 728 1642 compositi,
754 1617 818 1642 quos
837 1605 979 1640 ἓλεγκτινιὲς
998 1610 1109 1637 vocant,
1127 1604 1175 1631 alii
1191 1603 1224 1630 ad
1236 1603 1337 1638 praeci-

297 1645 423 1681 piendum
432 1663 440 1677 ,
461 1643 508 1678 qui
523 1640 667 1675 δογματικοῐ
680 1643 851 1677 appellantur.

334 1686 351 1707 E
361 1687 377 1706 L
387 1687 403 1706 Ε
413 1686 432 1705 N
443 1685 464 1706 T
473 1685 489 1705 Ε
499 1686 511 1705 s
519 1685 536 1705 c
545 1684 564 1705 0
572 1696 580 1709 ,
594 1680 646 1705 ere.
679 1680 715 1705 Vt
727 1679 785 1705 suae
800 1676 930 1704 densitatis
944 1675 1028 1711 positu
1040 1674 1178 1702 elentescat
1191 1673 1264 1701 Cael.
1272 1673 1336 1700 Aur.

300 1717 375 1742 Acut.
390 1723 415 1748 2,
430 1719 470 1747 18,
487 1718 539 1743 108.

335 1756 400 1778 ELE
410 1757 428 1775 ο
438 1770 446 1782 ,
471 1749 531 1781 eui,
555 1751 643 1781 etum,
669 1752 722 1775 ere.
758 1746 871 1782 [ῥυπόω]
913 1747 1050 1773 mandare.
1092 1744 1211 1772 Lucilius
1230 1743 1248 1769 l.
1267 1744 1284 1769 6
1309 1741 1337 1769 Si

297 1784 342 1813 hic
358 1785 510 1811 vestimenta
524 1783 607 1809 eleuit
620 1783 693 1816 luto,
712 1782 745 1809 ab
759 1791 792 1809 eo
806 1783 889 1809 risum
903 1791 1026 1815 magnum
1040 1790 1069 1808 ac
1081 1780 1237 1806 cachinnum
1250 1778 1336 1812 impu-

297 1821 360 1847 dens
374 1819 487 1845 subiicit.
531 1818 637 1844 Nonius
655 1828 684 1849 2,
702 1826 756 1852 273.

296 1854 366 1892 poffit
374 1854 436 1891 sane
448 1853 535 1886 elino,
554 1852 624 1878 eleui
641 1855 795 1879 contrarium
809 1852 852 1886 effe
863 1853 934 1879 verbi
947 1852 1039 1883 illino,
1057 1854 1097 1878 vel
1108 1850 1200 1877 allino.

335 1893 615 1917 ELEPHANTIA,
635 1895 675 1913 ae.
703 1886 758 1919 Jiue
776 1893 1127 1918 ELEPHANTmsis,
1148 1885 1178 1911 is.
1208 1884 1228 1910 f.
1264 1883 1336 1917 [ἕλε-

300 1926 444 1959 φοιντιάσις]
481 1921 520 1955 Est
531 1923 623 1957 Leprae
636 1920 756 1958 quoddam
774 1928 868 1956 genus,
888 1921 954 1955 quod
969 1920 1054 1947 reddit
1071 1921 1178 1947 hominis
1197 1924 1275 1944 cutem
1294 1919 1337 1942 ele-

295 1961 443 1997 phantorum
456 1961 506 1985 cuti
515 1956 628 1991 similem.
682 1956 747 1981 Plin.
763 1963 803 1987 20,
818 1964 847 1981 ιο
863 1955 961 1980 Eadem
973 1955 1002 1980 in
1014 1960 1088 1980 aceto
1102 1953 1225 1983 dec06la,
1244 1957 1337 1976 contra

303 1994 476 2030 elephantiam
488 1990 601 2027 proficit.

301 2030 391 2065 Magni
408 2034 516 2056 aetatem
534 2036 588 2053 non
603 2026 718 2053 accidisse
735 2026 763 2052 in
779 2025 872 2058 ltalia,
887 2030 913 2051 et
927 2024 1010 2059 ipsam
1025 2032 1041 2050 a
1060 2023 1129 2049 facie
1147 2022 1250 2056 saepius
1269 2021 1334 2046 inci-

303 2066 416 2101 pientem
431 2075 436 2091 :
468 2065 496 2091 in
508 2071 569 2090 nare
582 2062 667 2097 prima
678 2061 761 2088 veluti
774 2060 912 2092 lenticula,
928 2068 990 2086 mox
1004 2058 1179 2085 inualescente
1193 2066 1239 2091 per
1251 2062 1338 2083 totum

304 2109 413 2135 eorpus,
433 2099 576 2130 maculosa,
597 2097 677 2124 variis
696 2096 846 2128 coloribus,
867 2102 892 2122 et
911 2094 1044 2130 inaequali
1065 2100 1141 2126 cute,
1160 2093 1226 2120 alibi
1244 2092 1338 2124 crassa,

305 2136 371 2163 alibi
384 2135 470 2167 tenui,
483 2134 546 2160 dura
564 2142 613 2169 eeu-
623 2132 709 2159 scabie
728 2132 831 2166 aspera,
849 2130 883 2157 ad
900 2131 1060 2166 postremum
1078 2137 1144 2156 vero
1162 2129 1339 2163 nigrescente,

1208 1104 1317 1133 Elenchi
1325 1124 1334 1138 ,
1346 1115 1378 1142 25
1394 1106 1594 1140 consequantur.

458 1476 510 1493 mus
530 1466 565 1493 ad
581 1466 770 1493 conuincendum
790 1473 812 1492 et
825 1465 1020 1502 redarguendum
1038 1470 1202 1499 comparatus.
1240 1464 1335 1489 Notum
1352 1467 1380 1495 35
1396 1462 1438 1488 ius
1460 1469 1508 1496 pro
1529 1459 1695 1494 superuacuis
1714 1458 1784 1485 Suet.
1795 1457 1863 1484 Tib.
1877 1466 1899 1482 c.
1914 1464 1954 1489 52.

810 1819 869 1844 Alii
885 1817 1037 1844 Emaculare
1055 1823 1171 1851 exponere
1189 1815 1294 1841 malint:
1312 1819 1336 1839 et
1349 1816 1382 1843 45
1398 1812 1488 1840 monia
1501 1811 1633 1845 Qiinctil.
1647 1818 1670 1843 5,
1684 1818 1710 1844 7.

661 1991 733 2018 Idem
748 1992 792 2022 26,
804 1998 813 2016 ι
837 1989 960 2015 Diximus
973 1987 1159 2022 elephantiasin
1172 1992 1231 2012 ante
1245 1987 1336 2019 Pomp.
1353 1991 1385 2016 50
1433 1991 1451 2012 E
1461 1990 1530 2011 [Ἐν
1540 1991 1562 2011 Α
1571 1991 1592 2011 T
1601 1990 1620 2010 ο
1630 1990 1649 2010 R
1659 2001 1667 2015 ,
1689 1981 1752 2008 oris.
1777 1989 1814 2006 m.
1850 1980 1915 2006 Ibid.
1953 1999 1960 2007 .

1393 968 1419 990 et
1430 963 1571 997 multiplex
1590 962 1650 988 vsus
1667 960 1819 992 amicitiae,
1838 959 1990 993 multaeque
2008 958 2097 984 causae
2117 955 2293 990 suspicionum
2313 953 2431 981 offensio·

1393 1007 1511 1033 numque
1534 998 1704 1024 damnantur:
1731 1004 1794 1030 quas
1815 1001 1872 1021 tum
1890 994 2008 1026 euitare,
2026 1000 2083 1020 tum
2101 991 2222 1022 eleuare,
2237 996 2293 1017 tum
2312 991 2384 1017 ferre
2396 989 2432 1016 sa-

1395 1034 1492 1068 pientis
1506 1034 1550 1060 est.
1606 1032 1694 1058 Valer.
1708 1036 1732 1064 8,
1747 1038 1771 1064 ις
1792 1030 1927 1064 Quoniam
1943 1029 2002 1063 ipsis
2016 1026 2202 1055 voluminibus
2212 1026 2321 1052 nomina
2336 1026 2381 1052 sua
2393 1024 2433 1051 di.

1394 1070 1507 1104 ligenter
1520 1068 1664 1098 adiiciunt,
1683 1074 1712 1094 vt
1724 1067 1795 1102 quod
1810 1065 1967 1101 profellione
1980 1064 2093 1097 eleuant,
2105 1061 2274 1097 vsurpatione
2286 1060 2433 1088 memoriae

1639 1102 1768 1135 Eleuant‚
1786 1105 1804 1128 i.
1824 1100 2012 1137 Aspernmzdum
2031 1100 2127 1126 dicunt.
2198 1098 2256 1125 Cic.
2272 1097 2304 1124 de
2319 1098 2393 1123 Orat.
2407 1105 2433 1128 2,
2467 1103 2469 1109 ¹

1394 1149 1443 1173 230
1463 1141 1523 1167 Erat
1542 1146 1628 1166 autem
1642 1144 1713 1165 tanta
1732 1138 1846 1173 grauitas
1863 1138 1890 1163 in
1903 1136 2041 1165 Domitio,
2058 1141 2128 1162 tanta
2147 1133 2306 1165 auctoritas,
2319 1138 2348 1159 vt
2361 1131 2451 1167 quod...

1395 1177 1455 1202 esset
1477 1176 1511 1202 ab
1534 1184 1567 1202 eo
1590 1174 1744 1207 obieffinm,
1764 1172 1856 1209 lepore
1873 1172 1955 1206 magis
1972 1170 2148 1201 eleuandum,
2168 1178 2248 1204 quam
2262 1169 2433 1195 contentione
2467 1188 2470 1196 ,

1394 1210 1569 1246 frangendum
1589 1210 1735 1237 videretur.
1805 1207 1994 1235 Aduersarium
2015 1206 2136 1238 eleuare,
2160 1203 2334 1231 aucloritatem
2356 1203 2451 1234 illinus

1387 1247 1481 1283 fidem,
1494 1253 1518 1273 et
1553 1254 1676 1281 uacunque
1693 1255 1721 1272 re
1738 1242 1864 1280 praestat,
1877 1246 1992 1269 minuere.
2027 1242 2084 1268 Cic.
2104 1241 2137 1268 de
2149 1241 2225 1267 Orat.
2244 1249 2266 1273 2,
2280 1241 2326 1272 236
2352 1238 2448 1273 Qiod'

515 1302 529 1317 n
541 1293 669 1327 principio
684 1292 764 1324 primi
779 1289 840 1315 libri
852 1288 948 1319 Plinii,
966 1288 1010 1314 vbi
1022 1286 1061 1321 fic
1081 1287 1173 1322 legitur
1187 1294 1216 1311 ex
1228 1281 1332 1317 vetustis
1345 1294 1379 1319 30
1394 1283 1493 1318 frangit
1506 1283 1528 1309 A
1549 1282 1705 1313 uersarium,
1721 1279 1793 1315 quod
1806 1278 1928 1314 impedit,
1942 1277 2014 1313 quod
2027 1278 2129 1309 eleuat,
2143 1275 2216 1311 quod
2229 1275 2353 1308 deterret,
2361 1273 2434 1310 quod

1395 1319 1512 1351 refutat,
1526 1324 1570 1344 etc.
1626 1317 1744 1351 Propert.
1756 1324 1783 1348 2,
1796 1324 1841 1349 24,
1854 1323 1891 1349 44
1919 1314 2011 1340 Eleuat
2030 1313 2138 1340 assiduos
2158 1311 2235 1346 copia
2254 1311 2333 1346 longa
2351 1311 2434 1338 viros.

1395 1355 1452 1382 Cic.
1462 1354 1547 1381 Tusc.
1559 1361 1583 1386 3,
1597 1361 1630 1385 34
1649 1352 1730 1379 Nihil
1743 1351 1778 1378 est
1793 1351 1874 1383 enim,
1886 1349 1958 1385 quod
1972 1356 2025 1376 tam
2039 1347 2177 1379 obtundat,
2191 1347 2331 1382 eleuetque
2345 1346 2438 1381 Aegri-

1394 1390 1530 1421 tudinem,
1544 1397 1623 1423 quam
1641 1395 1686 1415 etc.
1757 1386 1816 1414 Liu.
1834 1394 1875 1420 37,
1912 1405 1919 1411 .
1957 1405 1964 1411 .
2000 1384 2082 1411 Cuius
2096 1382 2288 1410 Auctoritatem
2309 1387 2437 1417 perpetuo

1395 1432 1488 1453 tenore
1501 1425 1573 1452 vitae
1587 1429 1698 1459 partam,
1718 1427 1780 1457 toga
1793 1420 1902 1449 candida
1915 1420 2042 1447 eleuabat.
2120 1418 2253 1445 Praeclara
2266 1418 2345 1445 Faeta
2356 1418 2437 1445 alicu-

2024 1454 2116 1482 Tacit.
2130 1462 2157 1487 4,
2195 1474 2201 1480 .
2238 1473 2245 1480 .
2282 1454 2366 1480 Simul
2385 1453 2448 1480 ele-·

1395 1503 1441 1524 vat
1461 1498 1568 1524 Famam
1583 1494 1706 1522 aduersae
1725 1502 1834 1528 pugnae.
1887 1492 1998 1518 Eleuare
2018 1490 2107 1518 verbis
2128 1490 2234 1516 Famam
2255 1488 2330 1516 vrbis
2349 1495 2438 1523 captae

1397 1532 1459 1560 Liu.
1473 1540 1517 1564 20,
1532 1540 1541 1557 1
1554 1537 1619 1557 extr.
1690 1527 1763 1557 Idem
1776 1538 1805 1562 4,
1842 1547 1849 1554 .
1887 1548 1893 1554 .
1930 1528 2022 1561 Itaque
2037 1525 2188 1560 triumphus
2207 1530 2330 1558 negatus:
2355 1530 2437 1552 caete*

1397 1577 1457 1595 rum
1475 1566 1511 1593 ob
1525 1565 1730 1600 Sempronianae
1746 1563 1826 1591 cladis
1848 1563 1978 1589 eleuatam
1992 1562 2186 1595 Ignominiam,
2205 1566 2234 1586 vt
2248 1568 2330 1586 ouans
2343 1560 2437 1587 vrbem

1398 1603 1525 1633 intraret,
1541 1602 1686 1627 concessum
1699 1599 1744 1626 est.
1794 1597 1892 1627 Index,
1905 1597 2088 1631 indiciumque
2104 1596 2259 1623 eleuabatur
2277 1594 2316 1621 Id.
2332 1597 2375 1629 26,
2393 1615 2400 1622 .
2425 1615 2432 1622 .
2466 1603 2467 1606 ’

1344 1646 1382 1673 40
1398 1636 1528 1672 Quinffil.
1543 1644 1566 1669 ς,
1581 1644 1605 1668 ¹3
1631 1636 1832 1670 Nonnunquam
1846 1631 1986 1659 eleuandae
1999 1632 2117 1658 inuidiae
2131 1631 2228 1666 gratia,
2243 1639 2310 1664 quae
2321 1630 2432 1665 asperim

1397 1673 1468 1700 dicta
1482 1672 1557 1705 sunt,
1569 1670 1721 1698 eluduntur.
1793 1667 1976 1696 Multitudinis
1987 1676 2083 1693 noxam
2096 1666 2216 1694 eleuabat
2229 1666 2319 1693 Tacit.
2330 1667 2397 1693 Ann.
2409 1672 2433 1698 ς,

1399 1716 1430 1735 11.
1485 1708 1558 1734 Idem
1571 1708 1638 1733 Ann.
1654 1715 1694 1739 14,
1706 1708 1737 1738 63
1765 1705 1796 1731 Et
1809 1704 1971 1739 praesentem
1985 1702 2127 1729 Saeuitiam
2137 1701 2258 1728 melioris
2271 1700 2338 1727 olim
2350 1701 2434 1727 form-

1398 1751 1447 1769 nae
1460 1742 1645 1769 recordatione
1658 1740 1806 1767 eleuabant.
1876 1739 1933 1765 Cic.
1946 1739 2017 1765 Fam.
2034 1746 2057 1771 ς,
2073 1746 2104 1771 14
2131 1738 2196 1764 Non
2208 1736 2340 1771 intelliges
2353 1734 2437 1769 dupli-

1398 1778 1453 1804 cari
1466 1776 1669 1807 Solicitudines,
1689 1784 1753 1809 quas
1772 1775 1876 1801 eleuare
1894 1779 1939 1799 tua
1952 1780 1977 1799 te
1990 1773 2131 1808 prudentia
2148 1772 2278 1808 postulat?
2347 1769 2439 1798 Testi-

1435 1855 1452 1875 E
1461 1855 1477 1874 L
1486 1854 1503 1874 E
1512 1855 1530 1874 v
1542 1854 1563 1874 Α
1571 1853 1592 1873 Τ
1603 1854 1610 1872 1
1622 1852 1653 1879 0,
1672 1846 1742 1871 onis.
1757 1843 1777 1869 f.
1812 1841 1982 1876 [ἕντιλισμὸς]
2017 1840 2148 1875 Quinctil.
2157 1849 2184 1874 9,
2192 1849 2217 1874 2,
2224 1849 2256 1874 50
2273 1841 2304 1868 Et
2314 1840 2377 1867 illae
2388 1841 2442 1868 ele-

1397 1884 1532 1914 vationes,
1545 1881 1687 1912 videlicet,
1705 1881 1731 1906 O
1751 1878 1792 1905 dii
1810 1878 1885 1905 boni.
1905 1880 1924 1904 i.
1945 1879 2058 1904 Ironicae
2080 1878 2284 1908 exclamationes,
2308 1885 2369 1912 quae
2388 1883 2441 1904 rem

1395 1918 1479 1944 verbis
1492 1925 1580 1951 augere
1593 1916 1725 1946 videntur,
1738 1923 1792 1940 cum
1804 1919 1941 1939 extenuent.

1434 1955 1764 1978 ELEVAMENTVM,
1784 1947 1803 1973 i.
1827 1956 1854 1972 n.
1889 1947 1967 1981 Apud
1985 1945 2123 1980 Augustin.
2160 1965 2167 1972 .
2202 1965 2211 1972 .
2249 1965 2255 1973 .

1433 2020 1571 2051 ELE'vs‚
1590 2027 1620 2051 a,
1637 2027 1693 2044 um.
1728 2015 1789 2042 Adi.
1825 2015 1956 2050 [Ἠλεῖος]
1990 2015 2030 2042 Ab
2043 2014 2130 2048 Elide,
2147 2014 2202 2042 vid.
2222 2021 2299 2043 ELts.
2318 2040 2323 2044 ,
2430 2041 2431 2045 ,
2466 2033 2467 2041 ,

1435 2063 1451 2083 E
1463 2061 1478 2081 L
1489 2063 1505 2083 E
1514 2062 1535 2082 v
1543 2062 1556 2082 s
1567 2062 1576 2080 1
1585 2061 1606 2080 N
1616 2061 1626 2080 1
1634 2061 1668 2086 A,
1687 2056 1773 2078 arum.
1791 2060 1817 2077 n.
1837 2050 1871 2085 pl.
1908 2049 2076 2083 [Ἐλευσίνια]
2112 2052 2190 2078 Sacra
2201 2051 2269 2087 apud
2279 2049 2436 2091 Athenienses

1399 2094 1427 2118 in
1458 2092 1573 2118 honorem
1592 2090 1689 2116 Cereris
1710 2085 1856 2121 nobiltffima
1869 2085 1960 2122 suere,
1979 2085 2012 2112 de
2030 2084 2147 2121 quibus,
2167 2087 2314 2121 Augustino
2329 2086 2388 2121 telle
2401 2086 2433 2116 de

1399 2127 1460 2154 Ciu.
1475 2127 1525 2153 Dei
1540 2133 1567 2160 7,
1604 2142 1611 2152 .
1651 2143 1656 2150 .
1693 2124 1780 2149 Varro
1792 2121 1861 2148 nihil
1876 2122 2078 2156 interpretatur,
2090 2121 2140 2148 nisi
2152 2122 2225 2157 quod
2236 2123 2330 2150 attinet
2342 2122 2374 2150 ad
2382 2122 2436 2150 sru-

306 2178 332 2198 et
351 2171 383 2197 ad
402 2172 452 2197 oss‘a
469 2178 555 2196 carnes
567 2168 728 2204 apprimente
740 2166 972 2193 intumescentibus
985 2165 1076 2200 digitis
1090 2165 1117 2191 in
1131 2164 1240 2199 pedibus
1253 2163 1338 2189 mani-
1355 2171 1384 2198 55
1401 2168 1519 2188 mentum
1530 2180 1538 2193 ,
1547 2160 1620 2195 quod
1632 2160 1711 2186 Ceres
1730 2158 1851 2190 inuenit,
1865 2164 1890 2183 et
1908 2156 1942 2183 ad
1956 2157 2152 2192 Proserpinam,
2166 2167 2244 2193 quam
2257 2159 2377 2193 rapiente
2388 2159 2438 2187 Or,

1217 2198 1337 2226 Scribon.

306 2208 416 2242 busque.
450 2205 558 2239 Aegypti
572 2204 703 2239 peculiare
716 2203 765 2229 hoc
778 2203 886 2229 malum.
928 2201 986 2228 Vid.
1003 2201 1069 2227 Cels.
1085 2209 1108 2233 3,
1123 2208 1163 2232 ις.
1205 2235 1220 2261 S

1222 2242 1338 2261 ammon.

308 2250 363 2275 2.ςο.
415 2240 480 2267 Plin.
493 2243 518 2273 6,
531 2249 566 2273 ¹4·
585 2244 618 2270 18,
630 2247 673 2272 24.
693 2245 716 2265 et
733 2245 772 2270 25,
787 2245 808 2270 ς.
831 2243 855 2264 et
867 2242 907 2270 28,
922 2246 938 2270 9
957 2254 966 2259 -
984 2245 1020 2263 12.
1042 2243 1065 2262 et
1082 2245 1121 2268 30,
1135 2244 1168 2268 13-

308 2287 334 2305 v.
347 2285 384 2309 ¹33
405 2276 475 2311 seqq.
516 2274 578 2309 Voſj:
592 2274 620 2301 de
639 2276 690 2300 Vit.
703 2274 777 2300 serm.
790 2283 809 2304 1,
819 2282 857 2305 32.
894 2273 986 2300 Crinit.
1000 2272 1028 2298 de
1043 2273 1076 2298 H.
1090 2273 1124 2298 D.
1138 2281 1177 2303 20,
1192 2280 1227 2297 10.
1273 2269 1339 2296 Plin.

309 2321 348 2346 ις,
364 2321 376 2345 5
395 2311 514 2338 Medetur
527 2311 562 2337 ita
577 2309 753 2336 comitialibus
766 2309 882 2340 morbis,
900 2308 1045 2343 vertigini,
1065 2305 1280 2338 melancholicis,
1300 2305 1340 2331 in-

308 2347 481 2378 sanientibus,
499 2345 677 2380 lymphaticis,
696 2344 859 2379 elephantiae
872 2343 962 2376 albae,
981 2344 1079 2377 lepris,
1097 2349 1142 2368 etc.

342 2389 359 2409 Ε
368 2390 383 2409 1,
392 2389 407 2409 E
416 2390 430 2409 P
439 2390 459 2408 H
468 2389 517 2408 AN
527 2388 547 2407 ‘r
558 2388 566 2407 1
577 2380 599 2407 A
609 2388 625 2407 c
634 2388 688 2411 vs,
707 2389 731 2412 a,
751 2389 803 2406 um.
840 2379 902 2406 Adi.
937 2380 989 2413 Qi
1001 2379 1046 2404 hoc
1059 2377 1140 2402 morbo
1153 2376 1258 2402 laborat.
1282 2375 1340 2401 Fir-

307 2417 366 2445 mic.
380 2423 403 2450 8,
418 2426 445 2450 19
470 2416 595 2444 Vicelima
607 2416 683 2443 tertia
696 2424 753 2449 pars
761 2415 866 2445 Arietis,
882 2414 899 2440 si
915 2413 942 2440 in
957 2413 1107 2444 horoscopo
1125 2411 1209 2436 fuerit
1223 2411 1340 2441 inuenta,

306 2453 483 2480 strumaticum
504 2453 595 2482 faciet,
618 2451 764 2477 exulcerata
783 2451 945 2477 macularum
963 2446 1022 2473 labe
1041 2445 1191 2479 possessum,
1212 2444 1255 2470 vel
1270 2451 1340 2470 certe

308 2489 481 2523 elephantiaca
500 2487 654 2522 contagione
672 2486 841 2513 maculatum.

341 2531 357 2550 E
368 2530 382 2549 L
396 2530 410 2549 E
421 2530 435 2549 Ρ
445 2530 464 2550 Η
474 2529 552 2550 ΑΝΤ
562 2522 575 2549 f
585 2529 602 2549 C
613 2529 672 2555 vs,
691 2531 716 2554 a,
736 2531 789 2548 um.
828 2519 888 2548 Adi.
926 2516 1000 2544 Idem.
1037 2514 1145 2541 Firmic.
1164 2519 1192 2545 8,
1212 2519 1240 2544 28
1265 2514 1340 2540 Sexta
1354 2516 1386 2547 65

310 2567 366 2592 pars
380 2558 542 2593 Capricorni,
560 2557 577 2584 si
596 2558 624 2584 in
642 2557 790 2591 horoscopo
803 2556 887 2582 fuerit
905 2553 1026 2581 inuenta,
1037 2550 1168 2582 ,homines
1180 2550 1276 2581 faciet,
1292 2549 1340 2584 qui

308 2594 410 2621 tandem
424 2593 606 2620 miserabiliter
619 2592 778 2627 elephantici
793 2591 952 2617 moriantur.

343 2636 359 2656 Ε
369 2636 384 2655 L
392 2636 407 2656 E
417 2636 431 2655 Ρ
441 2636 460 2655 Η
470 2635 519 2655 ΑΝ
528 2634 549 2654 T
558 2636 567 2655 1
577 2636 596 2655 o
606 2635 618 2655 s
627 2636 646 2655 v
656 2635 668 2655 s
677 2647 685 2660 ,
705 2636 729 2659 a,
750 2635 804 2652 um.
841 2624 902 2652 Adi.
937 2621 1013 2650 Idem.
1051 2620 1187 2655 Augustin.
1200 2619 1233 2646 de
1246 2619 1340 2646 Genes.

309 2672 335 2697 9,
350 2671 386 2691 10.
422 2664 494 2700 Conf.
510 2665 598 2698 Veget.
613 2672 633 2696 1,
647 2671 684 2695 19.
720 2661 842 2688 Priscian.
858 2669 878 2691 1,
892 2668 915 2691 3.

1399 2207 1431 2224 co
1451 2196 1575 2232 perdidit.
1618 2196 1680 2222 Vide
1695 2195 1772 2229 plura
1790 2192 1857 2229 apud
1873 2192 1971 2219 eundem
1984 2192 2120 2228 Angustia.
2133 2194 2166 2221 de
2183 2194 2244 2221 Ciu.
2257 2194 2309 2221 Dei
2321 2198 2349 2229 7,
2388 2213 2396 2220 .
2429 2213 2439 2220 .

1398 2233 1517 2260 Eleusina
1531 2231 1668 2266 factasunt
1678 2228 1770 2256 Iustin.
1783 2237 1809 2262 2,
1822 2236 1849 2263 7,
1866 2237 1885 2255 1.

1438 2275 1455 2295 E
1466 2275 1480 2293 L
1491 2273 1616 2299 EVSIS,
1635 2273 1660 2292 et
1680 2271 1860 2297 ELEVSlN,
1883 2264 1915 2290 is.
1943 2263 1964 2290 f.
1998 2263 2013 2297 [
2025 2262 2131 2289 Ἐλευσὶς
2143 2264 2157 2297 ]
2195 2262 2319 2298 Oppidum
2335 2263 2438 2290 Atticae

1400 2303 1487 2339 versus
1500 2304 1646 2338 Megaram,
1659 2304 1686 2326 in
1708 2308 1754 2335 qua
1774 2303 1889 2336 regnauit
1906 2297 2039 2331 Eleufius,
2057 2306 2125 2333 quem
2146 2298 2218 2324 Ceres
2240 2297 2324 2324 docuit
2346 2306 2438 2330 omnem

1353 2345 1388 2370 60
1401 2340 1597 2376 agriculturam:
1619 2343 1642 2362 et
1655 2339 1682 2362 in
1696 2345 1723 2362 ea
1738 2334 1839 2370 mystica
1852 2336 1949 2362 Cereris
1966 2333 2165 2366 celebrabantur,
2179 2343 2194 2359 a
2208 2342 2255 2368 qua
2273 2339 2327 2359 tota
2335 2335 2440 2368 prouin-

1401 2379 1442 2401 cia
1457 2373 1574 2400 Eleusine
1592 2370 1662 2398 ditia
1682 2369 1722 2404 cst.
1759 2373 1794 2397 Ex
1809 2370 1890 2398 Strab.
1902 2380 1927 2404 9.
1997 2369 2085 2396 Attica
2101 2368 2199 2395 Eleusis
2212 2369 2271 2395 Sen.
2284 2369 2364 2394 Herc.
2376 2369 2435 2398 Oet.

1402 2411 1420 2436 s.
1435 2417 1457 2443 ς.
1528 2407 1645 2435 Cerealis
1666 2406 1762 2433 Eleusis
1785 2406 1867 2435 Ouid.
1892 2404 1971 2440 Epist.
1987 2413 2014 2438 4,
2026 2407 2070 2440 67.
2154 2404 2212 2431 Cic.
2224 2403 2256 2430 de
2269 2403 2305 2430 N.
2320 2403 2351 2429 D.
2363 2411 2381 2434 t,
2393 2411 2433 2437 119

1401 2454 1423 2471 c.
1440 2452 1473 2477 42
1508 2442 1612 2471 Omitto
1632 2442 1767 2475 Eleusina,
1785 2442 1900 2469 ranetam
1917 2440 1991 2468 illam
2011 2446 2038 2467 et
2057 2438 2209 2474 augustam,
2229 2438 2284 2466 Vbi
2300 2438 2432 2468 initiantur

1401 2487 1489 2514 gentes
1503 2487 1610 2506 orarum
1626 2478 1744 2504 vltimae.
2403 2488 2406 2490 ·
2424 2489 2425 2493 =

1439 2521 1456 2541 Ε
1467 2522 1481 2540 L
1493 2522 1510 2542 E
1520 2522 1538 2540 ν
1549 2521 1561 2540 s
1571 2515 1584 2540 1’
1593 2521 1613 2540 N
1623 2520 1643 2539 ν
1652 2520 1680 2545 s,
1699 2521 1730 2544 a,
1753 2521 1809 2538 um.
1846 2511 1907 2538 Adi.
1943 2510 2117 2545 [Ἐλευσίνιος]
2158 2511 2206 2542 Vt,
2218 2510 2305 2537 Mater
2323 2507 2439 2538 Eleusina

1402 2550 1482 2611 Clerqp
1512 2549 1587 2584 Virg.
1605 2549 1703 2582 Georg.
1723 2555 1748 2580 1,
1769 2549 1812 2578 163
1851 2545 1998 2579 Tardaque
2023 2545 2157 2572 Eleusinae
2181 2545 2276 2573 Matris
2306 2543 2442 2576 voluentb
2456 2556 2458 2568 1

1429 2594 1460 2611 au
1485 2593 1522 2611 ra.
2428 2602 2432 2609 ,

1401 2595 1416 2620 p
1436 2627 1453 2647 E
1463 2627 1479 2646 L
1489 2627 1505 2647 ε
1514 2626 1534 2645 ν
1544 2625 1566 2647 τ
1575 2625 1595 2646 u
1604 2625 1620 2645 ε
1628 2625 1648 2645 R
1657 2625 1679 2645 Α
1687 2624 1704 2645 13
1713 2637 1722 2650 ‚
1740 2625 1824 2644 arum.
1839 2615 1858 2642 f.
1877 2615 2057 2651 [Ἐλευθέραν]
2075 2615 2213 2650 Oppidum
2221 2614 2360 2647 Boeotiae,
2372 2614 2441 2644 inter

1402 2655 1538 2690 Megaram
1553 2660 1579 2681 et
1592 2653 1719 2687 Thebas,
1738 2661 1770 2678 ex
1783 2660 1835 2686 qua
1848 2652 1947 2682 Myron
1960 2651 2006 2677 ille
2019 2651 2115 2678 bucula
2125 2657 2263 2686 tantopere
2274 2649 2442 2684 nobilitatus,

344 2706 384 2726 EL
393 2706 408 2725 Ε
418 2707 432 2726 r
442 2706 461 2725 Η
470 2707 491 2726 Α
502 2706 520 2724 Ν
532 2705 553 2725 Τ
564 2707 595 2726 is
604 2718 611 2729 ,
629 2699 660 2724 is.
685 2696 704 2723 f.
743 2696 801 2722 Nili
813 2695 893 2730 insula
906 2691 948 2726 est.
984 2689 1052 2717 Plin·
1064 2697 1087 2722 ς,
1101 2699 1117 2723 9
1136 2689 1285 2724 Elephantis
1299 2690 1339 2716 in·
1353 2698 1388 2726 70
1403 2697 1491 2718 ortum
1509 2690 1611 2717 traxisse
1623 2689 1718 2715 fertur.
1753 2685 1852 2714 Auctor
1869 2685 1936 2712 Plin.
1949 2694 1978 2719 4,
1990 2694 2016 2720 7.
2034 2692 2059 2712 et
2079 2694 2122 2719 34,
2135 2691 2157 2716 8.

311 2735 365 2760 sula
385 2735 453 2760 infra
469 2734 633 2760 nouissimnm
652 2731 813 2762 cataracten,
832 2725 1015 2764 nauigationis·
1025 2726 1167 2759 Aegyptiae
1186 2726 1255 2751 finis.
1297 2726 1340 2751 Ibi

314 2769 481 2803 Aethiopicae
498 2770 657 2796 conueniunt
672 2775 766 2798 naues,
787 2771 900 2798 namque
921 2770 962 2788 eas
981 2760 1107 2794 plicatiles
1125 2760 1242 2786 humeris
1261 2766 1343 2786 trans-

313 2804 410 2835 ferunt,
425 2805 525 2838 quotics
538 2805 568 2831 ad
581 2802 719 2830 catat-astas
733 2806 842 2827 ventum
854 2797 897 2824 est.
934 2795 1001 2823 Add.
1017 2795 1054 2820 Id.
1067 2803 1111 2827 24,
1125 2801 1162 2828 ¹7·
1202 2828 1209 2834 ⁶
1289 2792 1309 2831 q
1329 2800 1341 2820 2

314 2838 354 2871 Est
367 2847 389 2864 ct
402 2839 545 2873 Elephantis
554 2859 561 2871 ,
584 2841 693 2865 Feminae
707 2839 794 2863 Poetae
806 2842 906 2863 nomen,
924 2834 994 2857 cuius
1008 2833 1118 2855 meminit
1131 2828 1246 2855 Martial.
1262 2836 1288 2854 12
1311 2828 1343 2854 ad

313 2874 458 2905 Sabellum,
478 2875 533 2900 Nec
545 2873 639 2900 molles
651 2870 835 2906 Elephantidos
847 2867 942 2894 libelli.
1008 2899 1014 2905 ·
1325 2896 1331 2902 ἢ

349 2916 390 2935 Et.
402 2909 535 2941 iiPHAs,
554 2909 633 2936 antis:
665 2914 688 2934 et
708 2911 857 2933 ELEPHA
869 2908 993 2932 NTvs‚
1007 2898 1343 2932 1.111.[3Moeoe5]Maxr-

314 2953 386 2971 mum
400 2944 551 2970 animalium
564 2943 743 2973 terrestrium,
762 2940 966 2974 proximumque
987 2934 1106 2961 humanis
1120 2933 1246 2968 sensibus,
1262 2935 1345 2968 inquit

314 2980 379 3006 Plin.
393 2985 415 3012 8,
428 2988 436 3006 1
463 2983 504 3015 qui
516 2982 580 3006 locus
599 2979 633 3005 ad
651 2987 673 3004 c.
688 2985 714 3003 12
740 2983 815 3010 usque
833 2972 944 3006 clafficus
957 2968 1008 3003 est,
1023 2977 1066 2995 nec
1085 2971 1236 3005 negligenter
1248 2977 1263 2994 a
1275 2969 1345 2994 nobis

313 3016 368 3041 olim
383 3013 519 3048 illustratus
533 3018 559 3040 in
573 3011 765 3045 Chrellomathia
780 3011 897 3035 Pliniana
914 3014 942 3045 p.
962 3014 1010 3039 249
1026 3018 1035 3024 -
1054 3012 1115 3044 290..
1159 3005 1214 3031 Cic.
1230 3003 1343 3038 Philipp.

311 3058 333 3083 5,
347 3053 381 3083 46
407 3054 432 3075 in
446 3056 565 3084 apparatu
579 3049 662 3075 bellico
675 3046 790 3080 equites,
817 3041 961 3076 sagittarii,
986 3039 1125 3073 elephanti.

314 3085 451 3112 beluarum
469 3084 541 3110 nulla
557 3082 713 3117 prudentior
742 3078 815 3106 Idem
829 3077 861 3103 de
874 3077 910 3103 N.
925 3076 956 3102 D.
971 3083 990 3106 ι,
1003 3080 1033 3107 98
1048 3084 1068 3099 c.
1084 3082 1118 3107 33.
1188 3074 1343 3109 Elephanto—

313 3129 372 3147 rum
394 3119 529 3146 acutiffimi
549 3119 634 3143 sensus
660 3116 696 3141 Id.
711 3114 743 3140 de
756 3114 790 3140 Ν.
809 3113 840 3139 D.
852 3120 864 3137 2
882 3113 960 3149 ⁰:⁶0·
1031 3109 1189 3143 Anguimani
1211 3109 1345 3145 elephanti

312 3156 418 3182 Lucret.
434 3162 460 3185 2,
474 3161 527 3186 537-
565 3154 604 3178 Sic
618 3149 683 3177 dil-'Ii
690 3168 696 3180 ,
709 3148 772 3184 quod
785 3156 880 3173 manum
887 3148 942 3179 Jrue
950 3143 1114 3180 proboscidem
1122 3144 1233 3180 stetlunt
1245 3155 1274 3171 ac
1287 3154 1343 3171 con—

311 3196 426 3230 torquent
440 3195 467 3214 ut
481 3195 570 3222 angues
580 3188 684 3245 ἰνορνὶα
695 3191 805 3217 corpora.
877 3181 975 3207 Audiui
990 3180 1061 3213 saepe
1076 3181 1123 3206 hoc
1136 3180 1216 3214 vulgo
1228 3188 1241 3206 a
1253 3181 1343 3206 multis

315 3225 413 3256 dicier,
431 3223 513 3249 solere
527 3221 582 3254 elep
604 3226 691 3245 antum
705 3218 840 3252 grauidam
852 3222 989 3250 perpetuos
1004 3215 1091 3241 decem
1105 3216 1152 3241 esse
1165 3224 1245 3241 annos
1263 3216 1342 3242 Plaut.
1360 3218 1389 3249 83

315 3259 394 3286 Stich.
413 3268 432 3290 1,
446 3266 466 3289 3,
482 3265 514 3289 ¹3·
551 3255 616 3281 Add.
634 3254 708 3287 Apul.
725 3255 788 3279 Met.
805 3261 823 3278 1.
863 3251 970 3277 Getulus
987 3251 1081 3276 Lucan.
1096 3253 1122 3282 6,
1159 3270 1164 3276 .
1203 3270 1208 3276 .
1264 3252 1343 3277 Mart.

315 3295 404 3328 Capel.
419 3302 436 3326 9
454 3291 606 3325 Elephantes
621 3289 722 3315 Indicos
735 3289 856 3322 organica
872 3285 1013 3320 permulsos
1027 3285 1138 3311 detineri
1152 3294 1216 3311 voce
1227 3295 1346 3320 comper-

317 3335 381 3355 tum.
454 3327 568 3358 Libycus
576 3326 669 3350 Lucan.
686 3327 711 3355 6,
725 3332 780 3354 205·
852 3323 993 3356 Nigrantes
1009 3320 1130 3346 Sidonius
1142 3320 1169 3346 in
1183 3321 1269 3355 Burgo
1281 3322 1346 3348 Pon·

316 3364 349 3390 tii
364 3363 478 3389 Leontii.
550 3361 641 3386 Manus
660 3360 739 3386 etiam
753 3359 810 3384 data
823 3356 953 3392 elephanti
971 3356 1027 3382 Cic.
1042 3356 1073 3382 de
1087 3356 1121 3382 N.
1137 3355 1168 3382 D.
1185 3365 1205 3386 2,
1220 3364 1260 3388 123
1291 3358 1345 3383 Ma-

983 2864 1041 2891 Vid-
1055 2864 1123 2890 Suet.
1134 2863 1233 2889 Tiber.
1250 2872 1270 2889 c.
1283 2871 1324 2897 43.
1355 2871 1387 2899 75
1403 2866 1541 2891 Libertatis
1559 2861 1682 2890 aufforem
1696 2865 1883 2897 interpreteris,
1896 2864 2044 2889 Graecorum
2057 2860 2100 2895 est.

1197 3039 1341 3073 Elephanto
1359 3045 1391 3071 80

1437 2733 1453 2753 E
1463 2733 1478 2752 L
1488 2733 1504 2753 F.
1515 2732 1533 2751 ν
1546 2732 1566 2751 T
1576 2731 1596 2751 11
1608 2731 1623 2751 Ε
1632 2731 1651 2751 R
1660 2731 1669 2751 1
1679 2731 1700 2750 v
1708 2730 1721 2750 s
1729 2742 1738 2756 ‚
1750 2730 1835 2755 a,um.
1855 2720 1917 2748 Adi.
1936 2721 2094 2757 [ἐλευθέριος]
2113 2723 2204 2748 Latine
2210 2721 2303 2748 dicitur
2310 2719 2442 2752 Liberalis,

1401 2765 1530 2798 ingenuus.
1550 2761 1618 2787 Hinc
1625 2758 1783 2788 Eleutheria,
1796 2765 1890 2783 orum:
1908 2757 2043 2783 Libertatis
2051 2756 2189 2793 sollemnia.
2222 2757 2307 2784 Plaut.
2314 2756 2382 2783 Pers.
2391 2763 2441 2789 ι,ι,

1403 2805 1434 2828 29
1454 2796 1561 2822 Basilice
1581 2795 1653 2828 agito
1672 2793 1820 2821 eleutheria
1854 2801 1903 2818 vox
1913 2791 1987 2825 serui
1994 2798 2041 2827 per
2059 2792 2115 2819 heri
2132 2792 2267 2827 absentiam
2279 2792 2421 2826 lafiiuient'
2432 2808 2441 2818 .

1404 2830 1571 2857 Eleutherius
1588 2829 1702 2863 Iupiter,
1728 2813 1894 2861 [³EMu53'qios
1914 2826 1991 2862 Zetis]
2011 2836 2082 2863 quem
2104 2828 2193 2854 Latine
2215 2825 2383 2853 Liberatorem
2391 2845 2400 2858 ‚

2170 2859 2338 2888 Eleutherius
2351 2861 2442 2896 Liber,

1403 2903 1422 2926 i.
1444 2899 1555 2926 Bacchus
1569 2899 1676 2925 Athenis
1687 2898 1820 2924 celebratus
1833 2897 1932 2924 Arnob.
1944 2900 1961 2924 6
1978 2907 2004 2932 p.
2018 2905 2080 2931 207.

1441 2941 1458 2961 ε
1470 2941 1485 2960 L
1496 2941 1513 2961 Ε
1521 2942 1541 2961 ν
1551 2941 1571 2961 T
1581 2941 1601 2960 11
1611 2940 1627 2960 E
1635 2941 1653 2960 a
1664 2941 1682 2960 0
1691 2940 1708 2960 c
1719 2941 1727 2959 1
1738 2940 1754 2959 L
1764 2941 1773 2959 1
1780 2939 1797 2959 c
1804 2939 1820 2959 E
1829 2940 1842 2960 s
1852 2953 1861 2965 ,
1875 2943 1927 2959 um.
1936 2942 1972 2958 m.
1992 2930 2240 2966 [Ἔλινὲιιροκίλινιιι]
2259 2931 2349 2959 Cilices
2359 2931 2439 2960 liberi.

1406 2970 1462 2997 Cic.
1472 2971 1525 2996 Att.
1540 2978 1563 3002 ς,
1577 2978 1610 2995 20
1635 2968 1868 2996 Eleutherocilices
1879 2968 1972 3003 populi
1985 2968 2015 2994 in
2027 2968 2146 2998 Amano,
2157 2975 2191 2992 ne
2208 2966 2315 3002 regibus
2331 2967 2441 3004 quidem

1404 3014 1520 3040 vnquam
1535 3010 1681 3039 paruerant.
1716 3005 1788 3031 Idem
1800 3004 1872 3030 Fam.
1886 3011 1920 3036 15,
1931 3012 1959 3037 4.

1440 3047 1456 3068 ε
1466 3048 1481 3067 L
1489 3047 1504 3067 E
1512 3047 1531 3066 ν
1544 3048 1565 3067 T
1573 3046 1594 3066 H
1603 3046 1619 3066 E
1628 3047 1646 3066 R
1655 3047 1674 3066 o
1681 3046 1703 3070 S,
1717 3040 1735 3066 i.
1743 3049 1777 3066 m.
1794 3038 1957 3074 [Ἐλεύθερος]
1974 3039 2072 3065 Flumen
2081 3035 2113 3069 est
2121 3040 2193 3063 iuxta
2200 3036 2340 3071 Orthosiam
2347 3037 2440 3071 vrbem,

1405 3085 1466 3112 quae
1479 3074 1511 3108 eli
1532 3079 1559 3101 in
1573 3074 1656 3102 radice
1670 3075 1760 3101 Libani
1777 3078 1878 3102 montis.
1913 3074 1978 3102 Plin.
1989 3082 2016 3107 9,
2032 3082 2061 3100 10
2080 3072 2243 3100 Testudines
2254 3073 2283 3099 in
2296 3072 2440 3101 Phoenicio

1405 3112 1472 3138 mari
1485 3110 1557 3138 vltro
1570 3110 1696 3141 veniunt,
1719 3109 1814 3137 statuto
1826 3116 1945 3145 tempore
1958 3109 2021 3136 anni
2033 3109 2061 3135 in
2074 3117 2178 3135 amnem
2192 3107 2440 3136 Eleutherum'effit.

1405 3147 1429 3173 sa
1452 3146 1634 3173 multitudine.
1674 3145 1789 3172 Notabile
1806 3145 1839 3178 est
1859 3154 1944 3172 nomen
1956 3144 2038 3172 Eleud
2056 3142 2198 3178 testudinem
2209 3143 2356 3181 significare
2372 3146 2440 3174 Ara.

1404 3183 1488 3209 bibus.-
1509 3183 1574 3209 vnde
1583 3182 1657 3218 sorte
1672 3180 1718 3217 ἱρῇ
1728 3180 1917 3218 fluuio'nomen.

1817 3255 1844 3285 E
1922 3252 1948 3285 L
2030 3252 2044 3283 1

1440 3330 1457 3350 Ε
1466 3330 1482 3351 L
1492 3330 1501 3350 1
1511 3330 1527 3351 Β
1536 3330 1566 3354 0,
1579 3328 1631 3350 are.
1650 3322 1727 3359 Apud
1738 3322 1867 3350 Tacitum
1881 3320 1924 3356 effi
1936 3322 2030 3349 dicitur
2038 3341 2046 3354 ‚
2058 3328 2082 3348 et
2086 3320 2234 3359 significare
2247 3321 2389 3356 Effundere.

1442 3366 1458 3385 r
1469 3366 1483 3385 L
1493 3367 1500 3385 1
1511 3366 1527 3386 a
1536 3365 1585 3386 AT
1597 3366 1635 3386 10
1643 3379 1652 3391 ,
1675 3359 1741 3385 anis.
1761 3359 1781 3384 f.
1816 3358 1960 3387 ,adducitur
1979 3367 2009 3385 ex
2029 3357 2130 3386 Plinio:
2142 3357 2191 3396 sed
2207 3367 2255 3384 non
2274 3358 2345 3386 habet
2362 3357 2442 3385 Iudeis

318 3407 380 3424 num
402 3403 472 3423 uocat
489 3395 657 3435 probosquien,
671 3395 714 3429 seu
739 3393 842 3426 rostrum
863 3396 1001 3428 oblongum,
1021 3400 1065 3426 quo
1087 3395 1167 3417 utitur
1183 3394 1237 3417 vice
1251 3401 1345 3418 manus.
1358 3400 1394 3424 90
1408 3394 1532 3421 nardum.

318 3432 437 3460 Celerius
458 3430 588 3465 elephanti
608 3435 708 3464 pariant
721 3429 785 3455 Plin.
802 3429 827 3454 in
842 3428 923 3462 praef.
993 3426 1130 3460 Elephanti
1147 3427 1222 3453 corio
1236 3427 1346 3453 circum-

318 3468 386 3502 tegi.
403 3467 552 3501 prouerbiali
569 3465 653 3500 figura
672 3472 718 3499 pro
733 3465 808 3491 Nihil
822 3464 923 3499 fintire.
962 3464 1027 3489 Nam
1046 3471 1098 3488 cum
1115 3462 1238 3496 elephanti
1252 3466 1346 3489 corium

318 3501 467 3531 durislimum
488 3501 521 3533 lit
537 3507 558 3526 et
575 3500 752 3535 crqffiffimum,
767 3498 872 3534 proinde
888 3498 927 3532 fit,
947 3504 977 3524 vt
995 3497 1116 3532 elephanti
1135 3507 1215 3523 mmus
1224 3497 1346 3532 sentiant.

319 3538 422 3565 Plautus
436 3536 493 3563 Mil.
506 3545 532 3568 2,
546 3544 571 3568 2,
585 3540 616 3566 80
653 3536 737 3562 Herus
755 3543 828 3561 meus
849 3533 979 3568 elephanti
1000 3533 1075 3559 corio
1096 3532 1278 3559 circumteclus
1301 3534 1345 3565 elt,

318 3582 372 3599 non
396 3573 451 3598 suo.

319 3609 394 3642 Vix-g.
408 3608 503 3640 Georg.
517 3613 538 3638 3,
552 3612 585 3639 27
612 3607 642 3632 ln
661 3605 764 3632 foribus
784 3614 896 3640 pugnam
914 3612 945 3630 cx
959 3611 1024 3629 auro
1045 3603 1180 3637 solidoque
1198 3604 1345 3638 elephanto.

317 3643 391 3670 ldcm
414 3643 477 3669 Aen.
503 3649 522 3673 3,
542 3643 606 3674 464.
646 3641 704 3668 Vid.
734 3648 841 3668 EBVR.
912 3638 1068 3673 Elephantus
1090 3638 1216 3673 candens,
1233 3644 1252 3667 i.
1271 3641 1345 3668 Ebur.

318 3679 394 3713 Virg.
406 3678 469 3705 Aen.
485 3679 510 3708 6,
524 3678 572 3708 896

471 3712 534 3738 Sunt
547 3710 664 3744 geminae
676 3711 766 3738 Somni
784 3716 873 3746 portae
882 3730 890 3742 ‚
909 3716 1021 3744 quarum
1033 3708 1113 3735 altera
1126 3709 1210 3736 fertur

472 3748 587 3773 Cornea:
607 3755 657 3781 qua
668 3748 737 3773 veris
751 3747 838 3773 facilis
852 3746 929 3771 datur
943 3745 1026 3770 exitus
1041 3744 1153 3770 vmbris:

475 3782 561 3808 Altera
577 3782 696 3808 candenti
710 3782 826 3816 perfecta
839 3781 925 3807 nitens
937 3780 1083 3814 elephanto.

319 3817 343 3856 q
360 3826 372 3851 3
408 3817 515 3852 Elephas
527 3820 599 3843 ctiam
610 3824 657 3852 pro
668 3817 754 3843 Morbo
767 3815 924 3852 elephantiasi
937 3814 1040 3843 Lucret.
1055 3817 1081 3847 6,
1097 3821 1141 3841 112.
1178 3813 1264 3841 Sei-en.
1279 3813 1347 3842 Sam-

318 3863 390 3881 mon.
403 3862 427 3880 v.
444 3862 489 3885 ¹33·
509 3860 532 3879 et
545 3852 621 3886 Apul.
635 3852 668 3879 de
681 3852 763 3878 Herb.
776 3861 797 3879 c.
812 3853 852 3883 36.
1006 3849 1026 3888 fl
1045 3858 1063 3883 4
1101 3852 1169 3877 Inter
1185 3854 1281 3876 marina
1294 3855 1349 3876 ani-

317 3891 392 3915 malia
404 3888 469 3915 Plin.
484 3897 520 3920 32,
533 3895 555 3913 11
586 3888 721 3922 Elephanti
734 3886 891 3914 locustarum
904 3885 1014 3920 generis,
1028 3885 1108 3920 nigri,
1120 3884 1228 3919 pedibus
1244 3892 1347 3921 quater-

1355 3754 1403 3774 100
1410 3751 1551 3788 impetrare.

1442 3433 1669 3461 E113R0‚5re.
1690 3438 1718 3454 ex
1736 3429 1797 3463 Dig.
1831 3448 1839 3455 .
1875 3448 1882 3455 .
1920 3447 1927 3455 .

1442 3471 1476 3492 ει
1496 3471 1572 3496 len,
1608 3464 1660 3490 vid.
1697 3471 1740 3491 HE
1753 3469 1853 3491 LICE.

1444 3506 1461 3527 E
1470 3506 1485 3525 1.
1494 3506 1503 3525 1
1513 3505 1528 3525 c
1538 3507 1556 3525 n
1566 3506 1584 3525 R
1593 3500 1634 3526 r’s
1644 3507 1661 3525 v
1673 3506 1711 3530 M,
1731 3500 1749 3526 i.
1770 3509 1796 3526 n.
1835 3499 1917 3526 Herba
1929 3499 2091 3536 umbellifera.
2126 3497 2192 3526 Plin.
2205 3505 2244 3531 21,
2257 3503 2294 3530 ες.

1447 3541 1463 3561 Ε
1476 3542 1481 3559 1
1501 3542 1507 3560 1
1519 3541 1535 3560 c
1548 3542 1556 3560 1
1569 3542 1588 3558 υ
1599 3554 1605 3565 ,
1628 3535 1654 3560 ui
1664 3555 1671 3566 ,
1696 3538 1762 3561 ‘itum
1771 3555 1779 3567 ‚
1806 3537 1858 3561 cre.
1894 3535 1906 3569 [
1913 3534 2006 3569 ἐξάγω]
2043 3535 2160 3566 Educere,
2186 3533 2321 3560 extrahere.
2357 3531 2437 3559 Plaut.

622 3568 643 3608 q
663 3578 679 3597 2
716 3572 764 3597 Pro
790 3570 878 3601 Ebore,
895 3568 950 3603 Jiue
978 3568 1108 3602 Elephanti
1137 3568 1206 3594 dente
1232 3572 1345 3604 ponitur.
1362 3573 1394 3600 95
1410 3570 1501 3597 Bacch.
1518 3578 1610 3604 3,1,17
1630 3571 1665 3596 Vt
1684 3579 1742 3598 eum
1762 3579 1792 3596 ex
1806 3569 1933 3597 lutulento
1947 3580 2030 3597 coeno
2050 3579 2162 3605 propere
2174 3568 2236 3596 hinc
2257 3568 2348 3594 eliciat
2359 3568 2438 3594 foras.

1410 3607 1477 3645 Hor.
1493 3605 1579 3632 Carm-
1601 3613 1626 3637 2,
1646 3614 1677 3638 11,
1691 3615 1713 3632 21
1750 3607 1817 3640 Qlis
1840 3606 1946 3632 denium
1970 3607 2084 3633 scortum
2106 3605 2193 3632 eliciet
2214 3603 2296 3630 domo
2332 3601 2438 3636 Lyden!
2458 3597 2460 3605 ¹

1408 3641 1474 3668 le.
1491 3650 1527 3673 19,
1543 3648 1556 3673 ς
1593 3641 1673 3680 Sapor
1694 3648 1779 3668 autem
1796 3642 1884 3676 asper,
1904 3648 1928 3667 et
1948 3641 2133 3668 medicamenti
2151 3639 2232 3666 instar
2249 3638 2282 3665 ad
2300 3637 2438 3665 eliciendas

1409 3678 1501 3703 Aluos.
1572 3676 1679 3702 Animas
1695 3678 1841 3703 inferorum
1855 3677 1947 3703 elicere
1959 3678 2013 3704 Cic.
2028 3679 2056 3703 in
2068 3676 2155 3702 Vatin.
2169 3683 2199 3707 14
2213 3683 2234 3700 c.
2247 3677 2271 3701 6.
2338 3674 2437 3700 Arcana

1409 3713 1470 3739 Liu.
1484 3720 1530 3744 40,
1544 3718 1578 3743 23.
1651 3713 1734 3746 Aquas
1757 3713 1858 3746 pluuias
1875 3713 1969 3739 elicere
1986 3712 2067 3740 Ouid.
2081 3712 2109 3738 in
2122 3710 2181 3737 Ibin
2194 3718 2256 3741 400.
2273 3709 2298 3736 h.
2312 3718 2330 3735 e.
2349 3711 2378 3736 A
2388 3710 2437 3736 Deo
2461 3711 2466 3724 '

1622 3748 1731 3774 Causam
1745 3747 1896 3775 immutatae
1908 3749 2049 3775 voluntatis
2058 3747 2114 3774 Cic.
2129 3746 2182 3771 Att.
2197 3754 2215 3777 ι,
2230 3752 2256 3780 7.
2295 3746 2336 3771 Ita
2349 3744 2381 3771 de
2394 3742 2437 3771 ni-

1409 3791 1464 3809 vin.
1474 3791 1501 3822 .¹’
1514 3791 1536 3814 ¹3
1558 3782 1653 3808 Causas
1667 3783 1871 3817 praesensionum
1886 3784 1990 3811 elicere.
2060 3780 2162 3812 Chelyn
2178 3781 2240 3806 Stat.
2255 3779 2341 3806 Achil·
2355 3788 2375 3811 Ι,
2389 3778 2437 3809 18⁶·

1408 3818 1500 3858 Tacit.
1516 3818 1582 3843 Arm.
1597 3826 1628 3849 ις,
1643 3825 1668 3850 53
1706 3819 1855 3846 Comitante
1869 3820 1982 3846 Antonia
1996 3816 2100 3846 Claudii
2115 3816 2232 3842 Caesaris
2254 3815 2324 3847 filia,
2343 3814 2375 3841 ad
2393 3811 2438 3840 eli·
2470 3831 2471 3835 =

1409 3853 1531 3880 ciendum
1545 3853 1617 3887 vulgi
1632 3854 1768 3880 Pauorem.
1846 3854 1955 3882 Ferrum
1970 3863 2002 3881 ex
2014 3860 2099 3880 terrae
2114 3851 2233 3876 cauernis
2247 3851 2303 3877 Cic.
2317 3850 2349 3876 de
2363 3850 2398 3876 N.
2406 3847 2436 3875 D-

1409 3895 1434 3920 2,
1452 3896 1486 3919 ¹51
1501 3896 1522 3913 c.
1536 3891 1579 3914 60.
1650 3889 1800 3924 Plin.Epist.
1812 3899 1830 3923 4
1842 3892 1888 3917 vlt.
1920 3890 1990 3917 Nam
2002 3887 2100 3917 nescio,
2114 3886 2185 3920 quod
2201 3886 2386 3912 libramentum
2397 3882 2438 3910 ab·

318 3925 374 3956 nis,
388 3924 507 3950 bisulcis:
527 3929 659 3957 practerea
673 3921 780 3950 brachia
794 3921 847 3949 duo
862 3921 932 3948 bini·
944 3921 1079 3953 articulis,
1094 3920 1254 3956 singulisque
1273 3920 1400 3954 forst-105
1409 3922 1495 3951 ditum
1508 3929 1534 3951 et
1549 3932 1651 3951 caecum
1659 3944 1668 3958 ,
1688 3926 1758 3960 quod
1776 3935 1859 3961 quum
1876 3924 2041 3953 exinanitum
2060 3921 2112 3953 est,
2130 3921 2235 3948 suscitat
2247 3927 2273 3948 et
2287 3921 2361 3948 elicit
2374 3920 2436 3946 Fon-

318 3959 383 3986 mli·
396 3958 567 3986 denticulatis.

2373 3960 2425 3982 tem
2431 3961 2437 3979 ἓ
