2479 4225
69 157 138 217 χ53
451 162 726 204 DEF

99 253 148 289 est,
182 253 267 281 Fortu!
291 259 337 289 per
374 258 476 279 aetatem
508 251 642 280 inidoneus.
715 250 790 287 Qod
812 256 891 276 tamen
911 247 978 276 baud
1001 249 1069 286 scio,
1100 259 1133 276 an

98 288 166 326 apud
176 288 284 324 clafficos
291 289 430 329 fi'rt'ptores
443 292 590 323 reperiatur.
629 290 694 316 Nam
706 285 771 321 quod
781 285 814 312 ad
828 285 890 311 illud
900 284 1061 318 &stimonium
1073 289 1133 311 atti·
1150 295 1154 297 ·

100 332 157 355 net,
198 324 245 351 uod
263 334 291 350 cx
309 324 384 350 Ibide
399 324 479 350 Ouid.
494 332 533 356 119
552 324 641 350 adduci
652 322 730 358 fidet,
754 321 792 346 Sit
811 330 934 355 quoque,
952 321 1023 355 quod
1042 329 1131 347 rarum

101 360 153 392 est,
171 334 249 386 fglito
265 359 369 386 defoeta
383 360 475 386 fauore
511 361 637 386 Fortunae
650 356 730 383 tac-ies
748 356 879 382 inuidiosa
892 361 961 383 tuae.
1017 358 1047 382 In
1060 355 1133 388 casti-

99 394 238 432 gatioribus
256 395 432 429 exemplaribus
449 395 556 421 Defcffla
573 395 677 428 legitur,
696 399 743 417 mm
757 391 876 417 Defoeta·

100 430 204 458 Colum.
220 439 229 456 1
249 430 356 464 praefat.
372 438 399 456 ιι,
418 430 619 456 Det'effissimum
632 429 681 462 legi
693 426 776 458 dehet,
796 436 844 452 non
860 426 1078 453 Defoctiflimum.

135 471 233 491 DEFO
245 472 346 496 LLlO,
369 468 417 491 ire.
454 459 621 492 Gementibus
640 462 722 494 areis,
743 461 805 487 dum
822 462 939 488 caeditur
958 462 1055 494 messis,
1075 462 1130 487 fru-

98 506 185 561 menda
199 500 338 526 defolliunt
352 500 471 527 Ambros.
487 501 519 527 de
534 497 626 525 Viduis
653 497 691 523 T.
705 506 723 530 4
742 506 766 531 p.
782 505 838 530 502.
859 500 877 523 i.
885 497 1012 532 folliculis
1025 497 1127 523 nudant.

99 537 142 565 AI.
175 536 294 562 efoliant.
694 547 695 551 =

136 578 155 598 D
164 575 180 597 Ε
190 578 205 597 F
215 578 233 597 o
244 577 261 597 1.
272 578 281 596 1
291 578 310 597 o
319 590 327 602 ‚
353 575 403 597 ire.
439 565 596 602 οἰηοφυλλίξω
604 586 612 598 ,
637 567 715 593 Glols.
731 567 793 598 Cyr.

136 612 179 632 DE
190 613 206 632 F
216 612 235 632 o
247 613 271 632 M
281 614 290 632 1
299 613 349 633 ΤΑ
359 614 379 632 Τ
389 614 407 632 v
416 613 440 632 M
465 605 564 637 lignum
585 601 708 628 dixerunt
721 601 839 636 antiqui,
856 602 928 637 quod
943 612 956 629 a
971 601 1131 641 Fomitibus,

101 641 197 677 quibus
210 641 348 668 confoueri
362 641 441 673 solet,
459 644 513 665 erat
526 637 661 663 succisum.
697 637 794 664 Festus.
842 638 946 664 Videtur
958 638 1021 677 idem
1034 637 1076 671 ‘iffi'

135 684 178 703 DE
188 683 204 702 P
214 682 233 701 ο
242 683 266 703 Μ
277 683 295 702 0
306 697 313 709 ‚
335 680 386 703 are.
421 671 628 709 [Ἀποπελικίζω,
641 672 752 705 dedolo,
767 672 862 707 Gloffi]
919 675 974 699 Nsz
988 673 1029 700 hic
1042 682 1131 708 quoque

98 712 236 739 Defomito
249 712 379 773 legcydum.
414 708 528 736 Fomites
540 715 619 734 autem
627 714 690 743 puto
703 708 784 734 dirtos
798 707 888 742 afficias
901 708 974 740 illas,
991 717 1050 744 quae
1066 711 1131 734 inter

98 747 227 774 dolandam
243 748 295 773 deci
313 753 365 774 unt.
1150 746 1175 783 ιζ

133 789 151 808 1)
161 790 177 809 E
187 790 202 809 F
212 781 231 809 ό
240 790 256 809 R
267 789 283 809 E
291 803 300 815 ‚
331 783 344 816 [
356 777 468 808 ἐκλείψειν
480 779 492 812 ]
537 778 671 812 Significat
688 778 840 814 Defuturum
860 777 910 810 effu
966 778 1021 804 Cic.
1041 784 1132 805 contra

97 818 168 844 Rull.
186 819 286 845 Verum
303 813 496 844 arbitrabantur
509 822 564 840 non
578 813 680 846 defore,
693 814 740 848 qui
752 814 797 840 illa
810 813 985 840 restituerent.
1058 815 1130 841 Caes.

94 852 163 880 Bell.
180 854 246 880 Gall.
259 860 281 886 ς,
295 860 326 885 54
343 849 520 883 Promittique
533 849 615 880 viris,
635 849 703 875 nulli
717 850 741 875 se
757 849 849 874 defore
864 849 954 875 testem
975 849 1020 875 Sil.
1033 857 1059 881 9,
1072 855 1130 884 248.

133 895 176 915 DE
186 896 202 915 F
212 895 232 916 0
244 894 318 915 R1s.
353 884 421 911 Adu.
457 885 512 917 Qui
527 885 677 917 mundatis,
693 884 765 919 quod
779 883 880 910 deforis
894 885 930 910 est
943 884 1021 918 Vulg.
1035 886 1129 912 Matth.

96 933 137 957 23,
153 931 188 957 25.
224 921 289 951 Add.
303 920 395 947 Genes.
408 927 435 954 7,
448 922 484 946 16.

95 960 184 986 Valet.
200 967 220 992 1,
231 966 267 990 3¹-
306 956 347 983 Sic
363 962 392 982 vt
417 955 497 981 desub
518 954 610 981 dixere.

132 1001 150 1020 D
158 1001 175 1021 E
185 1001 200 1021 F
208 1001 227 1021 ο
237 999 256 1019 R
266 998 292 1018 M
303 998 322 1018 0
332 1011 341 1024 ,
365 1000 392 1018 as
400 1011 410 1023 ‚
436 995 487 1016 arc.
524 988 703 1025 [δυσμορφόω]
738 988 869 1031 Destruere
876 1010 884 1022 ,
903 997 927 1016 et
940 990 1010 1031 quasi
1017 991 1129 1031 formam

95 1025 638 1095 gtizzssizuissxzftz...‘?‚:{l.‘il.‡‘l.}.¹“·
647 1034 704 1087 §a
723 1044 790 1086 {mie
803 1027 945 1088 ῗέἕὲῖἓῗέί
957 1028 1064 1096 332¹.ssss
1067 1027 1130 1088 {¹313

95 1102 154 1127 sura
165 1107 193 1126 ca
212 1098 272 1125 illos
285 1097 366 1124 Ouid.
380 1097 411 1123 de
424 1098 487 1123 Arte
503 1098 561 1123 Am.
575 1105 593 1128 1,
606 1103 659 1130 517.

95 1142 148 1162 mat
159 1143 193 1169 pu
205 1142 267 1160 uere
283 1133 377 1167 Virgil.
392 1134 455 1158 Aen.
470 1141 507 1168 ιο,
519 1137 580 1165 844.
650 1132 746 1158 eomas
760 1131 892 1159 deformat
905 1141 983 1159 arena
996 1133 1053 1159 Val.
1066 1135 1129 1167 Arg.

94 1179 117 1204 3,
130 1172 184 1205 716.
253 1168 359 1195 Amietu
372 1169 398 1194 se
410 1168 559 1194 deformare
574 1166 710 1193 Claudian.
723 1167 752 1192 in
765 1167 872 1202 Eutrop.
889 1177 914 1200 1,
929 1174 964 1201 18,
976 1176 1033 1203 307.
1086 1170 1129 1195 Ci-.

93 1204 230 1233 catricibus
244 1205 349 1231 seruum
362 1203 466 1238 leian.
480 1204 509 1229 in
522 1203 539 1229 l.
553 1203 641 1228 locum
661 1203 691 1228 D.
706 1202 738 1228 de
751 1203 834 1229 vsufr.
906 1204 1057 1230 Castrorum
1072 1213 1130 1238 pars

91 1240 213 1268 incendio
232 1239 377 1266 deformata
398 1239 457 1266 Liu.
478 1247 494 1272 9
517 1238 550 1265 ab
564 1237 645 1264 Vrbe.
723 1238 793 1264 Ludi
809 1238 967 1272 deformati,
985 1240 1129 1274 inquinati,

91 1275 220 1310 peruerfi,
240 1275 390 1302 conturbati
412 1275 469 1300 Cic.
486 1274 518 1300 de
529 1273 621 1308 Arusp.
640 1273 715 1307 Resp.
732 1283 754 1300 c.
774 1282 818 1307 24.

92 1311 238 1338 deformata
247 1310 368 1338 Maiestas
380 1310 451 1337 Flor.
463 1318 488 1341 ι,
505 1318 532 1342 2,
545 1317 585 1342 25.
680 1309 799 1335 Horrida
811 1309 915 1336 vultum
929 1310 1061 1336 deformat
1073 1312 1129 1337 Ma-

90 1347 141 1373 cies
155 1346 228 1380 Virg.
242 1347 337 1380 Georg.
349 1355 377 1379 4,
390 1353 449 1378 254.
522 1343 672 1371 Deformati
683 1345 796 1371 Parietes
814 1348 841 1371 in
857 1345 1020 1381 defin-maone
1029 1349 1130 1381 poetica

89 1380 199 1414 vastatae
212 1381 284 1408 vrbis
296 1382 362 1417 apud
378 1380 523 1408 Cic.Tusc.
538 1389 562 1412 3,
574 1389 612 1413 44
632 1389 653 1405 c.
666 1388 703 1412 19.
738 1380 806 1407 Add.
822 1381 900 1408 Verr.
913 1390 941 1414 4,
955 1390 1008 1407 122.
1059 1382 1129 1408 Suet.

89 1417 118 1443 in
133 1416 217 1452 Calig.
235 1426 256 1443 c.
275 1424 310 1452 27
337 1417 437 1444 Multos
453 1416 556 1442 honesti
573 1415 690 1446 ordinis,
708 1414 869 1443 deformatos
888 1417 961 1451 prius
979 1416 1129 1450 stigmatum

88 1453 159 1479 ”Osis
170 1473 178 1485 υ
198 1452 231 1479 ad
249 1453 371 1485 metalla,
388 1458 414 1479 et
430 1452 596 1479 munitiones
613 1451 735 1483 Viflfflms
757 1457 802 1478 2¹¹²
820 1452 914 1478 bestias
934 1452 1129 1479 tondenmffl'it·
1147 1467 1175 1494 33
1194 1458 1275 1485 Ouid.
1290 1459 1354 1485 Met.
1368 1467 1389 1490 ι,
1402 1464 1447 1489 282
1467 1460 1497 1485 Et
1517 1458 1655 1485 defrenato
1675 1459 1820 1485 voluuntur
1833 1467 1861 1484 ιιι
1873 1467 1990 1492 aequore
2005 1458 2088 1484 cursu.

88 1489 144 1514 Cic.
153 1489 205 1514 Att.
217 1497 248 1520 11,
259 1496 293 1514 20
314 1489 391 1515 Hunc
406 1487 531 1514 omnibus
546 1496 559 1513 a
572 1495 614 1512 me
627 1485 728 1521 pietum
742 1492 768 1513 et
780 1488 893 1522 politum
908 1489 970 1514 artis
984 1488 1128 1520 coloribus,

89 1523 178 1550 subito
193 1523 371 1551 deformatum
384 1533 439 1550 non
450 1523 503 1549 fine
516 1531 612 1557 magno
626 1522 719 1548 dolore
733 1523 801 1549 vidi.
845 1523 912 1549 Add.
927 1524 986 1549 Sen.
1001 1525 1079 1550 Cons.
1095 1523 1128 1549 ad

321 1560 475 1586 Deformata
487 1557 636 1593 ignominia
650 1557 737 1591 imago
751 1558 807 1584 Cic.
819 1567 869 1592 pro
882 1559 1002 1584 Muraen.
1079 1559 1129 1584 De-

88 1559 168 1585 Helu.
188 1568 211 1585 c.
225 1568 251 1592 9·
826 1593 984 1620 Deformare
1002 1593 1129 1627 aliquem,

88 1594 218 1621 formatus
240 1600 266 1621 et
278 1595 443 1621 decoloratus
462 1594 563 1620 Auctor
576 1593 608 1619 ad
621 1593 685 1619 Her.
695 1600 719 1622 2,
733 1598 756 1622 8.

88 1636 114 1656 et
127 1630 264 1657 detrahere
276 1631 442 1665 spoliareque
457 1630 513 1656 eius
524 1629 679 1662 dignitatem
693 1627 747 1653 Cic.
760 1636 808 1661 pro
823 1628 915 1654 Caelio
934 1637 956 1653 c.
971 1636 995 1654 2.

89 1665 122 1690 de
135 1666 227 1698 Arusp.
243 1666 318 1699 Resp.
332 1675 354 1692 c.
367 1674 402 1698 24
422 1667 520 1699 Legant
536 1663 601 1690 hanc
615 1663 670 1688 eius
687 1663 892 1694 concionem,de
907 1672 958 1696 qua
971 1663 1085 1695 loquor,
1100 1664 1129 1687 in

88 1708 141 1734 qua
152 1700 307 1734 Pompeium
324 1707 415 1734 ornat,
436 1709 469 1726 an
487 1700 575 1734 potius
595 1698 748 1734 deformat-3
769 1730 774 1735 θ
800 1712 803 1716 s
843 1697 1029 1724 Deformatus‚
1049 1703 1128 1729 atque

88 1736 250 1760 ornamentis
268 1735 393 1761 omnibus
408 1735 532 1768 spoliatus
547 1733 603 1757 Cic.
618 1739 666 1763 pro
680 1732 794 1762 Quintio
807 1737 847 1761 92.
921 1730 1076 1756 Deformata
1094 1731 1130 1756 ci-

86 1769 154 1794 vitas
165 1768 241 1793 Idem
254 1769 286 1794 de
300 1770 403 1799 Orat.3‚
414 1774 436 1797 8.
483 1767 564 1792 Vitiis
581 1765 744 1791 deformatus
757 1764 813 1789 Cic.
826 1763 857 1788 de
866 1765 958 1798 Arusp.
973 1765 1049 1798 Refp.
1058 1772 1080 1796 3,
1089 1773 1129 1799 57.

87 1803 256 1829 Deformatus
275 1811 402 1836 corpore,
419 1801 517 1827 fraatus
535 1800 626 1825 animo
644 1799 701 1824 Cic.
717 1799 769 1823 Att.
781 1806 806 1828 2,
818 1806 854 1829 19.

86 1838 182 1864 lacerat
193 1838 344 1864 orationem
363 1835 493 1870 Quinctil.
508 1843 546 1867 ιο,
560 1841 585 1869 7,
599 1842 638 1866 32.
708 1834 770 1859 Vita
792 1833 1007 1860 deformatiffima
1019 1840 1045 1861 et
1059 1836 1130 1869 spur-

86 1873 181 1900 eissima
200 1873 268 1900 Gell.
284 1881 329 1906 14,
342 1881 367 1899 2.
437 1871 595 1897 Deformare
614 1877 694 1904 genus
714 1876 739 1894 et
757 1868 894 1895 fortunam
915 1869 1049 1896 honestam
1068 1871 1129 1898 Liu.

85 1917 130 1941 22,
158 1929 165 1935 .
201 1928 209 1935 .
265 1910 297 1935 Et
324 1918 351 1940 0,
366 1915 397 1941 14
416 1907 488 1933 Caue
499 1906 632 1933 deformes
646 1904 730 1931 multa
741 1904 811 1930 bona
826 1914 878 1931 vno
892 1905 971 1931 vitio.
1075 1904 1096 1943 ff
1113 1915 1130 1933 2

86 1945 260 1976 Deformare,
285 1917 459 1977 [ἐξαμορφέν]
498 1941 565 1968 Idem
572 1940 646 1977 fere,
663 1940 731 1980 quod
746 1939 892 1974 informare.
957 1941 1066 1967 Vitruu.
1080 1949 1101 1974 ς,
1115 1947 1129 1972 8

87 1980 220 2014 Tragicae
239 1980 329 2005 scenae
349 1979 534 2004 deformantur
552 1976 697 2008 columnis,
723 1974 816 2009 signis,
841 1982 866 2001 et
886 1975 1018 2010 regalibus
1040 1977 1128 2003 rebus.
1143 1988 1175 2015 50

87 2015 218 2048 Qiinffll.
233 2023 256 2047 ς,
269 2023 301 2047 ιι,
315 2023 346 2046 3⁰
366 2014 477 2048 Aliquid
493 2013 580 2039 minus
593 2011 688 2043 limile,
696 2016 724 2037 vt
734 2019 867 2037 marmora
880 2011 1029 2038 deformata
1042 2012 1129 2046 prima

86 2059 181 2083 manu,
204 2053 222 2077 i.
236 2050 344 2076 nondum
355 2048 470 2084 perfetta
484 2055 508 2074 et
520 2047 654 2074 elaborata.
725 2046 789 2072 Non
805 2047 942 2078 flosculos,
962 2046 1004 2072 sed
1018 2047 1071 2073 iam
1086 2046 1130 2073 de-

87 2087 185 2112 cimum
198 2087 290 2112 aetatis
303 2086 426 2119 ingr-effus
442 2092 539 2111 annum
555 2087 639 2108 certos
653 2086 732 2115 atque
746 2082 907 2108 deformatos
921 2082 1023 2108 fruetus
1044 2081 1129 2108 osten-

89 2120 168 2147 debat
179 2121 309 2155 Qine'fil.
325 2120 406 2155 praef.
420 2121 445 2151 6,
457 2128 483 2152 9.
534 2118 562 2145 Si
574 2117 633 2152 quis
646 2123 750 2151 partum
763 2117 815 2143 iam
828 2117 1006 2146 deformatum
1019 2117 1129 2144 mulieri

88 2156 243 2189 exemerit,
261 2157 320 2183 neci
332 2156 439 2187 dabitur
452 2154 524 2189 Sulp.
536 2154 625 2180 Seuer.
640 2161 660 2186 1,
689 2172 696 2179 .
722 2171 729 2178 .

88 2191 246 2218 Deformare
263 2200 334 2218 areas
355 2192 422 2218 Cato
443 2193 512 2222 161,
532 2198 552 2216 1.
624 2188 799 2220 Deformare,
819 2188 977 2221 Dehneare,
997 2194 1026 2214 vt
1044 2188 1127 2215 solent

86 2226 221 2262 piatores:
244 2227 351 2254 Vitruu.
369 2235 397 2257 ι,
419 2234 429 2252 ι
453 2224 618 2253 Αιτὴίῑεόιιις
637 2223 771 2259 graphidis
790 2224 905 2258 peritus,
925 2229 954 2250 vt
976 2224 1128 2250 deformare

85 2262 160 2297 poffit
172 2262 250 2289 lineis
263 2263 452 2294 imitationem,
467 2270 547 2296 quam
560 2261 624 2287 velit
636 2260 831 2287 aedificiorum.
938 2260 1053 2294 Metaph.
1081 2260 1128 2286 Vi-

85 2307 163 2329 vum,
184 2307 263 2333 quem
284 2298 463 2329 deformamus
478 2298 536 2324 Sen.
550 2296 583 2323 de
595 2296 685 2323 Benef.
701 2303 733 2330 7,
748 2304 767 2321 ι.
836 2295 981 2330 Tanquam
1000 2295 1127 2322 viuorum

86 2339 112 2360 et
129 2335 305 2368 praesentium
323 2334 456 2361 a<ffionem
473 2339 500 2360 et
519 2333 667 2359 sermonem
686 2331 865 2358 deformamus
886 2331 968 2357 Rutil.
989 2331 1076 2365 Lupus
1095 2331 1128 2357 de
1136 2342 1171 2367 60

85 2369 287 2405 Prosopopoeia.
342 2370 383 2396 Sic
396 2375 488 2396 orator
499 2368 551 2395 hoc
564 2367 693 2394 schemate
705 2372 751 2393 aut
762 2366 829 2393 vitia
843 2372 888 2393 aut
900 2367 1013 2393 virtutes
1025 2375 1128 2399 eorum,

84 2405 117 2431 de
139 2405 235 2440 quibus
253 2405 388 2441 loquitur,
412 2405 544 2431 deformat
563 2403 602 2430 ld.
622 2403 654 2429 de
675 2402 894 2429 characterismo.
970 2402 1128 2429 Deformare

84 2441 174 2467 locum
194 2441 310 2476 aliquem
328 2441 361 2467 ad
378 2440 513 2467 literariae
526 2438 631 2465 tabulae
650 2438 779 2472 speciem,
799 2437 890 2469 idest,
911 2438 1079 2471 Componere
1099 2443 1125 2464 et

85 2476 251 2509 construere,
272 2477 313 2502 vel
332 2477 440 2510 pingere
454 2477 530 2502 Varr.
544 2474 576 2501 de
590 2475 621 2500 R.
638 2475 668 2500 R.
681 2482 708 2505 3,
724 2482 747 2505 5,
767 2482 804 2499 10.
912 2473 968 2499 Cic.
989 2481 1038 2507 pro
1055 2473 1128 2500 Sulla

86 2518 117 2546 73
143 2512 218 2545 Qud
231 2512 364 2547 reliquam
383 2511 554 2541 constantiam
567 2510 639 2536 vitae
652 2509 875 2536 commemorem?
903 2508 1075 2542 dignitatem,
1096 2509 1128 2535 li-
1141 2513 1174 2546 65

84 2546 264 2578 beralitatcm,
285 2547 496 2574 moderationem
512 2548 539 2572 in
550 2545 661 2580 priuatis
673 2544 763 2577 rebus,
770 2543 934 2579 splendorem
952 2545 980 2570 in
994 2544 1106 2579 publicis
1118 2546 1128 2572 3

86 2590 152 2615 quae
171 2582 208 2609 ita
225 2592 240 2609 a
253 2584 361 2609 fortuna
382 2583 529 2609 deformata
548 2582 621 2612 sunt,
639 2586 668 2607 vt
682 2586 770 2606 tamen
786 2589 800 2606 a
813 2586 906 2605 natura
921 2580 1043 2606 inchoata
1056 2589 1127 2607 com-

87 2623 201 2650 pareant.
305 2618 362 2643 Cic.
382 2627 430 2651 pro
450 2618 562 2643 Caecina
583 2625 605 2641 c.
627 2624 640 2648 ς
674 2615 736 2645 Ille,

84 2651 251 2677 voluntarius
271 2652 370 2677 amicus
389 2652 526 2683 mulieris,
554 2654 573 2676 i.
594 2650 718 2685 descripsi.

758 2623 837 2649 quem
860 2615 937 2648 supra
958 2614 1127 2647 deformanti,

790 2650 871 2675 Plaut.
892 2649 981 2675 Pseud.
1000 2658 1032 2681 z,
1050 2658 1080 2681 3,
1103 2658 1127 2675 ιι

85 2687 142 2712 Iam
155 2687 288 2719 instituta,
308 2692 415 2719 ornata,
433 2685 535 2717 cuneta,
551 2685 580 2711 in
593 2685 688 2711 ordine
702 2684 793 2710 animo
799 2703 807 2715 ,
827 2689 856 2709 vt
868 2684 1021 2716 volueram,
1038 2685 1126 2717 Certa,
1135 2693 1171 2721 70
1191 2697 1222 2713 20
1242 2689 1312 2714 Dens
1324 2687 1401 2714 lbera
1414 2687 1557 2713 defricatus
1570 2688 1655 2714 vrina.

85 2721 231 2747 deformata
252 2721 390 2748 habebam.

120 2762 139 2782 D
148 2763 164 2783 E
174 2763 191 2783 F
201 2763 247 2782 OR
256 2764 280 2782 Μ
289 2764 310 2783 Α
320 2765 341 2784 T
352 2765 360 2784 1
372 2763 390 2783 0
399 2777 407 2789 ‚
430 2755 498 2782 onis.
523 2756 543 2782 f.
572 2754 699 2781 Verbale.
737 2754 756 2792 [.
769 2751 940 2792 δυσμόρφωσις.
951 2754 965 2786 J
1003 2754 1065 2792 Liu.
1098 2762 1126 2786 9,

83 2800 98 2825 ς
121 2791 153 2818 de
175 2791 294 2818 Caudina
312 2801 374 2825 pace
396 2793 521 2826 loquens,
541 2791 578 2816 Vt
616 2791 675 2815 suae
712 2796 826 2822 quisque
863 2787 1025 2813 conditionis
1058 2788 1126 2815 obli-

83 2834 124 2854 tus
133 2848 141 2860 ,
159 2827 191 2854 ab
205 2827 250 2853 illa
265 2827 460 2854 deformatione
472 2832 558 2853 tantae
571 2824 722 2856 maiestatis,
736 2823 808 2850 velut
821 2831 835 2848 a
850 2823 964 2849 nefando
978 2823 1125 2858 speetaculo

83 2869 213 2890 auerteret
231 2863 332 2889 oculos.

83 2899 139 2931 tio,
153 2900 211 2925 Vct.
225 2898 318 2932 Gloffi]
343 2897 423 2924 Venti
443 2897 490 2931 qui
505 2896 569 2929 lint,
588 2901 613 2922 et
632 2904 647 2922 a
668 2895 765 2929 quibus
786 2893 942 2929 regionibus
962 2894 1056 2929 linguli
1075 2895 1125 2929 spi.

83 2942 158 2966 rent,
178 2933 418 2960 deformationibus
431 2931 597 2967 gnomonicis
609 2931 711 2957 ostendi
726 2931 832 2957 Vitruu.
848 2929 864 2955 l.
879 2938 891 2962 3
911 2930 994 2964 praef.
1067 2932 1123 2958 Fir.

84 2970 145 2996 mic.
159 2978 179 3002 1,
193 2978 205 3002 3
227 2979 276 2995 non
287 2970 378 3004 procul
392 2978 406 2995 a
414 2969 484 3004 fine,
502 2969 566 2994 Ecce
580 2967 641 2999 ille,
661 2965 781 2992 nondum
794 2965 913 3000 corporis
927 2965 1123 2993 deformatione

36 2999 44 3002 ³
84 3006 231 3039 completa,
250 3013 278 3031 m
295 3010 421 3031 maternis
435 3003 596 3033 visceribus,
616 3008 781 3036 praematura
794 3001 964 3027 festinatione
979 3003 1123 3036 praemori-

84 3046 128 3067 tur
141 3051 147 3066 :
168 3041 246 3067 illum
259 3040 390 3075 completa
402 3039 598 3066 deformatione
612 3038 740 3072 corporis,
754 3037 835 3064 etiam
848 3042 1030 3064 maternorum
1043 3038 1123 3065 visce-
1136 3048 1168 3073 80

83 3085 144 3104 rum
155 3076 280 3111 angustiis
294 3076 452 3106 liberatum,
468 3075 558 3101 vitalis
572 3074 676 3108 spiritus
689 3082 753 3100 aura
766 3081 820 3099 uon
833 3078 946 3106 vegetat.

122 3118 336 3144 DEFORMIS,
347 3121 369 3138 e.
391 3111 451 3138 Adi.
488 3108 655 3145 [aibr-myrtos,
673 3109 800 3144 ἄμορφος]
852 3110 964 3143 Turpis,
989 3108 1057 3144 quast
1071 3108 1123 3142 fine

80 3146 173 3182 forma.
224 3148 280 3174 Cic.
299 3156 348 3182 pro
362 3146 453 3173 Caelio
466 3148 483 3173 6
511 3145 540 3172 Id
553 3154 688 3180 nunquam
702 3151 755 3171 tam
767 3143 860 3171 acerbe
875 3144 942 3170 feret
955 3145 992 3170 M.
1007 3145 1122 3177 Caelius,

85 3187 114 3207 vt
125 3190 184 3209 eum
198 3183 330 3217 poeniteat
343 3192 398 3209 non
411 3182 559 3209 deformem
573 3182 621 3207 effe
635 3187 734 3207 natum.
790 3181 850 3206 Hoc
868 3180 897 3206 in
910 3180 1022 3214 speciem
1038 3181 1122 3206 varie-

87 3221 215 3252 tatemque
229 3228 294 3252 opus
312 3218 432 3245 deforme
452 3226 506 3245 non
525 3217 560 3244 est
575 3217 647 3243 Caes.
662 3217 689 3243 B.
704 3217 735 3242 G.
749 3223 776 3250 7,
793 3224 831 3248 23.

87 3259 157 3277 mem
169 3252 241 3287 culpa
254 3253 363 3288 profeffa
379 3254 441 3280 facit
455 3253 536 3280 Ouid.
548 3253 638 3279 Amor.
653 3260 676 3284 3,
691 3260 731 3285 14,
742 3254 767 3278 6.
839 3250 970 3278 Achelous
985 3250 1123 3284 deformis,

86 3286 139 3312 vid.
162 3293 371 3316 Acussrovs.
443 3290 538 3315 Horat.
549 3288 631 3323 Epod.
653 3296 693 3319 ις,
711 3294 740 3320 23
765 3287 821 3313 Illic
840 3295 919 3313 omne
938 3286 1037 3314 malum
1057 3287 1122 3314 vino

87 3328 217 3355 cantuque
236 3324 322 3351 leuato
357 3325 493 3351 Deformis
513 3323 700 3358 Aegrimoniae
720 3323 841 3349 dulcibus
861 3322 995 3357 alloquiis.
1072 3323 1123 3349 De-

87 3357 182 3383 formis
196 3363 222 3383 et
235 3357 355 3386 horridus
373 3361 443 3394 Ager
464 3360 521 3386 Cic.
535 3361 613 3386 Verr.
625 3368 648 3392 3,
686 3379 692 3385 .
730 3379 736 3383 .
806 3358 887 3384 Ouid.
901 3360 966 3384 Met.
982 3367 1021 3391 14,
1034 3367 1065 3392 93
1092 3359 1123 3384 In

87 3392 208 3418 deforme
221 3393 292 3420 viros
299 3396 402 3421 Animal
413 3396 535 3422 mutauit.
590 3394 700 3421 Arundo
717 3394 791 3428 Virg.
805 3394 902 3428 Georg.
918 3403 945 3426 4,
958 3399 1018 3428 478.

87 3427 140 3454 Off·
153 3436 173 3459 1,
186 3429 232 3453 126
258 3428 329 3460 Qae
342 3436 429 3457 autem
442 3436 528 3465 partes
544 3431 663 3465 corporis
684 3429 716 3456 ad
736 3436 844 3456 naturae
862 3429 1032 3456 neceffitatem
1047 3429 1122 3456 datae

86 3463 228 3497 Aspefium
247 3463 324 3489 essent
334 3463 479 3493 deformem
494 3466 632 3493 habiturae
647 3472 725 3500 atque
740 3465 871 3498 formam,
889 3473 931 3491 eas
951 3466 1067 3491 contexit
1085 3471 1122 3492 at-

87 3508 139 3534 que
151 3498 262 3525 abdidit.
332 3500 448 3528 cadauer
463 3502 602 3529 Claudian.
614 3503 643 3528 in
656 3503 763 3535 Eutrop.
778 3509 799 3533 1,
814 3506 839 3531 18
858 3504 918 3533 (38).
990 3501 1073 3527 Ouid.
1090 3509 1122 3527 ex

87 3535 171 3561 Ponto
190 3542 218 3566 3,
236 3539 267 3566 8,
287 3541 311 3567 ις
342 3534 442 3563 Tristia
466 3537 598 3565 deformes
618 3537 724 3572 pariunt
738 3536 866 3562 absinthia
879 3535 982 3570 Campi.
1064 3537 1122 3563 Sen.

928 392 1049 418 Similiter
1067 391 1134 426 apud
1158 399 1171 425 5
1198 395 1283 435 minus
1297 396 1389 428 debes,
1410 398 1479 432 quod
1493 398 1640 427 deformior
1652 400 1703 432 est,
1727 398 1769 426 sed
1782 401 1901 428 misereri
1917 403 2011 435 potius.

538 920 661 952 Deseris,
675 920 723 947 vbi
735 926 826 946 tumor
839 919 875 946 est
885 940 893 952 ‚
915 928 1045 954 apponere
1061 921 1128 947 Plin.
1142 937 1177 955 20

729 1096 863 1122 Canitiem
885 1097 1022 1123 immundo
1042 1097 1130 1124 dcfor·
1142 1108 1173 1134 ις

1055 1628 1128 1654 Idem
1137 1643 1175 1668 40
1193 1632 1282 1659 Pseud.
1293 1641 1312 1664 1,
1321 1641 1341 1664 1,
1358 1641 1394 1665 91.

951 1799 1090 1826 Deformat
1100 1809 1128 1826 ac
1143 1812 1177 1838 43

785 2153 859 2188 Conf.
866 2153 944 2187 Vulg.
953 2152 1033 2178 Exod.
1046 2162 1081 2184 21,
1089 2162 1130 2179 22.
1146 2162 1175 2188 ςς

580 2869 596 2887 2.
632 2859 799 2886 Deformatio
808 2878 816 2890 ‚
831 2858 1005 2892 [ιῖποτύηωσις,
1020 2859 1126 2894 disposi-
1138 2871 1170 2899 75·

903 3216 1014 3250 Solaque
1035 3215 1123 3242 defor-
1139 3227 1168 3257 85

1064 3394 1121 3420 Cic·
1129 3406 1167 3431 90
1186 3407 1247 3432 gere
1261 3398 1355 3424 dicitur
1369 3398 1488 3424 Oceanus
1501 3398 1608 3423 Eumen.
1624 3397 1715 3430 Paneg.
1728 3405 1756 3429 4,
1768 3398 1794 3421 6.

1590 167 1627 207 D
1721 168 1755 210 E
1852 171 1884 210 F
2182 187 2230 224 54

1197 252 1260 280 Fast.
1275 261 1351 287 ς,ςος
1371 254 1457 282 Τοὲἲει
1473 254 1538 284 senis
1553 255 1662 284 subeunt
1675 257 1752 291 nigro
1768 258 1899 286 deformia
1912 260 1996 287 fumo.
2049 260 2126 294 Vita,
2145 261 2174 287 id
2187 260 2231 293 est,

1201 290 1296 324 Turpis
1315 297 1338 315 et
1353 290 1458 325 sordida
1475 294 1535 319 Stat.
1549 293 1640 320 Theb.
1656 303 1699 323 io.
1720 297 1775 326 ,ιι-5,
1862 296 1963 321 Vitium
1987 297 2101 323 Martial.
2125 305 2162 329 11,
2184 305 2229 330 74.

1196 324 1301 351 Dandus
1317 325 1481 364 deformibus
1494 329 1568 356 color
1582 329 1712 362 Quinctil.
1726 338 1747 361 3,
1761 336 1782 359 8.
1825 330 1880 356 Vni.
1895 332 2027 358 Burmann.
2048 333 2082 358 ad
2098 332 2230 365 Qlinc'lil.

1197 359 1310 386 Declam.
1324 368 1367 393 253
1391 371 1415 396 p.
1431 366 1493 395 4⁶0·
1596 367 1706 399 Compar.
1739 366 1794 391 Cic.
1807 366 1877 392 Fam.
1892 376 1917 399 4,
1932 375 1947 398 9
1973 367 2028 393 Nec
2047 376 2102 394 eam
2119 368 2230 402 diligere

2082 403 2168 429 Multo
2188 403 2230 428 de-

1197 430 1309 472 formius
1316 449 1333 472 ,⁷
1346 432 1467 458 amittere
1484 443 1560 468 quam
1575 444 1627 461 non
1641 436 1735 469 assequi
1750 436 1853 462 laudem
1869 437 1932 463 Pliu.
1947 438 1992 470 Ep.
2009 442 2029 466 8,
2047 446 2087 470 24.
2136 439 2231 464 Defor-

1193 475 1264 527 gulqs
1277 467 1345 493 n1h11
1359 467 1394 494 est
1408 468 1542 495 ardelione
1555 471 1612 496 sene
1626 471 1740 497 Martial.
1751 480 1779 504 4,
1792 479 1835 505 79,
1848 481 1872 505 9.
1927 472 2119 499 Deformissima
2131 474 2230 500 femina

1219 511 1232 527 e
1256 522 1260 527 .
1281 510 1309 535 ς,
1327 508 1358 528 11.

1234 536 1514 571 DEFORMi'TAs,
1545 541 1602 567 fitis.
1638 541 1658 568 f.
1695 541 1867 575 [δυωμορφία]
1917 543 1971 568 Cic.
1992 542 2024 568 de
2038 543 2094 569 Fin.
2115 550 2143 576 5,
2180 564 2186 569 .
2223 562 2230 569 .

1149 578 1177 598 ιο
1196 573 1378 606 Integritatem
1390 575 1593 608 vnguiculorum
1607 578 1724 603 omnium
1735 598 1742 609 ‚
1756 577 1965 609 deformitatem,
1985 578 2123 610 morbum,
2137 578 2232 604 debili-

1197 613 1292 649 tatem,
1313 616 1358 635 etc.
1432 610 1490 636 Liu.
1510 618 1559 643 29,
1595 632 1602 638 .
1639 632 1644 638 .
1683 614 1755 638 Vnde
1768 612 1813 638 ille
1832 612 1952 639 habitus?
1972 613 2040 639 vnde
2057 612 2232 640 deformitas?

1196 643 1255 669 Liu.
1269 651 1294 675 2,
1331 663 1337 670 .
1375 662 1382 670 .
1439 646 1600 673 Deformitas
1612 647 1679 674 circa
1694 648 1788 674 facicm
1803 647 1922 673 Scribon.
1937 653 1984 679 183.
2041 649 2097 675 Cic.
2111 648 2143 674 de
2157 649 2231 675 Orat.

1197 681 1223 710 2,
1237 686 1290 718 239.
1305 687 1327 704 c.
1344 686 1386 719 59·
1400 680 1440 705 Est
1459 687 1547 708 antem
1567 682 1744 709 deformitatis
1764 688 1789 709 ct
1807 684 1925 717 corporis
1939 684 2069 709 vitiorum
2087 684 2146 710 satis
2161 683 2231 710 bella

1197 720 1320 739 materies
1333 715 1365 740 ad
1379 716 1526 742 iocandum.
1583 719 1653 744 Haec
1672 729 1713 745 res
1730 718 1881 744 nonnullam
1894 718 2019 745 afferebat
2033 719 2232 745 deformitatem

1198 748 1288 788 Nepos
1304 757 1341 783 17,
1354 755 1376 781 8,
1389 758 1420 791 ¹·.
1478 752 1532 778 Cic.
1547 753 1598 779 Off.
1614 762 1635 785 3,
1650 762 1692 787 105
1710 755 1749 779 An
1763 754 1798 779 est
1813 754 1895 780 vllum
1907 755 1992 780 maius
2007 754 2104 780 malum
2119 755 2232 788 turpitu-

1198 784 1281 810 dme?
1309 793 1382 824 'quae
1404 788 1420 811 li
1443 787 1470 812 in
1490 787 1659 815 deformitate
1683 790 1802 823 corporis
1826 789 1919 815 habeat
1940 790 2043 824 aliquid
2065 790 2231 820 offensionis,

1197 825 1292 854 quanta
1307 820 1352 846 illa
1365 821 1519 855 deprauatio
1533 830 1558 849 et
1572 824 1684 850 foeditas
1699 824 1842 858 turpificati
1856 825 1938 850 animi
1951 825 2028 851 debet
2042 825 2127 851 videri
2144 826 2151 851 3
2193 824 2231 851 Id.

1198 855 1229 895 dc
1244 856 1318 881 Orat.
1333 864 1353 887 1,
1368 860 1409 887 156
1431 857 1474 883 Ne
1487 859 1554 884 mala
1565 859 1753 885 consuetudine
1766 859 1797 884 ad
1811 858 1926 892 aliquam
1944 860 2157 892 deformitatem,
2177 869 2232 894 pra-

1195 896 1358 930 vitatemque
1378 894 1524 919 veniamus.
1603 896 1658 920 Cic.
1683 896 1711 920 in
1731 895 1806 920 Orat.
1844 913 1850 919 .
1889 913 1895 919 .
1941 896 2038 922 Diserti
2062 896 2232 922 deformitate

1196 925 1290 960 agendi
1310 926 1387 952 multi
1409 928 1520 955 infantes
1538 930 1621 963 putati
1641 932 1705 955 sunt.
1777 928 1939 955 Deformitas
1953 931 2049 961 animi,
2072 937 2097 957 ct
2114 931 2232 965 corporis

1195 962 1310 996 prauitas
1324 962 1379 988 Cic.
1396 963 1428 989 de
1442 964 1534 998 Legib.
1551 975 1569 996 ι,
1582 973 1607 997 31
1628 973 1695 997 c.19.
1752 964 1841 990 Exitus
1856 963 2010 991 deformitas
2024 966 2234 993 miscricordiam

1195 995 1336 1023 abstulerat
1351 998 1440 1025 Tacit.
1455 1008 1493 1032 19,
1506 1010 1532 1032 4.
1603 1000 1711 1034 Insignis
1734 999 1764 1025 ad
1784 999 1998 1031 deformitatem,
2018 1001 2068 1026 vid.
2084 1008 2233 1027 INSIGNIS.

1196 1033 1368 1065 Deformiras,
1385 1040 1430 1068 pr›
1446 1034 1576 1065 Dedecorc,
1596 1043 1624 1061 ut
1638 1036 1704 1070 apud
1717 1032 1829 1061 Fabium
1843 1036 1869 1065 6,
1885 1041 1895 1059 1
1920 1035 1946 1060 Si
1968 1035 2099 1061 iudicibus
2119 1042 2163 1061 aut
2180 1036 2234 1069 glo-

1194 1068 1250 1094 riae
1264 1065 1355 1094 futura
1370 1069 1405 1095 est
1417 1068 1550 1096 absolutio
1569 1070 1624 1102 rei,
1642 1077 1685 1096 aut
1699 1070 1864 1096 deformitati
1877 1070 2019 1096 damnatio.
2075 1072 2231 1106 Pugnantia:

1196 1104 1251 1130 Cic.
1267 1104 1338 1130 Fam.
1360 1113 1405 1136 10,
1423 1108 1438 1130 6
1463 1105 1527 1132 Non
1545 1105 1626 1131 modo
1640 1106 1760 1140 Dignitas
1778 1105 1848 1131 nulla
1861 1105 1928 1137 erit,
1950 1105 1993 1132 sed
2007 1105 2058 1132 crit
2073 1106 2171 1131 summa
2186 1107 2234 1131 De-

1194 1139 1326 1165 formitas.
1379 1140 1541 1167 Deformitas
1554 1141 1645 1175 fugae,
1660 1141 1888 1178 negligentiaeque
1902 1140 2012 1167 alicuius
2025 1141 2142 1166 Cic.Att.
2157 1149 2182 1173 9.
2199 1150 2234 1166 ιο.

1231 1180 1249 1200 ι)
1259 1181 1275 1200 E
1285 1181 1300 1200 r
1309 1182 1327 1200 o
1336 1181 1355 1201 R
1365 1181 1388 1200 M
1399 1175 1437 1202 ῖΤ
1450 1182 1463 1200 ι,
1474 1183 1501 1202 R.
1539 1176 1605 1202 Adu.
1642 1176 1775 1212 [αἰχρῶς]
1813 1175 1920 1208 Qun&
1939 1181 1962 1207 8,
1974 1183 1986 1208 3
2007 1176 2132 1202 iunctura
2146 1175 2234 1202 defor-

1194 1210 1274 1237 miter
1288 1210 1368 1236 sonat.
1405 1210 1472 1237 Add.
1487 1211 1544 1238 Val.
1557 1212 1628 1238 Max.
1647 1217 1670 1245 8,
1688 1221 1707 1244 1,
1723 1213 1747 1237 6.

1230 1252 1514 1278 DEFORMOSVS,
1539 1256 1570 1279 a,
1604 1256 1657 1273 um.
1700 1247 1760 1274 Adi.

1230 1323 1248 1342 D
1258 1323 1274 1342 E
1283 1323 1299 1342 F
1308 1323 1326 1343 Ο
1334 1324 1353 1342 R
1364 1324 1387 1343 Μ
1397 1323 1418 1341 V
1428 1323 1440 1343 s
1448 1337 1457 1350 ‚
1478 1326 1502 1349 a,
1523 1326 1578 1343 um.
1616 1316 1676 1343 Adi.
1712 1318 1766 1344 Aut
1779 1316 1900 1353 deformis
1911 1323 1954 1343 aut
1966 1317 2077 1344 calidus:
2102 1316 2156 1344 vid.
2169 1316 2235 1343 Fest.

1194 1352 1223 1378 in
1237 1353 1342 1379 Forma.
1379 1353 1496 1379 stewech.
1512 1353 1545 1378 ad
1557 1352 1658 1378 Arnob.
1679 1362 1702 1386 p.
1712 1357 1753 1387 78.

1231 1393 1447 1420 Derossvs‚
1481 1388 1534 1414 vid.
1556 1394 1745 1415 οειτοιᾱιο.ι

1230 1426 1249 1448 D
1258 1430 1274 1449 E
1284 1430 1300 1449 F
1310 1430 1328 1449 R
1338 1429 1353 1449 Ε
1361 1431 1383 1449 N
1391 1431 1412 1450 Α
1421 1431 1442 1450 Τ
1449 1430 1471 1449 V
1479 1431 1492 1450 s
1502 1444 1508 1454 ,

1803 1245 1986 1273 Deform‘osius
2024 1246 2162 1278 confilium
2198 1246 2236 1273 Si-

889 1275 981 1301 Crucis
999 1275 1129 1309 supplicio
1143 1285 1174 1311 30
1194 1280 1255 1308 don,
1273 1282 1319 1315 Ep.
1340 1290 1368 1313 3,
1388 1290 1408 1314 3.

1543 1432 1568 1455 a,
1613 1432 1667 1450 um.
1704 1423 1764 1449 Adi.
1806 1423 1970 1462 [οξχοὶλινος]
2008 1429 2056 1457 pro
2093 1421 2234 1455 Effienato.

1231 1499 1460 1526 DEFRAVDO,
1482 1500 1534 1520 are.
1562 1493 1851 1528 [voffffilg'mnaquneiiw]
1876 1493 1929 1526 Jiue
1952 1499 2151 1519 DEFRVDO.
2188 1493 2237 1518 Per

1187 1528 1308 1564 fiuudem
1320 1529 1417 1563 aliquid
1428 1529 1568 1563 decerpere,
1587 1535 1610 1553 et
1623 1529 1732 1563 auferre.
1768 1529 1836 1554 Ter.
1851 1527 1961 1561 Adelph.
1973 1536 1999 1559 2,
2013 1536 2037 1557 2,
2051 1532 2077 1558 38
2097 1527 2182 1553 Etiam
2197 1527 2237 1551 in—

1194 1564 1271 1597 super
1286 1563 1423 1588 defraudet
1437 1564 1446 1588 ?
1516 1564 1572 1594 Cic.
1589 1564 1659 1589 Fam.
1673 1571 1699 1597 7,
1716 1572 1744 1589 10
1766 1564 1854 1594 Quem
1868 1568 1943 1587 antea
1955 1570 1988 1586 ne
2001 1562 2163 1587 Andabatem
2177 1561 2237 1594 qui-

1194 1598 1254 1624 dem
1274 1597 1429 1623 defraudare
1447 1603 1605 1631 poteramus.
1696 1598 1858 1623 Defraudare
1878 1597 1993 1630 aliquem
2013 1595 2136 1622 drachma
2155 1595 2237 1622 Plaut.

1467 1633 1523 1658 Cic.
1538 1633 1566 1658 in
1578 1634 1652 1658 Orat.
1667 1641 1712 1658 221
1733 1633 1776 1658 Ne
1789 1632 1906 1658 bre-uitas
1927 1631 2086 1657 defraudass'e
2100 1631 2182 1657 Aures
2197 1631 2236 1657 vi-

1194 1667 1296 1699 deatur,
1314 1676 1381 1693 neue
1399 1667 1538 1701 longitudo
1552 1666 1689 1693 obtudiffe.
1752 1667 1783 1693 Se
1797 1667 1886 1692 fructu
1900 1666 2031 1692 victoriae
2045 1667 2154 1698 Liu.36,
2190 1686 2196 1692 .
2230 1686 2236 1691 .

1194 1702 1276 1727 Plaut.
1292 1702 1380 1728 Aulul.
1396 1712 1424 1735 4,
1438 1711 1463 1735 9,
1478 1710 1502 1735 ις
1527 1703 1636 1737 Egomet
1648 1711 1691 1728 me
1704 1702 1876 1733 defraudaui,
1893 1702 2065 1735 animumque
2080 1710 2182 1732 meum,
2197 1710 2238 1736 ge—

1194 1736 1324 1770 niumque
1339 1746 1435 1768 meum.
1507 1738 1575 1764 Ter.
1589 1737 1694 1764 Phorm.
1709 1747 1727 1768 ι,
1742 1746 1760 1768 ι,
1775 1747 1803 1764 ιο
1823 1737 1905 1770 Qod
1924 1737 1970 1763 ille
1990 1737 2117 1763 vnciatim
2136 1737 2182 1763 vix
2195 1739 2237 1763 de-

1195 1773 1285 1797 menso
1306 1771 1338 1796 de
1359 1773 1421 1804 suo,
1443 1775 1516 1800 stium
1539 1772 1680 1799 defrudans
1704 1773 1811 1807 genium
1837 1774 1975 1807 comperiit
1995 1773 2082 1798 miser.
2153 1772 2238 1799 Plaut.

1196 1806 1264 1832 Asin.
1280 1815 1300 1838 1,
1320 1815 1339 1838 1,
1358 1810 1393 1841 76
1421 1809 1496 1835 Senex
1504 1809 1578 1844 seruo
1593 1812 1647 1841 ait,
1668 1808 1712 1835 Nc
1736 1804 1900 1835 defraudato.
1944 1815 1983 1834 ιι.
2004 1808 2139 1833 Maxumas
2157 1816 2239 1841 nugas

1195 1842 1268 1876 agis:
1305 1842 1387 1868 Nudo
1407 1842 1559 1876 detrahere,
1582 1843 1736 1871 vestimenta
1753 1853 1796 1870 me
1817 1844 1899 1870 iubes.
1955 1842 2099 1868 Defrudem
2118 1848 2144 1868 te
2165 1844 2239 1876 egos

1195 1885 1242 1911 age
1256 1876 1286 1903 fis
1295 1897 1303 1909 ,
1321 1883 1349 1903 tu
1363 1877 1414 1903 fine
1430 1880 1523 1913 pennis
1537 1880 1607 1906 vola.
1651 1880 1731 1905 Tene
1743 1885 1792 1913 ego
1805 1878 1942 1905 defrudem
1951 1898 1959 1910 ,
1980 1879 2046 1912 quoi
2058 1877 2105 1911 ipsi
2117 1877 2187 1903 nihil
2202 1877 2239 1903 est

1195 1913 1223 1938 in
1243 1921 1340 1944 manu,
1363 1913 1421 1939 Nili
1443 1915 1506 1949 quid
1525 1921 1552 1940 tu
1571 1923 1652 1949 porro
1670 1922 1779 1940 onrem
1801 1913 2008 1940 defraudaueris.
2063 1913 2118 1938 Huc
2127 1915 2239 1946 pertinet

1194 1948 1271 1974 nobile
1285 1949 1393 1974 Catonis
1413 1951 1535 1975 oraculum
1555 1950 1586 1976 de
1600 1951 1630 1976 R.
1646 1950 1677 1975 R.
1691 1958 1721 1981 ς,
1739 1959 1759 1982 4
1783 1949 1826 1974 vbi
1844 1955 1939 1980 monet,
1962 1948 2057 1973 Seruus
2075 1948 2186 1981 segetem
2206 1957 2239 1974 ne.

1195 1983 1331 2009 defrudet:
1353 1985 1401 2015 (αΙ.
1415 1984 1543 2019 defruget.
1571 1984 1629 2011 Vid.
1645 1988 1813 2015 DEFRVGO)
1838 1986 1856 2010 i.
1870 1992 1898 2008 ne
1912 1983 1973 2017 quid
1985 1983 2013 2009 de
2021 1983 2114 2018 semine
2121 1984 2239 2018 furetur,

1193 2028 1241 2053 qun
1261 2021 1356 2044 ratione
1364 2019 1468 2053 furtum
1486 2027 1551 2046 certe
1569 2028 1634 2045 noxa
1654 2021 1844 2053 multiplicatur.
1898 2019 1965 2045 Cato
1984 2027 2035 2052 24,
2059 2026 2074 2044 2
2097 2019 2239 2053 Qudquid

1193 2054 1251 2079 vini
1267 2053 1435 2086 defrudabis,
1453 2060 1554 2088 partem
1566 2054 1636 2080 XXX
1653 2054 1752 2080 defruti
1769 2053 1869 2080 addito.
1917 2054 1958 2080 Sic
1975 2053 2033 2079 honi
2046 2053 2113 2079 libri.
2168 2054 2241 2089 ond

1186 2091 1222 2114 ,in
1238 2088 1385 2114 defrutabis
1407 2096 1504 2114 mutant
1523 2098 1552 2114 ex
1571 2087 1713 2115 conieH'ura
1731 2092 1785 2115 viri
1805 2087 1881 2115 dotti.
1918 2089 1965 2116 Sed
1983 2088 2083 2115 uidetur
2095 2089 2241 2125 significare

1188 2121 1255 2159 posse
1268 2123 1330 2148 idem
1340 2142 1347 2155 ,
1366 2123 1430 2159 quod
1447 2124 1586 2150 adulterare
1595 2144 1601 2156 ‚
1622 2124 1779 2158 καπηλεύειν,
1799 2131 1828 2151 vt
1840 2123 1874 2151 ad
1886 2134 1936 2151 eum
1949 2126 2025 2151 Iocum
2040 2128 2220 2151 ammanium.

1231 2164 1249 2184 D
1260 2165 1276 2184 r.
1286 2165 1301 2184 r
1312 2165 1360 2185 RA
1371 2165 1390 2183 v
1401 2165 1419 2185 D
1429 2166 1451 2185 A
1460 2166 1481 2186 T
1490 2166 1500 2185 1
1509 2166 1528 2186 ο
1537 2180 1546 2192 ,
1569 2160 1637 2187 onis.
1674 2160 1695 2187 f.
1731 2160 1855 2195 Ἀφκο-ίοι,
1877 2161 1937 2187 Vet.
1952 2159 2031 2186 Gloss'.
2069 2160 2143 2195 Conf.
2158 2161 2239 2187 Tert.

1194 2193 1226 2220 de
1240 2194 1336 2220 Anima
1356 2203 1377 2220 c.
1394 2204 1432 2227 43.

1198 2231 1199 2234 ’
1229 2236 1273 2256 DE
1283 2236 1300 2256 F
1310 2235 1328 2255 R
1339 2236 1389 2256 AV
1400 2231 1451 2256 DA*
1461 2236 1483 2256 T
1497 2236 1516 2256 0
1527 2237 1545 2257 R
1555 2251 1563 2263 ‚
1582 2232 1647 2257 oris.
1684 2238 1720 2257 m.
1757 2230 1904 2264 [roatptrrls]
1940 2231 1997 2257 Sen.
2013 2231 2045 2257 de
2058 2231 2149 2257 Benef.
2164 2239 2192 2263 4⁷,
2205 2233 2240 2257 26

1193 2264 1263 2291 Huic
1284 2265 1404 2299 ingrato,
1430 2267 1477 2300 qui
1501 2266 1693 2293 beneficiorum
1716 2265 1888 2293 defraudator
1909 2266 1962 2300 est,
1987 2275 2042 2293 non
2064 2267 2147 2301 magis
2166 2266 2239 2293 dabit

1191 2300 1364 2331 beneficium,
1384 2309 1464 2335 quam
1485 2302 1607 2335 aptatori.
1648 2313 1652 2316 ·

1228 2342 1247 2362 D
1257 2343 1274 2362 Ε
1284 2343 1327 2362 FR
1336 2342 1386 2362 AV
1397 2342 1415 2361 D
1424 2343 1445 2362 A
1457 2343 1478 2362 T
1490 2344 1508 2363 R
1519 2345 1527 2363 1
1540 2345 1557 2364 x
1567 2357 1575 2369 ‚
1596 2337 1651 2364 i'cis.
1688 2337 1708 2363 f.
1745 2337 1866 2364 Tertuu.
1881 2336 1913 2362 de
1925 2337 2009 2363 Ieiun.
2030 2346 2051 2363 c.
2067 2339 2103 2364 16.

1229 2377 1273 2397 DE
1283 2378 1299 2397 F
1308 2378 1326 2397 R
1336 2378 1352 2397 E
1361 2376 1383 2396 ‘N'
1394 2378 1422 2402 S,
1439 2371 1522 2398 endis.
1559 2372 1653 2400 Partic.
1690 2371 1781 2408 [o'lpzqoe
1799 2372 1934 2407 θεριεὸἑὶσοι,
1951 2373 2045 2406 Gloffi]
2080 2375 2098 2397 i.
2110 2371 2185 2406 ,figes
2197 2371 2237 2396 de-

1191 2405 1270 2439 meffir.
1308 2406 1439 2434 Frendere
1458 2406 1492 2440 est
1504 2407 1571 2444 qucfi
1583 2409 1660 2444 serra
1671 2409 1773 2444 secare,
1784 2408 1900 2444 firi-atae
1911 2414 1990 2433 autem
2002 2407 2088 2442 falces
2103 2409 2237 2440 antiquae:

1190 2442 1249 2469 binc
1263 2440 1296 2474 est
1310 2441 1441 2469 frendere.

1227 2483 1246 2503 Ι)
1255 2484 1271 2504 E
1280 2484 1296 2504 F
1305 2485 1323 2504 R
1333 2484 1350 2505 Ε
1361 2485 1379 2502 Ν
1390 2484 1403 2504 s
1412 2485 1432 2504 v
1441 2484 1454 2505 s
1462 2498 1471 2511 ‚
1493 2487 1507 2505 a
1516 2499 1524 2511 ,
1545 2487 1599 2506 um.
1635 2479 1728 2505 Partic.
1763 2480 1783 2503 i.
1805 2475 1933 2510 detonfiaes,
1953 2474 2070 2501 detritus.
2106 2475 2172 2502 Fest.

1228 2519 1247 2538 D
1256 2520 1271 2539 Ε
1281 2519 1298 2538 F
1307 2519 1326 2538 R
1337 2512 1374 2540 ἴε
1385 2520 1404 2540 Ο
1414 2534 1422 2546 ,
1443 2515 1488 2544 ui,
1506 2514 1578 2540 &um
1588 2533 1595 2544 ‚
1622 2514 1663 2539 vel
1687 2512 1747 2543 aui,
1767 2517 1839 2537 atum
1849 2530 1857 2542 ,
1878 2514 1932 2536 ire.
1968 2509 2129 2544 [αἰπυτρίβω]
2166 2511 2235 2537 Idem

1191 2548 1256 2583 qnod
1275 2549 1438 2574 vehementius
1449 2549 1561 2583 fricare.
1611 2547 1742 2574 Columel.
1760 2549 1786 2578 6,
1800 2555 1825 2578 2,
1839 2552 1856 2579 7
1881 2546 1987 2571 Totum
2008 2553 2100 2571 eorum
2119 2545 2236 2580 palatum

1191 2583 1241 2609 sale
1260 2583 1400 2609 defricato.
1454 2583 1521 2608 Cato
1538 2587 1583 2615 88,
1602 2591 1612 2608 1
1637 2582 1799 2616 Amphoram
1814 2580 1959 2612 defricato,
1979 2580 2153 2615 colluitoque.
2189 2583 2234 2608 AI.

1191 2618 1311 2643 defrae'to
1330 2618 1400 2643 collo
1421 2626 1521 2651 puram.
1592 2617 1668 2643 Auet.
1687 2617 1719 2643 ad
1732 2617 1849 2642 Herenn.
1864 2625 1883 2648 4
1904 2625 1926 2642 c.
1942 2624 1958 2648 9
1979 2615 2050 2642 Nam
2063 2623 2092 2642 vt
2106 2616 2176 2642 forte
2190 2616 2234 2643 hic

1191 2652 1220 2678 in
1232 2652 1336 2679 balneas
1348 2653 1438 2684 venit,
1454 2653 1543 2686 coepit
1556 2652 1693 2686 postquam
1707 2652 1825 2687 perfusus
1838 2651 1873 2677 est
1887 2651 2021 2677 defricari.
2091 2652 2178 2678 Catul.
2191 2661 2234 2687 37,

1726 2687 1858 2713 Defricari
1877 2687 1965 2712 ieiuna
1984 2687 2064 2713 saliua
2085 2687 2152 2713 Cels.
2167 2695 2190 2720 ς,
2205 2693 2233 2717 23

1190 2722 1208 2748 s.
1222 2728 1257 2751 18.
1329 2722 1463 2748 Defricari
1476 2723 1583 2757 pumice
1601 2723 1668 2749 I'lin.
1683 2724 1723 2755 26,
1737 2732 1755 2755 4
1782 2723 1799 2749 s.
1815 2731 1852 2749 10.
1924 2722 2076 2755 Defricam,
2097 2723 2232 2757 metaphor.

1189 2757 1218 2782 de
1231 2757 1411 2792 reprehensione
1425 2758 1546 2784 acerbiore
1560 2760 1655 2786 Horat.
1665 2758 1716 2784 Sat.
1732 2767 1752 2790 1,
1768 2766 1805 2789 10,
1818 2768 1836 2791 4
1857 2759 1891 2784 At
1903 2758 1984 2790 idem,
1999 2758 2069 2793 quod
2084 2758 2134 2784 sale
2147 2758 2233 2785 multo

1189 2792 1289 2818 Vrbem
1303 2793 1443 2825 defricuit,
1461 2793 1550 2820 charta
1567 2794 1687 2820 laudatur
1703 2793 1801 2820 eadem.

1226 2834 1497 2861 DEFRICATVS,
1530 2836 1554 2855 et
1592 2834 1840 2861 DEFluchs,
1878 2838 1902 2861 a,
1940 2838 1993 2855 um.

1188 2862 1265 2890 lbera
1279 2863 1421 2891 defricatus
1434 2864 1510 2891 Vrina
1529 2865 1626 2891 Catull.
1640 2874 1685 2898 40,
1701 2873 1731 2895 13.
1802 2864 1881 2890 Dolia
1898 2864 2024 2890 defricata
2046 2871 2070 2891 et
2089 2864 2231 2898 diligenter

1189 2899 1243 2926 lota
1259 2899 1364 2926 Colum.
1379 2907 1417 2932 ιι,
1437 2909 1450 2925 2
1470 2899 1532 2926 med.
1604 2901 1746 2926 Defricatis
1762 2901 1836 2934 prius
1849 2900 1957 2926 maculis
1976 2900 2042 2926 Plin.
2057 2905 2097 2932 28,
2111 2909 2137 2926 12.
2158 2901 2175 2925 s.
2190 2907 2230 2932 50.

1187 2934 1285 2970 Aspera
1297 2935 1358 2962 testa
1371 2936 1413 2962 vel
1430 2936 1535 2970 pumice
1548 2935 1660 2963 defricta
1676 2935 1857 2962 redulceratur
1870 2935 2002 2962 Columel.
2015 2943 2042 2969 7,
2057 2944 2079 2967 ς,
2095 2940 2116 2964 8.
2159 2936 2192 2961 'Ec
2204 2937 2231 2965 6,

1189 2979 1223 3003 13,
1239 2979 1247 2996 1
1269 2971 1353 2997 Trito
1367 2971 1431 2998 allio
1445 2971 1569 2998 defriGto.
1640 2972 1760 3005 Vigilans
1778 2971 1939 2997 somniabam
1955 2970 2074 2997 defrictis
2097 2970 2164 2996 adeo
2183 2970 2229 2996 diu

1186 3006 1308 3041 pupillis,
1337 3015 1370 3033 an
1388 3007 1545 3041 vigilarem,
1571 3005 1637 3033 scire
1652 3007 1811 3041 quaerebam
1832 3007 1909 3041 Apul.
1923 3007 1987 3032 Met.
2004 3014 2014 3037 3
2036 3015 2060 3039 p.
2076 3010 2126 3038 158,
2138 3011 2174 3037 38.

1223 3048 1336 3068 DEFRt
1348 3047 1365 3068 c
1378 3049 1399 3069 Α
1410 3049 1474 3069 TE.
1518 3042 1587 3069 Adu.
1628 3043 1706 3070 Idem.
1747 3042 1866 3068 Naeuius
1884 3042 1951 3077 apud
1968 3040 2117 3068 Charifium
2136 3050 2160 3075 p.
2183 3044 2228 3073 178

1187 3077 1279 3104 Facete
1291 3084 1317 3104 et
1330 3078 1464 3104 defricatc.

1222 3119 1240 3139 D
1249 3121 1265 3140 E
1275 3120 1291 3139 F
1300 3121 1318 3140 R
1328 3122 1337 3140 1
1347 3120 1367 3140 G
1377 3121 1393 3140 E
1403 3120 1415 3139 S
1425 3121 1441 3140 C
1450 3121 1466 3140 E
1475 3119 1493 3138 R
1502 3119 1519 3139 E
1528 3132 1534 3138 .
1571 3111 1790 3147 [καταφύχεᾶαι]
1828 3112 1894 3139 Idem
1908 3111 1974 3147 quod
1986 3111 2131 3147 frigescere.
2166 3109 2226 3135 Col.

1188 3155 1225 3181 12,
1239 3158 1282 3180 20,
1296 3158 1314 3182 4
1339 3149 1446 3175 Iubebis
1467 3148 1593 3175 rutabulo
1605 3149 1694 3183 ligneo
1708 3148 1818 3183 agitari,
1840 3147 1911 3183 quod
1925 3146 2075 3178 decoxeris,
2094 3154 2127 3171 eo
2143 3154 2226 3179 vsque

1185 3184 1248 3210 dum
1262 3185 1421 3219 defrigeseit.
1458 3184 1531 3210 Idem
1547 3192 1583 3216 12,
1597 3192 1634 3210 21.

1222 3226 1240 3245 D
1249 3227 1265 3246 E
1275 3227 1291 3246 F
1299 3227 1318 3246 R
1328 3228 1337 3246 Ι
1346 3228 1368 3247 N
1378 3227 1398 3247 G
1406 3227 1425 3247 O
1435 3240 1441 3247 .
1461 3221 1502 3254 fgi
1510 3240 1518 3252 ‚
1536 3219 1623 3245 aetum
1636 3239 1644 3251 ,
1665 3220 1710 3245 ere
1729 3217 1893 3252 [καταγνύω]
1912 3219 2043 3251 Decet-pere
2055 3235 2063 3248 ,
2076 3214 2225 3251 frangendo

2032 2830 2124 2855 Partic.
2161 2829 2231 2854 Dens

1185 3256 1294 3290 auferre.
1348 3256 1446 3290 Virgil.
1464 3256 1561 3289 Georg.
1577 3263 1609 3286 2,
1631 3263 1679 3286 300
1705 3256 1757 3280 Aut
1777 3255 1888 3280 summas
1907 3253 2060 3290 defringere
2074 3259 2106 3277 ex
2126 3250 2226 3291 arbore

1187 3291 1293 3325 plantas.
1363 3292 1418 3325 Qu
1436 3296 1622 3326 praetereuntes
1648 3298 1751 3315 ramum
1773 3289 1953 3322 defringerent
1972 3287 2075 3312 arboris
2101 3287 2157 3313 Cic.
2175 3295 2224 3321 pro

1464 3328 1574 3353 Ferrum
1588 3325 1740 3359 defringere
1760 3325 1855 3359 Virgil.
1869 3325 1932 3349 Aen.
1947 3331 1984 3354 11,
1999 3326 2056 3356 748.
2128 3322 2225 3348 Pedem

1752 3361 1844 3386 Litora
1863 3359 1964 3384 soluere
1982 3358 2105 3391 ripasque
2123 3357 2224 3383 defrin-

1865 3394 1923 3419 Liu.
1939 3395 1980 3424 36,
2017 3412 2023 3418 .
2062 3412 2068 3418 .
2105 3393 2224 3419 Primum

1184 3433 1217 3460 ab
1232 3433 1434 3468 vtroquelatere
1442 3442 1528 3459 remos
1543 3432 1704 3465 defringuut.
1738 3433 1769 3457 In
1783 3428 1984 3467 emendatioribus·
1996 3426 2118 3454 codicibus
2131 3430 2151 3467 lq
2171 3431 2225 3455 itur

1185 3470 1340 3503 Detergunt.
1409 3469 1465 3495 Cic.
1485 3468 1516 3495 de
1537 3469 1612 3494 Orat.
1632 3476 1654 3499 3,
1674 3473 1717 3495 108
1743 3466 1827 3492 Etiam
1847 3464 1893 3489 hac
1914 3463 2074 3489 instituendo
2092 3462 2223 3490 diutione

1186 3511 1315 3531 Vtuntur:
1341 3504 1385 3531 sed
1406 3504 1452 3536 ita,
1471 3510 1500 3530 vt
1518 3513 1572 3529 non
1592 3503 1649 3529 iure
1668 3507 1713 3528 aut
1736 3501 1855 3531 iudiciO,
1879 3506 1908 3525 vt
1931 3499 2046 3538 denique
2067 3507 2223 3533 recuperare

1186 3541 1302 3567 amissam
1322 3538 1496 3574 poffessionem
1506 3559 1514 3572 ,
1532 3538 1574 3565 sed
1587 3545 1615 3564 vt
1632 3546 1663 3564 cx
1676 3537 1735 3563 iure
1750 3535 1824 3561 ciuili
1837 3534 1942 3560 surculo
1963 3533 2136 3568 defringendo
2150 3535 2224 3561 vsur-

1187 3327 1299 3353 Caecina
1319 3336 1340 3353 c.
1355 3335 1392 3354 21.

1187 3362 1304 3389 subsellii
1317 3363 1418 3388 Aud'tor
1432 3362 1462 3388 ad
1477 3363 1629 3394 Herenn.4‚
1641 3363 1680 3390 68.

85 3569 191 3596 Troad.
207 3576 261 3604 1117
287 3568 372 3595 Silicis
390 3570 501 3606 impulsu
521 3579 597 3607 caput
612 3574 737 3608 Ruptum,
752 3571 861 3598 cerebro
882 3572 985 3606 penitus
1004 3581 1035 3598 ex
1055 3573 1120 3598 reffo
1136 3583 1168 3610 95·
1185 3585 1247 3610 pare
1261 3575 1451 3610 possellionem,
1465 3582 1510 3600 etc.
1548 3575 1597 3600 Hic
1613 3571 1842 3606 Iurisconfizltorum
1856 3573 1946 3642 artj'git
1958 3569 2160 3605 constantinum,
2176 3578 2224 3606 qua

85 3606 153 3632 iacet
170 3605 291 3631 deforme
303 3605 413 3638 Corpus·
480 3609 569 3635 Facies
589 3609 665 3635 saeua
683 3618 712 3635 ac
730 3607 858 3634 deformis
877 3613 932 3634 tota
952 3607 1017 3634 vrbe
1061 3608 1121 3634 acit.

85 3641 154 3668 Hist.
169 3649 192 3672 3,
205 3645 241 3672 83.
296 3640 399 3679 *Genus
418 3639 462 3679 Sil.
480 3650 503 3675 3,
538 3662 545 3670 .
581 3662 588 3671 .
660 3645 760 3670 Laurea
779 3643 907 3669 deformis
925 3642 998 3669 luftu
1022 3644 1081 3669 Liu.
1095 3652 1123 3676 2,

122 3696 128 3702 .
167 3695 173 3702 .
244 3675 304 3701 Leti
319 3676 446 3701 deformis
463 3676 506 3703 Sil.
520 3687 541 3710 1,
554 3681 608 3706 166.
646 3679 719 3715 Conf.
733 3678 858 3705 Drakenb.
922 3678 1014 3704 Litora
1040 3678 1120 3705 Ouid.

86 3711 173 3738 Trist.
186 3717 208 3743 ς,
221 3719 246 3742 z,
261 3713 300 3742 63.
374 3710 445 3736 Idem
459 3710 491 3736 de
503 3713 564 3740 Arte
577 3718 635 3741 Am.
644 3724 665 3747 3,
675 3723 719 3748 373
738 3715 780 3740 Ira
794 3712 874 3746 subit,
888 3713 1009 3740 deforme
1017 3714 1119 3740 Malum

85 3747 206 3781 lucrique
213 3746 318 3780 cupido.
355 3746 454 3772 Militia
462 3746 579 3782 Iustin.7‚
587 3759 635 3782 3,1.

85 3782 187 3808 Pallore
194 3781 322 3808 deformis
331 3782 451 3813 Lucan.8‚
460 3783 499 3813 56.
535 3783 648 3811 Pretium
656 3785 777 3811 deforme
784 3793 874 3812 morae
882 3784 1072 3818 Stat.Theb.11‚
1081 3790 1121 3815 80.

87 3817 142 3843 Cic.
156 3817 187 3843 de
200 3818 273 3843 Orat.
287 3826 312 3848 z,
325 3823 375 3850 248
396 3818 516 3843 Grauitas
530 3816 642 3845 honestis
655 3821 682 3846 in
695 3821 783 3847 Rebus
796 3822 896 3854 seuere,
911 3821 983 3846 iocus
997 3821 1026 3846 in
1038 3821 1122 3855 turpi-

86 3852 152 3878 culis
167 3858 193 3878 et
207 3852 276 3887 quali
292 3853 456 3878 deformibus
471 3853 587 3887 ponitur.
656 3855 712 3882 sen,
726 3856 835 3890 Hippoi,
849 3861 894 3888 823
915 3857 1063 3891 Formaque
1074 3865 1121 3883 no-

85 3887 148 3914 bilis
162 3887 288 3914 deformis
301 3888 372 3914 Scnii
388 3888 513 3914 monstret
532 3888 682 3921 imaginem.
752 3891 811 3917 Liu.
829 3900 848 3924 1,
887 3911 892 3917 .
931 3910 937 3917 .
974 3892 1054 3926 Qtod
1074 3892 1120 3918 vix

85 3922 250 3950 Albanorum
269 3924 340 3950 oculi
360 3930 415 3953 tam
433 3923 551 3953 deforme
571 3923 750 3959 Spectaculum
768 3927 840 3956 ferre
858 3927 966 3963 possent·

672 3751 761 3776 Motus
769 3749 882 3776 statusue
891 3749 947 3776 Cic.
957 3749 989 3775 de
996 3749 1079 3783 Fin.5,
1086 3757 1121 3782 33.
1129 3762 1176 3781 100
1222 3759 1241 3780 D
1250 3760 1265 3780 Ε
1276 3760 1292 3780 1:
1301 3760 1319 3779 R
1328 3754 1347 3778 x*
1356 3759 1374 3778 D
1383 3760 1402 3779 Ο
1411 3772 1419 3785 ,
1441 3757 1492 3777 are.

1039 3927 1120 3957 Ouid.
1128 3929 1247 3968 105f¹tfi0
1259 3932 1378 3965 antiqua:

1184 3615 1212 3637 in
1231 3613 1292 3637 locis
1310 3614 1410 3645 consitis
1429 3610 1531 3647 quadam
1544 3609 1706 3644 Jollemnimte
1720 3607 1846 3641 surculum
1865 3605 1893 3632 dc
1909 3605 2041 3641 ringebant
2055 3604 2223 3631 vindiciarum

1184 3648 1250 3679 loco,
1272 3649 1314 3682 qui
1319 3647 1390 3682 suam
1405 3656 1455 3672 rem
1471 3644 1513 3678 cffi·
1526 3643 1715 3681 conrena'elmnt.¹
1807 3675 1812 3682 ⁴

1223 3688 1266 3709 DE
1277 3689 1293 3708 F
1303 3688 1322 3708 R
1333 3689 1351 3707 A
1363 3687 1379 3707 c
1393 3688 1414 3708 τ
1428 3689 1447 3706 v
1458 3689 1470 3707 s
1480 3701 1488 3712 ,
1508 3690 1536 3710 a,
1558 3687 1610 3704 um.
1648 3678 1739 3703 Partic.
1777 3672 1842 3703 Pim.
1865 3683 1904 3711 17,
1920 3684 1948 3711 17
1973 3676 1992 3702 s.
2004 3682 2037 3710 27
2062 3676 2141 3702 Casus
2177 3688 2221 3694 -—

1186 3717 1318 3746 defraetos
1337 3717 1422 3743 serere
1437 3725 1522 3743 ramos
1535 3713 1633 3739 docuit.
1652 3733 1653 3738 ,

1532 3750 1630 3774 1«”ειιί·ω·
1641 3754 1690 3782 pro
1706 3747 1864 3782 Defrnudare
1884 3746 2016 3778 dixerunt,
2033 3755 2057 3772 v.
2071 3755 2096 3772 v.

1224 3793 1242 3815 Ι)
1252 3796 1268 3815 E
1278 3795 1294 3815 F
1303 3794 1323 3814 R
1332 3789 1351 3811 ῦ
1360 3794 1378 3814 C
1390 3794 1407 3814 O
1417 3807 1424 3819 ‚
1445 3792 1497 3812 are.
1539 3785 1659 3816 Verbum,
1678 3784 1741 3818 quod
1754 3784 1850 3810 Catoni
1869 3784 1961 3808 tribuit
1974 3782 2040 3808 Plin.
2056 3786 2090 3812 18,
2104 3788 2140 3813 24
2161 3780 2178 3805 s.
2194 3786 2222 3811 ςς

1185 3827 1251 3850 inter
1258 3824 1357 3859 serenti!
1369 3828 1513 3857 praecepta,
1534 3820 1593 3846 Huc
1607 3819 1871 3854 pertinet,'inquiens‚
1887 3817 2022 3844 oraculum
2035 3816 2101 3842 illud
2113 3823 2221 3848 magno-

1185 3865 1247 3894 pere
1260 3857 1457 3885 custodiendum
1467 3876 1474 3888 ,
1487 3856 1604 3889 Segetem
1619 3865 1650 3881 ne
1667 3855 1795 3888 defrugeS.
1837 3855 1879 3880 Sic
1892 3860 1956 3879 certe
1967 3860 2046 3877 omnes
2059 3850 2126 3885 apud
2138 3848 2219 3875 Hard.

1184 3895 1289 3921 MSSti:
1308 3900 1362 3919 cum
1375 3892 1441 3927 τιμαί
1448 3892 1560 3917 Catonem
1574 3893 1651 3927 ipsum
1665 3890 1787 3916 defrudet
1799 3893 1903 3915 maiores
1914 3886 2025 3913 auriam-s
2039 3887 2133 3911 hamt.
2160 3884 2222 3909 Con-

1414 3927 1576 3990 quodgolligo
1590 3936 1618 3953 ex
1632 3926 1705 3957 Non.
1720 3934 1741 3959 1,
1756 3934 1798 3959 130
1817 3934 1870 3951 cum
1883 3921 2029 3950 Defrudare
2041 3924 2223 3983 inteigzegzliumr

1539 3971 1556 3991 z
