2479 4225
295 181 360 220 57,
669 159 947 200 FAC
1344 169 1356 180 ·
1801 156 2085 196 FAC
2367 170 2432 209 572

298 268 324 293 p,
337 265 376 289 39,
413 249 500 287 Gismz.
519 247 584 283 obff.
603 250 632 275 L.
645 250 674 274 L.
690 254 717 283 p.
736 258 776 283 92.
815 249 907 274 Parcus
928 248 988 274 Lex.
1008 247 1073 274 Crit.
1089 254 1119 284 p:
1134 249 1192 281 462.
1229 246 1332 273 Reines.
1397 248 1584 276 Coniefiiuram
1598 247 1736 279 faceretis,
1756 245 1861 281 qualem
1880 245 1910 272 in
1926 245 1960 272 iis
1972 246 2051 273 rebus
2064 246 2092 273 in
2105 255 2147 273 me
2160 246 2190 274 L.
2206 245 2344 274 Metellum
2358 245 2439 274 fuisse

299 293 376 320 lustr,
390 298 414 322 p.
427 292 485 319 948.
521 287 552 311 In
571 285 661 310 talibus
680 284 774 310 Facere
793 290 822 309 vt
836 284 935 317 Agere,
955 282 988 316 ‹st
1007 287 1097 310 viuere.
1134 280 1205 317 Conf.
1220 281 1282 308 Dies
1295 282 1333 309 fa·
1397 285 1531 319 putaretis.
1604 284 1683 310 Plaut.
1697 283 1769 308 Men.
1784 290 1803 312 i,
1818 290 1840 313 2,
1855 289 1887 315 54
1925 282 2025 316 Ecquid
2043 288 2071 308 tu
2086 282 2118 307 de
2131 282 2215 308 odore
2233 282 2322 317 possis,
2336 281 2354 308 fi
2368 281 2431 316 quid

300 335 365 353 cese.
385 327 414 348 it.
440 321 541 347 Menses
566 326 590 345 et
612 318 763 345 Pueritiam.
846 319 972 352 Apertum
986 318 1087 353 aliquid
1106 318 1193 344 facere
1207 317 1298 351 alicui,
1314 320 1333 344 i.
1398 320 1469 347 forte
1489 321 1627 352 olfactis,
1649 319 1736 345 facere
1755 316 1960 344 Coniecturam?
2029 319 2085 344 Cic.
2104 317 2136 343 de
2156 318 2229 343 Orat.
2245 326 2268 349 2,
2281 325 2332 349 299
2362 317 2431 344 Facit

298 356 484 391 Demmnstrarc,
499 362 522 381 et
545 355 629 381 docere
652 355 722 380 illum
747 354 887 384 Lucret·2‚
901 359 950 383 182-
1021 356 1088 380 Hor·
1103 355 1191 380 Carm·
1210 363 1236 386 4,
1255 361 1282 387 7,
1302 361 1333 379 221
1399 355 1471 382 enim
1491 356 1523 382 de
1544 357 1569 382 se
1584 354 1784 382 Coniectura...
1806 353 1881 378 cuius
1899 358 1968 379 tanta
1986 350 2027 378 vis
2045 352 2148 387 ingenii
2166 352 2218 384 est,
2240 359 2269 379 vt
2290 352 2435 386 nemiuem,

300 398 390 428 Qiuin
411 390 489 418 semel
511 389 655 421 occideris,
672 396 697 414 et
716 388 748 414 de
768 394 793 414 te
814 388 947 422 splendida
964 390 1053 416 Minos
1090 389 1191 417 fecerit
1206 388 1333 415 Arbitria.
1357 391 1371 418 5
1399 391 1448 417 nisi
1463 392 1598 424 consulto,
1618 396 1691 425 putet
1708 387 1781 423 quod
1799 393 1891 415 contra
1905 387 2017 422 seipsum
2031 388 2061 414 tit
2079 388 2174 414 dicere.
2245 387 2435 415 Coniecturam'

299 435 318 457 i.
337 428 521 456 pronuntiarit.
554 426 638 450 Aliter
652 423 718 458 apud
729 423 839 449 Liuium
852 433 894 458 43,
909 432 936 459 17
949 428 997 458 (ις)
1026 424 1146 452 Consulis
1160 425 1294 450 Praetores
1307 424 1335 450 iu
1399 426 1486 453 facere
1505 427 1537 453 de
1556 426 1676 453 moribus
1688 424 1810 456 alicuius,
1825 430 1868 449 etc.
1889 422 1955 449 Pliii.
1970 423 1999 449 in
2010 424 2101 458 Paneg.
2114 432 2157 454 20,
2170 425 2195 450 6.
2248 423 2304 450 Cic.
2320 423 2397 449 Vei-r.
2410 423 2435 455 3,
2454 423 2456 447 ἶ

299 463 420 500 eligendo
432 460 580 488 Arbitrium
591 459 718 485 fecerunt.
736 462 754 484 i.
776 459 887 495 Consulis
898 459 1005 487 arbitrio
1018 459 1335 494 clemonempcrmifirwzt.
1400 464 1447 488 106
1467 463 1529 495 Qio
1542 462 1648 488 facilius
1662 470 1709 487 vos
1723 458 1911 486 Coniefiuram
1930 458 1962 485 de
1975 459 2091 486 triennio
2104 465 2130 485 et
2149 458 2181 484 de
2195 464 2251 485 tota
2265 458 2354 485 Sicilia
2367 458 2432 491 face-

300 500 431 528 Ardorem
446 496 553 525 annun,
565 501 615 530 pro
632 494 788 529 Dfflammm
805 495 863 521 Lill·
881 502 905 527 8,
942 516 949 522 -
987 516 993 522 -
1063 495 1244 529 Argentariam
1268 494 1335 520 Plin·
1399 505 1430 523 re
1443 498 1547 531 possitis.
1619 496 1806 523 coniceturam
1824 503 1855 520 ex
1873 502 1903 520 re
1917 494 2006 528 aliqua
2022 494 2109 521 facere
2136 494 2204 520 Ter.
2220 495 2315 521 Heaut.
2330 502 2350 525 3,
2366 502 2386 525 3,
2399 502 2432 525 13.
2454 502 2456 507 '

302 537 333 563 de
347 535 418 562 Viris
431 531 512 559 Illnst.
524 540 546 556 c.
560 538 600 564 72.
637 530 693 556 Cic.
707 530 783 557 Verr.
797 538 819 563 3,
834 533 869 564 64
895 532 919 557 Is
939 540 1017 565 quem
1032 531 1077 557 ille
1092 530 1272 564 Argentariam
1287 531 1335 556 Le·
1400 533 1456 559 Cic.
1472 534 1524 559 Att.
1540 542 1572 565 13,
1586 542 1603 565 9
1640 533 1726 565 Qiam
1750 538 1779 557 tu
1796 529 1984 556 Coniectum-im
2003 529 2118 556 faciebas
2140 538 2171 555 ex
2196 529 2281 556 litei-is
2305 527 2432 557 Messalae·
2454 542 2457 557 :

302 572 341 607 pti
354 570 438 597 feciss‘e
452 566 524 593 dicit.
550 565 603 592 vid.
625 571 860 592 ARGENTARIA.
917 568 958 593 Ita
971 570 997 592 in
1011 568 1069 593 alias
1082 570 1175 592 artium
1188 566 1337 597 nominibus,
1354 575 1382 594 ιο
1401 568 1466 593 Plin.
1480 568 1558 602 Epist.
1572 579 1601 602 4,
1613 575 1654 602 27,
1666 569 1683 593 6
1700 566 1776 593 Possis
1789 575 1820 592 ex
1834 565 1884 591 hoc
1897 564 1982 592 facere
2000 564 2197 597 Conieeturam,
2211 573 2290 600 quam
2303 564 2333 591 fit
2346 572 2432 590 emen·
2454 563 2456 566 '

301 615 331 634 vt
344 603 542 633 Carnificinam,
560 601 777 635 Haruspicinam,
797 601 990 634 Histrioniam,
1009 602 1199 632 Lenocinium,
1213 601 1336 627 Meretri·
1400 602 1474 629 datus
1493 603 1648 630 adolescens
1722 603 1779 628 Cic.
1791 602 1819 628 iii
1833 602 1908 628 Verr.
1947 620 1954 626 .
1993 619 1999 626 .
2037 621 2044 626 .
2079 601 2114 627 Ex
2135 600 2232 635 quibus
2246 598 2432 634 Coniefiurani
2454 608 2458 636 ζ

303 643 388 672 cium,
410 637 625 668 Nauiculariam,
640 637 793 668 Piraficam,
808 638 995 670 Praeconium,
1009 637 1154 672 Scriptum,
1167 637 1336 669 scrutariam,
1398 638 1485 665 facere
1503 639 1534 664 de
1553 638 1676 665 omnibus
1690 637 1796 671 poffitis.
1849 636 1923 663 Ideni
1941 636 2018 663 Vei-r.
2033 644 2052 667 1,
2068 644 2109 668 125
2134 638 2233 663 Verum
2246 642 2275 662 vt
2288 644 2319 661 ex
2333 644 2387 661 vno
2401 634 2432 661 de

302 677 457 705 Vccffuram,
468 672 644 703 Vellaturam,
660 672 863 706 Vnguentariam
877 673 972 700 facere.
1005 673 1072 699 Adii.
1094 678 1336 699 ΕΜΒΑΕΝΣΤΙΕΑ.
1400 674 1507 701 caeteris
1520 673 1707 701 Conicehiram
1727 673 1812 699 facere
1832 671 1937 706 ponitis.
2019 671 2099 698 Plaut.
2114 672 2180 698 Rud.
2200 681 2222 703 3,
2236 680 2256 703 1,
2272 679 2306 697 20
2344 671 2433 703 Qum

302 713 380 740 Plaut.
394 708 453 735 Aul·
466 717 495 742 4,
507 716 528 740 3⁵
542 716 555 739 3
576 708 711 734 Continuo
731 716 820 734 meum
841 716 887 734 001·
900 709 987 742 coepit
999 714 1083 735 artem
1097 709 1183 735 facere
1197 708 1336 737 ludicram,
1399 710 1588 738 Conie&urain
1605 714 1710 743 egomet
1727 717 1829 734 mecum
1848 707 1919 733 facio
1928 726 1937 739 ,
1954 705 2018 733 haec
2035 706 2082 733 illa
2095 706 2130 732 est
2147 707 2230 739 simia,
2242 713 2288 732 etc.
2360 705 2432 734 Ideni

301 752 321 775 i.
334 744 462 784 subsilire,
471 745 614 779 palpitare,
630 743 733 778 lasciuia
748 745 848 769 comica.
920 744 1101 770 Ascenfionem
1123 744 1156 770 ad
1179 744 1265 770 locum
1288 743 1335 768 ali·
1353 750 1379 777 ις
1400 745 1478 772 Curc.
1492 755 1518 778 2,
1532 754 1551 777 1,
1566 754 1587 777 31
1614 746 1673 770 Hoc
1684 743 1811 777 responde
1825 743 1896 778 quod
1908 750 1991 776 rogo,
2009 742 2093 777 potin'
2107 743 2292 770 Conie6hiram
2305 741 2400 772 facere,
2413 740 2432 768 fi
2445 746 2447 750 ⁴

301 790 379 817 quem
393 780 474 807 Plaut.
488 778 555 805 Rud.
568 788 589 810 3,
604 787 625 810 1,
638 786 664 812 7.
735 777 808 804 Idem
819 778 901 804 Merc.
918 787 936 811 1,
949 787 972 811 2,
987 787 1020 805 20
1047 781 1081 805 At
1099 780 1179 806 etiam
1190 779 1288 805 affisto?
1308 784 1334 804 at
1398 790 1502 808 narrem
1521 781 1573 807 tibi
1587 780 1634 806 hac
1652 779 1733 805 noctu
1746 778 1817 813 quod
1835 787 1884 813 ego
1904 778 2036 804 somniaui
2050 777 2199 805 dormiens?
2270 777 2342 804 Caes.
2356 777 2385 803 B.
2399 775 2433 806 G,¹

299 817 378 844 etiam
399 815 464 841 cesso
483 814 587 841 foribus
607 813 649 839 his
667 813 754 839 facere
775 813 889 839 Atridas?
910 817 930 841 i.
948 816 1007 841 tuas
1028 814 1152 847 affidatim
1168 817 1335 841 comminuere.
1399 828 1428 850 4,
1441 825 1471 848 30
1490 818 1580 851 Itaque
1591 816 1679 844 rursus
1694 815 1886 841 Coniuratione
1899 813 1983 844 fa&a,
2002 813 2138 847 paullatim
2152 822 2183 839 ex
2195 812 2282 840 castris
2295 811 2434 844 discedere,

301 853 356 879 Cic.
371 850 483 885 Philipp.
497 859 519 882 5,
534 857 555 875 11
594 850 628 874 Vt
646 848 763 875 feliciter
781 848 824 874 vir
837 848 996 876 Auc‘tioneni
1007 850 1129 876 faciebat.
1200 849 1271 875 Idem
1286 858 1335 883 pro
1397 860 1425 878 ac
1437 853 1497 878 suos
1511 852 1576 879 clam
1590 860 1621 878 ex
1640 851 1709 886 agris
1723 849 1852 880 deducere
1864 856 2015 884 coeperunt.
2083 849 2142 875 Liu.
2155 856 2193 881 25,
2206 857 2219 882 ς
2248 849 2283 875 Ex
2294 847 2345 874 hoc
2360 847 2434 875 Sem-

300 890 330 915 L.
345 887 437 913 Manil.
457 894 488 918 43
527 885 565 910 De
583 892 638 918 quo
651 883 879 923 h01nin9VOS*(id
899 885 970 919 quod
982 885 1096 911 maxime
1109 886 1173 912 facit
1187 884 1335 911 Auctorita-
1399 887 1558 914 tusconsulto
1576 886 1658 914 creati
1670 885 1830 913 Triumuiri
1850 885 1921 917 bini,
1945 884 1994 919 qui
2012 884 2239 919 Conquisitionem
2259 884 2438 921 ingenuoruiir

300 926 371 954 tem)
393 927 462 948 tanta
481 926 506 946 et
524 925 577 945 tam
597 919 727 953 praeclara
746 919 845 946 iudicia
864 920 978 946 fecistis?
1048 922 1196 955 Aucupium
1215 920 1335 952 auribus,
1349 932 1384 950 20
1399 931 1446 957 per
1462 932 1538 957 agros
1557 923 1684 949 fecerunt.
1774 921 1847 947 Idem
1861 929 1900 953 35,
1911 928 1947 953 42
1985 920 2094 947 Exulem
2106 920 2184 947 illum
2203 925 2228 945 et
2241 920 2357 945 Poenum
2370 918 2439 952 esse!

300 959 446 995 Ait-scultare
459 956 540 982 Plaut.
557 955 616 981 Mil.
630 965 658 989 4,
672 963 744 994 ¹’.43'
818 955 875 981 Liu.
890 964 934 987 29,
948 965 980 988 34
1010 956 1062 982 Aut
1084 957 1143 990 ipsis
1163 955 1336 990 obequitabat
1401 958 1443 984 cui
1457 959 1530 985 mille
1544 959 1573 985 in
1588 958 1643 984 dies
1657 966 1727 984 noua
1740 955 1872 989 Consilia,
1891 955 1935 982 vel
1947 956 2055 983 fortuna
2066 956 2123 987 sua,
2135 955 2179 981 vel
2198 955 2336 989 ingenium
2347 951 2446 988 facere,¹

300 994 396 1029 portis:
417 998 460 1019 aut
475 990 592 1017 cedendo
605 999 666 1016 cum
682 990 788 1016 timoris
801 990 914 1017 simulati
926 991 1010 1026 specie
1024 992 1168 1018 Audaciam
1185 991 1254 1017 hosti
1268 992 1336 1018 face-
1399 993 1480 1028 possit.
1553 993 1671 1021 Consilio
1691 992 1814 1024 alterius,
1826 997 1874 1029 pro
1894 991 1966 1026 Sequi
1984 991 2110 1025 confilium
2128 991 2208 1017 Plaut.
2227 989 2295 1016 Rud.
2314 1000 2341 1023 4.
2361 997 2384 1021 32
2397 982 2441 1017 222‘!

299 1037 355 1062 ret,
376 1029 407 1054 ad
428 1026 616 1061 insequendum
638 1033 736 1052 temere
756 1025 886 1052 eliciebat.
958 1027 1014 1053 Cic·
1027 1027 1059 1053 de
1072 1027 1171 1054 Seue&-
1185 1033 1215 1057 28
1254 1028 1337 1053 Facit·
1402 1029 1457 1055 Cic.
1471 1030 1542 1056 Fam.
1556 1038 1575 1061 1,
1588 1037 1605 1064 7
1628 1029 1693 1055 dicit
1707 1029 1746 1054 De
1768 1027 1879 1054 consilio
1898 1026 2011 1054 alicuius
2030 1027 2125 1053 facere.
2195 1025 2436 1060 Conspirationem,

300 1074 351 1101 que
364 1065 486 1101 persaepe
506 1063 559 1096 ipsa
578 1061 626 1088 fibi
640 1061 809 1088 Audientiain
823 1061 914 1088 diserti
932 1063 998 1088 senis
1012 1069 1098 1089 comta
1111 1063 1198 1089 oratio
1216 1069 1241 1089 et
1252 1063 1336 1095 mitis,
1400 1064 1545 1100 Conspirare
1558 1065 1617 1091 Liu.
1633 1066 1675 1096 26,
1712 1083 1718 1090 .
1756 1083 1763 1090 .
1833 1063 1889 1089 Cic.
1905 1063 1976 1089 Fam.
1991 1071 2025 1095 13,
2036 1071 2072 1096 24
2102 1062 2172 1088 Nam
2192 1067 2218 1088 et
2236 1061 2305 1088 inter
2323 1060 2440 1095 nosmetf.

298 1105 318 1128 i.
337 1102 452 1127 conciliat
457 1098 508 1132 Jibi
520 1097 660 1137 auditores:
677 1101 830 1124 contrarium
844 1097 1000 1132 Obstrepere
1012 1098 1061 1125 fibi
1075 1099 1104 1125 in
1117 1098 1237 1124 dicendo.
1283 1099 1335 1124 Au·
1353 1107 1384 1133 25
1399 1099 1469 1134 ipsos
1481 1107 1556 1126 vetus
1570 1101 1629 1126 vsus
1641 1099 1795 1130 intercedit,
1809 1104 1834 1124 et
1847 1097 1948 1125 Atticus
1959 1098 2048 1125 noster
2059 1098 2189 1124 maiorem
2201 1097 2281 1123 etiam
2294 1095 2362 1122 mihi
2374 1103 2437 1129 cum·

299 1137 406 1172 gurium
433 1134 515 1160 Plaut.
529 1132 609 1159 St1ch.
623 1141 646 1164 3,
660 1141 685 1164 2,
699 1141 737 1159 10.
807 1131 879 1158 Idem
896 1133 963 1159 Asin.
976 1133 1045 1167 prol.
1058 1144 1077 1167 4
1113 1135 1179 1161 Face
1197 1134 1251 1160 iam
1264 1143 1334 1160 nunc
1400 1134 1516 1163 Cossinio
1529 1134 1753 1161 Consuetudinem
1767 1134 1839 1160 fecit.
1908 1133 1983 1160 Idem
1996 1133 2029 1159 de
2042 1133 2141 1160 Sene&
2159 1142 2189 1165 14
2213 1134 2290 1159 Anno
2305 1131 2376 1158 enim
2389 1129 2444 1161 vus*

298 1180 392 1207 praeco
419 1178 524 1196 omnem
547 1168 670 1194 Auritum
691 1167 825 1203 populum.
846 1172 864 1194 i.
889 1170 937 1194 Fac
960 1169 1120 1196 audientiam.
1195 1170 1254 1196 Liu.
1269 1179 1288 1201 ι,
1302 1178 1336 1203 34
1398 1170 1560 1205 deuigefiino
1580 1170 1637 1204 post
1656 1170 1713 1196 eius
1731 1177 1844 1200 mortem
1864 1169 1893 1195 hi
1913 1175 1998 1196 Coss.
2016 1169 2055 1195 T.
2069 1169 2214 1195 Flaminius
2231 1174 2257 1194 et
2276 1168 2312 1193 M.
2328 1165 2445 1202 Attiliuj¹

298 1209 361 1235 Eam
375 1206 464 1233 alitem
477 1213 507 1231 ea
515 1205 623 1238 regione
636 1204 702 1230 caeli
715 1210 740 1230 et
751 1203 807 1230 eius
820 1202 863 1230 dei
876 1204 996 1231 nuntiam
1003 1205 1112 1231 venisse:
1125 1205 1194 1232 circa
1202 1207 1335 1231 summum
1399 1206 1464 1232 faeti
1476 1208 1544 1232 sunt.
1613 1207 1644 1232 Et
1657 1205 1686 1231 in
1699 1205 1783 1231 Pison.
1798 1214 1823 1238 51
1846 1205 1894 1231 Sed
1908 1205 2036 1239 quoniam
2048 1204 2216 1230 fortunarum
2230 1202 2437 1236 Contentionem,

299 1244 402 1270 culmen
423 1240 538 1267 hominis
553 1239 704 1278 Auspicium
723 1239 822 1265 fecisse:
842 1239 933 1267 leuasse
952 1240 1068 1266 humano
1087 1240 1274 1275 superpositum
1295 1249 1334 1266 ca-
1400 1242 1487 1268 facere
1508 1241 1656 1276 coepimus,
1677 1240 1709 1267 de
1735 1241 1822 1267 reditu
1843 1240 1954 1267 Gabinii
1972 1241 2133 1266 omittamus.
2205 1240 2265 1271 Liu.
2279 1247 2302 1271 3,
2315 1247 2351 1271 40
2382 1238 2438 1275 Aug

300 1279 350 1314 piti
369 1278 463 1309 decus,
482 1282 510 1302 vt
530 1274 661 1302 diffinitus
674 1275 760 1301 eidem
782 1274 910 1301 redderet.
981 1277 1047 1302 Hor.
1062 1276 1141 1311 Epist·
1157 1285 1177 1308 1,
1190 1286 1208 1308 ι,
1222 1278 1252 1305 86
1281 1275 1334 1301 Cui
1351 1283 1383 1308 30
1401 1278 1448 1312 qui
1460 1277 1514 1310 ita,
1528 1285 1611 1312 quum
1624 1285 1671 1311 per
1688 1281 1729 1302 tot
1745 1277 1858 1308 menses,
1875 1285 1955 1302 vacua
1968 1276 2076 1302 ciuitate
2095 1284 2173 1302 nemo
2192 1275 2289 1301 iustine
2301 1272 2441 1309 magistra-5}

300 1315 319 1341 si
336 1314 431 1341 vitiosa
450 1311 536 1338 libido
549 1310 649 1337 Fecerit
662 1310 822 1345 Auspicium.
843 1314 861 1336 i.
882 1310 1005 1346 Suaftrit,
1019 1313 1168 1338 voluntatem
1185 1311 1334 1345 aedificandi
1398 1319 1441 1339 tus
1459 1314 1574 1339 summae
1592 1321 1685 1339 rerum
1701 1312 1858 1347 praeessent,
1877 1311 2091 1338 Controuersiam
2111 1310 2218 1337 fecerit:
2240 1319 2310 1336 nune
2328 1309 2406 1335 demu
2428 1311 2431 1313 ’

298 1352 419 1377 iniecerit.
483 1344 580 1374 Tacit.
595 1347 662 1372 Anu.
677 1348 703 1378 6,
716 1354 742 1377 33
778 1346 880 1378 Mittit,
894 1347 940 1381 qui
953 1347 1061 1373 Auxilia
1076 1345 1195 1373 mercede
1208 1347 1333 1373 facerent.
1398 1357 1482 1383 quum
1502 1347 1587 1374 hostes
1599 1357 1682 1382 prope
1700 1347 1732 1373 ad
1747 1354 1834 1382 portas
1845 1348 1919 1378 sunt,
1933 1347 2025 1373 ciuiles
2044 1346 2186 1373 discordias
2200 1347 2294 1373 serant.
2365 1344 2405 1370 Co
2439 1347 2441 1350 '
2456 1351 2462 1375 t

298 1383 320 1422 ff
341 1396 359 1419 4
394 1384 474 1410 Plaut.
490 1381 563 1416 lipid.
578 1391 598 1413 3,
610 1390 632 1414 3,
645 1391 681 1415 40
707 1382 760 1415 Ego
777 1381 834 1408 illic
845 1391 888 1408 me
902 1388 990 1408 autem
1002 1382 1178 1409 assimulabam
1193 1382 1264 1416 quasi
1283 1382 1333 1408 sto·
1398 1383 1553 1411 trouersiani
1571 1384 1653 1410 alicui
1672 1383 1704 1409 de
1722 1392 1751 1410 re
1769 1383 1875 1417 aliqua,
1890 1389 1940 1418 pro
1954 1382 2100 1408 Contcndcre
2118 1392 2171 1407 cum
2189 1383 2272 1417 aliquo
2286 1381 2343 1407 Sen.
2357 1380 2405 1414 Epi
2445 1381 2460 1414 γ’

298 1421 399 1452 lidum,
419 1427 499 1454 quum
507 1417 620 1444 Barduni
633 1426 676 1443 me
689 1416 827 1443 faciebam.
898 1417 968 1443 Belle
981 1417 1045 1443 facit
1055 1417 1253 1444 medicamentum
1268 1418 1334 1445 Scri·
1398 1428 1443 1446 ιιι.
1514 1420 1569 1446 Cic.
1584 1419 1613 1446 in
1626 1420 1701 1446 Orat.
1722 1427 1762 1445 121
1793 1418 1872 1445 Nihil
1891 1417 1992 1452 ambigi
2011 1417 2111 1452 potest,
2136 1417 2165 1442 in
2184 1426 2238 1451 quo
2256 1425 2310 1443 non
2330 1422 2374 1442 aut
2393 1419 2445 1548 τῇ
2464 1412 2479 1443 ⁴1

297 1456 361 1483 bon.
376 1464 426 1487 130.
498 1454 553 1480 cic.
566 1452 619 1479 Off.
632 1461 651 1484 1,
665 1461 692 1484 35
719 1452 762 1478 Ne
774 1453 854 1486 posset
866 1452 1009 1486 aliquando
1023 1453 1055 1479 ad
1067 1453 1169 1479 Bellum
1183 1453 1333 1480 faciendum
1350 1462 1379 1489 33
1399 1455 1615 1482 Controuersiain
1635 1455 1727 1485 faciat,
1746 1459 1790 1479 aut
1810 1453 1901 1480 verba.
1971 1453 2040 1480 Ter.
2060 1453 2165 1479 Phorm.
2180 1461 2202 1485 5,
2215 1461 2241 1487 7,
2254 1457 2286 1487 78
2313 1451 2387 1485 Qiin
2405 1457 2416 1476 t
2445 1460 2459 1482 2¹
2472 1455 2479 1475 'A

298 1492 370 1518 locus
385 1491 437 1526 ipse
450 1488 595 1516 adhortari.
665 1487 767 1514 Bellum
781 1488 880 1522 patriae
895 1488 986 1515 Tacit.
1001 1490 1069 1515 Ann.
1083 1497 1104 1521 3,
1121 1494 1154 1523 18.
1174 1489 1247 1524 Conf-
1262 1489 1333 1523 Nep.
1398 1499 1471 1517 nouo
1489 1490 1571 1517 modo
1592 1490 1617 1516 ei
1638 1490 1736 1516 faceres
1751 1488 1948 1515 Contumelias?
1985 1489 2052 1514 Cato
2071 1489 2136 1524 apud
2147 1487 2213 1514 Gell.
2231 1497 2268 1518 10,
2283 1496 2313 1519 14
2342 1489 2373 1513 In
2388 1486 2406 1512 h
2456 1487 2479 1524 ξ

301 1536 341 1560 ιο,
365 1536 392 1559 4,
412 1535 433 1558 3.
502 1524 603 1551 Bellum
625 1524 683 1549 Scn.
698 1523 777 1557 Epist.
801 1532 852 1555 ¹14·
881 1524 1055 1558 reprehendere
1077 1524 1190 1556 videtur,
1204 1525 1252 1560 fid
1279 1524 1332 1551 vid.
1398 1526 1585 1557 Contumelia,
1599 1534 1667 1559 quac
1685 1524 1754 1550 mihi
1774 1532 1820 1558 per
1832 1523 1940 1550 huiusce
1954 1524 2125 1558 petulantiam
2144 1523 2244 1548 factum
2260 1522 2324 1549 itur.
2377 1522 2410 1548 ci
2446 1531 2448 1534 ’

299 1569 433 1589 BELLVM.
517 1560 585 1586 Bene
603 1559 668 1585 facis
687 1559 755 1585 Ter.
775 1559 839 1584 Eun.
860 1568 881 1590 1,
896 1568 919 1590 2,
934 1562 983 1585 116.
996 1559 1114 1593 formula
1130 1560 1173 1586 vbi
1191 1559 1333 1595 beneficium
1397 1561 1511 1596 Philipp.
1530 1570 1553 1593 3,
1567 1569 1600 1586 22
1619 1569 1641 1586 c.
1653 1568 1670 1592 9
1689 1559 1790 1586 videtur
1807 1559 1852 1585 hoc
1870 1568 1947 1595 genus
1963 1559 2077 1594 loquendi
2094 1557 2284 1592 repffhendm,
2314 1567 2368 1583 uum
2387 1559 2435 1589 ait,

299 1605 372 1634 grato
385 1599 465 1623 animo
482 1595 632 1630 agnoscitur.
687 1594 756 1620 Bene
767 1594 868 1626 facere,
882 1603 930 1628 pro
944 1595 1076 1628 prodesse,
1092 1594 1123 1620 de
1135 1595 1334 1622 medicamentis
1397 1596 1472 1630 Qiid
1490 1596 1527 1622 est
1547 1604 1630 1630 porro
1648 1596 1735 1621 facere
1756 1595 1969 1621 Contumeliam?
1989 1594 2049 1629 quis
2069 1592 2101 1619 sic
2117 1593 2255 1628 loquitur?
2283 1594 2286 1596 ⁷
2315 1599 2327 1619 t
2354 1591 2434 1624 abdit,

301 1635 353 1662 186.
374 1630 501 1669 enpaffiin
514 1630 579 1664 apud
592 1628 710 1655 Scribon.
745 1629 786 1656 Sic
794 1630 862 1656 Bene
875 1630 937 1656 facit
951 1629 983 1656 ad
999 1646 1044 1650 —
1056 1630 1138 1658 Scrib.
1147 1640 1191 1663 90.
1206 1640 1261 1664 ¹04-
1277 1634 1332 1658 160.
1341 1639 1378 1664 40
1399 1633 1497 1659 Nonne
1517 1632 1595 1658 satius
1612 1630 1647 1657 est
1668 1637 1772 1657 mutum
1789 1631 1855 1660 esse,
1879 1638 1958 1666 quam
1977 1629 2049 1664 quod
2065 1638 2145 1656 nemo
2165 1628 2309 1663 intelligat,
2346 1626 2433 1654 icere}

301 1669 370 1703 Qun
383 1668 421 1700 Jic
441 1669 489 1701 ipje
510 1666 576 1691 Cato
595 1671 652 1698 157,
669 1666 693 1689 6.
729 1664 795 1690 ΑΜ.
809 1664 912 1691 Colum.
927 1668 953 1697 6,
968 1674 1003 1698 ις,
1018 1675 1037 1692 ι.
1058 1672 1082 1705 23,
1095 1673 1134 1701 17,
1148 1675 1181 1699 ¹3-
1255 1667 1332 1693 Bom-
1400 1667 1532 1701 Qiinetil.
1546 1675 1571 1699 9,
1588 1675 1609 1698 3,
1624 1675 1646 1698 ¹3
1668 1668 1698 1692 Et
1712 1665 1908 1693 Contumeliam
1919 1665 1996 1691 fecit:
2012 1664 2084 1699 quod
2096 1673 2112 1690 a
2125 1665 2252 1691 Cicerone
2265 1661 2433 1698 reprehendi,

299 1704 379 1733 bum,
398 1700 451 1728 vid.
471 1706 610 1727 BOMBVS.
680 1698 747 1724 Ter.
763 1700 857 1725 Heaut.
869 1710 897 1733 4,
913 1708 934 1732 ς,
949 1708 973 1732 15
1010 1702 1113 1728 Fat1am
1130 1702 1197 1728 Boni
1215 1701 1267 1728 tibi
1285 1703 1333 1728 ali·
1398 1710 1501 1730 notum.
1537 1701 1616 1729 Affici
1636 1703 1707 1728 enim
1727 1701 1888 1728 contumelia
1905 1700 2035 1728 dicebant.
2071 1702 2162 1736 Nempe
2180 1699 2275 1726 Fabius
2289 1705 2380 1734 putat,
2404 1696 2435 1732 ab

299 1738 365 1772 quid
379 1746 427 1771 pro
439 1736 486 1763 ista
498 1744 544 1767 re,
562 1743 590 1760 ac
603 1733 703 1760 lubens.
774 1734 857 1773 Boiies
878 1735 1002 1774 conuiuas
1023 1736 1105 1762 Plaut.
1120 1737 1208 1763 Pseud.
1225 1747 1244 1768 3,
1260 1746 1283 1768 2,
1296 1746 1333 1768 ²3·
1397 1740 1509 1765 Antonio
1523 1736 1626 1769 dietum,
1638 1744 1661 1764 et
1671 1737 1841 1773 reprehensum
1854 1745 1870 1763 a
1883 1737 1995 1763 Cicerone
2007 1737 2102 1762 Facere
2115 1735 2303 1763 contumeliam
2310 1739 2360 1769 pro
2373 1731 2441 1768 pati,

298 1774 324 1801 b.
339 1783 358 1799 e.
376 1771 454 1798 &obus
466 1773 603 1796 conuim‘um
616 1776 745 1804 apparare.
814 1770 870 1795 Cic.
884 1769 995 1805 Philipp.
1010 1779 1028 1800 i,
1041 1778 1053 1802 5
1076 1770 1214 1805 Iidemque
1227 1771 1334 1797 Bustuiu
1397 1779 1428 1798 vt
1447 1773 1544 1800 Facere
1567 1772 1692 1798 damnum
1702 1792 1709 1803 ‚
1736 1772 1939 1802 detrimentum,
1957 1771 2101 1802 iaeiuram,
2121 1771 2305 1806 naufragium,
2321 1769 2429 1803 ruinani·
2446 1767 2447 1772 ¹

300 1808 330 1833 in
360 1807 422 1832 foro
454 1806 570 1831 facerent
585 1824 593 1836 ‚
624 1806 671 1838 qui
704 1805 779 1830 illam
811 1805 967 1838 insepultam
996 1805 1155 1839 sepulturam
1187 1806 1334 1832 effecerant.
1349 1814 1382 1840 45
1399 1806 1506 1833 vitium.
1576 1807 1658 1832 Plaut.
1672 1808 1753 1832 Merc.
1766 1806 1833 1840 prol.
1846 1815 1877 1838 59
1906 1807 1976 1833 Male
1994 1807 2062 1832 mihi
2073 1813 2209 1840 precatur,
2220 1811 2246 1832 et
2261 1805 2324 1832 facit
2336 1802 2426 1830 Conui

300 1839 321 1879 q
343 1850 354 1873 ς
392 1840 469 1873 Apul.
485 1845 498 1868 8
514 1848 540 1872 p.
554 1847 609 1869 203,
623 1847 653 1870 25
672 1839 887 1874 Cadauer,quod
900 1841 954 1874 ipse
967 1840 1073 1872 fecerat,
1090 1840 1167 1867 auide
1182 1840 1334 1874 complexus
1400 1842 1479 1868 cium.
1516 1841 1558 1869 Sic
1578 1841 1643 1867 Pliii.
1661 1841 1740 1875 Epist.
1755 1844 1780 1873 6,
1800 1849 1838 1872 12,
1856 1848 1877 1873 5.
1921 1842 1978 1867 Cic.
1992 1842 2046 1867 Att.
2067 1850 2099 1872 ιι,
2114 1850 2136 1867 ιι
2169 1840 2330 1867 Conuiciimi
2346 1838 2423 1864 Pison

299 1877 335 1903 est
344 1896 352 1908 ‚
369 1881 498 1913 mortuum,
510 1881 577 1908 quem
588 1873 639 1911 'Pft
654 1873 824 1911 interfecerat.
914 1876 970 1900 Cic.
985 1884 1034 1908 pro
1046 1875 1142 1901 Milon.
1159 1884 1183 1901 12
1218 1877 1335 1902 Obuiam
1400 1877 1511 1904 Consuli
1522 1877 1666 1904 mirificum
1678 1877 1751 1903 facit.
1786 1875 1854 1903 Adel.
1866 1875 1948 1902 Plaut.
1960 1876 2037 1904 Most.
2051 1885 2077 1908 4,
2091 1884 2116 1908 2,
2130 1885 2170 1901 20.
2205 1877 2280 1902 Parvi
2295 1876 2356 1901 Lex.
2370 1874 2441 1909 Critffi

300 1912 329 1938 fit
349 1912 375 1938 ei
388 1909 498 1948 Clodius
516 1907 651 1947 expeditus
670 1915 698 1931 in
716 1915 802 1940 equo,
819 1908 892 1933 milla
910 1908 1007 1939 rheda,
1027 1910 1107 1934 nullis
1126 1910 1335 1943 impedimentis,
1394 1919 1424 1946 p.
1439 1915 1494 1946 461.
1548 1912 1644 1937 Catuli.
1663 1921 1700 1945 47
1731 1912 1785 1937 Vos
1806 1912 1941 1937 Conuiuia
1963 1911 2034 1937 lauta
2057 1912 2189 1937 sumtuose
2211 1911 2251 1936 De
2277 1909 2320 1936 die
2338 1909 2449 1944 facitis?

299 1947 379 1975 nullis
393 1946 498 1971 Graecis
511 1941 671 1981 comitibus,
685 1947 718 1981 ⁸vt
730 1941 844 1981 solebat,
859 1941 910 1966 fine
922 1951 1019 1972 miore,
1028 1943 1100 1976 quod
1113 1953 1248 1978 nunquam
1262 1945 1334 1970 fere:
1399 1947 1512 1979 Copiam
1533 1947 1635 1979 argenti
1649 1946 1735 1972 facere
1754 1946 1848 1977 alicui,
1861 1953 1912 1979 pro
1925 1947 2046 1971 Pecunias
2064 1946 2122 1971 dare
2134 1952 2217 1970 mutuo
2235 1945 2317 1971 Plaut.
2333 1944 2400 1970 Asin.
2413 1949 2436 1978 ς,

300 1992 382 2018 quum
400 1981 443 2008 hic
456 1978 608 2009 insidiator,
618 1984 664 2011 qui
683 1982 735 2003 iter
752 1975 820 2003 illud
839 1976 870 2002 ad
884 1977 997 2003 Caedem
1015 1977 1163 2004 faciendam
1185 1979 1335 2012 apparasset,
1350 1986 1381 2012 50
1403 1989 1423 2012 i,
1437 1989 1478 2006 20.
1514 1980 1556 2007 Sic:
1569 1981 1640 2006 Caes.
1654 1981 1683 2006 B.
1697 1981 1729 2005 G.
1745 1988 1763 2009 1,
1780 1984 1811 2009 28
1842 1979 2032 2014 Allobrogibus
2044 1979 2195 2013 imperauit,
2205 1986 2234 2006 vt
2245 1979 2286 2006 his
2298 1978 2435 2008 Frumenti

299 2028 359 2045 cum
374 2024 456 2043 vxore
467 2014 611 2041 veheretur
623 2013 651 2051 in
667 2011 746 2038 rheda
761 2011 905 2046 penulatus.
942 2012 1014 2052 Idem
1026 2021 1076 2046 pro
1090 2014 1156 2040 Sext.
1172 2021 1194 2040 11
1221 2014 1335 2040 Caedem
1400 2016 1517 2041 facerent
1534 2015 1654 2049 Copiam.
1725 2015 1794 2040 Ter.
1813 2013 1919 2041 Phorm.
1940 2024 1958 2047 ι,
1973 2024 1995 2046 2,
2010 2017 2040 2047 63
2069 2014 2194 2042 Obsecrat
2205 2015 2342 2052 adolescens
2352 2025 2435 2050 anum,

299 2054 442 2081 maximam
454 2050 542 2077 facias
585 2084 591 2089 ι
615 2048 682 2088 Plin5
699 2056 732 2080 ιι,
747 2050 775 2073 16
793 2047 869 2087 Tum
881 2056 995 2074 maxime
1007 2054 1216 2081 murmurantes,
1231 2050 1335 2076 Caloris
1400 2057 1430 2078 vt
1445 2050 1494 2077 fibi
1509 2051 1565 2076 eius
1579 2051 1675 2086 puellae
1694 2050 1773 2077 faciat
1786 2050 1907 2085 Copiam.
1978 2050 2089 2084 Copiam
2108 2051 2149 2077 sui
2160 2060 2214 2077 non
2227 2051 2313 2078 facere
2331 2051 2435 2083 dicitur,

300 2094 346 2122 (vt
360 2091 465 2123 putant)
479 2083 593 2112 faciendi
613 2089 704 2118 gratia.
775 2082 841 2108 Plin.
857 2091 894 2113 12,
907 2092 936 2115 14
965 2084 1077 2117 Digredi
1089 2084 1148 2115 via,
1162 2085 1281 2118 Capitale
1299 2085 1336 2111 le·
1400 2087 1452 2120 Qci
1463 2088 1560 2118 latitat,
1574 2093 1604 2112 vt
1622 2089 1696 2112 euim
1707 2086 1868 2118 creditorem,
1884 2095 1928 2112 nec
1939 2085 1969 2122 fi'
1984 2086 2079 2114 exhibet
2092 2086 2217 2121 leianus
2231 2087 2260 2112 in
2270 2085 2287 2112 l.
2303 2087 2433 2121 eum,qui

301 2134 344 2160 ges
366 2124 462 2151 fecere.
481 2122 506 2148 h.
520 2130 538 2146 e.
557 2120 662 2156 Legibus
682 2116 842 2145 intcrcliHum
861 2117 893 2150 est
907 2120 1012 2153 capitali
1031 2119 1169 2154 supplicio,
1185 2129 1214 2145 ne
1230 2123 1274 2155 qui
1294 2127 1335 2146 tus
1399 2130 1469 2147 circa
1481 2122 1617 2148 columnas
1628 2121 1660 2146 D.
1674 2120 1707 2147 de
1719 2121 1842 2156 priuileg.
1856 2121 1948 2148 credit.
1986 2123 2063 2154 Item,
2077 2122 2188 2157 Copiam
2203 2122 2298 2149 iudicii
2315 2122 2355 2149 sui
2366 2123 2432 2156 reip.
2464 2135 2466 2149 ι

298 2160 412 2189 Sabotam
425 2157 551 2194 deferunt,
564 2158 607 2182 via
620 2153 809 2190 dsgrediamur:
829 2151 914 2186 hoccst
927 2155 978 2180 alia
990 2157 1043 2185 via,
1051 2161 1224 2189 praeterquam
1232 2162 1281 2189 per
1293 2164 1335 2181 υν-
1353 2161 1382 2187 55
1399 2156 1486 2182 facere
1506 2156 1572 2181 Plin.
1591 2158 1685 2189 Paneg.
1704 2158 1746 2190 76.
1816 2157 1872 2182 Cic.
1888 2157 1920 2182 de
1934 2158 2008 2184 Orat.
2021 2166 2045 2190 3,
2061 2166 2096 2189 131
2130 2157 2211 2192 Qiod
2239 2163 2296 2184 crat
2324 2157 2434 2192 insigne,
2472 2163 2479 2195 q

299 2197 337 2223 bis
346 2203 456 2231 portam,
470 2199 534 2219 eant.
605 2191 671 2217 Plin.
686 2191 729 2221 26,
744 2198 771 2215 12
802 2188 932 2215 Remedio
950 2189 1009 2216 sunt
1024 2190 1179 2223 pycnocomi
1193 2190 1260 2216 folia
1275 2190 1337 2216 trita
1398 2191 1519 2226 eum,qui
1531 2190 1559 2216 id
1572 2191 1682 2222 faceret,
1690 2191 1777 2218 facere
1789 2191 1892 2217 ciuibus
1904 2192 2027 2219 omnibus
2042 2192 2144 2220 consilii
2152 2194 2191 2220 sui
2200 2193 2321 2228 Copiam.
2352 2193 2430 2229 Plaug.

301 2242 360 2258 cuni
375 2230 496 2266 polenta,
517 2227 535 2253 fi
549 2225 757 2265 nondum-caput
772 2224 892 2251 fecerint.
916 2224 942 2251 h.
955 2234 978 2251 e.
999 2225 1026 2252 Si
1038 2224 1157 2251 nondum
1171 2226 1336 2252 exercuerint
1400 2227 1456 2252 Cas.
1471 2235 1503 2258 2,
1520 2231 1542 2257 8,
1557 2235 1587 2258 14
1616 2227 1651 2252 Vt
1665 2225 1717 2252 tibi
1730 2235 1780 2259 ego
1793 2226 1915 2252 inuentus
1926 2228 1984 2253 suin
1997 2224 2157 2261 obsequens:
2176 2229 2249 2262 quod
2261 2228 2374 2255 maxime
2386 2237 2401 2259 ,ς
2428 2240 2431 2243 >

301 2270 328 2294 in
340 2268 436 2293 semen.
508 2263 633 2289 Carmina
646 2262 720 2294 virg.
734 2260 785 2287 hcl.
800 2268 822 2291 3,
835 2263 875 2289 86.
944 2260 1026 2286 Plaut.
1040 2261 1113 2294 Capt.
1129 2269 1148 2293 1,
1161 2269 1184 2293 2,
1197 2269 1231 2294 29
1254 2260 1303 2288 Sed
1315 2261 1333 2287 si
1392 2262 1503 2296 piebas,
1524 2261 1581 2287 eius
1596 2261 1707 2295 Copiam
1721 2261 1773 2287 feci
1795 2261 1856 2289 tibi.
1926 2263 2011 2297 Copia
2032 2262 2100 2288 faeta
2119 2263 2154 2288 est
2167 2262 2266 2296 petenti
2283 2260 2389 2290 Catuli-5

300 2303 357 2330 vllo
379 2301 455 2336 paeto
473 2298 519 2325 ille
537 2297 588 2324 huc
609 2296 746 2322 conciliari
761 2295 860 2330 potest,
879 2295 922 2321 vel
944 2295 1132 2323 Carnificinani
1156 2296 1224 2323 hunc
1249 2296 1335 2323 facere.
1401 2306 1439 2329 39.
1493 2297 1553 2323 Liu.
1568 2304 1594 2330 7,
1609 2305 1632 2328 13
1645 2303 1709 2324 extr.
1729 2297 2065 2331 Te,Iinperatoi-‚.milites
2078 2298 2118 2323 tui
2131 2306 2245 2329 oramus,
2258 2305 2286 2324 vt
2299 2292 2377 2325 nobis'
2409 2323 2423 2330 ,,

301 2339 401 2373 possum
413 2335 534 2371 perpeti,
554 2336 572 2359 i.
592 2331 730 2367 carnificem
742 2340 822 2367 ager-e·
894 2331 950 2358 Cic.
965 2332 1037 2358 Fam.
1053 2339 1086 2365 15,
1099 2341 1117 2364 4
1141 2332 1228 2358 Castra
1241 2332 1269 2358 in
1285 2333 1335 2364 Ly·
1354 2335 1388 2360 60
1400 2332 1496 2368 gnandi
1515 2333 1625 2372 Copiam
1646 2332 1735 2359 facias.
1804 2333 1884 2359 Plaut.
1899 2334 1973 2367 Capt.
1994 2342 2019 2365 2,
2033 2344 2054 2365 5,
2068 2342 2097 2365 14
2134 2333 2253 2358 Gratiam
2271 2332 2358 2360 habeo
2375 2329 2432 2365 tibi,
2456 2332 2457 2336 ¹

301 2374 394 2401 caoiiia
406 2371 474 2406 apud
486 2369 606 2396 Iconium
619 2368 723 2393 faceret.
778 2365 854 2405 Idem-
866 2366 957 2406 Δεῖ-,8,
973 2375 1001 2401 ι7
1034 2367 1129 2402 Neque
1142 2368 1196 2401 ipse
1215 2368 1274 2394 satis
1292 2368 1335 2394 fir·
1401 2378 1483 2404 quum
1501 2370 1613 2402 Copiam
1625 2368 1701 2395 istam
1712 2367 1789 2398 inihi,
1803 2374 1830 2393 et
1844 2368 1995 2402 potestatem
2008 2369 2082 2399 facis,
2089 2374 2117 2393 vt
2129 2375 2178 2401 ego
2191 2367 2224 2394 ad
2235 2375 2354 2401 parentes
2361 2368 2431 2394 hunc

303 2419 359 2435 nius
376 2409 435 2435 ess'et
455 2405 487 2432 ad
500 2405 587 2431 Castra
601 2402 729 2429 facienda.
785 2402 876 2428 Tacit.
891 2401 958 2427 Hist.
977 2411 1004 2435 4,
1017 2405 1047 2428 26
1086 2404 1194 2438 Iamque
1208 2404 1266 2430 sero
1280 2403 1336 2430 diei
1400 2404 1533 2432 remittam
1546 2404 1676 2430 nuntium.
1746 2404 1809 2437 Qio
1821 2403 1882 2429 cibo
1894 2404 1981 2429 fecisti
1998 2410 2099 2429 tantum
2113 2401 2242 2437 Corporis
2251 2403 2355 2430 Phaedr.
2369 2411 2391 2434 3,
2403 2407 2427 2434 8,

302 2443 423 2471 subducit
437 2451 468 2468 ex
482 2442 537 2467 acie
550 2440 683 2473 legionem
703 2436 830 2464 faciendis
844 2437 948 2464 Castris.
1020 2438 1128 2464 Caulem
1138 2459 1145 2471 ,
1156 2445 1206 2474 pro
1219 2441 1336 2466 Emittere
1400 2448 1422 2474 ς.
1480 2440 1583 2475 Corpus
1603 2448 1681 2473 graue
1701 2439 1788 2464 facere
1807 2438 1925 2465 Scribon.
1940 2444 1989 2468 188.
2061 2438 2172 2464 Curiam
2190 2437 2255 2465 Plin.
2276 2445 2315 2470 34,
2326 2439 2352 2464 6.
2371 2437 2396 2464 h.
2409 2447 2429 2463 e.

302 2488 326 2507 ct
336 2480 471 2515 produt-cre
489 2474 620 2503 Columel.
635 2483 668 2505 ιι,
683 2482 711 2512 3.¹
774 2473 845 2499 Caes·
860 2473 888 2498 B·
903 2473 935 2498 G·
949 2477 972 2504 8,
985 2482 1012 2504 23
1033 2473 1076 2500 Ne
1089 2474 1214 2501 tentando
1228 2475 1335 2501 Cautio·
1399 2477 1479 2503 veluti
1499 2477 1611 2503 senatum
1634 2475 1751 2511 quendam
1773 2477 1877 2510 erigere.
2051 2472 2072 2511 ff
2094 2476 2109 2500 6
2146 2475 2276 2500 Damnum
2296 2472 2378 2500 facere
2397 2470 2432 2505 2:st

303 2526 359 2543 rem
372 2516 495 2542 facerent.
567 2511 646 2536 I'laut.
660 2510 688 2535 T
690 2517 742 2535 riu.
756 2517 783 2541 4,
797 2516 819 2540 3,
833 2517 842 2534 1
867 2507 973 2534 Stasime
990 2509 1031 2534 fac
1046 2515 1071 2535 te
1083 2519 1194 2544 propere
1207 2510 1338 2544 Celerem,
1354 2513 1384 2545 65
1395 2512 1500 2548 perdere
1515 2511 1626 2547 aliquid,
1648 2518 1676 2536 vt
1693 2510 1893 2540 detrimentum,
1907 2510 2050 2541 iaeturam,
2066 2508 2251 2543 naufragium,
2266 2507 2433 2539 ruinam‚.xii.

304 2553 391 2585 recipe
407 2549 438 2576 ad
451 2555 476 2575 te
489 2547 627 2574 dominum
640 2544 759 2572 domum.
831 2544 974 2570 Censuram
987 2544 1045 2570 vini
1060 2545 1087 2570 iii
1100 2546 1188 2579 epulas
1200 2546 1277 2579 regis,
1283 2546 1337 2572 vid.
1402 2548 1469 2574 tium
1480 2547 1575 2573 facere.
1613 2548 1691 2582 Ortgo
1698 2545 1867 2581 formularum
1876 2565 1883 2576 ,
1896 2545 1970 2584 quod.
1976 2546 2116 2580 plerumque
2135 2546 2222 2571 harum
2239 2553 2319 2570 rerum
2333 2542 2379 2578 ipfi
2392 2547 2436 2569 011⁴

305 2592 457 2614 CENffi'RA.
529 2582 668 2613 Liu.6,19
682 2586 745 2605 extr.
771 2578 845 2612 Qiid
863 2584 965 2612 patrum
985 2585 1010 2604 et
1025 2579 1108 2613 plebis
1121 2581 1261 2606 Certamen
1274 2581 1338 2606 faci·
1402 2581 1484 2608 Hores
1506 2582 1584 2618 sunt,
1603 2584 1646 2618 qui
1676 2590 1716 2607 eas
1759 2584 1887 2607 atiuntur:
1916 2583 1944 2606 in
1962 2579 2062 2606 iactura
2083 2589 2123 2605 res
2143 2583 2169 2605 in
2184 2583 2277 2614 primis
2294 2575 2434 2614 manifesta.

306 2631 379 2653 mus,
404 2619 475 2655 quod
497 2617 613 2644 ciuitatis
634 2616 681 2642 esse
704 2614 826 2641 aduersus
849 2623 930 2639 vnum
952 2614 1105 2648 pestiferum
1127 2616 1213 2641 ciuem
1243 2615 1338 2642 debet?
1403 2617 1484 2643 Plaut.
1499 2619 1572 2651 Capt.
1586 2625 1609 2649 2,
1624 2625 1649 2649 2,
1662 2624 1697 2650 77
1721 2588 1762 2642 Eii
1775 2616 1854 2642 etiam
1868 2615 1915 2641 vbi
1927 2615 2050 2650 profecto
2066 2615 2196 2641 Damnum
2215 2614 2324 2648 praestet
2341 2614 2439 2647 faceret„

304 2658 470 2686 Certiorem,
493 2652 547 2679 vid.
569 2656 704 2677 CERTVS.
740 2684 745 2689 ⁸
774 2649 853 2675 Plaut.
868 2649 941 2684 Epid.
957 2659 981 2689 ι3,
995 2659 1018 2681 3,
1032 2659 1058 2683 55
1094 2650 1142 2677 Sed
1163 2650 1206 2677 hic
1219 2652 1278 2685 quis
1292 2651 1338 2682 est,
1403 2661 1483 2686 quam
1496 2652 1608 2678 lucrum.
1665 2653 1720 2677 Cic.
1735 2650 1767 2676 de
1779 2650 1848 2676 Clar.
1862 2652 1934 2678 Orat.
1949 2659 1990 2682 125
2016 2651 2146 2677 Damnum
2167 2650 2237 2676 enim
2256 2650 2330 2676 illius
2345 2649 2402 2675 imn
2434 2655 2447 2668 ι’

306 2702 385 2727 quein
400 2691 449 2716 linc
463 2687 646 2714 aduenientem
659 2685 808 2717 conspicor,
828 2686 898 2710 suain
917 2694 964 2719 qui
982 2685 1150 2712 vndulanteni
1165 2686 1338 2718 Chlamydem
1353 2694 1388 2721 70
1404 2694 1465 2714 turo
1479 2687 1589 2713 interitu
1601 2695 1641 2713 res
1652 2687 1802 2717 Romanae,
1822 2686 1982 2720 Latinaeque
1995 2686 2086 2713 literae
2101 2686 2227 2712 fecerunt.
2296 2686 2378 2711 Decus
2388 2683 2430 2720 sili¹

307 2725 447 2762 quassando
459 2723 539 2749 facit?
610 2721 703 2746 Ciuem
723 2720 791 2752 Nep.
804 2727 841 2751 ες,
856 2728 879 2750 3,
892 2728 910 2744 1.
980 2721 1040 2746 Liu.
1055 2728 1076 2751 8,
1091 2730 1102 2746 2
1120 2722 1178 2748 Plus
1192 2722 1339 2756 populatio·
1404 2723 1501 2749 fecerat
1521 2728 1698 2757 paupertatem
1719 2721 1854 2748 Fabricius
1874 2721 1930 2747 Sen.
1946 2721 2024 2755 Epist.
2040 2729 2093 2749 120.
2162 2722 2223 2748 Liu.
2235 2729 2270 2756 3¹,
2285 2726 2310 2750 18
2343 2720 2417 2760 ’Perit

307 2762 401 2792 nibus,
413 2768 490 2793 quam
504 2755 608 2791 praeliis
621 2755 741 2781 Cladium
755 2754 827 2779 fecit.
898 2754 953 2780 Cic.
967 2754 999 2780 de
1009 2756 1081 2795 Clar.
1094 2757 1167 2783 Orat.
1182 2765 1228 2789 109
1248 2759 1340 2792 Itaque
1404 2758 1529 2793 riumque
1545 2758 1606 2784 aliis
1627 2757 1674 2784 alii
1693 2756 1895 2791 exprobrantes,
1914 2762 1939 2782 et
1960 2755 2136 2783 sacerdotibus
2155 2757 2284 2788 maxime,
2303 2764 2350 2790 qui
2369 2765 2404 2790 qu

307 2796 462 2823 Hortensius
483 2799 596 2826 Vtroque
617 2798 712 2824 genere
731 2789 826 2815 florens
839 2788 973 2829 Clamores
1000 2791 1113 2817 iaciebat
1135 2791 1295 2824 εάοΙεΓεεηε,
1320 2796 1338 2819 ἵ.
1403 2793 1435 2820 ad
1448 2800 1562 2820 mortem
1582 2793 1760 2824 deuouissent,
1780 2801 1874 2818 eorum
1888 2791 2059 2818 Deditionem
2078 2792 2204 2818 vinorum
2224 2790 2292 2817 hosti
2311 2791 2428 2823 fecissent

302 2832 407 2869 fflaufhs
425 2830 545 2856 ζνωηίιιιιηι
557 2825 693 2866 excitabat,
708 2831 737 2850 vt
748 2825 895 2866 Con-:ursin
910 2828 1004 2850 tacere.
1076 2827 1140 2853 Plin.
1157 2836 1199 2859 29,
1212 2831 1227 2853 6
1254 2828 1338 2854 Clari·
1404 2829 1476 2855 Caes.
1490 2829 1518 2855 B.
1533 2829 1564 2854 G.
1578 2837 1600 2860 2,
1614 2836 1640 2859 33
1658 2827 1799 2854 Deditione
1813 2827 1890 2853 faeta.
1961 2828 2130 2854 Deditionem
2144 2827 2175 2854 ad
2189 2826 2288 2853 hostem
2303 2826 2431 2860 Quineti(

307 2874 387 2895 tatem
399 2865 482 2892 oculis
501 2863 563 2888 facit
577 2870 642 2887 cinis
657 2860 780 2886 bubonis.
851 2860 922 2886 Caes.
937 2860 964 2886 Β.
981 2861 1012 2885 G.
1027 2869 1054 2893 4,
1067 2870 1093 2887 21
1124 2863 1182 2888 Huc
1200 2872 1280 2889 naues
1292 2872 1339 2889 vn-
1357 2868 1389 2895 75
1404 2873 1426 2896 3,
1438 2869 1460 2893 8.
1533 2863 1588 2889 Cic.
1601 2872 1650 2897 pro
1662 2863 1765 2889 Caecin.
1781 2870 1813 2897 57
1840 2863 1893 2896 Qi
1906 2862 2064 2894 illam-vim,
2081 2861 2318 2895 Deie6fionemque
2331 2868 2378 2889 tuo
2393 2870 2424 2889 ro

309 2904 389 2937 dique
410 2909 441 2927 ex
460 2898 581 2935 finitimis
601 2895 769 2935 regionibus,
788 2900 812 2921 et
826 2904 905 2929 quam
925 2896 1060 2934 superiore
1078 2897 1171 2924 aestate
1191 2897 1223 2924 ad
1235 2899 1342 2925 Veneti-
1405 2905 1466 2933 gatu
1479 2904 1524 2925 aut
1540 2904 1587 2925 tuo
1600 2898 1708 2925 nomine
1727 2899 1829 2925 fecerit.
1901 2898 2037 2925 Deleftuin
2055 2897 2199 2924 studiorum
2226 2897 2356 2930 Qiiniffil.
2369 2907 2394 2930 2,
2407 2905 2455 2936 904

309 2948 367 2965 cum
382 2936 481 2963 belluni
494 2935 590 2960 fecerat
604 2933 729 2962 Classem,
746 2930 819 2956 iubet
833 2939 985 2958 conuenire.
1056 2932 1137 2958 Plaut.
1153 2934 1234 2959 Merc.
1247 2943 1275 2966 4,
1290 2943 1314 2966 2,
1328 2944 1338 2966 3
1402 2936 1444 2963 Sic
1458 2944 1502 2970 quo
1519 2944 1546 2960 ue
1561 2935 1655 2960 Facere
1670 2934 1806 2960 Deiectum
1819 2934 1937 2960 militum
1950 2934 2016 2970 apud
2028 2933 2098 2959 Caes.
2113 2933 2140 2958 B.
2154 2932 2182 2958 C.
2198 2941 2217 2964 ι,
2233 2941 2263 2958 ιι.
2281 2933 2374 2969 legitur
2385 2939 2449 2968 pro]-

309 2973 382 3007 Qiid
402 2972 419 2998 fi
441 2971 523 3005 igitur
537 2969 652 2995 Coenam
672 2967 765 3006 faciam
775 2968 798 3007 ἶ·
826 3001 831 3006 .
854 2967 910 2992 Cic.
924 2967 976 2993 Att.
990 2975 1015 2999 9,
1029 2976 1053 2999 13
1067 2968 1156 3003 adfin.
1178 2971 1250 3002 Qias
1267 2970 1338 2996 enim
1405 2979 1439 3001 eo,
1451 2978 1496 3004 quo
1526 2967 1573 3002 est,
1588 2970 1687 2996 Milites
1700 2969 1734 2996 ad
1750 2969 1835 2996 bellum
1853 2970 1940 3004 legere.
2009 2968 2121 2995 Delicias
2134 2967 2215 2994 Plaut.
2229 2968 2307 2995 Poen.
2322 2977 2340 3000 i,
2355 2977 2378 3000 2,
2392 2971 2440 3002 68..

309 3019 354 3036 eos
366 3009 467 3034 Coenas
491 3011 517 3031 et
532 3005 618 3030 facere
639 3009 664 3029 et
686 3002 764 3028 obire
784 3001 882 3036 scripsit
903 3001 935 3028 ad
958 3012 1000 3028 me
1018 3003 1127 3035 Sestius,
1149 3013 1227 3038 quain
1249 3005 1339 3037 lautas,
1410 3005 1468 3033 Vici.
1491 3012 1649 3032 DELlciAE.
1719 3004 1800 3031 Ouid.
1818 3005 1904 3036 Trist.
1918 3012 1944 3036 2,
1957 3011 2006 3035 349
2034 3003 2074 3029 Sic
2095 3011 2143 3036 ego
2157 3003 2285 3035 Delicias,
2298 3010 2324 3030 et
2341 3003 2444 3030 mollia·

309 3054 386 3079 quam
402 3041 583 3076 tempestiua&
601 3039 672 3065 Facit
685 3046 777 3064 coenas
789 3040 831 3077 lui
842 3041 932 3073 recipit
944 3041 1070 3070 conuiuas,
1078 3039 1202 3076 Obit,qui
1214 3044 1343 3075 recipitur.
1353 3041 1384 3066 80
1405 3041 1521 3067 carmina
1533 3041 1595 3066 feci.
1667 3040 1813 3066 Delirantes
1827 3040 1906 3066 Plaut.
1922 3037 2017 3072 Amph.
2032 3047 2054 3070 2,
2068 3046 2092 3069 2,
2107 3046 2159 3072 157.
2227 3039 2433 3071 Descensionem,
2454 3063 2455 3067 ,

310 3079 441 3107 Coenulas
460 3077 515 3103 Cic.
530 3074 608 3109 Epist.
622 3083 648 3107 9,
662 3082 705 3106 24.
775 3073 834 3099 Liu.
849 3081 869 3104 1,
881 3081 893 3105 3
922 3074 945 3099 Is
959 3073 1070 3107 sepultus
1091 3075 1120 3101 in
1140 3084 1172 3101 eo
1190 3076 1273 3108 colle,
1292 3076 1340 3110 qui
1406 3078 1485 3111 ,Qtum
1498 3086 1509 3102 e
1522 3078 1582 3102 naui
1596 3078 1622 3101 in
1636 3079 1796 3101 continentem
1809 3074 1971 3111 descendimus
1984 3074 2043 3099 Liu.
2057 3079 2094 3104 28,
2111 3079 2132 3102 8.
2168 3073 2214 3101 Sed
2230 3074 2271 3101 hic
2285 3083 2314 3100 ex
2331 3072 2434 3107 ussisti»-

310 3124 379 3142 nunc
394 3114 429 3140 est
443 3121 499 3147 pars
514 3113 646 3137 Romanae
660 3109 911 3142 vrbis‚Cognomen
923 3108 986 3134 colli
993 3109 1072 3148 fecit.
1087 3111 1111 3136 h.
1125 3120 1144 3136 e.
1164 3111 1204 3137 Ab
1215 3112 1288 3138 huius
1301 3121 1342 3138 no-
1405 3111 1529 3138 codicibus
1546 3112 1637 3147 legitur
1652 3111 1853 3136 Exscenfionem.
1889 3111 1929 3137 Sic
1948 3111 2020 3135 etiam
2038 3112 2154 3135 variatur
2167 3118 2207 3141 22,
2220 3118 2243 3141 31
2269 3111 2342 3136 Prius
2355 3118 2434 3144 quam

308 3154 372 3177 mine
390 3150 459 3175 collis
476 3153 577 3174 vocatus
594 3144 636 3178 ιζΙῗ.
707 3145 778 3171 Caes.
794 3145 821 3170 Β.
835 3144 866 3170 G.
881 3149 904 3175 8,
920 3152 929 3169 i
960 3144 1018 3170 Scio
1033 3146 1167 3173 Caesarem
1180 3146 1342 3181 singulorum
1403 3148 1432 3173 in
1446 3148 1623 3174 continentem
1640 3146 1820 3172 Descenfiones
1838 3145 1943 3172 faceret.
1976 3143 2030 3170 vid.
2054 3151 2070 3169 E
2080 3151 2166 3171 XSCE
2176 3152 2196 3170 N
2206 3152 2260 3171 Do.
2331 3145 2433 3172 Deside-

311 3194 440 3214 annorum
461 3182 572 3217 singulos
591 3180 802 3207 Commentarios
823 3179 916 3205 fecisse.
1004 3180 1063 3206 Liu.
1078 3189 1100 3213 ς,
1136 3203 1142 3208 .
1180 3202 1186 3208 .
1223 3184 1277 3208 Iam
1297 3191 1342 3217 per
1406 3183 1477 3210 rium
1490 3183 1614 3211 alicuius,
1632 3182 1673 3207 υιἸ
1685 3181 1765 3207 alicui
1778 3182 1837 3207 Liu.
1854 3185 1890 3212 38,
1925 3198 1932 3205 .
1969 3198 1975 3204 .
2046 3179 2116 3205 Idem
2132 3188 2158 3214 7,
2176 3189 2211 3213 24
2231 3187 2295 3207 extr.
2327 3181 2432 3208 Moram

310 3220 531 3256 longinquitatem
550 3217 615 3243 belli
629 3215 797 3242 Commercio
816 3215 965 3242 sermonum
984 3214 1064 3241 fae'to.
1137 3218 1202 3243 Satis
1216 3219 1342 3244 Commo..
1359 3216 1388 3246 85
1407 3218 1545 3253 triumpho
1560 3217 1653 3243 vulnus
1668 3216 1788 3243 Consulis
1800 3216 1900 3242 attulit:
1922 3213 2065 3249 cademque
2084 3216 2157 3241 causa
2171 3215 2314 3243 Difflatoris
2329 3215 2433 3242 Defide-

310 3258 342 3284 de
361 3257 447 3282 facere
466 3253 585 3281 Scribon.
601 3261 650 3284 141.
668 3252 696 3277 u'e
714 3251 903 3276 nicdia‘amentis.
974 3250 1044 3276 Caes.
1059 3252 1087 3276 P..
1102 3252 1133 3278 G.
1149 3260 1171 3284 ς,
1185 3262 1216 3285 43
1245 3253 1341 3280 Scribit
1405 3255 1478 3281 rimn
1497 3253 1602 3280 Senatui
1623 3252 1693 3278 fecit.
1765 3252 1820 3278 Cic.
1834 3252 1909 3276 Verr.
1930 3259 1958 3282 4,
1972 3258 2005 3275 20
2038 3251 2112 3285 Resp.
2140 3251 2332 3278 Detrimentum
2359 3251 2439 3286 fecissg

310 3292 445 3324 Labieno,
468 3289 485 3316 Γι
505 3287 617 3322 Reipub.
634 3286 782 3325 Commodo
802 3286 889 3312 facere
907 3285 1001 3319 posset,
1024 3294 1083 3311 cuni
1103 3287 1207 3320 legione
1226 3288 1259 3314 ad
1278 3289 1341 3315 fines
1406 3289 1488 3325 quod,
1501 3297 1546 3315 etc.
1617 3286 1693 3313 Dicta
1707 3287 1807 3318 facere,
1825 3288 1844 3312 i.
1864 3283 1992 3317 Praestare
2005 3295 2063 3326 quae
2076 3287 2227 3323 promfflrar
2240 3286 2320 3313 Ouid.
2334 3284 2397 3314 Fast.
2408 3295 2438 3319 3,,

311 3328 476 3354 Neruiorum
495 3324 593 3350 veniat·
613 3322 637 3349 h·
651 3324 704 3354 5·st
722 3321 785 3347 illud
798 3331 808 3347 ε
822 3331 848 3347 r?
861 3321 962 3356 publica
975 3324 995 3346 ej
1008 3321 1133 3347 unici-etur
1145 3321 1196 3354 estin
1267 3326 1341 3350 Caes.
1406 3333 1456 3357 513.
1528 3323 1590 3350 Dies
1609 3322 1768 3356 pauciffimos
1792 3320 1911 3355 quamuis
1932 3329 1982 3347 vna
2003 3322 2158 3354 fecerimus,
2177 3324 2195 3348 i.
2218 3325 2354 3348 vixerimus
2373 3323 2443 3349 Seii:

310 3364 339 3389 P».
354 3364 383 3389 C.
399 3371 417 3391 ι,
433 3370 461 3387 21
496 3361 552 3386 Iam
566 3357 653 3393 paucis
671 3357 765 3382 diebus
785 3366 877 3391 magna
894 3362 949 3383 erat
962 3365 1050 3382 rerum
1068 3356 1136 3382 faeta
1149 3358 1338 3385 Commutatio.
1405 3360 1482 3394 Epist.
1496 3362 1539 3386 66.
1609 3358 1671 3384 Dies
1686 3358 1713 3383 in
1725 3355 1870 3383 custodial.
1887 3363 1908 3381 ιι
1935 3354 1957 3392 §.
1975 3364 1986 3388 5
2011 3357 2042 3382 D.
2056 3357 2086 3384 ad
2105 3358 2134 3383 L.
2149 3357 2197 3383 Iul.
2216 3357 2248 3383 de
2266 3357 2346 3384 adult.
2364 3352 2456 3392 Apa&>v

312 3398 393 3423 l’laut.
408 3396 474 3422 Rud.
489 3404 513 3427 2,
527 3404 552 3426 2,
565 3403 599 3427 90
618 3393 643 3419 Si
658 3392 689 3418 ad
703 3393 792 3418 saxum
805 3391 877 3426 quod
889 3391 1004 3426 capessit,
1023 3400 1052 3418 ea
1065 3391 1187 3417 deorsum
1200 3392 1285 3425 cadit,
1301 3402 1340 3419 er·
1356 3401 1390 3424 90
1402 3404 1476 3421 meae
1491 3395 1608 3429 quinque
1621 3393 1682 3419 Dies
1694 3392 1805 3422 morati,
1817 3391 1901 3417 Iconii
1915 3390 2001 3418 decem
2014 3392 2125 3419 fecimus
2139 3393 2193 3419 Cic.
2208 3394 2260 3419 Att.
2275 3401 2297 3425 ς,
2310 3402 2350 3420 20.
2369 3391 2422 3420 Vid

313 3432 421 3459 rationis
431 3428 837 3463 feceritCompendium,peribit,
851 3434 879 3453 vt
890 3428 965 3453 nullis
974 3426 1031 3462 post
1043 3427 1167 3453 erroribus
1181 3429 1338 3464 agitaripos-
1404 3432 1509 3456 Gronau.
1522 3429 1556 3456 ad
1569 3430 1625 3455 Sen.
1638 3429 1655 3454 l.
1670 3437 1691 3455 c.
1709 3434 1732 3453 et
1745 3429 1849 3453 Annum
1863 3427 1947 3452 facere
1957 3434 1985 3462 p.
2000 3438 2022 3453 α.
2091 3428 2156 3455 Plin.
2171 3429 2207 3460 16,
2219 3430 2237 3453 6
2260 3428 2428 3455 Differentias

311 3467 352 3499 lit.
421 3468 476 3492 Cic.
491 3474 537 3499 pro
553 3465 755 3496 Rosc.C01n.49
779 3463 809 3488 Et
823 3462 840 3488 fi
855 3461 959 3496 quando
970 3471 1013 3488 uie
1028 3462 1067 3488 vis
1080 3463 1212 3496 peierare,
1228 3470 1255 3489 vt
1269 3464 1339 3497 paul·
1402 3465 1503 3491 faciunt
1522 3471 1547 3491 et
1564 3464 1638 3490 folia.
1692 3461 1764 3489 Idem
1780 3470 1815 3493 33,
1834 3470 1845 3493 3
1879 3463 1960 3488 Cuius
1979 3463 2082 3489 sceleris
2102 3472 2150 3489 nos
2169 3463 2334 3497 coarguimus
2352 3463 2407 3496 illu,
2426 3492 2428 3494 ‚

313 3503 398 3527 lulum
411 3502 451 3526 tui
464 3500 621 3534 Compendii
634 3499 713 3525 facias
723 3518 731 3530 ‚
750 3504 867 3533 paratum
881 3498 940 3524 fore
955 3498 1031 3523 scito:
1047 3497 1297 3559 improbafrotmffio,
1311 3506 1341 3525 vt
1404 3499 1535 3534 primum,
1552 3500 1600 3533 qui
1618 3507 1683 3525 auro
1698 3498 1856 3531 Dignitatem
1876 3506 1921 3531 per
1940 3498 2049 3524 annulos
2063 3499 2134 3524 fecit.
2203 3498 2272 3525 Ter.
2286 3498 2391 3526 Phorm.
2404 3498 2449 3534 2³?

313 3536 376 3562 illud
405 3537 573 3562 Graeculorum
593 3533 691 3560 δάνεισόν
709 3545 751 3567 μοι
769 3532 904 3567 μαρτύριον.
984 3532 1065 3559 Plaut.
1091 3533 1153 3558 Pseu
1174 3553 1180 3559 .
1197 3543 1229 3566 4,
1259 3542 1283 3568 7,
1304 3544 1338 3567 42
1405 3544 1430 3566 2,
1445 3540 1472 3565 83
1492 3534 1564 3567 Qiin
1579 3533 1649 3567 quod
1661 3533 1696 3559 est
1710 3533 1847 3558 ferendum
1859 3532 1938 3559 feras:
1955 3534 2006 3560 tuis
2019 3534 2096 3560 factis
2109 3534 2221 3568 Dignum
2236 3533 2338 3561 feceris.
2381 3529 2431 3560 Di*
2446 3555 2449 3558 .

314 3571 440 3604 Qiisquis
459 3579 484 3596 cs
504 3570 667 3601 adolescens,
684 3577 791 3603 operam
808 3568 848 3592 fac
862 3567 1009 3600 Compendi
1021 3576 1155 3602 quaerere.
1225 3571 1338 3604 Compo-
1353 3580 1384 3606 95
1404 3569 1549 3596 scessioneni
1564 3570 1619 3595 Cic.
1635 3569 1704 3594 Fam.
1721 3576 1740 3599 1,
1754 3576 1778 3594 2.
1797 3571 1815 3593 i.
1835 3568 1913 3594 iubere
1928 3570 2053 3595 Senatores
2065 3569 2197 3604 adiungere
2207 3569 2236 3603 fi
2248 3570 2314 3602 iuis,
2328 3547 2455 3605 quamnim*

313 3613 365 3632 teni
385 3611 509 3631 votorum
519 3624 527 3636 ,
552 3606 635 3630 Altcni
654 3604 779 3630 concedere
793 3601 856 3637 qnod
871 3605 935 3636 petit
963 3603 1026 3628 Plin.
1040 3603 1069 3629 in
1083 3604 1173 3638 Paueg.
1194 3613 1215 3630 c.
1229 3610 1260 3639 78
1274 3612 1339 3632 extr.
1397 3606 1546 3641 sententiam
1561 3607 1661 3639 quiique
1678 3604 1771 3638 probet.
1801 3603 1853 3628 cni.
1874 3611 1907 3630 DI
1920 3611 1931 3628 ς
1944 3610 1960 3630 C
1971 3611 2013 3630 ED
2023 3611 2051 3631 O.
2119 3605 2184 3630 Plin.
2201 3612 2232 3636 ιι,
2245 3613 2269 3637 51
2303 3605 2351 3631 Sed
2370 3607 2428 3631 ante⁴

313 3641 442 3668 Columssl-
457 3647 482 3673 7,
495 3642 510 3664 6
539 3639 607 3664 Huic
627 3639 718 3672 pecudi
734 3643 810 3664 nocet
821 3636 919 3669 aestuS,
938 3637 978 3662 sed
993 3638 1075 3672 magis
1093 3638 1189 3673 frigm,
1204 3646 1229 3665 et
1243 3641 1340 3674 praeci·
1403 3641 1492 3667 omnia
1505 3639 1653 3673 explanatio
1661 3639 1827 3672 aniuii,quae
1841 3648 1887 3665 nos
1899 3639 2017 3666 distinxit
2030 3649 2044 3665 a
2057 3639 2135 3668 feris,
2154 3639 2223 3666 inter
2240 3640 2308 3673 ipsos
2323 3647 2427 3675 quoque

311 3685 362 3711 pue
381 3676 449 3701 setae
468 3683 534 3708 quac
551 3673 677 3712 gelicidio
696 3673 794 3713 hiemis
810 3673 970 3712 Conceptum
984 3673 1056 3699 fecit.
1074 3674 1098 3699 h.
1115 3684 1132 3700 ι’,
1148 3676 1217 3734 Qlcae
1229 3679 1339 3711 concepit
1404 3676 1524 3702 homines
1539 3675 1684 3701 Discrimen
1698 3674 1808 3700 alterum
1821 3684 1902 3709 aeque
1914 3675 2021 3709 grande,
2029 3683 2107 3709 quam
2117 3683 2130 3700 a
2145 3673 2228 3700 beluis
2243 3676 2315 3708 fecit.
2370 3675 2424 3701 Cic.

311 3713 385 3739 hiem.-
397 3718 443 3745 pcr
462 3711 525 3745 gula.
595 3709 654 3733 Liu.
669 3717 690 3740 3,
703 3717 730 3734 ιο
756 3709 857 3733 hiicere
871 3709 986 3734 Antiates
1002 3708 1126 3742 colonQS‚
1143 3719 1175 3743 pa
1186 3719 1227 3736 am
1244 3712 1339 3737 Conci·
1403 3711 1514 3745 Philipp.
1531 3719 1556 3742 2,
1570 3718 1609 3736 101
1630 3708 1735 3735 Medico
1756 3710 1805 3735 tria
1825 3711 1909 3736 millia
1928 3712 2064 3744 ingenim,
2076 3709 2145 3743 quasi
2165 3716 2191 3735 te
2211 3711 2299 3736 sanum
2317 3710 2424 3742 fecisset:

312 3748 348 3774 lia
362 3747 455 3776 facere,
469 3751 514 3770 cte.
604 3744 674 3769 Caes.
688 3745 713 3769 R.
729 3744 758 3769 C.
771 3745 853 3781 3‚.¹,o6
891 3744 949 3769 l-loc
970 3743 1057 3769 sedato
1076 3745 1205 3777 tumultu,
1230 3746 1391 3773 crebraeioo
1403 3746 1515 3772 Rhetori
1534 3745 1604 3776 duo,
1621 3744 1691 3778 quast
1707 3746 1836 3771 Disem'ffl
1855 3747 1941 3772 facere
1955 3746 2082 3779 POffliffef·
2154 3744 2221 3770 Ter·
2239 3745 2312 3772 Adel·
2325 3755 2350 3778 2,
2364 3755 2387 3777 ²2
2397 3750 2424 3776 33
2464 3742 2471 3765 '³

311 3780 442 3809 continuis
457 3778 549 3805 dicbus
563 3786 594 3803 ex
607 3779 731 3804 concursu
744 3777 922 3804 multstudinis
935 3778 1129 3805 Concitationes
1142 3780 1246 3807 fiebant.
1281 3782 1338 3809 Cic.
1401 3781 1491 3807 Potius
1511 3788 1589 3814 quani
1604 3781 1694 3806 venias
1713 3781 1740 3806 in
1760 3782 1919 3814 periculum,
1939 3782 2055 3807 seruesne
2074 3787 2106 3805 an
2125 3781 2215 3814 perdas
2228 3786 2328 3812 totum,
2352 3778 2424 3812 Diui-

312 3827 360 3852 pro
370 3817 457 3843 Deiot.
470 3819 500 3843 28
518 3814 591 3846 Quos
605 3813 750 3838 Concursus
762 3813 847 3838 facere
862 3813 977 3840 solebat?
999 3823 1076 3849 quain
1089 3815 1114 3840 se
1127 3816 1240 3843 iae‘tare3
1258 3826 1336 3851 quam
1402 3815 1483 3842 duum
1496 3815 1560 3841 face.
1580 3816 1604 3841 h.
1619 3825 1638 3840 ι’.
1657 3816 1755 3842 Diuide.
1825 3817 1906 3842 Plaut.
1921 3817 1991 3844 Pers.
1999 3825 2026 3848 4,
2039 3825 2065 3848 4,
2080 3823 2125 3840 100
2152 3815 2266 3841 Diuitias
2279 3823 2307 3842 tu
2320 3825 2350 3842 ex
2366 3815 2424 3841 istae

309 3854 335 3880 sc
354 3851 499 3878 ostentare?
512 3856 555 3874 etc.
576 3854 604 3873 vt
617 3847 749 3886 Clamores
768 3848 860 3887 facere.
875 3882 880 3886 ι
931 3849 1012 3888 Plaut.
1028 3850 1108 3876 Merc.
1123 3859 1146 3883 ς,
1160 3860 1185 3883 2,
1200 3860 1229 3885 ¹4
1263 3853 1336 3878 Nam
1400 3852 1489 3877 facias.
1559 3851 1614 3876 Cic.
1629 3852 1680 3876 Att.
1695 3860 1728 3883 12,
1742 3860 1765 3883 ςι
1791 3852 1838 3877 Sed
1853 3851 1933 3886 quid,
1951 3850 2022 3885 quod
2041 3849 2136 3881 audio,
2158 3851 2321 3884 Spintherem
2341 3844 2429 3877 fecisse*

309 3888 428 3923 quemuis
447 3883 628 3911 Confidentem
651 3882 727 3907 melle
746 3888 798 3908 tuis
811 3881 895 3921 ,dietis
914 3883 989 3914 facis,
1007 3885 1118 3911 eundem
1136 3895 1167 3912 ex
1188 3886 1336 3913 confidente
1399 3886 1570 3912 Diuortium3
1639 3887 1693 3912 Cic.
1706 3888 1776 3913 Fam.
1790 3896 1811 3919 ς,
1828 3895 1852 3919 ις
1874 3887 1955 3913 Nulla
1967 3885 2036 3911 enini
2049 3886 2254 3919 reinedia,quac
2271 3884 2423 3913 vulneribus

306 3924 423 3950 actutum
436 3919 606 3948 Diffidentem
618 3917 712 3943 denuo·
785 3918 840 3942 Cic·
854 3918 931 3944 Verr—
944 3927 970 3950 2,
985 3925 1024 3952 ¹83
1051 3921 1085 3947 Vt
1105 3929 1152 3948 vos
1168 3922 1291 3955 rogarem
1304 3928 1333 3948 vt
1343 3927 1386 3953 105
1399 3920 1574 3952 adhibentur,
1592 3927 1644 3947 tam
1662 3922 1761 3949 faciunt
1774 3922 1917 3954 Dolorem,
1932 3929 2009 3957 quam
2028 3929 2094 3954 quae
2112 3921 2169 3948 sunt
2188 3921 2316 3951 salutaria.
2350 3920 2421 3981 Ιιλθῐξι

2391 3959 2399 3980 s
2412 3971 2419 3980 ο
