2479 4225
274 208 346 257 639
667 198 941 242 FER

276 294 414 327 Postquam
437 299 469 318 eo
489 296 613 323 ventum,
635 290 704 317 vnde
721 299 735 315 a
755 285 903 314 ferentariis
923 284 1052 319 praelium
1073 282 1205 310 committi
1226 282 1315 316 posset.

276 329 344 358 Add.
359 329 449 362 chet.
466 336 475 354 1
486 347 495 360 ,
506 336 540 354 20
568 328 646 353 Erant
665 325 731 359 apud
751 330 851 357 veteres
871 321 941 347 inter
958 320 1073 360 pedites,
1100 319 1148 358 qui
1161 317 1316 358 dicebantur

277 365 343 391 leuis
358 369 504 390 armaturae
519 362 666 389 funditores
687 366 711 385 et
730 356 883 388 ferentarii,
916 357 964 391 qui
983 364 1121 390 praecipue
1142 363 1170 379 m
1190 353 1316 393 cornibus

279 399 441 431 locabantur,
461 403 513 425 eta
527 398 623 433 quibus
634 392 764 429 pugnandi
780 391 931 418 sumebatur
942 391 1096 418 exordium:
1130 389 1173 415 sed
1188 388 1217 415 ht
1232 395 1257 415 et
1272 397 1316 415 ve-

278 434 400 462 lociffimi
412 440 437 461 et
450 431 648 460 exercitatiffimi
664 428 825 467 legebantur.

278 480 294 497 a
309 470 419 497 ferendo
432 470 549 500 auxilio,
569 473 596 493 vt
609 462 738 498 quidqmd
751 472 817 496 opus
841 463 917 495 esset,
940 462 1042 489 auxilio
1062 462 1178 492 ferrent,
1206 460 1318 486 excursu

280 507 351 533 leues
360 527 367 538 ‚
389 506 469 533 armis
483 502 604 539 grauibus
617 508 669 525 non
684 498 821 532 impediti,
842 499 885 524 scd
899 500 959 525 ense
971 504 997 525 et
1011 498 1068 524 telis
1077 503 1177 523 tantum
1187 495 1318 522 instructi.

286 544 331 569 Vel
343 542 408 568 dieu
423 542 477 566 sunt
489 535 647 565 ferentarii,
664 532 723 566 uste
737 535 856 560 Varrone
870 535 899 560 L.
908 535 937 560 L.
953 536 979 567 6,
996 542 1008 566 3
1034 532 1105 568 quod
1120 531 1209 558 fundis
1223 530 1318 565 lapidi-

280 577 382 612 busque
397 574 554 611 pugnabant:
589 578 655 603 quae
668 569 719 595 tela
732 569 869 602 feruntur,
888 579 943 596 non
961 575 1092 596 tenentur.
1177 566 1277 593 Sallust.
1291 566 1319 591 in

282 614 360 641 Catil.
375 623 396 638 c.
409 614 441 636 60
460 607 595 639 Postquam
608 613 640 630 eo
649 610 756 630 ventum
770 605 816 637 est,
828 605 896 632 vnde
910 614 925 631 a
938 605 1088 631 ferentariis
1102 603 1230 638 praelium
1248 611 1318 628 com-
1332 608 1361 626 10

283 649 353 675 mitti
368 647 452 681 poss‘et.
521 642 588 667 Cato
601 649 645 666 eos
658 641 824 667 Ferentarios
837 641 921 672 dixit,
943 642 997 674 Qii
1010 641 1061 666 tela
1074 649 1102 666 ac
1116 639 1237 674 potiones
1249 637 1320 663 mili·

282 684 352 711 tibus
366 676 537 716 pugnantibus
550 676 740 702 ministrabant.
793 677 830 702 Hi
845 682 870 702 et
883 676 970 702 Velati
983 676 1161 707 vocabantur,
1186 681 1215 700 vt
1229 673 1320 707 inquit

284 719 379 747 Festus:
415 712 485 747 quod
499 712 587 738 vestiti
602 712 715 738 inermes
730 713 902 746 sequerentur
914 712 1070 738 exercitum.
1143 710 1278 746 Haecfere
1290 718 1319 734 ex

283 754 354 781 Festo
368 757 389 776 rt
403 748 505 775 Nonio.
560 747 634 782 Conf.
649 747 749 782 Salmas
764 747 793 773 de
806 749 841 773 Re
855 748 937 774 Milit.
950 757 972 774 c.
981 758 1010 782 14
1025 754 1048 773 et
1063 750 1100 773 16.
1136 747 1228 779 Veget.
1244 754 1264 776 1,
1278 753 1319 770 20.

282 791 346 815 Cart.
359 785 392 811 ad
404 784 463 810 Sall.
485 784 532 810 c.I.
602 784 770 810 Ferentarius
783 783 898 815 amicus,
925 784 976 818 ,Qai
991 783 1051 818 fert
1063 783 1184 808 auxilium
1193 792 1200 806 .·
1236 781 1319 806 Plaut.
1336 784 1360 810 ¹5

281 823 360 849 Trin.
375 829 396 852 2,
409 829 435 852 4,
450 826 477 852 53
509 819 579 845 Nam
593 819 671 844 illum
684 818 735 845 tibi
750 818 922 845 ferentarium
937 819 985 844 effe
996 818 1111 844 amicum
1124 818 1263 843 inuentum
1281 816 1321 841 in-

279 857 376 890 telligo.
414 858 432 881 i.
453 856 625 881 Auxiliarium
633 874 642 887 ,
656 853 843 890 subsidiarium,
861 857 904 889 qui
916 854 965 880 tibi
977 857 1057 891 egenti
1063 853 1168 890 subinde
1180 853 1322 888 opituletur,

277 894 343 919 velut
358 891 425 917 diues
442 893 556 925 pauperi.

314 934 330 953 F
342 933 357 951 E
367 933 384 952 R
395 931 412 952 C
424 925 443 951 V'
455 932 470 950 L
481 933 499 950 V
508 932 550 957 M,
570 925 588 951 i.
615 934 640 950 n.
677 925 802 964 [φορεῖον]
857 919 898 958 Est
911 923 1097 957 instrumentum
1104 923 1222 960 ferendi,
1241 932 1271 949 ac
1283 921 1322 948 de-

278 962 349 995 inde,
372 961 472 997 vtsolet
486 963 512 986 in
527 960 619 987 talibus
631 967 681 995 pro
693 963 752 996 ipsis
765 961 837 987 rebus
845 963 966 1000 ponitur,
986 959 1089 995 quaefic
1096 961 1228 996 feriantur.
1282 960 1322 984 Ac
1333 966 1368 984 20

274 1001 357 1033 primo
371 1000 397 1023 in
413 997 537 1023 conuiuali
549 1005 577 1022 re
588 997 664 1023 locum
680 996 768 1029 habet,
792 1003 822 1022 vt
828 998 866 1030 Jn
887 995 1070 1031 πρωίην-111111,
1096 1004 1141 1031 quo
1155 992 1324 1030 pluresfimul

277 1035 373 1063 lances,
394 1039 416 1058 et
430 1032 480 1058 cibi
492 1032 551 1058 adeo
562 1031 724 1067 inferuntur:
759 1032 804 1058 hoc
820 1038 931 1067 apertum
945 1030 992 1064 (sl,
1005 1030 1031 1064 fi
1045 1034 1101 1066 quis
1113 1030 1245 1064 confideret
1262 1030 1323 1055 Tra·-

278 1069 424 1094 malchionis
438 1067 505 1094 illam
520 1076 617 1093 coenam
631 1067 698 1102 apud
714 1069 817 1094 Petron.
833 1076 856 1099 31
877 1068 933 1101 sqq.
968 1070 1071 1093 maxime
1085 1076 1106 1092 c.
1122 1074 1149 1099 35
1181 1065 1323 1092 Laudatio-

279 1113 339 1130 nem
354 1103 486 1130 ferculum
500 1103 536 1129 est
551 1103 697 1129 insecutum
732 1119 778 1123 —
803 1103 999 1137 Repositorium
1018 1102 1163 1128 rotundum
1182 1101 1322 1127 duodecim

279 1139 392 1166 habebat
406 1138 474 1172 signa
489 1138 516 1164 in
531 1138 596 1164 orbe
611 1138 748 1172 disposita,
773 1139 850 1173 super
868 1147 935 1173 quae
949 1138 1090 1172 proprium
1109 1138 1324 1164 conuenientem·
1335 1145 1365 1170 25

279 1184 331 1209 que
345 1175 471 1201 materiae
485 1173 598 1200 1111ιὲ101-
611 1174 772 1208 imposuerat
785 1174 890 1200 cibum:
925 1175 1002 1208 super
1020 1174 1140 1200 Arietem
1155 1174 1224 1199 cicer
1235 1172 1325 1199 arieti-

280 1219 359 1242 num,
379 1211 455 1244 super
468 1210 592 1235 Taurum
606 1209 701 1236 bubale
714 1209 827 1236 frustum
861 1225 907 1229 -—
929 1210 1006 1243 super
1025 1210 1172 1244 Aquarium
1190 1209 1323 1239 anserem,

279 1247 355 1280 super
371 1246 453 1272 Pisces
466 1245 531 1271 duos
544 1244 648 1271 mullOS.
700 1246 730 1271 In
744 1246 833 1272 medio
846 1246 931 1280 cespes
945 1255 1004 1271 cum
1018 1244 1107 1271 herbis
1119 1245 1219 1271 excisus
1232 1244 1324 1270 fanum

280 1280 420 1308 sustinebat
439 1296 484 1300 ——-
542 1281 605 1306 Tum
625 1288 691 1306 1111
705 1281 879 1316 tripudiantes
897 1287 1087 1315 procurrerunt
1106 1281 1324 1314 superioremque

279 1353 364 1379 altero
377 1352 496 1384 ferculo,
515 1351 616 1384 altilia,
635 1358 661 1378 ct
672 1352 789 1385 sumina,
811 1359 856 1379 etc.
910 1352 1015 1378 Pulchre
1026 1355 1107 1389 igitur
1123 1351 1242 1385 Fulgent.
1260 1351 1324 1384 Exp.

280 1390 356 1415 serm.
371 1394 422 1414 ant.
437 1396 472 1422 42
498 1387 652 1417 Ferculum,
672 1390 771 1423 inquit,
787 1388 875 1414 missus
888 1388 1015 1414 carnium.
1077 1388 1147 1413 Hinc
1161 1387 1326 1422 intelligimus

281 1425 387 1450 Sueton.
397 1425 491 1457 Ang.c.
500 1431 536 1457 74
560 1424 677 1450 Coenam
689 1424 772 1450 ternis
785 1423 909 1455 ferculis,
927 1429 982 1455 aut,
1002 1432 1084 1457 quum
1098 1421 1324 1452 abundantiffime,

280 1460 346 1486 senis
360 1458 510 1494 praebebat.
582 1459 674 1485 Contra
682 1459 792 1494 finnmus
803 1461 875 1486 luxus
893 1459 1009 1485 quenal.
1024 1468 1050 1490 1,
1065 1467 1100 1492 94
1133 1459 1201 1491 Quis
1223 1457 1323 1484 fercula

281 1497 376 1530 septem
391 1496 496 1521 Secreto
511 1495 633 1520 coenauit
643 1495 726 1526 auus?
796 1496 900 1529 Proprie
914 1497 988 1521 ctiam
1001 1495 1098 1520 Auson.
1113 1494 1200 1528 Epigr.
1216 1498 1229 1524 8
1262 1493 1323 1520 Fer·
1338 1501 1367 1528 35

280 1532 339 1557 cula
352 1531 489 1565 gemmatis
508 1539 567 1555 cum
586 1536 695 1565 poneret
709 1539 786 1556 aurea
801 1530 874 1556 vasis.
963 1531 1031 1556 Hor.
1056 1530 1139 1556 serm.
1161 1538 1197 1562 2,
1220 1532 1256 1561 6,
1277 1538 1325 1563 104

281 1567 419 1600 Multaque
439 1566 471 1591 de
491 1574 584 1599 magna
605 1566 758 1600 superessent
779 1565 878 1593 fercula
901 1574 997 1598 coena,
1030 1565 1063 1591 ad
1085 1574 1155 1601 quem
1173 1567 1250 1592 locum
1264 1565 1324 1590 Vet.

281 1601 368 1627 Schol.
389 1601 497 1627 Fercula
509 1602 585 1632 vasa,
605 1610 671 1635 quae
684 1602 759 1635 plena
775 1601 1013 1636 pulmentariorum
1025 1602 1098 1633 sunt,
1118 1606 1144 1626 et
1157 1607 1291 1635 ponuntur
1299 1601 1326 1626 in

243 1646 244 1649 ¹
282 1637 399 1662 canistris
411 1645 469 1661 cum
484 1636 524 1661 his
538 1645 604 1669 quae
618 1637 811 1670 superfuerunt.
881 1637 999 1663 quenal.
1013 1645 1046 1668 11,
1060 1639 1096 1669 64
1123 1637 1232 1663 Fercula
1245 1636 1327 1662 nullis

283 1678 375 1698 ornata
389 1670 504 1697 macellis
517 1671 580 1705 sunt
593 1670 668 1704 ‚dapes
682 1672 811 1704 inemtae,
829 1680 893 1732 ἕιιαε
912 1675 968 1698 ruri
986 1673 1129 1708 nascuntur.
1200 1673 1277 1706 Prop.
1292 1678 1369 1704 4‚40

284 1716 313 1740 4,
328 1715 365 1741 74
388 1708 477 1739 Qmm
491 1714 588 1739 pagana
600 1705 704 1732 madent
718 1707 817 1732 fercula
848 1707 948 1739 eliciis,
965 1716 1037 1742 quum
1050 1706 1138 1740 rustici
1150 1709 1242 1734 lautius
1249 1708 1326 1742 fiex-

284 1746 394 1777 cipiunt,
419 1745 445 1767 in
466 1741 629 1776 descriptione
649 1743 778 1768 Parilium.
866 1742 923 1767 Sen.
943 1742 1019 1775 Epist.
1033 1750 1063 1774 93
1095 1743 1195 1768 Multos
1216 1742 1326 1768 morbos

284 1778 369 1803 multa
392 1776 491 1803 fercula
517 1776 645 1802 fecerunt.
820 1773 840 1812 ff
866 1784 878 1801 2
914 1776 1029 1811 Sed-sient
1049 1779 1123 1802 etiam
1142 1779 1192 1802 alia
1210 1777 1326 1802 Fercula.

285 1813 345 1838 Vet.
360 1811 444 1837 Schol.
459 1810 491 1837 ad
504 1812 611 1837 Horatii
624 1812 671 1837 l.c.
706 1810 814 1837 Fercula
829 1812 885 1836 sunt
898 1817 923 1837 et
937 1812 1046 1845 pulpita,
1061 1811 1089 1836 in
1104 1810 1199 1845 quibus
1214 1811 1326 1836 deorum

284 1846 419 1872 simulacra
432 1845 572 1871 tolluntur.
658 1847 763 1872 Sueton.
779 1847 851 1872 Caes.
859 1856 879 1872 c.
888 1849 923 1881 76
948 1849 1015 1872 inter
1028 1846 1130 1872 bonores
1146 1846 1245 1872 diuinos
1252 1849 1366 1881 ponit45

284 1881 421 1908 Thensam
436 1886 461 1906 et
474 1880 614 1905 Ferculum
627 1880 655 1904 in
667 1880 773 1905 circenfi
787 1890 891 1914 pompa.
961 1885 1033 1906 Anti‹
1046 1882 1139 1914 uiſjima
1152 1885 1178 1906 in
1190 1882 1326 1916 hosgenere

283 1918 401 1943 videntur
414 1915 560 1949 spoliorum
574 1914 683 1945 fercula,
714 1924 741 1939 uo
756 1924 850 1939 nomine·
863 1917 945 1940 utitur
966 1890 1087 1939 Prudient.
1108 1915 1169 1940 adu.
1187 1916 1283 1946 Symm.
1297 1924 1328 1946 2,

285 1958 340 1985 580.
382 1974 385 1981 .
416 1952 493 1987 Vulgo
507 1953 579 1976 ctiam
593 1951 683 1984 legitur
696 1923 757 1974 ‘Liu.
773 1957 793 1980 1,
809 1957 836 1973 10
868 1948 911 1973 vbi
930 1954 1009 1973 tamen
1028 1948 1180 1981 probabilius
1199 1947 1232 1980 est
1250 1950 1328 1974 Fere-

286 1994 356 2015 trum
369 1986 397 2013 de
426 1996 455 2012 uo
469 1995 533 2011 mox.
612 1986 669 2011 Sen.
684 1985 763 2010 Herc.
777 1984 836 2009 Oet.
851 1992 891 2009 110
923 1986 990 2010 inter
1004 1982 1145 2018 felicitatis
1165 1990 1328 2018 argumenta,

284 2025 312 2051 Si
326 2026 380 2058 quis
394 1995 450 2048 hice
464 2030 575 2056 pompae
593 2020 681 2046 veniet
695 2019 786 2045 nobile
800 2019 939 2045 ferculum.
1030 2018 1087 2044 Cic.
1101 2017 1154 2044 Off.
1168 2027 1194 2050 1,
1209 2027 1245 2050 131
1262 2028 1283 2045 c.
1297 2020 1327 2050 36
1340 2028 1371 2053 50

284 2057 437 2086 Cauendum
456 2057 508 2087 est,
533 2066 565 2082 ne
585 2055 751 2082 tarditatibus
771 2061 877 2081 Vtamur
895 2055 923 2080 in
941 2054 1054 2088 ingressu
1082 2054 1270 2086 mollioribus,
1299 2060 1328 2080 vt

285 2103 441 2130 pomparum
452 2092 558 2119 ferculis
571 2092 666 2117 ssmiles
680 2091 727 2117 esse
734 2090 881 2117 videamur.
952 2091 1001 2116 Pro
1014 2089 1114 2116 feretro
1128 2090 1234 2116 Sueton.
1243 2089 1328 2124 Calig.

287 2140 309 2157 c.
324 2138 348 2162 13
382 2129 473 2155 Matris
486 2128 629 2161 fratrisque
642 2128 741 2153 cineres
778 2141 822 2145 —
846 2125 936 2152 medio
954 2134 983 2151 ac
1003 2125 1139 2159 frequenti
1159 2124 1203 2151 die
1223 2125 1328 2151 duobus

287 2165 395 2192 ferculis
409 2164 546 2190 Mausoleo
561 2163 660 2189 intulit.
731 2162 792 2188 Stat.
807 2161 898 2188 Theb.
913 2164 937 2191 6,
952 2163 998 2187 126
1020 2161 1245 2187 Portantinferias
1259 2161 1329 2186 arsu-

287 2210 367 2235 raque
381 2200 480 2226 fercula
494 2199 574 2233 primi
591 2198 743 2225 Graiorum.
801 2198 851 2223 Hic
876 2204 958 2223 tamen
979 2206 1027 2223 non
1049 2203 1100 2224 tam
1120 2195 1197 2231 iintm
1218 2195 1329 2221 cadauer
1345 2202 1373 2228 53

287 2238 438 2271 intelligitur
447 2255 453 2263 ,
469 2245 539 2271 quam
552 2233 735 2267 munerastmul
747 2233 894 2265 cremanda,
914 2239 942 2258 vt
955 2233 1022 2258 Plin.
1033 2241 1071 2264 10,
1085 2241 1113 2258 10
1138 2232 1166 2258 de
1180 2233 1272 2263 militis,
1292 2231 1330 2256 fa-

288 2272 407 2298 melicam
420 2272 521 2305 semper
534 2270 624 2296 alitem
638 2268 707 2295 nihil
721 2268 846 2294 esculenti
857 2277 950 2302 rapere
963 2276 1080 2302 vnquam
1093 2277 1124 2294 ex
1138 2268 1262 2294 funerum
1279 2266 1330 2293 fer-

287 2307 359 2334 culis.
416 2308 484 2333 Hacc
495 2305 593 2331 fercula
602 2307 688 2339 potius
699 2304 733 2331 ad
744 2313 770 2329 n.
786 2312 804 2329 1.
818 2303 959 2338 referenda.

322 2349 337 2369 F
347 2349 362 2368 E
372 2349 391 2368 R
401 2349 410 2368 1
422 2349 466 2368 CV
478 2348 494 2366 L
506 2348 526 2366 V
536 2348 575 2372 M,
597 2340 615 2365 i.
635 2348 660 2364 n.
696 2341 746 2365 Pro
762 2340 861 2365 Ferculo
874 2339 941 2374 apud
956 2339 1060 2364 Petron.
1075 2339 1136 2373 legit
1148 2337 1244 2372 ReineJI
1258 2346 1279 2363 c.
1296 2338 1330 2362 60

286 2378 330 2404 vbi
342 2378 438 2409 editur,
465 2377 573 2403 Sacrum
594 2375 642 2401 effe
661 2374 808 2408 periculum
825 2380 879 2399 tam
902 2373 1029 2406 religioso
1042 2379 1167 2406 apparatu
1186 2373 1372 2407 perfusun1.60

287 2415 419 2448 Receperat
431 2415 504 2438 etiam
515 2415 542 2437 in
557 2417 695 2437 contextum
711 2409 838 2435 Hadrian.
895 2410 936 2434 Ita
952 2412 1025 2434 ctiam
1042 2407 1156 2441 Heinsius
1171 2417 1192 2434 c.
1205 2418 1235 2442 39
1262 2406 1331 2441 resti-

285 2452 336 2475 tuit
344 2456 392 2483 pro
405 2447 564 2474 Fericulusta
577 2466 584 2478 ,
603 2455 663 2482 qnae
676 2454 725 2471 uox
738 2449 765 2470 in
781 2444 873 2470 Nodot.
889 2443 932 2470 Ed.
944 2445 1021 2481 plane
1033 2442 1117 2477 omzffa
1130 2441 1173 2477 est,
1192 2443 1291 2470 reddita
1305 2446 1331 2469 in

287 2485 373 2512 Burm.
386 2484 433 2519 sed
444 2493 491 2509 non
504 2483 637 2517 explicata.

561 2517 585 2553 fi
610 2524 626 2543 P
637 2523 656 2542 H
666 2522 681 2542 E
690 2523 709 2542 R
722 2521 739 2541 13
754 2521 776 2541 Τ
788 2522 807 2541 R
816 2522 836 2541 v
845 2521 869 2540 M
878 2534 885 2545 ‚
905 2514 922 2540 i.
940 2523 966 2540 n.
1002 2515 1150 2549 [φέρετρον]
1186 2512 1334 2546 10161111,υεῖ

861 2551 947 2575 Varro
959 2549 991 2575 de
1004 2550 1033 2575 L.
1047 2550 1076 2575 L.
1089 2559 1116 2581 4,
1134 2558 1160 2581 35
1189 2559 1212 2584 p.
1230 2559 1266 2582 40
1288 2557 1330 2584 pr.
1343 2554 1374 2586 65

289 2591 401 2625 ςέγικςρον
415 2589 461 2616 vbi
476 2589 557 2615 106105
572 2587 673 2615 mortui
688 2587 787 2617 fertur,
808 2585 943 2611 dicebant:
979 2584 1106 2610 teretrum
1119 2584 1216 2615 nostri,
1236 2585 1331 2610 Graeci

290 2627 388 2660 φέρτρον
402 2625 443 2659 ιρι)
455 2626 573 2658 (piperem.
650 2622 716 2648 Plin.
731 2629 756 2656 7,
771 2629 800 2654 52
828 2622 913 2647 Varro
927 2628 1034 2655 quoque
1048 2619 1141 2645 306101-
1153 2619 1188 2645 est
1204 2626 1222 2645 x
1232 2627 1250 2646 x
1265 2620 1333 2645 viris

292 2659 367 2695 agros
380 2653 563 2686 diuidentibus
577 2659 699 2692 Capuae,
726 2655 856 2690 quendam
876 2656 924 2690 qui
943 2655 1081 2682 efferretur
1095 2655 1203 2685 feretro,
1222 2654 1333 2680 domum

642 2693 704 2718 Stat.
721 2692 784 2717 Silu.
799 2700 813 2716 2
823 2711 829 2722 ‚
845 2700 870 2723 1,
883 2700 916 2717 20
945 2691 1048 2718 Puerile
1062 2691 1189 2718 feretrum
1205 2689 1334 2724 produxi,

286 2731 370 2766 funus
384 2733 514 2756 comitatus
521 2729 585 2764 fimi.
653 2726 735 2753 Ouid.
750 2727 815 2752 Met.
830 2735 876 2758 14,
891 2734 945 2760 747
974 2726 1126 2760 Luridaque
1145 2727 1236 2752 arsuro
1250 2733 1377 2760 porta-70

293 2766 338 2792 bat
351 2765 469 2791 membra
482 2765 590 2791 feretro.
668 2763 815 2788 Cruentmn
833 2761 957 2786 feretrum
997 2761 1042 2787 Sil.
1056 2769 1085 2793 ς,
1105 2764 1156 2791 168.
1231 2762 1335 2796 Ingenti

295 2800 398 2827 subiere
418 2800 519 2826 feretro
549 2799 622 2831 Virg.
638 2798 703 2823 Aen.
719 2800 752 2828 6,
770 2805 821 2822 222.
893 2795 930 2822 Id.
944 2796 1010 2822 ibid.
1030 2805 1067 2827 11,
1082 2805 1129 2828 ¹49
1158 2797 1267 2823 Feretro
1282 2798 1336 2824 Pal-

297 2837 367 2863 lanta
379 2835 483 2869 reposto
499 2832 643 2861 Procubuit
656 2834 740 2866 super.
812 2830 869 2857 Val.
884 2831 922 2857 Fl.
938 2839 965 2863 ς,
989 2840 1010 2857 11
1049 2831 1216 2866 Potitumque
1235 2833 1336 2860 feretro

297 2872 488 2904 Congemuere.
559 2870 620 2895 Stat.
634 2868 725 2894 Theb.
739 2870 765 2899 6,
779 2873 806 2899 35
831 2867 974 2893 Damnatus
986 2867 1106 2892 flammae
1119 2874 1209 2900 torus,
1234 2875 1258 2894 et
1274 2870 1336 2895 Pue-

295 2907 346 2934 rile
360 2907 488 2932 feretrum
502 2904 630 2931 Texitur.
785 2900 805 2939 q
828 2911 842 2928 2
879 2904 968 2928 Latius
980 2904 1107 2937 aliquanto
1117 2902 1223 2938 patuisti
1239 2904 1284 2930 hoc
1296 2914 1337 2930 no-
1349 2910 1380 2937 75

295 2952 349 2969 men
359 2949 452 2977 putant
459 2942 507 2972 illi,
520 2943 563 2975 qui
575 2949 627 2965 cum
641 2939 739 2965 Perotto
753 2938 819 2972 apud
832 2938 890 2964 Liu.
907 2947 931 2970 1,
949 2947 977 2964 10
1002 2941 1039 2964 ita
1053 2939 1153 2974 legunt,
1172 2939 1235 2965 Inde
1250 2939 1338 2966 vidior

297 2980 414 3005 Romulus
447 2992 492 2996 —
518 2975 601 3010 spolia
620 2974 692 3000 ducis
711 2973 824 2999 hostium
843 2973 905 2999 caeli
921 2975 1037 3008 suspensa
1050 2974 1179 3002 fabricato
1192 2975 1223 3000 ad
1237 2975 1264 3001 id
1279 2981 1337 3009 apte

299 3014 400 3040 feretro
426 3013 480 3046 (ol.
495 3011 616 3042 ferculo)
640 3018 731 3044 gerens
746 3009 773 3035 in
785 3009 947 3042 Capitolium
961 3009 1075 3036 ascendit
1089 3017 1135 3036 etc.
1190 3012 1221 3036 Et
1233 3011 1295 3046 sane
1309 3011 1338 3037 ab

298 3049 342 3075 hoc
357 3047 599 3083 Feretrofacillime
612 3046 739 3072 deriuatio·
760 3045 891 3071 Feretrius
905 3045 1019 3079 Iupiter,
1046 3045 1073 3070 dt·
1093 3055 1138 3081 quo
1150 3044 1250 3078 statim.
1308 3048 1338 3073 Et

298 3084 340 3118 effl‘
360 3085 459 3110 feretro
478 3087 551 3109 etiam
573 3085 600 3108 in
623 3081 697 3107 libris
720 3082 818 3107 Perotto
841 3081 1040 3115 antiquioribus,
1066 3081 1134 3107 docet
1154 3082 1339 3108 Drakenborch.
1350 3087 1382 3112 80

298 3122 357 3147 Rem
372 3116 511 3155 emisti-'tam
519 3125 633 3153 putarem
647 3119 674 3142 in
681 3116 831 3152 sentmtiam
847 3117 957 3149 Perotti,
968 3115 994 3148 Ji
1007 3116 1108 3143 indubia
1121 3116 1175 3150 estl’t
1187 3116 1259 3143 chio
1273 3120 1340 3143 anti-

299 3165 346 3190 qua
360 3155 419 3181 Val.
434 3155 471 3180 Fl.
488 3162 517 3186 3,
531 3162 574 3187 143
613 3153 683 3184 Has,
702 3160 810 3186 precor,
828 3151 938 3177 exuuias
958 3158 983 3177 et
1002 3152 1086 3186 prima
1105 3152 1228 3180 cadauera
1249 3153 1339 3180 nostro

301 3191 446 3225 Linquite,
471 3190 524 3221 ait,
555 3189 669 3214 feretro:
705 3187 784 3222 quod,
802 3193 903 3221 practer
920 3189 1035 3222 antiquas
1055 3187 1189 3221 editiones,
1216 3190 1339 3224 probatur

302 3225 435 3260 Paffiratio
449 3224 482 3251 ad
497 3226 608 3258 Propert.
621 3225 637 3249 l.
652 3233 674 3248 c.
693 3222 771 3257 l'offio
785 3222 818 3248 ad
837 3223 891 3248 Val.
908 3223 986 3247 Flacc.
1007 3223 1079 3248 it.ad
1097 3223 1189 3255 Vella,
1204 3232 1234 3252 82
1248 3224 1339 3261 ipsique

301 3263 442 3294 Scoligcro,
465 3263 508 3295 qui
522 3262 595 3285 ctiam
615 3259 764 3285 Feretrium
783 3258 874 3283 Iouem
888 3258 917 3283 ab
931 3257 975 3283 hoc
989 3257 1088 3283 feretro
1106 3258 1199 3285 dil-'lum
1213 3267 1290 3295 putat
1307 3260 1342 3286 ad
1352 3267 1380 3295 85

302 3292 472 3332 PropFrtium,
490 3294 554 3330 quod
568 3302 662 3327 etymon
672 3294 763 3327 probat
776 3296 848 3319 etiam
864 3295 977 3319 perizon.
992 3294 1127 3319 Animadu.
1141 3293 1199 3327 hist.
1213 3306 1227 3330 7
1238 3303 1266 3330 p,
1282 3303 1338 3330 ³45¹·

301 3333 348 3359 Sed
361 3333 388 3358 de
401 3334 451 3358 loco
468 3331 553 3357 Flacci
571 3330 703 3355 intercedit
721 3332 773 3355 iure
785 3328 831 3364 suo
851 3330 990 3355 Gronouius
1004 3328 1060 3363 0le
1075 3339 1107 3363 4,
1129 3338 1152 3354 12
1182 3337 1204 3355 ct
1216 3333 1341 3366 legendum

302 3366 421 3399 ostendit,
441 3368 511 3398 Has,
531 3374 639 3400 precor,
656 3364 778 3394 exuuias,
795 3370 820 3389 et
833 3365 918 3398 prima
932 3363 1067 3395 cadauera,
1087 3364 1195 3396 Nestor,
1215 3367 1341 3400 Linquite

303 3404 349 3429 ait.
386 3403 458 3428 ferro
473 3402 561 3437 potius
574 3399 642 3427 mihi
656 3398 777 3431 dextera,
794 3399 866 3425 ferro
882 3400 985 3425 Gnauet
999 3408 1072 3433 opus.
1128 3401 1207 3435 Qmm
1214 3401 1341 3427 lefflioncm

299 3438 402 3473 pulchre
415 3439 530 3472 explicat.
586 3438 671 3470 Itaque
686 3434 813 3461 feretrum
824 3442 873 3469 pro
881 3435 981 3470 ferculo
998 3435 1143 3469 triumphali
1161 3437 1209 3461 alio
1224 3435 1339 3469 arctiore,
1351 3444 1385 3467 90

303 3482 374 3507 quam
387 3473 415 3497 dr
428 3476 497 3498 cuius
508 3471 611 3498 ltc'lione
624 3470 692 3497 modo
705 3472 832 3505 quaeritur
841 3489 848 3499 ,
867 3471 946 3495 adhuc
958 3470 1052 3504 qunlem
1064 3477 1174 3503 careret,
1195 3471 1241 3504 nist
1254 3480 1341 3508 oppor-

304 3514 374 3535 tune,
404 3514 432 3532 ut
445 3508 517 3542 [πρε
537 3509 600 3533 alias
614 3506 774 3542 succurreret
787 3505 983 3537 Tertullianus,
1009 3508 1051 3540 qui
1070 3505 1102 3531 dc
1123 3507 1248 3533 Patientia
1271 3518 1291 3534 c.
1309 3517 1339 3542 14

306 3542 390 3574 Qiale
405 3542 431 3567 in
445 3542 490 3568 ’1110
502 3542 563 3568 viro
587 3542 713 3576 (Hiobo)
736 3541 863 3567 feretrum
876 3539 938 3566 deus
952 3540 1060 3566 diabolo
1073 3541 1218 3568 exstruxit?
1254 3545 1339 3576 Quale

306 3576 433 3602 vexillum
448 3576 479 3602 de
492 3578 601 3603 inimico
620 3577 720 3612 gloriae
736 3577 795 3602 suae
815 3575 926 3602 extulit?
962 3577 1024 3602 Bene
1042 3576 1172 3602 Rhenanus
1192 3580 1340 3614 triumphale

305 3610 492 3643 instrwnentum
506 3614 643 3644 intellexit,
665 3622 713 3638 non
726 3612 781 3638 benc
788 3610 1083 3646 funebrcmfhntlapilam
1098 3613 1233 3648 Rigaltius.

344 3653 358 3672 1:
368 3647 384 3672 ῐέ
394 3654 411 3671 R
423 3646 438 3672 ι’-ῗ
449 3654 469 3672 Τ
479 3654 496 3671 R
506 3655 515 3672 1
525 3654 544 3671 V
554 3654 566 3671 S
602 3647 781 3681 [reonaiixosw,
796 3646 960 3680 σκυλοφόρος]
996 3646 1027 3678 cll
1043 3648 1111 3672 Iouis
1126 3649 1269 3682 Epitheton,
1282 3659 1339 3685 qua-

305 3688 376 3707 tenus
390 3682 516 3715 templum
530 3682 643 3715 primum
658 3684 778 3708 omnium
794 3683 892 3708 Romae
913 3681 955 3708 illi
970 3682 1095 3707 sacratum
1114 3683 1149 3708 est
1161 3694 1175 3709 a
1189 3686 1287 3710 Romulo
1300 3686 1340 3711 his

305 3717 388 3743 uerbis
400 3717 466 3752 apoll
478 3716 536 3742 Liu.
552 3725 560 3741 1
570 3736 578 3747 ‚
592 3725 619 3741 10
657 3718 756 3750 Iupiter
774 3718 890 3750 Feretri,
908 3717 969 3743 haec
987 3716 1037 3743 tibi
1053 3717 1140 3744 vietor
1151 3720 1278 3746 Romulus
1292 3729 1339 3747 rex

306 3753 378 3786 regia
391 3761 462 3778 arma
475 3752 533 3777 fero
543 3770 550 3782 ,
580 3751 758 3786 tcmplumque
777 3753 809 3778 iis
823 3752 975 3786 regionibus
984 3772 991 3784 ‚
1016 3761 1078 3786 quas
1091 3753 1170 3779 modo
1183 3755 1272 3781 animo
1285 3765 1338 3782 mc-

324 2527 339 2546 F
349 2527 364 2545 E
373 2527 391 2545 R
403 2518 420 2545 Ε
429 2525 450 2544 T
460 2525 480 2544 R
492 2525 512 2543 v
522 2525 545 2544 M

288 2555 442 2590 qicidfliizile‚
455 2563 501 2594 quo
515 2560 626 2579 mortuus
639 2551 713 2586 ferri
719 2550 792 2585 solet.

292 2696 414 2722 remeasse
432 2694 554 2729 pedibus.

1351 3622 1383 3648 95

306 3794 373 3814 tatus
387 3789 459 3819 ssim,
479 3786 589 3817 dedico,
613 3786 697 3812 sedem
710 3787 807 3821 opimis
822 3789 927 3821 spoliis,
954 3796 1035 3822 quae,
1053 3788 1158 3821 regibus
1173 3789 1391 3826 ducibusquc100
1401 3789 1543 3816 Effraenata
1567 3787 1621 3812 Cic.
1633 3787 1699 3821 apud
1711 3787 1781 3816 Non.
1797 3794 1819 3819 8,
1836 3797 1869 3819 15.

306 3823 421 3849 hostium
435 3821 525 3853 caelis,
543 3829 584 3846 me
598 3820 730 3847 auclorcm
747 3823 880 3855 sequentes
894 3823 991 3857 posteri
1004 3823 1097 3849 serent.
1168 3826 1284 3860 Propert.
1303 3836 1338 3859 4,

306 3867 335 3885 10
359 3862 396 3884 ita
411 3857 524 3889 orditur,
546 3857 625 3882 Nunc
639 3857 710 3882 Iouis
725 3857 848 3891 incipiam
864 3859 949 3885 causas
962 3858 1064 3893 aperire
1077 3860 1189 3892 Feretrl‚
1207 3862 1339 3896 Armaque

304 3893 336 3920 de
349 3893 459 3920 ducibus
481 3892 549 3919 trina
573 3897 675 3925 recepta
694 3892 787 3918 tribus.
844 3894 937 3919 Deinde
955 3894 1092 3929 exsequitur
1110 3898 1179 3921 trina
1199 3897 1243 3923 illa
1255 3897 1340 3933 spolia

303 3932 394 3965 opima,
410 3936 433 3954 et
447 3928 543 3954 tandem
557 3930 595 3953 ita
606 3926 729 3952 concludit
743 3937 766 3952 v.
777 3935 808 3959 45
823 3928 878 3961 sqq.

458 3964 538 3990 Nunc
562 3962 644 3997 spolia
663 3962 691 3988 in
709 3963 806 3996 templo
826 3963 879 3988 tria
898 3963 1013 3990 condita.
1033 3965 1106 3990 causa
1126 3966 1242 3999 Feretr1‚

489 3998 586 4024 Omine
606 3998 678 4035 quod
698 4005 770 4025 certo
791 3997 842 4024 dux
854 3998 924 4034 serie
943 4000 1002 4024 ense
1021 3998 1128 4033 ducem,
1340 3974 1386 4002 105

885 428 920 454 Vt
937 431 975 454 ait
993 427 1094 453 Festus:
1131 425 1317 456 auxiliatores,
1337 428 1352 455 ς
1375 425 1440 461 poffi’
1454 429 1543 454 Graece
1557 429 1642 453 vocari
1655 436 1809 461 τροπαιεχον,
1823 432 1867 451 aut
1879 425 2038 461 σκυλοφόρον,
2059 433 2160 461 tropaea
2174 428 2315 459 habentem,
2332 426 2418 465 feretu-
2442 436 2444 462 ξ

1401 1281 1439 1306 lex
1475 1281 1515 1306 vel
1526 1284 1563 1306 tri
1581 1282 1619 1306 lox
1631 1280 1700 1307 adeo.

280 1323 379 1352 partem
393 1316 546 1350 repositorii
559 1316 738 1348 abstulerunt,
760 1326 815 1352 quo
836 1316 908 1343 fatsto
928 1316 1048 1343 videmus
1063 1316 1132 1343 infra
1142 1336 1150 1348 ,
1178 1315 1277 1341 scilicet
1295 1315 1323 1340 in
1335 1324 1367 1348 30
1379 1286 1529 1351 {rae-’fhrtim
1543 1287 1718 1342 etPCcllarium.

1757 192 2023 234 FER

1532 286 1582 312 Seu
1604 283 1666 318 qnia
1686 281 1758 309 vidia
1779 282 1832 308 suis
1852 282 1970 309 humeris
1989 282 2040 310 huc
2060 293 2132 312 arma
2146 284 2282 321 ferebant,

1568 320 1637 346 Hinc
1658 320 1762 345 Feretrl
1782 317 1853 344 dieta
1868 319 1903 344 est
1923 327 1967 345 ara
1987 320 2096 353 superba
2115 322 2195 347 Iouis.

1380 355 1508 382 Facillime:
1521 355 1554 388 est
1573 356 1719 390 etymologia
1734 374 1743 386 ,
1769 362 1840 389 quam
1859 353 1944 380 damus
1956 352 2046 388 statim
2066 359 2093 381 in
2113 363 2208 383 FERE
2220 361 2336 383 TRVM
2354 365 2380 383 n.
2394 365 2416 384 2.
2440 364 2447 383 :¹

1380 391 1512 425 Dionysius
1526 393 1608 417 Halic.
1617 393 1722 426 Antiqu.
1731 399 1745 415 2
1756 397 1782 425 p.
1796 399 1845 415 102.
1853 396 1945 425 putat,
1966 390 2130 424 Feretrium,
2154 394 2272 427 φερέτριον
2284 401 2332 417 non
2348 391 2428 419 modo*
2441 401 2444 427 1

2336 196 2416 255 640
2444 180 2454 218 s

1379 468 1425 487 tem
1435 462 1535 497 spolia,·
1564 461 1611 497 sed
1622 464 1694 487 etiam
1715 459 1888 496 ὑπερφερέτην,
1910 463 1953 496 qui
1970 464 2073 488 emineat
2084 463 2162 498 super
2181 472 2276 495 omnes,
2294 469 2317 488 et
2329 471 2420 489 omnem
2446 486 2448 490 ,

1379 506 1461 523 rerum
1474 505 1588 524 naturam
1604 503 1626 522 et
1638 503 1726 522 motum
1739 497 1875 531 complexus
1886 496 1966 523 ferat:
2003 507 2050 533 qua
2069 500 2097 523 in
2116 507 2143 524 re
2160 502 2241 534 magis
2254 498 2288 524 ad
2299 500 2424 524 notionem
2442 518 2444 521 .

1381 534 1498 559 Graecam
1515 533 1584 559 verbi
1602 533 1680 567 φέρω,
1710 531 1773 558 vnde
1790 531 1944 570 bnspffiieetr,
1969 535 2026 558 item
2039 534 2136 568 φερίων,
2155 535 2262 569 φέριςος,
2281 534 2419 567 gosseni-os,-
2442 528 2447 562 l

1379 575 1425 594 etc.
1460 568 1571 604 quomod
1583 570 1699 594 Latinum
1712 568 1771 594 fero
1785 565 1912 600 attendiſje
1924 570 2030 594 animum
2042 568 2150 595 videtur.
2221 569 2335 596 Feretrii
2349 567 2421 596 Iouis⁴

1379 607 1469 630 mentio
1481 604 1547 639 apud
1561 603 1665 630 Festum
1678 603 1750 634 haec,
1774 602 1859 628 dictus
1873 612 1887 628 a
1901 603 2026 634 ferendo,
2047 604 2118 638 quod
2131 612 2219 639 pacem
2233 605 2304 631 ferre
2318 603 2427 639 videreq

1379 644 1432 665 tur.
1469 648 1500 665 ex
1515 640 1588 666 cuius
1602 638 1700 673 templo
1713 638 1847 664 sumebant
1862 639 2001 673 sceptrum,
2015 648 2061 673 per
2075 640 2145 674 quod
2165 641 2300 672 iurarent,
2320 644 2345 666 et
2354 639 2424 673 lapi.5

1381 673 1440 701 dem
1454 674 1568 707 filicem,
1589 683 1642 709 quo
1658 673 1752 700 foedus
1766 674 1886 700 ferirent.
1976 675 2076 700 Minuc.
2092 676 2165 702 Felix
2186 684 2234 708 21,
2258 684 2283 708 ις
2320 674 2422 708 Iupiter

1379 724 1425 732 —
1444 720 1525 745 quum
1539 711 1687 740 Feretrius,
1707 719 1803 744 pompa
1817 709 1914 736 aditur.
1968 710 2009 737 Sic
2022 710 2132 737 emendat
2149 713 2276 747 vulgatam
2295 709 2422 737 Ieflionem

1380 755 1434 772 non
1448 746 1570 780 auditur,
1590 748 1705 772 Perizon.
1720 747 1867 780 Anim.7p.
1878 753 1935 779 249.
1989 746 2056 772 Add.
2073 746 2133 772 Liu.
2148 755 2168 777 1,
2179 755 2215 779 33.
2238 756 2266 780 4,
2281 755 2311 772 20
2337 752 2360 772 et
2384 754 2425 772 uo-

1379 785 1428 808 ties
1441 782 1601 816 Opimorum
1614 781 1759 815 spoliorum
1771 787 1860 807 mentio
1869 780 1912 814 est.
1954 780 2012 807 Vid.
2027 789 2039 808 s
2049 787 2063 806 P
2073 788 2092 808 O
2101 789 2117 808 L
2126 789 2136 808 1
2147 788 2167 806 V
2180 788 2214 808 M.
2331 798 2336 799 ν
2364 754 2385 819 ᾗ
2406 789 2423 808 2

1380 817 1470 852 Lepide
1482 824 1505 843 et
1517 816 1622 853 apposite
1634 816 1776 846 admodum,
1802 819 1916 852 quisquis
1929 815 2005 851 fuit,
2022 818 2098 843 Poeta
2118 819 2244 844 Amorem
2256 816 2310 851 flue
2323 815 2425 852 cupidi.

1380 862 1434 879 nem
1446 854 1594 880 Feretrium
1601 852 1700 888 finxit,
1715 856 1784 878 cuius
1798 852 1858 878 duos
1872 853 2003 886 versiculos
2021 853 2106 879 laudat
2119 853 2301 880 Terentianus
2313 853 2425 886 Mauru(

1382 897 1407 923 p.
1421 898 1487 922 244²
1494 896 1539 924 pr.
1562 890 1659 923 Opima
1672 887 1782 922 apposui
1794 888 1870 913 senex
1883 888 1976 914 Amori
1989 897 2059 914 arma
2074 888 2196 915 feretrio,
2421 892 2427 922 ¹.

1418 931 1434 950 F
1444 925 1487 950 ER
1496 926 1515 951 6
1525 932 1546 951 Ν
1556 932 1564 950 1
1575 931 1595 950 Α
1608 944 1616 956 ,
1636 933 1674 950 ae.
1696 924 1714 949 f.
1772 923 1924 956 Nympham
1939 924 2098 958 Campaniae
2110 931 2183 950 vocat
2196 924 2301 950 Seruius
2313 923 2347 949 ad
2359 923 2427 950 Aeni
2440 927 2442 929 '

1382 964 1403 990 8,
1417 961 1467 993 564
1492 961 1534 986 vbi
1548 960 1637 986 Hcrili
1651 959 1729 993 Regis
1741 958 1895 991 Praenestini
1908 965 1992 985 mater
2004 959 2106 985 dicitur.
2176 962 2214 986 At
2231 959 2294 985 idem
2313 959 2347 985 ad
2363 952 2432 994 illud)

1384 996 1446 1021 Aen.
1457 1003 1483 1029 7,
1496 1001 1545 1025 800
1569 994 1637 1029 Qis
1651 995 1769 1029 Iuppiter
1788 995 1912 1020 Anxurus
1926 995 1997 1021 aruis
2011 995 2154 1027 Praesidet,
2173 1001 2198 1021 et
2215 994 2300 1022 viridi
2312 995 2394 1028 gaude

1384 1031 1497 1057 Feronia
1509 1032 1586 1062 luco;
1621 1031 1699 1057 Circa
1713 1030 1781 1056 hunc
1793 1030 1924 1062 tracium,
1943 1033 2043 1065 inquit,
2068 1031 2205 1057 colebatur
2225 1039 2290 1065 puer
2309 1002 2434 1064 Iupiteiil,

1384 1080 1430 1086 ·-—
1448 1072 1473 1092 et
1486 1068 1552 1093 Iuno
1563 1067 1641 1101 virgo
1650 1087 1658 1099 ,
1679 1075 1747 1101 quae
1761 1066 1873 1092 Feronia
1886 1065 2033 1092 dicebatur.
2102 1067 2195 1101 Aperit
2208 1066 2293 1092 deinde
2300 1064 2437 1101 Mythumffi'

1385 1101 1427 1127 Est
1439 1107 1525 1128 autem
1538 1103 1597 1129 fons
1611 1104 1639 1128 in
1654 1102 1797 1136 Campania
1810 1102 1880 1128 iuxta
1894 1101 2084 1133 Terracinam,
2101 1110 2169 1137 quae
2182 1101 2324 1136 aliquando
2337 1102 2433 1134 Anxuii,

1385 1137 1421 1162 est
1436 1136 1514 1164 dieta.
1586 1137 1709 1170 Substat,
1734 1138 1798 1163 Non
1819 1144 1909 1169 vacat,
1935 1137 2006 1172 quod
2020 1136 2138 1170 addidit,
2163 1138 2257 1164 viridi:
2292 1146 2354 1162 nam
2367 1133 2436 1175 cun?

1384 1173 1527 1207 aliquando
1540 1173 1620 1200 huius
1630 1173 1714 1200 fontis
1728 1173 1800 1199 lucus
1815 1173 1929 1199 fortuito
1942 1172 2036 1199 arfiffet
2056 1172 2197 1206 incendio,
2227 1179 2253 1199 et
2269 1172 2370 1199 vellent
2389 1172 2443 1206 inas,

1385 1209 1458 1235 colae
1471 1208 1566 1235 exinde
1579 1209 1723 1236 transferre
1735 1208 1889 1240 fimulacra,
1908 1208 1997 1235 subito
2005 1209 2131 1235 reuiruit.
2201 1207 2242 1242 Est
2255 1211 2338 1244 itaque
2352 1208 2443 1247 Fero-135

1386 1244 1431 1270 nia
1445 1244 1569 1278 Nympha
1578 1265 1586 1277 ,
1606 1243 1638 1277 est
1652 1244 1761 1271 Iunonis
1773 1246 1913 1279 epitheton,
1931 1242 1964 1277 cst
1981 1245 2058 1277 fons,
2078 1243 2110 1277 est
2124 1243 2194 1270 lacus
2203 1264 2211 1276 ,
2234 1251 2258 1270 ct
2277 1243 2372 1280 quidem
2385 1242 2428 1270 du·⁴

1754 1281 1858 1315 Reliqua
1870 1280 1937 1314 apud
1949 1280 2105 1316 Geogrophos
2113 1287 2272 1315 quaerantur,
2292 1280 2438 1314 Cluueriuip.

1775 1317 1830 1342 Nos
1841 1316 1979 1342 indicamus
1992 1319 2176 1351 antiquitatem.
2245 1314 2355 1342 Iunonis
2372 1315 2433 1350 ergo
2448 1341 2451 1346 ,

1385 1352 1509 1387 epitheton
1523 1349 1557 1384 est
1570 1353 1597 1377 in
1613 1352 1693 1387 Inscr.
1707 1357 1747 1386 ap.
1763 1351 1871 1378 Fabrett.
1880 1359 1909 1386 p.
1918 1361 1960 1385 411
1986 1358 1995 1377 1
2007 1357 2027 1376 V
2039 1359 2060 1377 N
2071 1357 2090 1377 o
2102 1359 2123 1377 N
2134 1359 2143 1377 1
2168 1356 2185 1376 F
2195 1357 2213 1377 E
2222 1357 2240 1377 R
2250 1357 2270 1377 0
2280 1358 2312 1378 N.
2331 1356 2356 1376 et
2368 1346 2435 1388 alia}
2448 1365 2467 1387 ¹¹)

1386 1396 1446 1423 quae
1465 1385 1498 1419 est
1518 1390 1591 1413 etiam
1612 1387 1708 1422 Reines.
1728 1397 1756 1416 1,
1773 1396 1801 1418 31
1842 1392 2178 1413 1VNON1REG.ET
2206 1384 2468 1418 FER0N1A”*S„

1387 1424 1444 1449 Huc
1449 1422 1522 1457 facit
1537 1425 1610 1448 etiam
1623 1423 1733 1454 Liu.22,
1748 1431 1767 1448 1.
1820 1420 1948 1457 Postquam
1960 1424 2024 1448 enim
2035 1425 2166 1453 narrauit,
2188 1421 2250 1457 quid
2265 1421 2363 1448 Iunoni
2381 1417 2407 1447 R*
2449 1444 2451 1458 1
2465 1421 2467 1431 ¹

1387 1459 1478 1493 ginae,
1499 1465 1523 1484 et
1536 1458 1652 1491 Sospitae
1662 1457 1817 1492 placandae,
1836 1457 1969 1483 decretum
1983 1458 2058 1489 esset,
2077 1457 2159 1490 addit,
2173 1458 2239 1492 quin
2253 1464 2278 1484 et
2290 1456 2381 1483 liberti
2446 1463 2451 1482 Ὶ1

1386 1500 1414 1520 ν1
1427 1494 1508 1527 ipsae,
1527 1493 1596 1519 vnde
1611 1492 1740 1519 Feroniae
1753 1492 1852 1518 donum
1860 1493 1977 1524 daretur,
1996 1493 2134 1526 pecuniam
2148 1502 2196 1526 pro
2204 1492 2372 1519 facultatibus
2404 1522 2411 1526 .
2428 1509 2435 1524 ,
2449 1495 2451 1521 ⁴,

1387 1529 1546 1556 conferrent.
1619 1529 1686 1554 Hinc
1701 1527 1776 1553 diues
1789 1527 1902 1553 Feronia
1924 1527 1969 1553 Sil.
1984 1536 2024 1560 13,
2038 1533 2085 1560 84,
2112 1528 2296 1563 obispoliatum
2308 1529 2338 1554 ab
2348 1529 2430 1555 Amne

1386 1565 1439 1591 bale
1451 1564 1519 1590 illius
1534 1564 1648 1598 templum
1661 1570 1794 1595 memorat,
1813 1572 1861 1598 quo
1873 1563 1900 1589 de
1914 1572 1940 1589 re
1961 1563 2111 1595 Liu.26,11.
2184 1563 2257 1598 Qud
2266 1563 2432 1589 autemliber-

1388 1601 1460 1626 tinae
1473 1599 1561 1625 donum
1575 1599 1653 1631 dant,
1673 1608 1698 1624 eo
1719 1598 1869 1633 referimus,
1894 1597 1958 1634 quod
1978 1598 2083 1624 Seruius
2097 1597 2131 1624 ad
2142 1599 2208 1625 Aen.
2227 1603 2256 1629 8,
2274 1600 2324 1632 564
2357 1599 2428 1624 Haec

1389 1636 1469 1663 etiam
1478 1655 1486 1667 ,
1506 1637 1599 1670 inquit,
1614 1634 1774 1661 libertorum
1789 1635 1844 1660 Dea
1853 1633 1903 1665 est,
1924 1634 1951 1659 in
1965 1634 2038 1660 cuius
2051 1634 2150 1667 templo
2162 1635 2220 1660 raso
2235 1634 2315 1668 capite
2328 1633 2430 1668 pileum

1388 1670 1560 1705 accipiebant.
1615 1684 1661 1690 —
1689 1671 1778 1702 Quam
1801 1670 1889 1696 Varro
1915 1669 2074 1696 libertorum
2099 1669 2173 1696 deam
2193 1670 2256 1696 dicit
2273 1669 2432 1699 Feroniam,

1388 1707 1458 1742 quali
1473 1706 1622 1733 Fidoniam.
1679 1707 1747 1732 Haec
1764 1706 1875 1733 Seruius.
1929 1706 2049 1741 Alioquin
2063 1706 2147 1731 Varro
2162 1705 2193 1732 de
2206 1706 2234 1732 L.
2247 1706 2278 1731 L.
2291 1713 2324 1737 4,
2336 1712 2365 1730 ιο
2390 1711 2434 1729 no·

1387 1752 1441 1769 men
1462 1741 1592 1768 Feroniae
1608 1751 1623 1767 a
1636 1740 1739 1767 Sabinis
1762 1748 1843 1767 ortum
1860 1740 1966 1767 indicat.
2021 1741 2065 1768 Aa
2081 1744 2222 1777 religionem
2237 1740 2310 1776 forte
2324 1740 2435 1773 pertinet

1387 1777 1450 1802 illud
1462 1778 1556 1802 Horat.
1569 1777 1593 1802 S.
1610 1785 1631 1807 1,
1645 1784 1667 1807 ς,
1682 1785 1715 1808 24
1744 1777 1799 1802 Ora
1812 1785 1957 1809 manusque
1971 1782 2013 1802 tua
2027 1776 2157 1810 lauimur,
2173 1776 2300 1807 Feronia,
2319 1772 2437 1808 lympha.

1387 1812 1517 1837 Feroniae
1531 1810 1605 1836 lucus
1618 1811 1711 1844 triplex
1723 1813 1750 1835 in
1765 1812 1842 1837 Italia
1854 1818 2003 1838 memoratur
2020 1821 2035 1837 a
2047 1812 2174 1838 Drakenb.
2188 1811 2222 1838 ad
2233 1811 2277 1837 Sil.
2292 1819 2332 1843 13,
2346 1814 2380 1843 84
2406 1805 2444 1871 211⁴

1388 1846 1509 1872 Cluuerio.

1426 1888 1468 1907 FF.
1478 1888 1496 1906 R
1506 1887 1571 1912 ox,
1589 1880 1654 1906 ocis.
1691 1879 1751 1906 Adi.
1794 1879 1909 1915 [ἅγριος,
1929 1878 2060 1915 ewaldus]
2116 1880 2183 1908 Idem
2191 1881 2251 1916 fere
2265 1881 2330 1917 quod
2341 1881 2436 1907 Ferunt

1388 1916 1489 1940 videtur
1500 1918 1562 1940 enim
1569 1915 1688 1949 ferarum
1706 1915 1774 1940 illam
1788 1919 1840 1941 vim
1860 1923 1884 1942 et
1901 1919 2016 1950 impetum
2026 1919 2137 1950 primum
2155 1915 2262 1949 notasti),-
2297 1916 2384 1942 deinde
2403 1914 2447 1942 adr

1388 1949 1498 1974 homines
1511 1950 1670 1977 translatum,
1684 1957 1749 1974 nunc
1761 1949 1796 1974 ad
1805 1949 1900 1974 laudem
1911 1950 2019 1984 generosi
2026 1957 2106 1976 motus
2112 1954 2238 1984 pertinere
2245 1961 2337 1982 ‚·.nunc
2351 1958 2436 1986 expro-

1389 1983 1525 2009 brationem
1539 1982 1608 2008 bruti
1620 1982 1746 2008 cuiusdam
1760 1986 1873 2016 impetus.
1945 1984 2018 2010 Non.
2032 1993 2050 2017 4
2060 2004 2068 2016 ,
2084 1993 2127 2017 192
2159 1985 2244 2011 Ferox
2259 1986 2295 2012 est
2306 1987 2396 2013 saeuus
2407 1991 2435 2014 et

1393 2017 1580 2048 indomabilis,
1606 2017 1761 2044 translatum
1774 2026 1789 2044 a
1801 2018 1915 2044 feritate.
2006 2020 2092 2046 Ferox
2110 2029 2208 2055 genus,
2233 2022 2332 2048 nullam
2350 2022 2433 2049 vitam

1389 2055 1441 2081 rati
1455 2054 1507 2080 fine
1521 2054 1601 2080 armis
1617 2054 1665 2079 ess'e
1686 2053 1745 2079 Liu.
1760 2062 1800 2086 34,
1820 2061 1856 2088 17.
1883 2054 1911 2079 de
1928 2054 2058 2091 Hispanis.
2147 2057 2251 2090 Volsci,
2269 2057 2388 2084 ferocior
2399 2057 2431 2084 ad

1390 2089 1573 2117 rebellenidum
1589 2098 1667 2123 quam
1681 2089 1713 2115 ad
1728 2089 1880 2115 bellandum
1893 2098 1954 2123 gens
1978 2090 2017 2117 Id.
2033 2099 2060 2126 7,
2074 2099 2114 2126 27.
2186 2093 2253 2119 Hor.
2267 2093 2381 2123 Cum-1,
2393 2092 2431 2125 35¹,
2452 2098 2455 2112 ¹

1393 2123 1425 2151 10
1448 2125 1546 2155 Vrbes,
1568 2131 1712 2158 gentesque
1724 2131 1748 2150 et
1763 2125 1869 2150 Latium
1883 2125 1970 2151 ferox.
2042 2126 2142 2153 Sallust.
2151 2128 2207 2163 Ing.
2215 2130 2259 2155 106
2282 2128 2328 2154 Ille
2341 2127 2432 2154 animo
2451 2125 2479 2163 li(

1391 2160 1477 2186 feroci
1491 2165 1568 2193 negat
1582 2161 1606 2185 se
1620 2160 1704 2186 fusam
1719 2159 1798 2186 toties
1813 2160 1973 2187 Numidiam
1992 2163 2182 2195 pertimescere.
2252 2164 2397 2195 Ferocior‚
2411 2163 2431 2190 ὶ.
2452 2177 2467 2190 m

1392 2194 1532 2228 Bellicostor
1555 2195 1625 2228 Nep.
1634 2203 1658 2225 2,
1673 2203 1695 2226 2,
1710 2203 1728 2220 1.
1778 2195 1851 2229 Conf.
1865 2196 1956 2222 Tacit.
1970 2197 2038 2223 Hist.
2053 2206 2078 2230 2,
2092 2207 2137 2232 24,
2150 2208 2172 2231 3.
2242 2200 2318 2233 Virg.
2331 2199 2394 2225 Aen.
2403 2206 2431 2232 4,

1392 2237 1432 2263 135
1456 2230 1509 2255 Stat
1522 2229 1625 2263 sonipes
1635 2248 1641 2256 ,
1663 2238 1692 2255 ac
1705 2229 1795 2256 fraena
1814 2231 1891 2256 ferox
1904 2232 2049 2264 spumantia
2063 2234 2174 2260 mandit.
2245 2235 2313 2261 Ter.
2329 2235 2428 2270 Eun-3,

1393 2274 1413 2297 1,
1428 2272 1455 2297 25
1492 2266 1563 2290 Eone
1576 2273 1602 2290 es
1625 2264 1718 2296 ferox,
1744 2264 1807 2299 quia
1830 2264 1910 2291 habes
1924 2266 2067 2299 imperium
2081 2268 2110 2293 in
2123 2267 2240 2294 belluas?
2309 2270 2427 2297 Ferocem

1344 2308 1348 2314 ¹
1392 2301 1497 2327 fortasse
1511 2308 1539 2326 ac
1554 2306 1719 2334 arrogantem
1739 2306 1764 2326 et
1777 2300 1900 2326 infestum
1917 2301 1980 2327 facit
1994 2302 2174 2337 indulgentia,
2193 2313 2247 2330 non
2266 2305 2428 2336 mendacem,
2470 2324 2471 2330 ,

1393 2341 1438 2363 aut
1452 2345 1577 2367 auarum,
1597 2341 1642 2361 aut
1655 2344 1710 2361 non
1725 2341 1855 2362 amantem
1871 2337 1978 2362 suorum
2017 2338 2073 2363 Cic.
2093 2339 2146 2363 Att.
2161 2346 2205 2369 10,
2227 2347 2261 2371 ¹3·
2337 2337 2430 2368 Reddit
2452 2338 2479 2363 1,’

1393 2372 1532 2398 bominem
1560 2371 1722 2398 ferociorem
1755 2371 2027 2406 impotentioremque
2061 2372 2177 2398 vietoria
2217 2374 2256 2399 Id.
2270 2376 2342 2401 Fam.
2355 2384 2391 2408 .4,
2404 2382 2431 2407 9.
2453 2380 2462 2402 ‚¹

1395 2407 1520 2434 Nimium
1549 2406 1691 2432 vehemens
1722 2406 1855 2441 feroxque
1886 2413 1979 2433 natura
2015 2406 2097 2433 homo
2138 2407 2175 2433 Id.
2191 2408 2219 2433 in
2229 2409 2317 2434 Vatin.
2452 2407 2457 2419 ¹

1394 2443 1486 2469 Animi
1501 2443 1576 2468 ferox
1603 2442 1694 2468 Tacit.
1709 2443 1775 2468 Ann.
1790 2450 1809 2472 1,
1822 2450 1857 2474 3²-
1944 2443 2042 2468 Mentis
2056 2443 2132 2468 ferox
2163 2442 2244 2470 Ouid.
2256 2445 2318 2470 Met.
2330 2417 2429 2479 {cdli}-
2453 2420 2456 2483 1

1394 2478 1528 2505 Scelerum
1542 2478 1618 2504 ferox
1646 2478 1737 2504 Tacit.
1752 2479 1820 2504 Ann.
1833 2487 1859 2511 4,
1875 2486 1908 2503 12.

1978 2478 2055 2505 Vnda
2067 2477 2186 2505 ferocior
2219 2477 2300 2505 Ouid.
2312 2479 2389 2513 Epist.
2400 2487 2413 2510 3
2422 2497 2431 2510 ,
2454 2487 2456 2492 ’

1515 2514 1617 2540 Globus
1630 2511 1849 2539 ferociffimorum
1865 2513 1990 2539 iuuenum
2021 2514 2080 2540 Liu.
2096 2522 2115 2546 1,
2129 2522 2161 2540 12.
2233 2515 2309 2540 Plura
2323 2513 2432 2546 Lambini.

1393 2550 1421 2575 de
1434 2550 1480 2576 hac
1494 2559 1551 2576 voce
1570 2549 1604 2575 ad
1623 2550 1689 2575 Hor.
1711 2549 1798 2575 Carin.
1821 2557 1845 2579 1,
1866 2556 1898 2581 15.
1969 2550 2058 2575 Portae
2074 2550 2224 2585 frequenter
2242 2549 2287 2576 hoc
2306 2548 2435 2584 Epitheton

1394 2585 1491 2611 Deabus
1505 2592 1527 2611 ct
1544 2586 1661 2611 Heroim's
1668 2591 1717 2619 pro
1737 2586 1893 2620 Virginitate
1903 2583 1970 2610 nihil
1987 2594 2034 2610 non
2047 2585 2145 2620 ausuris-
2157 2585 2286 2611 tribuunt:
2342 2584 2434 2613 Titin-

1394 2620 1453 2646 nius
1466 2620 1532 2654 apud
1544 2620 1616 2646 Non.
1631 2628 1657 2652 4,
1672 2628 1713 2652 193
1740 2620 1866 2646 Videram
1881 2627 1930 2653 ego
1943 2625 1969 2645 te
1982 2620 2113 2654 virginem
2126 2620 2271 2647 formosam
2278 2619 2438 2654 ess‘e‚sponso'

1395 2655 1443 2680 csse
1456 2654 1607 2688 superbam,
1626 2655 1713 2680 forma
1725 2655 1850 2680 ferocem.
1906 2656 1947 2681 Sic
1962 2655 2048 2689 Virgo
2065 2656 2142 2681 ferox
2155 2656 2273 2682 Minerua
2303 2657 2382 2682 Mart.
2423 2654 2425 2656 ’

1396 2697 1451 2724 179.
1501 2690 1559 2716 Vid.
1573 2690 1660 2716 Barth.
1676 2689 1709 2716 ad
1723 2690 1784 2716 Stat.
1797 2689 1890 2716 Theb.
1912 2698 1936 2723 p.
1948 2692 2004 2722 639.
2170 2688 2190 2728 ff
2211 2699 2228 2717 2
2263 2663 2448 2838 substanti}

1397 2726 1474 2752 Aetas
1492 2726 1568 2752 ferox
1611 2726 1678 2751 Hor.
1697 2726 1784 2752 Carm.
1800 2734 1832 2757 2,
1855 2733 1881 2757 ς,
1901 2734 1934 2757 13.
1965 2725 2068 2760 puellae,
2084 2725 2191 2752 nondum
2214 2736 2296 2753 amare
2322 2727 2415 2753 volenti

1396 2523 1444 2546 133.

1398 2761 1510 2787 Animus
1541 2762 1597 2787 Sen.
1611 2760 1681 2787 Med.
1695 2769 1731 2787 12.
1805 2760 1892 2787 Corda
1911 2761 2011 2787 ferocia
2028 2765 2129 2795 ponunt
2166 2762 2240 2796 Virg.
2255 2762 2317 2788 Aen.
2334 2770 2357 2792 1,
2377 2770 2408 2794 30

1399 2796 1536 2823 Discordia
1561 2797 1607 2822 Sil.
1621 2799 1659 2829 16,
1673 2805 1721 2822 101.
1791 2796 1888 2823 Gentes
1902 2797 2073 2823 ferociffimae
2093 2797 2156 2823 Plin.
2172 2806 2207 2829 33,
2222 2805 2252 2823 ιι.

1399 2832 1500 2858 feroces
1513 2832 1602 2858 animo
1615 2832 1684 2865 geris
1709 2832 1767 2857 Sen.
1783 2832 1873 2866 Agam.
1889 2833 1937 2864 s.3.

1399 2873 1439 2897 82.
1511 2867 1611 2893 Lucina
1627 2867 1741 2893 Martial.
1751 2867 1870 2900 Spe&.12
1889 2868 1947 2894 Cum
1955 2867 2053 2894 Exsiliit
2063 2874 2148 2902 partus
2162 2867 2272 2894 miserae
2279 2867 2311 2893 de
2324 2868 2436 2904 vulnerq

1399 2902 1501 2929 matris.
1572 2903 1666 2928 Manus
1689 2902 1900 2930 Scn.Herc.Oet.
1913 2905 1965 2936 134.
2055 2902 2148 2936 Populi
2173 2902 2247 2935 Virg.
2262 2906 2326 2929 Aen.
2343 2912 2362 2936 1,
2375 2905 2435 2938 267.
2453 2907 2455 2921 1

1399 2939 1521 2965 anmae
1547 2937 1585 2964 Id.
1600 2938 1697 2971 Georg.
1712 2947 1734 2969 3,
1750 2946 1805 2972 179.
1875 2939 2000 2973 Vagitum
2013 2939 2129 2965 ferocem
2149 2937 2237 2964 reddit
2256 2939 2330 2965 lituis
2347 2938 2437 2974 infant¹

1402 2975 1527 3000 Honorius
1555 2973 1646 3000 Claud.
1662 2974 1739 3000 Cons.
1754 2975 1824 3001 Hon.
1838 2983 1869 3007 4,
1884 2983 1930 3006 15¹·
2104 2970 2124 3009 ff
2145 2981 2157 3004 3
2191 2973 2320 3000 Ablatiui:
2335 2992 2337 2999 .
2354 2975 2435 3000 Plaut.

1400 3009 1459 3035 Mil.
1474 3018 1507 3041 4,
1527 3013 1554 3039 8,
1574 3018 1597 3040 13
1635 3010 1665 3035 Et
1678 3010 1738 3043 quia
1752 3015 1837 3036 tecum
1854 3018 1940 3041 eram,
1965 3013 2103 3043 propterea
2123 3008 2212 3035 animo
2226 3018 2296 3036 eram
2308 3009 2435 3036 ferocior.
2457 3018 2462 3031 ⁴

1400 3045 1474 3071 Bello
1489 3050 1543 3070 erat
1558 3044 1604 3069 ille
1617 3044 1695 3071 ferox
1721 3045 1801 3071 Ouid.
1816 3045 1881 3071 Met.
1896 3053 1929 3076 11,
1938 3052 1996 3076 294.
2066 3044 2153 3070 Corde
2166 3045 2242 3070 ferox
2261 3045 2319 3072 Sen.
2329 3044 2434 3080 Med.7.
2454 3054 2463 3077 ’ς

1400 3081 1481 3106 Plaut.
1497 3079 1576 3105 Milit.
1589 3088 1617 3111 4,
1630 3088 1654 3111 9,
1669 3089 1692 3111 13
1715 3080 1839 3114 Namque
1851 3080 1879 3106 in
1892 3079 2002 3106 statione
2016 3077 2064 3104 stat
2073 3080 2146 3106 senex
2156 3099 2162 3109 ‚
2181 3085 2209 3106 vt
2222 3080 2436 3108 adoriaturmw

1400 3116 1477 3142 chum
1486 3135 1492 3146 ‚
1515 3116 1560 3149 qui
1577 3115 1671 3141 Forma
1684 3116 1720 3141 est
1732 3116 1818 3142 ferox.
1907 3115 2000 3140 Accius
2014 3115 2080 3148 apud
2092 3115 2163 3141 Non.
2176 3124 2208 3147 4,
2225 3125 2267 3148 192
2298 3117 2394 3150 Neque
2405 3115 2435 3147 vi

1401 3158 1471 3178 tanta
1489 3151 1628 3185 quisquam
1648 3150 1700 3182 cst,
1724 3159 1810 3185 neque
1830 3156 1882 3177 tam
1903 3149 2035 3176 abundans
2054 3150 2167 3177 fortunis
2185 3151 2270 3178 ferox.
2347 3153 2435 3178 Ferox-

1400 3187 1544 3221 ardensque
1557 3186 1648 3212 Oculis
1680 3186 1752 3220 Virg.
1766 3187 1830 3213 Aen.
1845 3194 1868 3219 ς,
1882 3192 1939 3219 277.
1994 3185 2062 3212 Add.
2080 3186 2147 3213 Ibid.
2161 3195 2200 3219 10,
2216 3194 2285 3221 711..
2340 3185 2434 3214 Praesi-

1401 3223 1447 3249 dio
1465 3222 1576 3248 Veneris
1590 3222 1666 3247 ferox
1690 3222 1756 3248 Hor.
1771 3221 1821 3248 Od.
1837 3230 1863 3255 1,
1878 3228 1912 3253 15,
1927 3228 1958 3251 13.
2030 3221 2138 3249 Robore
2157 3223 2275 3256 corporis
2288 3222 2381 3249 stolide
2396 3221 2434 3249 fe·
2454 3228 2455 3231 ’

1400 3267 1448 3285 rox
1473 3258 1562 3284 Tacit.
1576 3257 1642 3283 Ann.
1657 3266 1674 3287 1,
1687 3266 1707 3288 3.
1743 3257 1771 3283 de
1783 3259 1890 3293 Agripp-
1904 3254 1984 3288 PQllh.
2057 3258 2177 3284 Vi&oria
2190 3264 2216 3284 et
2234 3257 2337 3284 viribus
2357 3259 2441 3285 ferox.
2454 3255 2455 3276 3

2321 2798 2424 2831 Impetu'
2440 2819 2441 2822 ,

2007 2834 2127 2859 Lacertus
2140 2833 2214 2859 ferox
2231 2831 2312 2858 Ouid.
2321 2833 2436 2870 Epistupg

1399 3294 1459 3321 Liu.
1476 3302 1502 3324 1,
1537 3313 1543 3320 .
1660 3293 1767 3319 Virtute
1782 3292 1865 3318 feroci
1879 3299 2021 3324 exuperans
2031 3312 2039 3325 ,
2065 3296 2083 3320 i.
2102 3294 2256 3319 Fortitudine
2282 3295 2354 3328 Virg.
2368 3295 2432 3321 Aen.v
2454 3288 2455 3311 l

1401 3339 1439 3362 12,
1454 3338 1490 3362 19.
1645 3325 1665 3364 q
1687 3337 1705 3360 4
1720 3324 1724 3331 ¹
1742 3329 1826 3354 Ferox
1840 3336 1966 3362 cognomen
1986 3329 2054 3354 Rom.
2070 3338 2085 3355 a
2097 3329 2210 3356 Moribus
2226 3328 2343 3356 traHum.
2395 3330 2434 3356 De
2453 3329 2456 3354 1

1400 3364 1526 3400 Magurio
1538 3364 1647 3393 Feroce.
1674 3363 1726 3389 vid.
1746 3363 1863 3396 inscript.
1878 3363 1991 3389 l'atauin.
2010 3373 2025 3389 a
2039 3364 2135 3400 Reines.
2146 3363 2263 3397 illustrat.
2333 3355 2456 3400 1011011111

1402 3402 1528 3428 Ferocem
1542 3408 1594 3426 cum
1608 3398 1677 3424 laude
1689 3405 1805 3425 memorat
1832 3397 1897 3423 Plin.
1912 3398 1987 3433 Epist.
2000 3408 2016 3426 2
2025 3419 2034 3432 ‚
2048 3408 2079 3426 11.
2173 3402 2267 3426 Nomen
2287 3403 2344 3426 item
2358 3401 2433 3430 Canis¹
2453 3401 2456 3418 ⁹

1400 3436 1466 3472 apud
1477 3433 1606 3462 Columel.
1620 3439 1643 3465 8,
1659 3443 1693 3460 12.
2436 3425 2456 3478 sl

1438 3478 1504 3497 FER
1518 3477 1537 3497 o
1550 3476 1566 3496 c
1579 3467 1597 3494 xi
1607 3477 1622 3495 L
1632 3477 1650 3494 v
1661 3477 1689 3501 s,
1709 3478 1737 3499 a,
1757 3477 1810 3494 um.
1847 3468 1946 3495 Dimin.
1982 3469 2132 3505 [ὑπάγρως]
2167 3470 2238 3497 Hirt.
2253 3470 2286 3496 de
2298 3471 2326 3497 B.
2340 3471 2396 3497 Afr.
2405 3469 2434 3498 16
2454 3481 2455 3491 1

1401 3506 1473 3540 Quid
1488 3512 1516 3532 tu
1528 3504 1630 3539 inquit,
1647 3505 1721 3531 miles
1739 3503 1791 3529 tiro
1800 3523 1806 3534 ‚
1825 3509 1877 3529 tam
1890 3504 2024 3531 feroculus
2037 3507 2083 3532 es?
2421 3538 2427 3541 Ι

1438 3548 1503 3569 FER
1513 3547 1531 3567 o
1541 3546 1558 3566 c
1572 3546 1628 3571 ιΑ,
1647 3548 1685 3565 ac.
1704 3539 1722 3565 f.
1758 3538 1905 3574 [α’γριότης]
1944 3543 2043 3567 Natura
2058 3541 2171 3568 Ferocis.
2224 3541 2280 3567 Cic.
2295 3540 2326 3567 de
2339 3541 2402 3575 Rep.
2415 3540 2443 3576 6.Ἰ
2458 3571 2461 3576 y

1400 3584 1440 3612 ap.
1457 3577 1528 3603 Non.
1543 3580 1572 3606 8,
1590 3583 1614 3606 ις
1645 3575 1699 3606 Qui
1714 3575 1840 3608 comperit
1853 3576 1908 3601 cius
1920 3577 1976 3602 vim
1990 3583 2015 3602 et
2028 3577 2191 3604 effraenatam
2206 3576 2279 3603 illam
2297 3577 2432 3602 ferociam-

1402 3613 1440 3639 Id.
1454 3621 1502 3647 pro
1516 3612 1545 3637 L.
1554 3611 1614 3644 Agr.
1623 3618 1648 3641 2,
1661 3618 1695 3642 90
1724 3611 1813 3644 Itaque
1827 3611 1896 3637 illam
1910 3612 2068 3646 Campanam
2083 3612 2258 3643 arrogantiam
2273 3618 2349 3646 atque
2363 3612 2431 3637 into·
2455 3638 2456 3650 ἵ

1401 3648 1534 3675 lerandam
1547 3646 1672 3672 ferociam
1685 3645 1788 3671 ratione
1808 3652 1831 3672 et
1851 3647 1961 3673 confilio
1980 3648 2094 3675 maiores
2112 3647 2191 3673 nostri
2205 3647 2235 3673 ad
2251 3646 2430 3674 inertiss'imum
2445 3655 2456 3661 ¹*

1402 3690 1427 3710 et
1442 3680 1658 3709 defidiofiffimum
1671 3681 1755 3707 otium
1772 3681 1956 3715 perduxerunt.
2046 3685 2173 3718 Impetum
2193 3683 2345 3717 gladiatoris
2363 3681 2431 3709 fero-¹

1401 3720 1521 3752 clamque
1535 3716 1708 3749 comprimere
1734 3716 1772 3743 Id.
1785 3717 1816 3743 de
1830 3719 1922 3752 Arusp.
1936 3718 2010 3752 Resp.
2021 3727 2038 3745 1.
2107 3717 2196 3744 Tacit.
2211 3720 2276 3745 Ann.
2292 3728 2312 3748 ρ,
2325 3726 2358 3752 72
2383 3718 2437 3744 Peit⁴
2459 3727 2462 3733 ’

1400 3761 1549 3780 comumnes
1562 3752 1661 3776 liberos
1675 3752 1761 3778 orauit
1780 3756 1947 3790 Agrippinam
1968 3755 2138 3781 Germanicus.
2168 3761 2275 3780 exueret
2294 3753 2434 3780 ferociam-
2461 3759 2465 3766 ⁴

1941 3790 2007 3816 Cato
2019 3788 2084 3824 apud
2096 3788 2165 3814 Gell.
2181 3797 2206 3823 7,
2219 3798 2230 3821 3
2259 3789 2394 3815 Ferociam
2405 3791 2429 3814 el

1398 3823 1552 3857 Superbiam
1564 3824 1705 3858 coniungit,
1715 3823 1782 3856 sicut
1797 3824 1929 3851 Virtutem
1942 3832 1965 3850 et
1977 3823 2112 3851 Ferociam
2142 3824 2234 3851 Tacit.
2247 3825 2333 3859 Agric.
2348 3832 2387 3856 31,
2404 3823 2428 3849 6.

1398 3861 1429 3885 Et
1442 3858 1501 3884 Liu.
1514 3866 1541 3889 9,
1554 3858 1571 3882 6
1586 3864 1647 3883 extr.

1435 3900 1451 3919 r
1461 3900 1477 3919 E
1487 3900 1533 3919 Ro
1543 3900 1559 3918 α
1569 3890 1638 3918 1111
1649 3899 1676 3923 S.
1694 3895 1750 3920 fitis.
1767 3894 1786 3920 f.
1822 3894 1970 3929 [ἐγριότης]
2006 3893 2082 3921 Idem.
2139 3895 2194 3921 Cic.
2208 3894 2259 3921 Off.
2277 3903 2303 3926 1,
2317 3903 2351 3927 90
2365 3903 2385 3919 c.
2398 3892 2429 3926 26,

1397 3929 1432 3954 Vt
1445 3936 1526 3962 equos
1541 3935 1647 3961 propter
1660 3928 1763 3955 crebras
1777 3931 1957 3956 contentiones
1975 3930 2135 3964 praeliorum
2154 3931 2291 3957 ferocitate
2305 3929 2429 3956 exsultan-

1396 3969 1433 3990 tes
1446 3963 1623 3990 domitoribus
1635 3964 1737 3991 tradere
1750 3965 1863 3997 soleant,
1882 3972 1927 3992 etc.
1997 3965 2052 3992 cic.
2065 3966 2093 3992 in
2107 3967 2196 3993 Vatin.
2211 3974 2227 3992 2
2258 3965 2428 3992 Ferocitatcm

2355 4004 2426 4024 tuam
