2479 4225
314 154 399 208 8,,
686 154 726 193 G
814 152 850 193 L
928 149 964 187 o
1401 189 1406 191 ,
1776 148 1816 189 G
1895 148 1933 189 L
2016 149 2056 191 v
2357 145 2430 201 aza

313 245 344 271 In
358 241 466 277 priuatis
483 240 612 276 gloriosa,
629 242 716 269 multo
732 239 812 273 magis
830 238 858 264 in
872 235 978 269 regibus
988 236 1264 264 commemorabuntur
1284 237 1340 264 Cic.
1436 246 1457 266 G
1467 246 1483 266 L
1496 245 1515 266 o
1526 247 1558 267 ss
1569 246 1588 266 o
1599 244 1614 264 9
1625 245 1642 265 Ε
1651 242 1699 265 TR
1711 244 1731 264 Α
1740 257 1749 270 ,
1765 246 1803 264 ae.
1823 237 1843 262 f.
1877 237 1982 264 Gemma.
2017 237 2108 265 Isidor.
2123 239 2160 271 16,
2173 245 2212 270 14.
2247 235 2329 264 Solin.
2342 243 2408 269 e.5o.

314 287 362 312 pro
376 278 462 303 Deiot.
475 287 516 308 40.
607 277 680 304 Idem
693 275 768 303 Acad.
783 284 809 307 4,
825 282 871 306 140
901 271 959 298 Nisi
978 272 1048 300 forte
1068 273 1139 308 qnod
1152 272 1295 306 gloriosum
1308 272 1339 298 sit
1435 282 1455 301 G
1466 282 1587 302 LOTTI
1599 282 1611 300 3
1621 294 1628 305 ,
1660 273 1718 299 i'dis.
1762 273 1782 300 f.
1819 273 1960 306 [γλωττὶς]
1995 273 2084 299 Latine
2105 275 2153 300 Lin
2173 282 2203 299 ua
2223 272 2326 299 dicitur.
2361 273 2427 300 Hinc

312 314 341 339 in
365 312 473 346 vulguS,
490 313 518 339 id
538 313 673 340 honestum
695 310 805 336 velimus
827 308 922 333 dicer&
1025 309 1079 335 Cic·
1094 309 1164 334 Fam·
1178 316 1204 341 9,
1217 316 1246 339 14
1268 307 1337 333 Mihi
1397 310 1464 337 Plin.
1480 319 1518 343 10,
1531 319 1560 343 23
1580 319 1647 336 auem
1670 309 1752 344 (quae
1770 316 1813 334 rex
1841 311 1991 335 coturnicum
2015 283 2172 344 appellatur-5
2188 307 2301 342 glottida
2318 309 2428 335 uocauit:

311 356 376 374 vero
389 348 548 382 gloriosum,
572 355 597 375 te
614 350 737 374 iuuenem
756 342 897 368 Consulem
919 343 1014 369 florere
1037 343 1172 375 laudibus,
1190 342 1260 377 quasi
1283 342 1337 368 alu-
1402 345 1515 379 Glottis,
1535 348 1633 382 inquit,
1651 344 1819 379 praelongam
1831 344 1915 370 exerit
1927 343 2056 378 linguam,
2076 343 2144 370 vnde
2156 344 2183 370 ei
2194 351 2299 370 nomen.

310 392 402 409 ninum
415 382 567 418 disciplinae
579 390 658 409 meae.
749 377 871 411 Populari
885 378 954 405 fama
966 379 1119 413 gloriosum,
1135 384 1164 404 vt
1176 377 1336 404 consuetudo
1361 382 1378 410 ς

310 418 448 452 loquitur,
467 419 494 446 id
507 419 589 445 solum
602 415 697 442 dicitur
711 413 848 439 honestum
868 414 922 440 Cic.
938 413 970 440 de
983 414 1041 441 Fin.
1055 423 1086 446 ι,
1120 433 1126 439 .
1165 433 1171 439 .
1264 412 1339 439 Idem
1766 417 1795 448 G
1914 417 1938 448 L
2054 416 2083 446 V
2437 425 2445 445 1

309 453 421 488 Philipp.
435 463 453 486 1,
466 463 497 487 34
518 455 612 479 Carntn
627 450 673 475 esse
688 448 805 480 ciuibus,
821 449 887 475 bene
900 449 931 475 de
945 450 1008 484 Rep.
1022 448 1135 480 mereri,
1154 448 1263 480 laudari,
1275 448 1340 480 coli,
2421 459 2449 494 ³

310 489 403 523 diligi,
427 490 567 523 gloriosum
582 485 636 511 est:
671 484 755 510 metui
767 492 831 511 vero
843 490 869 511 et
888 485 916 511 in
934 485 998 512 odio
1014 486 1077 517 esse,
1097 483 1277 514 inuidiosum,
1296 482 1339 509 de·
1436 491 1580 520 GLVBO,
1601 486 1625 517 i,
1641 486 1724 518 itum,
1747 486 1800 513 ste.
1835 483 1975 522 [ἐποδὲρω]
2010 485 2129 513 Corticem
2149 484 2282 512 detrahere.
2318 483 2385 511 Cato
2399 483 2446 512 des

309 524 443 556 testabile,
464 521 622 549 imbecillum
631 539 640 551 ,
657 518 790 546 caducum.
985 517 1006 558 ff
1026 529 1042 547 2
1077 519 1213 545 Gloriosus
1224 522 1298 545 etiam
1310 522 1339 545 in
1401 521 1433 546 R.
1445 522 1475 548 R.
1488 531 1510 548 c.
1523 531 1560 555 33,
1574 530 1588 556 5
1615 522 1739 548 §aliatum
1748 542 1756 554 ,
1776 522 1823 547 suo
1835 528 1953 555 tempore
1965 522 2083 553 caedito,
2101 520 2219 555 glubito‚
2233 520 2357 553 areteque
2377 518 2443 552 alli-”l-

309 561 397 586 masam
405 566 504 594 partem*
514 556 658 590 urfierpatur
670 561 716 589 pro
731 554 834 590 Superbo
847 565 855 580 .·
889 561 919 581 vt
927 559 1031 591 proprie
1037 555 1074 589 fit
1089 558 1174 580 inanis
1188 555 1283 590 gloriae
1300 564 1341 580 cu-
1360 568 1390 587 10
1402 565 1478 590 gato,
1497 557 1595 584 librum
1609 558 1771 584 conseruato.
1878 557 1973 583 Catuli.
1985 562 2014 590 58
2040 557 2117 583 Nunc
2130 556 2158 582 in
2170 555 2332 591 quadrimis,
2352 559 2378 581 et
2387 559 2445 592 att-'22

305 595 382 631 paim
396 602 419 620 ct
432 591 560 624 ostentator
572 600 580 615 .·
613 590 695 616 Plaut-
717 590 801 616 Truc.
816 599 836 622 1,
848 598 874 622 2,
889 598 916 623 55
946 592 999 617 Vos
1024 599 1136 625 nequam
1157 595 1183 616 et
1202 589 1341 623 gloriosae,
1400 591 1514 625 giportis
1549 593 1641 619 Glubit
1655 592 1835 626 magnanimos
1847 592 1924 618 Remi
1937 598 2060 626 nepotes,
2080 590 2184 626 obscem.
2290 589 2374 617 Glubi
2390 598 2447 626 pe·—

310 630 457 661 malaequc,
472 633 517 651 etc.
619 626 655 651 Vt
668 624 767 651 fastidit
781 626 912 659 gloriosus
931 626 1013 652 Plaut.
1027 627 1103 653 Curc.
1118 634 1139 658 5,
1151 633 1176 659 2,
1188 633 1228 658 34.
1291 626 1340 651 Fu·
1400 635 1444 653 cus
1457 627 1568 660 dicitur,
1584 636 1613 654 vt
1626 628 1713 654 Festus
1726 631 1778 660 ait,
1795 637 1852 654 voce
1865 628 1959 654 Gluma
1968 647 1976 659 ,
1993 628 2076 654 Cuius
2088 627 2162 662 pellis
2176 625 2299 653 trahitur.
2368 625 2454 657 Glu-«j'

311 666 354 691 ifle
368 661 480 689 creditur
494 669 548 687 non
561 661 648 687 minus
663 661 769 695 gloriosi
784 669 862 694 quam
877 661 965 687 ciuilis
977 662 1065 688 Animi
1091 662 1159 687 Suet.
1174 660 1265 687 Claud.
1284 669 1305 686 c.
1320 669 1341 687 1.
1400 661 1463 689 bere
1488 671 1590 695 ramos,
1615 663 1793 697 Distringere,
1820 662 1896 689 valde
1925 663 2068 696 stringere,
2087 665 2170 697 inquit
2194 661 2300 688 Nonius
2320 669 2336 687 2
2347 679 2356 693 ,
2379 664 2450 696 388.J,

310 700 375 727 Plin.
389 696 467 730 Epist.
481 704 502 729 3,
516 705 531 729 9
550 696 657 723 Miserat
670 696 749 722 etiarn
762 696 882 729 epistolas
896 696 1007 723 Romam
1019 697 1050 723 ad
1063 696 1192 723 aniculam
1213 695 1341 730 quandam
1400 698 1487 724 Varro
1501 699 1533 725 de
1549 699 1580 725 R.
1593 700 1623 725 R.
1640 708 1658 729 1,
1672 706 1710 730 55,
1723 707 1736 724 2
1761 698 1878 725 Durities
1897 698 1968 724 enim
1988 706 2082 724 eorum
2099 697 2251 731 digitalium
2272 705 2326 722 non
2347 695 2446 743 solunt}

310 733 431 761 iactantes
445 738 470 757 et
482 732 617 765 gloriosas.
710 731 848 757 Gloriosus
872 731 966 764 miles,
985 732 1052 768 apud
1065 733 1132 758 Ter.
1147 732 1210 758 Eun.
1223 731 1293 758 Prol.
1306 740 1339 763 31.
1360 742 1386 769 ις
1400 733 1502 768 stringit
1516 734 1638 768 baccam,
1658 733 1702 760 sed
1715 733 1795 760 etiam
1806 742 1894 761 ramos
1917 733 2019 768 glubit,
2035 741 2065 760 ac
2083 732 2210 767 relinquit
2228 731 2261 758 ad
2279 730 2445 766 gelicidium..

310 775 332 795 ct
345 768 400 793 Cic.
414 766 465 793 Off.
482 776 502 799 1,
518 774 559 801 137
573 776 594 793 c.
608 772 643 798 38.
735 766 816 793 Plaut.
828 766 889 793 Mil.
905 775 926 798 2,
941 775 960 799 1,
974 773 996 796 8.
1077 767 1155 795 Nihil
1169 776 1283 801 vnquam
1296 776 1341 793 ne·
1397 769 1519 796 reteCms.
2438 786 2445 798 t

308 811 358 838 que
373 802 485 828 insolens
499 811 582 836 neque
596 801 741 836 gloriosum
751 810 783 827 ex
795 810 842 828 ore
855 802 912 827 eius
924 802 990 829 exiit
1007 802 1076 838 Nep.
1090 812 1129 834 20,
1142 812 1169 836 4,
1181 811 1206 828 2.
1434 810 1455 830 G
1464 812 1480 832 L
1490 811 1511 829 v
1521 811 1537 832 Β
1544 811 1561 831 Β
1570 811 1603 835 O,
1621 807 1665 831 ere
1688 803 1728 829 bis·
1739 804 1806 839 apud
1816 805 1943 831 Catonem
1956 803 1988 830 de
2002 804 2033 830 R.
2047 804 2077 830 R.
2091 803 2182 839 legitur
2191 822 2201 835 ,
2222 803 2296 835 Quae
2311 801 2449 828 materiem·

342 844 363 863 G
373 844 387 862 L
397 844 416 863 O
425 844 443 863 R
453 845 463 864 1
473 839 492 864 6
501 846 513 864 s
522 844 548 864 E.
569 838 635 863 Adu.
672 836 809 870 [εὐκλεῶς]
844 837 902 863 Cum
914 838 996 873 gloria
1009 844 1033 864 et
1044 838 1114 866 laude
1122 858 1129 870 ‚
1148 839 1188 864 vel
1199 847 1251 863 cum
1262 835 1341 863 ιάἐῖα-
1399 840 1486 866 semen
1498 849 1552 866 non
1566 839 1644 866 habet
1651 859 1660 872 ,
1676 848 1735 864 cum
1748 838 1868 872 glubebit
1881 840 1936 873 (nl.
1946 839 2052 873 giubet)
2071 844 2128 865 tum
2140 838 2294 872 tempestiua
2306 836 2354 863 est:
2374 845 2443 874 quae¹

306 875 373 899 tione
386 876 464 899 inani.
511 874 574 898 Aur.
584 872 654 898 Vi&
668 872 699 898 de
713 872 785 898 Viris
797 871 877 898 Illust.
897 881 918 898 c.
931 880 968 907 47
995 873 1052 907 Ipse
1074 873 1227 908 quadragies
1249 876 1342 907 quater
1399 882 1543 910 repetuntur
1551 885 1589 907 31,
1601 885 1622 901 2.
1663 873 1918 911 Vidctzcrfigrzficare
1931 878 2044 901 corticem
2058 874 2197 906 dimittere,
2216 880 2245 900 vt
2251 872 2288 906 fit
2307 878 2442 908 cognatum

307 908 437 934 accusatus
449 908 561 942 gloriose
573 908 713 934 absolutus.
808 908 863 933 Cic.
879 908 950 934 Fam.
963 917 986 940 2,
1001 916 1023 934 11
1042 909 1108 935 Satis
1120 909 1234 943 gloriose
1248 908 1342 934 trium·
1356 919 1391 938 20
1400 911 1472 937 verbo
1504 911 1609 942 Glubo,
1641 910 1689 946 fid
1723 912 1895 943 iutrarzlniuae
1924 909 2120 947 fignificationis
2136 919 2144 935 .-
2173 908 2212 944 fic
2243 914 2349 944 cognata
2373 906 2438 943 fient

327 943 424 970 harem.
530 941 654 970 Gloriose
667 943 802 970 Ostentare
816 944 960 970 amicitiam
974 943 1085 971 alicuius
1110 944 1208 970 Sallust.
1222 944 1251 969 in
1264 943 1342 978 Epist.
1400 945 1485 973 iacere
1498 952 1521 972 ee
1538 945 1633 972 iacere.
2431 966 2439 974 γ,

306 953 430 1005 {subrini
445 978 511 1004 Hist.
524 979 541 1005 l.
555 988 582 1011 4.
684 980 715 1005 In
726 980 813 1005 malam
823 985 928 1014 partem.
963 979 1018 1005 Cic.
1032 979 1113 1007 Tusc.
1127 989 1149 1012 3,
1163 988 1187 1012 51
1208 980 1343 1012 Qioniam
1438 987 1509 1007 GLv
1519 988 1535 1009 c
1545 988 1641 1008 1DAT
1651 987 1711 1013 vs,
1743 988 1774 1011 a,
1796 989 1851 1007 nm.
1880 979 1938 1007 Adi.
1987 980 2092 1013 Festus,
2108 979 2293 1010 Glucidatum,
2312 978 2390 1004 suane
2410 977 2442 1013 ey)

308 1015 371 1041 haec
384 1014 531 1048 plausibilia
542 1024 597 1041 non
610 1015 678 1046 sunt,
697 1019 725 1040 vt
738 1014 765 1040 in
780 1013 834 1040 sinu
846 1014 983 1048 gaudeant,
1002 1014 1115 1049 gloriose
1131 1015 1207 1049 loqui
1219 1014 1343 1041 desinant.
1402 1016 1553 1043 iucundum.
1591 1017 1686 1043 Graeci
1697 1017 1768 1042 enim
1787 1014 1879 1049 γλυκῦν
1891 1015 1993 1042 dulcem
2011 1016 2108 1043 dicunt.
2433 1014 2449 1027 '¹

309 1050 391 1076 Plaut.
406 1050 471 1076 Pers.
485 1058 507 1081 2,
523 1057 544 1082 5,
559 1053 575 1076 6
595 1049 718 1076 Subnixis
730 1049 776 1075 alis
790 1058 831 1075 me
845 1049 972 1082 inferam,
986 1056 1064 1084 atque
1076 1051 1207 1077 amicibor
1220 1050 1343 1084 gloriose.
1439 1058 1459 1078 G
1468 1059 1484 1078 L
1494 1058 1516 1077 v
1525 1058 1561 1078 D1
1572 1060 1601 1085 s,
1617 1052 1649 1078 is.
1669 1052 1688 1078 f.
1727 1051 1826 1084 Herba,
1842 1052 1874 1077 al.
1884 1053 1999 1078 Paeonia.
2034 1051 2110 1086 Apul.
2124 1050 2156 1076 de
2168 1049 2250 1076 Herb.
2264 1057 2285 1075 c.
2299 1050 2344 1083 64.
2431 1073 2438 1083 7

310 1085 434 1112 Exordiri
448 1094 500 1111 non
514 1086 627 1119 gloriose
646 1086 701 1111 Cic.
715 1084 746 1111 de
759 1085 833 1111 Orat.
846 1093 914 1117 2⁷3¹·
1007 1085 1129 1112 Gloriose
1142 1085 1250 1112 mentiri
1269 1085 1342 1112 Idem
1356 1092 1389 1119 25
1419 1115 1421 1119 .
1437 1092 1590 1118 GLVMA,
1610 1096 1648 1114 ae.
1676 1087 1696 1113 f.
1735 1087 1874 1122 [ἔλυτρον]
1911 1086 2014 1113 Hordei
2037 1087 2153 1113 tunicula
2172 1085 2220 1116 est,
2237 1088 2318 1120 inquit
2340 1082 2437 1117 Festuex

308 1130 358 1155 pro
373 1121 464 1146 Milon.
482 1129 520 1154 73.
614 1121 761 1146 Gloriosuis
773 1120 804 1146 de
823 1121 848 1146 se
863 1120 1011 1154 praedicare
1037 1121 1093 1147 Cic.
1109 1130 1156 1155 pro
1171 1122 1258 1148 Domo
1271 1130 1292 1147 c.
1306 1128 1342 1153 35.
1403 1121 1504 1148 dietum
1517 1123 1586 1157 quod
1601 1122 1724 1157 glubatur
1736 1122 1764 1148 id
1776 1131 1902 1156 granum,
1919 1122 1988 1149 vnde
2001 1128 2027 1148 et
2046 1131 2121 1157 pecus
2140 1121 2215 1155 glubi
2233 1120 2346 1152 dicitur,
2362 1120 2441 1148 cuius.

307 1158 397 1182 Vitam
417 1155 594 1189 gloriosiffime
612 1155 705 1189 degere
733 1155 801 1181 Vell.
815 1164 840 1188 2,
853 1164 875 1187 3,
889 1164 914 1182 2.
1007 1157 1141 1183 Praeclare
1155 1156 1343 1192 gloriofiffime-
1403 1157 1479 1192 pellis
1499 1157 1653 1191 detrahitur.
1723 1159 1809 1184 Varro
1821 1157 1854 1183 de
1866 1159 1897 1184 R.
1910 1158 1940 1184 R.
1955 1166 1973 1188 1,
1985 1162 2018 1190 48
2048 1158 2076 1184 de
2092 1158 2223 1193 frumento
2241 1157 2355 1191 loquens,
2373 1152 2449 1192 (itaq,v

310 1201 361 1226 que
375 1192 497 1217 vixerunt
520 1191 653 1224 Angustin.
668 1191 712 1226 Ep.
730 1199 784 1224 107.
1402 1201 1466 1218 num
1480 1192 1580 1220 dietum
1595 1193 1666 1229 quod
1680 1193 1715 1219 est
1727 1193 1853 1219 intimum
1873 1193 1995 1220 solidum.
2065 1193 2176 1223 Gluma,
2196 1191 2243 1226 qui
2255 1191 2290 1217 est
2304 1189 2439 1217 folliculum

343 1233 378 1252 G¹
398 1234 415 1252 ο
425 1233 487 1252 R10
497 1233 531 1258 R,
550 1226 598 1253 Eri.
619 1227 684 1260 Dep.
721 1225 899 1259 [καυχάομαι,
915 1228 1102 1262 μεγαλαυχέω]
1139 1227 1236 1254 Mediae
1247 1225 1343 1262 figmfi·
1401 1229 1468 1255 eius.
1504 1229 1603 1260 Arista,
1624 1238 1691 1263 quae
1703 1235 1731 1256 vt
1746 1238 1804 1255 acus
1819 1229 1905 1255 tenuis
1917 1228 1995 1263 longa
2007 1228 2106 1255 eminet
2118 1237 2132 1254 e
2161 1227 2240 1254 lunia.
2282 1225 2394 1263 Proinde
2407 1229 2441 1260 ξΙΙῑ4

306 1264 413 1288 cationis
426 1259 472 1293 est,
491 1269 519 1288 vt
527 1261 657 1297 superiora
672 1272 679 1286 :
706 1261 838 1297 fignificat
860 1263 970 1289 Gloriam
983 1262 1055 1299 suam
1079 1272 1162 1289 veram
1183 1269 1225 1288 aut
1245 1262 1342 1297 fassam
1357 1271 1389 1296 3ο
1402 1264 1476 1298 grani
1491 1263 1563 1291 theca
1577 1265 1607 1291 sit
1620 1265 1723 1299 gluina,
1741 1271 1766 1291 et
1778 1273 1843 1298 apex
1856 1264 1942 1291 arista.
2014 1264 2098 1291 Paullo
2105 1270 2138 1299 po
2169 1282 2176 1294 ,
2196 1262 2309 1289 Videtur
2326 1258 2450 1288 vocabas*

302 1297 457 1331 praedicare.
510 1297 565 1324 Cic.
581 1298 658 1323 Vcrr.
672 1305 695 1328 3,
731 1316 737 1322 .
776 1317 782 1323 .
820 1298 854 1324 Vt
874 1303 903 1324 tu
923 1298 952 1324 in
970 1299 1060 1325 multis
1073 1298 1188 1332 epistolis
1199 1297 1232 1324 ad
1244 1298 1342 1323 amicos
1401 1300 1457 1326 lum
1486 1306 1594 1333 etymon
1622 1300 1720 1329 habere
1751 1308 1767 1327 a
1799 1299 1952 1331 Glubendo,
1990 1300 2062 1334 quod
2095 1308 2128 1326 eo
2164 1297 2286 1339 folliculo
2318 1295 2439 1334 'degluij-

308 1337 367 1358 tuos
381 1332 511 1366 gloriaris.
617 1333 657 1359 Sic
668 1333 739 1358 Caes.
754 1333 781 1358 B.
796 1333 825 1358 C.
841 1341 862 1366 1,
875 1341 895 1366 4
918 1334 990 1359 Inter
1001 1334 1059 1360 suos
1072 1333 1191 1367 gloriari.
1285 1334 1341 1359 Cic.
1399 1341 1444 1361 tur
1457 1343 1575 1369 granum.
2422 1360 2424 1362 ,
2436 1359 2447 1363 ,,

307 1366 360 1394 Off.
376 1375 396 1399 1,
410 1373 440 1400 7⁵3
460 1368 533 1393 Licet
547 1367 618 1394 enim
630 1367 712 1398 mihi,
734 1368 770 1394 M.
786 1367 841 1400 fili,
860 1368 927 1403 apud
941 1375 966 1395 te
981 1368 1104 1402 gloriari,
1118 1368 1150 1395 ad
1163 1378 1241 1403 quem
1260 1375 1285 1395 ct
1298 1368 1342 1394 he·
1438 1376 1459 1397 G
1469 1378 1484 1397 L
1494 1378 1515 1397 v
1524 1378 1536 1397 s
1557 1374 1685 1406 mitiquum
1697 1379 1781 1396 nomen
1794 1370 1873 1396 eadem
1878 1369 2080 1405 significatione,
2098 1379 2147 1406 qua
2161 1369 2268 1395 Gluten.
2304 1366 2404 1394 Charis.
2417 1368 2440 1400 εἰ

307 1402 403 1429 reditas
417 1402 494 1428 huius
508 1402 624 1436 gloriae,
644 1408 670 1429 et
681 1402 813 1429 foetorum
829 1404 944 1430 imitatio
957 1406 1078 1438 pertinet.
1184 1405 1284 1431 Contra
1297 1404 1344 1430 ali·
1402 1413 1434 1440 27
1446 1406 1507 1432 med.
1524 1406 1659 1433 Feminini
1671 1407 1774 1440 generis
1807 1421 1853 1425 —
1887 1406 1950 1431 Glus
1959 1425 1967 1437 ,
1987 1406 2105 1440 glutinis.
2158 1404 2214 1431 Alii
2228 1403 2279 1430 hoe
2293 1401 2438 1437 Glutendiq

308 1447 386 1472 quem
406 1438 460 1464 Cic.
475 1438 557 1477 Tusc.
570 1446 591 1470 5,
627 1458 634 1465 .
672 1458 678 1464 .
748 1438 820 1465 Idem
833 1439 865 1465 de
878 1440 935 1465 Fin.
952 1448 963 1471 3
977 1448 997 1465 c.
1014 1445 1026 1470 8
1056 1440 1122 1473 Qiis
1139 1445 1184 1465 ant
1201 1440 1233 1466 de
1247 1440 1348 1471 misera,
1361 1450 1389 1477 ὃς
1402 1448 1505 1468 xerunt.
1558 1440 1606 1468 Sed
1616 1442 1701 1474 Caper
1714 1440 1746 1466 de
1759 1440 1849 1466 verbis
1862 1440 1923 1466 dub.
1938 1450 1962 1474 p.
1972 1446 2037 1473 2248
2051 1447 2114 1467 extr.
2132 1439 2287 1471 Glutinum,
2304 1447 2358 1465 non
2365 1438 2445 1465 Glu's.

307 1474 362 1499 vita
375 1473 446 1507 possit
461 1474 587 1508 gloriari,
607 1479 650 1500 aut
664 1482 718 1500 non
731 1473 763 1499 de
776 1473 851 1500 beata
866 1476 874 1500 3
916 1475 954 1500 De
967 1475 1018 1501 suis
1033 1475 1110 1501 rebus
1124 1475 1199 1508 gestis
1224 1476 1279 1501 Cic.
1294 1484 1342 1509 pro
1403 1477 1500 1503 Auson.
1513 1477 1656 1510 Technop.
1669 1485 1693 1510 p.
1708 1480 1758 1507 489
1776 1475 1900 1508 Tergora
1920 1475 1960 1501 dic
1979 1476 2070 1510 clipeis
2084 1475 2251 1501 accommoda
2264 1483 2330 1508 quae
2345 1472 2440 1500 faciat?

308 1509 396 1535 Domo
410 1510 453 1535 sua
464 1517 503 1541 93.
609 1509 681 1535 Idem
694 1509 726 1534 de
740 1509 838 1535 Sene&
851 1514 882 1539 82
902 1511 936 1536 Vt
949 1510 981 1536 de
993 1519 1036 1537 me
1048 1511 1151 1544 aliquid
1165 1520 1239 1537 more
1252 1512 1342 1537 senum
1402 1512 1476 1538 Glus.
1513 1513 1556 1538 At.
1569 1512 1632 1538 Glut
1646 1514 1676 1536 it.
1690 1511 1769 1536 Glux.
1818 1510 1904 1536 Glutis
1918 1510 2036 1537 taurinae
2049 1513 2138 1536 mentio
2150 1509 2217 1544 apud
2229 1509 2436 1543 VegetMulom.

309 1544 416 1577 glorier.
530 1543 568 1570 De
582 1545 675 1570 misera
688 1545 742 1570 vita
758 1554 838 1571 nemo
852 1545 961 1578 gloriari
975 1546 1057 1580 potest
1092 1546 1149 1572 Cic.
1170 1545 1200 1572 de
1214 1546 1270 1573 Fin.
1284 1555 1307 1578 3,
1321 1551 1342 1576 8.
1403 1555 1426 1579 3,
1440 1549 1481 1577 66,
1495 1555 1522 1579 4.
1559 1554 1581 1572 et
1595 1555 1623 1578 4,
1640 1555 1679 1578 14,
1691 1554 1719 1578 4.
1793 1545 1903 1571 Paullin.
1918 1545 1950 1572 de
1963 1546 2024 1572 Vita
2038 1546 2116 1572 Mart.
2131 1554 2158 1578 4,
2172 1553 2220 1578 104
2242 1547 2270 1570 in
2284 1543 2435 1580 describendo

307 1579 380 1605 Idem
394 1579 475 1605 Tusc.
489 1584 547 1611 1,48
555 1588 575 1604 c.
584 1588 607 1605 21
628 1580 692 1606 Non
707 1580 786 1614 pudet
801 1580 988 1615 Philosophum
1001 1582 1029 1608 in
1043 1590 1075 1607 eo
1088 1581 1215 1616 gloriari?
1277 1581 1344 1615 Qi-
1395 1581 1578 1617 febricitante,
1597 1583 1625 1607 Et
1638 1581 1768 1615 pleetrum
1779 1581 1852 1607 vocis
1866 1581 1950 1607 siccati
1963 1581 2033 1615 glute
2046 1581 2125 1616 palati
2137 1579 2289 1614 Impendens
2307 1578 2373 1613 (vid.
2387 1580 2434 1614 leg.

310 1613 358 1640 bus
381 1613 458 1640 rebus
480 1615 539 1652 quis
559 1614 589 1640 in
607 1615 631 1641 se
649 1615 705 1648 ipso
717 1615 861 1649 gloriatur,
880 1616 981 1643 easdem
994 1618 1023 1643 in
1037 1617 1094 1643 aliis
1105 1617 1277 1651 reprehendat
1290 1626 1344 1643 non
1353 1630 1389 1656 40
1403 1618 1571 1652 Impediens)
1593 1616 1682 1643 fraeiis
1696 1617 1782 1642 enisus
1796 1617 1868 1650 saepe
1882 1616 1994 1651 loquelis
2014 1624 2059 1643 etc.
2165 1615 2237 1642 Idem
2251 1615 2282 1641 ad
2294 1614 2390 1648 Nepet.
2406 1621 2438 1646 52

311 1648 431 1675 concedit
462 1649 518 1674 Cic.
534 1657 582 1682 pro
594 1649 682 1683 Ligar.
697 1659 738 1676 20.
840 1652 870 1676 ln
882 1652 981 1678 virtute
1018 1652 1090 1678 Idem
1103 1652 1135 1678 de
1149 1653 1184 1679 N.
1198 1654 1229 1679 D.
1245 1661 1256 1684 3
1271 1662 1292 1680 c.
1305 1655 1343 1684 36.
1404 1654 1468 1680 Non
1481 1658 1534 1679 tam
1546 1652 1647 1688 pernici
1660 1651 1814 1685 suspendunt
1829 1652 1932 1678 succina
1944 1652 2008 1678 saltu
2028 1652 2160 1679 Festucam
2175 1651 2246 1677 foeni
2263 1649 2348 1676 vicini
2368 1648 2439 1682 glute

310 1685 382 1710 Caes.
397 1685 424 1710 R.
433 1684 465 1709 G.
479 1689 547 1723 8,50-
558 1685 695 1718 Propterea
707 1684 777 1718 quod
790 1685 935 1713 insolenter
949 1688 1091 1713 aduersarii
1105 1689 1145 1713 sni
1158 1688 1344 1722 gloriarentur.
1403 1689 1520 1723 vaporis.
1596 1689 1683 1714 Vtitur
1695 1687 1767 1714 Idem
1781 1687 1813 1713 de
1826 1688 1888 1714 Vita
1899 1688 2005 1714 Martin.
2025 1696 2046 1720 5,
2059 1696 2116 1720 421.
2200 1687 2310 1720 Denique
2323 1683 2391 1709 Glux
2405 1688 2440 1708 et-

309 1719 388 1745 More
402 1720 491 1745 senum
516 1720 572 1758 Cic.
587 1719 731 1759 deUSeneet.
744 1724 805 1758 εἶς.
822 1728 861 1751 23.
894 1755 899 1759 -
944 1722 1033 1747 Nimis
1053 1723 1108 1748 Cic.
1122 1723 1154 1748 de
1170 1723 1343 1756 Aruspuesp.
1407 1726 1458 1750 iam
1471 1724 1538 1758 apud
1549 1723 1676 1749 Isidorum
1690 1723 1789 1757 quidam
1800 1724 1892 1758 legunt.
1939 1723 1985 1750 sed
1998 1723 2061 1758 quod
2073 1723 2106 1749 ad
2119 1723 2230 1748 Catonem
2240 1724 2377 1755 prouocant
2389 1716 2442 1752 dui-

310 1756 347 1779 16.
463 1753 547 1779 raetis
568 1759 688 1788 equitum
711 1754 857 1788 gloriantur
876 1763 962 1787 ciues,
982 1756 1110 1782 laetantur
1134 1757 1215 1788 socii,
1238 1763 1344 1790 gemunt
1406 1759 1478 1789 dam,
1495 1758 1552 1783 inde
1564 1757 1607 1790 este
1619 1758 1734 1789 videtur,
1770 1758 1816 1783 uod
1827 1757 1951 1791 Meurfius
1965 1766 1987 1784 et
2000 1760 2091 1793 Popma
2106 1758 2139 1784 ad
2151 1757 2261 1783 Glutum
2281 1754 2351 1780 illius
2368 1763 2416 1787 45,
2428 1761 2442 1780 ι

309 1787 395 1827 hostes
414 1787 599 1827 Pseudo-Cic.
615 1795 701 1823 anteq.
715 1790 766 1815 iret
779 1789 807 1815 in
822 1790 885 1816 exil.
900 1799 942 1822 29.
1049 1790 1212 1817 Nominibus
1225 1797 1344 1817 veterum
1359 1805 1393 1830 45
1406 1795 1480 1818 etiam
1494 1792 1588 1818 Isidori
1601 1792 1692 1825 glossas
1703 1767 1814 1818 lancisam.
1856 1793 1912 1818 Vid.
1929 1794 2018 1819 Barth.
2031 1793 2065 1819 ad
2082 1793 2191 1819 Paullin.
2205 1801 2233 1823 4,
2250 1799 2301 1822 104.

309 1823 422 1856 gloriari
454 1823 510 1848 cic.
531 1831 558 1847 111
579 1824 653 1849 Orat.
676 1827 721 1855 169
734 1833 755 1849 c.
767 1832 807 1856 50.
899 1825 972 1851 Idem
985 1825 1016 1851 de
1029 1825 1129 1852 Sene&
1143 1834 1170 1857 32
1184 1835 1204 1851 c.
1221 1835 1248 1852 10
1267 1827 1345 1860 Equi·
1441 1833 1461 1854 G
1471 1834 1486 1854 L
1497 1833 1517 1852 v
1527 1833 1548 1852 T
1558 1834 1574 1853 F,
1586 1833 1606 1852 N
1619 1846 1627 1858 ,
1653 1826 1713 1852 i'nis.
1746 1825 1796 1859 fiue
1816 1833 1861 1853 GL
1871 1833 1920 1853 VT
1930 1835 1938 1853 1
1948 1834 1970 1853 N
1981 1833 2000 1852 v
2015 1834 2038 1853 M
2048 1847 2056 1859 ,
2075 1828 2093 1853 i.
2118 1836 2143 1853 n.
2178 1825 2299 1859 [κόλλα]
2340 1825 2373 1851 Vi
2386 1825 2410 1850 ci

309 1858 368 1884 dem
383 1857 449 1896 posse
462 1856 556 1896 vellem
570 1857 640 1896 idem
654 1857 764 1890 gloriari
777 1858 849 1892 quod
864 1860 956 1889 Cyrus.
1050 1861 1081 1885 Se
1103 1862 1244 1894 peragrasse
1255 1870 1346 1887 omnes
1404 1862 1461 1887 dum
1474 1862 1553 1888 mollis
1567 1861 1599 1894 est
1612 1864 1716 1888 materia
1724 1881 1732 1893 ,
1749 1870 1808 1897 quae
1822 1862 1864 1888 vbi
1875 1861 1989 1889 induruit
1995 1862 2108 1897 firmiter
2127 1864 2236 1888 continet
2258 1870 2283 1886 ca
2291 1880 2301 1892 ,
2320 1869 2380 1895 quae
2399 1862 2410 1884 i
2434 1866 2452 1894 ,ζ

328 1894 460 1920 ronincias
473 1892 583 1925 gloriari
603 1893 657 1918 Cic.
673 1891 705 1917 de
718 1893 792 1918 Orat.
807 1901 830 1923 2,
842 1899 897 1931 358.
1000 1893 1073 1919 Idem
1086 1895 1114 1919 in
1127 1895 1213 1920 Pison.
1228 1904 1240 1921 2
1260 1897 1284 1920 Is
1297 1896 1346 1921 mi-
1405 1897 1570 1922 interccdente
1584 1894 1670 1921 iunfia
1677 1897 1749 1930 sunt.
1805 1896 1906 1923 Charis.
1921 1906 1930 1922 1
1946 1907 1969 1931 p.
1986 1900 2020 1931 67
2033 1897 2094 1923 med.
2114 1898 2171 1924 Hoc
2185 1897 2292 1929 gluten,
2315 1892 2456 1936 Virgiliisp

308 1903 338 1956 iii
352 1929 432 1955 etiam
445 1927 619 1961 gloriabitur,
637 1928 662 1953 se
676 1936 766 1953 omnes
780 1927 942 1961 magistratus
955 1927 1007 1953 sine
1018 1929 1119 1962 repulsa
1132 1929 1280 1954 assecutum.
1406 1929 1474 1955 dixit
1488 1931 1602 1963 (Georg.
1614 1939 1643 1962 4,
1656 1933 1710 1962 40)
1724 1930 1926 1964 Collee'tumque
1938 1932 2001 1957 haec
2015 1933 2070 1964 ipsa
2082 1931 2112 1956 ad
2127 1932 2217 1956 munia
2231 1930 2451 1964 gluten—vais·

348 1970 370 1990 G
383 1970 426 1990 Lo
438 1970 453 1988 R
465 1969 627 1995 JANDVS,
653 1971 681 1993 a,
705 1972 758 1988 um.
786 1963 878 1989 Partic.
914 1961 1071 1997 [κυδιωτὲος]
1107 1964 1162 1989 Cic.
1177 1963 1260 1989 Tusc.
1277 1971 1298 1996 5,
1311 1972 1346 1996 49
1356 1973 1387 1998 50
1407 1972 1438 1989 ro
1473 1977 1519 1984 ——-
1553 1964 1661 1990 Glutine
1675 1972 1699 1989 et
1713 1965 1801 1990 cinere
1837 1980 1888 1984 ——
1925 1965 1972 1991 Sed
1990 1971 2015 1991 et
2032 1967 2155 2001 glutinum
2176 1967 2204 1991 in
2226 1966 2338 1997 Scauro,
2358 1964 2442 1994 Gluth

309 2009 332 2026 c.
349 2007 377 2034 17
407 1999 464 2025 Nec
488 1999 517 2024 in
539 1999 632 2024 misera
651 1999 707 2024 vita
725 1997 870 2032 quidquam
884 1998 920 2024 est
931 1998 1106 2032 praedicabile
1118 2005 1163 2024 aut
1178 1999 1346 2032 gloriandum
1407 2008 1471 2025 num
1497 2000 1640 2026 Daedalum
1661 2000 1805 2035 inuenisse:
1841 2008 1919 2034 qnam
1940 2001 2143 2027 declinationem
2163 2000 2294 2027 Sallustius
2316 2001 2400 2036 sequit
2436 1996 2440 2013 ”

310 2049 355 2056 ——
389 2035 467 2060 Beata
482 2034 536 2060 vita
549 2033 685 2068 glorianda
697 2039 722 2059 et
739 2032 924 2067 praedicanda,
944 2040 969 2059 et
982 2042 1042 2067 prae
1055 2035 1080 2059 se
1094 2034 1201 2060 ferenda
1215 2034 1260 2061 est.
1407 2034 1469 2062 dum
1483 2034 1562 2067 dicit,
1582 2034 1661 2069 Qiasi
1675 2035 1779 2069 glutino
1792 2034 1982 2063 adolescebant.
2017 2037 2115 2071 Repetit
2129 2036 2209 2062 cadem
2221 2045 2246 2071 p.
2263 2038 2314 2063 :06.
2367 2036 2439 2070 Virg-

292 2102 294 2104 Υ
349 2075 370 2096 G
381 2076 425 2096 Lo
435 2076 471 2096 ιιι
486 2077 505 2096 Α
517 2077 537 2095 N
547 2077 576 2102 s,
595 2069 670 2095 antis.
690 2068 783 2095 Partic.
819 2065 934 2102 [κυδιῶν]
971 2069 1026 2094 Cic.
1041 2068 1072 2094 de
1086 2069 1121 2095 N.
1137 2070 1168 2094 D.
1184 2077 1245 2104 1,72
1266 2069 1346 2102 Qiod
1407 2071 1504 2104 Georg.
1518 2080 1546 2103 4,
1562 2073 1608 2096 160
1628 2071 1656 2097 dc
1669 2071 1771 2105 apibus,
1790 2070 1899 2097 Narciffi
1912 2071 2061 2102 lacrimam,
2079 2077 2104 2098 et
2118 2071 2217 2098 lentum
2231 2071 2262 2098 de
2275 2071 2372 2098 cortice
2385 2071 2440 2106 glu-

310 2111 336 2132 et
350 2114 404 2131 non
418 2105 577 2139 praedicanti
590 2110 677 2131 tamen
691 2104 766 2130 facile
780 2103 886 2138 quidem
900 2101 1049 2135 crederem,
1067 2103 1130 2129 sicut
1149 2104 1211 2129 mali
1231 2104 1346 2130 aedificii
1406 2111 1450 2130 ten
1465 2107 1549 2131 Prima
1564 2106 1632 2131 fanis
1644 2112 1744 2140 ponunt
1759 2105 1921 2133 fundamina.
2022 2107 2089 2133 Plin.
2103 2115 2134 2138 11,
2147 2115 2176 2140 39
2195 2107 2279 2133 Boutn
2293 2107 2373 2134 coriis
2387 2107 2441 2141 glu-
2473 2107 2479 2129 ἵ

311 2141 422 2167 domino
435 2141 560 2174 glorianti
573 2139 784 2167 searchiteekum
797 2147 851 2164 non
866 2137 989 2164 habuisse.
1055 2138 1123 2164 Add.
1138 2138 1239 2177 Vulgath.
1253 2147 1262 2164 1
1279 2139 1346 2164 Sam.
1365 2150 1393 2175 55
1407 2140 1493 2165 tinum
1508 2141 1680 2174 excoquitur,
1699 2147 1889 2176 taurorumque
1903 2143 2081 2177 praecipuum.
2173 2141 2247 2168 Idem
2259 2145 2323 2175 26,8
2341 2142 2438 2170 Tausi-
2476 2152 2479 2174 4

312 2184 338 2208 2,
352 2185 373 2207 3.
465 2176 520 2202 Cic.
536 2177 565 2202 T
568 2177 618 2202 usc.
635 2184 657 2208 5,
670 2185 706 2209 40
719 2185 740 2202 c.
753 2184 783 2209 14
810 2173 945 2201 Glorianti
966 2172 1070 2201 cuidam
1095 2179 1252 2206 mercatori,
1273 2173 1345 2208 quod
1406 2183 1469 2200 num
1483 2174 1580 2207 gluten.
1676 2175 1749 2209 Conf.
1780 2177 1845 2204 Cels,
1876 2185 1905 2209 ς,
1924 2187 1939 2204 2
1965 2186 1988 2204 et
2020 2186 2041 2211 ς.
2123 2178 2237 2211 Plin.13,
2249 2187 2273 2204 12
2302 2171 2438 2204 Glutnmln
2476 2179 2479 2204 l

310 2212 404 2239 multas
422 2219 500 2237 naues
534 2226 579 2232 —-
614 2210 756 2237 dimisisset.
1406 2209 1514 2243 vulgare
1534 2218 1548 2236 e
1574 2209 1681 2244 pollinis
1702 2210 1767 2235 tiore
1791 2217 1952 2245 temperatur
1970 2213 2091 2238 feruente
2118 2222 2202 2246 aqua,
2232 2213 2347 2241 minimo
2375 2213 2436 2240 aceti
2476 2209 2479 2231 ἶ

346 2254 367 2273 G
378 2253 394 2272 L
406 2253 425 2274 Ο
435 2253 469 2272 Rl
480 2253 501 2272 A
513 2251 534 2272 Τ
547 2252 585 2272 10
595 2266 603 2278 ,
634 2246 700 2271 onis.
728 2247 748 2271 f.
785 2244 942 2279 [καύχησις]
978 2246 1033 2272 Cic.
1054 2245 1085 2271 de
1100 2245 1158 2272 Fin.
1172 2254 1204 2278 4,
1218 2253 1249 2278 50
1277 2244 1344 2271 Illud
1405 2245 1517 2279 aspersu.
1632 2244 1820 2271 Fideliffimum
1842 2246 1975 2279 glutinum
2011 2247 2075 2273 Plin.
2091 2252 2137 2278 28,
2153 2255 2181 2281 17
2200 2247 2434 2285 nonproculafine.

310 2291 376 2309 vero
389 2283 501 2308 minime
515 2281 719 2313 consectarium,
737 2281 780 2306 sed
795 2282 822 2306 in
836 2282 928 2315 primis
941 2281 1035 2313 hebes,
1055 2282 1163 2307 illorum
1183 2281 1280 2307 scilicet
1299 2289 1345 2306 no·
1406 2280 1514 2306 Glutine
1529 2280 1648 2306 materies
1662 2281 1768 2306 taurino
1780 2282 1898 2315 iungitur
1911 2291 1960 2308 vna
1980 2283 2084 2308 Lucret.
2099 2284 2124 2311 6,
2138 2284 2210 2308 1066.
2314 2284 2438 2315 Offamer·

310 2319 414 2345 minum
433 2317 592 2351 gloriatione
614 2316 719 2350 dignam
739 2317 786 2342 esse
806 2315 908 2342 beatam
921 2316 1012 2342 vitam.
1108 2317 1148 2341 Sic
1163 2325 1184 2349 3,
1201 2321 1223 2345 -8
1238 2326 1259 2342 c.
1277 2321 1290 2346 8
1309 2317 1344 2342 Ex
1367 2320 1452 2343 60vos
1465 2322 1490 2342 et
1502 2315 1626 2341 medullas
1640 2315 1743 2349 glutino
1756 2318 1821 2342 cutis
1835 2317 1888 2350 tegi
1911 2317 2032 2343 Prudent.
2047 2314 2123 2341 Cath.
2136 2324 2162 2347 9,
2177 2325 2226 2343 102.
2400 2323 2406 2326 ”

310 2362 362 2389 qua
377 2351 501 2381 efficitur,
521 2352 696 2386 gloriatione,
709 2357 738 2378 vt
752 2352 788 2377 ita
802 2351 903 2382 dicam,
923 2352 1027 2385 dignam
1040 2352 1087 2377 else
1101 2351 1203 2378 beatam
1218 2352 1309 2378 vitam.
1443 2357 1463 2377 G
1473 2358 1482 2375 i
1500 2357 1518 2376 V
1529 2358 1549 2377 T
1561 2359 1568 2377 1
1580 2359 1601 2377 N
1612 2358 1620 2376 1
1632 2358 1650 2376 v
1660 2358 1683 2376 M
1693 2370 1702 2382 ,
1723 2351 1741 2376 i.
1767 2361 1793 2377 n.
1829 2352 1905 2385 Apul.
1920 2352 2015 2384 Asclep.
2030 2360 2054 2384 p.
2068 2359 2124 2382 100,
2136 2358 2169 2376 zo
2189 2352 2260 2379 Haec
2271 2352 2402 2387 ἐμαρμένη
2413 2357 2439 2380 et
2471 2347 2479 2378 ἐ

347 2394 369 2414 G
380 2395 451 2414 LOR
462 2390 600 2419 IRTOR,
619 2388 682 2414 oris.
708 2396 743 2413 m.
781 2386 857 2420 Apul.
871 2387 940 2412 Flor.
957 2396 968 2418 3
982 2397 1006 2421 p.
1022 2394 1066 2420 357
1087 2387 1224 2414 Gloriatur
1236 2396 1289 2413 non
1302 2387 1346 2414 ha·
1406 2386 1535 2412 necessitas
1578 2401 1623 2406 —-
1666 2386 1807 2412 indiuiduo
1831 2395 1962 2412 connexae
1986 2387 2045 2412 sunt
2065 2385 2186 2419 glutinio.
2255 2387 2299 2413 Sia
2312 2393 2376 2413 certe
2397 2389 2438 2414 EI·
2475 2384 2479 2426 l

309 2424 354 2451 bet
367 2423 466 2449 causam
482 2422 628 2456 gloriandi,
648 2428 673 2449 et
686 2428 772 2449 tamen
785 2423 913 2456 gloriatur
932 2423 1031 2448 Fronto
1049 2423 1192 2448 Grammat.
1405 2422 1483 2449 menh.
1535 2421 1580 2448 Sed
1590 2425 1617 2447 in
1634 2422 1690 2448 Iud.
1706 2422 1756 2457 ipse
1770 2422 1882 2448 Glutino
1894 2422 1970 2448 dedit.
2008 2421 2092 2451 Studio
2107 2426 2186 2446 autem
2195 2420 2295 2456 positum
2315 2421 2437 2456 glutinio,
2476 2431 2479 2447 v

346 2464 421 2485 GL‹)
431 2465 448 2485 R
459 2466 467 2483 Ι
477 2465 498 2484 Α
509 2463 525 2483 Β
535 2459 569 2484 ‘sL
579 2465 587 2483 1
597 2465 624 2488 S,
643 2467 666 2484 e.
693 2457 752 2483 Adi.
788 2458 966 2489 κκυχηαατὶας
981 2458 1058 2483 6101ἳῖ
1075 2459 1119 2483 Gr.
1134 2459 1190 2484 Lat.
1404 2458 1532 2483 indicatur
1545 2460 1571 2482 in
1586 2456 1717 2483 emendant.
2229 2483 2235 2485 Α

344 2501 365 2521 G
374 2502 389 2520 L
399 2501 417 2520 0
426 2501 442 2520 R
455 2501 462 2519 1
473 2499 488 2519 F
499 2492 536 2520 ic
545 2500 580 2525 o,
600 2497 652 2519 are.
687 2492 805 2518 Tertull.
819 2492 851 2517 de
860 2491 967 2518 1dol.22
985 2493 1054 2518 Deus
1067 2492 1238 2527 glorificetur.
1274 2493 1347 2519 Idem
1362 2495 1392 2527 65
1445 2498 1466 2518 G
1478 2500 1493 2518 L
1502 2499 1522 2517 v
1531 2499 1551 2518 T
1562 2500 1570 2517 1
1581 2499 1601 2516 N
1610 2499 1626 2518 E
1637 2499 1656 2517 v
1666 2500 1694 2523 3,
1715 2501 1744 2523 a,-
1763 2501 1816 2518 um.
1837 2492 1897 2519 Adi.
1923 2493 1998 2525 Quae
2010 2491 2075 2526 pede
2086 2491 2222 2525 glutineo,
2240 2490 2311 2525 quod
2322 2491 2441 2526 tetigere,

310 2529 342 2557 de
357 2530 460 2556 Resurr.
475 2529 551 2555 Carn.
567 2537 587 2554 c.
604 2530 640 2554 16.
679 2526 800 2554 Prudent.
815 2528 932 2553 Hamart.
946 2536 971 2553 v.
985 2531 1042 2560 965.
1086 2528 1195 2562 Coripp.
1211 2539 1239 2562 4,
1254 2534 1310 2561 289.
1406 2528 1514 2554 trahunt
1534 2527 1616 2553 Rutil.
1631 2527 1690 2552 Itin.
1706 2535 1730 2558 l,
1744 2530 1797 2553 610.

347 2571 367 2592 G
379 2571 467 2591 Loui
484 2570 545 2592 r1c
555 2571 576 2590 A
586 2570 674 2596 ’ππ-3,
696 2571 725 2594 a,
739 2571 793 2589 um.
815 2562 874 2588 Adi.
911 2562 990 2597 Vulg.
1004 2572 1011 2588 1
1027 2564 1092 2589 l'etr.
1108 2572 1133 2595 1,
1150 2569 1172 2593 8.
1444 2567 1463 2588 G
1474 2570 1489 2588 L
1499 2568 1628 2588 v'r1No
1638 2570 1650 2588 s
1661 2568 1681 2587 v
1692 2569 1720 2593 s,
1739 2571 1769 2593 a,
1785 2571 1839 2588 um.
1870 2561 1928 2588 Adi.
1970 2563 2065 2588 Tenax.
2102 2561 2168 2587 Plin.
2182 2568 2217 2593 35,
2232 2562 2260 2586 16
2283 2560 2311 2586 de
2321 2566 2388 2588 terra
2401 2560 2442 2588 Sa-

347 2607 368 2626 G
379 2607 423 2626 LO
432 2607 450 2626 R
460 2607 469 2625 1
482 2605 496 2625 F
507 2607 516 2625 1
525 2605 571 2625 CA
582 2605 603 2625 T
616 2605 627 2625 1
640 2605 659 2625 0
669 2618 678 2631 ,
700 2599 766 2624 onis.
801 2597 820 2623 f.
858 2596 1086 2624 Glorificationem
1112 2597 1244 2631 praecedit
1271 2596 1347 2631 paffio
1408 2601 1474 2629 mia,
1495 2598 1593 2623 Prioris
1606 2597 1661 2623 laus
1676 2603 1705 2624 vt
1718 2606 1807 2623 recens
1820 2597 1865 2628 sit,
1885 2603 1910 2623 ct
1924 2597 1989 2623 leuis
1998 2617 2006 2629 ‚
2026 2597 2184 2631 linguaeque
2198 2595 2336 2629 glutinosa.
2360 2592 2361 2595 ¹
2373 2597 2441 2630 Tet-

312 2636 447 2670 Augustin.
461 2635 498 2661 T.
509 2643 529 2674 ρ
541 2644 564 2668 p.
580 2642 638 2668 374.
709 2632 782 2669 Conf.
796 2632 867 2658 Idem
880 2632 918 2659 T.
932 2642 948 2665 9
961 2642 985 2667 p.
1001 2642 1054 2665 503.
1091 2640 1113 2658 et
1128 2633 1166 2658 T.
1175 2642 1202 2659 10
1216 2642 1239 2667 p.
1256 2641 1312 2667 975.
1408 2641 1437 2658 ra
1453 2632 1647 2666 glutinosissima
1668 2633 1799 2658 Columel.
1814 2641 1835 2663 3,
1853 2641 1885 2658 11.
1970 2631 2135 2658 Glutinofior
2152 2631 2249 2666 pituita
2272 2631 2389 2659 scribon.
2403 2641 2440 2666 23.

349 2677 371 2697 G
384 2678 398 2697 L
408 2677 468 2697 ORl
479 2675 495 2695 F
506 2677 515 2695 1
529 2676 546 2695 c
558 2676 578 2695 v
589 2675 617 2700 S,
633 2677 663 2701 a,
685 2678 737 2694 um.
762 2668 822 2694 Adi.
859 2668 926 2694 Cod.
944 2677 958 2694 2
973 2674 990 2694 t.
1004 2675 1016 2697 8
1031 2668 1046 2694 l.
1062 2676 1079 2702 7
1094 2666 1116 2704 §.
1132 2677 1152 2694 2.
1358 2674 1394 2702 70
1408 2669 1497 2703 vulgo,
1512 2668 1592 2693 Lerna.
1663 2667 1801 2694 Glutinosa
1814 2668 1945 2694 exscreare
1959 2667 1996 2694 Id.
2005 2676 2048 2700 94.
2063 2669 2106 2699 96.
2209 2666 2290 2693 Cibus
2302 2666 2440 2709 glutinosqp
2463 2683 2465 2689 .

349 2712 370 2732 G
381 2712 398 2731 L
407 2712 425 2732 O
435 2713 453 2731 R
462 2713 472 2730 1
482 2711 502 2730 Α
512 2711 527 2730 Β
537 2711 554 2728 v
567 2712 588 2729 N
600 2711 617 2730 D
627 2711 646 2729 v
656 2711 669 2729 3
678 2723 687 2736 ,
706 2713 736 2735 a,
755 2712 809 2728 um.
847 2703 905 2729 Adi.
944 2703 1144 2736 [μεγαλήγορος]
1181 2704 1232 2737 ‚Qui
1257 2704 1349 2738 gloria-
1409 2703 1476 2729 Cels.
1490 2710 1517 2737 7,
1530 2710 1567 2735 25.
1662 2702 1697 2727 Ex
1711 2703 1797 2729 vlcere
1809 2703 1933 2736 exiguum
1948 2703 2070 2738 quiddam
2085 2708 2110 2729 et
2122 2702 2281 2736 glutinosum
2294 2703 2349 2729 exit
2373 2700 2400 2730 Id

312 2747 363 2767 tur.
401 2740 466 2766 Gell.
482 2748 509 2771 ς,
523 2747 535 2769 3
567 2738 795 2772 contemplatione
814 2738 881 2764 tanti
901 2744 925 2764 et
944 2745 997 2765 tam
1010 2738 1099 2765 ornati
1110 2739 1239 2765 exercitus
1253 2737 1348 2772 gloria·
1410 2741 1436 2770 6,
1448 2747 1470 2770 3.
1578 2738 1626 2763 Pus
1641 2738 1794 2771 glutinosius
1807 2745 1832 2764 et
1845 2739 1969 2773 sanguine
1983 2745 2007 2765 et
2021 2738 2092 2764 sanie
2116 2738 2189 2765 Idem
2202 2746 2224 2771 5,
2237 2745 2273 2770 25,
2286 2745 2328 2764 20.
2381 2709 2437 2799 (Ξῖ

311 2775 416 2802 hundus
429 2774 584 2801 Annibalem
598 2774 713 2808 adspicit.
1411 2772 1576 2799 tinofiffimus
1604 2772 1678 2799 Idem
1691 2775 1716 2805 6,
1731 2781 1756 2808 7.
2402 2770 2413 2788 Τ
2425 2775 2429 2798 ἐ
2442 2780 2443 2783 ’

352 2817 461 2842 GLOs‚
481 2810 571 2843 gloris.
605 2809 623 2836 f.
660 2809 778 2843 [γέλως]
814 2808 875 2835 Viri
895 2809 985 2840 soror,
1004 2810 1089 2843 inquit
1109 2808 1205 2835 Festus.
1242 2808 1349 2835 Nonius
1447 2815 1467 2834 G
1479 2807 1579 2835 LV'rf
1587 2815 1608 2833 N
1619 2815 1654 2840 o,
1677 2812 1729 2835 are.
1766 2809 1944 2844 [κολλάομαι]
1980 2809 2144 2845 Coniungere,
2163 2807 2344 2844 ferruminare.
2379 2807 2440 2838 Plini.

315 2855 353 2878 19,
367 2856 384 2879 4
400 2846 462 2871 Glos
476 2845 621 2878 appellatur
633 2844 721 2870 mariti
736 2845 827 2877 soror,
846 2851 923 2879 atque
936 2843 1026 2871 eadem
1039 2843 1128 2870 fratris
1144 2853 1220 2871 vxor.
1291 2845 1350 2870 Mo·
1364 2850 1397 2878 75
1411 2851 1446 2876 35,
1463 2851 1487 2876 15
1509 2845 1556 2870 Vis
1571 2843 1725 2876 bituminis,
1748 2853 1813 2879 quae
1827 2844 1973 2879 sulphuris,
1993 2844 2072 2876 sistit,
2092 2844 2211 2873 discutit,
2232 2843 2378 2876 contrahit,
2389 2843 2442 2878 glu-

314 2881 375 2908 dest.
390 2881 417 2906 in
432 2881 448 2907 l.
463 2890 481 2913 4
495 2881 526 2906 D.
540 2880 570 2906 de
584 2879 654 2914 grad.
667 2885 692 2905 et
711 2878 780 2906 affin.
1409 2879 1485 2905 tinat.
1591 2879 1662 2905 Idem
1675 2885 1715 2911 28,
1732 2885 1755 2909 18
1775 2881 1836 2913 Qlo
1852 2889 1945 2914 genere
1959 2880 2054 2907 sistitur
2067 2885 2093 2905 et
2105 2880 2205 2912 sanguis
2217 2884 2242 2904 et
2255 2879 2350 2905 vulnus
2369 2879 2444 2913 gluti?

352 2923 371 2941 (ἱ
383 2923 397 2942 L
408 2923 426 2942 0
435 2923 447 2942 S
457 2923 469 2942 S
479 2923 499 2942 Α
508 2935 514 2947 ,
533 2924 571 2942 ae.
597 2915 617 2941 f.
642 2916 777 2948 [γλῶσσα]
813 2915 900 2941 Latine
914 2915 1012 2950 Lingua
1025 2913 1127 2942 dicitur.
1164 2914 1212 2940 Sed
1223 2915 1351 2941 audiamus
1409 2920 1495 2940 natur.
1567 2915 1634 2940 Cels.
1651 2923 1673 2946 5,
1687 2924 1699 2940 2
1723 2915 1825 2941 Vulnus
1837 2916 1976 2949 glutinare.
2079 2914 2189 2939 Creator
2207 2913 2332 2940 Sermone
2344 2923 2445 2943 carnem
2458 2922 2459 2936 l

316 2951 446 2985 Qunfflt.
461 2960 480 2983 1,
496 2960 515 2983 1,
530 2960 561 2984 34
581 2950 701 2977 Protinus
714 2950 784 2976 enim
802 2950 882 2983 potest
897 2950 1138 2983 interpretationem
1153 2950 1257 2984 linguae
1270 2951 1351 2976 secre-
1409 2950 1540 2984 glutinans
1559 2950 1679 2976 Prudent.
1693 2950 1768 2977 Cath.
1785 2959 1816 2982 11,
1830 2959 1866 2983 53.
1959 2948 2023 2983 Paffi
2059 2948 2144 2974 Lucil.
2158 2956 2198 2984 ap.
2213 2949 2285 2976 Non.
2297 2955 2320 2982 Β,
2327 2952 2358 2981 68
2373 2951 2448 2978 Prae,

315 2988 394 3014 tioris
415 2991 425 3018 (
452 2995 495 3012 uas
511 2986 603 3012 Graeci
616 2986 705 3020 glossas
717 2988 827 3016 vocant)
848 2986 909 3011 dum
922 2985 992 3011 aliud
1007 2985 1109 3019 agitur,
1127 2985 1248 3011 ediscere.
1291 2984 1349 3012 Vid.
1409 2985 1488 3012 terito
1502 2985 1592 3018 tepido
1605 2985 1722 3018 glutinor
1735 2986 1847 3019 glutino.
1907 3006 1911 3009 -
2432 2996 2435 3010 l

321 3024 379 3049 Viri
392 3022 420 3048 a'o
449 3026 458 3047 ι·
470 3021 536 3056 apud
549 3022 632 3048 Burm.
642 3028 670 3055 p.
683 3030 720 3052 23·
773 3021 858 3046 Varro
872 3021 902 3046 de
917 3021 944 3046 L.
958 3021 988 3046 L.
1001 3023 1027 3052 6,
1040 3029 1056 3047 2
1069 3030 1092 3055 p.
1107 3024 1151 3055 67,
1167 3030 1194 3053 19
1220 3020 1299 3054 Qiod
1313 3021 1350 3046 ait
1365 3024 1398 3048 80
1447 3026 1492 3045 GL
1502 3026 1570 3045 v‘ri
1583 3026 1603 3044 N
1614 3027 1634 3046 A
1645 3027 1667 3045 M
1677 3028 1722 3046 EN
1738 3027 1759 3046 rr
1772 3028 1842 3054 vm,
1859 3021 1878 3047 i.
1897 3030 1922 3046 n.
1959 3018 2104 3052 [κόλλησυ]
2141 3017 2447 3061 Οοιηραέῖίο,ιοηι”αηὲῖίῴ

315 3058 414 3092 templa
426 3063 454 3084 vt
468 3057 515 3083 sint
529 3057 618 3083 dextra
633 3057 700 3092 (leg.
714 3057 797 3087 tesca)
812 3056 885 3082 aiunt
901 3056 984 3082 saneta
997 3057 1061 3088 esse,
1083 3057 1130 3090 qui
1142 3056 1232 3090 glossas
1247 3056 1351 3090 scripse-
1411 3055 1478 3082 Plin.
1493 3063 1524 3086 ¹3,
1539 3064 1560 3080 12
1581 3055 1793 3089 Deprehenditur
1805 3063 1830 3082 et
1842 3056 1943 3095 qurigo
1955 3054 2047 3085 oculis,
2065 3054 2107 3079 sed
2122 3054 2218 3081 inserta
2229 3055 2324 3082 mediis
2335 3056 2444 3091 glutinis
2458 3062 2459 3068 ¹

317 3100 387 3120 runt.
436 3093 463 3119 Id
478 3093 512 3118 est
527 3092 629 3118 falsum.
700 3092 803 3117 Alcuin.
816 3091 881 3125 apud
892 3091 990 3126 Putfi-h.
1005 3100 1028 3124 p.
1046 3095 1106 3120 208AE
1119 3091 1169 3125 fin.
1209 3091 1293 3117 Glossa
1316 3091 1352 3117 est
1413 3090 1507 3117 mentis
1521 3089 1614 3116 taenia.
1650 3091 1722 3118 Salm.
1736 3092 1790 3117 Ina.
1826 3093 1863 3118 De
1878 3091 1973 3117 chartis
1985 3090 2102 3124 loquitur.
2432 3104 2443 3117 .-

316 3130 394 3155 vnius
408 3128 483 3155 verbi
497 3128 539 3153 vel
553 3127 668 3153 nominis
681 3127 873 3161 interpretatio.
915 3128 980 3162 Ergo
992 3126 1057 3160 apud
1070 3126 1168 3152 Fabium
1181 3130 1255 3152 ctiam
1267 3126 1353 3153 Glolsa
1451 3132 1471 3152 G
1481 3133 1497 3152 L
1508 3132 1528 3150 v
1538 3132 1560 3151 Τ
1570 3132 1578 3150 1
1589 3131 1609 3150 Ν
1621 3132 1641 3151 Α
1651 3133 1672 3152 Τ
1681 3133 1690 3151 1
1699 3134 1718 3153 ο
1727 3146 1736 3158 ,
1753 3126 1821 3152 otiis.
1840 3127 1860 3154 f.
1895 3125 1960 3152 Cels.
1969 3131 1996 3158 7,
2011 3131 2041 3158 27
2065 3124 2152 3151 Solida
2166 3125 2307 3158 glutinatio
2320 3126 2443 3155 vulneris·-

315 3163 349 3197 esi
363 3163 545 3197 interpretatio
560 3163 664 3196 linguae
678 3162 832 3189 secretioris.
902 3162 957 3187 Huc
967 3164 1076 3196 pertinet
1089 3165 1208 3196 impurum
1222 3162 1354 3196 Epigram-
1449 3167 1470 3187 G
1481 3167 1497 3186 L
1506 3167 1527 3186 V
1536 3167 1557 3187 Τ
1566 3168 1575 3186 1
1584 3167 1605 3186 N
1614 3167 1634 3186 Α
1644 3167 1665 3186 Τ
1675 3168 1683 3187 1
1693 3167 1740 3187 vv
1749 3169 1778 3194 S,
1798 3170 1828 3194 a,
1848 3170 1901 3187 um.
1932 3159 1990 3186 Adi.
2027 3159 2118 3186 Virtus
2140 3160 2216 3195 Apul.
2229 3160 2261 3187 de
2274 3162 2357 3189 Herb.
2370 3172 2390 3188 c.
2404 3161 2446 3198 ’μ’

317 3209 360 3226 ma
376 3198 487 3225 Ausonii
510 3205 555 3232 127
582 3199 609 3223 in
628 3199 730 3224 Eunum
747 3204 842 3233 turpem
860 3197 1069 3227 Grammaticnm,
1088 3197 1159 3222 Eune
1180 3198 1250 3231 quod
1263 3197 1353 3223 vxoris
1371 3201 1400 3230 85
1412 3196 1479 3224 Add.
1495 3195 1564 3222 Ibid.
1578 3205 1599 3221 c.
1612 3202 1656 3229 77.
2432 3209 2438 3227 Ι

317 3234 442 3269 grauidae
474 3233 561 3268 putria
590 3233 698 3267 inguina
726 3232 838 3265 lambis,
859 3231 973 3259 Festinas
1003 3231 1093 3266 glossas
1125 3240 1178 3257 non
1205 3233 1272 3258 natis
1301 3238 1352 3259 tra·
1451 3237 1472 3257 G
1483 3237 1604 3258 LVTlN
1612 3232 1662 3256 ᾸΤ
1672 3236 1692 3256 0
1702 3238 1738 3263 R,
1758 3232 1821 3258 oris.
1841 3240 1876 3256 m.
1913 3229 2052 3262 [καλλῆτης
2067 3229 2144 3256 Gloss.
2159 3231 2204 3257 Gr.
2220 3231 2293 3265 Lat.]
2331 3231 2443 3265 Cic.At(,

316 3271 378 3297 dere
393 3270 467 3296 natis.
687 3280 691 3281 ⁷
1414 3276 1442 3301 4,
1456 3276 1474 3300 4
1493 3266 1577 3293 Etiam
1590 3266 1685 3292 vellem
1699 3267 1766 3293 mihi
1780 3267 1866 3293 mittas
1881 3264 1912 3290 de
1926 3266 1977 3290 tuis
1992 3265 2136 3291 librariolis
2150 3265 2216 3291 duos
2230 3267 2341 3301 aliquos,
2350 3267 2442 3302 quibus

356 3312 376 3331 G
387 3313 402 3331 L
412 3312 473 3331 oss
483 3311 520 3331 vs
537 3310 576 3335 A,
596 3311 633 3329 ae.
656 3303 676 3329 f.
703 3303 831 3329 Diminut.
867 3301 989 3329 Diomed.
1006 3310 1018 3327 2
1029 3311 1053 3336 p.
1066 3310 1112 3335 421
1127 3309 1190 3328 extr.
1216 3302 1352 3328 Enarratio
1415 3303 1557 3334 Tyrannio
1576 3307 1665 3327 vtatur
1686 3301 1907 3335 glutinatoribus,
1924 3300 1954 3326 ad
1969 3308 2068 3327 caetera
2083 3300 2243 3328 administris
2258 3312 2265 3328 ε
2298 3302 2384 3337 iisque
2397 3303 2442 3330 im-

319 3341 356 3367 est
368 3340 539 3367 obscurorum
555 3339 674 3365 sensuum
687 3338 903 3372 quaestionuinue
917 3339 1066 3372 explanatio
1078 3337 1120 3363 vel
1138 3337 1293 3370 exquisitio,
1308 3346 1355 3372 per
1414 3347 1488 3372 peres
1501 3343 1529 3364 vt
1542 3338 1641 3363 sumant
1655 3337 1860 3364 membranulam
1869 3356 1876 3367 ‚
1894 3344 1924 3360 ex
1939 3345 1990 3370 qua
2004 3336 2100 3362 indices
2113 3335 2183 3363 fiant.
2267 3337 2457 3366 Glutinatora·

321 3385 399 3410 quam
414 3375 617 3409 vniuscuiusque
631 3373 672 3400 rei
686 3374 838 3408 qualitatem
852 3374 961 3407 po'e'ticis
975 3372 1088 3407 gloffiilis
1105 3372 1273 3398 exsoluimus.
1363 3382 1399 3408 90
1413 3377 1494 3409 igitur
1507 3372 1584 3409 fimt,
1603 3375 1646 3406 qui
1667 3380 1757 3398 curant
1776 3372 1868 3402 libros,
1887 3378 1915 3397 vt
1928 3372 2073 3397 commaritus
2087 3371 2226 3407 diutiusque
2231 3373 2334 3408 seruari
2344 3372 2458 3409 poffim}

356 3418 375 3436 G
388 3418 404 3436 L
415 3418 433 3437 O
443 3419 455 3437 3
465 3418 477 3437 3
489 3411 536 3437 ΕΜ
547 3417 567 3436 Α
576 3429 583 3440 ,
607 3409 663 3435 atis.
689 3418 715 3435 n.
751 3409 922 3441 [fideman-oe,
938 3408 1044 3444 χόλων]
1081 3407 1156 3434 Idem.
1193 3407 1320 3440 Qtincffil.
1336 3416 1355 3438 1,
1413 3417 1472 3444 quor
1485 3417 1548 3434 nunc
1561 3407 1747 3441 Compaetores
1760 3414 1783 3432 et
1795 3406 1963 3441 Bibliopegos
1975 3407 2054 3432 dicere
2068 3415 2118 3432 mos
2130 3405 2172 3439 gli.
2429 3425 2433 3442 ¹.
2456 3404 2458 3430 l

322 3449 346 3476 8,
360 3454 383 3477 ις
399 3447 476 3472 Circa
490 3445 638 3479 glossemata
650 3445 746 3476 etiam,
765 3444 792 3470 id
806 3444 842 3470 est
855 3452 931 3470 voces
945 3444 1030 3470 minus
1049 3443 1169 3475 vlitatas,
1188 3452 1242 3468 non
1261 3442 1353 3469 vltima
1451 3449 1572 3470 GLVTl
1584 3449 1604 3468 N
1614 3448 1664 3469 ΛΤ
1674 3447 1806 3473 ORIVS,
1823 3450 1853 3473 a,
1875 3451 1928 3468 um.
1942 3446 1945 3447 ’
1960 3442 2020 3468 Adi.
2057 3442 2149 3468 Virtus
2170 3441 2293 3469 Priscian.
2315 3442 2348 3469 de
2369 3442 2457 3471 Dia&

323 3481 379 3504 eius
394 3481 551 3513 professionis
565 3480 701 3515 diligentia
713 3480 757 3505 est.
864 3480 949 3505 Varro
962 3478 993 3506 de
1007 3479 1036 3504 L.
1052 3479 1080 3504 L.
1094 3481 1119 3508 6,
1134 3487 1146 3510 3
1160 3487 1183 3512 p.
1197 3486 1225 3512 71
1238 3485 1302 3504 extr.
1316 3488 1355 3503 cx-
1414 3483 1440 3505 ta
1459 3488 1479 3505 c.
1496 3488 1532 3505 10.
2420 3486 2421 3491 ¹

318 3521 412 3548 ponens
425 3516 517 3550 vcrfiaem
531 3516 617 3546 Ennii,
632 3515 763 3542 Caelitum
777 3513 889 3541 Camilla
901 3514 1035 3547 expeetata
1049 3514 1171 3545 aduenis,
1189 3513 1257 3539 salue
1269 3513 1356 3547 hospi·
1453 3520 1474 3540 G
1484 3520 1499 3539 L
1508 3520 1528 3538 v
1537 3518 1559 3539 Τ
1569 3518 1579 3538 1
1589 3519 1611 3538 N
1620 3519 1641 3538 Λ
1650 3519 1672 3538 Τ
1681 3517 1701 3538 Ο
1711 3517 1729 3538 R
1740 3517 1828 3544 IVM,
1847 3512 1865 3538 i.
1886 3521 1912 3539 n.
1948 3511 2107 3548 Κολλητῆμσν
2123 3511 2201 3539 Gloff.
2216 3513 2264 3540 Gr.
2276 3510 2335 3541 Lat.
2368 3510 2443 3541 intell.-

325 3555 351 3574 ta
364 3550 483 3575 Camilla.
553 3551 680 3583 Camilla,
699 3553 781 3586 inquit
791 3570 798 3582 ,
818 3550 864 3583 qui
877 3549 1022 3583 glossemata
1036 3549 1215 3583 interpretati,
1233 3549 1356 3575 dixerunt
1371 3554 1404 3581 95
1417 3549 1620 3575 medicamentum.
2421 3575 2424 3585 v

326 3583 513 3610 administram.
549 3587 615 3612 Addi
628 3592 747 3621 oportet,
768 3587 798 3612 In
811 3585 851 3611 his
865 3593 931 3619 quae
943 3584 1095 3611 occultiora.
1151 3584 1274 3610 Afranius
1294 3584 1354 3609 Gal·
1455 3590 1475 3610 G
1485 3591 1501 3610 L
1510 3591 1530 3610 v
1540 3589 1560 3609 Τ
1570 3589 1619 3608 'rv
1629 3588 1642 3607 3
1651 3601 1657 3611 ,
1677 3582 1697 3608 i.
1716 3591 1752 3609 m.
1789 3584 1853 3610 Pars
1865 3582 1930 3615 colli,
1961 3591 1992 3608 ua
2002 3581 2052 3608 cibi
2063 3584 2276 3609 transmittuntur.
2314 3580 2387 3610 FiHa
2397 3589 2442 3609 vote

325 3619 366 3645 Ius
379 3618 444 3653 apud
456 3618 523 3644 Suet.
539 3620 569 3645 de
581 3622 648 3648 Clar.
663 3623 778 3648 Gramm.
795 3629 827 3647 22
846 3619 962 3653 Pugilem
975 3619 1041 3646 olim
1055 3619 1129 3645 fuisse
1149 3619 1250 3645 Asinius
1266 3619 1356 3645 Gallus
1412 3625 1460 3655 per
1477 3620 1677 3652 onomatopoeiam
1693 3628 1701 3642 :
1736 3627 1791 3644 nam
1810 3618 1872 3645 Glut
1890 3617 1921 3650 est
1942 3591 2055 3644 imitatio
2069 3616 2141 3652 fini,
2161 3626 2228 3652 quem
2248 3617 2298 3643 edit
2310 3619 2391 3653 liquor
2399 3624 2442 3652 ptr

326 3654 378 3681 hoc
391 3655 419 3679 in
429 3661 489 3678 cum
502 3654 692 3687 Epigrammate
704 3656 816 3682 ostendit
825 3676 833 3687 ‚
866 3655 920 3688 Qui
933 3659 1008 3689 caput
1020 3654 1051 3680 ad
1065 3655 1164 3680 laeuam
1179 3655 1271 3681 didicit
1284 3653 1356 3682 (dei-
1416 3653 1543 3691 angustum
1555 3656 1677 3678 tramitem
1690 3662 1778 3680 mmm.
1850 3653 1982 3687 Casizubon.
1994 3655 2020 3677 in
2033 3652 2098 3677 Pers.
2113 3659 2135 3683 5,
2145 3660 2183 3691 ¹¹²?
2203 3653 2285 3686 Inque
2297 3652 2353 3679 luto
2365 3653 2446 3684 fixum,

328 3690 363 3715 cit
376 3691 488 3715 certatim
501 3691 551 3713 vir!
572 3690 637 3715 dosii
650 3691 797 3725 emendam)
816 3690 962 3724 glossemata
979 3690 1056 3716 nobis
1092 3691 1238 3724 Praecipit,
1254 3699 1283 3716 os
1301 3690 1357 3716 nul·
1417 3689 1490 3724 pollis
1503 3687 1692 3715 transscendere
1705 3697 1829 3721 numum,
1853 3689 1910 3715 Nec
1922 3687 2007 3722 glutto
2020 3686 2124 3713 sorbere
2138 3687 2244 3714 saliuam
2256 3687 2442 3719 mercurialem.
2456 3718 2457 3723 1

325 3725 395 3752 lum.
415 3723 455 3749 vel
470 3723 556 3757 potius
570 3725 673 3757 pugilis.
775 3726 875 3752 Charis.
889 3735 899 3752 1
912 3735 936 3761 p.
951 3727 997 3752 106
1006 3732 1048 3760 pr.
1069 3725 1241 3758 Gloss'emata,
1260 3725 1357 3752 horum
1367 3726 1469 3759 tooQti
1480 3723 1565 3751 laudat
1577 3725 1649 3748 etiam
1664 3725 1743 3750 Vetus
1765 3725 1851 3759 Epigr.
1869 3727 1896 3749 in
1913 3722 2037 3754 rusticum·
2048 3721 2154 3754 ebrium,
2172 3722 2286 3749 Percutit
2307 3729 2332 3749 et
2349 3721 2444 3755 frangit

324 3760 518 3794 glossematum,
538 3757 578 3783 his
597 3760 795 3791 glossematibus.
1418 3768 1477 3790 vas,
1495 3758 1587 3785 vinum
1608 3757 1715 3791 defluit,
1733 3761 1791 3786 ansa
1804 3758 1897 3785 strieta
1913 3758 1981 3790 fuit,
1997 3757 2053 3791 glut
2067 3755 2123 3790 glut
2148 3763 2294 3785 murmurat
2313 3757 2383 3785 vnda
2405 3757 2442 3784 so-

363 3801 382 3820 G
393 3802 408 3821 L
417 3801 435 3821 O
445 3801 457 3821 s
467 3802 478 3820 S
488 3800 504 3820 E
515 3799 540 3819 Μ
552 3800 573 3819 Α
583 3800 603 3819 Τ
615 3792 652 3820 fc
662 3801 682 3818 V
693 3803 705 3821 3
715 3815 723 3827 ,
743 3805 756 3821 a
764 3816 771 3827 ,
793 3805 847 3822 um.
881 3796 940 3823 Adi.
983 3796 1031 3826 Vt,
1048 3795 1260 3823 Glofl‘ematicum
1278 3805 1358 3831 genus
1417 3803 1488 3821 nans-
1559 3793 1626 3817 Hinc

325 3829 490 3857 locutionum
502 3828 568 3863 apud
585 3829 705 3855 Diomed.
720 3831 834 3856 Gramm.
848 3839 863 3856 2
876 3840 900 3865 p.
915 3839 975 3865 434.
1454 3835 1475 3854 G
1485 3834 1500 3852 L
1510 3834 1531 3853 v
1541 3833 1612 3853 ΤΤι
1623 3834 1642 3854 ο
1652 3848 1661 3860 ,
1687 3832 1733 3856 ire.
1778 3828 1889 3861 Gluttit,
1907 3827 2022 3861 ἒγκείπτ-ει
2040 3827 2098 3853 Vet.
2118 3827 2196 3854 Gloss.
2237 3828 2282 3854 1721
2293 3827 2445 3864 vtsrequen-
2460 3837 2462 3841 ,

365 3870 387 3891 G
400 3872 414 3891 L
424 3872 443 3891 o
452 3871 464 3890 3
473 3871 486 3891 3
495 3871 516 3890 Α
525 3870 544 3890 R
554 3871 562 3890 1
572 3870 593 3889 V
604 3870 626 3889 Μ
639 3882 645 3893 ,
664 3864 681 3889 i.
701 3873 727 3889 n.
762 3865 828 3890 Cato
840 3872 878 3900 ap.
893 3866 960 3892 Gell.
974 3870 1009 3897 18,
1022 3872 1040 3900 7
1059 3867 1112 3892 Vos
1125 3866 1292 3900 Philosophi,
1305 3875 1357 3893 me·
1415 3866 1466 3890 tius
1473 3862 1605 3898 scribitur.
2416 3874 2418 3876 v

327 3909 357 3930 ra
368 3900 427 3929 estis
439 3899 585 3928 mortuaria
598 3898 732 3927 Glossaria.
769 3898 863 3927 Obiicic
874 3901 926 3928 illis
934 3900 1046 3936 studium
1059 3902 1187 3928 verborum
1202 3904 1322 3929 inanium.
1364 3910 1412 3939 ως
1452 3903 1473 3925 G
1483 3904 1498 3925 ι
1510 3904 1529 3925 ν
1541 3905 1561 3924 Τ
1570 3905 1579 3924 1
1589 3906 1607 3925 o
1617 3917 1625 3931 ‚
1644 3900 1692 3926 ire.
1727 3898 1891 3932 [καταπῆγω]
1926 3898 2059 3926 Deuorare.
2094 3897 2186 3924 quen.
2201 3897 2251 3924 Sat.
2263 3902 2330 3931 4,28
2351 3894 2445 3956 qulgg
