2479 4225
246 196 328 235 1051·
618 172 636 212 Ι
719 169 763 210 N
849 163 884 204 C
1733 142 1750 183 Ι
1833 140 1878 180 Ν
1966 140 2001 180 C
2297 150 2426 188 ¹0523

276 276 287 296 1
296 275 341 296 Nc
350 274 369 294 o
377 274 401 293 M
411 273 436 292 Μ
446 272 455 291 1
465 270 478 290 s
487 269 504 291 c
513 271 522 290 1
531 270 547 290 11
555 269 565 288 1
575 267 593 287 1.
603 269 614 288 1
624 268 637 289 s
671 268 695 286 e.
715 256 775 285 Adi.
790 273 793 278 .
810 249 924 285 Simplex
939 252 965 275 et
977 240 1208 273 incommiscibilis
1221 238 1278 266 ani-
1374 243 1386 264 1
1395 243 1418 264 N
1426 243 1443 264 c
1451 243 1470 265 o
1479 243 1504 263 M
1515 241 1531 262 1>
1541 242 1563 262 Α
1571 241 1583 261 s
1593 241 1605 261 s
1615 240 1624 259 1
1635 239 1652 260 B
1660 238 1670 258 1
1680 238 1697 258 L
1705 238 1716 257 1
1725 238 1739 258 s
1747 251 1755 264 ,
1774 239 1798 257 e.
1835 229 1897 256 Adi.
1932 228 1961 255 Si
1973 229 2135 265 impassibilis
2147 226 2234 264 pater,
2247 225 2342 261 vtique
2354 230 2382 253 et
2445 236 2470 259 α,Ι

242 314 300 334 mu,
318 302 435 330 Termll,
449 300 481 327 de
495 298 590 325 Anima
602 307 624 324 ς,
640 280 673 322 1²2,
1339 272 1552 308 incompaffibilis
1564 268 1684 297 Tertull.
1698 267 1757 294 adu.
1769 268 1844 293 Prax.
1857 275 1878 291 c.
1895 273 1937 297 29.
2400 258 2403 261 ’
2461 260 2463 262 ·

278 347 288 366 1
297 346 318 365 N
326 345 341 365 c
350 345 369 364 0
378 344 403 364 Μ
416 344 439 362 M
450 334 469 362 ὁ
478 341 496 361 1)
506 341 526 359 V
535 341 560 360 M
569 353 577 366 ‚
597 333 616 359 i,
636 341 662 357 n,
697 329 710 361 [
724 320 837 357 συμφοραὶ
850 321 863 354 ]
898 316 1030 351 ΜσΙψὶα,
1051 315 1164 342 damnum
1174 332 1182 344 ‚
1200 310 1278 336 dctri-
1376 316 1387 335 1
1396 314 1418 334 N
1427 315 1444 335 C
1454 315 1473 335 Ο
1482 315 1506 334 Μ
1517 313 1532 333 Ρ
1543 314 1559 334 E
1570 314 1588 333 R
1597 313 1618 331 T
1628 311 1647 329 V
1656 311 1669 330 s
1677 322 1685 334 ,
1709 312 1723 329 a
1731 322 1738 334 ,
1758 311 1813 342 nm.
1843 301 1904 327 Adi.
1941 299 2098 335 [ἀνεύρετος]
2135 300 2281 335 [incognitus
2289 315 2297 326 ,
2309 301 2332 321 et
2351 295 2379 322 de
2453 265 2468 317 i

243 380 354 402 mentum.
391 366 450 398 Cic.
460 370 492 396 de
505 370 561 396 Fin.
577 378 583 394 1
610 374 639 398 25
663 365 752 395 Itaque
770 366 824 384 non
835 356 871 381 ob
879 363 910 381 ea
924 354 1010 380 solum
1024 348 1202 379 incommoda,
1210 353 1278 381 quae
1340 351 1386 378 quo
1398 350 1492 370 certum
1506 353 1553 368 που
1570 341 1691 368 habemus.
1735 338 1801 364 Phn.
1814 346 1854 370 34,
1867 345 1889 367 13
1915 336 2003 370 Origo
2016 341 2094 369 atque
2107 340 2200 361 natura
2212 332 2268 359 eius
2282 331 2382 357 incom.
2454 319 2473 349 ,11

243 409 371 438 eueniunt
384 405 522 442 improbis,
537 388 686 437 fugiendam
706 391 904 427 improbitatem
921 395 1049 424 putamus.
1122 385 1217 417 Expers
1236 382 1278 407 in-
1307 387 1321 414 ς
1343 384 1415 412 perta
1428 379 1464 405 est
1477 378 1555 405 mihi.
1599 376 1672 403 Idem
1686 383 1710 406 4,
1724 382 1748 405 ¹3
1773 374 1954 405 incompertae
1967 369 2165 405 magnitudinis.
2235 369 2384 400 incomper-
2415 397 2418 400 .
2460 369 2473 392 ’,,

244 443 380 471 commodi
406 443 462 469 Εἰς,
477 442 551 467 verr,
566 447 587 468 ρ,
602 443 650 468 19¹·
716 431 819 461 Integer
837 432 862 453 et
877 425 989 452 sincerus
1002 423 1035 450 ab
1053 418 1224 447 incommodo
1238 414 1277 442 Id.
1342 419 1399 440 tum
1411 414 1513 448 aliquid
1525 414 1612 440 dicere
1630 411 1690 437 Liu.
1705 417 1730 441 9,
1743 411 1782 434 26.
1854 406 1989 433 Vetustate
2004 407 2199 439 incompertum
2216 403 2290 429 Idem
2304 410 2333 434 4,
2346 409 2383 433 23.
2447 407 2479 440 η

2469 459 2477 470 γ

774 464 839 489 Non
857 461 945 488 hercle
965 461 1091 486 Parmeno
1112 453 1202 481 verbis
1223 451 1279 477 dici
1340 450 1509 483 Incompcrta
1527 449 1571 475 via
1585 447 1621 474 est
1640 446 1717 479 Virg.
1730 444 1757 470 in
1772 445 1855 469 Aetna
1868 452 1894 468 v.
1911 450 1961 474 141.
2032 439 2206 468 Adsciscendo
2224 437 2287 463 deos
2301 436 2384 463 maio·
2446 443 2449 475 ξ

634 477 642 484 a
712 473 721 490 1

242 481 442 550 {dffihlgtiium
452 532 460 544 ‚
470 473 574 544 '3de
569 480 604 532 reec
606 473 804 537 'iiiia41iau3igare
817 495 1018 524 incommodum
1033 493 1078 520 est.
1146 490 1211 516 Non
1224 492 1281 513 erat
1342 485 1416 512 ribus
1429 485 1607 519 incompertos
1621 481 1742 509 Prudent.
1757 478 1816 504 adu.
1830 479 1926 510 Syinm.
1942 485 1968 507 2,
1981 479 2034 509 363.
2087 475 2147 502 Liu.
2163 480 2200 506 28,
2215 482 2227 505 3
2249 473 2278 499 ld
2293 479 2384 498 vtrum
2409 475 2416 509 J
2447 473 2477 519 Ὗ

243 547 441 577 incommodum
461 551 486 572 te
510 551 544 568 nu
2432 481 2478 636 W

2448 635 2452 659 l

243 585 297 612 tibi
311 581 506 611 incommodum
518 576 569 607 est,
1031 601 1034 603 -
1217 596 1220 597 .

244 622 315 656 ipse,
333 620 375 646 cui
392 616 483 645 debes,
503 612 528 638 se
547 607 718 636 incommodo
731 605 887 633 exafflirum
906 608 983 636 negat
1004 602 1060 626 Cic.
1074 599 1106 624 de
1119 595 1190 622 Clar.
1203 596 1278 621 Orat.

547 541 607 566 llam
628 537 761 564 rationem
780 533 880 561 referre
903 533 959 558 Cic.
974 532 1046 557 Fam.
1067 536 1090 559 2,
1107 528 1144 552 16.
1218 521 1277 550 Nili
1342 528 1434 554 parum
1447 528 1479 546 ex
1492 518 1636 546 interuallo
1654 517 1682 543 sit
1696 513 1864 548 conspe-Cium
1874 533 1882 545 ,
1901 521 1934 539 an
1948 513 2023 539 dolus
2038 511 2136 546 aliquis
2148 508 2280 544 suspet‘i'ms
2292 508 2385 540 fuerit,
2411 514 2421 541 3¹

591 574 616 600 h,
632 582 652 599 ρ,
673 568 802 604 Molestum
819 568 901 595 Plaut,
916 567 993 594 Most.
1008 575 1029 597 3,
1040 572 1066 596 2,
1080 571 1135 589 120.
1197 557 1278 592 Qiod
1295 563 1324 581 10
1342 556 1536 589 incompertum
1549 555 1594 581 est.
1666 552 1733 578 Plin.
1750 559 1788 582 12,
1801 555 1813 578 8
1835 548 1930 582 Qialis
1943 548 1973 574 fit
1987 557 2030 579 ea,
2043 548 2241 580 incompertum
2253 543 2348 570 habeo.
2426 564 2431 571 ,,

1378 597 1388 616 1
1398 593 1642 617 NCOMP'ETEN
1652 594 1673 614 T
1683 594 1736 613 ER.
1780 583 1848 611 Adu.
1886 583 2030 610 Caffiodor.
2052 582 2130 617 Epist.
2153 589 2176 614 ς,
2199 588 2240 612 14.
2281 578 2385 606 Ennod.
2410 583 2413 586 ·
2430 574 2434 595 '-
2465 602 2470 607 ,

1344 634 1366 659 1,
1381 635 1418 652 10.
1454 625 1521 653 Cod.
1536 635 1545 652 1
1560 631 1577 651 t.
1590 633 1601 656 3
1617 623 1633 649 l.
1649 631 1686 655 19.
1701 629 1725 647 et
1740 629 1767 647 η
1781 627 1798 647 t.
1817 628 1829 652 3
1844 619 1861 646 l.
1876 627 1898 646 2.
1935 620 2037 645 Praeter
2054 627 2119 648 rem,
2131 623 2174 643 aut
2188 618 2237 642 ius.

244 666 268 684 e.
280 665 306 689 4.
327 659 346 681 i.
357 656 381 688 Jr
393 650 496 677 debitori
511 643 685 672 incommodum
694 641 732 675 fit
745 642 848 677 soluere.
921 636 1027 664 Accedit
1040 634 1118 661 nobis
1130 630 1198 658 illud
1213 637 1280 664 quo·
1850 656 1855 659 Ι
2460 640 2475 645 Ἥ

244 701 296 727 que
314 683 509 716 incommodum
522 682 577 708 Cic.
592 688 640 715 pro
652 677 744 712 Qint.
758 686 779 709 3.
852 673 977 707 Accipere
992 667 1208 698 incommodum,
1225 664 1280 691 vid.
1378 668 1388 686 Ι
1399 668 1420 687 Ν
1429 667 1447 688 c
1458 668 1509 701 QM
1520 667 1536 688 Ρ
1548 667 1590 687 LE
1599 667 1615 686 Β
1624 658 1637 685 i
1646 665 1662 684 L
1673 665 1681 683 1
1692 664 1722 690 S,
1746 665 1769 682 e.
1805 654 1866 682 Adi.
1904 654 1983 681 Gloff.
2003 655 2051 681 Gr.
2070 654 2127 680 Lat.
2154 650 2310 687 ἐπλήρωσε,
2343 649 2387 676 In·
2440 652 2441 655 ¹
2462 644 2474 666 Τ·

245 729 386 754 Acc1eio.
456 716 532 744 Affici
547 713 717 742 incommodo
738 713 794 739 Cic.
808 710 860 737 off.
874 718 894 742 1,
908 718 943 742 24
954 717 976 735 c.
991 715 1016 742 7.
1089 702 1166 731 Affici
1180 702 1280 727 incom-
1340 696 1517 731 complebxlis.
2415 684 2421 713 ¹*
2452 678 2474 711 ft

244 760 328 788 modis
354 761 379 782 et
404 752 601 780 difficultatibus
632 749 705 776 Idem
724 749 785 776 Diu.
803 747 880 772 Verr.
900 749 922 774 8.
1004 741 1073 776 Augi
1091 736 1280 768 incommodis,
1299 741 1325 768 15
1379 739 1387 758 1
1398 733 1686 760 NCoMPLETvs,
1705 736 1736 760 a,
1755 736 1810 753 um.
1844 725 1905 752 Adi.
1944 726 2003 752 Non
2023 724 2163 758 completus.
2200 719 2308 749 Fit-mic.
2327 727 2352 753 ς,
2369 723 2413 747 ι’
2454 731 2469 748 -,

244 794 320 823 Cadit
349 788 563 818 incommodum,
608 786 708 819 Capere
742 779 957 810 incommodum,
973 778 1027 804 vid.
1041 777 1084 804 hh.
1097 784 1142 803 υυ.
1220 772 1279 798 Cir.
1342 769 1374 796 Et
1388 767 1436 803 qui
1449 768 1548 802 semper
1560 763 1717 800 imperfe&a
1730 761 1944 796 incompletaquc
1961 761 2006 787 sua
2019 758 2127 786 consilia
2139 757 2333 791 derelinquant.
2432 743 2447 770 ι’

243 828 412 857 cumueniunt
447 824 530 850 multa
562 823 649 848 senem
684 815 855 845 incommoda
897 816 966 842 Hor.
989 813 1021 839 de
1044 814 1108 839 Arte
1130 811 1203 837 Po'c't.
1226 809 1280 840 169.
1381 807 1727 830 INCOMPLEXIVVS‚
1748 807 1778 831 a,
1799 806 1853 824 um.
1875 796 1936 823 Adi.
1973 793 2174 830 δυσπερὶληπτον,
2187 790 2388 827 incomprehem
2420 760 2447 840 ξ

242 863 416 892 Committere
429 858 596 886 incommoda
614 857 658 881 sua
672 853 788 888 legibus,
812 851 865 878 vid.
887 854 1085 877 COMMlTTo.
1156 846 1282 871 Commo-
1343 838 1433 870 fibile,
1445 837 1673 873 incomplexiuum
1689 835 1768 861 Gloff.
2426 836 2442 865 „a

241 899 299 926 veri
311 903 337 924 te
351 894 524 923 incommodo
537 890 696 919 valetudinis
708 897 767 916 tuae
781 888 845 914 nolo
858 886 915 912 Cic.
930 887 982 911 Att.
996 894 1018 916 7,
1031 891 1058 919 7.
1129 879 1281 908 Conciliare
1383 881 1393 900 1
1403 881 1478 901 NCO
1487 880 1562 900 MPO
1571 881 1583 900 s
1593 873 1603 899 i
1612 880 1632 899 T
1641 879 1661 898 v
1670 878 1683 898 s
1692 890 1701 903 ,
1719 879 1749 901 a,
1767 878 1821 895 um.
1863 867 1922 894 Adi.
1957 865 2118 901 [οἷσύνθετος]
2157 865 2215 890 Non
2235 860 2390 897 compo-situs,
2423 862 2448 893 ’,φὶ
2473 868 2475 872 ⁴

239 931 407 963 incommoda
426 929 509 957 alicui
532 929 636 955 Lucret.
656 934 678 958 3,
692 930 751 960 877.
844 920 974 948 Contrahi
996 916 1173 945 incommodis
1192 914 1282 948 amici,
1295 920 1331 939 20
1345 910 1482 937 Inornatus
1494 915 1517 936 ct
1528 910 1589 935 incle
1608 917 1654 934 ans
1665 913 1738 941 atque
1749 908 1879 931 incomtus.
1917 902 1978 929 Liu.
1991 912 2019 935 4,
2031 907 2113 936 41pr.
2140 898 2288 933 Tempanii
2301 897 2391 924 oratio
2425 891 2449 946 ᾗῇ

238 970 292 997 vid.
314 972 509 995 CONTRAHO.
580 961 726 989 Debilitata
744 959 835 986 multis
849 955 1027 983 incommodis
1043 954 1143 981 veritas
1162 952 1218 979 Cic.
1233 958 1283 984 pro
1345 944 1518 980 incomposita
1531 944 1606 971 fuine
1621 943 1730 972 dicitur,
1742 947 1787 967 ctc.
1858 937 1982 965 Moribus
1996 935 2183 970 incompositus
2201 932 2311 967 QinEl.
2326 941 2355 966 4,
2367 939 2390 965 ς.
2424 926 2429 958 2
2443 948 2449 967 3

239 1004 334 1039 Qiint.
347 1013 374 1036 4.
444 1001 513 1027 Dare
528 996 697 1025 incommoda
710 995 783 1022 Idem
798 994 830 1020 de
845 993 903 1020 Fin.
917 1001 939 1024 ς,
953 1000 995 1025 50.
1064 989 1162 1016 Dolere
1181 987 1281 1013 incom-
1346 980 1420 1008 Idem
1433 989 1459 1014 9,
1472 989 1499 1014 4.
1569 981 1671 1014 Agmen
1689 977 1749 1004 Liu.
1768 985 1793 1008 2,
1811 980 1849 1008 38.
1921 971 2106 1007 incompositi,
2124 974 2143 997 i.
2164 971 2281 997 Palantes
2297 966 2400 995 lustin:
2422 951 2449 994 i

239 1040 322 1068 modo
341 1037 554 1070 detrimentoque
573 1035 620 1060 suo
643 1033 682 1059 ld.
696 1031 728 1058 de
742 1031 813 1058 Clar.
825 1030 900 1056 Orat.
913 1036 940 1061 4.
1009 1026 1107 1052 Facere
1121 1025 1169 1050 suo
1182 1023 1282 1049 incom-
1346 1025 1366 1048 1,
1377 1024 1402 1049 3,
1415 1025 1443 1051 4·
1512 1016 1602 1043 Motus
1620 1012 1808 1048 incompositos
1826 1010 1888 1037 dare
1907 1009 1984 1045 Virg.
2004 1009 2103 1042 Georg.
2122 1016 2141 1037 1,
2161 1014 2215 1039 350.
2271 1003 2395 1031 Saltatio-
2426 996 2446 1041 J

242 1075 323 1102 modo
342 1072 444 1108 aliquid
465 1072 522 1098 Cic.
537 1071 590 1096 Att.
605 1078 640 1099 12,
659 1070 703 1101 46.
775 1067 855 1093 Ferre
877 1061 1047 1090 incommoda
1065 1059 1162 1090 alicui,
1176 1065 1226 1094 pro
1240 1060 1283 1084 In-
1345 1061 1406 1078 nem
1427 1051 1499 1078 nulla
1515 1056 1545 1078 ea(
1565 1057 1621 1078 arte
1639 1049 1801 1076 venientem.
1822 1045 1936 1073 Seruius.
2006 1042 2075 1070 Pede
2088 1040 2264 1076 incompofito
2280 1042 2394 1066 currunt:
2424 1037 2446 1067 '7:⁴³

239 1109 398 1138 commodare.
436 1107 507 1134 Idem
522 1107 560 1140 Q
572 1106 640 1132 Frat.
654 1112 673 1135 1,
685 1112 701 1129 2
726 1103 814 1137 Atque
832 1101 869 1127 ita
883 1098 953 1125 mihi
966 1097 1071 1124 dicebat
1085 1095 1209 1126 Flauius,
1222 1093 1284 1120 scri-
1298 1097 1330 1124 25
1345 1088 1436 1115 versus
1455 1088 1521 1114 Hor.
1535 1087 1616 1114 Serui.
1632 1095 1651 1119 1,
1667 1094 1705 1117 10,
1721 1093 1739 1110 1.

239 1152 314 1183 ptum
328 1146 357 1171 in
370 1153 400 1171 ea
413 1142 535 1178 epistola,
555 1150 632 1176 quani
645 1145 716 1166 tuam
730 1138 778 1164 esse
797 1135 919 1167 dicebat,
936 1140 961 1160 te
977 1138 1022 1160 aut
1037 1131 1108 1168 quali
1121 1130 1212 1157 amicis
1229 1130 1283 1156 tuis
1384 1130 1394 1149 1
1405 1130 1429 1149 Ν
1440 1128 1457 1149 C
1468 1129 1487 1149 0
1498 1128 1523 1149 M
1537 1128 1551 1149 ι’
1561 1129 1580 1149 o
1589 1124 1620 1149 si'
1631 1128 1653 1147 T
1664 1128 1690 1147 E.
1716 1119 1783 1147 Adu.
1822 1114 1990 1151 [devueimf]
2025 1114 2088 1140 Liu.
2103 1121 2141 1146 25,
2154 1120 2185 1147 37
2203 1112 2235 1138 Et
2247 1111 2276 1137 in
2288 1109 2394 1138 hostem
2424 1096 2443 1123 ’ς’

240 1182 337 1217 gratias
348 1179 483 1210 affimm,
502 1182 547 1203 aut
562 1175 633 1210 quafi
654 1173 770 1201 inimicis
789 1170 958 1199 incommoda
971 1169 1096 1196 laturum,
1202 1166 1284 1191 Ferre
1347 1159 1512 1194 negligenter
1525 1163 1550 1184 ei
1562 1155 1735 1191 incomposite
1749 1154 1900 1182 venientem
1914 1153 2061 1178 incurrunt.
2080 1150 2106 1176 h.
2120 1158 2140 1175 c.
2156 1150 2214 1176 Sine
2232 1146 2327 1174 ordine.
2430 1143 2449 1160 ''⁸''

242 1215 427 1247 incommoda,
448 1220 473 1240 at
493 1221 527 1238 ue
546 1211 657 1238 iniurias
677 1210 731 1236 viri
749 1217 857 1238 omnes,
874 1212 900 1233 et
913 1212 1003 1240 tegere
1021 1201 1195 1230 contumelias
1214 1201 1284 1227 Ter.
1385 1202 1396 1222 1
1406 1201 1427 1220 N
1436 1200 1480 1220 CO
1490 1200 1538 1220 ΜΡ
1547 1201 1590 1220 RE
1600 1200 1620 1220 H
1632 1199 1648 1219 E
1657 1199 1678 1218 N
1688 1199 1700 1218 S
1710 1198 1719 1216 1
1728 1192 1762 1218 Bi'
1771 1198 1787 1217 L
1796 1197 1806 1216 1
1815 1197 1883 1221 S‚—e.
1905 1187 1964 1214 Adi·
2001 1184 2208 1219 [dunelma-ros]
2243 1181 2316 1218 QOd
2328 1190 2395 1208 como

240 1255 306 1280 Hec.
321 1261 341 1283 1,
356 1259 380 1283 2,
393 1258 435 1282 90.
472 1250 483 1275 1
505 1247 540 1274 id.
554 1255 577 1280 ς,
590 1256 600 1279 3
613 1253 677 1273 extr.
768 1243 856 1271 Habet
871 1243 944 1269 locus
963 1241 1019 1275 plus
1038 1237 1188 1266 adiumenti
1204 1245 1284 1271 quam
1342 1229 1467 1267 prehendi
1486 1237 1510 1255 et
1522 1227 1658 1264 constringi
1670 1237 1718 1253 non
1731 1224 1821 1262 potest.
1858 1224 1924 1251 Plin.
1939 1222 2018 1257 Epist.
2033 1230 2054 1254 1,
2067 1229 2099 1247 20
2123 1221 2157 1246 Vt
2171 1219 2206 1245 est
2219 1219 2248 1245 in
2261 1218 2396 1252 disputan-

240 1285 404 1316 incommodi
416 1285 474 1311 Cic.
487 1283 521 1310 de
534 1284 608 1310 Orat.
623 1291 646 1315 ε,
659 1289 710 1308 102.
782 1279 922 1306 IdemAtt.
937 1286 969 1308 11,
982 1286 993 1308 3
1012 1276 1099 1311 Negas
1113 1272 1283 1309 praecipuum
1299 1277 1332 1301 30
1349 1266 1384 1293 do
1404 1264 1693 1299 incomprehensibilis,
1713 1268 1738 1288 et
1760 1260 1895 1292 lubricus,
1916 1260 1952 1286 ita
1971 1257 2065 1284 eludit.
2118 1255 2187 1282 Cels.
2206 1254 2236 1280 in
2255 1252 2362 1288 praefat.
2383 1260 2408 1281 t.
2430 1257 2437 1266 ·

1349 1302 1485 1336 Qioniaui
1499 1298 1768 1335 incomprehensibilis
1781 1302 1875 1323 natura
1887 1295 1934 1328 fit,
1954 1297 1972 1320 i.
1989 1290 2165 1328 Comprehendi
2183 1296 2206 1317 et
2224 1288 2333 1324 intelligi
2345 1297 2396 1313 non
2442 1296 2443 1301 ¹

240 1323 309 1352 mihi
329 1321 413 1348 vllum
432 1318 631 1346 incommodum
648 1316 812 1351 Impendere.
904 1314 1052 1347 Importare
1075 1308 1286 1339 incommodum,
2275 1325 2311 1353 Pa
2347 1323 2352 1328 ¹

2312 1328 2396 1352 ruita-
2434 1339 2444 1349 .,

2274 1356 2275 1359 ’
2433 1353 2441 1363 θ

238 1358 294 1385 vid.
312 1363 469 1384 xMPORTo.
539 1354 646 1380 inuecta
659 1351 828 1379 incommoda
848 1358 895 1385 per
913 1349 1046 1383 aliquem,
1066 1346 1120 1373 uid.
1144 1349 1284 1371 1NVEHo.
1344 1337 1430 1374 poffit.
1501 1337 1638 1370 Praecepta
1659 1333 1790 1368 Quinctil.
1807 1341 1834 1366 9,
1850 1340 1870 1359 ι.
1939 1329 2043 1356 Veritas
2064 1327 2132 1353 Gell.
2154 1335 2187 1358 11,
2204 1332 2227 1360 5.

240 1394 357 1422 Leniunt
372 1389 540 1418 incommoda
554 1389 624 1416 vitae
635 1387 840 1416 commodorum
852 1383 1065 1418 compensatione
1079 1381 1206 1416 sapientes
1228 1379 1284 1406 Cic.
1349 1381 1444 1400 arenae
1456 1370 1728 1407 incomprehensibilis
1744 1366 1876 1395 Columel.
1892 1375 1921 1393 10
1933 1365 1962 1391 in
1974 1372 2094 1399 prooem.

241 1430 274 1456 de
284 1429 324 1462 N.
339 1429 372 1455 D.
385 1437 406 1460 1,
420 1436 447 1459 23
460 1435 482 1452 c.
497 1434 512 1459 9
527 1432 591 1452 exer.
680 1424 754 1450 Idem
767 1424 805 1457 Q
817 1422 886 1448 Frat.
902 1429 921 1451 1,
933 1429 943 1446 1
983 1418 1081 1453 Aliqua
1100 1425 1131 1442 cx
1149 1421 1222 1451 parte
1243 1414 1284 1442 his
1385 1416 1395 1436 1
1406 1417 1424 1436 N
1435 1415 1451 1435 C
1462 1414 1481 1434 O
1492 1415 1516 1434 M
1529 1414 1544 1434 1>
1555 1414 1572 1433 R
1582 1413 1653 1434 EHE
1662 1413 1682 1432 N
1694 1412 1707 1431 S
1718 1411 1725 1429 1
1736 1411 1751 1430 B
1762 1411 1769 1430 Ι
1781 1411 1796 1430 L
1806 1405 1844 1428 '1'T
1854 1409 1870 1429 E
1879 1408 1908 1428 R·
1935 1400 2004 1426 Adu·
2041 1399 2154 1425 Hieron·
2168 1395 2247 1431 Epist·
2260 1400 2303 1430 87-

240 1463 419 1492 incommodis
431 1461 533 1488 Mederi
545 1460 648 1487 fortass‘e
662 1459 794 1494 potuiss'et,
809 1464 854 1484 etc.
927 1455 1029 1481 Patiens
1043 1451 1219 1482 incommodi,
1231 1450 1285 1477 vid.
1304 1450 1332 1478 33
1383 1452 1393 1471 1
1403 1450 1424 1470 N
1433 1451 1449 1471 C
1458 1451 1477 1471 O
1485 1451 1510 1470 M
1519 1451 1534 1470 P
1543 1451 1561 1470 R
1571 1450 1587 1470 E
1600 1448 1621 1468 Η
1631 1449 1648 1468 E
1659 1447 1679 1466 N
1690 1447 1702 1466 S
1713 1447 1732 1465 V
1742 1446 1755 1464 S
1766 1459 1774 1470 2
1798 1447 1813 1464 ὅ
1823 1457 1830 1468 2
1852 1446 1908 1463 um·
1949 1434 2010 1461 Adi·
2047 1434 2105 1460 Cic·
2123 1432 2202 1460 Acad·
2214 1440 2234 1464 4
2264 1440 2286 1457 c·
2304 1439 2336 1463 30
2349 1435 2398 1466 Pr·-

241 1507 377 1529 PATIQR.
450 1497 506 1524 Cic.
521 1502 606 1531 anteq.
621 1497 672 1522 iret
688 1496 716 1521 in
730 1495 791 1523 exil,
808 1495 836 1519 16
862 1490 934 1518 Mihi
954 1489 1054 1517 credite
1067 1488 1118 1514 hoc
1137 1488 1165 1513 in
1180 1495 1234 1513 vno
1246 1486 1286 1512 in.
1349 1481 1426 1514 Qiae
1439 1488 1487 1506 nos
1502 1475 1719 1512 incomprehensa
1733 1480 1759 1500 et
1772 1482 1828 1500 non
1845 1476 1967 1508 percepta
1986 1469 2110 1496 dicimus.
2162 1466 2286 1494 Prudent.
2298 1463 2398 1500 Apoth-

242 1534 413 1563 commodum
426 1532 625 1562 confirmatum,
645 1531 792 1557 multorum
811 1526 958 1555 infirmabit
975 1523 1203 1553 incolumitatem:
1239 1521 1285 1548 etfi
1349 1518 1393 1546 816
1413 1514 1631 1549 incomprehensa
1649 1512 1744 1539 Virtus·

241 1571 325 1599 initio
347 1579 401 1596 non
419 1569 502 1595 fuerit
514 1568 677 1598 Refutatum,
690 1572 736 1593 etc.
816 1564 953 1594 Reiicerc,
971 1560 1139 1591 diminuere,
1167 1558 1288 1584 deuitare
1388 1558 1396 1578 1
1411 1557 1432 1577 N
1445 1558 1461 1578 C
1471 1558 1489 1587 Q
1500 1558 1552 1577 ΜΤ
1563 1555 1582 1574 V
1594 1557 1623 1580 S,
1641 1557 1655 1574 a
1666 1568 1674 1579 ,
1697 1555 1752 1572 um.
1789 1543 1849 1571 Adi.
1893 1539 2022 1575 [ἄκοσμος
2036 1541 2054 1602 ἐ
2085 1539 2222 1566 Inornatus
2267 1536 2324 1563 Cic.
2342 1535 2398 1562 Att.
2421 1548 2424 1549 ν
2440 1547 2446 1554 <-

1350 1595 1375 1618 2,
1391 1596 1400 1614 1
1427 1587 1586 1621 Quanquam
1600 1590 1644 1610 tua
1656 1582 1716 1612 illa,
1735 1580 1788 1614 legi
1801 1580 1875 1606 enim
1887 1577 2017 1608 libenter,
2055 1573 2176 1602 orridula
2187 1556 2255 1599 milii
2265 1578 2345 1606 atque
2357 1571 2400 1597 in-
2440 1587 2452 1602 ,.

242 1604 443 1635 incommodum
463 1604 517 1630 Cic.
532 1603 564 1629 de
578 1604 680 1629 Inuent.
698 1610 721 1633 2,
736 1606 770 1631 18.
858 1599 988 1632 Reperire
1005 1595 1165 1623 medicinam
1185 1594 1288 1621 incom-

244 1641 349 1674 modis,
368 1640 421 1666 vid.
444 1646 481 1664 Mi
492 1644 578 1665 mco.
648 1638 723 1663 Caes.
737 1637 765 1663 B.
780 1636 812 1663 C.
833 1644 855 1667 3,
867 1643 898 1669 73
924 1634 1069 1668 Acceptum
1086 1628 1288 1658 incommodum
1298 1633 1335 1659 40
1348 1629 1438 1649 comta
1452 1622 1508 1648 visa
1523 1621 1588 1647 sunt.
1633 1618 1707 1646 Idem
1720 1617 1748 1643 in
1759 1617 1833 1643 Orat.
1848 1619 1880 1649 78
1894 1623 1915 1639 c.
1929 1621 1956 1645 23
1981 1611 2086 1638 Sihaec
2099 1608 2202 1636 subtilis
2214 1608 2304 1635 oratio
2317 1607 2398 1634 etiam

245 1677 346 1705 virtute
367 1674 508 1701 Sarcictur.
1351 1658 1469 1685 incomta
1501 1655 1621 1683 deleciat.
1694 1652 1793 1687 Capilli
1820 1651 1889 1677 Hor.
1908 1650 1998 1676 Carm.
2018 1656 2040 1679 1,
2060 1655 2093 1679 12,
2112 1653 2151 1678 41.
2217 1644 2305 1677 Caput
2323 1641 2400 1668 Idem

280 1717 411 1738 1NCOM
421 1707 567 1740 Μόονς,
587 1716 618 1741 a,
636 1715 691 1732 um.
711 1705 771 1732 Adi.
807 1703 982 1738 [ἀσύμφορος]
1019 1701 1092 1737 Quod
1110 1701 1224 1727 damnum
1244 1699 1289 1727 ad.
1352 1694 1435 1728 Epod.
1456 1702 1478 1726 ς,
1496 1695 1534 1719 16.
1602 1692 1691 1718 Decor
1709 1689 1768 1715 Sen.
1790 1686 1902 1722 Hippol-
1921 1692 1943 1719 5.
2021 1683 2134 1718 Compar.
2164 1680 2235 1707 Suet.
2249 1679 2315 1713 Aug.
2329 1685 2352 1702 c.
2365 1678 2404 1709 ⁶2

198 1769 199 1775 ,
239 1746 316 1785 jere,
333 1747 372 1772 vel
384 1742 504 1778 molestum
517 1741 558 1776 est.
593 1742 662 1768 Ter.
676 1742 742 1767 Hec.
756 1749 779 1772 3,
792 1748 820 1772 4,
835 1747 859 1770 13
879 1739 938 1764 Ain’
958 1743 987 1763 tu
1005 1737 1057 1763 tibi
1078 1736 1128 1762 hoc
1142 1736 1290 1762 incommo-
1350 1729 1515 1755 Incomtiore
1537 1727 1641 1762 capillo-

1635 1760 1702 1787 Adu.
1740 1757 1873 1785 Aminian.
1887 1764 1923 1788 31,
1937 1763 1953 1782 2
1977 1752 2084 1789 stipites
2103 1751 2230 1779 dolantur
2241 1749 2358 1776 incomte
2371 1746 2403 1773 in
2426 1784 2430 1788 ι

247 1782 310 1808 dum
324 1781 436 1806 cuenill'e
451 1779 518 1805 iter?
589 1778 645 1803 Cic.
660 1778 738 1803 Vcrr.
758 1785 777 1806 3,
796 1782 843 1807 214
883 1774 948 1800 Non
963 1772 1045 1806 potest
1064 1770 1223 1804 reprehendi
1245 1770 1291 1796 illa
1388 1771 1398 1789 1
1409 1770 1456 1790 NC
1466 1769 1486 1789 O
1500 1769 1525 1788 M
1538 1769 1559 1788 T
1572 1769 1599 1788 E.

245 1816 410 1846 aestimatio,
434 1822 502 1847 quac
520 1813 621 1838 aratori
639 1820 694 1837 non
711 1810 793 1836 modo
814 1808 982 1835 incommoda
1002 1816 1056 1833 non
1075 1806 1126 1838 est,
1150 1805 1193 1831 scd
1209 1805 1290 1831 ctiam
1305 1804 1338 1831 45
1355 1797 1497 1824 hominum
1511 1797 1614 1831 figuras·
1682 1796 1801 1821 11¹00¹¹¹¹C
1814 1792 1921 1818 laudare
1940 1791 2002 1816 Stat·
2016 1789 2082 1816 Sim·
2095 1795 2116 1821 51
2130 1795 2153 1822 5,
2166 1796 2208 1820 34·
2450 1804 2452 1809 v

247 1858 319 1887 grata
333 1850 376 1876 est.
449 1847 536 1873 Rebus
556 1846 731 1872 incommodis
751 1844 889 1870 subleuare
909 1843 1027 1877 aliquem
1050 1842 1107 1868 Cic.
1121 1849 1170 1874 pro
1186 1841 1292 1867 Cluent.
1392 1840 1401 1858 1
1412 1840 1432 1858 N
1443 1839 1460 1859 C
1472 1839 1521 1858 ΟΝ
1534 1838 1551 1858 C
1563 1838 1622 1858 ESS
1632 1836 1653 1854 V
1663 1836 1676 1856 S
1686 1849 1695 1862 2
1715 1838 1744 1859 ὃ,
1764 1837 1820 1854 um·
1856 1825 2068 1859 [davyxulanos]
2104 1822 2165 1848 Adi·
2185 1831 2201 1847 a
2220 1817 2346 1847 Concedo
2363 1817 2405 1848 5⁵3
2439 1836 2444 1841 ·

1355 1870 1470 1904 Negatus
1491 1874 1514 1893 et
1529 1865 1681 1902 prohibitus.
1717 1862 1849 1897 Quinctil.
1865 1870 1904 1893 10,
1919 1869 1931 1886 2
1956 1862 2047 1894 Qnun
2062 1864 2148 1884 totum
2160 1857 2310 1891 exprimere
2322 1861 2404 1889 quem
2437 1866 2453 1890 ‚3

248 1890 300 1915 161.
370 1882 503 1910 valetudo
525 1881 585 1908 Liu.
608 1889 628 1910 ς,
649 1888 684 1911 31.
756 1878 838 1904 Plaut.
858 1877 927 1902 Asin.
949 1887 973 1911 1,
994 1885 1019 1908 1,
1037 1884 1075 1910 47
1111 1877 1207 1902 Fateor
1234 1883 1291 1901 eam

2002 1895 2076 1927 Virg.
2092 1894 2156 1919 Aen.
2172 1901 2193 1931 1,
2206 1894 2252 1924 655
2278 1892 2403 1924 Pergama
2439 1909 2445 1918 ,

248 1924 393 1955 (vxorem)
407 1919 454 1945 else
469 1918 661 1950 importunam,
681 1917 760 1947 atquc
777 1911 983 1938 incommodam.
1076 1911 1189 1943 Compar.
1213 1909 1291 1934 Exhi.
1354 1903 1481 1936 elegeris,
1503 1910 1584 1936 paene
1600 1901 1630 1926 fit
1644 1900 1748 1926 homini
1764 1897 1947 1924 inconcessum.

246 1958 319 1986 bitio
339 1952 535 1982 incommodior
547 1952 563 1976 l.
579 1960 600 1977 11
615 1949 641 1976 ff.
654 1947 678 1986 ᾗ.
696 1958 704 1974 1
718 1949 751 1973 ad
770 1946 861 1973 exhib.
952 1944 1079 1971 Carcinus
1099 1944 1295 1970 incommodio-
1354 1945 1438 1971 quum
1452 1942 1567 1970 peteret,
1590 1935 1800 1967 inconcessosque
1816 1932 1984 1963 hymenaeos».
2052 1927 2164 1962 Ignibus
2176 1925 2326 1952 inconcessis
2337 1930 2405 1951 atto-
2438 1924 2447 1937 ³

246 2002 306 2022 rem
320 1991 431 2017 faciebat
447 1987 589 2015 Herculem
603 1984 704 2020 Ampcl.
718 1983 749 2009 de
764 1991 790 2009 12
805 1981 892 2016 lignis.
1310 1980 1342 2007 50
1355 1972 1426 1998 nitae
1440 1971 1541 2005 puellae
1556 1969 1638 1996 Ouid.
1653 1969 1718 1994 Mct.
1733 1976 1771 1999 10,
1786 1975 1835 1999 ¹53-
1871 1965 1999 1998 Voluptas
2011 1962 2095 1998 placet
2108 1961 2148 1988 Id.
2158 1962 2250 1987 Amor.
2263 1969 2286 1994 3,
2297 1968 2368 1994 4‚31.

285 2036 294 2055 1
306 2035 325 2053 x*
334 2034 351 2054 c
360 2034 378 2053 o
388 2033 411 2052 M
421 2033 444 2051 M
454 2024 473 2050 ὁ
485 2030 501 2049 1)
510 2030 536 2049 E.
573 2021 640 2048 Adu.
677 2017 861 2053 [ἀσυμφόρως]
898 2016 958 2043 Cum
977 2014 1066 2041 damno
1085 2019 1109 2040 et
1125 2011 1293 2040 incommodo':
1392 2014 1402 2033 1
1413 2013 1432 2032 Ν
1443 2013 1460 2033 c
1470 2011 1490 2031 Ο
1501 2013 1523 2032 N
1533 2012 1548 2029 r
1561 2011 1576 2030 Ε
1589 2011 1602 2032 s
1612 2012 1625 2031 s
1635 2011 1645 2030 1
1654 2004 1712 2031 Bit.
1722 2011 1731 2029 1
1740 2010 1752 2030 s
1761 2022 1770 2035 ,
1789 2011 1813 2028 e.
1833 1999 1894 2027 Adi.
1930 1998 2052 2027 Tei-tull.
2065 1998 2098 2024 de
2111 1997 2200 2024 Pudic.
2214 2005 2236 2023 c.
2250 2004 2263 2029 3
2282 1995 2406 2022 Fornica-

247 2064 272 2093 ἐν.
284 2073 303 2089 e.
325 2059 432 2093 Moleste.
468 2060 536 2085 Ter.
551 2059 614 2084 Hcc.
628 2065 648 2091 3,
661 2065 683 2089 3,
697 2064 728 2081 20
758 2053 830 2087 Qiia
847 2059 902 2079 tam
914 2048 1085 2078 incommode
1103 2048 1157 2075 illis
1174 2049 1230 2075 fors
1244 2048 1293 2074 ob·
1353 2042 1395 2069 tio
1409 2040 1623 2069 inconceffibiliS.

248 2099 345 2126 tulerat
362 2097 502 2123 aduentum
521 2102 619 2120 meum.
673 2090 750 2116 ‘Idem
762 2090 828 2115 Eun.
848 2097 873 2118 z,
894 2097 913 2119 3,
932 2096 956 2118 35
996 2085 1169 2111 Incommode
1196 2083 1294 2110 hercle.
1393 2083 1461 2104 1NC
1473 2083 1492 2101 O
1505 2083 1526 2103 Ν
1537 2083 1554 2103 C
1565 2083 1573 2101 1
1585 2082 1600 2101 L
1611 2084 1620 2102 1
1630 2081 1649 2102 0
1662 2092 1671 2105 ,
1694 2078 1746 2101 Ere.
1783 2071 1956 2107 [ἐλλοτριόω]
1992 2068 2035 2104 Est
2053 2071 2208 2098 contrarium
2224 2066 2300 2094 Verbi
2307 2064 2406 2101 simpli-

249 2136 391 2162 Contraria.
419 2132 473 2158 Cic.
489 2130 520 2156 de
535 2128 642 2155 Amicit.
659 2134 683 2159 15
696 2135 718 2153 c.
730 2135 749 2158 4
776 2122 957 2157 Quamobrem
977 2130 1038 2148 cum
1058 2120 1107 2146 illo
1125 2118 1234 2154 quidem
1247 2122 1295 2149 (vt
1356 2115 1403 2139 cis.
1439 2113 1521 2139 Plaut.
1539 2111 1615 2137 Most.
1632 2119 1683 2142 3,1,
1698 2115 1727 2141 ες
1751 2109 1795 2135 Ne
1808 2107 1982 2134 inconciliare
2001 2104 2066 2142 quid
2084 2113 2132 2131 nos
2146 2112 2227 2139 porro
2242 2101 2369 2137 postules,
2384 2110 2405 2127 1.

250 2171 327 2204 supra
342 2169 416 2200 dixi)
435 2166 521 2193 actum
535 2165 634 2199 optime
647 2162 699 2194 cst,
719 2169 822 2186 mecum
836 2165 925 2185 autem
939 2155 1142 2183 incommodius.
1212 2154 1294 2180 Colu-
1311 2155 1340 2182 55
1355 2151 1477 2178 irritare,
1491 2147 1587 2182 odiosus
1605 2145 1656 2179 effe.
1713 2144 1785 2171 Idem
1801 2143 1894 2171 Bacch.
1910 2151 1933 2175 3,
1949 2144 1974 2174 6,
1986 2151 2019 2168 22
2046 2140 2105 2174 Ille,
2118 2139 2190 2175 quod
2205 2139 2235 2165 in
2246 2138 2271 2165 se
2284 2137 2353 2171 fuit,
2364 2145 2406 2163 ae-

252 2206 313 2232 mel.
331 2211 392 2236 11,;
419 2201 502 2236 idque
519 2209 572 2226 non
590 2196 759 2226 incommode
776 2203 842 2229 opus
863 2192 960 2225 efficit,
980 2191 1028 2218 nifi
1049 2190 1122 2225 quod
1141 2190 1295 2224 frequenter
1357 2189 1477 2209 curatum
1497 2181 1606 2213 habffit,
1626 2179 1699 2216 qUOd
1719 2180 1800 2214 POffet
1817 2179 1883 2206 mali
1898 2178 2002 2208 facere,
2021 2183 2047 2204 et
2064 2178 2093 2203 in
2112 2185 2155 2202 me
2175 2173 2349 2201 inconcilhre
2362 2181 2406 2198 ⁶0·
2427 2169 2430 2172 ’

445 2235 570 2263 Accidill'e
587 2234 656 2261 mihi
675 2242 731 2260 non
748 2228 916 2257 incommode
934 2228 1021 2254 visum
1039 2227 1076 2252 est
1097 2225 1154 2252 Cic.
1174 2226 1294 2259 QFrat.
1357 2219 1412 2253 pias
1435 2227 1526 2244 omnes
1544 2225 1628 2249 meas,
1649 2220 1668 2242 ι’.
1687 2216 1843 2247 abalmzare,
1856 2216 1994 2240 inimicare.
2063 2214 2095 2238 Et
2115 2211 2198 2238 Trin.
2220 2219 2241 2242 1,
2255 2218 2281 2242 2,
2296 2217 2330 2241 99
2362 2208 2405 2234 In·
2437 2221 2440 2227 ι

251 2245 397 2309 :uxamam
410 2284 422 2298 ¹.
436 2273 507 2299 Caes.
524 2273 549 2297 D'.
563 2271 593 2298 G.
608 2279 628 2302 ς,
642 2278 677 2301 33.
747 2267 847 2293 Venire
864 2273 919 2291 non
939 2261 1108 2290 incommode
1127 2260 1159 2287 ad
1178 2261 1297 2294 aliquem
1358 2253 1532 2280 conciliastin’
1547 2261 1618 2283 eum,
1633 2251 1681 2286 qui
1699 2250 1835 2277 mandatus
1856 2249 1891 2274 est
1905 2247 1972 2275 tibi?
1992 2247 2041 2273 Ille
2055 2247 2101 2282 qui
2119 2246 2271 2278 mandauit,
2285 2253 2347 2270 eum
2361 2251 2406 2270 ex-

253 2312 309 2339 Cic.
326 2311 380 2336 Ait.
396 2317 423 2343 7,
437 2314 459 2338 8.
496 2308 557 2333 Liu.
576 2315 617 2337 40,
633 2313 658 2337 51
688 2301 858 2330 Incommode
877 2299 994 2334 opposita
1011 2297 1090 2332 signa.
1181 2296 1296 2330 Compar.
1359 2288 1469 2316 turbasti
1484 2288 1514 2314 ἐκ
1528 2287 1654 2313 aedibus}
1691 2287 1764 2312 Hunc
1776 2287 1852 2312 locum
1865 2283 1987 2318 respexit,
1998 2289 2078 2316 puto,
2094 2282 2199 2314 Festus,
2211 2291 2265 2307 cum
2282 2282 2406 2314 interpre-

252 2347 311 2374 Cic.
323 2345 354 2371 dc
368 2343 473 2371 Amicit.
490 2352 514 2375 1,-
528 2352 549 2368 c.
563 2352 581 2375 4
608 2342 677 2367 Cum
690 2339 739 2365 illo
752 2337 839 2365 aetum
854 2337 954 2370 optime
969 2334 1020 2365 est,
1032 2341 1137 2360 mecum
1148 2331 1296 2358 incommo-
1310 2329 1346 2354 60
1358 2331 1429 2351 tatur
1450 2332 1497 2358 per
1513 2323 1605 2349 dolum
1622 2321 1747 2355 decepisti
1765 2321 1856 2354 (Nam
1869 2318 2023 2351 comparasti
2036 2325 2058 2343 et
2072 2316 2276 2347 commendasti,
2305 2322 2348 2340 uae
2360 2312 2406 2339 ad.

255 2382 323 2409 dius.
394 2380 487 2414 Superi.
512 2374 747 2404 Incommodiffime
761 2373 886 2407 nauigare
901 2371 957 2397 Cic.
973 2371 1026 2396 Att.
1039 2378 1062 2401 5,
1075 2376 1100 2401 9.
1358 2360 1396 2386 dit
1405 2379 1411 2390 ,
1422 2362 1497 2395 plane
1508 2359 1555 2385 huc
1568 2368 1617 2385 non
1630 2357 1776 2393 quadrant)
1792 2355 1838 2382 Sed
1849 2364 1888 2382 res
1907 2352 1962 2388 ipſs
1975 2352 2065 2389 suadet
2078 2350 2253 2377 inconciliasti
2265 2323 2308 2382 effqe
2319 2357 2406 2374 corru-

292 2425 303 2443 1
316 2423 337 2442 N
347 2422 364 2443 c
373 2421 423 2441 OM
432 2422 457 2441 M
466 2421 485 2441 o
494 2421 512 2440 D
522 2413 533 2439 i
542 2420 563 2439 T
573 2420 594 2439 A
603 2420 631 2442 s,
652 2411 709 2437 atis.
734 2410 754 2435 f.
796 2410 933 2438 Damnum,
948 2402 1064 2438 molestia.
1100 2402 1168 2428 Ter.
1180 2399 1262 2427 Andr.
1276 2409 1298 2433 3,
1352 2394 1535 2435 pista-malam
1547 2403 1597 2420 rem
1610 2396 1632 2419 ei
1646 2400 1668 2418 et
1682 2392 1795 2418 damnum
1813 2390 1961 2423 conciliasti.
2028 2388 2108 2413 Plaut.
2124 2387 2189 2413 Pers.
2202 2392 2225 2418 ς,
2239 2393 2265 2417 2,
2277 2392 2304 2417 53
2331 2383 2404 2416 Qiia

254 2461 278 2486 3,
290 2460 326 2484 135
365 2451 467 2484 Nempe
481 2447 684 2474 incommoditas
698 2445 813 2479 denique
826 2443 877 2469 huc
895 2441 982 2469 omnis
996 2439 1074 2466 redit.
1147 2436 1208 2463 Liu.
1222 2445 1261 2468 10,
1275 2444 1299 2461 11
1359 2439 1413 2457 non
1432 2429 1632 2460 inconciliaiiit,
1649 2436 1732 2462 quum
1752 2433 1777 2453 te
1796 2435 1873 2460 emo,
1893 2429 1912 2451 i.
1930 2422 2073 2459 aduersatus
2093 2419 2128 2454 qli*
2147 2422 2256 2450 emtioni,
2283 2429 2338 2445 uam
2359 2419 2406 2454 qui

254 2490 355 2516 Romae
369 2493 424 2512 tum
439 2484 570 2511 desiderio
583 2483 652 2515 viri,
672 2488 730 2508 tum
750 2477 969 2506 incommoditate
989 2473 1117 2510 temporis
1137 2471 1218 2499 tristia
1231 2480 1300 2498 nun-
1360 2469 1447 2497 iuuat,
1462 2465 1605 2491 conciliare
1619 2463 1721 2489 dicitur.
1759 2462 1863 2489 Pulchre
1878 2460 1968 2488 Sidon.
1984 2457 2071 2493 Apoll.
2085 2455 2163 2492 Epist.
2176 2464 2200 2488 3,
2213 2463 2230 2487 9
2277 2462 2291 2479 a
2303 2454 2404 2488 semper

1362 2501 1505 2532 eueniunt,
1523 2500 1554 2525 de
1573 2499 1670 2534 quibus
1690 2497 1744 2524 loci
1765 2497 1820 2523 mci
1837 2503 1883 2523 aut
1901 2495 2004 2523 ordinis
2019 2494 2156 2521 hominem
2174 2489 2274 2517 constat
2290 2487 2406 2519 inconci-

254 2524 308 2551 tius
321 2523 381 2552 suit,
394 2528 433 2553 vt,
444 2528 491 2547 etc.
562 2520 674 2551 plurali,
694 2515 796 2544 Arnob.
808 2524 824 2542 2
836 2524 863 2550 p.
876 2523 910 2548 54
941 2511 1103 2540 Morbormn
1120 2506 1299 2536 incommodi.
1314 2509 1345 2540 65
1417 2537 1422 2541 ι

253 2559 352 2587 ratibus
372 2557 469 2590 frangi,
1363 2537 1425 2564 liam
1438 2536 1454 2562 si
1469 2536 1608 2570 loquatur3
1628 2541 1733 2568 peccare
1746 2531 1765 2558 fi
1779 2538 1869 2559 taceat.
1906 2529 2091 2560 Inconciliari,
2107 2531 2126 2555 i.
2144 2528 2261 2553 inimicos
2270 2523 2408 2559 fibipara-
2442 2553 2443 2556 Ἰ

291 2602 302 2620 1
314 2600 356 2620 ΝΟ
366 2599 385 2619 0
396 2599 420 2619 Μ
430 2599 453 2618 M
463 2588 509 2618 0⁰1)
520 2596 541 2616 0
550 2609 560 2622 ,
574 2593 627 2617 are.
662 2587 804 2623 [βλέπω
823 2584 933 2621 ξημιᾶω]
971 2584 1093 2611 Damnum
1105 2579 1210 2616 inferre.
1228 2577 1298 2605 Ter.
1362 2581 1406 2602 νεὶ
1419 2572 1500 2608 sermo
1513 2575 1576 2597 enim
1593 2569 1624 2602 est
1638 2570 1666 2595 de
1679 2566 1758 2603 officio
1773 2568 1886 2603 Episcopi
1898 2564 2044 2593 admonendi
2057 2569 2197 2600 peccantes.

258 2629 339 2657 Andr.
357 2637 375 2659 1,
389 2636 409 2659 1,
425 2635 472 2659 ¹24
498 2626 582 2659 Magis
601 2625 629 2651 id
649 2624 731 2655 adeo,
751 2622 820 2649 mihi
833 2628 862 2648 vt
876 2618 1073 2649 incommodet,
1089 2625 1167 2651 quarn
1184 2621 1214 2641 vt
1227 2613 1302 2640 obsc—
1400 2615 1411 2634 1
1423 2614 1444 2633 N
1457 2612 1503 2634 CO
1515 2613 1535 2631 N
1548 2611 1566 2631 C
1578 2613 1586 2631 1
1599 2613 1613 2631 L
1624 2612 1634 2630 1
1644 2606 1692 2631 ᾹΤ
1702 2612 1727 2631 Ε.
1763 2604 1831 2629 Adu.
1869 2600 2045 2636 [α’φιλιωτῖῡς]
2080 2598 2196 2625 Laudant
2224 2594 2307 2623 Plaut.
2328 2592 2408 2620 Most.

257 2671 354 2701 quatur
368 2668 455 2697 gnato.
510 2661 566 2687 Cic.
579 2669 628 2694 pro
640 2660 734 2693 Quint.
747 2667 772 2691 51
811 2658 848 2683 Vt
866 2666 950 2691 quum
969 2654 1016 2690 ipsi
1035 2652 1113 2680 alteri
1132 2651 1239 2677 scientes
1260 2649 1300 2675 in-
1361 2652 1385 2676 3,
1407 2652 1427 2678 1,
1446 2648 1474 2675 85
1507 2642 1550 2669 Ne
1570 2639 1740 2668 inconciliate
1759 2638 1825 2674 quid
1843 2647 1892 2664 nos
1910 2645 1993 2671 porro
2005 2635 2133 2671 postules:
2169 2631 2219 2661 Sed
2235 2629 2410 2657 inconciliare

258 2698 467 2728 commodarint,
485 2695 555 2722 nihil
574 2696 632 2730 iplis
651 2696 709 2721 iure
723 2692 886 2719 incommodi
902 2691 993 2717 cadere
1006 2689 1087 2724 possit.
1145 2685 1221 2720 Apul.
1235 2685 1301 2712 Met.
1312 2687 1348 2716 70
1361 2681 1448 2715 Optimi
1466 2680 1553 2714 quique
1571 2676 1640 2703 libri-

261 2741 275 2766 8
289 2744 314 2770 p.
327 2742 388 2765 202,
402 2742 430 2759 10
469 2732 498 2758 Et
517 2731 633 2766 puellae,
652 2730 670 2756 si
684 2729 765 2755 vellet
793 2743 839 2748 —
866 2726 1013 2753 furatrinae
1033 2721 1180 2758 coniugalis
1200 2721 1300 2748 incom-
1401 2721 1441 2741 IN
1454 2719 1471 2739 C
1484 2721 1502 2740 0
1512 2721 1532 2739 N
1545 2719 1563 2739 C
1575 2720 1615 2739 IN
1625 2718 1715 2744 st,
1736 2719 1761 2743 ὃ,
1779 2719 1834 2736 um·
1857 2707 1916 2735 Adi.
1953 2705 2089 2740 [ividem-05
2108 2702 2230 2737 ἕκμελῆς]
2267 2699 2407 2728 Continuo

259 2770 380 2797 modaret
394 2767 588 2798 rudimentum,
607 2769 626 2791 i.
646 2763 822 2791 incommodum
836 2769 858 2787 et
873 2759 973 2795 difficile
986 2759 1049 2793 effit.
1364 2752 1518 2777 contrarium
1533 2749 1602 2775 Gell.
1619 2750 1656 2778 16,
1671 2756 1683 2779 ς
1711 2747 1746 2773 Ea
1762 2746 1847 2773 ferme
1859 2743 1949 2770 omnia
1967 2742 2125 2769 inconcinna
2138 2745 2217 2774 atque
2229 2735 2342 2764 absurda
2353 2735 2411 2762 visa
2437 2748 2448 2759 s

299 2812 337 2831 1N
349 2811 458 2831 COMM
469 2808 545 2829 ODA
555 2809 576 2827 T
586 2808 640 2832 10,
657 2800 725 2827 onis.
755 2799 775 2824 f.
811 2799 824 2831 [
838 2796 979 2831 ζημίωμα]
1016 2796 1065 2821 Pro
1091 2791 1303 2820 Incommoditate,
1365 2787 1432 2812 sunt.
1487 2785 1543 2810 Cic.
1565 2784 1597 2810 de
1611 2784 1686 2810 Orat.
1702 2792 1722 2814 ε,
1736 2790 1763 2816 17
1782 2791 1804 2809 ς,
1818 2790 1836 2813 4
1871 2780 1941 2806 Nam
1963 2778 2011 2813 qui
2029 2783 2074 2803 aut
2090 2782 2192 2809 tempus
2213 2772 2277 2809 quid
2297 2771 2412 2806 postulet

260 2841 319 2868 Cic.
335 2842 387 2866 Att.
403 2847 423 2871 1,
440 2846 468 2873 17
499 2838 585 2872 Atque
599 2837 627 2862 in
646 2835 693 2861 ista
713 2832 956 2860 incommodatione
968 2830 1076 2857 alienati
1095 2829 1168 2854 illius
1179 2827 1264 2854 animi
1278 2832 1304 2854 et
1364 2830 1420 2848 non
1438 2820 1527 2852 videt,
1539 2827 1583 2846 etc.
1612 2825 1658 2845 aut
1678 2818 1794 2852 denique
1814 2818 1843 2843 in
1860 2815 1951 2850 aliquo
1970 2822 2064 2848 genere
2083 2818 2128 2839 aut
2148 2809 2338 2840 inconcinnus,
2362 2810 2410 2831 aut
2452 2823 2454 2827 .

261 2875 364 2907 offensi,
379 2874 446 2901 illud
460 2872 526 2900 inest
539 2878 626 2899 tamen
642 2870 786 2902 commodi,
799 2876 844 2894 etc.
870 2869 914 2895 ΑΙ.
929 2864 1158 2894 incommoditate.
1320 2860 1353 2889 75
1366 2857 1466 2884 multus
1486 2855 1538 2887 est,
1555 2856 1577 2881 is
1597 2856 1701 2889 ineptus
1721 2854 1827 2880 dicitur.
1910 2850 2041 2884 Asperitas
2069 2847 2175 2881 agrestis
2200 2851 2226 2871 et
2251 2841 2410 2870 inconcinna
2448 2844 2450 2849 ·

299 2920 309 2938 1
319 2919 340 2937 N
351 2917 370 2937 c
381 2917 400 2937 o
410 2917 434 2936 M
445 2916 467 2935 M
481 2914 501 2934 o
512 2915 530 2934 D
540 2915 548 2933 1
559 2915 571 2934 s
581 2914 601 2934 T
612 2912 645 2932 1C
658 2912 677 2932 v
689 2913 719 2937 s,
744 2914 776 2937 a,
801 2913 855 2930 um.
888 2902 948 2929 Adi.
983 2902 1033 2928 Pro
1049 2898 1233 2931 Incommodus,
1245 2907 1302 2926 ver.
1366 2894 1432 2919 Hor.
1447 2891 1524 2925 Epist.
1540 2900 1557 2921 1,
1574 2896 1607 2921 18,
1622 2893 1647 2916 6.
1718 2889 1909 2921 Personamque
1928 2886 1996 2912 feret
2013 2893 2068 2910 non
2087 2881 2259 2909 inconcinnus
2271 2883 2411 2911 Vtramque

260 2947 318 2975 bum
330 2957 345 2973 a
358 2942 545 2980 Plautofifl‘um
559 2945 634 2978 Capt.
648 2950 668 2974 1,
683 2950 703 2974 1,
719 2949 745 2973 19
770 2939 874 2966 Parasiti
888 2938 1000 2964 multum
1014 2934 1248 2963 incommodistici.
1281 2949 1283 2952 -
1365 2928 1439 2956 Idem
1454 2926 1533 2961 Epist.
1548 2935 1566 2955 ῐ,
1582 2934 1618 2960 ¹7,
1632 2934 1674 2958 29.
2390 2920 2396 2936 l
2442 2910 2443 2914 ¹

1719 2959 1786 2987 Adu.
1828 2958 1961 2985 Blaterans
1980 2962 2059 2989 atque
2078 2950 2236 2978 inconcinne
2261 2946 2411 2974 causificans

299 2990 310 3009 1
319 2989 340 3008 N
349 2988 392 3008 (το
402 2988 426 3007 m
438 2987 463 3006 M
472 2986 491 3006 O
500 2986 522 3006 N
534 2985 544 3004 1
554 2986 603 3005 'rv
612 2985 641 3009 s,
660 2986 674 3003 a
683 2997 692 3010 ,
710 2985 765 3002 um.
787 2975 844 3001 Adi.
863 2973 1087 3000 Incommonitum
1100 2971 1218 3007 aliquem
1231 2977 1303 3005 prae·
1367 3000 1389 3025 A
1402 2970 1443 3024 Ιῖῑῖ
1454 2968 1501 3024 (ivl)
1512 2968 1534 2987 N
1546 2967 1580 2988 (ΙΙ
1593 2968 1613 2987 Ν
1624 2968 1642 2986 Ν
1656 2968 1681 2987 Ε.

1392 3008 1426 3034 pu
1440 3017 1446 3024 .
1491 3003 1525 3023 et.
1541 3006 1569 3023 10
1588 3007 1613 3031 p.
1629 3005 1687 3030 242.

262 3018 344 3047 terire
365 3018 436 3043 Zeno
455 3016 553 3042 Veron.

1405 3041 1500 3060 1Nco
1513 3039 1534 3058 N
1546 3039 1580 3059 CI
1595 3039 1645 3058 NN
1658 3035 1766 3062 irns,
1783 3030 1842 3055 atis.
1872 3027 1892 3053 f.
1929 3027 1999 3052 Suet.
2016 3025 2080 3057 Aug.
2098 3031 2118 3048 c.
2139 3022 2180 3052 86,
2201 3028 2211 3045 1
2246 3019 2336 3045 Genus
2354 3017 2411 3044 elo.

299 3057 570 3080 1NC0NM0Tvs
642 3047 677 3074 nd
1336 3043 1354 3061 o

301 3095 338 3115 {N
349 3095 366 3115 C
375 3095 394 3115 o
403 3095 427 3114 M
439 3093 462 3113 M
475 3093 494 3113 O
503 3093 523 3112 T
532 3092 559 3112 E.
579 3058 664 3110 ’Agin
677 3057 688 3075 e
704 3083 790 3111 Status
818 3079 982 3108 incommote
1005 3081 1141 3114 permanet
1166 3076 1304 3103 Iustinian.
1320 3039 1334 3065 8
1368 3069 1465 3105 quendi
1481 3069 1581 3095 secutus
1598 3067 1634 3093 est
1648 3067 1751 3101 elegans
1764 3072 1788 3091 et
1800 3068 1973 3098 temperatum
1982 3059 2087 3093 ‚vitatis
2100 3055 2289 3083 sententiarum
2302 3051 2411 3088 ineptiis

264 3124 330 3151 Cod.
347 3133 368 3155 1,
382 3132 389 3149 1
409 3122 486 3157 Epist.
500 3120 583 3156 praef.
1366 3113 1445 3141 atque
1466 3103 1680 3130 inconcinnitate.
2376 3098 2379 3100 ⁷

302 3166 313 3185 1
325 3167 345 3186 N
355 3167 371 3185 (3
381 3165 399 3185 o
410 3166 431 3184 M
443 3165 467 3184 M
478 3164 498 3183 0
510 3164 524 3183 Β
536 3163 544 3182 1
558 3163 572 3181 L
582 3163 591 3181 1
602 3161 623 3180 Τ
632 3161 652 3181 Α
662 3160 675 3180 S
684 3174 692 3186 ,
712 3153 771 3179 atis.
798 3151 818 3178 f.
855 3149 1009 3178 Iracundiae
1023 3148 1180 3175 comitatum
1195 3148 1306 3182 sequun-
1406 3146 1470 3167 1NC
1478 3146 1497 3165 0
1505 3146 1524 3165 Ν
1532 3146 1548 3165 C
1557 3146 1566 3164 1
1576 3145 1596 3163 N
1604 3144 1624 3163 N
1636 3139 1675 3164 i'T
1686 3145 1701 3164 Γ
1711 3144 1738 3163 R.
1776 3135 1843 3162 Adu.
1883 3130 2043 3167 [imes'ms]
2086 3129 2219 3158 inornate,
2232 3128 2335 3151 incomte
2343 3143 2352 3156 ,
2364 3125 2413 3148 im-

264 3201 308 3222 tur
321 3194 469 3228 indignatio
482 3199 507 3218 et
522 3189 748 3218 incommobilitas
768 3187 845 3222 Apul.
859 3186 890 3213 de
905 3183 1072 3218 Philosophia
1088 3192 1113 3217 p.
1128 3186 1168 3212 68.
1367 3178 1453 3213 polite.
1488 3174 1557 3201 Gell.
1572 3182 1610 3207 10,
1625 3181 1652 3208 ¹7
1678 3172 1819 3206 Vertitque
1834 3171 1862 3197 in
1874 3178 1932 3196 cam
1943 3175 2010 3197 rem,
2019 3173 2098 3199 quam
2113 3169 2168 3190 tum
2182 3160 2286 3197 agebat,
2304 3168 2359 3186 non
2369 3157 2412 3185 in-

301 3236 342 3256 1N
357 3236 374 3256 C
385 3236 404 3256 ο
414 3235 438 3255 Μ
453 3235 473 3254 Μ
487 3235 507 3254 v
520 3234 541 3254 N
556 3234 587 3253 ls
598 3247 605 3259 ,
625 3234 648 3252 e.
670 3224 729 3251 Adi.
765 3224 985 3251 indumentorum
1009 3220 1112 3246 formae
1136 3218 1244 3244 caeteris
1266 3218 1306 3244 in-
1323 3216 1352 3246 85
1369 3212 1545 3239 concinniter.

267 3273 418 3291 communes
437 3263 556 3290 Tertull.
568 3262 600 3288 de
615 3261 676 3288 Pall.
695 3270 716 3286 c.
731 3268 752 3292 3.
1408 3250 1561 3274 1NCONC
1573 3249 1643 3271 1Tv
1654 3249 1682 3274 S,
1699 3251 1728 3274 a,
1748 3251 1802 3268 11111.
1840 3239 1900 3267 Adi.
1945 3236 2011 3264 Leni
2037 3240 2063 3261 ct
2083 3232 2218 3261 inconcito
2237 3230 2319 3265 gradu
2346 3229 2412 3257 Am-

303 3307 312 3325 1
326 3307 344 3325 N
357 3307 372 3326 c
384 3308 402 3327 0
414 3306 437 3325 M
450 3306 503 3325 niv
514 3305 535 3324 N
546 3305 555 3324 1
566 3304 582 3324 c
592 3304 637 3324 AB
647 3304 654 3322 1
664 3303 699 3323 1.1
709 3303 740 3329 s,
760 3304 783 3321 e.
822 3293 883 3320 Adi.
919 3292 1027 3319 Nomen
1053 3286 1305 3316 incommunicabile
1369 3284 1450 3311 mian.
1471 3290 1516 3315 24,
1535 3289 1574 3313 23.

267 3336 344 3370 Vulg.
359 3337 415 3370 Sap.
436 3343 475 3367 14,
490 3343 523 3360 21.
1407 3326 1416 3344 1
1427 3326 1448 3345 N
1460 3324 1476 3343 c
1485 3325 1504 3344 o
1515 3323 1536 3343 N
1547 3322 1563 3342 c
1574 3321 1594 3340 v
1605 3319 1622 3340 ι’
1632 3320 1640 3339 1
1650 3321 1663 3340 s
1673 3320 1689 3339 c
1699 3318 1718 3337 0
1729 3332 1737 3345 ,
1757 3314 1811 3338 erc.
1847 3307 1973 3337 Amicitia
1991 3305 2059 3333 mihi
2073 3304 2157 3332 vestra
2175 3298 2413 3336 inconcupiscentia
2452 3304 2456 3311 “

306 3378 313 3396 1
327 3377 347 3396 Ν
360 3377 471 3397 (ιυΜΜ
483 3376 503 3396 ν
518 3374 540 3396 Τ
553 3376 573 3395 Α
584 3374 701 3399 Binis,
718 3374 742 3393 e.
767 3364 827 3392 Adi.
865 3363 995 3389 Voluntas
1013 3359 1144 3388 auertitur
1157 3357 1190 3384 ab
1209 3358 1310 3384 incom-
1370 3354 1448 3389 Apul.
1463 3353 1534 3379 Flor.
1550 3360 1572 3384 3.
1591 3353 1609 3376 i.
1630 3348 1734 3383 impcnji=
1754 3343 1953 3381 concupiscenda.
1992 3375 1995 3380 y

1864 3379 1924 3406 Adi.
1961 3377 2084 3410 [dam-05]
2121 3376 2182 3402 Stat.
2196 3373 2260 3400 Silu.
2281 3379 2304 3405 ς,
2322 3379 2342 3404 1,
2363 3377 2412 3410 142

269 3406 391 3432 mutabili
409 3406 481 3432 bono
494 3404 526 3431 ad
544 3401 733 3431 commutabile
752 3399 888 3435 Augustin.
903 3397 1016 3425 Retract.
1033 3405 1052 3429 1,
1065 3404 1090 3428 9.
1162 3395 1310 3419 Incommu-
1323 3400 1359 3423 90
1410 3397 1418 3414 1
1430 3396 1452 3415 N
1463 3395 1507 3415 co
1519 3394 1539 3414 N
1550 3392 1594 3413 CV
1604 3392 1615 3411 s
1625 3392 1637 3411 s
1649 3392 1666 3409 v
1677 3392 1705 3415 s,
1724 3392 1754 3415 a,
1772 3392 1826 3409 um.

2005 3414 2063 3439 Sen.
2077 3410 2155 3446 Epist.
2169 3413 2204 3444 67
2217 3415 2282 3435 extr.
2308 3408 2340 3433 In
2351 3411 2412 3432 otio
2453 3415 2455 3418 ⁴

271 3440 359 3467 rabilis
380 3442 429 3468 Dei
456 3441 553 3468 veritas
580 3439 691 3475 Paullin.
713 3437 778 3464 Nol.
798 3435 877 3470 Epist.
898 3443 921 3467 1³
947 3442 972 3460 n.
993 3441 1026 3467 24
1051 3430 1084 3458 ad
1103 3428 1309 3457 Pammachium.
1372 3424 1514 3451 Florebant
1527 3422 1622 3449 hilares
1637 3418 1828 3453 inconcussique
1838 3421 1951 3450 penatcS.

273 3476 343 3510 Cons.
360 3476 478 3503 Ambros.
494 3475 570 3510 Epist.
586 3480 628 3508 84.
1372 3460 1520 3487 inconcuffo
1538 3459 1630 3484 iacere.

309 3518 368 3536 1NC
377 3518 395 3537 ο
408 3519 489 3537 111111·
502 3518 524 3537 ‘r
533 3519 553 3537 A
563 3517 594 3537 131
608 3517 624 3535 ι.
635 3515 674 3535 1Τ
684 3515 738 3537 ER.
761 3506 832 3534 Adu.
868 3503 1005 3539 Augustin.
1020 3501 1097 3537 Epist.
1111 3509 1133 3534 3.
1151 3502 1182 3527 it.
1196 3498 1311 3527 Confeff.
1411 3503 1418 3521 1
1432 3503 1453 3521 N
1466 3503 1482 3522 c
1491 3502 1540 3521 oN
1550 3499 1567 3520 c
1577 3498 1596 3517 v
1606 3498 1618 3517 s
1627 3498 1640 3516 s
1650 3497 1676 3516 Γ.
1704 3488 1771 3516 Adu.
1808 3484 1914 3520 August.
1928 3483 2044 3511 Reti-aci.
2064 3491 2083 3513 1,
2096 3490 2126 3508 11.
2159 3479 2234 3506 Idem
2247 3477 2327 3513 Epist.
2342 3485 2366 3504 11
2380 3474 2414 3502 ad

273 3553 283 3571 1
298 3552 361 3571 extr.
379 3549 407 3571 it.
427 3548 456 3573 C.
470 3547 500 3573 D.
513 3555 534 3579 ς.
548 3556 562 3580 9
575 3553 620 3573 etc.
1374 3531 1510 3558 Fortunat.
1529 3535 1552 3555 et
1567 3526 1644 3561 Epist.
1661 3534 1710 3551 112.
1746 3522 1818 3557 Conf-
1832 3520 1939 3547 Calliod.
1952 3522 2016 3545 Var.
2030 3517 2109 3552 Epist.
2123 3525 2142 3548 1,
2157 3523 2192 3548 35.

1947 3555 2090 3589 [ἄτακτος]
2128 3549 2307 3579 Ιιιονᾱίηαηω·,
2321 3550 2414 3573 incom-

309 3585 752 3611 1Nt'30MMVTAfflL1TAs,
778 3577 835 3604 atis.
872 3575 894 3603 f.
931 3573 1070 3609 Augustin.
1090 3570 1203 3598 Confels.
1223 3576 1250 3604 7,
1273 3577 1310 3602 19.
1328 3570 1360 3598 95
1413 3568 1690 3593 1NcoND1TVS,
1708 3569 1738 3591 a,
1763 3567 1816 3583 um.
1850 3556 1909 3583 Adi.
2343 3582 2347 3586 ¹

274 3621 297 3640 ’ἲ
320 3623 360 3647 ¹2⁷
382 3624 416 3641 12-
1369 3601 1480 3639 positus,
1492 3599 1632 3627 inordinate
1649 3592 1799 3630 compositus.
1834 3593 1898 3618 l’lin.
1913 3590 1990 3625 Epist.
2004 3598 2029 3621 9,
2044 3597 2076 3620 13,
2088 3597 2106 3628 4
2135 3588 2172 3612 Ac
2191 3584 2285 3620 primis
2303 3582 2413 3618 quidem
2451 3595 2454 3597 -

307 3650 680 3689 ι1ΝΩΟΜ1113111111.13,
699 3659 722 3677 e.
759 3648 820 3675 Adi.
856 3644 1036 3680 [εἰσῦγκριτος]
1071 3641 1138 3668 Plin.
1158 3647 1184 3676 7,
1204 3640 1236 3665 26
1264 3638 1312 3665 Illa
1375 3637 1468 3664 diebus
1487 3634 1604 3663 redditae
1624 3630 1769 3659 libertatis,
1795 3636 1842 3662 pro
1861 3629 1884 3654 se
1903 3627 2031 3661 quisque,
2058 3623 2181 3650 inimicos
2204 3621 2264 3647 suos
2287 3619 2415 3645 duntaxat

276 3685 325 3710 suit
338 3694 399 3712 vcra
414 3693 438 3712 et
458 3686 671 3719 incomparabilis
692 3685 788 3712 inuioli
803 3682 886 3710 animi
899 3680 1054 3708 sublimitas.
1075 3680 1093 3703 i.
1116 3677 1162 3703 Cui
1173 3677 1314 3710 comparari
1375 3674 1493 3700 minores
1507 3667 1644 3697 incondito
1657 3665 1817 3697 turbidoque
1837 3663 1951 3690 clamore
1973 3659 2162 3695 postulaucrat,
2179 3655 2295 3682 simulet
2309 3653 2414 3688 oppres-

276 3722 325 3758 “3³2¹
341 3731 385 3746 ’ΜΖ
403 3720 488 3755 ΡΟΝΞΙῨ·
523 3721 653 3753 Quinctil.
667 3729 686 3750 1,
701 3730 712 3750 ς
737 3720 785 3746 Sed
805 3717 915 3753 praestet
929 3715 1009 3742 alicui
1025 3712 1068 3740 vel
1085 3711 1182 3746 gratia,
1194 3711 1236 3736 vel
1249 3710 1314 3736 ami·
1376 3710 1451 3735 serat.
1506 3706 1565 3732 Liu.
1580 3713 1607 3737 4,
1619 3710 1652 3728 20
1676 3702 1706 3726 ln
1726 3700 1844 3734 aliquem
1859 3698 1976 3725 carmina
1995 3693 2129 3722 incondita
2149 3699 2251 3718 canere.
2320 3690 2414 3714 Incon-

278 3761 355 3793 cuia,
369 3757 409 3781 vel
427 3756 551 3790 pecunia,
571 3762 598 3781 vt
613 3756 788 3782 doctissimum
807 3760 886 3789 atquc
905 3748 1141 3785 incomparabilem
1159 3745 1313 3781 magistrum
1322 3744 1428 3773 iooditi
1446 3744 1531 3769 iacent
1551 3741 1620 3766 Suet.
1633 3736 1709 3763 Rhet.
1732 3739 1757 3767 6,
1774 3744 1799 3769 7.
1869 3733 1995 3760 Barbaria
2016 3730 2076 3757 Liu.
2096 3737 2137 3760 30,
2158 3733 2193 3757 28.
2264 3724 2414 3752 Blanditiae

281 3788 352 3814 ‘¹⁰¹¹ss
377 3790 477 3817 habe-'²‘-
1375 3780 1441 3806 Plin.
1455 3783 1478 3809 8,
1493 3784 1515 3810 ς.
1587 3772 1712 3799 Carmina
1732 3772 1790 3796 Liu.
1804 3780 1832 3804 4,
1846 3779 1889 3796 20.
1958 3767 2068 3793 Clamor
2085 3764 2160 3790 Curt.
2174 3771 2198 3794 3,
2214 3770 2250 3793 10,
2265 3769 2286 3787 1.
2355 3759 2415 3786 Cic.

285 3860 290 3864 .
313 3831 322 3849 1
333 3832 351 3849 N
363 3832 378 3849 c
387 3833 406 3851 ο
415 3833 436 3851 m
450 3832 465 3851 P
476 3834 496 3851 A
505 3833 523 3851 R
532 3831 553 3850 Α
562 3831 593 3851 131
605 3832 621 3850 1.
630 3831 639 3849 1
650 3831 670 3851 ‘r
681 3831 696 3850 Ε
705 3832 734 3851 R.
771 3824 837 3850 Adu.
875 3822 980 3857 August.
992 3819 1072 3856 Epist.
1084 3827 1111 3851 9,
1124 3828 1142 3852 4
1155 3817 1186 3844 ad
1199 3817 1313 3844 Hieron.
1375 3814 1407 3841 de
1419 3815 1492 3840 Orat.
1508 3820 1528 3843 3,
1544 3817 1584 3844 173
1610 3807 1692 3841 quue
1708 3808 1825 3840 princeps
1838 3806 1962 3831 Isocrates
1980 3800 2116 3828 instituilse
2134 3798 2234 3826 fertur,
2252 3803 2282 3822 vt
2295 3794 2415 3822 incendi·
2451 3827 2457 3831 -

279 3864 310 3883 ιι.
322 3859 354 3885 de
366 3862 396 3886 C.
413 3861 443 3885 D.
461 3869 495 3893 ει,
509 3869 534 3893 9.
570 3859 660 3886 Sidon.
675 3860 720 3893 Ep.
740 3861 765 3891 6,
778 3868 805 3891 4.
924 3882 928 3891 ¹
1375 3856 1429 3876 tam
1450 3847 1621 3881 antiquorum
1644 3842 1746 3868 (licendi
1770 3840 1986 3867 consuetudinem
2006 3833 2188 3862 dele6iationis
2212 3837 2291 3865 atque
2308 3830 2416 3857 aurium
2448 3841 2455 3846 =

316 3900 323 3917 ¹
335 3902 353 3919 Ν
366 3901 382 3920 C
396 3901 415 3920 ο
426 3902 450 3920 M
463 3902 477 3920 P
494 3903 515 3922 Α
526 3903 543 3920 Γ»
553 3903 574 3921 Α
583 3902 604 3922 Τ
613 3902 631 3919 ν
640 3902 652 3920 s
663 3914 671 3925 ,
689 3903 719 3925 a,
740 3903 795 3920 um.
815 3892 876 3919 Adi.
912 3891 1018 3918 Coniux
1030 3888 1138 3924 coniugi
1151 3888 1317 3922 incompara-
1374 3885 1448 3911 causa
1462 3878 1702 3915 (quemadmodum
1722 3877 1812 3904 scribit
1831 3874 1972 3909 discipulus
1993 3872 2050 3898 eius
2064 3870 2225 3898 Naucrates)
2241 3866 2359 3892 numeris
2372 3864 2417 3891 ad-

282 3926 503 3971 tissimoseceruut
517 3931 595 3956 lnscr.
609 3929 722 3956 Fabrett.
743 3938 767 3962 p.
781 3937 842 3960 4²0-
1321 3919 1518 3953 ro5stringcret.
1590 3915 1726 3948 Corpora,
1744 3915 1763 3938 i.
1784 3911 1910 3947 Insepulta
1925 3911 2022 3936 Lucan.
2034 3908 2060 3938 6,
2073 3913 2124 3930 101.
2195 3902 2328 3929 Fremitus
2346 3900 2415 3927 Plin.
2455 3921 2457 3923 .

2340 3944 2368 3970 9:
2381 3943 2416 3968 ¹3·
