2479 4225
39 184 114 236 693
424 175 694 217 FLV

38 272 72 301 ad
87 267 274 298 notescendum
287 272 314 293 et
325 266 357 294 ad
370 265 516 293 bonitatem
530 266 590 292 vini
602 266 753 293 conferunt.

39 315 67 342 33
103 305 220 333 Puleium
239 303 345 330 aridum
369 302 506 328 florescere
525 301 641 328 brumali
667 302 725 337 ipso
755 299 806 328 die.
876 300 980 326 Lucret.
997 307 1018 331 5,
1030 302 1081 332 669

39 357 84 365 --
117 339 269 368 florescunt
280 343 399 372 tempore
411 344 485 364 certo
523 337 643 364 Arbusta.
839 331 859 375 fl
877 343 902 374 ¹2.
937 334 1080 374 qupbor.

7 391 9 393 -
39 378 75 406 At
86 384 149 404 vero
163 374 226 401 haec
239 380 283 400 tua
295 373 395 400 iustitia
408 379 433 399 et
447 373 539 399 lenitas
551 374 635 399 animi
648 372 766 398 florescet
779 369 900 405 quotidie
914 378 996 404 mag1s
1024 371 1080 396 Cic.

39 421 89 450 pro
102 411 182 438 Marc.
195 418 226 443 19
237 419 259 436 c.
273 419 300 443 4.
364 410 423 435 Hoc
436 409 588 435 florescente
603 408 703 435 Crassus
717 406 753 433 est
766 410 885 444 mortuus
921 406 994 431 Idem
1009 406 1080 431 Brut.

0 460 4 467 ν
39 456 93 482 303.
161 445 202 472 Ad
215 446 342 471 summam
358 444 471 479 gloriam
484 444 653 479 eloquentiae
664 442 801 468 florescere
820 441 876 466 Cic.
891 439 923 466 de
938 441 1012 467 Orat.
1023 449 1044 472 3,
1061 450 1081 467 11

0 479 2 481 ’
39 492 62 511 e.
73 491 94 517 3.
197 481 332 507 Contraria
345 491 352 505 .·
388 480 491 507 Lucret.
507 489 530 513 2,
542 488 573 515 73
595 480 643 507 Illa
654 477 801 507 senescere,
822 481 848 502 at
859 475 922 503 haec
934 483 1024 502 contra
1034 477 1081 503 tlo-

0 544 2 550 ,
39 519 136 547 rescere
147 521 253 550 cogunt.
693 518 701 521 ⁷
998 547 1002 551 ·

0 575 3 578 ,
77 558 94 580 r
104 559 121 579 L
130 557 149 578 o
157 558 176 578 R
185 558 201 578 E
211 559 223 578 s
233 557 276 578 GE
286 557 307 577 N
315 557 328 577 s
337 570 346 582 ‚
365 551 442 578 entis.
463 550 555 577 Partic.
592 549 648 576 Cic.
660 555 709 582 pro
722 546 793 573 Cael.
808 553 842 580 79
856 554 878 572 c.
892 554 915 577 31
937 546 1031 572 Nolite
1039 548 1080 573 Iu-

3 592 10 599 *
39 587 122 620 dices,
139 593 184 613 etc.
211 586 281 613 hunc
296 595 365 612 nunc
381 587 497 620 primum
511 586 687 612 florescentem
703 581 803 607 firmata
819 582 872 608 iam
881 581 961 616 stirpe
974 582 1080 610 virtutis

37 630 161 658 tanquam
173 621 281 649 turbine
294 621 384 656 aliquo
394 642 402 654 ‚
421 627 465 648 aut
481 620 566 648 subita
579 617 729 653 tempestate
747 623 904 651 peruertere.

75 664 92 686 Ρ
101 666 117 685 L
125 665 145 686 Ο
153 664 173 684 R
181 658 199 684 fi
207 664 229 684 'r
238 665 259 684 v
268 664 293 683 M
301 676 308 688 ,
328 658 347 683 i.
368 666 395 684 n.
431 658 519 689 Locus,
532 656 575 682 vbi
578 654 659 690 flores
673 652 810 679 abundant.
829 652 925 678 Cathol.

74 699 91 722 Ρ
103 700 119 720 1.
128 699 296 722 ORIARIV
307 699 333 719 M
342 712 353 726 ‚
370 693 390 720 i.
408 701 436 720 n.
471 691 548 720 Idem.
583 691 655 716 Zeno
667 689 768 716 Veron.
782 689 863 716 serm.
878 686 910 714 de
924 687 986 715 Laz.

422 765 447 797 F
548 762 574 794 L
675 761 706 793 V

6 863 9 866 ,
73 842 218 863 ercT1
231 841 406 867 FRAGvs‚
427 837 752 864 FLVCTIVAGVS,-
765 836 973 862 FLVCTVO,
996 836 1080 858 er.

37 875 235 904 c'rvosvs‚
256 875 458 901 FLVCTVS,
487 873 734 899 FLVENTVM,
761 873 1079 899 FLVENTISONVS,

36 911 233 938 'PLVIDVS,
257 910 424 936 FLvi'ro,
443 909 622 934 FLVMEN,
641 902 693 929 vid.
715 908 828 928 FLvo.

73 947 90 968 P
101 948 118 968 1.
129 949 151 969 v
163 948 180 969 E
191 950 213 969 N
221 949 243 969 Τ
253 949 262 968 1
272 949 294 968 N
305 948 417 973 norum.
437 947 473 965 m.
510 938 676 971 [Φλκεντίγοι]
710 937 801 965 Italiae
814 936 917 972 Populi,
930 938 1080 972 praeterflu-

20 986 23 992 ·
37 977 93 1004 enti
107 978 182 1005 Arno
194 977 303 1012 appositi
321 975 386 1003 Plin.
399 983 423 1007 3,
436 981 458 1007 5.

73 1019 250 1045 FLVMEN,
271 1021 324 1038 cum
336 1010 457 1037 deriuatis
469 1019 479 1039 ,·
516 1011 546 1035 it.
577 1014 594 1035 F
606 1014 623 1034 L
634 1012 871 1035 VMENTANA
897 1008 991 1042 Porta,
1025 1008 1078 1037 vid.

35 1057 91 1075 moa·
103 1052 170 1075 inter
183 1048 294 1075 deriuata
306 1055 322 1072 a
342 1051 359 1072 F
369 1053 386 1072 L
394 1052 415 1071 v
427 1051 460 1071 ο.

75 1089 92 1110 1¹
103 1090 119 1110 L
130 1090 178 1110 vo
187 1103 196 1116 ,
216 1083 255 1114 xi,
276 1090 355 1113 xum,
372 1081 451 1115 (olim
464 1079 574 1106 fluctum
588 1085 612 1105 et
626 1079 736 1111 flutum)
752 1079 804 1105 ere.
840 1078 922 1114 [ρἔ]
958 1081 995 1106 De
1007 1086 1079 1106 natu.

33 1119 86 1146 rati
97 1125 162 1145 motu
174 1127 291 1154 aquarum
303 1116 396 1143 dicitur
405 1136 413 1148 ,
432 1122 462 1142 vt
474 1116 493 1142 F
496 1115 549 1141 lare
564 1114 592 1140 de
603 1121 671 1141 motu
683 1117 752 1141 acris
764 1124 772 1139 .-
809 1114 856 1141 Sed
867 1116 944 1141 latius
950 1122 1029 1150 potet,
1048 1125 1078 1142 ac

34 1154 118 1181 fluere
130 1154 247 1180 dicuntur
256 1151 353 1188 liquida
367 1154 448 1178 omnia
461 1160 510 1178 non
528 1150 612 1181 modo,
623 1149 671 1185 fid
689 1158 842 1185 quaecunque
860 1158 926 1176 motu
945 1154 981 1176 ita
995 1151 1077 1185 sacili

33 1195 59 1216 et
71 1191 138 1216 velut
152 1189 244 1216 lubrico
255 1194 397 1220 mouentur,
415 1186 477 1213 vnde
486 1193 563 1221 porro
575 1185 745 1220 Metaphorice
758 1192 809 1211 tum
821 1185 856 1211 ad
873 1189 967 1222 copiam
977 1185 1077 1222 fignifi-

33 1224 151 1255 candum,
169 1231 221 1250 tum
233 1221 393 1259 adsuccqffias
405 1232 486 1249 rerum
493 1221 604 1257 faciles,
619 1227 643 1247 et
655 1221 722 1247 velut
730 1220 882 1257 spontaneos
895 1231 924 1248 ac
942 1225 1078 1254 naturales,

7 1255 9 1259 ¹
32 1259 178 1288 adhibent-,-
199 1262 302 1294 itemque
313 1259 348 1285 ad
362 1257 520 1284 iudicandam
532 1260 630 1283 ruinam
637 1265 728 1289 rerum,
743 1263 768 1282 et
780 1259 916 1283 interitum.
954 1259 1077 1292 Exemplis

33 1297 112 1322 onmia
125 1290 199 1321 etiam
212 1293 254 1320 hic
267 1292 388 1326 constane.
426 1293 500 1327 Virg.
515 1293 612 1327 Georg.
625 1293 704 1324 2,166
723 1291 751 1318 de
759 1292 874 1318 laudibus·
884 1294 985 1324 ltaliae,
1004 1294 1076 1319 Haec

0 1359 2 1364 ,
36 1329 124 1358 eadem
149 1330 252 1364 argenti
277 1330 353 1356 riuos
360 1349 369 1362 ,
384 1329 504 1363 aerisque
526 1327 632 1354 metalla
667 1326 789 1354 Ostendit
811 1330 901 1362 venis,
921 1335 999 1362 atque
1010 1337 1076 1355 auro

36 1365 146 1402 'plurima
159 1365 245 1392 fluxit.
317 1364 488 1391 Lutulentum
501 1363 601 1396 fluere,
618 1364 740 1390 Lucilium
752 1363 817 1390 dicit
837 1364 905 1390 Hor.
920 1365 1002 1391 Serm.
1017 1373 1036 1396 1,
1049 1373 1075 1397 4,

38 1400 357 1436 ni‘Metaphorafluminis
368 1399 479 1431 turbIdi,
493 1399 583 1435 sordes
594 1400 688 1425 malms
701 1398 821 1425 vehentis.
895 1401 912 1425 1⁴
917 1401 990 1426 luere
1003 1403 1077 1425 ctiam

0 1432 2 1436 ’
39 1435 164 1471 &vitatus
176 1442 200 1462 et
213 1439 271 1462 uuis
280 1435 340 1462 adeo
351 1435 445 1462 dicitur
453 1455 463 1468 ,
481 1443 535 1461 cum
548 1437 632 1461 vinum
645 1434 717 1460 dant.
790 1435 865 1469 Virg.
885 1436 982 1470 Geni-g.
998 1444 1029 1467 2,
1042 1444 1077 1468 99

36 1471 88 1506 Oui
97 1479 149 1498 non
160 1471 301 1498 certauerit
313 1471 366 1498 vlla
378 1471 487 1505 (vitis)
500 1471 552 1496 Aut
562 1470 688 1496 Tantum
702 1470 800 1501 fluere,
820 1478 864 1497 aut
878 1470 990 1497 totidem
1003 1471 1079 1497 dura-

34 1513 64 1535 re
75 1514 121 1542 per
135 1514 225 1541 annos.
299 1507 396 1533 Fluunt
406 1505 435 1532 in
446 1505 591 1532 contrarias
604 1511 689 1539 partes
703 1505 813 1531 flumina
835 1507 891 1532 Cic.
906 1507 937 1532 de
951 1508 1042 1533 Diuin.
1059 1515 1079 1539 1,

0 1543 1 1546 ’
135 1541 210 1568 Idem
224 1543 302 1569 Vetr.
310 1552 338 1575 4,
348 1544 382 1575 96
402 1541 514 1572 Chrysas
529 1539 566 1566 est
579 1540 673 1572 amnis,
692 1540 740 1574 qui
752 1550 799 1575 per
806 1542 989 1568 Assorinorum
1001 1551 1078 1576 agros

170 1578 281 1604 Fluuius
293 1579 404 1604 Eurotas
419 1577 479 1602 fluit
492 1581 600 1609 propter
612 1574 835 1602 Lacedaemonem
860 1578 915 1604 Cic.
931 1578 964 1604 de
976 1580 1079 1604 Inuent.

30 1620 59 1645 ο,
69 1614 114 1645 96.
184 1613 295 1639 Fluuius
308 1612 433 1646 sanguine
446 1611 523 1637 fluxit
535 1616 632 1636 atratus
651 1610 725 1637 Idem
739 1611 771 1637 de
784 1612 877 1638 Diuin.
893 1621 914 1645 1,
927 1619 966 1645 93.
1004 1612 1078 1646 Qud

30 1647 227 1682 fi'Legitimum
240 1649 350 1679 flueres,
370 1647 388 1673 fi
403 1646 494 1673 nobile
508 1647 606 1672 flumen
618 1647 628 1672 ἒ
664 1645 747 1672 Ouid.
760 1647 853 1673 Amor.
866 1656 889 1680 3,
903 1651 929 1680 6,
945 1654 985 1680 89.
1031 1650 1079 1674 La-

8 1699 9 1702 =
31 1683 131 1710 erimae
143 1684 230 1710 fluunt
249 1682 330 1710 Ouid.
346 1684 411 1710 Met.
423 1691 446 1715 a,
460 1684 518 1714 364.
608 1680 695 1708 Sudor
711 1681 771 1708 fluit
783 1683 901 1718 vndique
913 1684 981 1711 riuis
1002 1685 1077 1718 Virg.

32 1719 99 1745 Aen.
113 1726 136 1751 5,
149 1727 209 1745 200.
263 1718 344 1745 Pleno
356 1718 432 1744 alueo
448 1718 529 1743 fluere
548 1716 679 1750 Quinctil.
691 1726 712 1748 2,
727 1726 747 1744 1.
944 1718 964 1755 q
983 1727 1000 1745 2
1022 1720 1078 1745 Cic.

31 1753 147 1788 Philipp.
162 1762 198 1786 12,
211 1758 225 1784 8
238 1763 260 1780 c.
273 1762 286 1786 3
306 1754 362 1788 Ipsa
376 1753 421 1780 illa
434 1753 530 1779 Martia
544 1752 657 1778 caelestis
668 1758 695 1778 et
709 1752 801 1778 diuina
812 1752 900 1786 legio,
918 1753 968 1779 hoc
983 1755 1078 1779 nuntio

30 1788 179 1822 languescet
191 1795 219 1815 et
230 1789 384 1820 mollietur,
402 1794 481 1822 atque
506 1786 573 1813 illud
597 1787 806 1820 pulcherrimum
827 1796 926 1812 nomen
949 1789 1078 1813 Martium

30 1824 149 1855 amittet,
167 1823 290 1850 excident
301 1823 398 1858 gladii,
416 1824 499 1848 fluent
509 1829 580 1847 arma
595 1821 628 1846 de
641 1821 780 1846 manibus..
844 1821 941 1854 Capilli
964 1822 1031 1847 Cels.
1052 1824 1077 1852 6,

30 1865 42 1885 ι
51 1863 96 1893 pr.
115 1860 134 1884 i.
148 1857 176 1883 de
197 1864 266 1884 uum.
336 1858 430 1884 Crines
443 1855 538 1882 intonsi
552 1855 630 1888 longa
642 1856 747 1880 ceruice
761 1854 879 1880 fluebant
897 1855 1005 1881 Tibull.
1018 1865 1039 1888 3,
1049 1864 1077 1889 4,

29 1899 71 1928 27.
83 1891 140 1929 fifi
151 1892 273 1918 iacebant.
364 1892 463 1917 Fluunt
476 1890 571 1916 sudore
584 1895 610 1915 et
624 1889 769 1915 laffitudine
782 1889 917 1922 membra,
935 1890 1023 1917 labant
1037 1900 1076 1918 ar-

29 1936 87 1960 ma,
106 1927 200 1954 mollia
212 1935 325 1961 corpora
338 1932 384 1953 etc.
403 1926 463 1952 Liu.
475 1931 515 1958 38,
528 1933 565 1959 17.
636 1925 735 1952 Omnia
755 1934 822 1959 quae
842 1925 946 1960 delapsu
959 1928 1012 1952 iam
1029 1927 1076 1953 flu-

31 1969 125 1992 xerunt
143 1963 264 1997 Cic.2pro
276 1963 358 1989 Marc.
372 1971 394 1988 c.
407 1966 430 1991 8.
501 1961 576 1988 Idem
591 1959 624 1986 ad
636 1961 709 1986 Brut,
722 1969 750 1986 10
777 1961 816 1986 De
829 1970 871 1987 me
884 1966 986 1987 tantum
1004 1962 1075 1988 dico.

31 1999 166 2026 Caesarem
178 1998 247 2024 hunc
258 1998 461 2028 adolescentem,
479 2005 526 2031 per
538 2003 618 2030 quem
629 1995 712 2021 adhuc
725 1997 830 2028 sumus,
848 1996 865 2022 si
888 2005 981 2023 verum
996 1997 1074 2023 fateri

33 2034 155 2062 volumus
163 2054 171 2066 ,
191 2034 293 2060 fluxisse
312 2041 345 2059 ex
368 2033 442 2059 fonte
461 2031 635 2058 consiliorum
646 2039 778 2058 meorum.
847 2032 919 2058 Haec
932 2032 1023 2058 onmia
1043 2041 1075 2058 ex

4 2095 5 2098 ,
34 2070 124 2098 eodem
135 2070 210 2096 fonte
223 2070 356 2096 fluxerunt
375 2068 432 2094 Cic.
447 2067 479 2094 de
492 2067 529 2094 N.
544 2068 576 2094 D.
591 2075 604 2098 3
617 2071 640 2093 'c-
653 2075 690 2100 19.
760 2067 844 2093 Totis
855 2067 970 2094 vallibus
985 2069 1075 2099 fluere,

2 2115 3 2118 ¹
35 2115 74 2134 ma
107 2115 175 2133 orum
186 2108 295 2132 amnium
310 2102 344 2137 est
364 2103 494 2137 Quinctil.
509 2110 533 2136 5,
557 2111 596 2136 14·
702 2103 817 2129 Carmen
834 2111 901 2129 vena
918 2104 1078 2137 pauperiore

1 2138 4 2143 ”
37 2141 96 2168 fluit
109 2140 190 2168 Ouid.
214 2148 247 2167 ex
271 2141 346 2167 Pout.
369 2148 399 2173 4,
417 2148 444 2172 2,
457 2147 498 2165 20.
561 2139 574 2165 I
592 2139 633 2164 nis
646 2138 729 2164 fluere
739 2137 833 2164 dicitur
847 2149 855 2163 :
892 2139 944 2164 vid.
959 2139 1029 2166 Cerd.
1042 2138 1077 2165 ad

38 2176 115 2212 Virg.
123 2177 186 2204 Aen.
200 2185 222 2209 3,
236 2184 291 2211 572.
326 2182 350 2202 et
364 2177 415 2202 Iac.
429 2176 537 2202 Gronau.
550 2183 566 2200 a
595 2173 663 2199 Geli.
678 2181 715 2207 17,
729 2182 766 2199 10.
837 2174 927 2200 Oratio
940 2174 976 2200 ita
989 2174 1076 2200 libere

39 2212 146 2245 fluebat,
163 2216 192 2239 vt
204 2220 332 2247 nusquam
349 2210 545 2237 adhaeresceret
563 2209 620 2236 Cic.
633 2209 662 2235 in
680 2210 762 2235 Bruto
781 2216 836 2243 274
857 2218 878 2235 c.
893 2217 937 2243 79.
1011 2210 1077 2236 Ora-

35 2247 78 2275 tio
90 2247 148 2274 fluit
160 2256 192 2274 ex
205 2248 295 2282 lingua
305 2247 416 2274 alicuius
429 2246 507 2272 melle
519 2245 623 2271 dulcior
630 2245 686 2271 Cic.
701 2243 734 2270 de
748 2245 848 2271 Seneca.
862 2253 887 2276 31
900 2254 921 2270 c.
936 2254 973 2272 10.
1011 2246 1076 2272 Ora-

36 2283 77 2310 tio
87 2282 119 2310 ab
130 2282 221 2319 aliquo
235 2283 312 2310 fluxit
336 2283 392 2309 Cic.
407 2281 439 2308 de
453 2281 523 2308 Clar.
537 2281 612 2307 Orat.
631 2288 686 2308 201.
756 2280 852 2314 Sponte
872 2281 954 2306 fluent
974 2287 1077 2308 matura

34 2318 80 2345 sua
89 2319 203 2352 (Poma)
221 2318 304 2346 Ouid.
316 2318 408 2344 Amor.
422 2326 448 2349 2,
462 2325 497 2349 14.
516 2319 534 2342 i.
547 2316 667 2342 decident.
685 2315 741 2341 vid.
764 2316 851 2351 Heius
866 2323 890 2342 et
901 2316 1028 2343 Drakenb.
1042 2316 1077 2342 ad

823 264 880 292 Cic.
902 263 934 290 dc
949 263 1041 290 Diuin.
1055 272 1081 295 2,

31 1560 100 1604 finiit.

0 2352 15 2390 ’Ἰ
33 2352 79 2380 Sil.
86 2362 111 2386 2,
119 2362 165 2387 131.
201 2356 286 2382 Burni.
293 2353 327 2381 ad
337 2355 470 2380 Sammon.
483 2359 536 2385 105.
571 2352 612 2379 Sic
625 2351 723 2385 Capilli
737 2352 822 2377 fluunt
836 2358 865 2377 vt
877 2352 994 2378 vidimus.
1006 2383 1010 2386 ,
1032 2353 1075 2378 Ne
1095 2354 1130 2379 60
1142 2363 1218 2387 cere,
1231 2360 1257 2380 et
1269 2361 1325 2381 atra
1338 2355 1368 2381 ad
1383 2357 1441 2381 saxa
1455 2355 1569 2383 illidere.

51 2388 96 2416 uid
109 2389 177 2417 intra
188 2390 296 2418 oculum
309 2390 373 2416 fluat
390 2388 558 2419 Scribon.30.
601 2387 676 2421 Virg.
685 2387 782 2420 Georg.
791 2395 817 2418 2,
829 2394 879 2421 370
915 2402 960 2407 —
996 2388 1074 2414 Tum

49 2425 144 2461 enique
159 2425 223 2453 dura
265 2426 362 2452 Exerce
375 2424 503 2458 imperia,
522 2428 548 2448 et
563 2430 649 2448 ramos
663 2423 795 2455 compesce
808 2422 926 2448 fluentes.
936 2423 1076 2458 fundentes

0 2468 4 2485 1
23 2459 53 2496 fi
63 2461 147 2487 latiur.
216 2461 332 2488 Martial.
346 2469 374 2492 4,
387 2461 422 2485 66
458 2458 517 2484 Nec
529 2458 612 2483 mersa
625 2457 661 2483 est
674 2457 767 2491 pelago
776 2477 784 2489 ‚
796 2466 842 2483 nec
856 2458 915 2484 fluit
927 2458 979 2484 vlla
992 2459 1075 2491 Ratis,

0 2501 5 2523 l
28 2498 49 2522 i.
59 2494 173 2522 iafl’atur
185 2494 323 2531 tempestate
336 2491 486 2530 etflut‘luat.
590 2493 646 2519 Cic.
660 2492 691 2519 de
703 2493 759 2519 Fiu.
775 2501 800 2525 2,
815 2502 851 2527 24
871 2495 958 2528 Atque
971 2494 1003 2520 ab
1018 2496 1074 2529 ipso

29 2531 114 2565 eapite
127 2531 210 2556 fluere
223 2531 320 2556 necesse
332 2528 368 2555 est
380 2537 486 2555 omnem
498 2527 629 2556 rationem
641 2528 772 2555 bonorum
787 2534 813 2555 et
825 2529 966 2556 malorum.
1023 2532 1073 2557 Ra-

29 2566 117 2592 tiones
131 2566 258 2600 quorsum
271 2565 353 2591 fluant
365 2564 459 2598 Cneii,
478 2570 504 2591 et
516 2563 580 2599 quid
595 2569 668 2598 agat,
684 2564 820 2591 videamus
852 2566 908 2591 Cic.
924 2567 978 2592 Att.
991 2574 1022 2598 9,
1039 2575 1073 2597 12,

31 2603 80 2633 (ιο
88 2603 108 2633 ).
180 2601 236 2627 Cic.
251 2600 303 2627 Off.
318 2609 338 2633 1,
351 2609 386 2633 90
400 2609 421 2627 c.
434 2601 469 2627 26
488 2601 575 2634 Atque
588 2601 669 2627 etiam
681 2600 710 2626 in
729 2599 808 2627 rebus
827 2602 972 2635 prosperis,
993 2608 1018 2627 ct
1040 2601 1072 2628 ad

30 2637 197 2663 voluntatem
218 2637 334 2663 nostram
356 2635 512 2667 fluentibus,
531 2635 698 2669 superbiam,
711 2635 861 2667 fastidium,
884 2637 1073 2670 arrogantiam-

30 2680 83 2707 que
97 2681 256 2707 magnopere
269 2672 408 2707 fugiamus.
477 2670 574 2698 Sen.de
585 2672 627 2697 Ira
638 2679 661 2703 3,
699 2690 706 2696 .
743 2690 750 2697 .
786 2671 883 2697 Fluunt
897 2680 929 2697 ex
943 2671 1073 2697 destinato

30 2707 164 2743 proposita
178 2707 274 2735 nostra.
345 2707 433 2733 Rebus
452 2707 529 2740 supra
546 2705 655 2732 modum
667 2704 809 2732 fluentibus
829 2706 887 2732 Sall.
901 2713 941 2740 ap.
954 2706 1026 2731 Seru.
1039 2705 1074 2731 ad

31 2743 97 2770 Aen.
113 2752 137 2776 2,
151 2745 206 2776 169.
277 2743 329 2769 Res
344 2743 403 2768 fluit
415 2740 446 2767 ad
459 2742 656 2775 interregnum,
674 2741 699 2766 h.
715 2750 735 2766 e.
754 2741 849 2767 Tendit
868 2741 925 2767 Cic.
938 2741 1073 2774 Att.4,16.

30 2777 104 2806 Idem
118 2780 152 2812 Q.
167 2779 250 2805 Fratr.
263 2787 285 2811 3,
299 2783 312 2808 8
332 2779 382 2804 Res
401 2777 531 2812 prolatae,
555 2776 587 2803 ad
612 2777 794 2812 interregnum
820 2776 929 2803 comitia
951 2776 1073 2803 adducta.

33 2815 70 2841 Vt
82 2823 123 2841 res
136 2815 196 2840 suae
209 2819 261 2850 ‘qua
276 2814 417 2849 coepissent
428 2813 539 2840 fluerent
557 2812 617 2838 Liu.
631 2819 673 2846 27,
688 2819 716 2846 17
730 2813 806 2838 (ἒν-οη.
876 2812 933 2838 Cic.
948 2811 980 2838 de
994 2812 1029 2838 N.
1042 2812 1075 2838 D.

33 2857 54 2881 1,
65 2851 82 2879 6
101 2850 216 2876 Multum
233 2856 321 2876 autem
341 2849 441 2876 fluxiffe
458 2847 538 2875 video
556 2847 587 2874 de
606 2847 682 2874 libris
704 2847 814 2878 nostris,
825 2856 911 2887 ‘quos
926 2848 1075 2882 complures

33 2920 101 2948 vnde
113 2921 163 2948 hoc
176 2921 380 2956 philosophandi
393 2920 472 2947 nobis
485 2919 572 2946 subito
591 2919 706 2945 studium
726 2918 874 2950 exstitisset,
893 2919 989 2953 partim
1008 2919 1073 2952 quid

0 2953 5 2994 l
35 2964 137 2990 quaque
149 2957 182 2984 de
194 2966 224 2984 re
235 2957 302 2983 certi
316 2956 490 2988 haberemus,
508 2955 573 2982 scire
587 2955 757 2989 cupientium.
777 2954 924 2988 i.ManaJ]e.
996 2955 1072 2989 Virg.

37 2992 101 3017 Aen.
114 3000 135 3022 2,
148 2995 194 3025 169
222 2993 260 3020 Ex
284 2992 333 3018 illo
353 2992 450 3023 fluere,
467 3000 496 3018 ac
515 2996 586 3017 retro
607 2989 726 3024 sublapsa
737 2990 834 3016 referri
870 2991 930 3025 Spes
943 2989 1073 3017 Danaum.

5 3034 7 3037 ·
38 3025 145 3057 Fluere‘,
156 3030 244 3063 *inquit
254 3028 376 3059 Seruius,
392 3028 437 3053 τῶν
451 3028 528 3059 μέσων
540 3025 577 3052 est
590 3036 597 3056 ;
632 3025 694 3052 ideo
708 3024 811 3052 addidit
821 3025 911 3052 Retro.
978 3027 1008 3052 Et
1025 3035 1072 3060 per

42 3091 171 3128 Christum·
247 3099 340 3127 Tarda
353 3098 423 3125 mihi
435 3099 536 3130 fluunt,
553 3097 705 3132 ingrataque
718 3097 857 3132 Tempora
872 3098 946 3124 Hor.
961 3097 1039 3132 Epist.
1055 3106 1073 3129 1,

41 3137 63 3161 1,
77 3137 116 3162 23·
184 3131 279 3161 Vinum
301 3135 362 3162 fluit
391 3134 511 3161 Scribon.
534 3140 590 3168 271.
612 3135 631 3159 i.
652 3130 740 3167 effluit.
810 3132 938 3168 Voluptas
953 3133 1073 3168 corporis

40 3165 103 3205 fluit
111 3170 138 3191 et
151 3166 233 3199 prima
244 3178 348 3206 quoque
360 3170 449 3197 auolat
469 3170 525 3197 Cic.
539 3168 572 3195 dc
583 3167 640 3195 Fin.
655 3176 679 3198 2,
692 3170 738 3194 106
753 3177 773 3194 c.
783 3176 821 3200 32.
1018 3166 1038 3206 ff
1060 3177 1073 3201 3

40 3199 186 3234 Occidere,
206 3201 298 3237 fluere,
316 3205 388 3238 labi,
407 3214 454 3232 nec
466 3205 566 3232 diutius
579 3205 608 3230 in
621 3203 715 3230 codem
728 3203 794 3230 statu
808 3204 856 3230 esse
883 3204 939 3230 Cic.
956 3204 984 3230 in
997 3204 1072 3230 Orat.

41 3243 71 3262 10
84 3245 135 3267 e.3.

40 3270 131 3311 ‹Stoi-e,
149 3270 209 3297 fluit
226 3273 329 3306 Qinti't.
344 3286 380 3308 10,
393 3285 414 3310 1,
426 3286 451 3304 2.
518 3276 576 3303 Cic.
590 3276 673 3302 Tusc.
691 3283 723 3308 4,
737 3283 765 3301 12
800 3274 961 3309 Pythagorae
985 3281 1075 3302 autem

42 3306 164 3347 doftrina
183 3315 266 3347 quum
281 3309 356 3346 longe
375 3312 480 3348 lateque
500 3312 609 3343 flueret,
629 3310 815 3345 permanauiffe
834 3310 902 3337 mihi
923 3309 1031 3337 videtur
1045 3311 1075 3336 in

41 3341 108 3382 hanc
141 3347 284 3369 Clultatem-
374 3348 468 3375 Fluere
500 3347 603 3374 facetiis
635 3347 718 3373 Plaut.
732 3346 791 3372 Mil.
807 3355 835 3379 4,
847 3352 870 3376 8,
885 3355 920 3372 12.
939 3346 1072 3373 abundare.

40 3378 96 3404 Cle·
110 3378 192 3404 Tusc·
209 3386 229 3409 ²1
241 3385 272 3410 52
284 3387 305 3404 c·
317 3388 350 3406 22
363 3382 462 3417 Opinio
475 3383 512 3410 est
532 3383 604 3409 enim
626 3382 755 3416 quaedam
776 3381 925 3408 effeminata
948 3390 976 3407 ac
1000 3381 1074 3412 leuis,

40 3457 99 3475 mus
108 3468 116 3480 ,
136 3449 296 3489 fluimusque
309 3450 431 3484 Mollitia,
446 3456 501 3489 apis
513 3454 633 3481 aculeum
647 3453 700 3479 sine
714 3453 828 3479 clamore
841 3453 912 3480 ferre
927 3462 980 3479 non
992 3454 1075 3487 possu-

40 3493 108 3511 mus.
178 3485 238 3511 L1u.
251 3492 277 3519 7.
347 3485 418 3512 Cui-t.
430 3496 466 3520 ιο,
478 3498 499 3521 3,
511 3498 537 3522 9.
577 3489 684 3516 Tibull.
699 3498 724 3519 2,
739 3490 764 3519 6,
778 3496 813 3520 33.
849 3489 946 3515 Patere.
959 3497 985 3520 2,
999 3493 1037 3520 88,
1052 3497 1074 3515 2.

40 3526 95 3551 en,
109 3521 133 3550 6,
149 3528 171 3546 2·
365 3517 386 3557 ⁴]
404 3530 423 3555 4
457 3525 555 3560 Obstru.
591 3525 685 3552 Pluere
706 3530 729 3550 et
748 3524 875 3556 Effluere,
893 3523 975 3550 aas...
998 3527 1076 3550 imer-

41 3553 96 3595 dnfm
103 3558 167 3590 poni
176 3554 291 3597 *obstruat
305 3555 390 3597 Butm.
408 3556 442 3582 ad
451 3558 552 3588 Petron.
567 3569 588 3587 c.
601 3568 630 3595 71
644 3569 668 3595 p.
686 3567 728 3592 355
735 3559 759 3595 s
771 3579 776 3585 .
812 3559 855 3585 vbi
873 3559 953 3586 Dolia
968 3559 1076 3586 effluunt

42 3598 149 3622 viuum,
170 3601 188 3617 1.
208 3592 267 3617 Non
279 3596 413 3616 comment.
447 3592 517 3628 Coris.
532 3597 617 3631 Heius:
628 3596 662 3622 ad
673 3568 768 3622 Claudq.
780 3604 805 3629 p.

43 3631 57 3655 8
75 3625 102 3651 de
122 3626 235 3658 Storace,
255 3625 403 3652 Lacrimam
418 3625 508 3666 ‚fluunt
527 3631 654 3664 virgulae.
728 3632 904 3657 permutantur
926 3640 941 3656 a
962 3630 1077 3656 librariis

40 3660 108 3722 {lluo
139 3668 163 3688 et
194 3662 276 3694 Pluo,
295 3661 367 3696 quod
397 3659 460 3687 Vide
475 3671 481 3686 τ
514 3665 544 3690 ie.
573 3666 652 3693 Fluxi
681 3673 704 3693 et
724 3665 792 3692 Fulsi
799 3684 808 3697 ‚
827 3665 879 3692 vid.
897 3665 1022 3692 Drakenb.
1043 3665 1077 3691 ad

58 3704 66 3723 1
79 3716 85 3723 .
99 3705 123 3727 2,
135 3705 182 3729 131.

71 3737 123 3792 ξι
132 3739 247 3764 VENS,
268 3732 345 3759 entis·
366 3731 458 3759 Partic.
493 3731 586 3767 [ῥέων]
622 3737 695 3770 Aqua
709 3737 791 3763 fluens
811 3735 891 3762 Ouid.
904 3735 936 3761 de
945 3736 1009 3761 Arte
1017 3735 1076 3761 Am.

6 3777 11 3787 x
43 3773 70 3799 3,
89 3776 111 3794 2.

3 3821 8 3824 -
41 3801 160 3829 Mariano
180 3805 252 3830 scuto
272 3803 411 3831 Cimbrico
432 3802 479 3829 sub
498 3802 573 3828 nodis
594 3803 743 3838 distortum,
758 3807 842 3833 eie6’m
863 3807 969 3841 lingua,
988 3805 1077 3832 buccis

17 3843 20 3868 Ι
44 3835 190 3866 fluentibus.
293 3839 403 3866 Brachia
417 3838 512 3865 sudore
526 3837 633 3864 fluentia
649 3840 728 3867 Ouid.
741 3844 805 3869 Met.
819 3851 844 3875 9,
859 3850 898 3877 57.
977 3841 1076 3876 Capilli

18 3875 20 3898 l
43 3871 108 3900 Cels.
120 3876 145 3907 6,
159 3883 177 3901 1.
248 3875 339 3903 Exitus
353 3875 480 3901 fluentior
498 3873 617 3900 Ambros.
632 3873 711 3900 Serm.
724 3881 758 3905 81.
823 3877 960 3912 Membra,
979 3880 997 3903 i.
1013 3879 1077 3904 Lan-

38 3908 114 3971 8ιιι-ίᾱα
128 3911 203 3936 Curt.
216 3915 240 3942 8,
254 3919 292 3943 14,
305 3920 325 3942 3.
392 3910 523 3937 Nauscam
537 3910 662 3934 fluentem
673 3911 792 3937 co'e'rcere
822 3914 891 3940 Hor.
906 3913 987 3947 Epod.
1000 3921 1026 3945 9,
1041 3921 1076 3946 35.

77 3944 131 3973 atio
144 3945 228 3973 libere
240 3945 339 3974 fluebat
358 3946 415 3975 Cic.
429 3945 462 3973 de
475 3945 546 3973 Clar.
561 3945 635 3972 Orat.
653 3951 701 3978 275
713 3952 734 3970 c.
747 3953 791 3979 79.

1106 411 1119 437 5

1097 596 1127 614 10

1104 772 1132 798 ις
1148 763 1241 789 sonum
1257 762 1341 788 Catul.
1357 764 1398 794 62,
1413 771 1452 795 52.

1092 954 1128 973 20

1096 1131 1128 1157 25

1096 1309 1128 1332 30

1099 1488 1126 1514 35

1088 1665 1125 1690 40

1092 1828 1126 1854 45

1091 2004 1123 2030 50

1095 2178 1125 2206 55

1091 2532 1123 2565 63

1088 2711 1123 2739 70

30 2883 108 2912 breui
120 2891 239 2920 tempore
253 2885 397 2916 edidimus,
411 2885 568 2919 variumque
582 2884 744 2915 sermonem,
764 2889 860 2917 partun
874 2883 1073 2915 admirantium,
1092 2888 1125 2917 75
1137 2885 1187 2946 ffd
1203 2885 1344 2919 flufflgero
1380 2886 1462 2913 tradit
1504 2885 1664 2921 mandatque
1703 2888 1798 2921 paroni

1161 2929 1169 2945 1
1190 2929 1228 2947 or.
1247 2929 1290 2953 19,
1309 2928 1328 2948 1.

41 3059 187 3088 columbam
198 3063 309 3098 Spiritus
321 3064 344 3090 S.
357 3063 417 3090 fluit
433 3062 542 3089 Paullin.
556 3061 620 3088 Nol.
634 3062 680 3095 Ep.
694 3069 721 3093 32
733 3060 766 3087 ad
780 3062 868 3088 Seuer.
881 3064 899 3088 i.
911 3061 1034 3098 descendit
1045 3065 1073 3088 in
1092 3061 1124 3087 80
1140 3061 1241 3096 &iuagi
1274 3063 1334 3089 Stat.
1356 3064 1421 3090 Silu.
1441 3072 1463 3095 3,
1482 3072 1503 3096 1,
1515 3069 1556 3097 84.

40 3421 88 3439 net
104 3414 132 3439 in
147 3413 240 3440 d010re
254 3414 349 3447 magis,
365 3425 442 3450 quam
456 3418 546 3446 eadem
558 3420 586 3444 in
601 3418 754 3452 voluptate3
790 3422 841 3452 qua
854 3426 936 3452 quum
952 3418 1074 3452 liquesci-
1096 3425 1131 3450 90
1140 3423 1165 3444 te
1179 3417 1226 3444 lus.
1244 3425 1371 3454 comparat
1383 3427 1480 3454 campos
1492 3419 1522 3445 ab
1534 3422 1642 3445 exercitu
1655 3417 1753 3454 inseffiis
1765 3429 1817 3445 cum
1830 3418 2049 3453 mat-ifluffiuante.

819 3603 877 3629 273.
911 3595 952 3622 Sic
967 3594 1023 3621 [fid.
1038 3602 1076 3628 17,
1091 3604 1123 3631 95
1141 3603 1205 3626 mo,
1222 3603 1406 3632 incertumque
1431 3597 1464 3623 de
1479 3597 1601 3623 Romano
1624 3596 1704 3622 bello.

177 3768 233 3795 Cic.
247 3768 279 3795 de
292 3769 367 3795 Orat.
382 3776 406 3801 2,
419 3768 468 3793 266
504 3767 686 3797 Demonstraui
709 3772 795 3806 digito
810 3771 910 3805 pifihnn
924 3771 1029 3797 Gallum
1047 3771 1076 3796 in
1087 3781 1133 3799 100
1137 3777 1197 3805 potu
1211 3776 1363 3800 commoneri.

1535 177 1569 218 F
1640 178 1695 219 *L
1778 182 1816 222 V
2118 192 2197 241 694

1147 266 1256 292 fluentes
1276 265 1408 300 Quinctil.
1422 275 1443 299 1,
1456 275 1476 293 2.
1550 267 1641 299 Rami,
1664 267 1716 294 vid.
1723 267 1813 304 supra.

1147 302 1310 328 voluntatem
1323 301 1436 328 nostram
1450 302 1560 330 fluentes
1575 304 1631 332 Cic.
1646 303 1698 331 off.
1715 312 1734 336 1,
1748 313 1792 336 90.
1862 307 1945 335 Riuus
1968 313 2040 347 Virg.
2050 313 2101 339 Ecl.
2112 318 2125 343 8
2145 321 2194 339 101.

1147 338 1233 364 Soluti
1246 347 1274 364 ac
1290 338 1398 363 fluentes
1423 338 1531 370 Quiuel.
1552 348 1569 370 1,
1587 349 1608 370 2,
1622 345 1643 369 8.
1735 339 1853 367 Martial.
1867 349 1899 370 11,
1911 353 1943 375 4²
1978 348 2105 375 Cedentes
2117 333 2196 375 {neri

1148 381 1248 404 ramos,
1260 372 1402 407 liluamque
1417 374 1541 399 fluentem
1580 375 1652 401 Vicit
1664 376 1793 401 concussas
1808 376 1862 410 ipse
1876 377 1975 405 secutus
1990 390 2060 415 opes,
2133 384 2197 410 Tu-

1149 409 1213 434 uicis
1226 409 1367 434 fluentibus
1383 416 1457 434 auras
1471 409 1568 443 excipit
1594 411 1675 437 Ouid.
1690 410 1722 437 de
1741 411 1806 438 Arte
1826 412 1886 437 Am.
1903 420 1933 444 3,
1954 423 2005 446 30¹·
2076 419 2196 454 Propert.

1149 452 1172 476 3,
1205 452 1243 479 17,
1275 452 1303 476 32
1341 443 1371 472 Et
1396 443 1476 470 feries
1500 445 1583 471 nudos
1610 446 1680 473 vesle
1706 445 1803 473 fluente
1821 447 1907 481 pedes.

1189 485 1205 505 F
1216 486 1231 506 L
1241 487 1261 505 v
1271 485 1288 504 Ε
1298 485 1318 505 Ν
1329 486 1350 506 Τ
1359 485 1412 506 ER.
1434 478 1500 505 Adu.
1538 480 1642 507 Lueret.
1655 491 1684 516 4,
1698 483 1750 509 226
1774 483 1864 517 Vsque
1876 483 1942 510 adeo
1962 485 2085 512 omnibus
2104 488 2136 514 ab
2155 498 2197 516 re-

1150 514 1197 541 bus
1212 524 1252 541 res
1265 523 1386 548 quaeque
1400 514 1513 554 fluenter
1550 516 1664 547 Fortun
1700 523 1726 544 et
1745 517 1773 544 in
1792 518 1895 545 cunelas
1914 519 2059 547 dimittitur
2078 523 2196 557 Vndique

1150 556 1244 584 partes.
1317 549 1395 584 Apul.
1411 549 1496 575 Miles.
1513 559 1525 575 2
1540 560 1565 584 p.
1581 559 1625 577 122
1641 553 1745 586 Capillo
1760 553 1872 580 fluenter
1884 555 2006 585 vndante.
2062 558 2094 583 Et
2101 558 2196 593 forsan

1148 586 1206 612 Cic.
1222 587 1274 612 Att.
1293 593 1320 620 7,
1335 594 1364 618 14
1385 585 1508 611 Fluentcr
1524 585 1637 620 lippire,
1656 590 1697 613 vlu
1712 591 1785 625 vulgo
1799 591 1907 617 Leniter.

1188 627 1204 646 F
1218 627 1233 646 L
1245 629 1263 647 v
1274 627 1290 646 E
1302 627 1323 646 N
1333 628 1354 648 'r
1364 628 1374 647 1
1384 628 1402 647 Α
1413 639 1419 651 ,
1441 629 1480 647 ae.
1497 621 1515 646 t'.
1552 623 1683 649 Anuuian.
1698 633 1737 656 30,
1751 633 1774 649 ιε
1805 624 1990 659 Eloquentiam
2011 626 2096 654 inanis
2119 636 2197 662 quae-

1148 656 1208 682 dam
1222 657 1341 682 imitatur
1354 656 1464 682 fluentia
1478 655 1615 691 loquendi.
1719 659 1792 686 Cael.
1805 660 1895 687 Aurei.
1911 661 1998 689 Tard.
2011 670 2043 695 2,
2055 671 2068 695 3
2101 663 2198 689 Fluen-

1147 692 1211 718 tiam
1233 692 1356 718 retinere.

1184 724 1521 760 FLVEN'rfso'st,
1542 737 1572 759 a,
1593 737 1648 755 um.
1668 728 1728 755 Adi.

1904 275 1955 301 Res
1971 278 2109 312 prosperae
2123 283 2148 304 et
2162 277 2195 304 ad

1766 730 1956 766 [ναματοηχῆς]
1993 731 2068 761 Litus
2091 733 2198 761 fluenti-

1183 804 1200 824 Ρ
1212 805 1229 823 1,
1239 804 1285 825 νΕ
1295 805 1316 824 N
1327 803 1348 823 T
1358 804 1392 828 o,
1413 802 1465 825 Ere.
1501 799 1612 825 Venant.
1625 798 1736 827 Fortun.
1751 800 1783 827 de
1797 801 1853 828 Vit.
1867 802 1948 830 Mart.
1960 813 1989 837 4,
2003 805 2051 837 641
2068 803 2198 839 Pei-gisae

1146 833 1287 868 Augustam
1300 841 1351 868 qua
1364 833 1450 859 Virdo
1464 839 1489 859 ct
1501 834 1579 860 Licca
1592 835 1726 862 fluentant.

1185 875 1257 909 FLy
1269 875 1284 895 E
1296 876 1317 894 N
1328 874 1349 893 T
1359 876 1377 893 v
1388 875 1429 909 M,
1449 871 1467 894 i.
1487 878 1514 894 n.
1550 871 1652 909 [νιῖμα,
1669 871 1776 907 ριῗθρον,
1794 873 1897 907 ῥεῧμα]
1920 874 2035 907 Flumen,
2049 874 2198 911 fiueAquae

1146 905 1269 940 decursus.
1306 903 1512 931 Xanth1flucnta
1532 906 1606 940 Virg.
1614 907 1680 932 Aen.
1690 917 1716 940 4,
1725 915 1782 940 144.
1853 908 1969 935 Lubrica
1988 910 2198 946 Lucret.5,947.

1147 941 1235 966 Rauca
1254 940 1329 974 Virg.
1344 941 1409 966 Aen.
1423 942 1511 974 6,327.
1619 941 1704 975 Regio
1718 951 1887 972 murmurans
1901 945 2002 971 fluento
2021 946 2198 972 Pn1dent.Pe-

1145 975 1210 1038 {asti-
1216 984 1253 1036 1¹2¹„
1267 984 1306 1007 32.
1412 976 1582 1011 Spatiumque
1596 977 1663 1002 noui
1676 978 1776 1004 metare
1789 978 1883 1005 fluenti
1913 981 2011 1009 Auson,
2025 981 2121 1013 Eidyll.
2137 990 2165 1007 10
2176 981 2198 1008 s.

1178 1019 1193 1037 0
1207 1020 1220 1037 e
1243 1019 1256 1037 a
1268 1020 1294 1037 v.
1308 1018 1367 1043 419.

1181 1053 1197 1073 F
1206 1053 1221 1073 L
1230 1052 1334 1073 VCTV
1344 1053 1372 1077 S,
1398 1045 1436 1073 sis.
1472 1056 1508 1073 m.
1545 1045 1653 1080 [σαῖλοὴ
1673 1047 1759 1079 κῦμα,
1780 1044 1891 1083 κλειδῶν]
1926 1049 2013 1084 Aquae
2031 1049 2198 1085 discurrentis

1143 1083 1216 1108 molet
1229 1088 1301 1117 atque
1315 1084 1434 1116 impetus,
1454 1091 1513 1117 quae
1527 1090 1550 1107 et
1571 1081 1644 1107 Vnda
1656 1081 1759 1108 dicitur.
1796 1083 1852 1108 Cic.
1868 1084 1945 1109 Verr.
1958 1094 1985 1117 4,
2000 1091 2038 1114 118
2057 1095 2078 1111 c.
2094 1095 2119 1118 53
2140 1086 2199 1119 Qui

1148 1117 1229 1144 fluftu
1244 1122 1314 1143 totus
1328 1118 1493 1151 operiretur,
1513 1117 1561 1143 nili
1578 1118 1728 1144 munitione
1742 1126 1770 1144 ac
1786 1119 1857 1145 mole
1870 1118 2005 1153 lapidum,
2025 1129 2039 1146 a
2063 1122 2130 1146 mari
2145 1123 2198 1147 dis-

1143 1153 1249 1180 iun&us
1264 1154 1339 1184 esset,
1358 1153 1388 1178 de
1400 1153 1524 1189 Arethusa
1532 1153 1617 1189 fonte.
1687 1153 1780 1180 Tacit.
1795 1154 1824 1180 in
1837 1154 1893 1181 Vit.
1907 1155 1994 1189 Agric.
2009 1163 2040 1188 25
2060 1156 2199 1183 Montium

1144 1188 1291 1223 profunda,
1308 1189 1490 1223 tempestatum
1510 1197 1538 1215 ac
1557 1188 1686 1215 fluctuum
1706 1188 1831 1216 aduersa.

1936 1192 2027 1218 Motus
2047 1197 2073 1216 et
2085 1191 2198 1226 agitatio

1144 1224 1273 1250 tludtuum
1304 1224 1361 1250 Cic.
1396 1233 1445 1258 pro
1474 1225 1595 1250 Muraen.
1616 1231 1652 1256 35.

1726 1225 1786 1251 Atri
1806 1225 1941 1260 Aquilone
1972 1226 2046 1261 Virg.
2061 1228 2127 1254 Aen.
2144 1236 2164 1259 5,
2173 1236 2196 1253 2.

1143 1259 1267 1287 Caerulei
1286 1260 1332 1286 Sil.
1348 1267 1386 1294 17,
1401 1268 1435 1292 51.
1541 1259 1702 1292 Decunmni,
1723 1260 1775 1286 vid.
1797 1267 2017 1288 DECVMANVS.
2090 1262 2199 1289 Discor-

1144 1297 1188 1322 des
1209 1296 1266 1322 Se‘n.
1280 1294 1352 1322 Med.
1368 1304 1404 1321 12.
1476 1294 1606 1321 Fluminis
1617 1295 1737 1329 ingentes
1756 1297 1861 1323 Lucret.
1875 1308 1904 1331 4,
1918 1306 1988 1330 1030.
2042 1297 2104 1324 Saffi
2120 1299 2196 1332 Virg.

1144 1333 1209 1358 Aen.
1224 1339 1247 1364 5,
1265 1336 1315 1361 182.
1387 1331 1484 1357 Sonori
1524 1332 1586 1357 Stat.
1600 1331 1666 1357 Silu.
1681 1340 1707 1364 2,
1722 1340 1748 1364 2,
1762 1340 1801 1365 50.
1999 1330 2020 1369 ff
2041 1342 2057 1360 2
2099 1334 2197 1361 Verba.-

1143 1367 1232 1394 Variis
1247 1366 1372 1393 flutftibus
1385 1367 1436 1401 Agi
1456 1367 1516 1392 Sen.
1529 1368 1621 1401 Agam.
1646 1367 1664 1393 s.
1677 1375 1699 1399 3.
1817 1367 1919 1395 Litoris
1930 1368 1994 1403 pulsi
2007 1368 2101 1395 flut‘lus
2113 1369 2198 1396 Audi-

1144 1412 1174 1430 re
1192 1402 1311 1429 Scribon.
1329 1404 1381 1432 186.
1454 1403 1553 1429 Canent
1568 1411 1684 1437 aequora
1697 1402 1849 1429 immodicis
1863 1404 1988 1431 fluetibus
2019 1404 2100 1431 Ouid.
2116 1405 2196 1439 Epist.

1147 1444 1181 1469 18,
1197 1446 1248 1473 137.
1353 1437 1497 1465 Considunt
1508 1438 1605 1464 tumidi
1622 1438 1667 1464 Sil.
1677 1445 1716 1472 17,
1726 1446 1782 1471 291.
1856 1439 2026 1466 Declamabat
2038 1440 2070 1467 ad
2084 1440 2197 1466 flue‘kum

1146 1473 1351 1506 Demosthenes,
1370 1481 1399 1500 vt
1411 1474 1550 1500 fremitum
1562 1475 1712 1500 assuesceret
1726 1483 1792 1500 voce
1806 1475 1913 1502 vincere
1943 1476 1999 1502 Cic.
2015 1476 2047 1502 de
2060 1476 2118 1502 Fin.
2132 1484 2162 1509 5,
2181 1482 2198 1509 ς

1147 1519 1169 1536 c.
1185 1518 1206 1536 2.
1280 1509 1384 1536 Dedere
1397 1515 1480 1536 ratem
1494 1509 1618 1536 fluc‘libus
1640 1510 1696 1535 Scn.
1710 1510 1855 1543 Again.s.3.
1876 1508 1886 1526 '-
1926 1512 2016 1546 Egerit
2030 1511 2073 1537 hic
2090 1511 2198 1544 fluetus,

1146 1554 1298 1580 aequorque
1312 1545 1430 1572 refundit
1442 1546 1470 1571 in
1485 1554 1585 1580 aequor
1610 1545 1691 1571 Ouid.
1706 1545 1770 1572 Met.
1787 1554 1819 1578 11,
1834 1551 1895 1581 487.
1986 1548 2029 1573 Ire
2043 1556 2090 1581 per
2103 1547 2198 1581 longos

1147 1581 1241 1607 fluetus
1264 1581 1330 1607 Hor.
1345 1582 1433 1607 Carm.
1449 1590 1469 1614 3,
1483 1590 1527 1616 27,
1542 1590 1586 1614 42.
1658 1581 1765 1607 Feriant
1785 1582 1870 1607 insani
1890 1582 1984 1608 ssuc‘lus
2005 1582 2087 1608 litora
2119 1583 2197 1615 Vi-rg.

1147 1616 1200 1643 Ecl.
1215 1625 1241 1649 9,
1254 1625 1294 1649 43.
1368 1617 1447 1643 Ferre
1464 1617 1571 1643 [lucium
1592 1617 1648 1643 Cic.
1664 1617 1717 1642 Att.
1731 1624 1754 1649 5,
1766 1625 1803 1644 12.
1876 1617 1984 1651 Frangit
2003 1617 2126 1643 euolutos
2147 1617 2199 1642 flu-

1146 1652 1202 1678 ons
1210 1651 1326 1686 opposita
1335 1653 1432 1678 Leucas
1441 1653 1654 1678 Sen.Herc.Oet.
1689 1671 1695 1677 .
1734 1671 1740 1677 .
1778 1670 1785 1677 .
1821 1652 1919 1685 Frangi
1927 1652 2063 1677 fortunam
2070 1658 2199 1686 tanquam

1146 1688 1256 1713 fluctum
1269 1696 1283 1713 a
1298 1689 1359 1713 saxo
1372 1694 1496 1721 oportere
1516 1687 1572 1712 Cic.
1588 1688 1660 1712 Fam.
1673 1694 1700 1718 9,
1715 1688 1753 1711 16.
1827 1686 1915 1712 Fraeti
1933 1687 2003 1712 Hor.
2018 1687 2107 1713 Carm.
2123 1695 2199 1719 2,14,

1146 1731 1185 1754 14.
1257 1722 1352 1748 laetari
1365 1722 1490 1747 fluenbus
1508 1723 1563 1748 Cic.
1578 1721 1607 1746 in
1622 1722 1696 1746 Orat.
1713 1728 1759 1753 107
1773 1729 1796 1746 c.
1812 1729 1850 1751 30.
1887 1721 1940 1747 vid.
1962 1727 2060 1748 IACIO.
2140 1721 2198 1748 Illi-

1146 1756 1219 1781 ditur
1232 1756 1341 1785 fluetus,
1364 1756 1417 1781 vid.
1438 1762 1554 1782 1LL1D0.
1645 1755 1755 1788 Impaffi
1765 1774 1773 1786 ‚
1796 1755 1850 1781 vid.
1873 1763 2023 1783 nurmGo.
2129 1757 2197 1784 Lan-

1144 1796 1250 1822 guentes
1272 1790 1316 1815 Sil.
1330 1798 1356 1823 7,
1370 1798 1427 1822 259.
1499 1790 1614 1816 Percussa
1630 1790 1711 1815 fluctu
1723 1790 1802 1816 litora
1830 1790 1904 1826 Virg.
1919 1792 1970 1818 ecl.
1986 1800 2008 1826 5,
2023 1798 2060 1825 83.

1145 1824 1240 1849 111ιὲ1115
1251 1832 1320 1849 naue
1339 1825 1422 1850 Ouid.
1438 1824 1503 1852 Fast.
1519 1833 1539 1857 1,
1552 1830 1612 1858 498.

1145 1866 1244 1885 mutata
1263 1859 1318 1885 Cic.
1334 1859 1366 1885 de
1378 1861 1481 1887 Inuent.
1495 1868 1582 1894 2,154.

1146 1895 1210 1922 Aen.
1223 1900 1246 1927 8,
1260 1897 1320 1929 672.

1673 1825 1771 1852 Sedatis
1786 1825 1910 1853 fluetibus
1922 1834 1948 1854 et
1960 1828 2110 1861 tempestate
2123 1828 2198 1855 comss

1655 1861 1813 1895 spumabant
1827 1862 1930 1888 caerula
1944 1871 2009 1888 cano
2022 1863 2105 1889 fluctu
2119 1864 2197 1898 Virg.

1392 1896 1545 1922 Submersus
1559 1895 1650 1921 medio
1664 1897 1692 1921 in
1705 1896 1788 1922 111ιᾶ11
1811 1896 1882 1922 Idem
1896 1897 1963 1923 ibid.
1979 1906 1999 1930 1,
2007 1903 2058 1931 588.
2095 1899 2197 1926 Tumi-

1143 1930 1183 1956 dis
1198 1930 1322 1956 fluetibus
1334 1931 1455 1956 tunditur
1467 1933 1553 1956 saxum
1576 1932 1650 1963 Virg.
1668 1932 1732 1958 Aen.
1746 1938 1773 1963 5,
1790 1938 1842 1963 125.
2040 1931 2060 1970 ⁴]
2090 1943 2102 1966 3
2139 1936 2196 1962 Me.

1142 1966 1286 1999 tophoricae
1307 1965 1449 2000 formulae:
1486 1966 1595 1991 Massilia
1618 1966 1758 1992 Barbariae
1784 1966 1909 1992 fluetibus
1933 1967 2045 1996 ailuitur
2074 1970 2130 1996 Cic.
2146 1979 2196 2004 pro

1143 2000 1237 2026 Flacco
1253 2009 1274 2026 c.
1290 2002 1329 2026 26.
1402 2003 1451 2027 Pro
1467 2003 1559 2036 Impar-1
1576 2002 1614 2027 vel
1627 2002 1801 2027 Multitudine.
1845 2003 1900 2028 Cic.
1914 2003 1967 2029 Att.
1984 2011 2009 2038 7,
2025 2013 2033 2030 1
2071 2005 2196 2033 fluctum

1144 2035 1216 2061 enim
1230 2036 1312 2061 totius
1326 2035 1468 2062 Bai-bariae
1477 2056 1485 2067 ‚
1504 2037 1575 2063 ferre
1590 2036 1653 2063 vrbs
1666 2045 1717 2063 vua
1731 2046 1785 2063 non
1799 2043 1909 2071 poterat.
1982 2039 2083 2067 Ciuiles
2101 2041 2195 2076 Nepos

1144 2078 1186 2103 25,
1200 2073 1226 2102 6,
1241 2079 1260 2096 1.
1309 2070 1367 2097 md.
1382 2071 1514 2104 Qinffil.
1528 2081 1552 2105 7,
1565 2074 1590 2098 6.
1678 2073 1735 2099 Cic.
1750 2081 1798 2106 pro
1812 2073 1908 2100 Milon.
1923 2081 1936 2106 5
1949 2084 1970 2099 c.
1984 2083 1999 2100 2
2038 2077 2068 2101 Et
2083 2077 2196 2111 quidem

1146 2111 1259 2132 caeteras
1273 2106 1436 2140 tempestates
1450 2114 1476 2133 et
1490 2107 1617 2141 procellas
1632 2108 1658 2133 in
1676 2108 1730 2134 illis
1744 2111 1870 2135 duntaxat
1883 2109 2008 2136 fluetibus
2015 2112 2196 2145 Conciomrm,

1143 2142 1246 2174 semper
1266 2142 1358 2174 putaui
1379 2142 1479 2168 Miloni
1500 2143 1548 2168 effe
1561 2144 1715 2170 subeundas.
1788 2145 1894 2171 Insanos
1908 2154 2030 2172 curarum
2045 2149 2196 2182 comprime

1143 2176 1238 2202 fluetus
1257 2176 1302 2202 Sil.
1316 2182 1338 2207 8,
1347 2185 1385 2208 32.
1457 2177 1575 2204 Voluere
1587 2187 1709 2205 curarum
1722 2179 1806 2206 tristes
1821 2180 1849 2205 in
1861 2180 1967 2214 pectore
1980 2181 2074 2208 fluetus
2087 2183 2194 2212 Lucret.

1143 2215 1169 2244 6,
1184 2220 1219 2244 33.
1246 2212 1271 2238 h.
1286 2220 1306 2238 e.
1324 2214 1487 2248 Agitationcs
1499 2221 1523 2239 et
1535 2214 1690 2241 turbationes
1702 2225 1818 2241 curarum
1830 2218 2013 2250 multt'pltcium.
2086 2219 2153 2245 Plin.
2169 2226 2196 2252 ς,

1145 2255 1174 2282 17
1194 2248 1278 2282 Large
1290 2248 1533 2282 frequentantibus,
1553 2258 1620 2283 quos
1632 2251 1688 2276 vita
1701 2251 1778 2276 fessos
1797 2251 1830 2276 ad
1849 2260 1936 2277 mores
1955 2261 2048 2279 eorum
2069 2254 2195 2283 fortunae

1143 2283 1238 2313 tiu-&us
1251 2283 1341 2317 agitat.
1414 2285 1517 2311 Irarum
1532 2284 1626 2311 ssuc‘tus
1645 2286 1750 2312 Lucret.
1765 2294 1854 2318 3,299.
2053 2286 2073 2326 fi]
2097 2298 2114 2322 4
2134 2290 2194 2317 Flu-

1143 2319 1217 2351 61115,
1236 2322 1255 2344 ι’.
1271 2320 1426 2354 Antiquurn.
1464 2321 1557 2346 Accius
1571 2321 1792 2352 Clytaemnestra,
1807 2322 1895 2348 Flueti
1914 2322 2138 2352 immisericordes
2156 2326 2194 2352 ia-

1618 2357 1675 2381 Vid.
1690 2357 1763 2383 Non.
1778 2362 1803 2388 8,
1816 2366 1829 2389 3
1851 2378 1857 2384 .

1178 2397 1194 2416 F
1202 2397 1218 2416 L
1227 2397 1248 2415 v
1257 2397 1273 2417 c
1281 2387 1347 2418 Tic
1357 2390 1377 2417 17
1386 2399 1402 2417 L
1414 2397 1434 2416 v
1447 2399 1460 2418 s
1468 2411 1476 2423 ,
1495 2392 1514 2418 i.
1540 2401 1575 2418 m.
1604 2392 1706 2418 Dimin.
1743 2392 1820 2427 Apul.
1832 2366 1913 2428 iipol.
1929 2403 1953 2428 p.
1962 2396 2014 2427 296
2035 2395 2194 2428 Quamlibet

1140 2425 1236 2452 leuiter
1247 2427 1328 2452 motis
1348 2426 1498 2454 flucticulis.
1739 2444 1741 2446 -

1177 2468 1193 2488 r
1207 2469 1221 2487 L
1231 2468 1251 2487 v
1260 2468 1276 2488 c
1286 2469 1306 2488 T
1316 2468 1348 2488 1c
1359 2469 1378 2489 ο
1388 2469 1403 2487 L
1413 2469 1434 2489 Α
1445 2483 1452 2495 ,
1473 2471 1512 2489 ae.
1529 2471 1551 2489 c.
1591 2461 1752 2498 Influfflbus
1765 2463 1890 2489 habitans.
1928 2464 2018 2490 Sidon.
2026 2465 2114 2492 Carm.
2130 2474 2167 2497 10,
2180 2473 2194 2493 ι

1140 2497 1300 2523 Flufflcolae
1312 2506 1372 2524 cum
1384 2498 1449 2524 festa
1461 2507 1542 2525 nurus
1554 2499 1678 2532 Pegasaea
1692 2507 1739 2532 per
1753 2504 1836 2524 antra.

1175 2539 1482 2566 FLVCTICOLOR,
1503 2534 1565 2560 oris.
1620 2534 1700 2560 Mart.
1720 2534 1809 2567 Capel.
1825 2542 1836 2559 1
1857 2542 1882 2567 p.
1900 2538 1926 2563 18

1139 2568 1239 2594 acinthi
1257 2569 1435 2602 profunditas.

1179 2609 1195 2628 F
1208 2610 1223 2628 L
1235 2611 1254 2629 v
1266 2609 1282 2628 c
1294 2609 1314 2627 T
1324 2602 1334 2628 i
1344 2610 1361 2629 F
1372 2610 1390 2629 R
1400 2602 1421 2629 A
1430 2610 1451 2629 G
1461 2610 1482 2628 v
1491 2610 1504 2629 s
1513 2622 1522 2634 ‚
1541 2611 1572 2634 a,
1591 2611 1647 2628 um.
1672 2601 1732 2628 Adi.
1776 2602 1925 2638 [σαλαγός]
1963 2605 2040 2631 Litus
2064 2606 2192 2633 fluffifra-

1140 2647 1218 2671 gum,
1236 2640 1253 2662 i.
1276 2637 1378 2663 Fluc‘tus
1391 2639 1457 2672 ipsos
1465 2638 1593 2673 frangens
1613 2638 1717 2665 Lucret.
1735 2646 1753 2670 1,
1765 2641 1819 2670 386.
1855 2641 1987 2675 Epitheton
2007 2639 2040 2674 ist
2056 2642 2192 2669 Particum.

1138 2672 1206 2698 Add.
1222 2672 1342 2697 Tertull.
1355 2673 1387 2698 de
1399 2673 1463 2699 Iona
1477 2682 1544 2699 naue
1558 2679 1594 2705 58.

1175 2713 1191 2733 F
1201 2713 1300 2733 LVCT
1312 2706 1325 2733 1u
1335 2714 1356 2734 G
1366 2706 1383 2734 fi·
1393 2715 1443 2735 ΝΑ
1455 2731 1463 2743 ,
1483 2717 1521 2735 ae.
1541 2717 1562 2734 c.
1599 2707 1760 2744 Influt‘i'ibus
1775 2716 1857 2735 natur.
1895 2710 1974 2736 Mart.
1994 2711 2096 2746 Capell.
2111 2721 2121 2738 1
2135 2722 2160 2747 p.
2173 2721 2192 2746 9

1141 2742 1295 2776 Flufflgena
1309 2743 1424 2776 spcrfflans
1441 2744 1515 2778 quali
1530 2743 1577 2769 sub
1592 2744 1696 2778 gurgite
1712 2744 1827 2771 Nereus.
1863 2744 1930 2772 Add.
1944 2746 1983 2772 Id.
1998 2755 2014 2779 9
2028 2756 2053 2781 p.
2069 2756 2118 2779 310.

1176 2784 1218 2804 ΡΙ.
1227 2784 1270 2805 VC
1280 2785 1301 2804 T
1311 2785 1320 2803 1
1330 2785 1374 2805 GE
1387 2785 1408 2804 Ν
1420 2786 1441 2805 v
1451 2787 1463 2806 S
1473 2799 1479 2809 ‚
1499 2788 1528 2810 a,
1549 2788 1604 2805 um.
1623 2779 1683 2806 Adi.
1714 2779 1790 2806 Idem.
1827 2781 1923 2808 Anien.
1937 2782 1966 2808 in
1978 2783 2049 2809 Arat.
2067 2791 2122 2816 1159
2130 2784 2191 2810 Flu.

1140 2812 1239 2847 &igeni
1252 2814 1363 2848 speciem
1379 2814 1490 2841 monstri
1505 2814 1690 2849 superinuehit
1704 2815 1807 2843 Auster.

1178 2854 1195 2875 Ρ
1208 2855 1224 2874 L
1236 2856 1256 2875 v
1267 2855 1284 2875 C
1297 2856 1318 2876 T
1327 2856 1337 2876 1
1349 2856 1369 2876 G
1379 2857 1395 2876 E
1404 2857 1422 2876 R
1433 2870 1441 2882 ,
1460 2859 1489 2883 a,
1511 2859 1565 2876 um.
1591 2849 1651 2876 Adi.
1689 2852 1779 2878 ferens
1796 2852 2072 2888 auepatiensfluffum.
2109 2854 2192 2882 Tunc

1854 2888 1912 2914 Cic.
1948 2890 2052 2924 Fragm.
2131 2890 2190 2918 Vid-

1963 2534 1983 2560 F
1985 2534 2130 2562 1111911οοὶ01-
2143 2535 2193 2568 hy-

1177 2954 1409 2984 ΡινςτιςὸΝ
1420 2963 1479 2988 vs,
1499 2965 1531 2989 a,
1552 2965 1608 2984 um.
1634 2956 1696 2984 Adi.
1731 2957 1778 2984 Sil.
1804 2966 1840 2988 12,
1861 2965 1905 2992 355
1936 2960 2022 2987 Insula
2048 2960 2190 2988 fluctisono

1141 2990 1340 3018 circumuallata
1350 2992 1493 3027 profundo.

1177 3033 1218 3053 FL
1228 3034 1319 3054 vc'r1
1329 3035 1350 3054 v
1362 3027 1410 3055 Ao
1420 3036 1438 3054 v
1449 3035 1476 3058 s,
1496 3036 1527 3060 a,
1543 3037 1597 3055 um.
1621 3027 1682 3055 Adi.
1718 3028 1982 3064 [κυμοιτόηλαγκτας]
2021 3031 2125 3057 Nautae
2140 3032 2188 3058 flu-

1664 3063 1742 3090 Vnda
1766 3065 1827 3090 Stat.
1842 3065 1934 3091 Theb.
1949 3074 1970 3098 ι,
1982 3072 2040 3100 279.
2113 3067 2188 3094 idem

1140 3097 1207 3125 ibid.
1220 3106 1252 3130 9,
1265 3100 1321 3129 360.

1175 3140 1192 3160 F
1201 3140 1217 3159 L
1226 3140 1246 3159 V
1255 3139 1272 3159 C
1282 3140 1303 3159 T
1312 3141 1332 3159 V
1341 3141 1362 3161 O
1370 3154 1379 3166 ‚
1402 3137 1456 3161 Ure.
1494 3135 1621 3169 [κυμαῖνω
1628 3155 1636 3167 ,
1655 3134 1749 3161 amasam
1757 3153 1766 3166 ,
1783 3131 1976 3169 κλυδωνίζσμαι]
2014 3132 2117 3162 ΕἸῑιξῗης
2133 3139 2188 3172 ogi-

1139 3175 1201 3195 tarr.
1223 3172 1240 3194 i.
1263 3169 1348 3195 Vndas
1356 3170 1455 3205 fircere.
1491 3170 1574 3197 Plaut.
1589 3171 1656 3197 Rud.
1671 3180 1697 3202 2,
1712 3180 1730 3201 1,
1743 3179 1774 3202 14
1793 3170 1880 3204 Atque
1898 3177 1928 3197 vt
1947 3179 2015 3197 nunc
2037 3171 2124 3197 valide
2137 3173 2188 3198 flu-

1141 3203 1212 3230 &uat
1226 3213 1313 3236 mare,
1331 3205 1405 3232 nulla
1418 3205 1496 3233 nobis
1510 3208 1564 3240 spes
1578 3207 1622 3233 est.
1678 3205 1805 3232 Interdum
1820 3206 1966 3232 commodius
1978 3205 2067 3241 paffiue
2077 3210 2188 3242 capitur,

204 3236 244 3264 Sic
255 3239 460 3273 citi-zaee‘tionis
471 3240 620 3275 exemplum
636 3239 711 3266 labor
724 3239 771 3265 ille
785 3239 917 3266 scribendi
931 3248 1020 3266 carens
1034 3248 1074 3266 re·
1092 3237 1122 3267 85
1134 3247 1183 3275 pro
1198 3237 1327 3266 fluetibus
1338 3244 1436 3277 agitari
1448 3248 1471 3267 et
1486 3240 1587 3268 iabl‘ari.
1625 3242 1679 3267 Cic.
1695 3250 1743 3275 pro
1756 3241 1831 3267 Rosc.
1842 3242 1934 3268 <Amen
1949 3249 1983 3276 72
1998 3242 2070 3275 Quid
2085 3248 2138 3268 tam
2148 3243 2189 3269 est

1142 3284 1293 3308 commune,
1306 3286 1386 3311 quam
1400 3277 1505 3312 spiritus
1519 3277 1604 3308 viuis,
1624 3283 1693 3303 terra
1708 3277 1836 3309 mortuis,
1856 3286 1928 3304 mare
1942 3277 2142 3309 fluctuantibus,
2155 3278 2188 3305 li-

1140 3317 1180 3337 tus
1195 3310 1286 3337 eieffls
1300 3313 1309 3339 3
1378 3312 1452 3339 Idem
1468 3312 1542 3339 Verr.
1551 3320 1574 3345 5,
1581 3321 1616 3345 90
1635 3312 1894 3347 Qiadrirememque
1906 3313 1934 3339 in
1948 3313 2001 3339 salo
2016 3314 2188 3342 fluctuantem

1139 3347 1293 3381 reliquerat.
1364 3348 1502 3382 Quaedam
1516 3348 1614 3374 insulae
1630 3349 1730 3382 semper
1741 3348 1870 3374 fluctuant
1892 3348 1957 3374 Plin.
1972 3356 2005 3380 a,
2019 3357 2059 3381 95.
2131 3351 2188 3376 Me-

1139 3388 1166 3408 ta
1184 3383 1238 3409 hor.
1311 3383 1386 3418 Virg.
1401 3384 1498 3418 Georg.
1511 3393 1534 3416 2,
1549 3389 1592 3412 281
1618 3384 1652 3409 At
1665 3383 1715 3409 late
1727 3383 1836 3410 flu&uat
1848 3384 1934 3410 omnis
1971 3385 2039 3410 Aere
2052 3385 2188 3412 renidenti

2110 3421 2188 3448 Acies

1140 3453 1283 3485 flncSluans,
1306 3455 1359 3481 vid.
1375 3462 1475 3482 Acuzs.
1528 3455 1613 3482 Causa
1626 3454 1768 3481 admodum
1780 3454 1861 3480 dubia
1873 3453 2018 3487 flufifflare,
2038 3455 2092 3481 vid.
2108 3463 2188 3483 CAV·

1145 3495 1195 3515 SA.
1268 3490 1399 3516 Curarum
1413 3490 1521 3517 fluEhiat
1532 3490 1602 3517 aestu
1622 3491 1696 3524 Virg.
1710 3492 1775 3516 Aen.
1791 3496 1814 3521 8,
1830 3498 1867 3521 ¹9·
1950 3490 2061 3517 Animus
2075 3492 2186 3520 fluetuat

1141 3524 1223 3551 Plaut.
1238 3525 1320 3551 Merc.
1336 3533 1359 3558 5,
1373 3534 1399 3556 2,
1414 3535 1457 3558 49.
1530 3526 1621 3552 Animi
1635 3526 1729 3552 incerti
1743 3524 1902 3550 Ηιιᾶὶυίιηωι·
1920 3525 1982 3551 Liu.
1997 3534 2034 3558 33,
2069 3546 2076 3553 .
2113 3545 2122 3554 ,
2157 3547 2166 3553 ,

1140 3558 1214 3586 Idem
1227 3568 1311 3593 34‚49
1318 3568 1383 3587 extr.
1405 3561 1495 3596 Ephefi
1510 3570 1598 3596 regem
1610 3561 1648 3587 est
1662 3562 1821 3591 consecutus,
1841 3560 2012 3587 fluctuantem
2024 3561 2109 3588 adhuc
2121 3563 2186 3590 Ani-

1223 3595 1229 3600 ·
1781 3595 1901 3621 Fluc‘hiat
1921 3596 2028 3623 incertis
2047 3598 2187 3626 erroribus

1142 3629 1222 3656 ardor
1236 3638 1370 3658 amantum
1390 3632 1495 3660 Lucret.
1511 3643 1539 3667 4,
1549 3640 1622 3666 1070.
1692 3631 1766 3657 Tota
1780 3639 1820 3656 res
1832 3631 1911 3657 etiam
1925 3640 1994 3658 nunc
2002 3630 2115 3660 fludiua‘t
2128 3634 2186 3662 Cic.

1143 3666 1195 3690 Att.
1211 3674 1233 3697 2,
1247 3671 1268 3695 8.
1341 3668 1443 3702 Magnis
1466 3677 1590 3694 curarum
1610 3665 1719 3692 fluctuat
1741 3664 1819 3691 vndis
1846 3666 1944 3693 Catuli.
1960 3670 2003 3700 62,
2016 3670 2059 3695 62.
2129 3670 2185 3696 Cic.

1142 3700 1221 3726 Acad.
1236 3709 1264 3733 4,
1280 3709 1313 3727 20
1333 3703 1398 3729 Non
1419 3703 1515 3729 debere
1539 3711 1583 3728 eos
1608 3702 1635 3727 in
1658 3701 1704 3726 suo
1726 3700 1848 3734 decreto,
1867 3701 1930 3729 sicut
1943 3703 1971 3729 in
1985 3704 2094 3731 caeteris
2106 3704 2186 3730 rebus

1143 3735 1281 3762 fluctuare.
1301 3737 1325 3763 h.
1342 3747 1361 3763 e.
1376 3740 1534 3765 Morinorum
1540 3735 1664 3773 fluHuum
1677 3739 1746 3768 ritu,
1766 3737 1813 3763 huc
1823 3744 1894 3772 atque
1912 3739 1973 3765 illuc
1993 3747 2120 3766 ventorum
2139 3742 2185 3764 im-

1452 3772 1531 3800 Haud
1544 3772 1620 3797 aliter
1634 3777 1724 3797 meum
1736 3772 1792 3800 Cor
1805 3773 1949 3801 fluctuatur
1968 3774 2026 3800 Sen.
2040 3774 2110 3800 Med.
2124 3782 2184 3808 941.

1143 3806 1162 3832 F
1165 3806 1273 3838 lucino,
1291 3815 1315 3833 et
1325 3808 1454 3836 Flufiluor
1466 3809 1578 3838 dicimus,
1593 3809 1682 3832 utiam
1693 3810 1779 3843 potuit
1791 3809 1907 3845 intelligi.
1944 3809 2074 3843 Quinfiii.
2091 3817 2116 3840 9,
2131 3817 2153 3841 3,
2166 3817 2185 3843 7

1143 3842 1299 3875 Plerumque
1311 3849 1426 3878 Vtroque
1439 3844 1520 3870 modo
1532 3841 1678 3868 efferuntur
1687 3862 1696 3875 ,
1715 3843 1883 3877 luxuriatur,
1904 3845 2019 3871 luxuriat
2031 3854 2038 3874 ;
2075 3843 2184 3869 fluctua-

1142 3883 1200 3909 tur,
1222 3876 1347 3909 stanuum
1368 3881 1505 3908 assentior,
1521 3878 1636 3904 assentio.
1709 3881 1784 3905 Curt.
1800 3889 1826 3913 4,
1840 3889 1877 3912 12,
1890 3889 1918 3906 21
1944 3879 2078 3905 Fluctuari
2091 3879 2184 3904 animo

1141 3921 1202 3943 rex,
1223 3918 1249 3938 et
1268 3912 1349 3940 modo
1367 3914 1458 3947 suum,
1479 3913 1560 3939 inodo
1578 3914 1759 3941 Parmenionis
1778 3915 1917 3942 confilium
1929 3914 2082 3947 expendere.
2123 3913 2182 3940 Vid.

863 3949 940 3977 Pueri
953 3948 1033 3976 soluti
1047 3950 1247 3984 ae105Gronou.
1263 3948 1362 3984 Obstru,
1375 3960 1398 3983 ρ,
1411 3957 1435 3981 e.
1472 3947 1662 3984 Flueiuansque
1675 3950 1782 3984 animo,
1801 3957 1831 3979 vt
1850 3954 1946 3978 tereret
1964 3955 2081 3983 tempus,
2099 3948 2182 3983 expli-

1449 3983 1610 4013 Same.
2141 3990 2182 4010 cat

2103 1793 2198 1820 Secare
2241 1823 2245 1829 ⁴
