2479 4225
38 159 131 203 405.
274 184 276 187 ⁴
444 143 493 185 E
570 143 603 185 R
686 143 718 184 R
1510 144 1544 185 E
1623 145 1656 186 R
1742 148 1775 188 R
2081 157 2160 205 406

39 245 95 267 mus
106 229 198 270 Virga.
214 234 278 261 Aen.
292 240 313 266 1,
326 241 382 266 322.
453 233 508 259 Cic.
522 241 570 267 pro
583 233 687 260 Cluent.
702 239 745 267 175
764 232 854 265 Quum
861 229 950 264 Vagus
961 235 987 255 et
1001 230 1062 256 exul
1124 229 1321 265 Neoptolemo,
1340 231 1404 258 Satis
1418 232 1471 260 iam
1483 233 1583 264 didhun
1597 234 1648 268 est,
1668 244 1753 271 neque
1771 245 1821 272 ego
1842 242 1971 269 errantiae
1983 242 2066 270 animi
2079 251 2160 279 praue

40 276 149 302 erraret,
168 275 246 303 atque
258 269 375 304 vndique
393 268 526 301 exclusus,
546 275 591 294 Mc.
665 284 667 286 ·
688 268 770 299 ,Toto
790 265 875 300 paslim
895 274 976 299 vagus
994 270 1064 291 errat
1125 266 1308 300 morigerabor
1344 267 1449 294 Nonius
1463 277 1484 302 3,
1509 273 1548 301 86.

38 309 67 335 111
79 305 140 333 orbe
154 304 235 331 Ouid.
247 305 311 331 Met.
325 313 364 338 14,
378 306 434 334 680.
505 305 588 330 Cursu
602 303 705 330 solicito
720 301 855 334 Claudian.
869 300 901 326 de
915 301 989 334 Rapt.
1003 301 1063 340 Pro·
1164 308 1207 328 131³
1217 310 1234 328 R
1245 303 1347 328 KTvs
1357 321 1365 334 ‚
1383 311 1412 334 a,
1433 313 1486 330 11111.
1523 306 1615 332 Partic.
1651 306 1833 341 [οἷλητευθείς]
1885 310 1966 338 Ouid.
1984 314 2049 340 Fast.
2070 323 2079 346 3
2115 316 2162 347 6-5·

37 343 101 376 serp.
116 350 134 374 1,
149 348 187 372 ²9-
290 339 398 366 Paffibus
412 347 465 365 non
478 340 554 365 certis
568 340 647 366 Ouid.
655 339 718 365 Met.
732 345 753 369 3,
767 343 819 371 17)·-
890 335 962 375 Idem
976 335 1062 362 Trist.
1126 335 1247 363 Protinus
1263 337 1355 363 erratis
1369 337 1431 364 lacti
1444 341 1581 368 vescuntur
1595 342 1621 368 in
1635 343 1712 376 agris.
1749 346 1766 370 i.
1790 345 1858 378 Quas
1870 347 1974 371 errando
1986 332 2162 380 lustram’rffl't,

35 385 60 412 ς,
72 381 93 408 8,
107 382 130 409 15
147 374 256 402 Paslibus
270 374 400 410 ambiguis
411 375 517 401 fortuna
530 374 655 401 volubilis
673 378 758 404 errat,
793 372 824 397 Et
840 376 927 397 manet
947 379 974 410 111
987 371 1062 396 1111110
1085 370 1098 395 5
1127 372 1200 406 Virg.
1215 374 1279 398 Aen.
1294 381 1316 405 3,
1331 374 1382 406 690
1408 374 1437 399 T
1439 374 1489 400 alia
1505 376 1663 403 monstrabat
1682 377 1796 412 relegens
1810 385 1894 405 errata
1907 384 2048 410 retrorsum
2068 386 2161 413 Lito1a

37 417 106 439 certa
123 417 249 445 tenaxque
269 410 337 437 loco.
441 409 534 444 Pelago
555 408 650 444 Virgil.
664 409 728 434 Aen.
746 414 854 439 3,„204.
924 407 975 432 Via
991 405 1064 432 Idem
1127 407 1338 434 Achaemenides.
1413 409 1503 436 Errata
1532 415 1632 447 (inquit
1651 412 1773 445 Seruius)
1802 415 1971 449 Participium
1990 417 2041 444 fine
2062 421 2160 448 verbo,

37 448 101 476 Aen·
116 454 145 478 2,
165 452 222 480 739-
292 444 409 472 Vrbibus
430 445 525 480 Virgil.
545 446 609 471 Aen.
628 453 652 475 1,
670 447 721 475 582.
793 441 904 473 Errare,
922 448 973 481 pra
991 443 1064 481 Pajci
1125 443 1205 469 Ouid.
1220 444 1238 470 s.
1253 443 1338 470 Sabin.
1352 443 1429 477 Epist.
1441 452 1461 475 1,
1475 453 1522 477 104
1550 448 1675 482 Penelope
1690 449 1782 481 Vlyin,
1800 450 1893 477 Errato
1907 457 1934 477 tu
1952 460 2058 486 quoque
2071 455 2102 481 ab
2117 465 2161 483 or-

35 480 164 517 aliquando
184 480 317 516 vfitrpatur
329 491 337 506 ε
363 481 426 516 quod
439 481 543 516 pecudes
560 478 661 506 errando
673 477 773 512 pascere
784 476 898 513 Jbleant:
918 478 993 510 Virg.
1008 477 1061 503 hcl.
1126 476 1159 504 be
1172 479 1255 505 venis.
1326 478 1407 505 Orbis
1422 485 1521 505 erratus
1535 481 1642 508 diuersis
1663 483 1776 517 casibus,
1802 488 1819 511 i.
1837 487 1982 512 Percrratus
2013 489 2098 517 Valet.
2112 493 2160 517 Ar.

35 526 58 548 a,
70 525 92 542 21
111 515 187 542 Mille
198 524 270 542 meae
285 516 377 542 Siculis
390 522 476 543 errant
494 517 521 542 in
539 513 672 541 montibus
691 520 780 546 agnae.
852 511 924 537 Idem
937 512 991 538 Ecl.
1006 521 1025 542 1,
1045 520 1061 544 9
1125 521 1217 546 gon.4,
1230 521 1295 547 447.
1365 513 1553 548 Ouid.Fast.4,
1567 524 1611 551 573
1643 518 1799 546 inuuensum
1815 521 1850 547 est
1864 527 1959 547 erratas
1971 522 2058 548 dicere
2071 531 2151 552 terras

0 557 1 584 l
35 552 84 581 Ille
95 559 165 578 meas
177 559 264 578 errare
277 551 358 578 boues
378 555 422 583 (vt
436 552 536 582 cernis)
553 556 597 575 etc.
638 547 697 574 Vid.
708 547 789 583 fizpra
806 547 861 587 Per.
1009 545 1029 583 Ἴ
1049 556 1061 573 2
1078 545 1106 562 ¹0
1124 548 1144 586 fl
1166 557 1183 588 7.
1217 546 1309 576 Abhue
1319 551 1375 583 capi
1385 549 1484 589 videtur
1496 553 1522 576 in
1535 552 1576 577 illo
1589 553 1644 578 Cic.
1658 554 1690 580 dc
1703 555 1802 589 L.Agr.
1812 564 1827 581 2
1839 564 1903 583 extr.
1926 558 1976 584 Cui
1989 564 2076 585 errato
2089 547 2161 588 nulla

16 596 22 599 <
33 588 88 614 fla-
99 593 217 622 ponemus
234 589 332 613 nomina
352 597 445 618 eornm,
465 595 522 622 quae
540 592 627 611 errare
644 583 769 609 dicuntur.
810 581 908 608 T1bul.
922 590 997 622 42.¹’
1017 585 1062 608 106
1124 592 1216 614 venia,
1241 583 1311 610 reete
1332 583 1404 610 facto
1418 592 1511 618 extgua
1525 585 1594 619 laus,
1620 597 1673 614 uon
1687 590 1818 617 dubitanti
1831 591 1909 618 fidele
1924 592 2060 620 consilium
2075 595 2160 622 osten-

34 622 70 650 At
83 630 136 648 non
148 631 194 656 per
207 622 299 649 dubias
311 628 398 649 errant
410 631 465 649 mea
478 619 601 647 Carmina
614 618 710 645 laudes.
779 617 889 644 Colores
902 626 971 643 varii
990 618 1062 651 saepe
1124 619 1211 659 ditur:
1247 620 1339 645 Errato
1347 638 1356 651 ‚
1381 618 1543 655 ἧμκρτηκάτι.
1554 655 1559 660 ,
1605 623 1651 649 Sed
1659 632 1829 661 praeterquam
1843 629 1906 662 quod
1918 629 2000 654 Pam.
2018 629 2074 656 Cad.
2089 631 2162 658 habet

36 665 123 684 errant
137 658 165 683 in
177 657 250 684 vultu
264 658 324 684 solis
339 659 514 692 Virg.Georg.
529 663 547 687 1,
560 663 618 687 452.
689 653 785 680 Lucan.
798 661 821 685 2,
832 661 860 678 zi
879 667 924 672 —
943 661 1063 687 magnus·
1123 656 1205 681 Cuius
1221 660 1323 685 errato,
1344 661 1390 681 etc.
1445 657 1526 682 Etiam
1533 658 1557 690 Jr
1571 658 1620 683 Cui
1634 660 1715 694 legas,
1741 670 1788 687 non
1810 661 1842 694 eli
1862 662 1991 696 neceffizrto
2002 662 2082 691 afflue
2094 670 2162 701 capi—

36 701 87 728 que
102 700 147 727 per
160 701 249 719 omnes
284 693 391 720 Errabat
405 692 455 720 sine
470 699 534 717 voce
547 689 639 717 Dolor.
687 724 692 728 ι
730 689 858 728 ‘Flamma
877 696 923 722 per
936 688 1062 728 medullas
1095 723 1104 730 .
1122 690 1222 719 endum,
1240 698 1292 715 cum
1300 688 1374 724 pcffln
1386 688 1429 723 effe
1442 691 1717 727 Ablatiuusabsblatus,
1727 702 1779 735 pro
1792 697 1820 724 ς,-
1831 704 1938 724 erratum
1945 697 1996 732 stt,
2015 707 2061 727 etc.
2101 701 2161 728 md·

36 734 106 756 errat
117 727 197 754 Ouid.
209 729 274 754 Met.
290 738 329 762 14,
343 736 391 761 35¹·
459 725 566 753 Fluuius
577 730 646 752 errat
659 724 756 758 Virgtl.
765 724 862 763 Georg.
875 731 897 755 3,
911 731 941 762 .¹4
961 723 1062 750 Tardis
1080 725 1104 749 ¹>
1123 727 1237 753 Perizou.
1250 725 1283 749 ad
1291 722 1375 751 SanH.
1385 735 1408 756 ι,
1420 735 1454 760 15,
1468 737 1484 761 4
1498 729 1621 764 p.1;5sq.
1642 737 1665 755 ct
1679 732 1758 764 Ver.
1773 730 1868 764 Institt.
1877 734 1907 759 L.
1918 735 1946 760 L.
1960 735 1988 760 T
1990 744 2041 762 om.
2050 743 2060 762 1
2073 742 2162 770 P-418.

35 764 124 797 ingens
136 762 183 789 vbi
196 764 307 791 flexibus
318 769 386 792 errat
418 761 541 788 Mincius.
614 760 724 786 Fulmen
740 767 827 786 errare
841 767 869 784 in
883 759 985 792 aliquos
1000 759 1062 785 dici·
1128 762 1187 787 Viri
1198 757 1274 786 Doffl
1293 760 1327 785 ad
1344 759 1412 786 Ter.
1428 769 1440 793 5
1449 781 1459 794 ,
1475 770 1500 795 1,
1519 771 1549 790 11.
1601 766 1633 790 Et
1647 774 1690 791 nos
1702 769 1729 791 iu
1745 773 1763 793 D
1774 773 1782 792 1
1792 774 1808 795 c
1818 775 1839 794 T
1848 775 1867 795 v
1876 776 1889 795 s
1897 788 1906 801 ,
1938 775 1953 794 Ρ
1962 776 2003 797 EC
2012 777 2029 797 c
2040 778 2092 800 AT
2102 779 2120 799 v
2129 780 2142 800 s

32 804 76 825 tur
87 797 172 824 Senec.
187 799 257 825 Med.
272 807 297 834 7.
367 797 460 832 Virgil.
476 797 540 823 Aen.
554 806 583 831 4,
595 799 646 830 684
669 796 805 822 Extremus
817 795 893 828 super
905 792 1010 821 Halitus
1022 803 1063 821 er-
1128 803 1147 823 R
1156 802 1174 822 E
1186 801 1203 821 Β
1211 802 1228 822 e
1236 801 1277 834 LJ.
1287 802 1309 821 A
1318 801 1339 821 T
1350 800 1368 819 ν
1380 802 1403 822 s.
2151 791 2160 806 ’

33 839 81 860 rat.
135 833 208 860 Idem
222 835 284 861 Aen.
298 842 325 868 5,
337 840 383 866 435
1160 837 1177 857 Ε
1186 837 1262 857 RRA
1271 837 1292 856 T
1301 836 1372 862 VM,
1390 831 1408 857 i·
1429 840 1454 857 ¹¹-
1493 832 1622 867 [σφάλμα
1631 854 1639 867 ‚
1659 834 1787 870 πἹαῖσΙν-α]
1824 837 1892 865 Idem
1905 839 1969 873 quod
1981 841 2066 868 Error.
2103 843 2161 870 Cic.

185 870 271 897 Multa
291 877 354 896 cauo
372 867 449 894 lateri
469 867 649 902 ingeminant,
668 871 694 892 et
712 865 817 900 pee’tore
837 864 923 904 vastos
1124 875 1172 901 pto
1186 866 1336 897 Cluent.133
1367 866 1478 893 Nullum
1492 868 1528 894 ob
1541 871 1620 895 tortus
1635 870 1706 896 vitae
1719 880 1773 896 non
1791 871 1876 898 dicam
1891 875 2003 908 vitium,
2029 877 2071 903 sed
2092 886 2163 905 erra-

187 905 255 932 Dant
276 905 392 934 sonitus;
420 909 541 936 erratque
562 910 636 928 aures
655 908 680 928 ct
701 907 819 935 tempora
838 908 939 926 circum
1070 903 1108 923 20
1123 909 1191 928 tum.
1260 901 1408 928 Contraria:
1444 902 1482 929 Id.
1496 904 1528 929 de
1540 905 1640 939 L.Agr.
1651 913 1676 938 2,
1691 912 1704 938 5
1728 906 1780 931 Cui
1793 912 1881 933 errato
1892 909 1963 936 nulla
1977 913 2052 939 vem-3
2089 914 2162 941 “fle

187 940 284 968 Crebra
299 941 406 969 Manus,
426 938 495 964 duro
515 938 642 972 crepitant
661 936 708 963 snb
729 936 838 963 vulnere
856 935 946 962 malae·
1123 937 1195 964 facto
1209 936 1303 970 exigua
1315 936 1379 962 laus.
1449 938 1522 965 Idem
1535 941 1606 966 Fam.
1616 942 1653 972 16,
1668 948 1690 966 21
1723 940 1844 967 Tantum
1857 944 1927 969 enim
1940 946 2008 972 mihi
2022 932 2161 982 dolorem,

10 986 12 989 ’
33 973 119 1002 Nauis
132 982 201 1004 errat
213 976 300 1002 amiss‘o
311 972 434 1007 magistro
446 973 544 1007 Virgil.
558 974 622 999 Aen.
636 979 658 1005 5,
671 973 729 1002 866.
800 971 879 997 Oculi
892 975 993 1003 errant,
1014 977 1061 1006 pro
1123 972 1319 1006 cruciatumque
1334 972 1477 1000 attulerunt
1490 981 1574 1001 errata
1586 975 1677 1001 aetatis
1693 984 1782 1008 meae,
1805 982 1833 1002 vt
1854 986 1907 1003 non
1927 980 2011 1006 solum
2023 991 2125 1009 antmus
2146 994 2162 1011 a

33 1009 172 1038 dormitant
191 1012 250 1038 Stat.
262 1008 351 1036 Theb.
368 1017 410 1040 10,
430 1016 485 1042 ¹44·
557 1008 652 1042 Virgil.
668 1007 765 1040 Georg.
786 1015 811 1038 1,
830 1014 875 1040 337
899 1008 973 1039 Quos
992 1007 1061 1041 Ignis
1124 1007 1213 1040 fastis,
1234 1007 1276 1034 scd
1288 1015 1361 1033 aures
1374 1017 1481 1042 quoque
1493 1019 1507 1036 a
1528 1011 1781 1037 commemoratione
1800 1010 1968 1041 abhorreant.
2038 1017 2110 1044 Idem
2128 1019 2162 1047 ad

31 1046 100 1072 caeli
113 1046 245 1078 Cyllenius
256 1050 324 1072 erret
343 1044 371 1070 in
385 1042 484 1070 Orbes:
520 1043 595 1070 Ordo
606 1042 707 1074 est‚.in
724 1050 791 1076 quos
809 1042 887 1068 orbes
906 1042 972 1068 caeli
992 1048 1061 1069 erret
1122 1043 1193 1070 Hirt.
1206 1042 1272 1078 apud
1284 1042 1355 1068 Non.
1369 1052 1391 1076 3,
1406 1047 1435 1073 86
1473 1046 1532 1078 Qia
1545 1046 1575 1072 in
1586 1053 1615 1071 re
1628 1045 1645 1071 fi
1658 1045 1829 1072 mediocriter
1846 1047 1928 1081 lapsus
1943 1050 2012 1082 sum,
2038 1052 2163 1080 defendes

31 1081 167 1112 Cyllenius
178 1081 252 1117 ignis.
301 1080 332 1106 Et
348 1079 415 1105 bene
431 1085 556 1106 ERRET
570 1089 576 1106 ς
603 1086 663 1104 nam
682 1077 799 1111 planetae
814 1082 943 1117 uocantur
961 1077 1007 1103 εἰπὲ
1020 1080 1062 1108 τῆς
1075 1079 1106 1106 25
1124 1087 1212 1105 meum
1224 1077 1364 1105 tolerabile
1379 1086 1503 1106 erratum.
1581 1081 1636 1107 Cic.
1652 1082 1705 1107 Att.
1718 1084 1749 1113 6,
1764 1089 1775 1107 1
1809 1082 1878 1109 Nam
1899 1083 1965 1110 illud
1984 1084 2016 1111 de
2029 1087 2123 1114 Flauio
2135 1095 2163 1116 et

32 1115 139 1149 πλάνης,
159 1119 177 1143 i.
190 1116 222 1144 ab
233 1123 332 1141 errore.
387 1115 458 1141 Nam
470 1113 603 1141 interdum
615 1112 647 1139 ad
660 1111 799 1144 Austrum,
820 1111 953 1139 interdum
972 1113 1004 1139 ad
1018 1114 1062 1140 Se·
1123 1113 1209 1145 fastis,
1230 1113 1248 1139 si
1264 1114 1333 1140 secus
1347 1113 1382 1140 est
1391 1133 1399 1145 ,
1427 1124 1565 1142 commune
1579 1121 1694 1147 erratum
1708 1116 1753 1143 est.
1824 1119 1957 1153 Obtegere
1977 1127 2059 1147 errata
2069 1142 2077 1154 ,
2108 1124 2163 1151 vid,

29 1152 221 1185 memnonem,
241 1150 395 1186 plerumque
410 1155 500 1177 contra
517 1149 661 1181 mundum,
680 1156 868 1182 nonnunquam
888 1157 947 1174 cum
962 1149 1061 1175 mundo
1125 1155 1144 1176 0
1154 1155 1170 1176 Β
1179 1154 1200 1174 Τ
1210 1155 1226 1175 Ε
1236 1155 1293 1175 Go.
1365 1150 1453 1176 Petere
1464 1152 1572 1178 veniam
1584 1157 1671 1178 errato
1685 1151 1796 1178 alicuius
1830 1154 1885 1179 Cic.
1899 1164 1947 1189 pro
1961 1155 2030 1182 Sulla
2045 1160 2082 1190 64
2094 1167 2164 1191 ⁴²23·

30 1186 164 1214 feruntur.
198 1186 309 1214 Seruius.
379 1186 438 1220 Spes
453 1185 585 1217 solicitae,
604 1183 756 1218 trepidique
771 1186 856 1209 metus
870 1191 957 1211 errant
972 1185 1060 1211 Scuec.
1159 1190 1290 1211 ERRAT
1300 1192 1320 1211 v
1331 1191 1344 1211 S
1354 1204 1363 1217 ,
1385 1183 1422 1211 ὓς.
1443 1196 1478 1213 111.
1517 1188 1593 1214 Idem.
1629 1187 1693 1213 Plin.
1709 1195 1756 1222 37,
1769 1196 1781 1220 5
1812 1189 1885 1216 Vitia
1897 1190 2071 1219 demonstrari
2083 1202 2164 1228 opor-

29 1221 110 1249 Herc.
123 1223 176 1250 fur.
192 1223 211 1249 s.
223 1231 243 1254 3.
313 1220 395 1249 Ouid.
410 1221 475 1248 Fast.
488 1229 510 1253 3,
525 1227 564 1253 155
588 1219 638 1246 Sed
657 1226 744 1246 tamen
762 1219 884 1245 errabant
904 1222 982 1246 etiam
1004 1227 1060 1246 tum
1122 1225 1159 1247 tet
1171 1220 1200 1246 in
1213 1227 1265 1246 tam
1280 1220 1395 1254 procliui
1411 1228 1508 1249 erratu.
1580 1222 1730 1250 Theodulf.
1746 1224 1838 1251 Carm.
1848 1233 1881 1258 2,
1896 1228 1948 1261 607
1979 1228 2084 1263 Proque
2096 1227 2164 1256 mein

31 1255 178 1292 Tempora.
245 1256 326 1284 Ouid.
339 1256 372 1283 ad
384 1256 490 1283 Liuiam
501 1264 538 1289 49
565 1255 622 1282 Nec
635 1255 710 1282 Vires
730 1255 821 1282 errafl'e
840 1259 896 1281 tuas
915 1263 1060 1290 campoque
1073 1261 1106 1285 30
1124 1265 1202 1282 orare
1216 1255 1345 1282 erratibus
1358 1262 1430 1290 opto.
1494 1276 1495 1279 ¹

30 1289 162 1328 foroque,
190 1295 208 1320 i.
220 1292 307 1328 ubique
320 1290 435 1328 spectata
452 1299 496 1318 tua
511 1289 625 1324 cordiam·
643 1293 736 1317 virtus.
931 1288 952 1328 ff
970 1299 982 1322 3
1018 1291 1062 1317 Ad
1157 1298 1173 1317 E
1184 1298 1360 1322 RRAT10,
1381 1292 1445 1318 onis.
1463 1292 1485 1318 f.
1520 1292 1679 1325 [οἷλῆτευσις,
1697 1293 1820 1330 ἕλῃς-μία]
1875 1297 1978 1332 propri,
1989 1295 2023 1329 ⁶·st
2035 1299 2126 1335 μάψ,
2139 1306 2164 1327 et

29 1335 132 1354 mentem
146 1327 270 1364 refertur,
289 1334 318 1354 vt
329 1327 368 1361 fit
382 1328 474 1355 Errare
485 1327 566 1364 falli,
589 1327 640 1353 labi
657 1336 672 1352 a
688 1334 746 1353 vero
759 1336 767 1351 .·
803 1329 917 1362 quoniam
936 1327 1061 1363 vagando,
1121 1329 1191 1358 viae,
1210 1328 1287 1354 Error
1299 1334 1378 1353 autem
1391 1330 1477 1353 animi.
1550 1328 1618 1355 Ter.
1632 1328 1707 1355 Adel.
1720 1339 1752 1362 4,
1767 1339 1794 1360 2,
1807 1339 1837 1363 41
1868 1332 1931 1358 Sane
1944 1332 1991 1358 hac
2004 1334 2089 1361 multo
2102 1344 2165 1369 pro-

23 1362 98 1399 fiepe
114 1373 130 1390 a
148 1361 216 1390 reeh
233 1366 277 1389 via
296 1361 454 1398 deflebimus.
506 1362 611 1389 Pulchre
624 1361 760 1396 Augustin.
775 1361 903 1388 enchirid.
919 1369 948 1397 17
968 1364 1061 1388 Errare
1123 1363 1180 1397 pius
1196 1362 1264 1394 ibis,
1284 1368 1310 1388 et
1322 1363 1411 1389 minor
1425 1362 1460 1389 est
1474 1363 1581 1390 erratio.
1653 1365 1708 1391 Cic.
1721 1366 1753 1392 de
1767 1365 1802 1392 N.
1817 1367 1848 1392 D.
1856 1375 1879 1399 2,
1893 1371 1923 1400 56
1937 1377 1992 1394 c.21
2017 1369 2099 1400 Nulla
2114 1371 2169 1405 igi--

30 1398 67 1424 est
80 1407 172 1425 verum
186 1403 291 1433 putare,
310 1398 381 1433 quod
400 1398 495 1424 falsum
508 1397 559 1429 est,
580 1398 727 1432 falsumque
746 1396 819 1432 quod
837 1406 930 1424 verum
946 1398 997 1431 est,
1018 1397 1060 1423 vel
1122 1397 1207 1424 turin
1220 1398 1292 1424 caelo
1304 1407 1350 1423 nec
1364 1398 1485 1430 fortuna,
1505 1407 1550 1424 nec
1564 1400 1713 1433 temeritas,
1732 1410 1779 1426 nec
1788 1403 1896 1434 erratio,
1915 1412 1963 1430 nec
1976 1405 2075 1431 vanitas
2083 1406 2165 1433 inest:

28 1431 129 1460 certum
145 1433 258 1468 habere,
282 1443 332 1468 pro
349 1439 466 1466 incerto,
487 1433 540 1460 siue
558 1433 651 1460 falsum
669 1432 714 1465 fit,
733 1432 786 1459 siue
805 1441 908 1460 verum.
1004 1433 1059 1462 Cic.
1077 1434 1104 1460 33
1122 1440 1267 1468 contraque
1281 1434 1368 1460 omnis
1386 1434 1469 1467 ordo,
1489 1434 1602 1468 veritas,
1620 1436 1706 1468 ratio,
1730 1437 1881 1464 constantia.
1952 1439 2025 1468 Idem
2045 1439 2078 1467 de
2097 1442 2166 1469 Vni-

27 1467 140 1503 Philipp.
155 1477 190 1502 12,
203 1476 216 1503 5
240 1478 261 1496 c.
273 1478 290 1496 2
316 1469 439 1496 Cuiusuis
453 1469 489 1495 est
503 1469 619 1495 hominis
634 1477 722 1498 errare
736 1479 743 1494 :
767 1468 865 1494 nullius
879 1468 926 1495 111ίῖ
939 1469 1061 1503 insipien·
1124 1469 1192 1496 vers.
1208 1477 1246 1502 19.

22 1503 78 1536 tis,
95 1506 261 1538 perseuerare
282 1505 311 1530 in
325 1513 426 1531 errore.
494 1504 568 1530 Idem
582 1506 658 1531 verr.
676 1513 697 1536 3,
735 1523 741 1529 .
778 1523 784 1529 .
821 1505 942 1536 Errauit,
962 1513 995 1530 an
1014 1514 1060 1539 po·
1157 1510 1174 1531 E
1184 1511 1202 1530 R
1212 1511 1262 1531 ΕΑ
1272 1511 1287 1531 Β
1297 1511 1318 1530 V
1329 1510 1351 1529 N
1361 1510 1444 1535 Dvs,
1463 1513 1494 1537 a,
1510 1513 1563 1531 um.
1600 1504 1788 1542 [πλανώμενος]
1831 1508 2004 1544 Vagabundus.
2059 1510 2122 1538 Liu.
2135 1521 2165 1546 1,

27 1538 81 1566 tius
101 1540 227 1567 insaniuit
246 1541 403 1575 Apronius}
474 1539 530 1566 Cic.
550 1548 598 1574 pro
611 1540 693 1566 Corn.
707 1538 789 1565 Balbo
808 1541 844 1572 64
869 1539 1010 1566 Honestius
1031 1540 1061 1567 fit
1122 1548 1153 1572 29
1175 1539 1252 1565 Nunc
1267 1540 1295 1565 in
1307 1540 1451 1566 luminibus
1463 1540 1575 1572 starent,
1600 1549 1668 1566 nunc
1686 1541 1827 1569 errabundi
1843 1544 1936 1570 domos
1949 1546 2022 1577 suas,
2036 1546 2166 1575 Vltimum

27 1574 83 1602 illis
94 1574 204 1603 ducibus
221 1584 318 1607 errare,
335 1584 413 1610 quam
427 1574 478 1601 hoc
490 1575 613 1609 magistro
626 1574 737 1601 erudiri.
819 1575 969 1601 Contraria:
1004 1576 1060 1601 Cic.
1123 1573 1188 1600 illud
1210 1575 1294 1600 visuri
1318 1582 1531 1609 peruagarentur.
1623 1576 1791 1603 Errabundae
1809 1587 1905 1610 naues,
1944 1581 2021 1605 Vento
2041 1580 2168 1617 dispersae

6 1634 8 1640 ,
28 1609 140 1638 Tuscus.
155 1621 179 1644 1,
191 1619 222 1643 39
246 1612 341 1638 Errare
359 1610 509 1637 mehercule
528 1609 598 1636 malo
616 1619 676 1637 cum
689 1610 808 1640 Platone,
827 1616 872 1636 etc.
903 1618 983 1644 quam
1001 1619 1061 1637 cum
1069 1615 1106 1640 40
1123 1609 1194 1636 Hirt.
1209 1610 1236 1636 B.
1246 1610 1304 1636 Afr.
1313 1619 1334 1635 2.
1405 1611 1586 1642 rimabundus,
1606 1619 1655 1644 pro
1667 1612 1778 1644 Erraus,
1796 1612 1874 1639 Αιιέῗ.
1889 1613 2014 1644 Nonioz,
2030 1617 2078 1647 269
2097 1616 2166 1651 apud

30 1644 86 1672 istis
98 1655 164 1672 vera
176 1646 283 1673 sentire.
354 1646 422 1672 Cum
436 1645 527 1680 aliquo
541 1645 615 1672 Idem
628 1645 740 1671 Tuscul.
756 1653 776 1678 1,
784 1653 824 1677 39.
894 1645 924 1671 In
944 1645 1062 1672 amicitia
1122 1646 1196 1678 Virg.
1212 1645 1263 1671 Ecl.
1271 1648 1295 1675 6,
1310 1650 1337 1678 58
1358 1646 1385 1672 Si
1399 1654 1449 1680 qua
1463 1646 1532 1672 forte
1544 1646 1631 1671 ferant
1644 1645 1726 1671 oculis
1741 1647 1792 1672 sese
1805 1647 1887 1673 obuia
1902 1648 1997 1675 nostris
2011 1649 2167 1680 Errabunda

30 1680 124 1707 Horat.
137 1681 217 1708 Sertn.
231 1690 250 1711 1,
262 1689 283 1713 3,
295 1690 333 1714 4¹·
405 1681 462 1707 Cic.
482 1683 511 1707 in
524 1681 597 1707 Orat.
610 1688 645 1714 77
670 1681 703 1706 Vt
718 1679 820 1714 ingredi
840 1679 940 1714 libere,
959 1689 1013 1707 nou
1031 1688 1061 1707 vt
1122 1680 1200 1706 bouis
1214 1680 1331 1713 vestigia.
1368 1680 1440 1715 CO’ff·
1454 1679 1524 1706 Suet.
1531 1680 1602 1706 Caes.
1611 1689 1633 1706 c.
1640 1688 1674 1712 31.
1707 1687 1731 1706 et
1744 1681 1821 1714 Apul.
1836 1683 1899 1708 Met.
1908 1691 1920 1715 5
1933 1692 1959 1718 p.
1969 1691 2019 1719 171.

30 1715 140 1743 licenter
164 1716 286 1743 videatur
309 1725 406 1744 errare.
492 1716 626 1742 Licentius
652 1715 732 1741 Ouid.
755 1723 786 1740 ex
805 1716 888 1740 Ponto
905 1723 934 1747 4,
959 1724 996 1745 10,
1017 1723 1059 1746 29.
1157 1713 1384 1746 ERRIxssims,
1403 1724 1426 1742 e.
1463 1713 1523 1741 Adi.
1558 1714 1636 1741 Idem.
1677 1715 1722 1748 Vt,
1741 1715 1872 1744 Errabiles
1885 1718 1962 1751 soni,
1976 1719 2043 1756 apud
2054 1721 2165 1751 Laetan-

28 1750 120 1785 Longe
133 1758 217 1782 errat,
236 1751 289 1777 vid.
308 1758 423 1778 LONGE.
493 1752 654 1784 Magnopere
667 1750 696 1774 111
708 1749 838 1781 re'aliqua
857 1749 960 1774 Lucret.
974 1758 991 1778 1,
1005 1755 1060 1781 712.
1121 1748 1190 1773 tium
1205 1748 1248 1779 effe
1263 1749 1365 1774 dicitnr.

27 1785 143 1817 Stultitia
157 1787 250 1812 Horat.
264 1787 343 1813 Serm.
354 1794 383 1817 ¹2,
397 1794 420 1816 3,
432 1793 483 1811 210.
553 1782 638 1809 Probe
651 1788 676 1807 61
690 1782 858 1808 vehementer
871 1782 953 1807 Plaut.
962 1782 1058 1815 Amph.
1071 1783 1105 1808 45
1156 1788 1173 1807 Ε
1182 1788 1228 1821 R·R
1237 1783 1260 1808 Ᾱ
1269 1789 1290 1808 Τ
1300 1780 1334 1808 i'c
1345 1789 1366 1808 V
1376 1789 1389 1809 s
1397 1803 1405 1815 ,
1424 1793 1454 1815 a,
1473 1793 1529 1811 um.
1562 1784 1622 1811 Adi.
1659 1785 1821 1823 [πλανήτης]
1864 1790 1918 1825 Qui
1928 1797 1998 1816 errat
2009 1797 2033 1816 et
2044 1799 2165 1828 vagatur.

25 1827 50 1851 3,
70 1828 93 1851 3,
115 1828 155 1845 20.
226 1820 282 1844 Cic.
301 1819 377 1844 Acad.
395 1827 413 1849 4
419 1834 432 1850 ³.
465 1837 472 1843 .
507 1837 516 1843 .
553 1817 598 1842 Ait
619 1815 790 1842 vehementer
812 1823 899 1841 errare
921 1824 983 1847 eos,
1013 1823 1058 1842 etc.
1121 1816 1253 1843 Erraticus
1265 1823 1291 1843 et
1305 1817 1388 1851 potest
1401 1827 1490 1846 errare
1503 1826 1529 1846 et
1543 1820 1607 1846 solet
1616 1821 1715 1848 Fronto
1729 1823 1845 1849 Gramm.
1854 1824 1882 1850 in
1891 1826 1946 1851 AA.
1958 1826 1987 1851 L.
1996 1826 2026 1851 L.
2036 1827 2165 1855 Gothofr.

25 1853 118 1881 Procul
130 1861 232 1883 errare,
255 1853 410 1878 Vehementer
417 1851 489 1886 falli.
530 1851 589 1877 Vid.
609 1855 766 1890 ifROCVL.
841 1850 898 1890 Cic.
917 1859 965 1885 pro
985 1852 1060 1878 Rosc.
1122 1860 1147 1885 p.
1158 1859 1218 1883 1333.
1289 1852 1357 1878 Gell.
1371 1861 1396 1886 2,
1409 1863 1426 1880 2
1456 1855 1570 1881 Interibi
1589 1856 1693 1891 aliquot
1714 1866 1745 1883 ex
1767 1858 1800 1884 iis
1813 1860 1861 1892 qui
1871 1860 1994 1893 aderant,
2019 1863 2166 1891 erraticum,

25 1891 114 1917 Amet.
127 1893 154 1920 83
176 1886 299 1921 Intelligo
313 1895 355 1912 me
374 1892 433 1912 ante
447 1892 548 1920 tempus
562 1885 679 1917 Iudices,
699 1884 762 1912 haec
777 1885 886 1912 scrutari
896 1905 905 1917 ,
922 1892 948 1913 et
967 1887 1061 1920 Prope·
1122 1887 1171 1912 esse
1184 1887 1320 1914 hominem
1336 1888 1422 1915 dicere
1437 1896 1462 1916 et
1475 1890 1573 1916 nullius
1586 1891 1638 1921 rei,
1659 1892 1827 1927 incolamque
1835 1894 1998 1922 sordentium
2010 1906 2164 1930 ganearum.

26 1924 135 1953 modum
147 1931 235 1950 errare
241 1942 250 1955 ,
269 1922 331 1956 qui,
347 1928 392 1949 etc.
466 1922 529 1949 Non
547 1921 616 1948 vltra
628 1920 725 1953 verba,
744 1929 773 1946 ac
792 1929 869 1946 voces
884 1921 975 1948 Tacit.
990 1922 1058 1947 Hist.
1122 1922 1180 1948 Cic.
1193 1922 1225 1948 de
1242 1923 1341 1949 Seneet.
1350 1931 1379 1955 52
1410 1925 1438 1950 de
1450 1928 1503 1951 vite
1514 1927 1629 1960 loquens,
1649 1927 1795 1961 Multiplici
1813 1930 1957 1963 serpentem
1970 1931 2041 1965 lapsu
2054 1940 2080 1960 et
2094 1942 2166 1960 erra.

0 1965 10 1992 ζ.
22 1969 49 1993 .1‚
60 1965 93 1990 18.
159 1959 250 1989 Erras,
269 1957 289 1984 fi
307 1957 335 1984 id
349 1957 433 1984 credis
448 1967 454 1983 ε
479 1957 504 1983 h.
519 1966 539 1984 e.
553 1956 658 1992 falleris
677 1956 745 1982 Ter.
759 1957 853 1981 Heaut.
867 1964 887 1988 1,
902 1965 921 1987 1,
935 1964 971 1990 53.
1027 1958 1059 1982 Et
1076 1960 1107 1985 50
1121 1957 1176 1982 tico
1189 1957 1290 1984 ferrum
1304 1960 1407 1985 coercet
1420 1960 1563 1993 agricolae.
1632 1961 1714 1988 Ouid.
1726 1964 1824 1996 Met.6‚
1836 1971 1877 1996 333
1902 1980 1947 1985 -——-
1967 1967 2055 2000 Qmm
2063 1969 2111 1994 vix
2123 1977 2165 1996 er-

8 1993 11 2027 1]
30 1994 100 2023 Caes.
114 1994 176 2021 Bell.
188 1993 256 2020 Gall.
267 2000 290 2026 5,
304 2002 341 2027 40
359 1993 453 2019 Errare
466 2001 510 2018 eos
524 1992 630 2025 dicunt,
650 1991 668 2018 si
685 1991 830 2026 quidquam
842 1991 875 2017 ab
888 1991 920 2017 iis
934 1991 1058 2026 praesidii
1121 1993 1202 2019 ratica
1215 1993 1294 2019 Delos
1301 1994 1438 2022 Errantem
1450 1996 1549 2030 accepit
1562 2002 1623 2022 tunc
1637 2006 1719 2030 quum
1733 1998 1800 2024 leuis
1813 2000 1898 2026 insula
1911 2001 1998 2027 nabat.
2069 2004 2166 2032 Stellae

28 2031 140 2067 sperent.
205 2030 260 2056 Cic.
273 2029 344 2056 Fam.
359 2033 382 2060 8,
403 2036 425 2054 11
449 2028 570 2062 Denique
589 2027 658 2054 malo
671 2027 700 2052 in
713 2026 777 2053 hanc
791 2032 892 2061 partem
906 2036 1010 2059 errare,
1029 2034 1058 2054 vt
1121 2027 1188 2054 Gell.
1200 2036 1228 2060 3,
1244 2037 1280 2055 10.
1299 2037 1344 2063 14,
1359 2038 1378 2055 1.
1467 2031 1556 2057 Vitam
1575 2032 1715 2059 erraticam
1732 2042 1780 2067 per
1799 2033 1874 2061 siluas
1895 2042 1922 2062 et
1939 2045 2044 2072 campos
2066 2039 2165 2073 degere

27 2075 96 2102 quae
107 2074 160 2093 non
169 2064 314 2096 desideres,
331 2064 429 2090 audias.
502 2064 596 2090 Errare
609 2063 637 2089 in
651 2062 767 2097 aliquam
781 2072 854 2095 rem,
869 2069 919 2097 pro
935 2063 1059 2092 declinare
1119 2062 1237 2089 Lafiant.
1246 2066 1272 2096 6,
1285 2072 1322 2095 10,
1335 2071 1369 2095 13.
1442 2066 1531 2092 Herba
1545 2065 1671 2099 erratica,
1688 2071 1706 2094 i.
1718 2069 1833 2105 Agrqstjs
1840 2089 1850 2102 ,
1872 2078 1896 2097 et
1904 2081 1951 2098 710„
1958 2073 2062 2108 staina,
2077 2084 2165 2102 verum

32 2102 90 2130 uu:
102 2109 136 2134 31,
168 2122 175 2129 ,
211 2120 220 2127 .
287 2100 381 2126 Errare
393 2099 425 2126 de
442 2097 530 2125 verbis
542 2099 663 2131 alicuius,
683 2100 741 2124 Non
755 2096 845 2133 affiqui
857 2104 902 2124 aut
913 2098 1059 2134 intelligere,
1113 2098 1203 2133 paffim
1215 2100 1319 2134 nascens
1335 2099 1400 2125 Plin.
1410 2108 1447 2132 19,
1460 2106 1473 2130 8
1507 2101 1548 2128 Est
1564 2107 1590 2127 ct
1603 2103 1743 2129 erraticum
1755 2105 1895 2139 intubum,
1914 2108 1988 2142 quod
2001 2109 2029 2134 in
2043 2110 2165 2145 Aegypto

34 2137 94 2174 quid
105 2137 179 2169 velit,
194 2141 238 2163 aut
248 2134 317 2162 dicat
330 2146 338 2160 .·
360 2135 427 2162 Ter.
441 2135 537 2161 Heaut.
550 2143 574 2167 11,
586 2142 610 2166 3,
622 2143 649 2160 22
669 2133 720 2160 Hic
733 2132 765 2159 de
778 2133 872 2160 nostris
885 2133 975 2160 verbis
989 2140 1058 2160 errat
1073 2142 1103 2169 55
1119 2133 1266 2160 cichorium
1281 2141 1386 2161 vocant.
1438 2136 1496 2168 Sic,
1515 2137 1632 2163 Erratica
1647 2137 1749 2165 braffica
1778 2142 1844 2168 Cato
1858 2143 1889 2168 R.
1909 2143 1940 2169 R.
1953 2151 2012 2178 157,
2027 2152 2064 2171 12.
2120 2146 2167 2173 Pa-

12 2191 13 2207 ,
36 2171 169 2205 videlicet,
185 2179 250 2206 quac
263 2170 306 2197 hic
320 2169 421 2197 fuimus
434 2170 526 2197 locuti.
597 2170 640 2196 Ne
658 2178 744 2201 erres,
765 2168 789 2195 h.
803 2178 823 2195 e.
842 2178 870 2195 ne
881 2176 968 2195 temere
981 2176 1058 2205 putes
1118 2177 1199 2203 pauet
1215 2170 1356 2197 erraticum
1381 2170 1448 2197 Plin.
1463 2171 1480 2197 l.
1488 2181 1509 2198 c.
1564 2172 1685 2208 Hedera,
1705 2175 1774 2203 Vitis
1787 2183 1827 2212 ap.
1842 2177 1934 2205 Front.
1945 2179 2063 2206 Gramm.
2076 2190 2103 2215 p.
2111 2189 2166 2215 1333

32 2205 216 2240 autexgstimes:
239 2205 313 2232 Idem
332 2206 411 2232 Andr.
425 2215 454 2240 4,
467 2214 490 2238 2,
504 2214 527 2232 ει
552 2205 638 2239 Huic,
659 2213 714 2231 non
726 2203 794 2235 tibi,
812 2203 913 2237 habeo,
930 2214 963 2231 116
977 2214 1055 2242 erres.
1121 2204 1248 2232 Gothofr.

32 2242 104 2275 Scio,
123 2241 186 2277 quid
197 2251 266 2270 erre,
286 2241 366 2279 Plaut.
379 2241 452 2276 Epid.
465 2249 492 2275 4,
506 2249 530 2274 2,
542 2246 564 2272 8,
636 2241 704 2268 Ter.
719 2240 800 2266 Andr.
814 2248 837 2272 3,
857 2249 878 2273 2,
897 2246 921 2270 18
947 2241 1055 2273 Teneo,
1152 2247 1384 2268 ERRAmvvs
1416 2241 1519 2269 animus
1545 2242 1599 2277 est,
1631 2244 1768 2280 qui·s01et
1787 2255 1877 2275 errare
1897 2254 1924 2275 et
1951 2248 2046 2279 desinit
2063 2252 2166 2282 Fronto

0 2286 8 2305 :.
30 2277 95 2313 quid
106 2282 192 2304 erret:
217 2277 281 2312 quid
295 2286 344 2311 ego
357 2286 431 2311 agam
445 2276 538 2303 habeo.
609 2276 690 2303 Caelo
703 2282 760 2303 toto
777 2284 880 2308 errare,
906 2276 958 2303 vid.
972 2277 1055 2313 Adag.
1121 2276 1238 2303 Gramm.
1254 2285 1338 2311 p.1333
1355 2277 1472 2313 Gothofr.

4 2335 6 2339 .
18 2313 120 2350 OErasm.
188 2313 244 2340 Cic.
255 2312 368 2348 Philipp.
380 2321 406 2345 2,
419 2321 453 2345 23-
467 2313 498 2339 In
512 2321 544 2339 eo
555 2320 609 2339 non
621 2318 649 2338 tu
664 2311 773 2347 quidem
785 2317 840 2338 tota
851 2321 898 2344 re,
914 2311 957 2338 sed
972 2311 1056 2346 (quod
1071 2317 1106 2342 60
1156 2318 1172 2338 E
1182 2319 1228 2339 RR
1238 2319 1259 2339 A
1268 2319 1289 2338 T
1299 2319 1318 2339 Ο
1327 2319 1345 2338 R
1356 2332 1364 2345 ³
1381 2313 1447 2339 fisis·
1468 2322 1505 2340 Πῖ-
1538 2314 1617 2349 APud
1626 2315 1745 2343 Teffllfl·
1781 2337 1789 2346 ·
1825 2338 1834 2347 ·
1869 2339 1877 2348 -

6 2342 15 2364 ,ι
25 2349 169 2376 maximum
180 2348 233 2379 est)
251 2348 414 2384 temporibus
427 2348 525 2375 errasti.
596 2348 666 2375 Ter.
678 2348 743 2374 Eun.
758 2356 781 2379 2,
795 2356 817 2379 2,
836 2356 864 2380 14
890 2347 963 2380 Qud
982 2354 1009 2374 tu
1029 2348 1057 2374 in
1158 2354 1261 2374 ERRA
1271 2355 1365 2374 TR1x
1375 2367 1383 2380 ‚
1400 2348 1456 2374 icis.
1477 2349 1497 2376 f.
1540 2350 1640 2377 Fronto
1654 2352 1700 2379 Gr.
1736 2372 1743 2380 .
1781 2374 1788 2381 .
1826 2374 1834 2381 .

27 2385 70 2412 his
82 2384 159 2411 rebus
171 2384 255 2411 credis
272 2384 332 2411 sieri
347 2385 356 2410 Ξ
387 2389 442 2410 tota
459 2392 529 2410 erras
541 2383 603 2412 Via.
673 2383 784 2410 Animus
804 2383 877 2417 saepe
895 2384 923 2409 in
938 2384 1059 2417 corporis
1156 2389 1171 2409 ἱ
1182 2390 1255 2410 RRO
1268 2390 1306 2415 R,
1325 2383 1387 2409 oris.
1414 2393 1449 2410 111.
1492 2384 1639 2418 [σφέλμα,
1665 2391 1795 2422 πταῖσμα,
1814 2389 1916 2425 πλάνη]
1973 2391 2064 2427 Opinio
2078 2391 2162 2428 suffla.

26 2419 127 2447 morbis
140 2424 210 2447 errat
228 2420 331 2456 Lucret.
346 2427 368 2450 3,
383 2421 447 2450 464,
643 2415 664 2453 q
683 2428 702 2451 4
737 2419 845 2449 Errare,
862 2425 892 2444 vc
912 2419 1058 2445 Graecorum
1120 2417 1176 2444 Cic.
1191 2418 1267 2445 Acad.
1278 2427 1298 2450 ¹,
1311 2427 1346 2451 42
1366 2427 1419 2445 c.11
1448 2418 1477 2445 de
1489 2420 1599 2453 Zenone,
1623 2423 1763 2455 Errorem,
1788 2431 1814 2451 et
1827 2426 2017 2458 temeritatem,
2045 2433 2071 2453 et
2085 2428 2163 2461 igno-

24 2454 185 2490 ἆμαρτάγειν,
204 2460 228 2479 et
245 2453 323 2488 ipsum
336 2454 444 2479 Peccare
463 2452 497 2478 ad
507 2453 596 2479 malam
608 2451 734 2479 libidinem
747 2454 867 2488 refertur.
905 2454 966 2481 Sane
983 2454 1058 2481 Hier.
1119 2453 1247 2486 rantiam,
1275 2460 1299 2480 et
1316 2454 1515 2489 opinationem,
1545 2462 1571 2482 et
1591 2457 1779 2491 suspicionem,
1806 2465 1831 2485 et
1851 2469 1904 2485 vno
1923 2461 2032 2487 nomine
2052 2463 2143 2488 onmia

24 2490 85 2518 adu.
98 2487 276 2523 Vigilantium
291 2498 298 2514 :
323 2488 404 2515 Error
421 2493 447 2514 et
459 2488 533 2522 culpa
550 2488 677 2514 iuuenum
686 2508 693 2520 ,
712 2488 947 2525 vilillimarumque
965 2490 1057 2516 mulie-
1070 2491 1102 2523 65
1119 2498 1185 2523 quae
1199 2490 1278 2516 essent
1290 2490 1374 2516 aliena
1388 2490 1478 2516 firmae
1490 2498 1515 2517 et
1529 2491 1669 2518 constantis
1682 2494 1844 2526 assensionis,
1864 2502 1880 2519 a
1900 2495 2000 2522 virtute
2023 2484 2163 2530 sapientia:

27 2534 105 2556 rum,
124 2524 170 2558 qui
183 2531 229 2557 per
239 2522 343 2549 11οᾶ6111
357 2523 429 2557 saepe
441 2523 645 2557 deprehenditur
679 2538 724 2543 ——
759 2525 790 2550 Et
807 2530 893 2551 tamen
912 2533 1057 2559 paucorum
1119 2533 1170 2559 que
1182 2525 1347 2551 remouebat.
1403 2526 1434 2550 Et
1446 2533 1478 2556 4,
1498 2533 1546 2559 147
1561 2535 1582 2551 c.
1597 2532 1630 2558 48
1661 2528 1752 2561 Deque
1764 2537 1855 2555 errore
1868 2535 1907 2556 tot
1921 2530 2160 2566 philosophorum,

25 2560 102 2594 culpa
115 2568 168 2585 non
180 2558 339 2593 praeiudicat
351 2559 492 2593 religioni:
515 2559 563 2594 qui
576 2565 602 2585 et
613 2557 711 2594 absque
724 2559 826 2594 vigiliis
845 2560 946 2595 potsunt
960 2570 1058 2593 errare,
1119 2561 1167 2593 qui
1181 2560 1213 2585 de
1225 2559 1302 2586 bonis
1322 2560 1515 2592 contrariisque
1534 2560 1612 2586 rebus
1632 2567 1769 2596 tantopere
1789 2564 1949 2599 discrepant,
1976 2572 2004 2592 vt
2024 2576 2083 2593 cum
2101 2569 2162 2602 plus

0 2597 3 2615 ι
24 2595 69 2622 vel
82 2595 112 2621 in
123 2595 191 2627 suis,
207 2593 250 2620 vel
263 2594 292 2620 in
303 2594 394 2621 alienis
408 2593 539 2621 domibus.
585 2594 632 2621 Sed
645 2596 705 2621 male
717 2595 775 2621 haec
787 2595 921 2630 obseruatio
933 2599 1060 2632 applicata
1119 2603 1172 2620 vno
1185 2603 1278 2621 verum
1292 2595 1340 2620 effe
1355 2603 1408 2619 non
1422 2594 1509 2628 ponit,
1531 2595 1615 2622 iacere
1628 2599 1723 2625 necesse
1735 2598 1765 2625 sit
1779 2605 1818 2626 101
1844 2606 1897 2626 tam
1917 2600 2022 2627 nobiles
2043 2602 2162 2638 discipli-

5 2644 9 2654 *
24 2629 59 2666 fi
71 2629 105 2658 ad
116 2630 177 2658 Stat.
191 2629 254 2657 Silu.
269 2636 293 2662 1,
307 2638 330 2660 2,
344 2638 397 2663 120,
417 2629 460 2657 vbi
470 2630 498 2655 de
517 2629 663 2656 Violamilla
675 2630 816 2665 expersum
833 2631 953 2663 Veneris,
1121 2637 1174 2654 ¹¹³⁵·
1229 2629 1275 2655 sed
1288 2628 1465 2664 “f'sque’m'r
1479 2630 1598 2663 Peccata,
1617 2641 1669 2657 '³²⁰⁷'
1684 2635 1775 2660 eleuare
1789 2641 1813 2660 εἰ
1827 2636 1941 2671 ‘'must'‘
1955 2638 2056 2670 ‘mlum'
2080 2639 2161 2666 Erro‘

1072 2672 1108 2700 70
1121 2672 1162 2689 res
1177 2671 1275 2703 uacant.
1346 2665 1376 2690 Et
1393 2673 1440 2698 pro
1452 2665 1569 2691 Marcell.
1585 2675 1609 2698 13
1647 2668 1698 2694 Etsi
1717 2668 1806 2703 aliqua
1825 2670 1899 2704 culpa
1917 2677 2039 2700 tenemur
2059 2675 2160 2701 errori:

1121 2698 1247 2731 humani,
1267 2708 1282 2725 a
1293 2699 1386 2726 scelere
1398 2706 1467 2726 certe
1480 2700 1586 2727 liberati
1599 2702 1696 2729 sumus.
1753 2706 1795 2730 sic
1807 2706 1874 2731 Hor.
1882 2706 1960 2740 Epist.
1970 2715 1993 2739 2,
2009 2717 2032 2740 2,
2045 2714 2082 2739 1¹8
2106 2710 2160 2737 Hie

1120 2742 1196 2760 error
1207 2741 1295 2761 tamen
1309 2740 1335 2761 ct
1347 2734 1413 2761 leuis
1427 2734 1489 2761 haec
1504 2735 1603 2762 insania
1618 2744 1725 2771 quantas
1739 2740 1856 2767 Virtutes
1872 2741 1981 2775 habeat,
2007 2744 2039 2771 sic
2054 2745 2161 2773 collioe.

1119 2771 1151 2796 Et
1165 2770 1303 2797 Hor.Arte
1316 2771 1385 2810 Po'e't.
1394 2775 1439 2810 508
1466 2771 1538 2810 Qiid
1547 2770 1649 2805 deceat,
1670 2775 1734 2808 quid
1747 2784 1800 2801 non
1809 2796 1817 2808 ,
1838 2786 1891 2811 quo
1904 2779 1988 2804 virtus
1997 2799 2005 2811 ,
2024 2789 2078 2814 quo
2091 2766 2161 2808 seiae

242 2838 247 2842 Ι
709 2837 714 2840 ῃ
738 2836 743 2841 ⁸
822 2837 826 2841 ι
847 2837 851 2840 ¹
876 2836 880 2840 .
1119 2813 1204 2831 error.
1261 2806 1290 2831 Et
1304 2805 1417 2832 Modms
1431 2805 1568 2832 erroribus
1581 2809 1660 2843 aequi
1673 2818 1760 2837 mores
1790 2812 1882 2839 quen.
1897 2813 1946 2839 Sat.
1962 2823 1992 2847 14
2029 2824 2062 2842 1·.
2116 2817 2163 2844 Ad

23 2845 72 2874 mn
81 2832 214 2872 profesto,
235 2845 262 2861 ιη
277 2844 303 2862 ea
317 2839 472 2871 peccaretis,
490 2842 513 2862 et
525 2834 570 2862 illa
582 2834 742 2861 abuti-rernm:
760 2833 795 2859 ad
806 2833 952 2864 lzbzdmenh·
973 2833 1021 2870 sed
1032 2832 1060 2860 Ob
1071 2850 1102 2878 73
1120 2838 1289 2874 difficultatem
1307 2844 1362 2866 veri
1378 2841 1480 2867 videndi
1492 2845 1518 2867 in
1538 2842 1687 2871 Catilium-ia
1703 2849 1871 2874 coniuratione
1890 2834 2022 2885 aspicietis
2039 2833 2094 2878 Cic.
2110 2861 2162 2886 pro

24 2871 227 2909 puffhritudinem
238 2869 340 2906 possetis
352 2880 402 2898 eam
410 2879 458 2907 pro
472 2880 522 2904 me,
541 2876 618 2897 matre
631 2867 711 2902 uestra
725 2869 820 2896 habere.
1121 2875 1189 2901 Sulla
1201 2884 1238 2908 40
1251 2885 1271 2902 c.
1281 2884 1310 2910 14
1337 2877 1390 2902 Vos
1405 2876 1519 2911 denique
1535 2877 1563 2903 in
1576 2880 1653 2906 tantis
1668 2881 1785 2908 tenebris
1799 2884 1897 2910 erroris
1911 2889 1936 2910 et
1947 2885 2100 2913 inscientiae
2108 2888 2160 2914 cla-

220 2679 290 2706 Haec
310 2684 336 2705 et
355 2679 480 2705 caeruleis
497 2686 599 2704 mecum
617 2678 711 2703 consur
729 2686 772 2703 ere
786 2678 865 2712 digna

219 2713 369 2776 Fluffisus,
386 2720 412 2740 et
430 2713 622 2748 nostra‘potuit
638 2712 706 2739 consi
726 2721 769 2739 ere
788 2713 894 2740 concha.

218 2750 251 2775 Et
270 2749 287 2776 si
325 2750 474 2777 ammiseras
493 2749 614 2784 potuisset
633 2748 754 2774 scandere
773 2748 859 2780 sedes,

218 2784 326 2820 Hasque
339 2785 439 2813 intrare
454 2785 547 2812 domos
567 2784 613 2819 ipfi
630 2784 752 2811 erraretis
770 2792 886 2810 amores:

61 2920 202 2948 ERROR‚
226 2913 274 2940 ari.
312 2911 376 2946 Paffi
412 2913 467 2943 cic.
481 2914 552 2940 Fam.
568 2921 590 2945 5,
609 2920 641 2937 20
663 2912 738 2945 Quae
749 2916 790 2938 tot
802 2910 918 2945 vestigiis
931 2910 1060 2946 impressa,
1119 2910 1246 2937 rifflmum
1260 2911 1349 2937 lumen
1363 2912 1520 2946 praetulistis
1538 2914 1632 2941 mentis
1653 2925 1734 2944 meae.
1812 2919 1919 2946 Nebula
1938 2922 2036 2947 erroris
2056 2930 2160 2951 remota

0 2947 4 2981 Ι
25 2954 55 2977 vt
67 2951 95 2977 in
107 2949 244 2989 hisenzari
260 2957 315 2988 ¹¹⁰¹?
329 2948 417 2982 posset.
486 2949 524 2976 Μ,
539 2948 570 2975 de
585 2947 642 2974 Fin.
655 2957 684 2982 4,
698 2949 732 2974 60
755 2947 782 2974 Si
795 2953 839 2974 aut
853 2955 894 2974 res
909 2948 1058 2982 ignoratur,
1117 2947 1210 2987 quen.
1225 2946 1274 2973 Sat.
1284 2955 1322 2978 10,
1336 2956 1363 2980 4.
1382 2982 1388 2987 .
1433 2949 1500 2988 Ηιο1.
1511 2948 1625 2982 Serm.2,
1635 2960 1662 2984 3,
1675 2955 1705 2984 63
1741 2967 1786 2973 —
1811 2953 1873 2981 huic
1887 2964 1935 2990 ego
1944 2956 2051 2992 vulgum
2065 2959 2160 2985 Eri-ori.

0 2989 4 3007 ¹
25 2991 70 3013 aut
83 2991 184 3012 erratur
196 2993 225 3011 m
236 2992 353 3011 nomme.
1074 3006 1082 3008 <
1118 2981 1230 3010 fifflllem
1243 2982 1367 3009 Cffllffissm
1381 2983 1494 3009 ¹¹¹s³¹1¹re
1507 2983 1619 3013 docebo·
1689 2987 1783 3017 Rabies
1797 2991 1904 3022 erroris,
1922 2992 2000 3018 Furor
2013 2993 2096 3028 culpae
2111 2994 2158 3020 Sil.
2186 3014 2187 3017 ,

61 3027 213 3047 ΕΚΚΑΝΞ
223 3020 324 3052 ,antis
358 3019 452 3047 Partic.
487 3018 643 3053 [α’λετεύων]
680 3018 850 3045 Τ61-.Η611111.
865 3026 890 3050 2,
900 3026 924 3051 3,
937 3019 966 3044 16
986 3018 1056 3044 Dum
1072 3026 1103 3052 80
1117 3025 1150 3051 7,
1188 3037 1194 3044 .
1232 3035 1238 3043 .
1309 3018 1404 3044 Mentis
1416 3019 1544 3046 alienatae
1555 3029 1632 3048 error
1657 3023 1788 3057 (ξι-11118111.
1802 3026 1830 3051 111
1838 3035 1955 3059 prooem.
1964 3028 1990 3052 6.
2060 3028 2119 3054 Liu.
2136 3038 2159 3061 1,

29 3063 81 3089 ego,
101 3060 206 3089 propter
227 3061 253 3081 te
277 3064 383 3087 errans,
409 3054 493 3090 patria
512 3063 588 3081 careo
608 3054 730 3086 demens,
754 3060 782 3080 tu
800 3054 899 3080 interea
920 3053 989 3086 loci,
1012 3061 1057 3079 etc.
1118 3062 1153 3086 24
1183 3053 1290 3080 Tamen
1303 3053 1372 3080 inre
1384 3060 1437 3080 tam
1451 3055 1520 3081 clara
1533 3057 1673 3084 nominum
1688 3068 1764 3086 error
1775 3067 1876 3091 manet,
1896 3061 1981 3087 vti-ius
1994 3063 2087 3097 populi
2100 3065 2157 3090 Ho-

0 3095 12 3115 ιῐ
30 3090 124 3124 Virgil.
136 3091 198 3117 Aen.
211 3099 229 3122 1,
241 3094 288 3123 326
308 3089 418 3117 Vidistis
432 3090 450 3117 s1
462 3099 540 3124 quam
554 3088 596 3116 hic
609 3096 738 3116 errantem
753 3089 824 3116 forte
838 3090 966 3115 sororum.
1020 3089 1058 3117 Id.
1119 3088 1197 3121 tatii,
1224 3089 1307 3115 vtrius
1322 3089 1437 3116 Curiatii
1450 3091 1558 3120 fuerint,
1754 3092 1774 3131 ’ᾖ
1794 3104 1810 3122 2
1845 3097 1974 3131 Epitheta:
2010 3098 2157 3132 Ambiguus

0 3132 12 3151 u
29 3126 95 3152 Aen.
106 3135 127 3158 1,
138 3126 190 3159 760
209 3126 278 3152 Nam
292 3130 317 3152 te
328 3127 436 3161 septima
447 3131 534 3161 portat
568 3125 699 3152 Omnibus
714 3131 845 3152 errantem
857 3124 955 3151 Terris
974 3129 999 3150 et
1012 3125 1058 3151 flu·
1119 3124 1180 3151 Stat.
1194 3123 1285 3151 Theb.
1295 3132 1316 3156 5,
1329 3133 1383 3158 437.
1451 3125 1508 3153 Sen.
1518 3128 1596 3155 Herc.
1605 3128 1658 3155 fur.
1672 3129 1690 3155 s.
1699 3138 1726 3156 12
1746 3131 1827 3157 Error
1834 3132 1931 3158 Caecus
1944 3141 1997 3167 quo
2005 3134 2091 3167 coepit
2104 3139 2155 3161 eat.

0 3163 14 3191 11
29 3158 115 3188 &ibus
132 3160 217 3186 aestas.
285 3161 381 3196 Digitis
401 3161 548 3188 errantibus
568 3160 684 3188 scindere
704 3160 888 3196 chelymrStat.
908 3159 972 3188 Situ.
985 3167 1015 3194 5,
1034 3167 1057 3194 5,
1118 3161 1211 3186 Certus
1230 3160 1258 3186 in
1276 3160 1349 3187 astris
1368 3169 1444 3188 error
1461 3170 1530 3189 acute
1544 3163 1572 3189 de
1587 3166 1698 3198 planetis
1711 3166 1846 3193 Claudian.
1861 3166 1893 3193 de
1908 3168 1986 3194 Cous.
2003 3169 2091 3195 Mallii
2104 3178 2157 3203 ¹29·

0 3205 14 3223 1..
29 3205 67 3230 3²·
134 3195 227 3222 Lucan,
244 3205 267 3229 ι,
287 3204 330 3230 253
1074 3200 1103 3230 ες
1120 3194 1209 3222 Dulcis
1223 3195 1372 3222 labantibus
1397 3196 1485 3224 Valer.
1494 3199 1591 3233 Argon.
1599 3209 1627 3232 4,
1640 3207 1698 3234 473.
1770 3202 1881 3235 Plin.15,
1893 3211 1906 3235 3
1936 3204 1968 3230 Et
1980 3212 2055 3230 error
2068 3204 2157 3231 homi.

0 3240 4 3251 i
151 3253 163 3260 „
366 3233 463 3259 Melius
485 3232 591 3259 fortuna
607 3231 715 3258 dedisses
1119 3240 1184 3257 num
1194 3230 1291 3263 Falsus,
1313 3232 1518 3260 existimantium
1532 3236 1691 3262 maturitatis
1706 3236 1830 3270 initium,
1854 3238 1925 3273 quod
1939 3238 1974 3264 est
1985 3239 2047 3265 vitii
2066 3240 2157 3273 proxi-

221 3265 293 3293 Orbe
312 3267 358 3294 sub
377 3268 432 3295 Eoo
452 3268 552 3300 sedem,
571 3267 711 3303 gelidaque
728 3266 775 3294 sub
787 3266 868 3295 Arete
1119 3275 1201 3293 mum.
1269 3267 1404 3294 Fauaticus
1429 3269 1495 3295 Hor.
1504 3270 1534 3295 A.
1544 3271 1569 3296 Ρ.
1578 3279 1634 3303 453.
1707 3272 1771 3298 Plin.
1781 3273 1859 3307 Epist.
1873 3281 1899 3308 7,
1912 3279 1939 3304 28
1971 3274 2037 3307 Quis
2051 3275 2156 3303 inuidet

221 3300 388 3338 Errantesque
408 3304 509 3330 domos.
700 3318 703 3319 ν
1119 3301 1187 3328 mihi
1195 3301 1377 3330 Felicislimum
1394 3305 1530 3331 errorem?
1600 3307 1667 3332 Hor.
1683 3307 1761 3341 Epist.
1775 3317 1804 3339 2,
1819 3318 1847 3341 2,
1866 3318 1914 3341 140
1948 3322 1992 3328 --
2012 3311 2057 3336 cui
2070 3309 2101 3336 sit
2112 3320 2156 3338 cx-

57 3334 130 3364 Lludit
149 3333 182 3362 ad
196 3335 338 3369 scytharum
352 3339 447 3372 domos,
464 3349 525 3375 quas
543 3338 661 3374 plaustris
674 3338 737 3365 vehi
753 3337 816 3365 dicit
831 3338 925 3365 Horat.
940 3336 1058 3368 Carni-3,
1088 3338 1090 3340 '
1118 3343 1188 3364 torta
1202 3338 1322 3373 voluptas
1337 3340 1367 3365 Et
1381 3338 1482 3366 demtus
1496 3349 1542 3374 per
1553 3342 1609 3367 vim
1622 3343 1717 3368 mentis
1729 3344 1888 3370 Gratiffimus
1902 3352 1986 3370 error.
2058 3346 2154 3373 Granis

2 3383 11 3399 1·
31 3381 79 3406 24,
93 3380 131 3398 10.
201 3370 316 3399 Gradum
336 3380 466 3402 errantem
491 3376 520 3401 111
541 3374 612 3401 recta
631 3374 767 3401 deflectere
785 3374 872 3400 Senec.
885 3372 982 3399 Phoen.
1005 3372 1023 3397 s.
1038 3380 1057 3397 1.
1069 3384 1105 3408 90
1118 3374 1177 3400 Seu.
1191 3374 1284 3400 oetan.
1299 3375 1317 3401 s.
1330 3382 1357 3410 7.
1428 3375 1558 3402 Honestus
1596 3377 1725 3410 Quinctil.
1739 3387 1758 3410 1,
1774 3382 1791 3405 6
1806 3389 1828 3413 p.
1837 3387 1877 3413 72.
1891 3380 2008 3406 Burman.
2078 3382 2154 3408 Inde.

0 3407 11 3436 il
31 3409 128 3444 Greges
147 3406 240 3445 Horat.
252 3406 331 3440 Epod.
343 3417 367 3441 2,
380 3418 418 3443 14.
474 3410 547 3446 Conf.
567 3412 637 3437 Curt,
659 3418 681 3442 5,
696 3412 720 3440 6,
736 3417 769 3442 15.
842 3408 961 3435 Hederae
980 3408 1056 3441 Virg.
1119 3408 1260 3444 prehensus
1275 3409 1488 3438 et'irremeabilis
1503 3420 1578 3438 error
1590 3412 1735 3444 labyrinthi
1762 3415 1834 3448 Virg.
1846 3415 1909 3439 Aen.
1918 3423 1940 3445 5,
1955 3422 2007 3446 591.
2078 3417 2154 3445 Inex-

2 3446 12 3471 i·
33 3442 119 3474 Ecl.4,
128 3449 162 3474 19.
182 3450 201 3467 1.
216 3449 238 3467 6.
251 3441 336 3468 Passim
348 3449 481 3478 vagantes:
501 3446 569 3472 vnde
583 3445 688 3480 antiqui
702 3444 792 3477 Lyrici
805 3443 929 3471 dixerunt
943 3443 1057 3477 Flexipi-
1117 3445 1250 3479 plicabilis
1262 3445 1376 3480 viarum,
1446 3447 1655 3478 Incxtricabilis‚
1674 3448 1726 3474 vid.
1741 3449 1781 3475 hh.
1795 3459 1838 3475 vv.
1908 3449 2033 3476 Infandus
2064 3448 2153 3481 Valef,

0 3489 11 3508 m
33 3477 76 3505 des
89 3477 210 3504 hederas:
237 3476 307 3510 quod
319 3476 364 3504 hac
373 3485 451 3514 atque
462 3481 521 3508 illac
532 3487 668 3515 vagantur.
706 3480 820 3507 Seruius.
890 3480 992 3511 Homo,
1009 3478 1056 3513 qui
1117 3481 1216 3521 Argon.
1224 3488 1247 3513 5,
1262 3489 1320 3515 574.
1416 3482 1546 3516 Quineiil.
1557 3491 1578 3515 3,
1591 3485 1608 3509 6
1638 3483 1700 3510 Inde
1714 3492 1778 3510 vero
1792 3484 1881 3518 ingens
1893 3484 1960 3511 male
1980 3485 2154 3521 interpretan-

0 3522 23 3551 ιτ]
33 3512 127 3540 erranti
140 3511 252 3551 comiter
265 3511 389 3539 monstrat
401 3515 470 3542 viam
488 3517 551 3545 Enn.
563 3516 630 3552 apud
643 3515 697 3543 Cic.
712 3514 787 3542 Offic.
803 3524 812 3541 1
833 3524 854 3542 c.
868 3517 903 3541 16.
954 3516 1056 3541 Locum
1117 3516 1187 3542 tibus
1200 3522 1305 3543 innatus
1319 3517 1354 3543 est
1368 3526 1452 3545 error.
1523 3518 1741 3550 Inobseruabilis,
1766 3519 1817 3545 vid.
1830 3520 1854 3545 b.
1868 3529 1893 3546 υ.
1962 3521 2154 3551 Irreuocandus

34 3554 116 3576 tutum
130 3553 228 3575 erranti
244 3546 305 3574 dare
327 3547 406 3588 Ouid.
420 3558 455 3589 ‘ex
467 3552 549 3579 Ponto
562 3563 590 3586 4,
606 3561 644 3585 14,
658 3559 708 3585 517.
804 3550 917 3577 Lumina
937 3551 1054 3585 Propert.
1070 3558 1102 3584 95
1119 3551 1212 3577 Claud.
1231 3552 1262 3578 de
1276 3553 1303 3578 B.
1318 3553 1375 3578 Get.
1391 3561 1439 3585 123.
1528 3555 1602 3588 Virg.
1616 3554 1666 3580 Ecl.
1683 3559 1710 3585 8,
1725 3562 1755 3586 41
1780 3555 1815 3580 Vt
1828 3554 1900 3588 vidi,
1921 3561 1950 3582 vt
1964 3557 2048 3591 perii,
2069 3566 2097 3586 vt
2109 3569 2153 3588 me

0 3588 12 3615 [j.
35 3591 56 3617 3,
67 3591 106 3616 14,
117 3591 158 3618 27.
260 3583 335 3609 Luna
353 3583 446 3617 Virgil.
459 3587 521 3614 Aen.
535 3596 560 3620 1,
572 3590 634 3622 746.
670 3586 756 3620 Qiia,
773 3588 855 3621 inquit
867 3586 987 3618 Seruius,
1006 3586 1055 3610 έλι-
1120 3587 1206 3612 Malus
1223 3587 1328 3614 abstulit
1348 3597 1431 3615 error.
1487 3589 1615 3616 Definitio
1635 3589 1671 3614 est
1690 3589 1806 3621 amoris,
1835 3593 1919 3631 inquit
1938 3592 2060 3627 Seruius,
2080 3595 2153 3623 Nam

0 3628 19 3654 tt„
35 3617 125 3653 σιοεδὴς,
146 3619 165 3645 1.
178 3627 200 3645 6.
216 3617 336 3652 Obliquo
349 3618 445 3645 incedit
457 3623 540 3654 cursu,
556 3632 609 3649 non
622 3622 705 3653 retiio,
722 3628 751 3647 vt
763 3622 811 3654 sol,
829 3621 927 3648 scilicet
943 3630 975 3647 ne
991 3621 1056 3647 inci·
1117 3630 1192 3648 amor
1204 3631 1292 3649 errare
1305 3623 1462 3659 plerumque
1476 3625 1618 3659 compellit.
1688 3624 1815 3651 Profanus
1826 3626 1909 3653 ammi
1931 3627 2024 3656 Claud.
2039 3630 2067 3657 in
2082 3631 2153 3658 Ruff.

0 3659 21 3691 1¹75
36 3652 76 3681 dat
87 3653 116 3681 in
126 3660 244 3681 centrum
258 3660 358 3685 terrae,
378 3659 404 3680 et
420 3654 569 3689 frequenter
581 3659 694 3692 patiatur
714 3657 836 3691 eclipsim.
890 3656 999 3683 Vicinus
1019 3656 1055 3682 est
1118 3665 1138 3688 1,
1157 3665 1197 3691 75.
1269 3658 1339 3685 Sacri
1351 3665 1440 3687 vatum
1461 3660 1543 3693 Sil.8‚
1578 3678 1585 3685 .
1622 3676 1629 3684 .
1699 3659 1815 3694 Simplex
1840 3658 2001 3696 Quin&il.5,
2014 3669 2037 3695 8.
2094 3667 2153 3693 Te-

0 3701 13 3721 a,
37 3688 113 3716 enim*
125 3690 178 3716 eius
197 3690 308 3716 circulus
327 3696 420 3716 terrae.
510 3692 608 3725 Opinio
632 3694 687 3720 Cic.
703 3693 734 3719 de
747 3693 805 3719 Fin.
825 3702 852 3723 2,
872 3700 910 3726 71.
981 3691 1054 3718 Idem
1116 3692 1244 3719 merarius
1269 3694 1470 3727 Ouid.Met.12,
1483 3703 1521 3727 59.
1614 3693 1670 3719 Cic·
1684 3692 1717 3720 de
1731 3695 1766 3721 N·
1776 3696 1807 3722 D·
1820 3705 1845 3727 2,
1859 3707 1889 3723 70
1920 3699 1995 3732 Quae
2006 3708 2048 3726 res
2061 3703 2152 3735 genuit

0 3730 10 3756 i·
38 3722 68 3750 de
84 3724 176 3751 Natur.
195 3725 274 3752 Deor.
291 3734 325 3756 2,
345 3733 358 3750 2
395 3725 435 3751 De
453 3723 503 3751 diis
520 3725 713 3755 immortalibus
733 3727 830 3754 habere
849 3736 903 3753 non
922 3733 1053 3753 errantem
1061 3740 1108 3758 100
1116 3727 1189 3754 falsas
1201 3728 1341 3762 opiniones
1354 3739 1508 3764 erroresque
1521 3728 1703 3761 turbulentos,
1727 3736 1753 3757 et
1767 3732 1961 3766 superstitiones
1967 3744 2048 3769 paene
2060 3737 2151 3763 aniles.

0 3768 15 3792 ί).
39 3763 179 3798 ειν-6511111,
203 3766 233 3787 vt
252 3759 424 3792 Academici,
448 3759 491 3786 sed
510 3766 539 3786 vt
557 3762 661 3795 nostri,
686 3763 806 3790 stabilem
823 3768 973 3798 certamque
992 3763 1054 3790 Sen—
1116 3764 1203 3790 Vanus
1230 3765 1290 3792 Stat.
1300 3765 1389 3792 Theb.
1400 3774 1433 3797 12,
1448 3771 1501 3797 582.
1654 3762 1676 3801 ff
1698 3774 1709 3797 3
1753 3767 1831 3796 Verba
1843 3774 1855 3794 .·
1887 3769 2023 3797 Adiuuare
2041 3771 2151 3798 alterius

0 3809 9 3828 tt
39 3796 148 3832 tentiam.
250 3796 340 3823 Sidera
358 3796 489 3827 errantia,
521 3803 630 3822 errantes
639 3796 723 3829 stellae
744 3799 810 3825 Plin.
834 3807 849 3824 2
861 3818 869 3831 ,
893 3801 917 3824 6.
1023 3800 1053 3824 Et
1115 3807 1249 3831 errorem,
1276 3799 1386 3827 Afficere
1399 3800 1493 3827 mentis
1506 3807 1613 3833 errore,
1632 3800 1685 3827 vid.
1701 3801 1792 3829 khan,
1864 3804 2013 3832 Attributus
2027 3805 2063 3831 est
2074 3815 2151 3833 error

0 3844 7 3863 :t
32 3827 247 3872 'thvTui'culam
270 3840 297 3864 1,
319 3833 362 3859 62.
464 3831 584 3858 Turmae
616 3838 728 3859 errantes
760 3833 820 3868 sine¹
844 3833 960 3868 praeside
989 3834 1051 3862 Stat.
1115 3835 1174 3861 suus
1187 3836 1283 3869 cuique
1309 3836 1447 3867 Catul.2o,
1462 3843 1503 3861 20.
1575 3835 1704 3868 Auferre,
1722 3837 1803 3864 Ouid.
1818 3839 1883 3866 Fast.
1899 3846 1920 3872 5,
1936 3843 1982 3871 362
2014 3842 2101 3873 Qtutn
2115 3842 2150 3867 sie

0 3880 7 3897 ς
32 3861 122 3890 Theb.
139 3873 180 3898 10,
198 3874 232 3892 12.
1113 3878 1215 3896 errores
1235 3870 1341 3897 abstulit
1360 3871 1404 3896 illa
1423 3879 1503 3896 meos.
1578 3871 1633 3898 Cic.
1645 3871 1756 3907 Philipp.
1765 3882 1791 3899 12
1810 3893 1816 3900 .
1837 3894 1842 3901 .
1869 3874 1946 3901 Vnde
1959 3881 2044 3901 autem
2055 3876 2089 3901 est
2102 3876 2150 3903 ista

2 3921 3 3925 ,
34 3923 35 3938 ἶ
63 3903 244 3930 ERRANTI
255 3909 277 3931 A
281 3921 294 3936 ³
314 3910 353 3931 ae.
372 3902 394 3930 f.
427 3900 609 3939 [ὦλημσσύνη]
648 3901 722 3935 Idem
735 3902 806 3939 quod
819 3905 906 3934 Error.
953 3905 1052 3934 ,Accius
1059 3912 1104 3942 105
1112 3906 1241 3942 suspicio?
1263 3913 1305 3969 Ε611
1321 3906 1391 3940 pacis
1402 3905 1550 3941 patrocinio
1562 3907 1718 3944 repentino,
1740 3909 1813 3944 quod
1831 3909 1920 3938 subito
1932 3909 2040 3945 suscepit
2054 3911 2147 3937 eodem

34 3946 35 3952 =
1298 3949 1312 3967 e
1325 3949 1339 3968 e
1357 3948 1375 3968 a
2056 3952 2147 3982 captus
