2479 4225
672 177 711 218 V
794 176 832 218 X

175 276 257 301 minus
270 282 339 308 quam
347 271 409 308 sunt
424 277 546 308 magnae..
621 267 680 295 Liu.
695 276 721 300 2,
756 287 763 293 .
798 284 806 291 .

178 318 230 343 que
257 309 460 334 interemtorum
492 304 578 332 diuisa
607 304 722 331 fuerunt.
761 335 767 341 ι
793 299 866 335 Conf.
887 299 959 339 Idem
980 305 1020 332 28,
1041 308 1083 326 20.
1119 306 1143 326 et
1154 307 1175 332 ς,
1189 301 1215 325 6.

178 344 275 370 Literis
290 344 394 369 Graecis
407 348 484 377 atque
499 338 601 367 Latinis
612 339 683 366 iuxta
696 335 839 363 dofhffime
854 335 972 361 eruditus
997 335 1099 362 Sallust.
1113 336 1217 368 Iug.95.

177 379 258 406 Plaut.
272 379 360 405 Pseud.
375 387 401 411 4,
414 385 440 413 7,
454 380 485 403 62
506 377 546 402 An
558 376 637 401 nescis
651 381 715 407 quae
729 370 759 396 sit
773 370 835 397 haec
848 379 889 397 res
904 371 912 396 Ξ
942 378 965 397 s.
984 371 1058 397 iuxta
1071 379 1131 397 cum
1145 373 1217 404 igna-

179 414 289 441 rissimis.
309 417 327 439 i.
352 415 415 439 Tam
428 413 499 449 scio,
519 421 592 448 quam
616 411 658 444 qui
687 409 791 446 manime
822 409 949 441 ignorant.
1041 442 1046 446 ι

179 450 308 477 Haeccine
323 449 369 475 illa
383 448 418 474 est
431 448 533 475 furtiua
547 446 622 478 virgo
637 445 645 469 3
683 448 713 468 T.
727 447 801 467 iuxta
817 447 905 467 tecum
919 450 1000 475 aeque
1014 443 1075 468 scio.
1146 441 1216 480 Adii.

178 485 219 512 Id.
234 485 312 511 Plaut.
326 485 385 510 Aul.
401 493 430 517 4,
443 491 470 518 7.
511 488 534 508 et
547 480 628 505 Trin.
643 486 661 508 1,
673 486 696 508 2,
713 479 767 503 160.
823 477 897 503 Non.
910 486 939 509 4,
949 485 1002 509 233.
1074 476 1173 502 Sallust.
1189 485 1218 502 in

178 520 256 546 Catil.
271 529 292 545 c.
306 526 333 552 58
352 520 431 546 Nunc
444 526 508 545 vero
521 523 575 549 quo
587 514 615 540 in
630 513 690 539 loco
702 521 743 539 res
762 512 823 538 sitae
837 513 911 546 sunt,
930 513 1002 538 iuxta
1015 520 1217 538 mecumomnes

568 558 581 582 3
617 550 692 576 quta
704 551 731 573 in
743 547 852 574 citandis
864 546 1073 580 auetoritatibus,
1092 555 1130 577 vt,
1144 548 1218 574 iuxta

175 198 257 236 1271
571 178 591 219 Ῑ

843 263 998 291 Absentium
1010 262 1081 290 bona
1093 261 1167 290 iuxta
1180 267 1217 290 at-

178 555 334 589 intelligitis.

178 591 292 617 Plinium
305 600 311 616 :
345 589 457 623 Exempla
470 585 597 619 Nazarii,
616 584 728 610 Hieron.
750 583 834 609 Solini
847 583 963 619 congeffit
979 584 1066 610 Cellar.
1080 584 1137 610 Cur.
1150 582 1217 616 Post.
1237 595 1266 614 10
1286 583 1372 610 Orbes
1386 584 1487 611 Ixionis
1503 586 1620 622 Propert.
1634 597 1663 621 4,
1676 596 1715 620 12,
1728 596 1767 620 23.

171 633 201 662 p.
214 636 272 660 249.
341 624 405 652 Adii.
420 621 510 648 lustin.
526 630 545 652 i,
559 628 584 654 7,
601 628 619 647 ι.
675 627 765 662 .2,.12‚
779 627 811 649 15.
848 627 884 650 12,
897 627 919 650 3,
934 627 966 645 ιι.
1002 654 1009 659 ·
1075 654 1080 659 ν

212 668 279 688 lvx
288 667 367 686 TiM.
405 657 471 684 Adu.
508 655 616 690 [ἐγγύς]
651 653 783 691 Significat
796 655 882 690 Prope.
917 654 986 681 Suet.
999 663 1029 681 m
1040 653 1140 681 Tiber.
1154 663 1175 680 c.
1188 661 1215 686 33

177 694 370 731 Magistratibus
387 702 436 728 pro
457 691 606 718 Tribunali
625 689 840 724 cognoscentibus
859 689 1015 724 plerumque
1037 691 1062 715 se
1087 689 1216 716 offerebat

176 730 373 759 contiliariumt
407 727 579 761 assidebatque
599 726 695 752 iuxtim
715 726 757 751 vel
776 734 807 750 ex
828 725 937 751 aduerso
956 725 985 751 in
1005 732 1078 766 parte
1090 725 1216 759 primori.
1245 744 1249 748 .

174 766 405 829 ἓξᾶ-Γιιειξέᾱῗῖιῗθό·
430 797 461 825 Et
480 807 508 824 ex
528 798 607 824 Liuio
620 797 699 823 Poeta
708 816 716 828 ‚
735 797 767 823 In
780 795 850 823 sedes
863 796 974 822 collocat
988 796 1116 831 seregias,
1128 796 1215 828 Clyte—

174 836 284 864 mnestra
298 834 409 866 iuxtim,
430 834 519 860 tertias
532 838 605 859 natae
618 837 754 867 occupant.
794 832 882 860 Veitur
895 838 919 858 et
932 831 1012 867 Apul.
1024 832 1088 861 Met.
1100 841 1117 859 2
1123 841 1148 867 p.
1158 841 1215 866 120,

173 881 207 905 31.
242 877 264 898 et
276 869 374 898 Florid.
393 878 426 896 22
438 870 457 896 s.
470 878 496 904 p.
508 871 565 902 364,
578 876 615 904 17.

422 942 595 975 IXI
782 939 964 971 lxo

208 1021 219 1040 1
230 1020 250 1041 x
260 1020 318 1046 1A,
344 1021 383 1039 ae.
421 1012 442 1038 f.
479 1012 560 1038 Genus
573 1009 668 1038 herbae.
702 1009 769 1036 Plin.
783 1017 826 1041 22,
841 1013 866 1038 18
890 1008 1113 1038 Chamaeleonem
1132 1010 1217 1047 aliqui

171 1050 254 1079 ixiani
265 1055 368 1076 vocant.
410 1047 468 1075 Vid.
483 1047 572 1074 ibidem
584 1049 713 1080 utriusque
725 1047 833 1072 nominis
846 1047 976 1073 rationem.

207 1092 245 1113 ix
254 1091 264 1110 i
272 1091 294 1112 N
304 1091 323 1112 o
332 1091 345 1111 s
365 1083 452 1118 agrios
469 1082 544 1113 bcrba
555 1089 596 1118 ap.
607 1081 685 1117 Apul.
701 1080 733 1107 de
745 1079 830 1108 Herb.
843 1089 864 1107 c.
878 1085 913 1112 81.

673 949 708 972 εἴ

1020 405 1089 432 Ibid.
1106 416 1134 441 4,
1148 414 1170 438 3,
1185 412 1217 439 73
1246 414 1260 437 5
1291 408 1346 436 286.

475 763 629 796 Non.2‚4;1
647 771 676 788 ex
690 761 811 793 Sisenna,
832 761 930 786 qutini
943 760 1101 788 Numicium
1116 761 1216 787 flumen
1238 767 1264 794 ις
1282 761 1371 788 thous.

1674 177 1691 217 1
1776 175 1815 217 Y
1900 177 1946 220 N
2246 193 2331 234 1272

1307 269 1360 304 ix
1370 263 1384 290 ι’
1393 270 1414 292 o
1426 270 1450 291 Ν
1459 285 1469 300 ,
1487 265 1557 293 buis.
1571 275 1608 294 m.
1645 266 1753 302 [Ἰξίων]
1790 267 1847 295 Rex
1859 268 2021 302 Thess‘aliae,
2041 277 2056 296 a
2068 269 2133 297 Ioue
2146 269 2257 300 deorum
2271 262 2334 300 con-¹

1285 307 1364 341 vuno
1377 299 1528 341 adhibitus,
1549 308 1659 329 amatam
1674 303 1804 330 Iunonem
1817 304 1849 330 de
1863 305 1952 340 stupro
1965 305 2153 339 interpellauit.
2187 321 2193 327 ι
2208 309 2256 334 Illa
2270 317 2334 334 con-

1288 333 1349 361 fessa
1369 335 1432 374 ¹Ioui
1454 337 1505 370 est,
1522 344 1547 365 et
1569 339 1625 365 eius
1643 338 1780 365 voluntate
1799 340 1896 366 nubem
1919 341 1947 366 in
1966 341 2038 367 suam
2053 342 2166 368 formam
2178 345 2333 371 conuersam

1289 370 1403 402 obtulit,
1419 371 1488 398 vnde
1506 374 1629 400 feruntur
1648 374 1703 400 nati
1715 375 1763 400 effe
1777 376 1914 402 Centauri.
1985 377 2054 403 Haec
2066 377 2172 404 Seruius
2185 378 2218 405 ad
2229 380 2293 405 Aen.
2305 381 2334 412 6,

1383 440 1389 447 ⁸
1417 407 1447 433 Id
1461 408 1533 436 Seru.
1549 409 1582 436 ad
1595 411 1658 436 Aen.
1674 416 1697 441 8,
1706 418 1748 442 ²93
1769 410 1811 436 vbi
1823 411 1983 446 Nubigenae
1995 412 2113 439 centauri
2127 412 2255 446 dicuntur,
2275 414 2337 441 Pin-

1290 441 1368 468 darus
1381 443 1468 476 ipsum
1480 445 1636 479 (Ixionem)
1652 454 1711 471 cum
1726 454 1808 479 equos
1822 447 1951 480 pasceret,
1973 447 2102 474 incestasse
2117 456 2176 481 eas,
2197 449 2258 475 inde
2266 450 2335 476 Cen-

1288 482 1380 504 tauros
1393 484 1483 511 natos,
1507 480 1580 508 dicit.
1652 480 1734 508 Ouid.
1750 482 1815 508 Met.
1828 491 1857 515 4,
1869 485 1924 516 460
1939 482 2066 509 Voluitur
2079 483 2157 510 Ixion
2177 484 2267 517 (rotae
2279 485 2334 511 alli·

1286 519 1362 548 gatus
1404 519 1430 540 et
1448 514 1473 540 se
1491 515 1660 550 sequiturque
1679 517 1810 551 fugitque.
1919 517 2011 544 Audax
2033 518 2116 545 Ouid.
2139 519 2202 545 Met.
2219 528 2260 551 12,
2278 528 2334 547 210.

1287 547 1353 575 Perfi
1375 558 1404 575 us
1422 549 1491 576 Hor.
1503 550 1535 576 de
1546 552 1609 579 Arte
1622 553 1693 578 Poe't.
1710 561 1765 585 124.
1873 552 1979 580 Tortus
1995 559 2052 580 rota
2071 554 2146 588 Virg.
2161 555 2258 589 Georg.
2267 563 2290 587 3,
2298 560 2336 587 38.

1853 588 1942 615 Proles
1962 589 2065 616 Ixionis
2078 589 2214 616 Pirithous
2250 590 2333 619 Ouid.

1284 620 1349 646 Met.
1364 624 1387 651 8,
1401 622 1459 652 566.
1523 641 1525 643 .

1283 690 1308 716 G
1323 662 1359 681 ix
1372 661 1380 681 1
1393 662 1412 681 o
1423 653 1541 691 Niivs,
1572 655 1603 692 a,
1633 666 1689 684 um.
1719 658 1782 685 Adi.
1817 658 1969 693 [Ἲξιῶνειος]
2005 659 2086 686 Orbis
2104 660 2232 687 Ixioneus
2258 660 2334 696 Virg-

1310 698 1382 725 eorg.
1396 700 1426 724 4,
1440 696 1503 724 484-

1320 732 1330 751 1
1343 732 1361 752 x
1373 733 1382 751 1
1393 733 1414 753 ο
1426 733 1448 752 Ν
1459 724 1471 753 i
1481 734 1499 753 D
1509 734 1526 754 E
1536 733 1561 761 S,
1580 738 1618 756 ae.
1637 739 1674 756 m.
1709 729 1722 763 [
1729 727 1879 764 Ἴξιωνείδης]
1917 731 1997 757 Filius
2011 731 2124 763 Ixionis,
2140 734 2183 766 qui
2189 731 2250 767 fuit
2268 731 2335 759 Piri-

1315 797 1321 802 ·
1386 797 1391 802 ι
1426 762 1544 797 Propert.
1561 773 1586 797 2,
1600 770 1657 796 1‚38
1688 765 1811 792 Theseus
1825 766 1956 799 infernis,
1975 766 2074 801 superis
2086 767 2194 794 testatur
2207 767 2336 801 Achilles,

1285 797 1337 823 Hic
1352 797 1502 829 Ixioniden,
1510 799 1557 826 ille
1568 800 1764 828 Menoetiaden.

1320 840 1357 859 ix
1366 840 1385 859 ο
1394 840 1424 866 s,
1441 834 1460 861 i.
1492 843 1529 861 m.
1569 836 1668 873 Viscum
1697 836 1812 873 Diofior.
1829 845 1863 870 3,
1890 845 1939 869 103.
1974 840 2006 865 it.
2036 846 2114 875 genus
2143 841 2201 866 auis
2228 838 2335 873 Vulgat.

1282 868 1360 895 Deut.
1375 877 1419 903 14,
1433 877 1467 902 ¹3·
1778 909 1805 941 Y
1918 910 1950 943 N

1404 912 1412 920 '
1649 911 1664 942 1

1321 982 1331 1003 1
1343 983 1364 1003 Y
1376 984 1398 1003 N
1407 977 1540 1012 x‚iyngis.
1560 979 1581 1005 f.
1616 979 1630 1014 [
1637 980 1709 1015 ἰίιγξ]
1745 980 1819 1011 Auis,
1826 988 1887 1015 quae
1898 979 2006 1007 Vertilla
2016 989 2033 1006 a
2045 981 2103 1007 colli
2115 980 2219 1017 verfitra
2231 987 2336 1009 vocatur·

1284 1011 1394 1046 Aristar.
1412 1015 1525 1040 Animal.
1544 1024 1569 1048 2,
1589 1024 1624 1043 12.
1696 1015 1767 1050 Quid
1786 1016 1878 1049 Iynges
1890 1014 1946 1049 fint
1959 1019 1985 1042 in
2008 1016 2166 1052 Philosophia
2181 1019 2297 1044 orientali
2310 1023 2336 1044 et

1284 1051 1399 1085 magica,
1419 1048 1530 1084 disputat
1546 1051 1698 1087 Harenberg.
1712 1055 1740 1078 in
1753 1052 1829 1088 Mifiu
1843 1052 1913 1088 Lips.
1927 1061 1982 1079 nou.
2000 1061 2026 1085 3,
2036 1060 2090 1089 31).
2105 1053 2205 1090 40414·
2239 1051 2282 1090 Est
2294 1061 2339 1080 rest

1236 1089 1266 1114 24
1286 1085 1389 1112 Graecis
1401 1085 1471 1111 modo
1483 1086 1567 1113 literis
1584 1086 1705 1115 trastata.

1200 1383 1273 1446 K.

559 1556 692 1599 Litera
743 1558 791 1599 K.

700 1610 737 1641 ‘it

327 1656 428 1687 Litera,
447 1654 574 1682 Faucibus
587 1655 728 1691 palatoque
745 1654 879 1682 formatur
898 1656 977 1685 Mart.
990 1658 1096 1694 Capella
1110 1668 1122 1693 3
1136 1669 1160 1696 p.
1176 1664 1215 1694 58.

345 1691 435 1717 K'Ari
443 1692 467 1716 Π
477 1693 499 1716 A
519 1692 676 1722 Graecorum,
695 1690 730 1716 ad
742 1700 802 1726 quos
810 1695 914 1726 proprie
920 1698 1043 1729 pertinet.

346 1726 381 1752 ad
397 1727 503 1752 Latinos
520 1725 667 1759 transterit,
693 1734 742 1752 non
762 1731 898 1753 conuenit:
932 1729 1034 1761 credas,
1054 1739 1153 1758 eatenus
1165 1743 1214 1759 mo-

345 1761 376 1787 do
385 1780 393 1793 ‚
413 1767 443 1787 vt
461 1761 578 1787 haberent
593 1761 679 1787 ludum
696 1767 720 1787 et
731 1761 843 1797 mifirias
856 1765 883 1788 in
897 1762 940 1789 illa
954 1765 1127 1793 Grammatici.
1168 1770 1212 1794 1⁷1¹-

344 1795 442 1822 deamus
454 1795 586 1830 quaedam,
604 1805 653 1821 non
667 1799 758 1822 omnia.
796 1797 928 1829 Quinem.
944 1807 963 1830 1,
976 1809 1004 1833 4,
1021 1809 1044 1826 12
1063 1803 1214 1829 Grammati„

164 1844 205 1861 cos
217 1835 273 1861 vult
284 1841 414 1869 quaerere,
435 1839 467 1857 an
481 1829 608 1865 quaedam
621 1830 715 1856 literae
727 1830 890 1863 redundent,
911 1839 939 1859 vt
952 1835 989 1866 K,
1008 1844 1075 1869 quae
1096 1847 1214 1872 quorun-

165 1870 225 1896 dam
239 1866 378 1896 noniiilum
391 1873 452 1893 nota
467 1867 510 1892 est.

164 1911 211 1937 to,
227 1905 274 1931 nifi
292 1912 359 1939 quae
373 1902 500 1937 fignificat
512 1901 609 1933 etiam,
627 1906 655 1927 vt
670 1900 723 1927 sola
736 1907 857 1935 ponatur.
930 1904 1001 1939 Quae
1012 1906 1215 1943 verosig›1ificct‚

163 1950 220 1967 mox
231 1939 368 1974 apparebit.
408 1939 462 1965 Iam
476 1938 657 1964 Grammaticos
670 1936 756 1963 audire
766 1943 906 1973 pergamus.
961 1940 1083 1967 Diomed.
1098 1950 1113 1968 2
1127 1951 1151 1976 p.
1166 1952 1215 1976 419

162 1975 225 2003 med.
246 1976 267 2001 K
288 1974 442 2000 Consonans
454 1979 541 2004 muta,
560 1974 736 2006 superuacua,
757 1981 808 2006 qua
827 1973 944 2009 vtimui·‚
963 1975 1070 2010 quando
1090 1979 1112 2003 A
1127 1987 1214 2005 corre.

165 2017 209 2046 pta
227 2010 362 2044 sequitur,
381 2013 410 2034 vt
431 2005 578 2038 Kalendae,
602 2008 702 2042 Kaput‚
727 2008 893 2035 Kalumniae.
965 2012 1090 2039 Μῡιῄίωι
1119 2015 1181 2048 ΟΨ.
1200 2023 1213 2046 3

2171 1344 2188 1355 .,
2200 1334 2202 1336 .

1720 1561 1993 1625 KoPx

1279 1660 1370 1698 refert.
1454 1661 1478 1689 K
1500 1661 1607 1689 literam
1631 1660 1766 1688 Sallustius
1786 1660 1969 1695 ludimagister
1992 1660 2080 1695 postea
2101 1659 2205 1688 Latinis
2225 1659 2332 1688 adiecit.

1088 1697 1216 1732 Quatenus
1233 1702 1261 1727 39
1278 1700 1316 1724 De
1335 1699 1409 1725 huius
1424 1701 1479 1726 viri
1495 1705 1591 1730 aetate,
1610 1704 1634 1724 et
1654 1707 1686 1724 an
1706 1699 1757 1724 alia
1771 1698 1841 1723 illius
1853 1700 1946 1724 notitia
1952 1696 2060 1732 superfit
2070 1715 2078 1728 ,
2097 1699 2147 1723 iam
2160 1705 2274 1732 quaerere
2286 1705 2337 1723 non

1278 1741 1362 1760 vacat.
1561 1732 1581 1770 Ἴ
1607 1742 1620 1760 2
1656 1735 1694 1760 De
1709 1734 1734 1760 K
1745 1735 1773 1759 in
1786 1736 1854 1759 notis
1861 1736 1960 1767 partim
1972 1736 2022 1759 iam
2040 1734 2201 1759 recitauimus
2214 1731 2334 1767 Qinfli-

1279 1771 1345 1796 liani
1357 1775 1382 1795 et
1394 1770 1499 1795 aliorum
1513 1769 1702 1805 obstruationes.
1757 1768 1802 1795 Ad
1820 1769 1845 1795 K
1855 1767 1957 1802 allufiſje
1971 1769 2129 1795 Ciceronem
2142 1769 2255 1794 nonnulli
2267 1774 2337 1793 autu-

1280 1810 1381 1830 marmzt
1401 1813 1450 1837 pro
1467 1805 1535 1830 Sext.
1555 1804 1652 1831 Roscio
1667 1804 1796 1838 Amerino
1811 1812 1843 1838 57
1858 1813 1880 1831 c.
1895 1813 1930 1830 20
1946 1804 1973 1830 Si
1989 1812 2039 1839 ego
2054 1804 2118 1836 hos,
2138 1803 2248 1835 iudices,
2267 1803 2336 1830 bene

1281 1839 1471 1869 noui‚literam
1486 1839 1572 1871 illam,
1580 1839 1623 1864 cui
1638 1848 1685 1865 vos
1699 1848 1781 1873 vsque
1793 1839 1940 1865 eoinimici
1953 1839 2029 1871 estis,
2047 1844 2076 1865 vt
2090 1839 2169 1866 etiam
2185 1847 2227 1865 eas
2244 1847 2347 1865 omnes·

580 1867 612 1892 E!
628 1874 648 1900 1,
661 1873 688 1900 7»
701 1874 730 1891 ¹0
749 1865 771 1891 K
785 1866 812 1891 in
827 1867 906 1892 nullis
920 1869 1010 1895 verbis
1027 1873 1154 1898 Vtendum
1169 1883 1214 1907 pu-
1228 1878 1265 1904 40
1281 1874 1407 1908 oderitis,
1427 1875 1464 1900 ita
1483 1874 1654 1901 vehementer
1671 1873 1704 1901 ad
1723 1879 1800 1908 caput
1817 1872 1938 1907 affigent,
1955 1880 1985 1900 vt
2005 1875 2094 1907 postca
2113 1875 2264 1906 neminem,
2284 1873 2334 1900 nisi

1282 1910 1402 1935 fortunas
1425 1908 1523 1934 vestras
1543 1910 1663 1935 accusare
1682 1909 1789 1942 poffitis.
1862 1909 1961 1935 Clarum
1985 1908 2018 1941 est
2034 1909 2062 1934 de
2071 1908 2338 1944 stigmateftrmoncm

1282 1942 1340 1976 effe,
1361 1943 1426 1979 quod
1442 1945 1515 1969 etiam
1533 1943 1631 1969 indicat
1649 1943 1714 1968 Plin.
1729 1943 1789 1969 Pan.
1805 1950 1842 1975 35,
1855 1951 1867 1974 3
1893 1943 1989 1977 Neque
2005 1948 2033 1969 vt
2047 1949 2121 1969 antea
2136 1945 2291 1976 exsanguem
2304 1944 2339 1970 il.

1283 1980 1337 2006 lam
1365 1984 1391 2006 et
1413 1978 1527 2005 ferream
1544 1978 1661 2004 frontem
1684 1987 1732 2004 nec
1757 1977 1903 2012 quidquam
1926 1977 2169 2004 conuulnerandam
2192 1978 2337 2013 praebeant

1283 2014 1403 2049 punffls,
1418 2020 1443 2041 et
1457 2020 1531 2040 notas
1545 2015 1601 2040 suas
1615 2013 1728 2041 rideant.
1802 2014 1856 2040 Nec
1868 2013 2027 2048 improbabile
2039 2012 2088 2046 cst,
2105 2023 2155 2040 eam
2167 2021 2249 2040 notam
2256 2013 2340 2050 smffii

165 2057 191 2082 p.
205 2053 237 2080 57
256 2046 277 2072 K
291 2053 359 2071 nune
372 2048 435 2069 nota
447 2047 554 2076 putatur
567 2041 631 2073 effe,
651 2049 720 2066 nunc
735 2044 812 2070 litera
825 2055 830 2070 :
867 2054 927 2072 nam
940 2046 995 2072 eius
1010 2047 1117 2075 effeetus
1140 2050 1161 2076 C
1175 2049 1214 2082 'ui-
1239 2060 1268 2084 45
1283 2051 1304 2077 C
1315 2051 1356 2077 vel
1374 2052 1399 2077 K
1410 2051 1552 2076 Calumniac
1565 2049 1669 2076 indicem
1683 2060 1689 2076 ε
1724 2055 1846 2076 caeterum
1853 2050 1985 2084 probatum
1999 2049 2084 2075 idoneo
2097 2047 2213 2081 αιιὲῗονε,
2232 2053 2251 2076 i.
2271 2053 2340 2076 anti-

164 2089 269 2116 tegrare
281 2089 335 2107 non
349 2078 460 2105 dubium
475 2076 525 2108 est,
544 2075 642 2110 absque
657 2074 698 2101 his
710 2075 805 2110 Kapite
820 2080 876 2116 (af.
890 2081 995 2114 Kapua)
1011 2083 1139 2110 Kalendae
1149 2105 1156 2116 '
1167 2086 1215 2111 Ka-

164 2117 290 2144 lumniae.
359 2114 483 2141 Priscian.
499 2120 509 2137 1
523 2121 550 2151 p.
563 2119 609 2144 543
627 2110 656 2150 K·
670 2116 696 2136 et
715 2111 881 2145 Qquamms
902 2112 985 2147 figura
1000 2124 1025 2141 et
1045 2120 1154 2144 nomine
1171 2120 1213 2145 vi,

165 2154 276 2180 deantur
289 2151 405 2185 aliquam
416 2148 513 2176 habere
526 2147 703 2186 differentiam
716 2154 776 2172 cum
789 2147 824 2177 C,
843 2153 931 2173 tamen
944 2149 1053 2176 eandem
1067 2157 1119 2177 tam
1134 2154 1161 2177 in
1176 2156 1215 2178 so-

164 2198 200 2215 no
213 2196 320 2219 vocum,
335 2194 414 2220 quam
429 2185 457 2211 in
469 2189 554 2210 metro
567 2186 703 2208 continent
717 2181 871 2214 potestatem
887 2193 893 2209 ι
929 2188 954 2208 et
968 2184 990 2209 Κ
1004 2185 1113 2217 quidem
1127 2187 1215 2219 super-

164 2233 246 2252 vacua
267 2223 303 2249 est
323 2221 448 2256 penitus:
482 2218 553 2244 nulla
574 2217 645 2244 enim
663 2216 735 2244 ratio
754 2216 877 2249 videtur,
896 2226 957 2248 cur,
979 2219 1001 2244 A
1025 2220 1165 2253 sequente,
1191 2221 1214 2246 K
1242 2227 1274 2248 50
1284 2222 1366 2252 Casa,
1390 2222 1565 2253 Candidatus,
1584 2227 1733 2259 calendae,
1751 2227 1857 2259 Cardo,
1880 2226 2030 2258 Cal-imma,
2049 2227 2148 2254 Castra,

163 2259 243 2287 scribi
257 2258 358 2285 debeat.
396 2254 528 2288 Carthago
542 2254 613 2280 enim
627 2257 653 2279 et
664 2253 749 2286 Caput
765 2252 817 2278 siue
831 2261 876 2286 per
889 2254 910 2279 C
923 2253 976 2280 siue
990 2263 1038 2288 per
1060 2255 1080 2280 K
1100 2254 1216 2282 scriban-

162 2301 224 2328 tur,
244 2294 344 2320 nullam
357 2291 471 2324 faciunt,
478 2298 525 2316 nec
539 2289 568 2315 in
583 2289 662 2319 sono,
679 2296 726 2314 nec
740 2288 768 2313 in
783 2288 909 2323 potestate
923 2289 1043 2316 eiusdem
1062 2290 1215 2317 Consonan-

162 2332 196 2358 tis
220 2329 403 2357 differentiam.
477 2326 574 2353 Similia
592 2331 620 2359 p.
641 2327 688 2358 560
708 2323 769 2349 med.
843 2324 902 2352 Val.
921 2324 998 2352 Prob.
1021 2335 1044 2360 p.
1065 2328 1128 2359 1486
1147 2333 1212 2352 extr.

165 2368 188 2394 K
202 2366 278 2393 litera
290 2373 344 2391 non
358 2362 491 2393 scribitur,
499 2360 548 2386 nisi
556 2361 585 2386 in
599 2359 738 2395 principii·
752 2359 901 2391 nominum,
921 2367 982 2387 ante
996 2361 1017 2386 A
1032 2361 1136 2387 literani
1171 2376 1218 2382 —

162 2403 310 2433 Kainenae,
330 2399 425 2429 Kalm,
442 2398 536 2424 Kareo.
907 2430 912 2434 ¹

163 2444 254 2465 notam
274 2436 365 2462 dicunt
383 2434 431 2460 esse
452 2432 535 2466 inagis
548 2440 627 2465 quam
641 2430 763 2462 literam,
783 2438 835 2464 qua
850 2430 1023 2464 significamus
1038 2433 1216 2465 Kalumniam,

163 2475 265 2508 Kaput,
283 2470 424 2500 Kalendas,
445 2468 493 2494 hae
514 2467 604 2493 eadem
620 2474 719 2492 nonien
731 2466 797 2492 Kato
810 2471 926 2493 notatur.
1034 2469 1146 2494 Etmox:
1181 2469 1216 2495 At

162 2510 211 2544 qui
226 2508 300 2535 illam
314 2507 362 2533 effe
377 2505 480 2532 literam
492 2502 637 2534 deliniunt,
655 2501 821 2528 necessariam
835 2507 953 2536 putantes
973 2502 1019 2538 (f.
1036 2507 1148 2538 putant)
1167 2512 1215 2529 no-

164 2544 300 2575 minibus,
323 2549 390 2576 quae
402 2549 461 2566 cum
477 2540 498 2565 A
514 2539 619 2564 sonante
633 2537 698 2563 hanc
712 2537 817 2563 literam
839 2536 973 2564 inchoant.
1045 2539 1120 2566 Vnde
1133 2539 1215 2566 etiam

162 2581 214 2608 reli
235 2579 281 2606 iofi
295 2577 402 2613 quidam
416 2574 533 2609 epistolis
548 2573 713 2599 subscribunt
728 2572 879 2605 Karissiuxe,
899 2582 946 2607 per
959 2573 981 2600 K
999 2578 1025 2599 et
1039 2575 1070 2600 A.

163 2616 183 2644 fi
195 2626 209 2643 a
229 2624 261 2642 eo
274 2612 427 2640 necelsariae
441 2609 567 2636 videntur
576 2628 583 2640 ,
601 2608 747 2635 verendum
761 2608 812 2640 est,
831 2617 864 2634 ne
878 2614 904 2634 et
916 2609 980 2635 alias
994 2609 1084 2637 literas
1097 2611 1215 2645 requira-

164 2661 236 2682 mus,
256 2649 353 2685 quibus
373 2652 417 2674 aut
437 2646 521 2672 Cicero
534 2644 678 2676 scribatur,
699 2649 742 2670 aut
756 2644 907 2670 Commodus.
976 2645 1044 2672 Mar,
1059 2645 1216 2672 Vffimrifflffl

163 2697 190 2722 p.
203 2689 267 2720 2456
279 2683 335 2721 post
348 2682 410 2710 med.
430 2680 621 2709 Kadamitatem
636 2687 684 2714 pro
699 2679 882 2705 Kalamitatem
896 2679 1013 2716 quosdam
1026 2680 1150 2718 scrjpstffe
1167 2691 1215 2709 me-

163 2729 244 2752 morat
257 2727 304 2748 etc.
410 2716 570 2745 Terentian.
589 2716 698 2741 Maurus
715 2724 739 2749 p.
753 2723 823 2747 2400
823 2714 875 2749 fin.

359 2770 383 2796 i(
397 2768 517 2795 fimiliter
529 2766 614 2794 otiosa
627 2764 736 2792 caeteris
748 2764 913 2792 sermonibus
922 2785 931 2797 ‚

362 2805 445 2831 Tunc
460 2803 488 2829 in
502 2803 548 2829 vsu
561 2801 597 2828 est
611 2809 671 2827 cum
684 2799 811 2827 Kalendas
824 2807 980 2827 annotamus
990 2808 1035 2829 aut
1049 2803 1143 2838 Kaput.

360 2840 440 2875 Saepe
454 2838 582 2866 Kaesones
594 2836 721 2863 notabant
734 2835 782 2862 hac
802 2836 899 2863 vetusti
911 2837 998 2864 litera.

167 2900 297 2929 Ausonius
304 2898 399 2932 Eidyll.
414 2907 451 2931 12,
464 2906 503 2931 133
520 2897 593 2923 Haec
606 2895 691 2923 tribus
705 2894 734 2921 in
746 2895 825 2921 Latio
839 2900 939 2922 tantum
953 2896 1042 2924 addita
1049 2897 1215 2927 Nominibus

164 2937 231 3001 {rte
249 2972 332 2999 Grani.
352 2980 374 3003 l,
391 2980 420 3004 ¹7
448 2969 513 2995 vnde
527 2973 628 3003 petent,
647 2966 816 3028 qut'lsub'tilius
828 2965 875 3000 isia
888 2967 1015 3004 disputare
1027 2977 1121 2997 amant.
1159 2974 1215 2998 Nos

166 3008 229 3035 illud
241 3006 309 3033 modo
328 3005 452 3038 addimus,
472 3002 662 3039 antiquiffimum
675 3005 685 3028 i
704 3005 744 3028 ius·
755 3001 824 3038 vfiim
839 3003 904 3037 apud
917 3005 1039 3031 Romanos
1051 3015 1098 3031 non
1115 3007 1213 3034 videri..

165 3050 230 3070 certe
248 3052 295 3068 non
308 3048 430 3076 comparet
443 3043 470 3067 in
479 3043 576 3075 primae
591 3035 721 3072 vetustatis
732 3041 902 3066 monumentis.
972 3041 1003 3066 Et
1022 3041 1168 3069 Graecorum
1189 3044 1215 3070 K

166 3080 208 3105 vel
227 3081 255 3103 in
277 3078 297 3103 C
315 3079 431 3103 Latinum
453 3082 581 3108 mutatur,
597 3080 626 3101 vt
652 3076 679 3100 in
704 3072 800 3105 κύκνος,
827 3072 929 3107 κύκλος,
959 3075 1046 3107 κύβος,
1067 3085 1129 3112 quae
1148 3078 1212 3114 fimg

167 3122 261 3146 cycnus
270 3132 278 3145 ,
295 3112 379 3144 cyclus
388 3132 395 3144 ‚
415 3111 496 3137 cubus
512 3118 557 3137 etc.
575 3110 615 3137 vel
627 3112 655 3136 in
669 3110 699 3141 G,
713 3116 742 3135 vt
756 3108 875 3143 uvssipvoe'w
888 3110 1002 3145 guberno.

165 3152 194 3175 in
208 3147 410 3183 inscriptionibus
426 3147 496 3173 hodie
517 3144 685 3179 exstantibus,
706 3144 794 3177 Arka,
812 3144 944 3177 Euokati,
962 3146 1126 3180 Karissimus,
1147 3149 1211 3176 Vol.

166 3184 249 3211 kanus
262 3184 385 3217 etJimilia
395 3203 402 3215 ‚
422 3192 447 3208 ea
461 3183 587 3208 Graeculis
601 3180 717 3216 lapicidis
729 3181 804 3216 forte
824 3180 954 3212 debentur,
972 3189 995 3207 et
1010 3182 1110 3216 pqfficnt
1129 3185 1212 3212 videri

166 3223 194 3246 in
212 3219 297 3246 Indice
317 3219 482 3244 Grammatico
501 3218 621 3253 Scaligeri
634 3216 766 3252 Inscripti.
782 3217 893 3242 Grmeri.
964 3218 1033 3251 Quae
1049 3220 1156 3246 Nomina
1163 3227 1211 3256 per

167 3256 194 3282 K
207 3253 357 3289 firipfi'rint
380 3253 494 3288 quidam,
511 3253 665 3288 intelligetur
690 3255 764 3278 ctiam
787 3261 815 3277 ex
839 3254 920 3282 notis,
945 3260 1006 3286 quas
1028 3252 1114 3280 damus
1136 3266 1160 3281 n.
1188 3267 1211 3284 2,

605 2395 662 2422 Vel.
678 2395 760 2429 Long.
774 2403 799 2428 p.
814 2399 869 2424 ¹218
884 2395 946 2421 med.
967 2398 1023 2429 Qii
1037 2397 1058 2423 K
1071 2396 1215 2435 expellunt,
1236 2403 1264 2424 55
1284 2397 1387 2424 lendae.

1133 2574 1214 2608 Quod
1238 2575 1273 2601 60
1283 2574 1401 2602 Sextiles.

1075 3114 1213 3149 Qaeflml'
1235 3127 1265 3154 83

1280 2086 1407 2121 quomod
1418 2085 1524 2111 nondum
1537 2085 1731 2122 obseruauimus:
1765 2084 2096 2121 nea-'obseruauit‚qzmntum
2108 2084 2234 2118 recordor,
2242 2085 2340 2112 Brenk-

1281 2131 1347 2147 man.
1361 2120 1416 2154 diff]
1431 2121 1460 2147 de
1481 2122 1510 2147 L.
1535 2122 1654 2147 Remmia.

1282 2158 1319 2181 tio
1336 2158 1423 2182 literae
1437 2158 1463 2182 K
1473 2159 1618 2183 mentionem
1625 2157 1718 2192 facit:

1288 2188 1421 2214 Videamus
1434 2199 1491 2222 ergo
1505 2194 1612 2217 certiora
1624 2200 1653 2217 ex
1667 2191 1725 2218 Val.
1739 2191 1828 2218 Probo
1841 2198 1865 2218 et
1877 2193 1945 2218 aliis.

1725 2120 1831 2147 Veteris
1850 2119 2007 2147 Scholiastae
2025 2120 2059 2147 ad
2071 2122 2149 2147 locum
2163 2121 2214 2147 Cic.
2228 2122 2339 2156 obstrua-

1747 2156 1854 2191 sednon
1868 2155 1915 2189 gli,
1936 2163 1965 2183 vt
1977 2155 2093 2190 videtur,
2109 2157 2155 2182 illa
2167 2163 2242 2191 parte
2249 2156 2340 2191 sanus.

2100 2191 2134 2220 Κ.
2149 2193 2229 2225 Caia,
2244 2193 2338 2255 Clgesg,

1284 2255 1378 2289 Capite
1414 2255 1523 2295 Census.
1559 2257 1721 2295 *Carthago
1755 2263 1866 2289 Ciuitas.
1913 2263 2005 2289 Caeso.
2055 2263 2212 2290 Caluniniae
2245 2264 2337 2290 Causa.

1283 2291 1315 2317 Κ.
1330 2291 1363 2317 D.
1379 2291 1472 2325 Capite
1487 2291 1655 2316 Deminutus.
1760 2293 1790 2318 K.
1810 2295 1869 2320 DD.
1896 2298 1985 2324 Castra
2004 2297 2138 2326 Dedicata.
2248 2299 2270 2326 K
2307 2300 2337 2326 F.

1284 2326 1374 2353 Cardo
1386 2326 1493 2352 Finalis.
1532 2326 1656 2353 Caesonis
1671 2326 1765 2352 Filius.
1835 2329 1866 2354 K.
1879 2330 1924 2360 M.
1936 2332 2024 2357 Cardo
2039 2334 2182 2360 Maximus.
2253 2320 2284 2360 K.
2298 2335 2336 2361 N.

1284 2362 1409 2388 Caesonis
1422 2362 1524 2395 Nepos.
1596 2362 1625 2388 K.
1639 2362 1665 2388 P.
1679 2361 1767 2389 Cardo
1781 2361 1887 2388 Potitus.
1923 2365 2013 2390 Castra
2026 2366 2124 2392 Posuit.
2198 2368 2276 2394 KAL.
2287 2370 2337 2395 Ca-

1460 2398 1562 2424 KARC.
1589 2398 1695 2424 Carcer.
1767 2397 1799 2423 K.
1831 2397 1882 2423 PR.
1913 2397 1988 2434 forte
2019 2398 2145 2426 Cohortis
2175 2400 2351 2430 Praetoriae

1285 2436 1313 2459 in
1345 2433 1467 2467 Inscript.
1500 2434 1607 2460 Gruter.
1639 2440 1696 2468 527,
1732 2441 1742 2459 1
1775 2433 1808 2459 D.
1845 2433 1884 2459 M.
1922 2434 2111 2461 AVRELIO
2147 2435 2225 2462 CLA
2235 2438 2335 2465 VDio

1285 2469 1309 2494 v
1322 2469 1341 2493 E
1355 2469 1386 2494 T
1399 2469 1418 2494 Ε
1433 2470 1454 2494 R
1469 2468 1493 2494 A
1507 2469 1535 2495 N
1548 2469 1572 2495 o
1608 2469 1646 2502 Q
1681 2469 1767 2495 MIL.
1805 2468 1837 2495 Κ.
1874 2468 1931 2496 PR.
1969 2470 2047 2503 Qvi
2084 2470 2163 2497 Vix.
2201 2471 2337 2499 ANNIS

1284 2502 1405 2530 LXXX.
1474 2504 1504 2529 K.
1525 2505 1564 2537 Q
1581 2503 1712 2530 Calendae
1727 2503 1887 2537 Qinfflles.
1956 2505 2012 2531 KR.
2031 2504 2146 2533 Chorus.
2217 2507 2337 2535 KR.ST.

1285 2539 1370 2564 CND.
1408 2538 1498 2566 SPLC.
1543 2540 1611 2565 Cara
1639 2539 1704 2565 Sunt
1733 2539 1871 2566 Cernenda
1901 2539 2034 2573 sepulcra.
2105 2542 2138 2571 K.
2157 2541 2181 2572 S.
2207 2543 2338 2572 Calendae

1474 2574 1524 2602 RS.
1544 2573 1639 2602 Chaos.
1711 2574 1743 2603 Κ.
1756 2574 1795 2602 Τ.
1809 2574 1904 2610 Capite
1916 2576 2034 2603 Tonsus.

1529 2647 1706 2680 KAL
1891 2648 2067 2684 KAP

1317 2722 1553 2750 KALENDAE,
1572 2727 1664 2751 arum,
1683 2718 1736 2748 vid.
1757 2724 1982 2748 CALENDAE.

1317 2753 1536 2787 KAPPA2vid.
1555 2760 1700 2782 CArrA.

1651 2817 1680 2848 K
1788 2816 1818 2848 O
1929 2816 1958 2848 E

1294 2897 1300 2903 ·
1317 2868 1500 2924 ison-NON,
1536 2871 1564 2889 n.
1598 2865 1619 2890 ι’.
1649 2871 1773 2891 commune
1802 2860 1883 2890 κοινόν.
1917 2861 2010 2891 Ifidor.
2027 2870 2070 2895 20,
2088 2871 2110 2890 ε.

1279 2903 1317 2925 tia
1331 2918 1337 2924 .
1351 2907 1376 2930 2,
1393 2907 1435 2931 43.

1785 2657 1820 2681 et

2181 2863 2249 2892 Add.
2263 2864 2335 2894 Mat.

304 2937 372 2962 Haec
379 2935 438 2971 fere
451 2935 558 2968 antiqui.
595 2933 632 2958 Ex
646 2930 823 2958 recentioribus
835 2930 915 2964 instar
928 2935 1033 2959 omnium
1047 2932 1080 2966 est
1105 2935 1169 2969 Voffi
1185 2936 1213 2963 de
1234 2945 1271 2974 70
1318 2941 1337 2960 K
1346 2940 1365 2960 o
1374 2940 1390 2960 E
1400 2941 1422 2960 N
1433 2941 1452 2960 o
1462 2941 1475 2960 s
1484 2941 1494 2960 1
1503 2941 1532 2966 s,
1552 2933 1584 2960 is.
1611 2933 1631 2960 f.
1667 2933 1794 2962 Koenofis
1813 2933 1912 2962 dicitur
1933 2933 2141 2961 communicatio
2155 2935 2259 2961 consilii
2271 2942 2332 2964 cum

1282 2969 1418 2997 iudicibus
1430 2975 1475 2997 aut
1487 2969 1644 2998 aduersariis
1663 2969 1756 2997 Isidor.
1768 2978 1795 3004 2,
1811 2978 1849 2998 21.
1921 2968 1965 3004 Est
1977 2979 2041 2998 mere
2053 2971 2172 2998 Graecum
2182 2971 2296 2997 Κοίνωσις.

1656 3043 1684 3075 K
1792 3043 1822 3075 O
1927 3043 1951 3076 P

1315 3121 1335 3140 1(
1345 3119 1365 3141 o
1375 3120 1414 3140 Pr
1424 3120 1456 3141 Α.
1475 3122 1502 3140 n.
1523 3112 1618 3141 Indecl.
1653 3112 1721 3148 apud
1734 3113 1848 3140 Graecos
1863 3122 1933 3141 nunc
1947 3118 2051 3141 tantum
2060 3114 2089 3141 i'n
2103 3119 2216 3139 numero
2232 3117 2329 3140 manet.

1279 3149 1322 3176 Sic
1338 3148 1405 3176 reete
1423 3149 1494 3176 hodie
1511 3150 1605 3185 legitur
1623 3149 1733 3183 Qun&
1750 3158 1805 3182 1,4,
1811 3157 1828 3182 9
1840 3155 1890 3184 pro
1896 3150 2053 3186 superiorum
2065 3149 2161 3182 Kappa.
2236 3150 2330 3184 Nempe

1281 3184 1372 3211 Κάππα
1384 3185 1404 3218 (
1409 3185 1473 3212 vnde
1490 3186 1624 3211 κοππατίας
1637 3184 1670 3218 cst
1683 3185 1750 3220 apud
1760 3183 1890 3220 Aristoph.
1905 3185 1971 3212 Nub.
1987 3195 2014 3217 23
2031 3192 2103 3220 equus
2117 3186 2163 3209 hac
2176 3190 2235 3210 nota
2241 3183 2330 3219 signa-

1279 3221 1344 3255 tus)
1364 3220 1397 3254 est
1416 3224 1443 3247 in
1463 3223 1565 3257 antiquo
1585 3221 1731 3247 Graecorum
1745 3221 1898 3256 Alphabew‚
1918 3229 1978 3257 quae
1991 3219 2134 3247 Ebraeorum
2147 3220 2234 3245 literae
2254 3229 2271 3257 ρ
2291 3228 2329 3246 re-

1274 3260 1414 3296 spondebat
1420 3261 1525 3297 figuret,
1545 3267 1568 3287 et
1577 3258 1699 3295 potestate
1713 3261 1847 3291 numerali,
1867 3263 2011 3296 nonaginta.
2053 3258 2110 3287 Vid.
2123 3258 2268 3307 Jl‘iontfauc.
2280 3260 2329 3287 Pa·

167 3291 277 3318 Primum
289 3289 357 3327 vficm
370 3289 437 3318 illius
448 3288 564 3319 Isidorus
578 3296 626 3324 1,4
644 3286 677 3316 ad
690 3286 840 3317 Sallustium
854 3286 985 3324 quendam
998 3287 1212 3326 ludimagistrum
1234 3297 1373 3334 901a00gr,
1388 3298 1433 3325 Gr,
1442 3304 1473 3333 p,
1484 3298 1543 3332 569,
1570 3301 1594 3324 ec
1606 3297 1659 3323 viri
1671 3294 1740 3323 ᾱοξῖι·
1753 3295 1787 3323 ad
1797 3293 1928 3333 Amstqsh.
1939 3296 1956 3322 Ι.
1970 3302 1992 3322 c.

2436 1998 2457 2066 ’Ἰν
2476 2062 2478 2067 ,

2425 2075 2441 2119 3
2474 2086 2479 2113 ,ς
