2479 4225
545 143 827 189 DEC

599 236 620 263 f.
656 233 771 261 Laetam.
787 230 853 265 Epit.
871 236 893 253 c.
911 227 929 251 6
947 230 1011 252 extr.
1031 221 1178 252 Perniciosa
1190 220 1226 260 est

581 271 634 297 Alc.
648 269 718 296 Auit.
732 277 755 299 3,
771 274 806 292 111
830 263 885 289 Nec
897 266 1019 287 contenta
1031 268 1078 286 tuo
1092 258 1226 290 deceptrix

203 173 250 212 27

239 246 481 273 naci-:erman
507 237 564 264 icis.

201 281 377 343 ἓὲπῇῗειεῖῗίέιῖ
386 274 529 336 ἃᾶὲἑῖᾟῆα
545 307 625 333 Mant.
639 304 670 330 de
681 310 767 338 pugna
779 300 874 326 Virtut.
888 300 913 321 et
924 296 943 321 F
945 302 997 323 ort.

239 350 525 375 onereriosvs,
544 351 574 370 a,
590 349 643 365 um.
663 338 723 364 Adi.
759 331 927 364 Ennod.i,7.

239 392 257 410 D
266 390 282 409 Ε
292 388 309 408 c
320 389 336 407 E
345 387 360 406 Ρ
371 386 392 406 Τ
405 385 425 406 o
435 399 443 411 ,
462 382 513 404 are.
547 375 624 401 Gloss'.
638 374 683 399 Gr.
698 374 752 398 Lat.
768 371 904 401 Deceptat,
917 365 1014 392 ἄπατὶἱ.
1050 362 1122 398 Cous.
1133 360 1228 387 Sarisb.
1253 360 1268 388 5

201 406 782 480 7,1132Elgi;tpf}bici)l}i·ild31;i’aqtjdggeptaggiinn
794 401 918 472 lsiigtiklilp.
933 442 975 468 235
994 433 1027 461 ad
1040 430 1159 459 Macrob.
1180 431 1230 457 De-

200 484 405 549 celissi‘izncaflsskiille.
414 483 490 549 {agile
511 515 530 541 f.
548 512 675 548 Qcoddam
686 511 766 544 laquei
778 516 854 544 genus
865 506 899 532 ad
912 502 1076 539 decipiendas,
1091 500 1232 536 capiendas-

201 566 245 595 que
250 557 334 593 feras.
369 555 491 589 sipontin.
526 549 613 575 Sidon.
627 549 670 581 Ep·
684 550 707 576 8,
721 552 750 569 10
774 542 901 576 Decipula
916 540 983 566 male
1003 537 1163 565 blandientis
1178 535 1231 561 e10-
1249 544 1278 563 10
1295 537 1423 565 declarari
1436 537 1538 571 aliquid
1554 537 1627 564 Idem
1643 537 1674 563 de
1689 538 1763 564 Orat.
1778 547 1804 571 2,
1816 545 1874 569 280.

203 594 270 627 quii.
307 591 425 617 Tralate:
444 588 523 614 Mart.
536 583 640 618 Capella
655 590 673 612 4
693 588 718 613 p.
731 586 769 610 135
794 578 901 604 Dudum
918 576 1007 602 locuta
1025 572 1176 600 circulatrix
1192 571 1232 597 in-

204 626 355 689 debeiiscfliei
365 621 486 688 &ingildi
498 613 887 684 iteeripiilfizfitzcrlztdf‘pyxirisidm
922 644 999 680 Apul.
1018 645 1083 670 Met.
1104 647 1117 672 8
1143 651 1169 676 p.
1188 649 1234 667 202

204 699 387 732 Opportunum
402 691 550 726 decipulum
562 686 658 714 ιιαᾶὶιις.
693 684 766 711 Idem
780 692 809 710 10
829 691 854 717 p.
869 688 923 714 250.
957 680 1030 706 Idem
1045 679 1116 705 Flor.
1134 687 1158 711 p.
1175 679 1233 709 360.

239 727 481 758 neciizcino,
510 730 559 750 are.
886 752 892 757 .
1227 748 1232 752 1

202 764 397 804 quodfigmficat
414 759 511 796 aliquid
522 756 654 785 rotundum
666 756 749 792 facio.
820 751 912 779 Mami.
932 760 963 790 3,
977 758 1020 782 332
1046 751 1133 782 Qiam
1157 754 1236 774 tereti

202 808 293 828 natura
307 801 355 827 soli
369 796 509 824 decirciriat
522 792 617 820 orbem
653 792 684 817 In
695 789 836 820 tumidum,
855 793 880 813 et
895 786 1010 812 mediam
1021 784 1121 812 mundo
1134 784 1235 818 suspen-

202 837 241 864 dit
253 836 285 863 ab
298 834 377 862 omni.
412 833 449 857 De
463 836 532 856 terra
544 830 661 863 loquitur.
716 827 812 852 Arcum
828 822 900 849 Idem
914 830 933 853 1,
943 828 1001 853 295.

241 878 260 898 1)
270 878 285 897 Ε
295 877 310 895 C
320 877 329 895 i
339 876 357 894 R
368 868 384 893 Ε
392 873 416 892 M
425 874 434 893 1
443 873 466 897 S,
474 865 505 891 is.
514 865 534 891 f.
570 861 702 897 [δεκῆρηε]
738 862 845 896 Nauigii
858 866 948 894 genus,
968 856 1046 882 decem
1058 853 1149 882 habens
1161 862 1237 880 remo-

200 904 376 967 gfflgffizxgr
395 937 439 964 sex
452 936 577 963 ordinum
589 935 731 960 Zenazoras
745 929 890 964 Syracusius
904 939 909 954 ε
936 927 969 954 ab
985 935 1016 954 ea
1028 926 1061 953 ad
1076 925 1236 953 deciremem

200 974 388 1010 Mnesigethon.
424 971 722 1009 Hard.Decemretiiem.
739 1001 745 1007 ι
767 1000 773 1006 .
919 998 925 1003 ·
1023 996 1029 1001 .
1053 996 1058 1001 .
1145 995 1151 1001 .

235 1015 402 1041 DECITO,
434 1012 487 1034 are.
537 1004 659 1033 Instabile
682 1001 823 1036 vestigium
844 999 940 1034 plantis
962 996 1073 1024 roscidis
1095 995 1237 1023 decitantes

200 1046 275 1081 Apul.
290 1046 354 1072 Met.
367 1053 380 1071 2
399 1053 424 1078 p.
439 1045 488 1069 116.

235 1089 253 1109 D
263 1089 278 1107 E
287 1087 304 1108 c
316 1088 355 1107 1v
362 1086 385 1112 S,
393 1080 411 1105 i.
419 1087 455 1104 m.
471 1079 563 1104 Nomen
571 1077 653 1111 gentis
660 1075 782 1101 Romanae
783 1070 899 1107 plebeiae,
901 1068 947 1105 sed
957 1066 1123 1102 nobiliffimae.
1159 1064 1237 1093 Nobi·
1249 1071 1280 1098 25

199 1116 282 1151 Izffimi
295 1118 357 1142 enim
364 1115 411 1150 fico
424 1115 509 1140 merito
522 1111 599 1137 Decii
616 1116 668 1136 tres
673 1108 783 1144 filerunt
796 1116 802 1131 :
824 1111 908 1141 pater,
926 1103 1005 1138 filius,
1023 1109 1046 1128 et
1058 1109 1140 1142 nepos.
1178 1101 1235 1127 Cic.

200 1147 310 1179 Tuscul.
325 1160 351 1183 1,
371 1155 402 1182 89
428 1158 449 1174 c.
463 1155 494 1182 37
521 1146 586 1173 Non
605 1153 664 1170 cum
683 1142 784 1170 Latinis
803 1141 936 1179 decertans
955 1139 1161 1178 pater-Decius,
1175 1145 1236 1162 cuin

200 1187 333 1214 Hetruscis
349 1185 420 1211 filius
438 1184 517 1209 etiam
530 1190 588 1207 cum
602 1178 702 1212 Pyrrho
715 1185 811 1212 nepos,
828 1177 854 1203 se
867 1174 984 1202 hostium
996 1173 1056 1200 telis
1074 1173 1236 1213 obiecissent,

200 1223 264 1259 quod
283 1224 371 1257 repetit
390 1220 418 1245 a'e
432 1219 489 1245 Fin.
502 1226 534 1249 2,
553 1218 582 1242 61
607 1225 629 1242 c.
642 1222 681 1248 59.
716 1215 785 1240 Hinc
802 1211 956 1238 celebrantur
965 1208 1068 1244 passim,
1088 1218 1113 1235 υ.
1126 1217 1152 1244 g.
1172 1210 1235 1234 Stat.

200 1258 263 1284 Silu.
279 1265 289 1271 ”
322 1265 336 1282 2
373 1262 382 1269 ·

200 1273 307 1327 patret’is.
344 1264 404 1316 'Viti
418 1288 514 1323 Virgil.
528 1288 592 1314 Aen.
607 1288 633 1318 6,
647 1291 698 1319 823.
756 1285 814 1310 qu.
828 1288 924 1322 84254.
935 1285 990 1313 238.
1047 1281 1109 1306 Item
1123 1287 1234 1321 ¹43',239·

200 1328 285 1355 Valer.
296 1325 404 1353 Maxim.
412 1331 435 1358 5,
449 1325 466 1350 6
483 1329 546 1349 extr.
566 1330 578 1355 5
594 1328 617 1347 et
629 1323 655 1347 6.
690 1322 728 1348 De
736 1325 811 1355 patre
826 1319 885 1344 Liu.
898 1322 921 1349 8,
933 1325 950 1349 9
968 1322 992 1342 et
1009 1324 1047 1342 10.
1082 1316 1185 1350 Dejiho
1198 1323 1235 1346 10,

198 1368 227 1393 28
248 1370 270 1389 et
282 1371 323 1394 29.
359 1362 397 1386 De
412 1365 497 1395 nepote
509 1364 593 1385 tacent
605 1357 652 1383 alii
663 1362 767 1392 praeter
779 1355 901 1381 Zonaram
914 1358 939 1385 8,
951 1361 975 1386 5.
1201 1384 1206 1388 ι

233 1404 299 1425 ΠΕΟ
310 1403 326 1422 L
337 1397 389 1422 ᾸΜ
398 1401 416 1422 0
425 1414 434 1426 ,
453 1399 506 1421 ire.
530 1393 542 1426 [
550 1391 684 1426 μελετοίω]
721 1387 832 1425 Estfiflo
846 1389 950 1415 themate
956 1386 986 1423 fi
1000 1394 1117 1412 exercere.
1154 1383 1235 1411 Ouid.

198 1434 230 1460 de
244 1434 306 1459 Arte
319 1432 377 1457 Am.
392 1439 415 1462 2,
429 1436 478 1464 307
504 1428 552 1454 Sed
564 1435 649 1462 neque
663 1426 810 1452 declament
823 1424 912 1450 medio
925 1423 1045 1449 sermone
1057 1420 1159 1452 diserti,
1180 1420 1237 1446 Nec
1252 1426 1282 1453 35
1300 1423 1507 1458 Dalm-atinus]

198 1470 242 1496 sua
255 1468 363 1495 vesanus
377 1465 472 1499 scripta
484 1465 563 1490 Po'eta
577 1463 654 1497 legat.
707 1460 747 1486 Ad
761 1459 871 1485 fluEtum
884 1458 959 1497 aiunt
970 1457 1115 1497 declamare
1129 1455 1238 1497 solitum

199 1502 416 1532 Demosthenem,
436 1505 464 1526 vt
484 1498 621 1525 fremitum
638 1495 797 1522 adsuesceret
814 1501 881 1520 voce
900 1500 1008 1518 Vincere
1026 1493 1081 1517 Cic.
1099 1491 1131 1516 de
1152 1492 1209 1517 l-in.
1224 1498 1237 1523 5

199 1549 221 1566 c.
234 1548 259 1566 2.
294 1536 362 1564 Add.
374 1537 469 1562 Horat.
481 1533 559 1567 Epist.
574 1542 583 1559 1
593 1553 601 1565 ,
615 1541 638 1564 2,
651 1540 676 1558 2.
710 1531 817 1557 Sueton.
832 1529 899 1555 Ner.
914 1536 936 1552 c.
945 1535 982 1553 10.
1013 1527 1051 1552 De
1058 1526 1128 1561 seria
1141 1531 1238 1550 conten-

198 1578 264 1602 tione
284 1573 339 1600 Cic.
351 1573 428 1598 Vei-r.
441 1580 469 1604 4,
487 1577 533 1602 149
554 1577 576 1594 c.
591 1570 625 1594 66
651 1566 699 1598 Ille
714 1571 802 1592 autem
819 1564 939 1595 insanus,
959 1561 1008 1601 qui
1020 1569 1069 1596 pro
1083 1559 1134 1586 isto
1147 1565 1238 1586 conti-a
1252 1585 1255 1588 ⁴

899 1599 940 1625 Sic
953 1597 1010 1623 Cle·
1026 1597 1098 1623 Fam·
1113 1604 1135 1627 Ξ,
1152 1603 1174 1621 11
1197 1594 1238 1621 Est
1255 1603 1293 1628 40
1300 1597 1359 1625 stris
1373 1598 1528 1633 suffragator
1540 1599 1570 1625 in
1582 1599 1656 1625 curia
1674 1599 1703 1624 in
1716 1607 1809 1632 campo
1822 1600 1970 1626 declarator
1982 1600 2112 1626 existeres,

199 1619 241 1637 me
254 1606 431 1636 vehentiss'ime
446 1603 617 1635 declamasset,
632 1601 783 1637 postquam,
800 1606 844 1626 etc.
1106 1630 1111 1636 ·

198 1644 333 1675 maiestas,
352 1648 381 1669 vt
395 1641 465 1668 Sulla
478 1639 567 1666 voluit
585 1639 657 1672 (lata
669 1638 719 1673 lege
732 1636 761 1663 de
774 1637 877 1662 crimine
889 1631 1047 1666 maiestatis)
1063 1638 1092 1658 vt
1104 1639 1133 1657 iii
1147 1639 1239 1665 quein-

197 1681 240 1708 vis
252 1681 360 1714 impune
374 1676 519 1704 declamare
533 1675 640 1706 liceret,
653 1682 706 1699 cum
718 1673 854 1698 calumniae
862 1676 967 1704 poenam
980 1677 1028 1694 non
1041 1672 1157 1706 metueret
1170 1675 1240 1705 accu-

191 1717 274 1754 sator.
328 1712 375 1740 sed
385 1712 419 1739 ad
431 1713 630 1738 exercitationem
638 1710 750 1744 pertinet
769 1706 900 1733 Suasorias
913 1703 1057 1743 declamare
1071 1700 1202 1742 Qine'til.
1217 1709 1240 1733 3,

199 1757 222 1781 8.
277 1748 401 1782 Magister
414 1745 579 1773 declamandi
592 1744 666 1770 Idem
679 1751 701 1776 2,
715 1751 733 1769 1.
804 1742 877 1775 Opus
891 1738 1054 1766 declamandi
1068 1736 1199 1771 Quinctil.
1214 1744 1240 1767 2,

599 719 760 755 [dnoyvfo'w]
804 718 871 745 Idem
880 737 887 748 i
912 715 977 752 q¹¹⁰d
988 714 1094 749 fimPlt'x
1117 713 1216 739 Cl'rfflffl
1225 731 1234 744 5
1252 718 1278 745 15
1297 715 1397 742 futuras
1410 715 1537 742 declarari
1549 714 1605 742 Cic.
1618 715 1650 740 de
1663 714 1754 741 Diuin.
1770 724 1790 747 1,
1803 724 1828 741 2.

425 1253 491 1279 Aliis
506 1251 582 1278 Decii
595 1250 754 1285 reducesque
769 1246 878 1274 Camilli
892 1245 1073 1272 Monstrentur
1086 1254 1093 1275 ς
1117 1250 1145 1270 tu
1166 1243 1235 1269 disce
1251 1248 1284 1272 30

1293 1667 1421 1704 fidumque
1433 1670 1570 1704 relinquere
1587 1675 1701 1695 truncum
1719 1674 1742 1693 ct
1748 1666 1863 1703 stirpem.

1293 1702 1480 1739 fignificationc
1496 1703 1631 1739 posuerunt
1649 1710 1751 1729 veteres.

1689 130 1725 171 D
1794 134 1852 192 ,E
1946 133 1980 174 C
2276 141 2324 180 28

1290 219 1379 248 dinem
1392 218 1528 255 ditamque
1540 218 1674 248 maiorum
1687 220 1822 247 affionum
1834 231 1928 256 genera
1941 223 2068 258 quaedam
2081 222 2211 250 declarant
2224 222 2279 249 Cic.
2294 221 2328 248 de

1291 257 1364 283 Orat.
1380 265 1401 288 1,
1415 265 1465 289 193.
1523 255 1662 295 Declarant
1675 257 1768 290 gaudia
1783 256 1857 283 vultu
1869 259 1964 285 Catull.
1979 258 2010 285 de
2024 259 2132 293 Nuptiis
2147 259 2197 285 Pel.
2211 264 2236 284 et
2243 257 2326 283 Thet.

1290 301 1317 318 v.
1333 300 1374 324 34.
1447 292 1607 318 praesentiae
1621 291 1731 317 deorum
1744 291 1874 318 declarant
1886 294 1918 321 ab
1932 294 1989 326 his,
2010 294 2163 320 ciuitatibus
2183 300 2209 320 et
2221 293 2328 327 singulis

1291 325 1447 354 hominibus
1465 326 1566 352 consuli
1583 326 1639 352 Cic.
1653 326 1684 352 de
1698 327 1793 354 Natur.
1807 328 1886 353 Deor.
1900 337 1922 361 2,
1939 332 1993 356 166.
2068 330 2184 355 Acumen
2202 329 2329 362 interpre-

1293 362 1327 388 tis
1341 360 1471 400 declarant
1484 360 1612 396 quaedam
1627 361 1699 388 Idem
1712 362 1743 388 de
1758 363 1849 389 Diuin.
1863 372 1881 395 i,
1895 371 1933 395 39.
2036 363 2228 391 Perfefflonem
2245 363 2328 390 decla-

1293 403 1334 424 rat
1347 395 1443 427 officii,
1462 396 1574 423 verbum
1588 402 1712 430 oportere
1726 398 1781 424 Cic.
1797 398 1825 424 in
1840 398 1914 424 Orat.
1927 405 1970 432 74.
2041 400 2091 426 Res
2104 399 2224 426 breuiter
2237 399 2329 433 Nepos

1293 440 1341 465 25,
1361 437 1401 464 18,
1421 434 1445 457 6.
1515 432 1612 465 Virgil.
1627 432 1692 458 Aen.
1712 441 1740 465 5,
1760 442 1808 466 243
1841 433 1978 460 Victorem
1996 444 2089 470 magna
2108 435 2242 469 praeconis
2261 444 2328 461 voce

1294 467 1463 506 Cloanthum.
1488 467 1618 494 Declarat.
1702 468 1810 494 Gemitu
1829 474 1854 495 et
1876 469 2008 495 moestitia
2025 470 2183 502 decimauit,
2204 475 2331 504 quantum

1295 502 1404 529 haberet
1421 502 1512 529 odium
1530 502 1665 529 seruitutis
1685 503 1723 528 M.
1743 504 1856 538 Lepidus
1875 505 1930 531 Cic.
1946 504 2057 539 Philipp.
2076 514 2106 539 5,
2122 514 2162 538 39.
2232 505 2332 531 Literis

1977 540 2147 568 Praestutiani
2167 541 2240 567 suani
2257 541 2332 574 saepe

1296 573 1355 600 diui
1376 573 1506 600 declarant
1522 573 1578 600 Cic.
1598 573 1630 599 de
1643 574 1740 600 Natur.
1753 574 1832 600 Deor.
1846 584 1879 607 2,
1897 576 1923 602 6.
1992 576 2127 609 Propriam
2147 576 2277 610 cuiusque
2292 575 2333 601 rei

1295 609 1352 635 vim
1366 608 1521 635 definitione
1536 607 1667 635 declarare
1681 607 1719 634 Id.
1734 608 1766 635 de
1779 609 1852 636 Orat.
1867 619 1887 642 i,
1899 619 1955 644 190.
2010 611 2042 636 Ec
2054 611 2123 638 Fam.
2139 614 2163 643 6,
2175 620 2198 644 13
2219 610 2334 644 Qiando

1297 644 1361 679 quid
1374 644 1498 670 sentirem
1515 644 1640 679 exposui,
1665 643 1730 678 quid
1751 644 1849 670 vellem
1866 651 1910 671 tua
1929 646 2018 678 causa,
2039 654 2068 672 re
2082 647 2168 680 potius
2184 646 2334 677 declarabo,

1297 688 1376 714 quam
1390 680 1520 706 oratione.
1591 678 1732 705 Volatibus
1745 680 1851 711 auium,
1865 681 2036 715 cantibusque
2047 681 2190 708 certislimis
2204 681 2281 716 signis
2294 689 2337 707 res

1930 717 2016 743 Multa
2035 716 2150 742 oraculis
2165 716 2337 747 declarantur,

1297 751 1383 777 multa
1395 750 1646 783 vaticinationibus,
1662 750 1746 777 multa
1762 750 1886 783 somniis,
1903 751 1986 778 multa
1999 752 2128 787 portentis
2143 751 2214 778 Idem
2227 753 2259 779 de
2272 753 2337 779 Nat.

1298 786 1377 812 Deor.
1396 795 1426 818 2,
1443 788 1493 818 163.
1566 788 1624 812 Non
1637 785 1717 822 solum
1737 786 1860 817 homines,
1878 785 1926 821 fid
1943 789 2016 813 etiam
2032 787 2106 814 verba
2123 793 2146 812 et
2160 787 2277 814 vocabula
2294 788 2338 813 de-

1297 821 1397 848 clarare
1410 821 1543 847 dicuntur:
1569 821 1624 848 Cic.
1643 821 1675 847 de
1692 821 1750 847 Fin.
1771 829 1800 853 2,
1821 829 1845 853 13
1874 821 1989 848 Nullum
2007 823 2125 849 inueniri
2145 821 2246 856 potest,
2266 822 2338 857 quod

1297 857 1380 891 magis
1399 857 1470 883 idern
1489 856 1603 883 declaret
1619 856 1729 889 Latine,
1746 856 1819 891 quod
1843 857 1957 889 Graece,
1977 866 2055 891 quam
2073 858 2187 885 declarat
2207 858 2337 892 voluptas.

432 901 498 928 Plin.
511 909 538 936 7,
553 902 582 932 56
605 900 622 925 s.
639 905 669 931 57
690 897 817 930 Quinque
834 902 932 921 remcm
947 891 1060 918 instituit
1073 888 1237 916 Nesichthon
1244 894 1278 913 20
1298 891 1454 927 Idempaullo
1463 890 1534 928 post,
1560 892 1617 919 Erit
1639 892 1711 919 enini
1729 892 1818 918 notius
1832 892 1910 926 quale
1923 892 1969 923 sit,
1989 892 2108 926 pluribus
2125 899 2246 919 notatum
2262 901 2338 919 voca-

1297 926 1369 954 bulis
1387 927 1458 954 idem
1477 927 1676 954 declarantibus.
1758 927 1898 954 Declarare
1917 927 2073 960 Consulem,
2092 931 2255 956 renuntiare:
2283 928 2339 954 Cic.

1297 971 1348 997 pro
1360 963 1478 990 Muraen.
1490 972 1506 989 2
1529 965 1565 990 Vt
1581 962 1700 989 eiusdem
1719 962 1837 989 hominis
1855 971 1921 989 voce
1941 968 1967 989 et
1984 962 2126 990 declaratus
2138 964 2235 991 Consul
2256 968 2281 990 et
2295 962 2339 989 de-

1298 998 1396 1024 sensus.
1448 998 1522 1026 Idem
1535 998 1601 1026 ibid.
1616 1008 1629 1031 3
1650 1008 1672 1025 c.
1685 1007 1700 1024 2
1728 1000 1752 1024 Is
1768 998 1927 1033 potislimum
1940 999 2055 1031 Consul,
2075 1000 2123 1034 qui
2136 999 2277 1026 Consulem
2295 998 2357 1025 de:

1299 1033 1418 1060 clarauit.
1461 1034 1534 1069 Conf.
1550 1036 1651 1061 Gruter.
1666 1033 1700 1060 ad
1715 1035 1770 1061 Cic.
1785 1035 1885 1069 Fragm.
1900 1043 1925 1068 p.
1939 1035 1990 1067 156.

1336 1072 1591 1102 DECLARANS,
1616 1069 1692 1096 antis.
1729 1069 1821 1096 Partic.
1859 1066 1972 1106 [δηλῶν]
2009 1069 2065 1096 Cic.
2085 1068 2118 1095 de
2136 1069 2226 1096 Diuin.
2247 1078 2274 1100 1,
2292 1076 2339 1104 127

1298 1104 1511 1139 Relinquendum
1524 1105 1560 1132 est
1575 1105 1690 1136 homini,
1703 1110 1732 1131 vt
1748 1105 1826 1140 signis
1839 1104 1999 1140 quibusdam
2013 1105 2199 1140 consequentia
2211 1105 2342 1132 declaran-

1297 1139 1369 1167 tibus
1377 1160 1385 1173 ,
1399 1139 1492 1166 futura
1504 1141 1668 1174 praesentiat.

1335 1180 1406 1201 DEC
1418 1178 1616 1208 LARATvs,
1636 1185 1666 1208 a,
1685 1184 1739 1202 um.
1774 1175 1868 1202 Partic.
1903 1176 1996 1210 Nepos
2014 1183 2054 1207 23,
2076 1184 2107 1207 11,
2126 1184 2143 1202 z
2169 1174 2343 1203 Tabellas-ius

1298 1210 1370 1238 ducis
1383 1219 1450 1237 naue
1462 1210 1590 1239 declarata
1602 1212 1670 1244 suis,
1692 1214 1710 1237 i.
1732 1209 1895 1245 demonstrato
1914 1218 1980 1238 certo
1992 1211 2074 1246 aliquo
2080 1210 2174 1247 figno.v

1335 1253 1353 1272 D
1364 1253 1379 1272 Ε
1389 1253 1405 1273 C
1414 1253 1430 1272 L
1439 1253 1459 1272 Α
1468 1253 1486 1272 R
1494 1253 1517 1273 A
1529 1253 1551 1273 Τ
1562 1255 1573 1274 1
1582 1253 1602 1274 o
1611 1267 1620 1280 ,
1640 1247 1708 1273 onis.
1732 1246 1771 1273 f.»
1780 1246 1904 1273 Verbale.
1936 1244 2073 1280 [δήλωσις]
2116 1246 2172 1274 Cic.
2187 1247 2260 1274 Fam.
2276 1255 2315 1278 10,
2330 1252 2343 1278 5

1300 1282 1399 1308 Rursus
1410 1281 1554 1309 declaratio
1568 1282 1653 1309 animi
1666 1283 1706 1309 tui
1720 1291 1800 1317 quem
1816 1282 1925 1309 haberes
1939 1281 1971 1308 de
1983 1282 2047 1316 Rep.
2061 1290 2192 1316 quemque
2205 1281 2345 1308 habiturus

1300 1318 1376 1350 esses,
1393 1317 1463 1344 mihi
1478 1324 1533 1344 erat
1546 1317 1735 1344 iucundiss'itna.
1807 1318 1880 1344 Idem
1892 1319 2020 1350 Fam..1;‚
2042 1325 2070 1343 21
2096 1317 2180 1345 Liber
2197 1317 2245 1344 iste
2264 1324 2344 1352 quem

1300 1351 1370 1390 mihi
1385 1352 1492 1384 misisti,
1512 1359 1637 1388 quantam
1654 1352 1733 1380 habet
1748 1352 1951 1380 declarationem
1963 1353 2062 1379 amoris
2075 1352 2136 1379 tui?

1337 1394 1355 1414 n
1370 1395 1386 1414 E
1397 1394 1413 1414 c
1426 1395 1442 1414 L
1452 1389 1680 1422 Anarivvs,
1703 1397 1733 1420 a,
1761 1398 1815 1415 um.
1849 1388 1912 1416 Adi.
1955 1387 2048 1422 [Gioff.
2063 1388 2109 1414 Gr.
2124 1389 2181 1414 Lat.
2199 1385 2345 1420 δηλωτικδς,

1301 1460 1322 1486 C
1372 1458 1389 1485 u
1566 1424 1639 1461 Conf.
1652 1424 1729 1459 Apul.
1738 1423 1776 1458 ude
1792 1423 1888 1461 Syllog.
1906 1425 1962 1451 Cat.
1983 1433 2008 1459 p.
2022 1432 2053 1455 30
2072 1430 2095 1450 et
2113 1432 2149 1456 33.
2219 1422 2346 1450 Martian.

1324 1467 1337 1486 a
1357 1467 1370 1485 e
1393 1479 1399 1486 .
1419 1468 1438 1493 4
1482 1481 1488 1487 .
1501 1468 1517 1492 9
1538 1479 1545 1485 .

1334 1467 1431 1520 iliaci.
1442 1467 1550 1521 ,(1111Λῖ1
1562 1495 1575 1520 1·
1582 1501 1628 1522 νε
1639 1514 1646 1521 .
1682 1493 1749 1521 Adii.
1786 1494 1911 1522 Martian.
1931 1493 2029 1530 Capeu.
2045 1504 2064 1528 4
2089 1504 2113 1529 p.
2130 1502 2176 1521 120
2203 1492 2346 1529 Qiidquid

1300 1528 1459 1555 declaratiue
1475 1529 1583 1556 accedit.

1336 1569 1353 1588 D
1363 1570 1379 1589 E
1388 1570 1459 1590 CLA
1468 1565 1545 1590 11ᾸΤ
1555 1570 1601 1590 011
1610 1584 1618 1596 ,
1637 1564 1701 1591 oris.
1731 1573 1766 1590 m.
1803 1565 1869 1591 Plin.
1883 1565 1976 1599 Paneg.
1991 1574 2034 1597 92,
2049 1567 2066 1591 6
2089 1565 2126 1592 Vt
2137 1563 2287 1592 honoribus
2299 1571 2348 1590 no-

1337 1639 1406 1660 DEC
1417 1640 1497 1660 LAV
1509 1640 1528 1660 Ο
1540 1653 1548 1665 ,
1574 1643 1617 1666 as,
1644 1637 1697 1660 are..
1745 1633 1836 1660 Cleuas
1853 1640 1995 1669 amputare,
2020 1634 2049 1660 id
2065 1633 2115 1668 est,
2139 1642 2221 1659 ramos
2240 1632 2350 1663 arboris,

1905 1670 1974 1695 Nam
1991 1669 2078 1695 clauas
2092 1675 2120 1694 et
2132 1667 2246 1694 clauulas
2263 1669 2291 1693 in
2302 1667 2350 1693 hae

1807 1703 1903 1730 Pallad.
1924 1704 2006 1730 Claua
2030 1704 2083 1729 seri
2105 1702 2272 1729 commodius
2295 1701 2349 1732 est,

1302 1747 1369 1774 quae
1383 1738 1413 1765 sit
1426 1738 1561 1766 manubrii
1574 1738 1752 1770 craintudine,
1774 1737 1942 1773 longitudine
1955 1738 2075 1765 cubitali.
2112 1738 2190 1764 Varr.
2208 1738 2246 1763 Vt
2264 1736 2301 1763 sit=
2314 1735 2347 1762 de

199 1795 236 1813 io.
290 1784 347 1810 Cic.
361 1790 410 1817 pro
423 1782 499 1808 Rosc.
512 1781 600 1806 Auier.
616 1784 647 1809 82
667 1788 688 1804 c.
702 1786 734 1811 29
753 1776 812 1804 Nisi
831 1777 902 1803 forte
915 1773 1083 1809 exspetimus,
1099 1778 1128 1799 vt
1141 1772 1187 1798 illa
1201 1772 1280 1807 111-45
1301 1780 1395 1802 tenero
1413 1783 1488 1801 ramo
1507 1783 1539 1800 ex
1553 1780 1664 1808 Vn-aque
1682 1779 1755 1808 Parte
1774 1774 1920 1808 praecisum
1939 1774 2102 1808 aequaliter,
2123 1781 2186 1807 quas
2198 1772 2247 1799 affl
2258 1771 2349 1798 clauo-

199 1822 270 1848 luam
279 1839 287 1852 ,
307 1827 373 1854 quae
388 1817 418 1843 de
431 1814 566 1851 peculatu,
583 1823 612 1840 ac
624 1813 656 1840 de
668 1812 801 1839 eiusmodi
813 1811 890 1839 rebus
904 1809 1106 1839 commenticiis,
1121 1806 1241 1834 inaudita

200 1855 278 1883 nobis
298 1859 358 1881 ante
376 1852 425 1879 hoc
442 1857 543 1884 tempus
562 1857 591 1875 ac
611 1857 683 1875 noua
702 1847 818 1878 obiecit,
830 1855 905 1881 ‘quae
923 1845 993 1872 mihi
1009 1845 1056 1871 iste
1074 1844 1145 1870 visus
1159 1843 1194 1869 est
1209 1850 1240 1868 ex

201 1891 253 1919 alia
265 1889 386 1917 oratione
398 1886 549 1916 declamare,
564 1893 642 1919 quain
656 1883 684 1909 in
697 1883 780 1909 alium
791 1890 867 1908 reum
881 1885 1113 1907 commentaretur.
1148 1880 1241 1912 Nempe

200 1927 258 1955 adeo
278 1925 343 1952 nihil
358 1923 391 1949 ad
410 1921 507 1958 causam
514 1919 603 1955 facere
615 1918 774 1950 videbantur,
781 1920 821 1944 vti
834 1917 969 1943 declamare
982 1916 1157 1943 hominemnon
1169 1921 1242 1948 agere

196 1969 309 2024 1)ωέἘὲ
318 2002 333 2021 1.
342 2001 364 2020 A
372 1990 419 2019 Mi'
427 1997 494 2023 To,
513 1993 564 2015 are.
600 1988 739 2022 Frequent.
774 1985 830 2012 Cic.
844 1986 915 2012 Fam.
931 1988 975 2018 16,
988 1994 1016 2013 21
1042 1986 1178 2011 Praeterea
1198 1981 1242 2008 de.

203 2031 338 2060 clamitare
352 2029 450 2055 Graece
469 2024 537 2060 apud
557 2023 666 2051 Cassium
685 2021 806 2048 institui:
832 2021 925 2046 Latine
943 2026 1032 2047 autem
1049 2019 1118 2054 apud
1132 2019 1243 2044 Brutum

204 2066 322 2095 exerceri
339 2064 412 2091 volo.
506 2059 625 2087 Sedentes
644 2057 811 2084 declamitant
829 2056 923 2082 Gracci
941 2055 996 2081 Cic.
1015 2055 1047 2081 de
1060 2056 1133 2082 Orat.
1149 2062 1174 2093 1,
1190 2060 1243 2092 ,25¹-

204 2103 271 2130 Vini
283 2099 438 2130 exhalandi,
455 2105 509 2123 non
521 2094 632 2122 acuendi
649 2094 749 2128 ingenii
769 2092 844 2119 causa
861 2090 1029 2118 declamitare
1041 2088 1115 2116 Idem
1129 2087 1242 2121 Philipp.

204 2148 230 2171 2,
242 2148 284 2172 42.
355 2134 450 2161 Causas
462 2131 629 2158 declamitare
645 2129 700 2161 Cic.
708 2127 819 2155 Tuscul.
837 2136 857 2158 1,
871 2134 887 2161 7
907 2135 929 2152 c.
945 2134 971 2159 4.
1016 2160 1021 2165 ι
1106 2159 1111 2164 ⁴

205 2182 228 2208 5,
242 2182 270 2207 19
289 2181 310 2198 c.
324 2179 341 2206 7
365 2170 421 2204 Ipse
435 2169 534 2194 interea
546 2166 635 2193 decem
650 2170 676 2191 et
688 2164 784 2199 septem
797 2162 868 2194 dies,
888 2167 917 2188 vt
931 2160 1042 2195 digestio
1057 2167 1145 2194 potius
1163 2167 1242 2193 quani

204 2207 361 2236 declamatio
379 2204 532 2235 videretur,
565 2201 596 2227 de
614 2209 657 2227 me
677 2200 707 2227 in
720 2198 879 2232 Tyburtino
898 2196 1029 2231 Scipionis
1048 2194 1243 2225 declamitauit,

204 2245 274 2273 sitim
294 2249 429 2278 quaerens.
613 2271 618 2276 .
738 2269 744 2274 .
831 2270 836 2274 η

244 2287 263 2307 1)
274 2286 291 2306 E
300 2285 316 2305 c
325 2284 371 2304 LA
380 2283 422 2302 Mi
432 2280 551 2305 TANS,
564 2276 642 2298 antis.
676 2271 770 2296 Partic.
807 2270 863 2295 Cic.
880 2267 912 2294 de
926 2267 997 2293 Clar.
1012 2266 1086 2292 Orat.
1100 2273 1143 2296 310
1165 2265 1244 2290 Com-

1254 1953 1286 1980 50
1297 1947 1429 1986 fitbstitiu't
1443 1950 1571 1976 Turnebus
1577 1948 1683 1986 Aduers.
1692 1957 1729 1981 23,
1737 1958 1766 1975 20
1779 1949 1828 1986 sub
1841 1956 1950 1976 veterum
1961 1949 2080 1976 librorum
2091 1947 2249 1976 austeritate.

1303 1810 1339 1836 las
1348 1830 1356 1842 ‚
1376 1810 1424 1836 alii
1437 1810 1514 1836 taleas
1528 1808 1668 1843 appellant.
1709 1809 1812 1836 Verbum
1824 1809 1868 1836 hoc
1882 1812 2006 1843 reperitur
2020 1812 2047 1835 in
2061 1807 2213 1839 Pandec’tis‚
2232 1810 2260 1833 in
2278 1805 2351 1832 titul.

1304 1845 1402 1872 Arbor.
1420 1846 1484 1871 furt.
1504 1845 1569 1870 caes.
1588 1844 1631 1870 vbi
1647 1850 1728 1870 tamen
1748 1842 1868 1870 habimus
1880 1842 1969 1871 let-‘lum
1990 1842 2023 1877 es}
2041 1842 2206 1877 Deglubere,
2225 1842 2266 1868 vel
2278 1840 2352 1868 Deli-

1304 1880 1397 1910 brare,
1421 1880 1462 1906 vel
1478 1878 1659 1913 Deglabrare3
1688 1878 1736 1914 fid
1755 1888 1826 1914 quum
1849 1879 2008 1913 verisimilius
2021 1878 2059 1913 fit
2078 1880 2196 1904 Praetori
2212 1875 2303 1910 veniffe
2321 1880 2351 1903 in

1304 1921 1407 1941 mentem
1419 1915 1548 1941 ramalium
1560 1921 1584 1941 et
1599 1915 1724 1941 clauarum
1732 1916 1834 1948 potius,
1852 1923 1923 1950 quam
1935 1914 1996 1941 libri
2009 1921 2032 1940 et
2047 1916 2157 1940 corticis.
2207 1912 2352 1975 DeclauVare

2313 1949 2352 1974 ida

1305 1991 1323 2011 D
1333 1992 1349 2011 E
1359 1991 1380 2011 G
1390 1992 1406 2011 L
1415 1992 1438 2012 A
1446 1992 1462 2012 B
1470 1992 1489 2012 R
1497 1992 1517 2012 O
1527 2005 1532 2011 .

1341 2026 1361 2046 D
1370 2027 1387 2047 E
1399 2025 1415 2047 C
1427 2027 1444 2046 L
1456 2021 1500 2046 IN
1510 2027 1529 2047 0
1538 2041 1546 2053 2
1566 2029 1593 2048 as
1601 2040 1609 2052 ,
1633 2023 1685 2047 ite.
1721 2019 1828 2053 [κλίνω,
1841 2018 1976 2049 inanum,
1994 2018 2113 2053 ἒκκλίνω]
2149 2016 2294 2054 Βςβθὲἶενθ.
2318 2019 2351 2044 Et

1306 2061 1358 2082 tum
1370 2054 1529 2090 intravfitiue
1536 2058 1653 2092 ponitur,
1667 2053 1789 2082 intelcho
1798 2057 1945 2090 pronomine
1957 2053 1996 2080 se:
2014 2060 2066 2080 tum
2078 2054 2131 2080 cilm
2143 2054 2293 2090 Accusatiuo
2304 2056 2354 2084 rei,

1304 2090 1525 2127 quamfleflimus,
1544 2092 1672 2132 vel-quam
1685 2093 1813 2117 euitamus.
1849 2089 1904 2116 Cic.
1917 2097 1966 2124 pro
1978 2088 2073 2115 Planco
2085 2096 2121 2124 97
2141 2098 2163 2114 c.
2175 2097 2207 2122 41
2231 2088 2353 2115 Brundu-

1042 2124 1115 2151 Idem
1129 2123 1242 2157 Phillpp-
1259 2122 1287 2148 55
1305 2126 1371 2153 sium
1383 2127 1461 2158 veni,
1480 2127 1523 2153 vel
1536 2132 1625 2162 potius
1642 2126 1674 2153 ad
1692 2126 1798 2153 moenia
1811 2125 1896 2152 accessi
1911 2135 1917 2151 z
1941 2123 2036 2151 vrbem
2054 2132 2133 2151 vnam
2147 2124 2216 2151 mihi
2229 2123 2350 2151 amiciffi-

1305 2171 1377 2189 ruam
1395 2161 1536 2188 declinaui.
1591 2162 1684 2188 Atomi
1698 2160 1829 2188 declinant
1846 2170 1875 2187 ex
1888 2159 2022 2195 disciplina
2036 2160 2152 2195 Epicuri,
2176 2163 2195 2186 i.
2213 2168 2228 2184 a
2245 2157 2313 2186 resto
2327 2165 2352 2185 et

1300 2198 1503 2233 perpendiculari
1515 2197 1584 2235 lapsu
1598 2199 1751 2233 aliquantum
1765 2196 1892 2233 discedunt
1904 2196 1960 2222 Cic.
1973 2196 2005 2222 de
2017 2196 2082 2222 Fato
2101 2204 2124 2221 c.
2140 2204 2177 2221 10.
2206 2197 2237 2221 it.
2251 2203 2285 2221 20
2304 2201 2351 2220 etc.

1305 2233 1338 2259 dc
1353 2233 1410 2260 Fin.
1427 2242 1436 2259 1
1458 2243 1480 2260 c.
1495 2235 1520 2260 6.
1551 2240 1574 2259 et
1588 2232 1620 2260 de
1633 2234 1728 2260 Natur.
1741 2233 1822 2259 Deor.
1836 2240 1847 2258 1
1872 2240 1894 2258 c.
1908 2238 1949 2264 25.
2019 2231 2116 2265 Magna
2136 2239 2226 2257 reruni
2244 2238 2350 2265 perniu-

1306 2268 1408 2295 tatione
1429 2268 1612 2303 impendente,
1628 2268 1763 2295 declinasse
1781 2267 1947 2302 paullulum,
1967 2271 1993 2293 et
2011 2266 2054 2301 spe
2067 2266 2187 2301 reliquae
2199 2265 2351 2300 tranquilli-

204 2314 341 2343 mentabar
360 2309 528 2338 declamitam
551 2307 601 2339 (fic
619 2305 692 2333 enim
709 2313 779 2331 nunc
798 2304 962 2339 loquuntur)
983 2303 1057 2336 saepe
1076 2309 1137 2326 ⁰¹1¹ss
1153 2301 1190 2326 Μ·
1204 2298 1296 2330 Pi-.60
1307 2303 1381 2335 tatis,
1406 2305 1553 2338 praesentes
1573 2303 1685 2339 111ιᾶ113,
1710 2303 1942 2338 tempestatemque
1961 2302 2054 2337 fugisse
2078 2301 2135 2329 Cic.
2154 2310 2203 2336 pro
2221 2302 2291 2328 Sext.
2309 2308 2352 2336 73.

204 2351 281 2381 sone,
298 2355 323 2374 et
336 2356 396 2373 cum
407 2347 461 2379 Qu.
475 2343 616 2378 Pompeio,
630 2348 676 2368 etc.
772 2375 779 2380 .

243 2390 312 2412 Drc
324 2382 536 2410 LAMATvs,
562 2387 591 2408 a,
616 2386 671 2403 um.
710 2376 804 2403 Partic.

206 2419 339 2455 Lamprid.
358 2417 387 2443 in
401 2415 473 2441 Alex.
492 2422 514 2438 c.
529 2422 551 2444 3.
576 2446 582 2451 .
817 2443 823 2453 ἱ
938 2446 943 2450 .
1016 2445 1022 2449 ¹
1037 2443 1038 2450 ἵ
1125 2443 1128 2446 Ι

244 2462 263 2482 D
271 2463 287 2482 E
297 2461 313 2481 C
321 2461 338 2480 L
349 2453 369 2478 Ᾰ
378 2458 402 2478 Μ
413 2452 461 2476 ᾸΤ
470 2456 489 2475 O
497 2455 527 2479 R,
542 2455 605 2473 oris.
625 2455 662 2472 m.
680 2445 854 2478 [μελετητης]
891 2444 941 2479 Qu
955 2449 1000 2470 aut
1011 2452 1038 2468 m
1045 2440 1151 2477 fibulis,
1158 2445 1201 2465 aut
1208 2439 1247 2474 se-

849 2374 900 2406 Vt,
926 2369 1068 2399 Orationes
1088 2369 1245 2396 declamatae

207 2489 356 2526 cumfistam
369 2485 466 2520 caufizm
480 2487 550 2518 agit,
568 2488 597 2507 vt
605 2480 680 2516 poffit
692 2489 776 2507 veram
788 2478 883 2506 reatus
894 2488 974 2514 agere.
1227 2510 1232 2514 ι

210 2532 237 2559 83
257 2535 278 2551 c.
290 2533 324 2558 34
343 2523 408 2549 Non
421 2518 497 2546 vobis
509 2516 604 2543 videor
622 2524 681 2542 cum
694 2515 786 2549 aliquo
798 2514 989 2544 declamatore,
1007 2521 1061 2538 non
1075 2520 1134 2537 cuin
1148 2509 1247 2536 laboris

210 2568 235 2588 et
255 2560 309 2587 fori
328 2555 458 2591 discipulo
478 2552 609 2586 disputare
623 2552 632 2575 ’ἐ
704 2550 760 2576 Cic.
775 2550 803 2575 in
816 2549 890 2574 Orat.
906 2556 942 2582 47
964 2557 984 2572 c.
999 2555 1024 2580 15
1045 2548 1109 2572 Non
1121 2546 1191 2571 enim
1206 2546 1248 2571 de-

210 2598 378 2624 clamatorem
393 2591 510 2625 aliquem
523 2587 555 2613 de
569 2585 648 2617 ludo,
666 2591 710 2611 aut
727 2583 846 2610 rabulam
868 2583 899 2608 de
911 2584 990 2614 foro,
1011 2581 1055 2608 sed
1074 2580 1249 2608 doffiffimum

210 2638 237 2660 et
255 2627 466 2667 perfectissimum
480 2621 640 2658 quaerimus.
662 2625 663 2629 ¹

248 2674 290 2693 DE
299 2673 315 2692 C
325 2672 339 2690 L
350 2665 401 2690 AM
412 2663 464 2688 ΔΛῙΤ
474 2666 482 2684 1
493 2657 594 2689 0‚onis.
614 2656 633 2681 f.
657 2653 778 2681 Verbale.
815 2653 946 2686 [μελέτη]
987 2651 1147 2677 Exercitatio
1165 2653 1248 2678 decla·
1259 2668 1295 2694 70
1311 2655 1478 2681 declinantur
1501 2662 1642 2682 contraria.

212 2702 337 2730 mationis
350 2697 425 2726 Auci.
439 2695 470 2723 ad
482 2695 547 2720 Her.
562 2701 574 2725 3
595 2701 616 2718 c.
633 2699 665 2717 11.
727 2689 784 2715 Cic.
793 2688 882 2714 Tute.
898 2696 917 2718 1,
931 2695 947 2721 7
968 2695 990 2711 c.
1002 2694 1021 2718 4
1041 2686 1075 2711 Vt
1089 2686 1160 2710 enim
1174 2694 1247 2724 antea

212 2734 444 2766 declamabitabam
458 2729 559 2760 causas,
578 2726 649 2762 quod
668 2733 747 2751 nemo
769 2732 812 2750 me
828 2722 927 2749 diutius
947 2721 1028 2760 fecit,
1048 2720 1083 2759 sic
1098 2719 1161 2759 hacc
1181 2719 1248 2746 mihi

213 2783 281 2801 nunc
295 2771 385 2799 similis
399 2768 435 2795 est
447 2763 610 2793 declamatio.
682 2762 799 2786 Fortuna
812 2757 1010 2797 declamationis
1030 2754 1160 2795 Qiine'til.
1177 2763 1208 2795 q,
1226 2763 1250 2785 2,

214 2809 280 2838 Adii.
295 2807 368 2834 Idem
381 2814 419 2836 10,
432 2810 453 2836 5.
501 2802 611 2834 Interpp.
629 2795 746 2823 Petronii
761 2805 782 2820 c.
797 2803 817 2820 1.
871 2791 1035 2826 Qiotidiana
1048 2792 1105 2817 Cic.
1119 2789 1167 2817 Fil.
1177 2791 1249 2816 sam,

215 2848 244 2872 16
268 2853 304 2871 21.
373 2838 467 2866 Senilis
480 2833 634 2863 declamatio
650 2831 705 2858 Cic.
720 2831 803 2857 Tusc.
819 2838 839 2862 i,
851 2837 868 2864 7
889 2838 909 2855 c.
923 2838 950 2861 4.
1099 2861 1103 2869 Ι
1166 2863 1170 2867 .

213 2865 319 2914 vulgata
332 2872 521 2904 declamatione
534 2867 693 2897 contendere
706 2865 777 2893 Idem
792 2873 840 2900 pro
848 2864 976 2903 Plane-47
997 2871 1019 2888 c.
1028 2870 1064 2893 19.
1086 2862 1182 2887 uelocis
1189 2870 1251 2886 com-

214 2915 327 2944 munibus
342 2915 369 2939 in
376 2908 502 2947 forensem
517 2908 649 2932 orationem
661 2901 835 2928 incidentibus.
907 2900 962 2926 Cic.
978 2906 1026 2933 pro
1041 2898 1159 2937 Muraen.
1176 2904 1212 2928 44
1231 2905 1252 2936 c.

215 2960 250 2979 21
276 2950 341 2977 Non
363 2948 446 2982 placet
467 2941 538 2970 mihi
559 2938 697 2974 inquisitio
720 2935 869 2967 candidati,
903 2949 948 2955 -—
984 2941 1038 2959 non
1060 2940 1147 2972 ininae
1170 2940 1252 2964 magis

217 2995 296 3021 quam
307 2981 451 3011 blanditiae
465 2991 470 3006 :
489 2985 543 3004 non
556 2973 712 3002 declamatio
724 2972 824 3007 potius,
839 2979 917 3006 quam
932 2969 1110 3005 persalutatio.
1164 2967 1253 2993 Decla-

216 3021 300 3049 matio
334 3025 450 3053 tanquam
462 3024 490 3041 εκ
503 3014 564 3040 locis
577 3008 738 3038 communibus
750 3010 778 3034 in
790 3009 857 3033 vitia
871 3009 926 3042 quis
939 3006 1014 3031 ilicet.

256 3040 346 3082 1³13st
358 3061 379 3081 A
388 3060 413 3079 M
422 3059 443 3078 A
452 3058 472 3077 T
481 3057 491 3075 1
500 3056 521 3075 v
532 3054 552 3073 Ν
565 3053 582 3074 c
593 3053 614 3071 v
627 3052 643 3071 1.
654 3052 674 3071 A
684 3064 691 3076 ‚
708 3052 748 3078 ae,
772 3043 792 3069 f.
828 3043 912 3069 Parua
925 3040 1076 3080 clei-lamatio.
1119 3037 1187 3070 Geli.
1201 3038 1227 3068 6,
1241 3042 1254 3066 8

218 3087 482 3119 Declaniatiunculam
497 3084 572 3118 super
586 3079 735 3108 Alexandro
750 3077 891 3104 celebrare.
961 3075 1051 3102 Sidon.
1072 3083 1098 3106 1,
1115 3083 1134 3107 4
1160 3072 1255 3099 Adole-

221 3129 336 3154 scentuni
349 3118 593 3151 declamatiuncula.
851 3147 858 3153 .
1067 3144 1072 3153 1
1174 3143 1180 3148 ”

257 3169 275 3188 1)
286 3169 301 3188 Ε
312 3167 329 3187 c
340 3167 355 3185 L
365 3167 386 3187 A
396 3165 422 3186 M
432 3163 511 3184 ATo
521 3162 539 3181 R
549 3161 558 3179 1
568 3160 607 3179 vs
618 3172 626 3185 ‚
652 3159 683 3184 a,
715 3158 769 3176 uni.
807 3148 868 3175 Adi.
906 3146 1103 3181 [μελετητικος]
1150 3144 1205 3170 Cic.
1224 3142 1256 3170 ad

223 3198 351 3230 QFratr.
366 3204 387 3227 3,
403 3203 415 3226 3
442 3193 473 3220 Et
485 3190 539 3225 ipse
552 3197 615 3224 puer
627 3186 709 3221 magis
723 3185 772 3212 illo
785 3183 975 3211 declamatorio
989 3189 1083 3216 genere
1096 3180 1158 3205 duci
1175 3186 1200 3205 ct
1215 3179 1257 3205 de.
1273 3192 1301 3221 85
1318 3182 1541 3209 1d‚deAmicit.6,
1556 3191 1633 3223 ειη,
1659 3183 1729 3210 Etde
1738 3185 1802 3210 Fato

882 3217 956 3255 Conf.
977 3218 1050 3243 Idem
1064 3216 1096 3241 de
1109 3216 1183 3242 Orat.
1203 3223 1213 3240 1
1236 3224 1257 3240 c.

223 3231 315 3258 lectari
329 3230 440 3256 videtur.
496 3227 601 3262 Legitur
616 3230 638 3249 ct
653 3220 825 3248 clamatorio.

995 3252 1084 3278 Genus
1104 3250 1258 3277 declemato-

226 3268 262 3294 16.
318 3262 484 3290 Consuetudo
502 3258 686 3288 declamatoria
705 3255 835 3290 Quinctil.
849 3262 877 3288 5,
892 3262 925 3286 13.

224 3302 296 3329 rium
309 3299 412 3326 dicendi
430 3298 580 3328 Iden12‚10.
1206 3323 1210 3328 .

263 3343 280 3361 Ι)
290 3343 305 3362 13
316 3341 333 3361 c
344 3341 359 3360 1.
371 3341 393 3360 A
401 3341 425 3359 M
435 3340 455 3359 A
464 3341 483 3359 T
493 3339 510 3359 o
519 3340 538 3359 R
548 3339 558 3359 1
568 3337 583 3357 Ε
592 3348 598 3356 .
635 3328 701 3354 Adu.
738 3323 939 3360 [μελετητικώς]
976 3323 1048 3350 More
1062 3321 1258 3348 declamantium.

226 3371 382 3402 Hieronyin.
403 3369 478 3394 More
490 3376 581 3394 eorum
590 3386 598 3398 ,
612 3364 660 3399 qui
673 3361 859 3390 declamatorie
872 3359 955 3387 solent
969 3358 1044 3393 loqui
1058 3357 1089 3384 ad
1102 3357 1237 3391 populum.
1275 3371 1311 3395 90
1320 3360 1398 3394 Legg‚
1417 3369 1436 3389 1²
1453 3368 1492 3394 57·

264 3413 282 3431 1)
291 3413 306 3431 E
316 3412 332 3431 c
341 3411 356 3430 1.
369 3404 413 3430 ᾸΒ
423 3409 493 3433 o‚as,
504 3407 555 3428 are.
590 3398 690 3434 [ὃηλόω,
703 3397 847 3432 ἐμφανίζω]
883 3397 998 3434 Aperire,
1011 3390 1179 3433 manifestare.
1202 3392 1259 3432 Cic.

228 3441 281 3468 Off.
296 3449 316 3472 1,
328 3441 360 3465 26
387 3437 532 3464 Declarauit
552 3436 578 3462 id
598 3434 680 3461 modo
693 3433 825 3461 temeritas
837 3431 867 3458 C.
881 3431 1014 3461 Caesaris,
1035 3437 1082 3489 qui
1095 3436 1186 3454 omnia
1200 3435 1258 3453 iura

228 3475 321 3503 diuina
334 3479 410 3506 atque
424 3472 537 3498 humana
549 3470 683 3504 peruertit.
754 3468 827 3496 Idem
841 3468 945 3498 Fam.6,
956 3474 978 3497 13
999 3466 1033 3491 Po
1043 3499 1048 3504 ⁵
1058 3473 1087 3490 ca
1100 3472 1166 3490 vero
1181 3471 1259 3497 quam

229 3518 348 3545 magnam
362 3509 431 3542 spem
446 3506 541 3532 habere
558 3506 644 3538 coepi,
661 3506 767 3536 fore,vt
781 3509 806 3530 te
817 3502 896 3530 breui
907 3507 1027 3535 tempore
1040 3499 1201 3526 incolumem
1216 3498 1259 3524 ha-

1031 2478 1086 2503 Cic.
1101 2484 1148 2510 pro
1163 2476 1246 2500 Plane.
1259 2475 1290 2506 65
1309 2488 1336 2512 9,
1348 2481 1410 2512 460,

1284 2761 1288 2762 ⁷
1310 2757 1447 2783 Declinare
1482 2758 1664 2784 contentiones
1695 2757 1769 2784 Ideni
1789 2758 1842 2784 Att.
1855 2766 1881 2790 2,
1895 2766 1926 2784 20
1948 2761 2021 2792 (19).

1020 2825 1133 2860 Vulgari
1154 2831 1178 2852 et
1196 2834 1251 2860 per·
1265 2838 1296 2866 73
1313 2836 1362 2862 pro
1377 2828 1473 2854 Milon.
1488 2836 1528 2861 41.

1272 3013 1305 3040 80
1315 3006 1392 3031 Vcrr.
1412 3013 1441 3038 3,
1469 3025 1475 3031 .

1307 2339 1445 2365 Declinare
1466 2349 1481 2366 a
1500 2339 1560 2366 loco
1579 2339 1672 2374 aliquo
1689 2338 1763 2365 Idem
1777 2340 1830 2366 Att.
1847 2347 1886 2372 14,
1898 2346 1927 2371 19
1947 2341 2022 2372 (17).

1307 2380 1372 2400 extr.
1395 2375 1467 2401 Nam
1480 2383 1530 2409 ego
1544 2375 1627 2401 modo
1646 2375 1781 2402 declinaui
1792 2373 1939 2410 paullulum
1955 2382 1998 2399 me
2011 2378 2084 2399 extra
2096 2373 2177 2400 viam.
2247 2372 2304 2399 Cic.
2318 2370 2352 2398 de

1307 2409 1365 2435 Fin.
1381 2417 1403 2441 5,
1415 2417 1428 2442 5
1454 2410 1539 2436 Modo
1553 2410 1634 2436 etiam
1648 2410 1766 2444 paullum
1777 2410 1810 2437 ad
1822 2410 1940 2436 dextram
1954 2408 1987 2435 de
1999 2408 2042 2435 via
2057 2407 2197 2435 declinaui.
2252 2407 2352 2435 Cursu:

1309 2444 1443 2470 declinare
1457 2444 1536 2471 Ouid.
1552 2446 1616 2471 Met.
1632 2453 1669 2477 10,
1683 2447 1744 2479 667.
1814 2444 1954 2470 Paullatim
1972 2443 2087 2469 declinat
2106 2452 2181 2469 amor
2198 2443 2271 2469 Idem
2284 2444 2350 2469 Met.

1481 2479 1601 2506 Dec-linat
1614 2479 1643 2505 in
1655 2480 1793 2514 vesperum
1806 2478 1862 2505 dies
1879 2477 2010 2505 Columel.
2025 2482 2049 2508 8,
2062 2487 2091 2511 4,
2105 2486 2127 2509 3.
2189 2477 2311 2504 Declinat
2323 2477 2354 2503 iii

1308 2514 1427 2541 Pholoen
1440 2515 1540 2546 Cyrus,
1560 2517 1578 2540 i.
1585 2516 1706 2550 procliuis
1718 2517 1745 2540 in
1760 2523 1812 2541 eam
1826 2512 1858 2547 [st
1872 2523 1953 2540 amore
1969 2514 2065 2540 Horat.
2080 2512 2131 2539 Od.
2145 2521 2165 2545 1,
2179 2520 2217 2545 33,
2230 2519 2257 2547 7.
2309 2512 2354 2538 In-

1309 2550 1455 2576 flammatio
1468 2549 1580 2576 declinat
1594 2550 1660 2577 Cels.
1676 2557 1699 2583 5,
1712 2558 1755 2584 27.
1826 2550 1937 2576 Somnus
1951 2548 2064 2575 declinat
2082 2548 2180 2575 ocellos
2199 2549 2317 2581 Propert.
2330 2554 2355 2580 2,

1312 2594 1333 2617 1,
1347 2593 1383 2610 11.
1453 2585 1531 2611 Dulci
1543 2585 1656 2611 declinat
1673 2585 1775 2611 lumina
1787 2585 1881 2611 somno
1894 2583 1992 2618 Virgil.
2007 2584 2071 2609 Aen.
2087 2593 2115 2617 4,
2129 2588 2177 2615 185.
2249 2582 2306 2610 Cic.
2320 2581 2354 2608 de

1310 2620 1407 2646 Natnr.
1422 2620 1502 2646 Deor.
1517 2629 1540 2652 3,
1553 2628 1579 2652 33
1606 2621 1774 2654 Appetuntur
1786 2626 1890 2651 autem,
1912 2627 1981 2653 quae
1996 2617 2138 2645 secundum
2152 2623 2273 2645 naturam
2283 2617 2354 2649 sunt,

1611 2656 1615 2660 ’
1713 2655 1770 2682 Cic.
1791 2655 1820 2681 in
1839 2654 1929 2681 Partit.
1965 2673 1972 2680 .
2009 2673 2016 2680 .
2052 2653 2173 2680 Aetionis
2195 2658 2282 2680 autem
2298 2651 2353 2677 duo

1311 2691 1369 2715 sunt
1390 2698 1485 2722 genera
1503 2701 1508 2715 :
1538 2691 1643 2723 Vnum,
1667 2689 1699 2716 ad
1719 2689 1928 2723 persequendum
1952 2686 2070 2722 aliquid,
2096 2694 2140 2716 aut
2160 2685 2352 2714 declinandum.

1311 2722 1449 2748 Declinare
1462 2732 1476 2749 a
1490 2723 1624 2757 proposito
1637 2723 1830 2757 defle&ereque
1842 2723 1997 2750 sententiam
2013 2724 2069 2750 Cic.
2082 2724 2112 2751 in
2125 2724 2198 2750 Orat.
2211 2727 2250 2754 138
2271 2731 2293 2749 c.
2307 2731 2355 2754 40.

2091 2760 2222 2792 Impetum
2240 2757 2356 2784 alicuius

1877 2794 2018 2820 Declinare
2037 2792 2145 2827 laqueos
2166 2792 2262 2819 iudicii
2280 2792 2354 2819 Idem

1601 2829 1622 2854 A
1637 2828 1712 2855 malis
1725 2834 1818 2855 natura
1831 2828 1993 2855 declinamus
2008 2828 2063 2854 Cic.
2071 2829 2153 2855 Tusc.
2166 2838 2194 2863 4,
2211 2836 2244 2861 13.
2280 2827 2355 2855 Idem

1313 2864 1366 2889 Att.
1375 2871 1397 2895 2,
1413 2871 1455 2889 120
1476 2863 1565 2890 Minae
1577 2863 1668 2890 Clodii
1683 2864 1916 2899 contentionesque
1928 2873 1996 2899 quae
2008 2863 2077 2890 mihi
2090 2869 2286 2898 proponuntur,
2299 2872 2355 2890 mo-

1313 2898 1371 2925 dice
1386 2907 1428 2925 me
1446 2904 1555 2932 tangunt
1568 2909 1574 2924 :
1602 2899 1703 2926 etenim
1721 2899 1763 2926 vcl
1777 2899 1865 2926 subire
1883 2908 1925 2926 eas
1939 2899 2034 2926 videor
2046 2899 2115 2927 inihi
2127 2900 2228 2926 summa
2241 2908 2300 2926 cum
2315 2899 2356 2926 di-

1314 2934 1428 2968 gnitate,
1449 2934 1491 2960 vel
1506 2934 1637 2961 declinare
1655 2934 1729 2962 nulla
1747 2944 1806 2961 cum
1824 2935 1943 2962 molestia
1956 2935 2035 2970 posse.
2106 2935 2246 2961 Declinare
2265 2934 2299 2961 ab
2315 2942 2356 2962 re-

1315 2969 1416 3004 ligione
1429 2968 1526 3000 officii,
1548 2970 1592 2997 hoc
1608 2969 1655 3004 est,
1676 2972 1733 2997 Non
1753 2971 1877 3007 obseruare
1892 2968 1969 3006 officii
1987 2973 2045 2997 iura
2061 2976 2085 2996 et
2091 2968 2273 3006 Jant‘litatem:
2300 2969 2358 2996 Cic.

1512 3025 1518 3032 .
1554 3006 1610 3039 Qii
1630 3005 1679 3032 fibi
1696 3005 1746 3033 hoc
1764 3005 1866 3038 sumsit,
1885 3012 1914 3032 vt
1932 3006 2048 3040 corrigat
2067 3014 2154 3032 mores
2171 3006 2304 3037 aliorum,
2327 3013 2357 3032 ac

1317 3046 1421 3075 peccata
1435 3040 1618 3075 reprehendat,
1637 3041 1697 3076 quis
1711 3041 1773 3068 huic
1787 3042 1918 3076 ignoscat,
1934 3041 1952 3067 si
1965 3050 2017 3077 qua
2028 3042 2057 3068 in
2068 3050 2097 3068 re
2110 3041 2165 3076 ipse
2178 3041 2211 3068 ab
2223 3040 2357 3075 religione

1317 3075 1399 3102 officii
1416 3076 1571 3104 declinarit?
1621 3077 1677 3103 Cic.
1691 3077 1723 3103 de
1735 3078 1856 3103 Proiiinc.
1871 3077 1979 3103 Consul.
2016 3096 2022 3103 .
2056 3097 2062 3102 .
2100 3076 2194 3103 Subire
2207 3076 2263 3103 vim
2276 3081 2356 3110 atque

1317 3111 1445 3138 iniuriam
1466 3111 1564 3144 malui,
1584 3121 1663 3147 quam
1683 3118 1728 3139 aut
1747 3122 1762 3138 a
1780 3113 1871 3139 vestris
1890 3112 2051 3139 sanffiffimis
2069 3111 2202 3139 mentibus
2219 3110 2356 3142 diffidere,

1318 3153 1362 3173 aut
1370 3147 1468 3174 deiiico
1476 3147 1541 3174 statu
1556 3146 1696 3174 declinare.
1738 3149 1876 3175 Declinare
1884 3147 1916 3174 de
1923 3148 1967 3174 via
1974 3155 2022 3182 per
2037 3149 2155 3174 translat.
2159 3154 2207 3181 pro
2215 3146 2357 3178 Aberrare,

1823 3204 1830 3210 .
1853 3203 1859 3210 .
1880 3184 1939 3210 Hoc
1947 3183 2028 3209 niodo
2036 3182 2101 3209 hanc
2108 3183 2208 3209 causam
2216 3181 2355 3216 disceptari

1319 3224 1435 3252 oportet,
1448 3227 1501 3244 non
1515 3218 1547 3244 ab
1556 3225 1650 3245 atomis
1658 3219 1815 3251 errantibus,
1823 3225 1848 3245 et
1856 3219 1939 3246 devia
1946 3216 2356 3251 declinantibuspetcrepraesidi-

1320 3263 1373 3279 um.
1412 3254 1551 3281 Declinare
1564 3254 1688 3281 vitiaCic.
1698 3254 1750 3281 Off.
1760 3264 1778 3285 1,
1788 3262 1824 3287 19.
1869 3254 2013 3286 Adelic’tis,
2020 3261 2086 3288 quae
2093 3252 2356 3287 paruavidentur,est

1320 3289 1472 3322 diligentius
1481 3289 1665 3316 declinandum
1688 3290 1785 3317 1d.0ff.
1795 3299 1814 3322 1,
1825 3298 1868 3324 145
1876 3299 1898 3317 c.
1906 3299 1950 3323 40.
2004 3289 2041 3315 Eo
2053 3287 2354 3320 reuocemur‚vndehiic

1319 3324 1463 3350 dccliiiauit
1471 3325 1558 3351 oratio
1568 3326 1623 3351 Cic.
1632 3325 1663 3351 de
1672 3326 1746 3352 Orat.
1754 3335 1779 3358 2,
1788 3333 1838 3359 157.
1876 3326 1935 3351 Huc
1943 3323 2104 3350 declinabam
2112 3332 2159 3349 nec
2169 3324 2268 3350 inuitus
2276 3322 2313 3349 1d.
2321 3321 2355 3348 de

1563 3361 1593 3387 In
1608 3359 1656 3387 hoc
1671 3370 1752 3395 genus
1765 3361 1885 3395 plerique
1900 3369 1960 3386 cum
1970 3358 2144 3390 declinassent,
2152 3366 2177 3385 et
2190 3358 2223 3385 ab
2237 3367 2277 3389 eo,
2299 3366 2355 3392 quo

1318 3395 1434 3430 profecti
1449 3397 1506 3422 sunt
1515 3416 1522 3427 ,
1541 3395 1695 3422 aberrarunt
1707 3397 1783 3423 Αιιὲἲ.
1797 3396 1829 3422 ad
1842 3397 1906 3422 Her.
1919 3405 1938 3429 4
1958 3403 1980 3421 c.
1994 3403 2031 3420 10.
2101 3394 2167 3422 Non
2180 3394 2216 3420 est
2228 3392 2357 3420 declinata

1320 3431 1465 3466 quidquam
1484 3431 1516 3457 ab
1535 3432 1647 3458 aliarum
1665 3432 1774 3466 ingenio
1790 3431 1858 3458 Ter.
1872 3431 1935 3456 Hec.
1947 3438 1973 3461 2,
1992 3437 2012 3459 1,
2030 3437 2051 3461 3.
2076 3430 2105 3455 id
2117 3428 2167 3462 eli,
2181 3427 2284 3456 eiusdem
2292 3428 2356 3464 sunt

1320 3469 1425 3503 ingenii.
1498 3467 1562 3492 Plin.
1576 3475 1617 3501 37,
1632 3473 1645 3497 8
1669 3468 1686 3493 s.
1700 3476 1732 3500 34
1758 3466 1907 3493 Praefertur
1925 3464 1965 3490 his
1985 3463 2192 3500 chrysoprasius,
2213 3463 2287 3497 porri
2300 3465 2355 3490 suc-

1321 3511 1380 3528 cum
1395 3508 1420 3528 et
1433 3502 1486 3536 ipsa
1499 3502 1646 3534 referente,
1661 3502 1704 3529 sed
1717 3502 1780 3529 haec
1793 3500 1911 3536 paullum
1922 3499 2052 3526 declinans
2065 3509 2079 3526 a
2093 3499 2196 3535 topazio
2210 3499 2238 3524 in
2251 3508 2354 3525 aurum.

2091 2337 2172 2364 Plaut.
2186 2336 2277 2363 Aulul.
2289 2345 2318 2370 4,
2336 2341 2351 2366 8

1312 2792 1381 2819 tecte
1399 2792 1532 2818 declinare
1551 2793 1607 2820 Cic.
1619 2793 1648 2819 in
1659 2793 1733 2820 Orat.
1749 2798 1805 2823 228.

229 3547 369 3574 heremus:
399 3543 484 3568 facere
502 3548 556 3566 non
574 3540 663 3572 potui,
678 3541 745 3574 quin
763 3538 815 3566 tibi
833 3543 859 3564 et
877 3536 1031 3563 sententiam
1052 3541 1077 3560 et
1095 3535 1259 3561 voluntatem
1274 3546 1309 3573 95
1321 3537 1460 3563 Declinare
1479 3546 1572 3571 agmen
1586 3537 1693 3572 aliquo,
1707 3544 1756 3572 pro
1771 3538 1808 3563 De
1827 3537 1877 3562 Ioco
1896 3544 1944 3561 vno
1959 3535 2043 3561 ducere
2056 3536 2088 3562 ini
2099 3538 2171 3562 alium
2185 3544 2193 3558 :
2218 3534 2278 3560 Liu.
2293 3543 2311 3565 i,
2324 3538 2356 3563 28

230 3581 387 3609 declararem
407 3585 500 3603 meam.
568 3574 704 3600 Declarare
719 3577 778 3610 plus
792 3572 825 3607 est
837 3582 909 3609 qaam
922 3571 1088 3606 significare:
1117 3571 1171 3596 Cic.
1187 3570 1259 3595 Fani.

230 3625 254 3651 ς,
269 3624 292 3648 13
318 3616 406 3648 Itaque
422 3612 471 3638 hoc
486 3610 583 3643 saepius
597 3608 751 3641 dicendum,
769 3609 873 3644 tibique
886 3616 939 3634 non
954 3605 1150 3641 significandum
1165 3605 1259 3637 solum,

230 3651 275 3679 sed
293 3649 372 3676 etiam
392 3644 573 3674 declarandum
593 3643 722 3675 arbitror,
741 3644 808 3670 nihil
826 3644 895 3670 inihi
913 3643 961 3669 esse
979 3641 1088 3677 potuisse
1108 3641 1161 3667 tuis
1175 3640 1260 3665 literis

231 3686 339 3722 gratius.
409 3682 465 3708 Cic.
481 3688 528 3714 pro
542 3678 636 3705 Milon.
673 3697 679 3703 .
716 3697 723 3704 .
745 3678 786 3710 *Si
799 3679 911 3714 denique
924 3686 1039 3712 vnquam
1056 3676 1129 3702 locus
1144 3674 1260 3709 anipliffi-

234 3729 339 3748 morum
352 3717 475 3744 ordinum
491 3713 596 3741 delectis
609 3712 674 3739 viris
689 3711 760 3739 datus
773 3713 824 3744 est,
843 3715 890 3740 vbi
905 3715 949 3740 sua
961 3712 1045 3739 studia
1064 3720 1124 3745 erga
1138 3711 1219 3736 fortes
1235 3713 1380 3746 etlootelle
1397 3713 1502 3740 Budaso,

233 3757 318 3784 bonos
332 3754 418 3784 ciues,
435 3760 502 3786 quae
515 3748 598 3774 Vultu
616 3753 641 3773 et
653 3746 739 3773 verbis
752 3749 824 3781 saepe
838 3748 1028 3781 significassent,
1048 3755 1076 3774 re
1089 3753 1114 3773 et
1128 3746 1261 3772 sententiis

233 3790 404 3819 declarassent,
418 3794 462 3812 etc.
515 3782 721 3817 Significatione,
740 3791 794 3808 non
808 3782 1028 3810 demonstratione
1041 3782 1189 3810 vniuci·sam
1203 3790 1259 3807 rem

233 3834 258 3853 et
271 3825 422 3852 sententiani
434 3821 546 3847 declarat
557 3818 640 3852 gestus
656 3816 770 3843 scenicus
785 3817 840 3843 Cic.
854 3817 885 3842 de
897 3819 970 3844 Orat.
985 3828 1005 3850 3,
1019 3823 1070 3848 218.
1132 3817 1261 3844 Luculen.

234 3867 287 3887 tam
302 3861 403 3895 plagam
416 3856 530 3890 accepit,
552 3860 581 3880 vt
594 3852 706 3878 declarat
721 3852 827 3878 cicatrix
841 3852 912 3878 Ideni
924 3852 1035 3887 Philipp.
1047 3861 1074 3888 7,
1089 3860 1127 3887 17,
1181 3853 1260 3878 Bene-

234 3896 378 3921 volcntiain
392 3893 421 3919 in
432 3892 548 3926 aliquem
561 3888 690 3914 declarare
710 3887 764 3912 Cic.
778 3895 826 3920 pro
840 3888 927 3912 Domo
941 3892 978 3918 98,

235 3936 273 3957 rat
288 3930 387 3955 satietas
404 3935 495 3955 rerum
512 3931 538 3954 ct
550 3921 707 3951 abundantia
719 3921 793 3949 Idem
805 3922 835 3949 in
847 3921 970 3949 Paradox.
984 3924 1011 3955 6,
1022 3930 1047 3950 2.
1117 3923 1260 3950 consuetu-

1322 3573 1379 3600 Ncc
1397 3581 1426 3598 ea
1439 3573 1515 3607 culpa
1534 3582 1613 3607 quani
1632 3581 1730 3607 arguo,
1752 3571 1871 3597 omnium
1886 3569 2049 3597 Albanorum
2067 3571 2158 3597 ducem
2171 3569 2275 3604 sequuti
2285 3570 2355 3602 sunt,

1320 3613 1350 3635 vt
1365 3614 1389 3634 et
1401 3617 1458 3640 vos,
1467 3608 1484 3634 si
1493 3617 1547 3642 quo
1560 3617 1609 3642 ego
1623 3608 1685 3634 inde
1702 3615 1794 3642 agmen
1805 3605 1935 3632 declinare
1948 3606 2101 3637 voluissem,
2119 3604 2247 3631 fecissetis.
2304 3604 2356 3631 De-

1321 3643 1434 3675 clinare,
1451 3647 1549 3670 vitaiw:
1579 3644 1634 3669 Cic.
1648 3643 1702 3669 Off.
1715 3652 1739 3674 i,
1755 3650 1789 3668 111
1820 3641 1991 3676 Declinetquc
2006 3650 2050 3674 ea,
2069 3647 2134 3675 quae
2147 3640 2268 3666 nocitura
2280 3639 2355 3666 vide-

1321 3684 1406 3705 antur.
1479 3679 1616 3705 Dcclinare
1630 3684 1776 3708 certamen,
1795 3682 1818 3702 et
1831 3675 1991 3709 detrectare,
2007 3684 2055 3711 pro
2071 3673 2148 3701 eodem
2162 3678 2236 3709 ponit
2249 3674 2355 3707 Liuius,

1574 3714 1634 3739 Liu.
1653 3715 1694 3745 36,
1726 3732 1732 3738 .
1760 3731 1766 3737 .
1797 3711 1861 3737 Non
1880 3712 1973 3738 iaculis
1990 3712 2073 3738 solum
2090 3716 2119 3736 vt
2137 3711 2218 3742 solet,
2234 3715 2355 3744 exceptos

1324 3748 1489 3774 declinabant
1504 3747 1585 3780 ictus,
1601 3748 1643 3774 sed
1657 3747 1751 3774 armati
1763 3746 1925 3780 frequentes,
1945 3754 1991 3773 etc.
2184 3743 2205 3781 fl
2223 3754 2240 3772 z
2269 3747 2355 3771 Gram-

1321 3786 1412 3810 matica
1431 3786 1504 3809 etiam
1522 3786 1590 3809 notio
1610 3784 1682 3809 huius
1702 3784 1771 3808 vocis
1790 3782 1822 3814 ‘st
1837 3785 2005 3818 perantiqua:
2041 3779 2311 3808 Nominadeclinare
2329 3786 2356 3806 et

1322 3818 1403 3844 verba
1417 3818 1445 3844 in
1459 3818 1551 3851 primis
1566 3818 1642 3852 pueri
1657 3818 1736 3844 sciant
1749 3818 1878 3850 QiincIil.
1894 3827 1914 3851 1,
1928 3827 1955 3850 4,
1966 3824 2007 3842 22.
2055 3815 2129 3850 Conf.
2143 3817 2221 3842 Varr.
2235 3816 2267 3841 de
2279 3816 2309 3841 L.
2323 3815 2354 3843 L.

1322 3861 1339 3888 7
1355 3860 1399 3888 pr.
1454 3855 1574 3879 Ponamur
1584 3860 1663 3888 pauca
1682 3862 1711 3878 ex
1728 3861 1749 3878 c.
1765 3861 1778 3878 2
1798 3862 1821 3886 p.
1835 3858 1873 3886 35,
1886 3862 1922 3885 24
1943 3851 2027 3878 Etiam
2042 3851 2144 3877 nouicii
2156 3850 2226 3877 serui
2244 3851 2309 3877 emti
2326 3851 2355 3883 in

1050 3889 1161 3923 Copiam
1179 3887 1313 3923 decla-105
1321 3897 1414 3925 magna
1425 3888 1528 3915 familia
1542 3888 1594 3915 cito
1608 3888 1730 3915 omnium
1748 3889 1936 3916 conseruerum
1952 3885 2062 3913 nomina
2078 3886 2152 3913 reclo
2173 3885 2231 3913 casu
2248 3892 2355 3926 accepto

2325 3929 2354 3946 ln
