2479 4225
73 246 139 286 129
458 226 500 275 'D
584 234 618 275 E
698 233 736 276 V

70 329 96 352 et
110 327 240 356 comatos,
258 323 363 358 quoties
376 323 425 350 fibi
437 331 623 359 occurrerent,
635 321 761 358 occipitio
772 320 830 350 raso
840 320 1004 358 deturpabat.
1038 321 1104 350 Plin.

74 366 108 392 ις,
121 360 149 386 ι6
166 358 307 393 Aquilonis
318 368 427 395 quoque
439 359 526 387 affiatu
538 369 617 395 poma
628 359 781 393 deturpante
791 357 873 392 rugia.

449 432 480 464 D
573 433 600 464 E
694 430 723 460 V

107 504 312 534 nEvAGoR,
337 499 386 528 ari.
421 501 552 529 Aberrare.
588 497 762 525 Definitiones
782 497 811 525 in
831 497 994 527 anteriorem
1016 498 1105 528 locum

71 534 265 569 transtulimus,
282 544 315 562 ne
327 544 342 563 a
353 536 550 564 venditionibus
559 533 696 561 vicinitate
707 533 819 560 vlterius
831 533 898 561 deua
918 541 995 562 entur
1013 535 1104 562 lustin.

71 570 155 596 Praef·
169 578 179 597 ι
192 569 223 597 de
236 571 359 606 Concept.
373 572 432 607 Dig.
465 579 488 599 ee
500 572 529 598 N
556 570 615 596 tral.
643 568 804 596 Audiuimus
821 578 887 604 quos
907 578 948 596 am
968 570 1106 604 imperitos

70 604 212 668 ῗιὲιῃίιιὶιιά
223 605 366 642 deuagare,
392 614 418 635 et
448 605 532 634 deciri
551 612 594 631 am
628 603 765 639 discipulis
796 605 972 632 adulterinam
1002 605 1104 632 tradere

101 648 144 667 em
156 650 165 667 ι
186 649 196 668 ι
215 660 222 668 .

108 681 126 702 1>
136 682 154 703 ε
161 683 182 703 ν
190 683 211 703 A
220 682 241 703 G
250 683 272 704 A
281 683 303 703 N
312 683 336 710 s,
343 677 419 704 antis.
424 677 490 703 Part.
510 675 541 701 1n
547 674 605 701 loca
612 674 692 701 deuia
698 679 724 702 et
730 674 817 702 multo
825 674 945 702 distantia
953 673 1107 711 dcuagantei

75 711 166 739 lustin.
178 712 262 739 Praef.
278 721 294 739 ι.
307 711 340 739 de
351 712 473 745 Concept.
485 710 547 744 Dig.

108 752 127 772 D
135 753 152 773 Ε
162 753 181 773 ν
189 753 212 774 A
220 754 233 774 s
242 754 263 775 T
272 756 305 779 o,
320 751 372 774 are.
391 744 553 782 [neptuim-w,
563 743 724 781 κατερημόω]
760 746 836 772 Plane
847 743 945 779 vastare
958 752 982 772 ee
993 753 1106 773 euertere.

72 781 131 809 Liu.
144 790 188 815 22,
226 802 233 809 .
269 802 275 809 .
311 782 365 809 Vbi
376 781 434 808 satis
447 780 545 815 quietis
559 780 665 813 datum,
685 780 781 815 praeda
792 790 821 808 ac
834 780 1048 816 populationibus
1054 791 1108 808 ma-

74 817 112 852 gis
125 826 204 852 quain
215 817 272 845 otio
285 823 329 847 aut
341 815 430 851 requie
444 815 617 851 gaudentibus
630 816 781 851 profeQus,
800 817 997 844 Praetutianum
1015 817 1107 844 Adria-

71 861 189 888 numque
210 861 317 888 agrum,
334 851 433 879 Marsos
456 851 535 885 inde,
557 852 779 887 Marrucinosque
798 857 824 878 et
844 852 965 887 Pelignos
984 851 1107 880 deuastat.

71 886 144 915 Idem
158 896 195 921 23,
209 897 243 922 42
260 890 297 915 Ita
309 888 395 914 sumus
408 886 549 922 aliquoties
560 886 607 914 hac
621 887 715 914 aestate
730 886 873 920 deuastati,
889 893 934 920 vt,
950 894 996 914 etc.
1039 889 1107 916 Tri-

70 924 169 958 partito
187 923 220 950 ad
238 921 402 950 deuastandos
422 921 488 949 fines
500 922 633 950 discedere
650 922 689 950 ld.
703 932 732 958 4,
744 929 785 957 59.
855 924 967 958 Agmina
979 923 1052 951 ferro
1065 924 1107 952 dc-

70 958 165 985 vasiata
185 957 264 986 Ouid.
279 958 343 985 Met.
356 965 397 991 13,
412 964 462 991 255.

106 999 330 1025 DEVAs'rvs,
349 993 456 1026 a‚‘uni.
492 992 553 1019 Adi.
587 992 702 1028 Compar.
722 991 801 1027 Apul.
824 993 888 1020 Met.
910 1001 928 1027 9
949 1002 975 1028 p.
1000 996 1054 1034 336,
1079 1002 1107 1030 17
1116 1003 1155 1024 20

71 1028 208 1056 Deuastior
224 1027 346 1055 nodulus.
383 1028 431 1055 Sed
448 1028 511 1064 quid
520 1027 547 1063 fi
559 1027 698 1065 ftparatim
717 1029 738 1054 le
757 1027 860 1062 endum,
877 1029 986 1064 Iamque
1005 1031 1108 1058 inuersa

68 1065 124 1091 vite
136 1065 169 1092 de
182 1063 292 1091 vastiore
303 1062 404 1091 nodulo
415 1063 554 1091 cerebrum
567 1064 643 1090 suum
662 1060 737 1090 diffisi
756 1072 810 1091 ere.

105 1104 380 1131 DEVASTATio,
399 1099 467 1126 onis.
487 1099 508 1126 f.
543 1098 681 1134 Augustin.
719 1118 726 1125 .
762 1118 769 1125 .
808 1118 815 1125 .

105 1140 390 1168 DEVASTATOR‚
406 1135 469 1162 oris.
486 1143 523 1161 m.
557 1134 624 1170 apud
636 1133 715 1160 Eund.
751 1153 759 1160 .
795 1152 802 1160 .

104 1176 123 1197 D
130 1175 148 1197 ε
155 1176 175 1196 v
183 1176 200 1197 C
207 1167 231 1196 ΑΪ
239 1175 254 1195 1.
266 1175 303 1197 10
314 1168 443 1203 Nflonis.
464 1180 500 1197 m.
520 1170 692 1205 [Δευκαλίων]
728 1153 868 1197 Promethei
869 1167 959 1204 filius,
975 1179 1021 1196 rex
1032 1170 1108 1206 Thesl
1122 1180 1154 1206 ²5

60 1204 154 1242 filiae,
173 1214 227 1231 cum
240 1205 339 1240 Pyrrha
351 1205 552 1241 Epimetheifilia
566 1208 724 1232 matrimonio
732 1203 843 1232 tanaus.
880 1205 924 1231 Ille
935 1205 1027 1233 diluuio
1034 1215 1109 1242 quon—

67 1239 124 1267 dam
140 1238 275 1274 Theffizliae
286 1240 400 1276 Parnaffi
413 1244 471 1278 iuga
476 1243 571 1276 petiit,
590 1248 663 1276 atque
676 1240 713 1267 ibi
725 1240 823 1267 ratibus
840 1240 874 1266 ad
886 1240 916 1276 Je
935 1240 1109 1302 corffugientes

66 1275 166 1312 benigne
171 1276 246 1312 fouit
258 1285 267 1301 .·
301 1276 359 1302 inde
372 1283 503 1312 reparator
513 1276 617 1303 humani
628 1278 726 1313 generis
736 1275 801 1312 quod
818 1274 924 1302 inflatis
937 1278 982 1312 po]
1011 1284 1108 1313 tergum

62 1308 131 1348 ficum
143 1310 266 1352 lapidibut
276 1317 427 1348 prognatum
437 1311 485 1345 fit,
501 1320 517 1338 a
531 1312 616 1338 Pol-'tis
623 1312 746 1348 fingitur.
789 1310 887 1348 Copiose
899 1319 990 1338 narrat
999 1318 1023 1338 et
1038 1322 1108 1340 exor-

67 1352 112 1374 nat
124 1345 203 1374 Ouid.
216 1347 281 1375 Met.
294 1355 314 1379 1,
327 1349 376 1374 260
382 1347 441 1385 sqq.
476 1347 551 1383 Cous.
572 1354 588 1374 P
599 1354 616 1374 γ
628 1354 705 1374 KRH
715 1353 746 1374 A.
781 1347 859 1382 Prop.
873 1355 898 1379 2,
912 1355 952 1380 23,
965 1355 1013 1380 109

257 1397 310 1424 Hic
322 1405 380 1424 mos
393 1398 505 1424 Saturno
517 1406 597 1432 regna
609 1402 714 1424 tenente
730 1396 784 1424 fuit

216 1431 249 1461 Et
262 1441 322 1460 cum
334 1432 503 1460 Deucalionis
515 1442 599 1468 aquae
611 1433 710 1460 fluxere
725 1441 771 1468 per
786 1432 882 1460 orbem

256 1471 287 1498 Et
298 1471 355 1506 post
368 1471 488 1507 antiquas
503 1471 674 1499 Deucalionis
686 1479 775 1506 aquas.

99 1522 334 1550 ni-:chrioN
346 1523 392 1549 ἐν
403 1529 434 1556 s,
470 1531 503 1557 a,
540 1531 595 1548 nm.
633 1521 694 1548 Adi.
735 1522 785 1553 Vt,
803 1519 895 1547 Vndae
915 1520 1108 1548 Deucalioneae
1125 1530 1154 1558 35
1171 1524 1253 1552 Ouid.
1266 1525 1326 1551 Am.
1341 1532 1365 1557 2,
1376 1526 1403 1557 6,
1417 1532 1443 1556 9-

62 1555 220 1596 apudEOuid.
233 1557 300 1585 Met.
314 1565 341 1594 7,
353 1565 409 1593 357.

61 1595 119 1619 nus
134 1591 242 1619 imbres.

100 1625 277 1660 ΒΕνέι-ιο,
296 1628 340 1661 xi,
358 1627 446 1660 cium,
474 1629 529 1655 ere.
565 1625 709 1661 [κατάγω]
750 1625 842 1653 Vebm
858 1625 1008 1663 pracsertim
1030 1628 1109 1654 Deor-

56 1661 115 1698 [um
127 1662 272 1698 acsecundo
283 1663 390 1699 flumine
400 1684 410 1697 ,
430 1664 471 1690 vel
482 1663 511 1689 de
524 1672 573 1689 vno
586 1664 637 1689 loco
650 1665 679 1688 in
691 1663 767 1689 alium
781 1661 875 1687 vehere.
912 1661 977 1688 Plin.
992 1662 1071 1696 Epist.
1086 1672 1109 1695 5,

479 1558 578 1585 Lucan.
594 1564 615 1590 1,
628 1560 674 1591 653
699 1555 893 1584 Deucalioneos
905 1556 1010 1583 fudiss‘et
1022 1557 1110 1592 Aqua-

63 1698 80 1723 6
100 1697 204 1724 Medios
217 1698 264 1724 ille
276 1707 353 1733 agros
366 1700 451 1733 secat,
467 1698 577 1725 nauium
591 1697 708 1732 patiens,
728 1704 872 1730 omnesque
889 1696 980 1730 fruges
999 1696 1109 1724 devehit
1117 1709 1156 1734 40
1172 1700 1206 1726 de
1220 1699 1293 1726 Caes.
1306 1709 1327 1726 c.
1342 1703 1375 1733 48
1398 1697 1519 1724 Arduum
1531 1695 1623 1722 fatalia
1635 1694 1788 1726 deuouere,
1805 1691 1889 1726 idest,
1909 1692 2039 1729 Impediu-

66 1731 96 1758 in
107 1731 214 1765 vrbem,
239 1733 328 1760 hieme
340 1734 465 1761 duntaxat
475 1739 501 1760 et
513 1741 585 1760 vere.
655 1731 760 1758 Deuehi
774 1732 883 1757 flumine
901 1732 993 1758 Tacit.
1007 1732 1074 1757 Hist.
1083 1740 1110 1764 2,

63 1774 104 1800 59.
140 1773 165 1793 et
179 1768 246 1795 Ann.
258 1777 280 1801 3,
292 1777 319 1802 9.
354 1778 382 1802 4,
395 1777 436 1804 73.
506 1768 547 1795 Ad
559 1773 604 1793 tua
617 1766 683 1792 astra
696 1765 817 1791 deuehor
835 1766 954 1798 Propert.
968 1774 998 1798 4,
1012 1773 1033 1796 1,
1054 1774 1108 1797 119.

64 1804 86 1827 i.
100 1801 158 1835 post
164 1803 308 1837 superiorei-
319 1803 436 1836 historias
448 1803 548 1828 deuenio
560 1801 595 1825 ad
608 1807 675 1826 tuum
687 1800 768 1826 thema
781 1800 871 1824 natale.
941 1799 1111 1826 Commercia

60 1835 129 1868 ripis
140 1836 259 1862 Deuehat
271 1837 334 1862 hinc
347 1837 429 1868 ruris,
441 1835 569 1862 subuehat
582 1834 646 1860 inde
658 1834 739 1859 maris
759 1832 842 1858 Rutil.
857 1832 919 1858 ltin.
934 1842 954 1866 1,
969 1842 1022 1867 ¹54-
1060 1836 1111 1862 De.

60 1869 135 1896 vexit
146 1869 260 1896 Tiberis
279 1877 454 1897 commeatum
474 1870 535 1896 Liu.
549 1877 577 1901 4,
591 1875 628 1901 5²·

63 1910 102 1936 28.
173 1905 274 1932 Merces
286 1904 418 1932 deuehere
430 1911 501 1932 trans
514 1912 631 1939 aequora
651 1902 743 1932 Claud.
757 1903 786 1930 in
799 1903 1004 1938 Eutrop.2,5o9.
1059 1906 1110 1932 De-

60 1939 127 2003 {ehi
143 1949 223 1976 quam
244 1940 392 1969 mollillime
418 1939 551 1969 Columel.
564 1948 585 1972 1,
599 1948 621 1966 2.
657 1940 699 1967 Sic
712 1938 852 1966 Deuehere
865 1939 894 1965 'm
907 1940 1013 1967 vltimas
1027 1946 1111 1968 terras

85 1984 122 2003 iu.
134 1984 171 2008 21,
185 1985 222 2003 10.

99 2016 118 2038 n
127 2018 145 2039 Ε
153 2018 174 2038 v
183 2019 201 2039 Ε
208 2018 225 2039 c
233 2017 255 2038 'r
262 2019 285 2040 V
292 2019 306 2039 s
314 2031 324 2045 ,
346 2021 361 2039 a
368 2032 377 2045 ‚
393 2020 449 2038 um.
468 2010 562 2038 Partic.
599 2008 779 2044 [καταχθεὶς]
815 2009 946 2036 Columel.
961 2016 985 2043 ς,
992 2011 1018 2043 6,
1025 2019 1061 2044 24
1074 2011 1110 2038 At

1125 473 1140 499 5

1121 648 1151 667 10

1119 1357 1152 1383 30

1553 230 1819 275 DEV
2137 249 2198 286 130

1165 320 1234 349 nire.
1305 320 1386 349 Plint.
1401 320 1474 357 Epid.
1488 328 1500 355 3
1508 343 1516 356 ‚
1529 329 1559 355 2,
1572 327 1602 353 28
1626 320 1773 349 Deueniam
1785 322 1817 349 ad
1836 323 1957 350 lenonem
1972 324 2080 351 domurn
2099 328 2201 358 egomet

1164 358 1250 390 solus,
1282 357 1359 384 locum
1380 357 1506 390 humilem,
1517 358 1620 394 foedum
1634 364 1680 384 etc.

1201 399 1219 419 D
1229 400 1246 420 E
1255 399 1276 419 V
1284 399 1301 419 Ε
1310 399 1332 419 Ν
1341 398 1362 418 V
1371 398 1383 418 S
1391 399 1413 419 Τ
1421 400 1440 420 0
1450 412 1458 425 ,
1478 398 1530 420 Tire.
1566 390 1744 429 [κατεχόναν]
1786 391 1938 424 Venustmem
1950 395 2031 420 tollere
2039 412 2046 426 ,
2064 401 2092 420 ut
2108 395 2199 421 Defor-

1166 436 1248 454 mare.
1284 427 1352 454 Gell.
1372 436 1406 460 12,
1427 437 1435 454 1
1455 428 1598 463 Tanquam
1616 428 1821 463 pulchritudinis
1843 428 1891 454 fibi
1914 428 2023 462 inlignia
2042 429 2202 456 deuenustet.

1164 463 1236 490 Adde
1256 463 1400 496 symmach.
1414 463 1492 497 Epist.
1503 472 1523 495 1,
1531 472 1573 498 79.
1631 464 1783 490 Maniertin.
1796 464 1995 497 Paneg.1ulian.
2008 475 2029 489 c.
2044 473 2065 496 5.
2106 467 2198 492 Auson.

1168 498 1250 534 praef.
1264 497 1405 530 Monosyll.
1418 498 1506 524 Sidon.
1524 499 1601 533 Epist.
1616 508 1639 529 2,
1655 508 1678 526 2.
1716 506 1738 524 ee
1754 499 1830 532 Epist.
1844 508 1870 530 i,
1884 497 1955 534 7fi’¹-

1203 541 1222 561 1>
1231 541 1247 561 Ε
1255 542 1276 560 V
1286 541 1302 561 E
1312 541 1330 560 R
1341 540 1357 561 B
1366 532 1409 560 ΕΚ
1422 539 1441 560 Ο
1452 553 1460 566 ,
1487 537 1541 560 are.
1576 535 1676 566 [τύπτω
1684 552 1692 564 ‚
1719 533 1824 568 σπιδέω]
1864 534 1941 560 Valde
1962 534 2098 560 uerberare.
2133 535 2201 561 Ter.

1169 569 1274 596 Phorm.
1289 576 1315 602 2,
1329 578 1353 600 2,
1367 577 1391 601 13
1412 569 1487 602 Quot
1507 577 1548 594 me
1563 571 1647 595 censes
1668 570 1789 596 homines
1807 571 1859 596 iam
1878 568 2056 595 deuerberaffc
2077 578 2159 604 vsque
2171 569 2204 596 ad

1169 613 1260 631 necem
1297 605 1435 639 Hospites,
1451 609 1508 630 tum
1524 603 1604 630 etiam
1617 605 1686 631 ciues
1700 607 1709 631 ἶ

1205 645 1404 670 DEVERGO,
1424 640 1463 665 vel
1489 645 1609 666 niven
1622 646 1690 672 co,
1711 643 1762 667 ere.
1797 639 1874 674 Apul.
1895 639 1928 666 de
1951 639 2008 665 Deo
2029 638 2100 665 Socr.
2120 649 2146 674 p.
2168 643 2204 673 46

1168 674 1293 702 Terrena
1304 674 1451 709 deuergunt
1471 674 1596 709 pondere.

1203 716 1387 737 DEVERGE
1399 715 1420 735 N
1435 716 1458 736 T
1469 717 1477 736 1
1487 717 1523 740 A,
1543 718 1582 736 ae.
1599 708 1619 737 f.
1657 711 1800 737 inclinatio.
1838 709 1907 736 Gell.
1922 718 1962 744 14,
1978 718 1996 736 1.
2039 709 2097 736 vid.
2120 708 2206 736 Decli—

1168 746 1242 772 natio
1255 744 1363 776 mundi,
1379 747 1406 771 in
1428 751 1574 772 promto.

1206 786 1225 806 D
1234 787 1251 806 E
1259 787 1280 806 v
1288 787 1305 807 Ε
1313 787 1333 807 R
1341 787 1361 807 R
1369 786 1388 807 0
1397 799 1405 813 ,
1425 780 1464 807 rri
1473 799 1481 813 ,
1498 780 1569 807 rsum
1577 799 1586 813 ,
1606 781 1659 807 ere.
1685 779 1862 815 [κατασαῖρω]
1899 778 1975 807 Probe
1985 788 2091 806 verrere.
2127 778 2206 806 Colu-

1169 815 1231 842 niel.
1245 823 1272 850 7,
1286 825 1305 850 4
1319 815 1425 842 Stabula
1437 824 1502 842 vero
1515 816 1668 851 frequenter
1682 815 1840 846 euurenda,
1860 821 1887 842 et
1899 814 2041 851 purganda,
2055 814 2206 850 humorque

1170 851 1256 878 omnis
1270 851 1363 878 vrinae
1375 850 1562 878 deuerrendus.
1602 851 1666 887 1<sur
1678 852 1751 876 etiam
1765 850 1848 876 Lucil.
1863 850 1931 886 apud
1942 850 2064 877 Nonium
2077 859 2105 884 4,
2114 858 2171 883 49¹·

1205 893 1224 913 D
1234 893 1279 913 Ev
1288 893 1305 913 E
1314 893 1332 913 R
1342 893 1361 912 R
1371 893 1392 913 A
1401 906 1409 918 ‚
1427 895 1467 913 ae.
1486 887 1506 913 f.
1542 888 1595 913 Dea
1608 886 1638 913 ab
1649 887 1859 920 antiquisputata
1872 884 1919 918 est,
1934 886 1962 912 de
1974 885 2067 921 quafic
2086 885 2207 920 Augusti>

1169 931 1218 949 nus
1231 931 1261 949 ex
1274 922 1394 948 Varrone
1408 932 1414 947 i
1451 921 1561 948 Mulieri
1573 921 1661 948 foetae
1672 919 1730 955 post
1744 925 1848 953 partum
1863 926 1915 946 tres
1929 920 1992 947 deos
2013 921 2129 948 custode·
2143 922 2207 947 Var-

1169 966 1202 985 ro
1221 962 1411 984 commemorat
1427 956 1567 990 adhiberi,
1583 965 1616 983 ne
1634 955 1755 982 Siluanus
1775 954 1838 980 deus
1859 963 1905 989 per
1919 956 2023 982 noctem
2037 956 2208 991 ingrediatur,

1169 999 1196 1020 et
1208 998 1302 1019 vexet:
1338 1001 1484 1027 eorumque
1505 991 1643 1019 custodum
1663 988 1895 1024 fignificandorum
1917 992 1989 1017 causa
2012 997 2063 1018 tres
2087 990 2209 1018 homines

1170 1027 1250 1055 nocie
1264 1027 1405 1055 circumire
1418 1028 1511 1054 limina
1526 1028 1620 1054 domus
1634 1037 1640 1052 :
1677 1032 1703 1052 et
1715 1025 1802 1061 primo
1816 1024 1897 1050 limen
1910 1025 1991 1052 ferire
2004 1027 2104 1059 securi,
2122 1027 2210 1061 postea

1170 1063 1244 1100 pilo,
1261 1063 1344 1090 tertio
1356 1063 1497 1090 deuerrere
1508 1062 1606 1097 scopis,
1624 1067 1653 1088 vt
1666 1060 1707 1087 his
1721 1060 1787 1087 datis
1801 1059 1918 1086 culturae
1930 1059 2023 1094 lignis,
2044 1061 2107 1087 deus
2127 1062 2209 1089 Silua-

1170 1107 1219 1126 nus
1233 1097 1408 1133 prohibeatur
1419 1100 1518 1126 intrare
1534 1108 1540 1124 x
1576 1097 1639 1131 quia
1651 1104 1737 1131 neque
1752 1095 1860 1122 arbores
1879 1094 2023 1122 caeduntur
2039 1104 2068 1122 ac
2088 1103 2211 1130 putantur

1171 1135 1225 1162 fine
1236 1134 1327 1167 ferro,
1344 1143 1430 1169 neque
1443 1134 1484 1161 far
1498 1132 1636 1160 conficitur
1651 1131 1703 1159 fine
1717 1130 1788 1165 pilo,
1808 1139 1895 1165 neque
1915 1130 2004 1165 fruges
2024 1138 2212 1159 coaceruantur-

1172 1170 1225 1197 fine
1240 1168 1333 1205 scopis·
1370 1169 1411 1196 Ab
1423 1169 1465 1196 his
1479 1175 1566 1196 autem
1577 1167 1664 1195 tribus
1677 1165 1756 1194 rebus
1769 1172 1820 1193 tres
1833 1173 1994 1200 nuncupatos
2013 1165 2075 1193 deos
2090 1175 2096 1192 :
2130 1168 2212 1194 Inter·

1171 1205 1311 1238 cidonem,
1330 1213 1345 1231 a
1359 1205 1455 1232 securis
1468 1203 1635 1232 intercisione
1650 1213 1656 1229 z
1691 1202 1858 1234 Pilumnum,
1877 1210 1892 1228 a
1906 1202 1963 1236 pilo
1976 1212 1982 1227 z
2018 1201 2179 1233 Deuerrim,
2197 1210 2212 1228 a

1170 1241 1273 1277 scopis,
1289 1240 1388 1277 quibus
1406 1240 1463 1267 deis
1481 1238 1649 1271 custodibus,
1669 1242 1760 1264 contra
1780 1237 1838 1264 vim
1856 1236 1899 1265 dei
1911 1236 2012 1264 Siluani
2025 1237 2098 1264 foeta
2112 1239 2211 1266 conser-

1171 1282 1276 1303 vantur.
1313 1277 1383 1303 Haec
1396 1275 1534 1311 Augustin.
1547 1274 1579 1301 tle
1592 1274 1676 1301 Ciuit.
1688 1273 1739 1300 Dei
1753 1275 1779 1305 6,
1794 1281 1819 1305 9.

1205 1318 1226 1374 [ιζ
1242 1317 1260 1339 ε
1278 1316 1300 1337 ν
1320 1318 1339 1339 Ε
1354 1318 1375 1338 R
1390 1316 1404 1337 s
1423 1318 1444 1337 ν
1464 1318 1495 1345 s,
1528 1311 1636 1337 Veteres
1682 1307 1821 1342 dicebant,
1850 1306 1920 1343 quati
1952 1307 2084 1335 Deorsum
2114 1308 2213 1335 versus.

1168 1348 1203 1375 Fe
1227 1356 1266 1374 us.

1205 1386 1408 1415 nrvmvro,
1427 1381 1655 1414 (υενοιιτο)
1672 1380 1727 1405 ere.
1758 1384 1808 1414 pro
1826 1376 2138 1414 Diuertofreqmtffme
2149 1377 2216 1414 apud

1169 1418 1293 1446 Plautum
1307 1419 1400 1455 legitur
1415 1426 1482 1444 more
1493 1422 1611 1443 veterum.
1653 1413 1712 1441 Vid.
1734 1418 1888 1441 DiVERTo.
1957 1413 2065 1440 Cimmo
2085 1414 2123 1440 ita
2142 1413 2215 1441 insti-

1170 1454 1240 1487 tuit,
1255 1459 1285 1480 vt
1297 1453 1390 1480 omnia
1404 1452 1609 1487 praeberentur,
1630 1449 1782 1485 quicunque
1795 1448 1918 1476 Laciades
1932 1448 1961 1475 in
1974 1448 2067 1476 villam
2086 1447 2157 1476 suam
2171 1449 2215 1476 de-

1170 1489 1288 1516 vertiss‘et
1306 1489 1363 1515 Cic.
1377 1488 1430 1516 Off.
1443 1497 1456 1515 2
1470 1497 1492 1515 c.
1504 1492 1539 1517 18.
1611 1485 1690 1513 Alitis
1701 1485 1731 1511 in
1744 1493 1818 1512 rarae
1838 1484 1964 1510 miserum
1983 1483 2113 1511 deuertite
2131 1484 2212 1512 funus

1502 1521 1562 1549 Vid.
1583 1522 1668 1550 Burm.
1689 1519 1724 1546 ad
1762 1520 1866 1546 Petron.
1885 1527 1908 1546 c.
1927 1527 1955 1552 9.
2017 1519 2149 1553 Quinctil.
2163 1527 2190 1553 2,
2202 1528 2215 1553 3

1171 1567 1237 1587 extr.
1255 1558 1340 1586 Ree‘to
1359 1559 1456 1585 itinere
1474 1557 1536 1592 lapfi
1555 1557 1710 1591 plerumque
1729 1553 1878 1581 deuertunt.
1948 1554 2057 1581 Itineris
2076 1555 2166 1588 causa,
2186 1560 2216 1582 vt

1172 1595 1340 1622 deuorterem
1361 1593 1417 1620 Cic.
1431 1594 1486 1620 Att.
1507 1600 1529 1624 3,
1541 1599 1568 1626 7-
1638 1591 1671 1617 In
1691 1590 1792 1623 Syriam
1806 1588 2015 1623 proficiscentem
2028 1590 2112 1623 Argos
2125 1589 2216 1616 deuer-

1172 1630 1228 1656 tisse
1247 1629 1318 1655 Gell.
1333 1637 1357 1661 3,
1371 1636 1397 1662 9.
1465 1627 1535 1654 Add.
1550 1626 1587 1653 ib.
1601 1634 1624 1651 c.
1638 1634 1671 1657 13.

1172 1663 1263 1692 Tacit.
1277 1664 1345 1690 Hist.
1354 1672 1374 1696 1,
1386 1670 1422 1690 ιι..
1442 1663 1508 1689 alias
1519 1661 1699 1689 Diuertcrant.

1743 1625 1775 1652 In
1788 1624 1883 1650 odium
1899 1623 1939 1650 T.
1958 1623 2031 1650 Iunii
2050 1623 2217 1651 deuerterant

1872 1654 1894 1694 ff
1913 1665 1931 1684 2.
1965 1656 2058 1685 Afflue
2069 1659 2132 1686 Aur.
2145 1658 2218 1686 Vi&-

2111 1695 2153 1723 Sic
2165 1694 2217 1722 Lu-

1171 1743 1227 1761 can.
1239 1736 1267 1766 6,
1280 1741 1324 1767 591
1345 1735 1463 1760 Ventura
1474 1732 1522 1758 suo
1533 1730 1672 1757 deuertere
1691 1726 1776 1755 cursu.
1924 1761 1930 1767 .

1210 1775 1229 1795 n
1238 1775 1254 1794 E
1264 1775 1284 1793 ν
1294 1775 1311 1795 Ε
1319 1774 1368 1795 RT
1377 1775 1396 1795 0
1406 1768 1473 1800 n‚ti.
1495 1767 1561 1801 Dep.
1592 1765 1660 1793 Idem
1672 1763 1738 1800 quod
1750 1764 1879 1791 Diuereor.
1899 1763 1955 1790 cic.
1969 1771 2018 1798 pro
2030 1762 2166 1798 Fonteio9
2174 1773 2195 1791 c.
2204 1770 2220 1797 ς

1173 1802 1201 1829 Si
1217 1803 1264 1837 qui
1287 1802 1468 1829 Cobiamacho
1485 1801 1693 1828 deuerterentur.
1765 1797 1847 1826 Ouid.
1861 1799 1925 1825 Met.
1940 1806 1968 1831 9,
1981 1800 2013 1825 62
2032 1799 2152 1826 Inferior
2162 1800 2218 1827 vir-

1174 1843 1232 1864 tute
1244 1845 1314 1863 meas
1327 1837 1453 1865 deuertor
1464 1837 1497 1865 ad
1510 1839 1578 1864 artes
1597 1836 1659 1863 Stat.
1674 1833 1766 1862 Theb.
1777 1843 1802 1867 3,
1814 1841 1848 1868 45
1868 1833 1946 1860 Haud
1957 1833 2036 1860 aliter
2047 1834 2114 1861 saltu
2124 1834 2218 1862 deuer-

698 1867 874 1894 Deuehmuur
885 1868 994 1903 Liparas
1016 1870 1110 1904 Liu.‚·‚
1123 1877 1157 1903 45
1174 1873 1242 1900 titur
1263 1872 1344 1899 orbus
1379 1873 1467 1900 Pastor
1489 1871 1523 1900 ab
1545 1871 1675 1907 agrestum
1693 1869 1822 1896 nocturni
1840 1869 1924 1904 strage
1942 1868 2073 1895 vitorum.
2144 1870 2218 1906 Conf,

1174 1906 1258 1935 Ouid.
1276 1906 1309 1934 de
1321 1908 1386 1936 Arte
1399 1909 1459 1935 Am.
1474 1916 1501 1941 2,
1513 1916 1569 1942 4²⁵·
1605 1908 1638 1934 Et
1651 1914 1684 1933 ex
1696 1906 1779 1932 Ponto
1790 1913 1819 1938 4,
1833 1912 1873 1937 14,
1884 1912 1922 1931 21.

1171 1947 1200 1970 in
1209 1943 1338 2012 §zozsgsfi
1346 1985 1360 2005 s
1369 1979 1390 2006 ὁ
1398 1985 1417 2005 R
1426 1985 1437 2004 1
1445 1985 1467 2005 v
1475 1984 1489 2004 s
1498 1997 1507 2010 ‚
1527 1985 1558 2009 a,
1578 1985 1632 2003 um.
1652 1974 1713 2002 Adi.
1749 1973 1841 2008 Antiq.
1876 1972 1959 2000 Plaut.
1971 1973 2088 2001 Trucul.
2101 1982 2131 2008 3,
2143 1983 2173 2008 2,
2183 1983 2219 2009 29

1171 2014 1204 2041 In
1217 2013 1354 2041 tabernam
1366 2013 1449 2040 ducor
1463 2012 1652 2039 deuersoriam.
1688 2010 1807 2037 Conuenit
1818 2017 1873 2035 cum
1891 2009 2060 2045 Diuersorius.

1991 1904 2060 1931 Cato
2072 1904 2140 1941 apud
2151 1905 2218 1933 Fest.

65 2046 114 2082 qui
131 2046 247 2074 bonitati
266 2047 326 2074 vini
346 2047 464 2077 student,
484 2046 513 2073 in
533 2046 646 2072 summas
665 2044 774 2072 arbores
791 2045 875 2072 vitem
887 2052 1064 2080 promouent,
1081 2053 1110 2074 vt
1127 2062 1160 2089 50
1210 2055 1337 2076 naver.
1349 2048 1519 2080 soalvm,
1538 2047 1569 2073 ii.
1588 2055 1614 2072 n.
1633 2054 1680 2080 quo
1693 2047 1750 2080 quis
1762 2043 1900 2070 deuertitur
1913 2053 1929 2069 a
1941 2047 1993 2072 via.
2031 2044 2087 2071 Cic.
2103 2043 2136 2072 de
2143 2045 2217 2073 Orat.

83 2090 183 2118 uaeque
200 2083 327 2118 materiae
346 2083 373 2109 se
392 2082 517 2109 deue&ae
539 2081 569 2108 in
581 2079 743 2107 celfiffimum
758 2089 891 2116 quemque
905 2089 1009 2108 ramum
1021 2087 1111 2109 exten-

62 2091 145 2151 dunt,
163 2117 197 2145 fic
210 2125 256 2145 etc.
292 2117 341 2146 Sed
350 2117 457 2144 nondum
464 2119 577 2152 poenitet
589 2114 736 2149 emendaffi,
755 2117 792 2142 Vt
808 2125 930 2151 quaeque
942 2117 1064 2143 materies
1084 2118 1111 2144 se

66 2151 157 2185 dabit,
180 2153 218 2180 ita
230 2154 259 2180 in
272 2160 317 2181 etc.
386 2153 443 2181 Cic.
458 2152 573 2187 Philipp.
581 2160 626 2185 1‚9
638 2160 660 2177 c.
670 2160 690 2184 4
706 2152 792 2187 Atque
804 2161 819 2178 e
837 2161 855 2178 o
868 2152 991 2179 celeriter
1004 2152 1109 2179 Veliam

62 2188 189 2216 deuectus
202 2189 313 2216 Brutum
324 2188 383 2216 vidi
395 2199 402 2216 z
427 2196 528 2224 quanto
541 2196 603 2215 meo
618 2185 732 2220 dolore,
749 2195 805 2214 non
835 2187 888 2214 ico.
923 2187 1000 2223 Virg.
1010 2188 1109 2224 Georg-

64 2232 88 2258 11,
100 2229 152 2258 408
171 2225 275 2251 Primus
287 2224 397 2252 deueeta
411 2223 464 2260 (de
482 2223 578 2258 vinea)
598 2228 714 2250 cremato
728 2223 871 2250 Sarmenta.

95 2264 118 2286 n
126 2265 144 2286 s
152 2266 173 2286 v
180 2266 199 2286 Ε
207 2267 225 2288 c
232 2266 254 2286 'r
262 2267 273 2287 1
281 2267 301 2287 o
307 2279 319 2294 ,
335 2260 404 2287 onis.
422 2259 443 2288 f.
478 2259 559 2286 Gloff.
573 2260 633 2285 Vet.
652 2257 762 2291 βαςαγή.

97 2300 172 2322 DEV
180 2300 225 2323 Ec
233 2301 300 2329 To,
318 2299 372 2323 are.
407 2296 550 2331 Frequent.
585 2293 707 2321 Sedulius
718 2301 742 2328 ς,
753 2300 802 2328 345

392 2329 393 2335 ’
432 2346 479 2351 —
515 2331 591 2357 Anne
609 2329 682 2357 beati

253 2365 383 2401 Corporis
395 2364 500 2394 ablator
512 2365 635 2395 velocius,
646 2365 695 2392 esse
712 2364 816 2399 putauit

252 2401 362 2430 Soluere
374 2401 526 2429 contec‘ium
540 2410 621 2437 quam
633 2400 774 2428 deuehiare
794 2400 927 2435 ligatum?

99 2439 250 2465 DBVELL
259 2442 296 2471 ο,
313 2436 380 2464 velli
394 2440 434 2464 uel
445 2437 512 2465 vulfi
521 2457 530 2471 ,
546 2437 667 2469 vulsum,
687 2438 742 2463 ere.
776 2436 930 2470 [ἔκτίλλω]
966 2433 1034 2462 Idem
1045 2433 1112 2472 quod

62 2471 178 2499 Euellere.
212 2472 312 2499 Pennas
330 2472 462 2500 deuenitre
484 2473 568 2500 Plaut.
582 2471 690 2500 Poenul.
710 2480 739 2504 4,
761 2479 784 2503 2,
805 2479 845 2504 50.
916 2470 982 2497 Plin.
995 2478 1033 2504 21,
1047 2479 1069 2497 11
1090 2471 1111 2498 Ε

63 2507 173 2534 caeteris
194 2506 351 2540 hyacinthus
374 2508 489 2535 maxime
508 2508 599 2539 durat,
618 2513 645 2534 et
658 2506 733 2534 viola
745 2506 820 2538 alba,
838 2511 865 2532 et
877 2505 1008 2533 oenanthe
1024 2517 1030 2532 :
1064 2506 1109 2533 sed

63 2540 128 2569 haec
140 2541 194 2576 ita,
211 2543 229 2570 fi
242 2542 349 2571 deuulsa
361 2543 456 2571 crebro
485 2543 660 2571 rohibeantur
672 2543 701 2570 in
714 2543 802 2569 semen
809 2541 893 2568 abire.
963 2542 1069 2568 Plantae
1076 2542 1108 2569 de

62 2582 177 2604 matrum
189 2578 278 2606 radice
291 2579 414 2606 deuulsae
434 2580 467 2606 Pa
479 2580 529 2607 lad.
544 2581 624 2607 Mart.
638 2584 656 2606 t.
672 2587 708 2606 10.

63 2620 110 2639 nes
129 2613 221 2641 Claud.
233 2614 266 2641 de
279 2615 385 2650 Gigant.
400 2623 440 2661 339'

100 2652 120 2673 D
128 2650 201 2676 Ενιξ
209 2656 226 2675 L
234 2656 254 2677 ο
262 2669 272 2683 ,
292 2655 346 2677 are.
381 2649 588 2685 [αποκαλῦπτω]
629 2649 714 2676 Velum
733 2647 835 2683 auferre
845 2646 992 2684 fignificat,
1009 2654 1034 2674 et
1045 2647 1110 2674 dete-

64 2691 121 2744 3⁶ss
133 2693 141 2708 .·
175 2684 284 2746 ideraiqge
291 2685 564 2745 'lamsqw‘l‘fflmlare'
597 2684 678 2711 Ouid.
691 2684 757 2710 Met.
771 2685 799 2716 6,
812 2685 866 2717 607
884 2683 992 2718 Oraque
1005 2682 1109 2709 deuelat

63 2726 102 2744 mi
115 2727 174 2745 erae
186 2727 220 2753 pu
240 2728 249 2746 i
270 2728 305 2746 un
324 2728 338 2745 a
361 2727 459 2745 oreris.

1125 2234 1157 2262 ςς
1172 2224 1243 2252 laute
1256 2223 1391 2251 deuersari
1403 2224 1478 2250 dicit.

1174 2092 1198 2116 2,
1212 2092 1265 2117 290
1278 2093 1300 2111 c.
1315 2091 1345 2119 71
1366 2085 1426 2110 Hoc
1439 2082 1594 2123 deuersorio
1609 2080 1738 2107 sermonis
1750 2080 1791 2105 tui
1801 2077 1919 2118 libenter
1931 2079 2118 2120 acquieturum
2130 2086 2157 2107 te
2169 2082 2219 2109 effe

1174 2119 1274 2159 dix-isti.
1320 2112 1890 2181 Αὖὲἰίεηιιήξριῑγιιὶἕοιέάιῖἕοὶῧέἑῶἔῄδιξὲιάιοιυηι
1901 2123 1957 2141 non
1969 2114 2115 2143 libidinum
2128 2115 2218 2144 deuer-

1172 2155 1284 2217 sorgussnzy.
1292 2194 1309 2215 Ε
1318 2194 1337 2215 R
1349 2163 1484 2221 soqmari.
1493 2188 1559 2223 Dep.
1568 2171 1626 2214 ⁰Cic.
1635 2187 1712 2226 Verr.
1721 2169 1840 2212 Diuinat.
1854 2186 1891 2218 64
1903 2194 1924 2212 c.
1931 2192 1963 2219 25
1981 2185 2114 2213 Rubrium
2127 2194 2220 2222 parum

1547 2223 1622 2250 Idem
1636 2221 1749 2256 Philipp.
1761 2229 1786 2252 2,
1800 2222 1832 2251 68
1841 2229 1863 2247 c.
1875 2228 1910 2255 ²7
1929 2221 1986 2248 Hac
1998 2227 2024 2248 te
2036 2222 2067 2249 in
2079 2222 2221 2251 demetam

1172 2260 1221 2288 diu
1232 2259 1367 2287 deuersari
1380 2268 1435 2286 non
1448 2259 1528 2294 pudet
1541 2259 1552 2286 Ξ
1621 2257 1693 2286 Adde
1710 2255 1832 2284 Tertull.
1843 2255 1876 2283 de
1888 2257 1989 2284 Poenit.
2002 2265 2024 2284 c.
2038 2265 2072 2285 ιι.
2140 2258 2219 2294 Apul.

1170 2297 1409 2358 MCIi'Essvpe1{Z⁵iT
1420 2336 1440 2357 ο
1450 2349 1460 2363 ,
1479 2338 1533 2357 are.
1568 2312 1711 2363 Frequent.
1724 2336 1740 2354 a
1751 2328 1893 2355 Deuertere.
1928 2327 1998 2355 Gell.
2011 2335 2050 2364 17,
2064 2336 2096 2355 20
2114 2327 2156 2355 Ad
2163 2337 2220 2357 ver-

1172 2366 1273 2395 borum
1286 2366 1432 2393 venustates
1452 2364 1673 2392 deuerlitandum.

1115 2407 1160 2435 ’σο
1210 2409 1230 2430 D
1237 2409 1255 2430 Ε
1262 2409 1284 2428 ν
1292 2408 1310 2429 Ε
1317 2409 1330 2429 s
1340 2407 1358 2428 c
1369 2407 1389 2428 o
1400 2408 1431 2433 R,
1439 2401 1483 2427 sci.
1493 2401 1559 2434 Dep.
1568 2400 1675 2427 Animas
1682 2407 1697 2425 a
1703 2397 1784 2433 stirpe
1791 2403 1908 2425 recentes
1920 2398 2025 2435 (pueros
2036 2407 2119 2425 recens
2130 2400 2220 2434 natos)

1175 2437 1265 2465 morsu
1281 2443 1392 2464 cruento
1403 2436 1508 2463 deuesci
1524 2436 1587 2463 Stat.
1601 2434 1693 2463 Theb.
1709 2443 1729 2467 1,
1743 2436 1800 2466 603.

1208 2479 1228 2500 D
1237 2480 1254 2501 Ε
1262 2480 1283 2499 ν
1291 2480 1308 2500 Β
1316 2480 1330 2501 s
1342 2478 1364 2499 'r
1375 2480 1385 2499 1
1394 2479 1425 2506 o,
1452 2472 1502 2505 ῑιιι,
1517 2474 1596 2504 itum,
1615 2474 1665 2497 ire.
1705 2467 1798 2504 [ἓκδόω
1804 2471 1816 2502 ]
1859 2467 1928 2501 Veste
1936 2476 2029 2494 exuere.
2045 2502 2051 2507 ⁵
2065 2467 2158 2494 Statim
2164 2469 2218 2496 sese

1172 2508 1338 2542 deuestiunt‚
1358 2507 1505 2542 nudatique
1526 2506 1604 2541 Apul.
1617 2506 1681 2533 Met.
1695 2514 1713 2537 4
1732 2513 1757 2538 p.
1772 2511 1825 2536 145.
1897 2501 2083 2542 1d3Apu1eius
2102 2512 2115 2536 3
2134 2513 2158 2538 p.
2177 2509 2219 2538 138

1172 2546 1229 2573 Iam
1245 2543 1362 2579 primum
1375 2543 1500 2570 omnibus
1514 2542 1618 2569 laciniis
1631 2542 1657 2566 se
1670 2538 1790 2565 deuestit.
1846 2536 2003 2564 Feudalium
2022 2545 2102 2565 autem
2111 2542 2216 2574 placito-

779 2578 892 2605 Laceros
911 2576 1046 2605 deuellere
1060 2578 1110 2605 cri·
1123 2582 1156 2615 65
1172 2590 1227 2607 rum
1256 2579 1429 2607 conditoribus
1458 2577 1576 2605 Adimere
1599 2573 1746 2611 fignificat,
1770 2573 1800 2599 in
1833 2572 1947 2608 princip.
1979 2573 2022 2600 tit.
2049 2581 2067 2609 7
2093 2573 2126 2601 de
2153 2583 2217 2602 nau-

1169 2614 1383 2678 tlcbssexilgssb,
1403 2649 1458 2673 are.
1493 2643 1615 2680 [κωλύω]
1645 2650 1695 2679 pro
1714 2642 1813 2669 vetare.
1849 2641 1982 2676 Qiinffll.
1998 2642 2114 2670 Declam.
2128 2653 2138 2673 1
2150 2649 2178 2680 fi
2189 2653 2216 2679 31

1169 2684 1291 2712 Omnino
1304 2684 1432 2710 summam
1445 2680 1620 2708 calamitatem
1633 2678 1753 2713 corporis
1767 2685 1906 2704 occurrere
1919 2677 2037 2706 delicatis
2049 2680 2141 2707 vxoris
2153 2689 2216 2708 ocu-

1172 2720 1205 2747 lis
1216 2719 1362 2746 deuetaret.
1395 2718 1458 2745 Alia
1473 2717 1622 2751 exemplaria
1632 2713 1722 2741 habent
1733 2714 1851 2739 Vetaret.

99 2759 120 2780 ι)
128 2760 147 2781 ε
155 2760 176 2780 ν
185 2761 202 2781 ε
211 2761 231 2781 N
243 2753 286 2782 ἐκ
294 2761 312 2781 0
323 2761 341 2781 R
350 2774 359 2787 ‚
379 2754 427 2780 ari.
448 2751 581 2787 [oessoe'g‘w]
607 2750 685 2779 Valde
697 2754 822 2778 venerari.
857 2750 940 2778 Ouid.
953 2750 1033 2786 Epist.
1047 2759 1071 2784 2,
1083 2756 1109 2782 18
1122 2763 1159 2792 70
1208 2762 1227 2782 n
1236 2761 1254 2782 B
1262 2761 1282 2780 v
1292 2761 1310 2782 E
1318 2761 1337 2781 x
1346 2760 1366 2780 o
1374 2772 1383 2785 ,
1408 2755 1461 2779 are.
1497 2749 1705 2790 [κατασκύλᾈω]
1744 2747 1823 2775 Valde
1842 2756 1912 2775 vexo.
1946 2748 2076 2776 Laudatur
2098 2750 2215 2778 Lactant.

262 2790 341 2824 Saepe
355 2789 417 2816 deos
432 2787 554 2822 supplex,
577 2793 606 2814 vt
617 2793 646 2814 tu
659 2786 781 2813 scelerate
802 2785 913 2819 valeres,

295 2826 357 2851 Sum
373 2833 449 2860 prece
467 2822 636 2851 thuricremis
654 2822 812 2848 deuenerata
823 2821 900 2848 focis.

64 2853 160 2886 Tibul.
170 2867 191 2892 1,
197 2865 219 2892 ς,
227 2867 250 2892 ι3
262 2860 319 2895 Ipse
331 2859 474 2894 procuraui
486 2867 519 2885 ne
532 2858 630 2892 possent
642 2858 718 2884 saeua
728 2865 826 2883 nocere

295 2896 416 2926 Somnia,
438 2901 479 2921 ter
490 2893 577 2920 (aneia
592 2892 775 2920 deueneranda
794 2890 876 2918 mola.

101 2935 120 2956 D
129 2936 174 2956 Ev
184 2927 202 2956 ἓ
210 2935 233 2955 Ν
245 2936 255 2956 1
268 2935 288 2957 Ο
299 2951 307 2963 ,
331 2931 410 2963 veni,
430 2935 555 2962 ventum,
572 2932 620 2956 ire.
656 2928 853 2964 [κατέρχομαι]
890 2927 995 2962 Proprie
1018 2921 1052 2958 est
1075 2933 1106 2952 ex
1119 2939 1151 2968 7,

64 2963 168 2992 editiore
179 2967 230 2992 loco
243 2968 270 2992 in
284 2967 443 2997 humiliorem,
463 2966 504 2992 uel
513 2974 542 2991 ex
557 2966 654 2991 meliore
666 2963 805 2991 conditione
818 2965 846 2989 in
858 2961 1001 2988 deteriorem
1014 2963 1108 2988 venire.

45 3007 52 3030 >
65 3000 142 3035 Virg.
155 3002 220 3028 Aen.
233 3011 262 3035 4,
277 3004 323 3029 166
339 3001 493 3036 Speluncam
505 3000 577 3027 Dido
586 3020 595 3033 ‚
613 3000 665 3027 dux
686 3004 712 3026 et
723 2999 862 3026 Troianus
874 2996 984 3024 eandem
1018 2997 1105 3023 Deue-

66 3036 152 3063 niunt.
213 3037 347 3064 Deuenire
360 3037 392 3064 ad
406 3046 478 3064 mare
487 3057 495 3069 ‚
513 3035 578 3072 quod
587 3036 705 3063 humilius
717 3033 898 3071 effiaefluminum
911 3032 1027 3069 decursus
1039 3032 1109 3059 docet

67 3071 148 3099 Plaut.
160 3072 267 3099 Poenul.
279 3082 303 3108 3,
317 3081 339 3106 3,
354 3082 394 3108 ¹4·
466 3073 539 3099 Caes.
552 3072 580 3098 B.
594 3072 626 3098 G.
641 3079 667 3104 2,
680 3079 709 3098 21
732 3070 828 3097 Caesar
840 3070 860 3103 (
863 3078 932 3105 quem
943 3071 972 3095 in
989 3067 1048 3094 colle
1059 3067 1107 3104 su-

1169 2799 1199 2824 4,
1237 2809 1244 2817 .
1279 2809 1287 2817 .
1323 2788 1356 2815 Et
1369 2796 1453 2823 quum
1466 2794 1578 2821 corpora
1590 2785 1730 2812 hominum
1743 2789 1885 2818 occupant,
1901 2784 2058 2820 animosque
2076 2785 2216 2819 deuexam,

1168 2824 1328 2852 adiurantur
1337 2822 1371 2850 ab
1384 2822 1436 2855 his,
1452 2830 1478 2849 et
1488 2821 1598 2849 nomine
1612 2821 1664 2848 Dei
1676 2820 1735 2847 veri
1749 2820 1882 2854 fugantur.
1917 2819 1966 2847 Sed
1976 2830 2024 2847 non
2037 2822 2196 2849 inueniebam.

1206 2859 1391 2887 DEVEXAT
1400 2865 1421 2886 v
1431 2864 1444 2885 s
1454 2877 1463 2891 ,
1486 2866 1500 2884 a
1509 2877 1517 2889 ‚
1537 2866 1593 2884 um.
1613 2855 1707 2883 Partic.
1744 2855 1800 2882 Cic.
1821 2856 1894 2881 Fam.
1914 2863 1959 2888 10,
1978 2864 1991 2888 3
2019 2857 2067 2883 Per
2080 2862 2120 2884 tot
2133 2866 2214 2884 annos

1170 2895 1283 2930 Republ.
1298 2895 1434 2922 deuexata.
1467 2894 1510 2921 Sic
1522 2894 1594 2920 Grut.
1609 2893 1684 2919 Gron.
1698 2892 1732 2918 al.
1745 2891 1883 2918 Diuexata.

1207 2938 1227 2959 n
1235 2937 1252 2958 E
1261 2938 1307 2959 vr.
1316 2938 1335 2958 x
1344 2937 1365 2957 ν
1373 2937 1387 2957 s
1396 2950 1405 2962 ‚
1424 2937 1439 2956 a
1447 2949 1456 2962 ‚
1475 2937 1530 2955 um.
1555 2926 1615 2954 Adi.
1650 2926 1822 2967 [naraoi92);,
1840 2925 1978 2960 κατάντης]
2013 2927 2126 2953 ΒεεΙίιιιί
2138 2934 2162 2953 et
2176 2927 2215 2954 de-

1162 2966 1257 3003 flexus.
1295 2964 1428 2993 Columel.
1441 2973 1462 2998 1,
1475 2972 1502 2997 2,
1515 2973 1528 2997 3
1548 2964 1624 2991 Parte
1638 2962 1791 2998 campestri,
1808 2968 1882 2996 parte
1899 2961 1951 2988 alia
1972 2961 2102 2994 collibus,
2123 2963 2166 2989 vel
2181 2963 2214 2989 ad

1169 3002 1326 3043 Orientem,
1344 3001 1387 3029 vel
1400 3000 1433 3028 ad
1447 2999 1590 3027 Meridiem
1601 2998 1721 3031 molliter
1734 2998 1851 3024 deuexis.

1169 3038 1328 3101 ng.ta61‚¹¹2<i¹.
1338 3080 1460 3108 praeceps
1477 3071 1535 3098 Sen.
1548 3070 1628 3105 Epist.
1641 3078 1676 3097 12.

1688 3032 1689 3035 Ἴ
1941 2997 2062 3023 Deuexus
2084 3004 2109 3024 et
2121 2998 2213 3032 planus

1411 3037 1534 3063 Deuexus
1547 3035 1577 3062 in
1590 3035 1697 3069 planum
1717 3033 1785 3061 Plin.
1798 3034 1858 3059 Pan.
1873 3040 1901 3067 7,
1915 3040 1935 3058 1.
2022 3033 2099 3060 Aetas
2113 3034 2212 3060 deuexa

1746 3068 1820 3104 Conf-
1835 3067 1890 3096 Cic.
1904 3068 1957 3094 Att.
1972 3075 1998 3099 9,
2013 3076 2050 3094 10.
2088 3073 2090 3075 ’
2135 3069 2212 3103 Alpes

66 3105 124 3141 iffi,
137 3107 268 3144 sl‘PeriOra
280 3107 430 3143 fflmdunl)
463 3122 510 3128 -··
545 3106 710 3139 decucurrit,
727 3111 753 3133 et
771 3105 803 3132 ad
821 3106 907 3139 legem
919 3103 1049 3130 deeimam
1063 3104 1107 3130 de·
1122 3115 1155 3142 80
1170 3110 1284 3137 deuexae
1303 3110 1401 3136 Lucan.
1417 3116 1440 3141 2,
1454 3115 1514 3141 4²9·
1566 3105 1661 3133 Amnis
1673 3103 1789 3132 deuexus
1803 3112 1886 3138 vsque
1897 3103 1930 3129 ab
1942 3102 2013 3129 Indis
2030 3103 2210 3138 Virg.Georg.

67 3142 140 3183 venit
154 3177 159 3183 ,
173 3158 219 3164 -—
253 3145 340 3178 Qam
354 3145 467 3179 quisque
481 3144 510 3171 in
522 3149 625 3178 partem
637 3141 670 3169 ab
677 3150 757 3182 opere
770 3141 829 3168 casu
842 3140 959 3181 deuenit.
1029 3138 1106 3176 Cous.
1169 3154 1199 3179 4,
1211 3154 1265 3179 293,
1337 3145 1410 3171 Arna
1430 3143 1511 3170 Ouid.
1525 3142 1591 3183 Met.
1604 3149 1631 3204 Ξ,
1644 3150 1699 3174 330.
1782 3140 1859 3166 Calix
1873 3138 1905 3165 ad
1918 3138 2022 3165 cursum
2034 3147 2115 3174 aquae
2130 3147 2211 3179 oppo-

69 3177 139 3204 Hm·
152 3177 189 3205 ὼ·
202 3183 226 3212 8,
241 3183 275 3209 ¹8·
310 3180 379 3220 Nep:
395 3182 434 3213 16,
447 3189 470 3211 ²2
482 3187 504 3212 5-
518 3185 542 3205 ‘2
555 3188 576 3205 c·
589 3187 612 3211 3,
627 3187 646 3205 ¹·
718 3178 790 3204 Hm·
808 3177 838 3204 Β·
853 3176 938 3203 Afrlc·
975 3195 982 3203 ·
1019 3194 1027 3202 ·
1063 3194 1070 3201 ·
1169 3181 1231 3208 litus
1260 3180 1428 3215 deuexusque
1457 3179 1579 3206 Frontin.
1623 3186 1638 3204 e
1663 3175 1780 3211 Aquaed.
1803 3184 1828 3209 p.
1851 3182 1894 3207 233
1924 3174 2015 3201 Keuch.
2087 3175 2171 3208 Caput
2182 3183 2212 3201 in

70 3210 178 3240 Interim
190 3213 294 3241 nobiles
306 3214 426 3243 homines
441 3224 473 3242 ex
487 3215 539 3242 suis
554 3214 660 3249 oppidis
672 3213 832 3249 profugere,
849 3212 878 3240 in
894 3211 976 3239 castra
988 3210 1107 3237 Caesaris

72 3245 211 3282 deuenire,
228 3253 311 3286 nempe
316 3251 443 3291 supplices
452 3271 460 3283 ,
477 3251 589 3278 humiles.
661 3250 703 3277 Sic
716 3249 773 3276 Cic.
787 3249 859 3276 Fam.
872 3255 906 3283 7,
920 3256 932 3280 3
949 3245 1054 3274 Discessi
1074 3245 1107 3273 ab

860 3318 941 3346 Ouid.
948 3319 1013 3346 Met.
1022 3322 1046 3350 8,
1053 3324 1108 3353 797

984 3352 1067 3381 Ouid.
1075 3353 1109 3380 de

74 3315 247 3353 incidendum,
262 3327 307 3348 aut
320 3322 514 3349 deueniendum
526 3322 555 3349 in
566 3320 679 3348 vicioris
691 3329 792 3347 manus.

74 3351 124 3378 Illa
138 3351 197 3379 dato
210 3355 330 3384 subnecti
342 3367 389 3392 per
400 3358 505 3386 aethera
519 3366 598 3384 curru
612 3356 727 3383 Deuenit
741 3356 771 3382 in
783 3354 923 3387 Scythiam.

74 3388 151 3414 Rem.
166 3387 254 3416 Amor.
267 3393 309 3419 611
332 3394 366 3420 Vt
378 3393 488 3429 cupidos
501 3393 571 3420 inter
582 3391 692 3419 deuenit
704 3396 838 3423 amantes,
854 3394 881 3417 in
892 3392 971 3417 locum
984 3390 1109 3426 periculo·

66 3422 133 3460 fitm-
204 3422 259 3451 Sine
270 3427 445 3464 Praepofitiom
457 3440 465 3455 :
483 3429 559 3463 Virg.
574 3429 641 3455 Aen.
657 3436 675 3459 1,
686 3429 733 3460 365
752 3427 892 3454 Deuenere
904 3425 993 3458 locos,
1013 3424 1108 3461 dffl‘en‘

72 3458 159 3485 dentes
170 3467 199 3485 ex
210 3460 317 3488 nauibus.

73 3492 153 3521 istum
170 3492 264 3534 eodem
277 3493 396 3532 deceptus
408 3500 551 3536 supercilio
566 3500 695 3531 Graecus,
712 3503 793 3534 atque
803 3497 913 3525 aduena.
967 3497 1022 3524 Cic.
1035 3497 1108 3524 Fam.

74 3537 129 3570 425
149 3530 415 3570 ququehquoniam
434 3537 464 3563 in
480 3545 539 3563 eam
560 3535 697 3562 fortunam
715 3533 889 3565 deuenimus,
902 3538 931 3560 vt
949 3533 1030 3560 etiam
1044 3531 1108 3559 huic

73 3564 206 3605 rernobis
220 3566 385 3595 seruiendum
397 3569 440 3598 lit:
463 3571 532 3598 ,noli
545 3571 721 3603 committere,
733 3575 763 3596 vt
774 3569 914 3605 quisquam
925 3574 951 3595 tc
964 3573 1048 3604 putet,
1062 3573 1108 3594 etc.

74 3601 106 3629 In
118 3600 223 3627 infidias
243 3600 324 3628 Plaut-
338 3602 405 3631 Men.
422 3614 443 3638 ι,
454 3615 477 3639 2,
491 3614 533 3642 27,
603 3607 660 3635 Cic,
674 3614 723 3641 pro
734 3606 855 3632 Mul-aen.
865 3613 900 3638 29
912 3613 934 3631 c.
947 3612 972 3637 13
992 3604 1033 3631 Sic
1041 3612 1107 3630 non.

74 3635 163 3663 nullos
177 3635 307 3668 videmus,
321 3637 368 3671 qui
379 3639 499 3668 Oratores
513 3642 626 3670 euadere
632 3651 686 3669 non
698 3646 856 3677 potuerunt,
873 3649 918 3667 eos
931 3639 964 3667 ad
977 3640 1044 3667 iuris
1057 3638 1107 3666 stu·
1124 3648 1156 3675 95
1173 3648 1226 3671 tur.

73 3671 148 3698 dium
161 3671 287 3699 deuenil'e
295 3692 304 3705 7
323 3673 453 3707 humum,
465 3680 570 3705 tenuius.
638 3677 713 3714 Conf.
728 3675 860 3711 Qineiil.
872 3680 897 3709 8,
909 3684 961 3709 3.c.
969 3676 1108 3702 not.Burm.

66 3713 98 3743 P·
111 3716 166 3747 75²7·
235 3707 305 3734 Ter·
320 3708 416 3735 Heaut.
430 3718 458 3742 4,
472 3718 493 3743 ς,
505 3720 522 3739 2
540 3712 650 3753 Miseret
661 3722 704 3740 me
723 3718 826 3753 tantum
844 3710 977 3753 deuenisse
995 3709 1028 3737 ad
1046 3718 1109 3750 cum

74 3742 148 3770 mali.
217 3742 347 3770 Columel.
360 3752 385 3776 2,
398 3751 425 3770 ιι
447 3745 516 3773 OQ)
527 3747 618 3776 diebus
631 3748 793 3780 deflorescit,
811 3756 840 3775 ac
857 3746 954 3774 deinde
966 3745 1112 3781 grandescit

74 3777 169 3818 diebus
181 3778 352 3813 quadraginta
361 3799 369 3812 ,
390 3779 485 3814 quibus
498 3781 552 3814 post
565 3783 658 3811 florem
671 3784 704 3811 ad
715 3783 896 3811 maturitatem
911 3782 1029 3809 deuenit.
1079 3782 1111 3808 In

75 3812 193 3840 medium
206 3819 338 3841 certamen
348 3821 426 3850 atque
440 3814 578 3843 discrimen
593 3818 648 3850 Cic.
662 3819 694 3847 de
707 3820 782 3847 Orat.
798 3827 808 3846 1
822 3818 906 3854 princ.

76 3854 101 3880 32
113 3850 158 3887 ¹256
172 3857 194 3876 t·
210 3854 244 3883 48
273 3851 336 3884 Quo
361 3851 515 3885 confugient
535 3852 621 3880 socii?
655 3864 734 3890 quem
751 3854 956 3890 implorabunt?
992 3861 1045 3890 qua
1066 3853 1111 3887 spe

81 3881 208 3918 demque,
228 3890 256 3911 vt
269 3886 361 3925 ¹viuere
375 3886 474 3920 velint,
492 3886 667 3922 tenebuntur,
684 3890 703 3917 fi
715 3899 765 3917 vos
778 3898 823 3917 eos
834 3889 954 3917 desei-itis
968 3890 978 3916 ἒ
1014 3887 1054 3916 Ad
1069 3889 1112 3916 Se·

71 3922 169 3955 rnatum
182 3918 330 3948 dcuement.
366 3923 411 3958 qui
428 3921 459 3949 de
473 3923 556 3949 Verre
570 3922 726 3957 supplicium
737 3926 820 3953 sumat
834 3926 844 3953 3
861 3934 915 3952 non
927 3924 964 3952 est
978 3924 1112 3957 vfitatum‚

75 3959 121 3979 etc.
133 3952 252 3989 fiaplices‚
270 3956 381 3984 humiles.
451 3957 520 3985 Add.
535 3957 574 3984 ld.
588 3967 636 3992 pro
649 3960 743 3993 Qiint.
763 3969 786 3988 c.
806 3969 842 3996 ¹7·
913 3961 970 3988 Cic.
984 3961 1039 3988 Att.
1054 3970 1080 3993 1,
1092 3961 1110 3986 6

75 3987 214 4017 Nolebam
223 3989 299 4018 illum
309 3993 427 4023 nostrum
441 3993 601 4022 familiarem
614 3993 760 4023 sermonem
771 3996 802 4024 in
812 3996 911 4024 alienas
928 4003 1020 4025 manue
1034 3995 1269 4030 dene-105Cumau
1278 4015 1288 4030 ‚
1305 3993 1456 4029 Neapolin,
1475 3992 1630 4055 1ὶὲοιιηκίωσ,
1651 3990 1797 4019 Nuceriam
1823 3988 1876 4015 sui·
1899 3984 2034 4021 praesidii·
2052 3984 2212 4011 deuincient.

228 4030 310 4056 vox..
344 4029 388 4057 11.

1170 3216 1292 3244 dextrum
1327 3214 1470 3242 humerum
1500 3213 1568 3240 Plin.
1590 3217 1638 3252 28,
1654 3214 1680 3238 6.

73 3289 107 3307 eo
125 3282 210 3318 bello,
227 3285 257 3312 in
279 3295 334 3321 quo
353 3292 397 3314 aut
417 3295 446 3313 in
464 3287 522 3313 acie
540 3284 686 3312 cadendum
697 3284 766 3318 fuit,
789 3284 874 3311 autin
886 3283 988 3318 aliquas
1001 3280 1106 3308 infidias
1123 3291 1153 3321 85
1169 3250 1375 3315 ἵξριιιὶςῖἔὲῗξέἷς
1382 3258 1492 3313 {Quem
1505 3284 1625 3319 margine
1644 3281 1728 3309 Ouid.
1743 3282 1808 3308 Met.
1821 3289 1849 3314 9,
1862 3290 1919 3314 334.

1169 3324 1269 3358 Argon.
1284 3331 1309 3357 3,
1322 3325 1353 3353 68

1169 3403 1227 3428 241.
1298 3394 1386 3428 Rupes
1416 3391 1510 3419 Claud.
1531 3390 1563 3417 de
1581 3390 1670 3424 Aponi
1686 3388 1786 3416 balneis
1802 3396 1837 3421 53.

406 3465 462 3492 Cic.
477 3464 507 3491 in
520 3465 606 3491 Pison.
617 3471 653 3499 70
684 3462 800 3490 Deuenit
813 3467 858 3489 aut
869 3461 957 3496 potius
970 3461 1065 3488 incidit
1078 3460 1108 3487 in
1119 3475 1157 3499 90
1168 3429 1473 3497 {gfgzz‘uicgl'ei'fg'nssit
1487 3463 1515 3488 in
1529 3462 1668 3488 Tiberim.

1169 3501 1215 3529 cit.
1228 3501 1297 3529 Hist.
1310 3508 1332 3534 ς,
1346 3508 1377 3527 ιι.

1170 3538 1279 3565 Deuexa
1290 3535 1425 3563 montium
1444 3533 1511 3561 ibid.
1528 3542 1553 3568 p.
1569 3534 1625 3567 146.

1751 3211 1813 3237 Dies
1828 3209 1956 3236 deuexior
1979 3209 2070 3236 Claud.
2085 3209 2116 3235 de
2130 3210 2208 3236 Cons.

1494 3249 1617 3276 Deuexus
1630 3256 1658 3274 in
1672 3247 1744 3274 viam
1759 3246 1831 3272 lucus
1848 3246 1904 3272 Cic.
1917 3244 1949 3272 de
1962 3244 2051 3270 Diuin.
2061 3252 2081 3276 1,
2092 3253 2130 3271 101
2139 3254 2160 3272 c.
2169 3253 2211 3280 45.

1999 3280 2103 3306 Montes
2122 3281 2211 3307 Valer.

1450 3320 1566 3347 Mundus
1579 3318 1710 3354 premitur
1722 3316 1836 3344 deuexus
1850 3317 1878 3343 in
1891 3314 1999 3343 Austros
2026 3315 2101 3349 Virg.
2113 3316 2210 3351 Georg.

1171 3357 1191 3392 ι,
1206 3368 1260 3394 ²4¹·
1331 3329 1381 3385 ΑΞ.
1389 3362 1542 3391 terramque
1562 3355 1621 3381 fluit
1642 3354 1744 3381 deuexo
1757 3351 1874 3387 pondere
1886 3350 1976 3378 ceruix
1995 3350 2175 3391 Virg3Ge0rg,
2187 3359 2211 3384 3,

1908 3385 1998 3412 Solum
2013 3384 2068 3412 leui
2082 3386 2153 3413 cliuo
2167 3387 2211 3414 de·

1541 3426 1631 3453 Terra
1643 3425 1743 3452 deuexa
1762 3420 1893 3458 quidquid
1912 3420 2026 3455 liquoris
2045 3423 2145 3456 accepit
2163 3432 2211 3449 nec

1771 3458 1887 3493 Absolute
1901 3467 1909 3481 .-
1944 3457 2017 3482 Inter
2036 3456 2135 3484 deuexa
2154 3458 2210 3485 Ta-

1449 3499 1497 3525 Per
1509 3497 1607 3524 deuexa
1620 3496 1730 3523 collium
1748 3490 1907 3522 Frontinde
1920 3491 2017 3519 Colon.
2030 3492 2108 3520 Goes.
2119 3502 2144 3528 p.
2159 3502 2211 3521 ιιι.

1206 3579 1226 3599 D
1236 3579 1253 3599 Ε
1260 3579 1281 3598 v
1289 3579 1307 3599 E
1315 3569 1355 3599 xi
1366 3577 1388 3597 T
1400 3577 1422 3597 A
1431 3577 1455 3602 s,
1462 3569 1521 3596 atis.
1541 3568 1561 3595 f.
1597 3566 1642 3601 [τᾶ
1655 3564 1786 3599 κάταντες]
1821 3551 1969 3589 Οεῖἶίιιίιαι.
2004 3561 2070 3589 Plin.
2079 3562 2156 3597 Epist.
2165 3568 2188 3595 8,
2197 3567 2211 3593 8

1172 3607 1237 3635 Inde
1248 3616 1303 3634 non
1315 3606 1369 3633 loci
1381 3605 1548 3637 deuexitate,
1564 3603 1607 3630 sed
1621 3602 1674 3637 ipsa
1687 3599 1727 3626 sui
1740 3597 1816 3633 copia
1829 3604 1854 3624 et
1874 3598 1944 3633 quali
1962 3597 2080 3633 pondere
2100 3598 2212 3633 impelli-

1295 3642 1363 3669 Plin.
1378 3648 1418 3676 17,
1432 3649 1466 3668 22
1483 3638 1627 3667 Puluinatis
1641 3645 1655 3663 a
1666 3634 1815 3662 deuexitate
1828 3633 1918 3660 labris.
1954 3633 2021 3661 Add.
2035 3633 2074 3660 Id.
2088 3642 2111 3666 2,
2125 3637 2165 3666 65.

1207 3685 1227 3706 ι)
1235 3684 1252 3705 Ε
1260 3684 1283 3704 v
1291 3675 1304 3704 i
1312 3683 1334 3704 G
1342 3683 1360 3704 F.
1368 3683 1381 3703 s
1389 3683 1407 3704 c
1414 3683 1434 3704 ο
1444 3696 1453 3709 ,
1473 3677 1526 3703 ere.
1561 3671 1729 3707 Marcqscere,
1746 3673 1855 3706 vigorem
1861 3668 1995 3706 paullatim
2006 3672 2127 3696 amittere.
2142 3669 2173 3696 T
2173 3677 2211 3695 er-

1173 3713 1232 3741 tull.
1245 3713 1278 3740 de
1290 3713 1388 3740 Anima
1401 3721 1422 3739 c.
1434 3719 1477 3746 27.

1208 3756 1227 3776 D
1234 3756 1252 3776 E
1261 3755 1282 3775 V
1292 3756 1303 3776 1
1312 3755 1334 3774 N
1343 3754 1360 3775 C
1368 3754 1380 3775 1
1389 3754 1409 3775 O
1416 3766 1424 3779 ‚
1444 3747 1471 3773 xi
1479 3766 1488 3779 ‚
1508 3744 1595 3775 dium,
1613 3744 1662 3769 fre.
1698 3739 1866 3776 [uastae-prolui,
1884 3736 2015 3774 καταδὲω]
2057 3739 2212 3766 Vehementer

1173 3786 1254 3822 ligare
1268 3790 1292 3811 et
1304 3781 1479 3821 constringere.
1514 3780 1570 3806 Cic.
1585 3777 1617 3805 de
1628 3778 1698 3812 Lege
1712 3778 1774 3811 Agr.
1790 3778 1819 3803 16
1832 3785 1854 3816 c.
1869 3783 1882 3808 5
1901 3776 1988 3810 Quam
2005 3774 2138 3809 praefidiis
2151 3783 2211 3800 con-

980 3817 1020 3845 Id·
1032 3818 1167 3850 verr-roo
1174 3819 1333 3852 firmaretis,
1351 3817 1465 3845 coloniis
1477 3813 1656 3849 occuparetis,
1674 3812 1800 3839 omnibus
1812 3810 1925 3838 vinculis
1940 3809 2089 3837 deuinciam
2108 3814 2134 3835 et
2152 3817 2212 3834 con-

1173 3855 1290 3883 strieiam
1304 3853 1443 3884 teneretis,
1463 3850 1492 3876 de
1498 3852 1640 3887 prouincia.
1709 3848 1791 3875 Plaut.
1804 3847 1892 3874 Pseud.
1907 3854 1928 3879 1,
1939 3854 1966 3878 2,
1979 3848 2009 3878 65
2028 3846 2090 3872 Cras
2099 3850 2132 3877 te,
2141 3843 2210 3883 quali

1173 3890 1344 3919 Dircenolim
1351 3892 1391 3920 (vt
1399 3887 1558 3918 memorant)
1567 3885 1620 3912 duo
1634 3883 1715 3911 Gnati
1728 3884 1801 3911 Iouis
1814 3882 1959 3909 deuinxere
1970 3879 2003 3906 ad
2017 3886 2131 3911 taurum,
2147 3884 2211 3904 item

1175 3926 1257 3954 hodie
1265 3925 1329 3952 strin
1347 3932 1388 3950 am
1397 3922 1429 3949 ad
1436 3921 1595 3948 carnarium.
1632 3920 1689 3947 Cic.
1698 3927 1747 3954 pro
1753 3919 1866 3945 Caecina
1873 3925 1906 3950 92
1916 3915 1956 3942 Ad
1964 3915 2026 3941 duas
2034 3914 2162 3940 diffimiles
2170 3921 2211 3939 res
2234 3930 2247 3942 .

1175 3963 1230 3989 duo
1242 3961 1323 3988 deuin
1352 3967 1366 3985 a
1380 3956 1522 3985 interdieta
1534 3958 1600 3983 sunt.
1688 3955 1745 3982 Cic.
1759 3953 1791 3980 de
1804 3954 1872 3987 Lege
1885 3953 1948 3986 Agr.
1961 3952 1992 3980 86
2003 3959 2025 3975 c.
2040 3958 2063 3981 31
2088 3948 2211 3981 Atellam,

2155 4019 2212 4046 Cic.

2442 1218 2458 1264 ss*

2457 1229 2479 1270 {aa
2466 1209 2469 1213 ¹
