2479 4225
294 189 361 235 367
668 178 701 217 E
781 177 822 216 N
904 176 939 214 O

295 279 319 298 et
348 272 415 297 Aeon
450 269 577 296 Valentini
607 264 724 300 Tertull.
756 264 815 292 adu.
846 262 944 289 Valent.
968 268 990 286 c.
1022 266 1048 294 7.

296 317 316 340 ι’
331 316 421 370 ξΝΟ,
442 342 494 364 are.
529 337 705 372 [ἔκνῆχομαι]
745 336 777 362 Vt
803 334 895 360 Euam,
913 330 992 355 Extra
1014 338 1089 360 nare,
1105 335 1128 354 et
1144 325 1225 353 nando
1244 327 1326 367 aliquo

464 373 523 399 Lin.
538 381 574 405 33,
589 382 616 407 4¹
638 373 736 398 Multae
752 377 828 395 naues
841 364 954 395 effetae,
971 365 1068 390 multae
1081 366 1118 390 ita
1131 362 1234 390 haustae
1248 371 1326 394 mari,

296 418 324 437 vt
336 409 447 436 nemoin
455 415 550 435 terram
559 407 683 434 enauerit.
740 405 808 437 Virg.
819 402 881 426 Aen.
892 403 916 433 6,
931 402 959 425 16
977 399 1005 425 dp
1013 398 1270 437 D.ied.zlo,1nsuetum
1279 407 1326 432 per
1350 408 1364 434 5

297 447 347 472 iter
360 444 456 479 gelidas
470 445 558 470 enauit
571 443 602 469 ad
612 441 709 467 Areios,
803 437 859 462 Cic.
873 435 903 461 de
915 435 970 461 Fin.
980 443 1002 467 3,
1010 437 1039 466 63
1053 444 1074 460 c.
1084 443 1111 466 19
1150 435 1182 458 At
1192 433 1246 465 illa,
1257 442 1325 467 quae

296 483 324 508 in
336 479 434 506 concha
448 479 533 513 patula
546 479 620 512 pinna
635 475 744 504 dicitnr,
772 471 847 505 isque
867 470 913 504 qui
937 475 996 497 enat
1023 479 1036 495 e
1059 469 1174 499 concha,
1197 469 1260 502 qui,
1279 475 1325 495 etc,

296 518 379 543 Enare
394 515 421 541 in
433 515 500 541 aeris
515 521 585 540 auras
602 512 701 535 Lucret.
715 516 737 538 3,
750 513 805 538 590.
844 508 880 531 De
892 508 983 532 anima.
1020 505 1106 532 Valer.
1125 505 1224 538 Argon.
1240 511 1269 536 5,
1284 505 1327 535 316

296 552 469 585 Tantumque
485 548 556 575 fretis
569 544 700 571 enauimus
716 541 817 567 orbem.

333 587 477 615 EN6D0‚
497 588 545 609 tire.
581 578 665 606 Nodis
678 576 812 603 exsoluere
838 575 912 602 Non.
926 584 953 608 1,
970 584 1013 609 49.
1051 572 1148 601 διαλύω.
1174 575 1233 601 Vet.
1250 573 1328 600 Gloss.

339 631 355 648 2
391 620 500 647 Enodari
513 618 625 643 tliczmtm·
638 613 743 639 arbores
753 631 760 643 ,
798 620 851 637 uum
866 611 923 638 nodi·
936 614 971 636 eis
981 616 1150 646 amputantur.
1186 611 1252 636 Cato
1261 619 1282 635 c.
1292 618 1326 641 33.

297 619 428 685 {olium-l.
443 664 463 686 ς,
480 657 492 678 6
518 653 590 683 Qiae
608 650 692 676 vimus
712 656 726 672 a
745 620 873 681 positione
892 646 959 673 bene
973 645 1128 680 prouenerit
1141 646 1198 672 eius
1212 646 1327 671 summae

299 693 388 726 virgae
404 691 465 716 falce
487 686 579 711 debent
598 683 713 710 enodari.
818 719 822 723 .
908 678 929 717 ‘J
951 689 962 712 3
1000 681 1134 713 Enodare,
1170 680 1328 721 [ἓξηγὲιιθαι,

298 725 462 756 immicum,
480 719 595 754 ἒκᾶιιλέν]
630 717 740 751 llictaph.
756 717 886 750 explicare.
923 717 997 742 Non.
1015 725 1035 748 1,
1045 725 1080 749 49
1101 715 1190 743 Enoda
1204 715 1329 751 significat

1120 259 1229 291 interpr.
1256 257 1326 284 Iren.

290 377 427 412 peruenire.

300 762 410 796 explana.
446 756 536 782 Accius
545 755 675 786 Eurysace,
684 751 911 785 'suantenuquod
920 760 1020 785 quaero
1029 751 1118 783 abste,
1132 752 1226 784 enoda,
1237 758 1265 778 ,et
1280 751 1327 786 qui
1357 761 1382 789 ις
1394 751 1447 778 vid.
1461 758 1577 778 NVDVS.

298 799 335 827 fis,
343 794 445 828 explica.
482 792 577 816 Ennius
586 788 718 822 Telepho,
727 788 826 813 Verum
834 786 1035 821 quorumliberi
1043 787 1097 812 leto
1104 787 1158 813 dati
1167 789 1224 814 sunt
1233 788 1259 814 in
1273 787 1327 814 bel-

298 833 331 863 lo,
341 838 389 855 non
400 828 516 859 lubenter
525 826 584 851 haec
592 822 824 850 enodariaudiunt.
861 822 973 856 Turpil.
982 822 1135 855 Demetrio,
1149 823 1190 849 Ab
1204 823 1284 849 initio
1297 828 1325 849 vt

294 876 333 893 res
341 864 405 898 gesta
415 863 452 894 sit,
460 860 541 888 enoda
550 860 627 886 mihi.
662 860 754 885 Pacuu.
769 857 904 889 Periboea,
924 857 1030 883 Gnatho
1042 858 1164 884 ordinem
1173 864 1326 891 omnem,vt

295 899 402 929 dederit,
410 898 502 923 enodat
510 896 585 930 patri.
655 896 739 920 Varro
747 893 777 919 de
784 893 844 919 Vita
852 893 913 926 Pop.
922 894 997 919 Rom.
1008 893 1024 918 l.
1033 901 1042 918 1
1063 893 1158 928 Neque
1165 901 1192 921 vt
1201 895 1237 921 ita
1244 895 1271 920 in
1278 894 1326 920 iin-

295 935 359 970 gulis
387 934 463 959 rebus
487 932 586 958 diutius
609 938 760 961 moremur,
797 934 825 955 vt
848 927 919 959 dixi,
953 934 1032 963 atque
1061 929 1176 956 enodare
1205 930 1375 959 subtiliuszo

294 971 412 996 velimus.
517 967 573 993 Cic.
596 965 627 992 de
652 966 688 992 N.
715 965 746 990 D.
771 972 793 995 2,
818 966 848 989 62
881 964 912 989 In
939 963 1083 990 enodandis
1100 971 1187 992 autem
1209 966 1326 992 nomini-

295 1006 356 1036 bus,
376 1001 445 1038 quod
468 1002 624 1029 miserorum
647 1001 675 1027 sit
698 999 845 1026 elaboratis.
881 1000 909 1026 A
925 1001 947 1024 it
967 999 997 1025 de
1013 1000 1150 1027 Stoicorum
1163 1003 1265 1036 etymolo
1284 1004 1326 1028 iis.

294 1040 366 1067 An&-
379 1039 411 1066 ad
423 1040 521 1065 Hei-en.
538 1046 559 1069 2,
575 1046 603 1070 14
617 1047 637 1063 c.
647 1045 673 1062 10
693 1034 793 1062 Deinde
805 1039 952 1061 contrariae
966 1034 1031 1069 legis
1045 1035 1218 1063 enodabimus
1232 1011 1327 1063 voiun-

292 1081 388 1108 tatem,
407 1080 431 1100 et
446 1083 502 1100 eam
516 1073 646 1100 trahemus
660 1071 691 1097 ad
705 1070 805 1097 nostrae
825 1071 914 1097 causae
931 1070 1110 1097 commodum.
1205 1072 1274 1099 Iuris
1292 1073 1328 1098 la-

293 1119 373 1146 queos
393 1109 460 1136 Gell.
475 1117 508 1141 15,
523 1117 558 1134 10.
594 1115 616 1133 et
630 1116 649 1138 1,
664 1116 690 1140 4.
733 1106 790 1132 isid.
805 1105 891 1142 Heius
903 1106 938 1132 ad
948 1105 1055 1134 Phaedr.
1069 1115 1094 1139 3,
1109 1115 1145 1133 10.

293 1146 369 1182 Apul.
386 1147 448 1172 Met.
458 1153 476 1177 4
489 1153 512 1177 p.
523 1150 574 1176 157,
589 1151 620 1175 34
632 1142 727 1176 referre
740 1142 873 1167 oraculum.

326 1189 342 1208 E
351 1188 370 1207 N
382 1188 399 1207 0
410 1188 427 1207 D
437 1181 459 1206 A
467 1186 488 1205 T
497 1185 515 1203 V
524 1185 536 1204 s
545 1197 553 1209 ‚
574 1186 586 1203 a
595 1196 603 1209 ,
623 1186 675 1202 um.
699 1175 790 1202 Partic.
828 1175 1079 1211 [οἷναπεπτυγμὲνος]
1116 1176 1172 1204 Cic.
1181 1177 1213 1204 de
1221 1178 1324 1205 Inuent.

291 1226 316 1250 2,
332 1220 345 1241 6
360 1226 380 1242 c.
394 1225 409 1241 z
429 1216 560 1247 Praecepta
575 1220 667 1246 magna
680 1211 825 1245 conquisita
837 1220 898 1238 cura
913 1213 1048 1246 perspicue
1061 1213 1227 1248 conscripsit,
1247 1220 1325 1249 atque

291 1251 398 1278 enodata
410 1250 547 1282 diligenter
562 1247 690 1281 exposuit.
727 1247 755 1272 de
766 1246 883 1273 Arborib.
955 1248 1012 1274 Cat.
1027 1257 1048 1274 c.
1057 1257 1083 1280 33
1102 1249 1171 1275 Vitis
1185 1249 1250 1275 bene
1264 1259 1327 1276 eno·

289 1288 354 1313 data.

287 1320 433 1354 Carthagin.
448 1319 493 1344 lib.
508 1318 539 1344 de
551 1318 656 1345 Trinit.
671 1317 798 1352 praemiss.

322 1364 337 1382 E
347 1363 367 1381 Ν
378 1362 395 1381 o
405 1361 421 1379 n
432 1362 451 1380 A
463 1360 484 1379 'r
497 1360 533 1380 10
543 1373 550 1386 ,
568 1354 635 1380 onis.
657 1354 676 1379 f.
713 1352 882 1387 [ἐνάπτυξις]
918 1354 1066 1388 Explicatio.
1103 1355 1159 1381 Cic.
1180 1355 1208 1380 in
1221 1354 1322 1390 Topic.

285 1400 307 1423 3¹
331 1392 362 1416 Ea
377 1390 410 1415 est
423 1389 497 1415 insita
510 1394 535 1415 et
549 1394 608 1415 ante
621 1394 741 1423 percepta
755 1389 882 1422 cuiusque
895 1389 999 1415 formae
1017 1390 1136 1424 cognitio
1154 1390 1323 1417 enodationis

284 1426 408 1460 indigens.
515 1425 571 1451 Cic.
588 1424 619 1450 de
633 1425 668 1450 N.
683 1424 715 1450 D.
730 1433 753 1456 3,
766 1426 799 1449 62
814 1433 834 1449 c.
849 1432 886 1457 24
911 1424 986 1458 Qid
999 1434 1045 1451 vos
1058 1425 1168 1452 delcetat
1181 1426 1227 1453 illa
1241 1427 1323 1462 expli-

283 1462 350 1487 catio
364 1459 512 1486 fabularum
521 1480 529 1492 ,
548 1465 572 1486 et
586 1458 711 1485 enodatio
725 1459 866 1485 nominum
881 1460 890 1485 3
926 1461 963 1485 De
975 1462 1130 1497 etymologiis
1144 1462 1288 1490 Stoicorum.

316 1503 332 1523 Ε
342 1504 362 1522 Ν
372 1502 389 1522 o
400 1502 417 1521 D
427 1496 474 1521 ᾸΤ
484 1502 509 1520 E.
529 1494 597 1521 Adu.
633 1493 887 1528 [ἐναπεπτυγμένως]
924 1494 980 1521 Cic.
994 1495 1026 1520 de
1037 1496 1093 1522 Fin.
1107 1504 1130 1530 ς,
1147 1504 1178 1531 27
1191 1506 1235 1530 c.9
1249 1499 1321 1524 Haec

281 1531 363 1566 igitur
378 1530 455 1557 nobis
467 1529 618 1564 explicanda
632 1529 701 1555 sunt:
738 1528 780 1554 sed
794 1528 811 1553 si
827 1528 981 1561 enodatius,
998 1539 1046 1555 vos
1061 1530 1209 1564 ignoscetis.
1245 1533 1320 1558 Idem

281 1567 313 1593 de
327 1569 428 1593 Inuent.
443 1574 463 1598 1,
477 1574 507 1597 30
520 1575 540 1592 c.
557 1574 584 1592 21
604 1565 652 1590 Sua
667 1564 808 1598 diligenter
820 1569 846 1588 et
857 1563 967 1591 enodate
980 1566 1121 1592 narrando.
1226 1567 1322 1601 Superl.

280 1602 410 1637 usurpauit
424 1601 557 1634 Angustin.
572 1600 721 1635 Confess25,
735 1601 751 1625 6
771 1597 953 1625 Enodatiffime
965 1599 1099 1634 expedire.
1170 1600 1238 1627 Adii.
1246 1601 1320 1628 Idem

283 1636 396 1664 Retra&
410 1645 425 1662 2
458 1644 467 1650 ¹
490 1655 495 1661 .

319 1679 335 1699 E
346 1679 366 1698 Ν
377 1679 395 1698 o
405 1643 512 1697 D²A³ilo
522 1669 622 1702 moris.
641 1678 677 1696 m.
699 1668 817 1695 Tertull.
825 1669 856 1695 de
864 1669 948 1696 Pallio
956 1676 1020 1697 extr.
1034 1671 1067 1698 al.
1074 1671 1122 1708 leg.
1130 1670 1283 1698 Edoniator.

319 1715 336 1734 E
344 1715 366 1734 N
375 1714 393 1733 O
403 1714 419 1733 D
428 1713 448 1732 Α
459 1712 474 1732 Β
483 1712 490 1731 1
500 1712 515 1731 L
525 1712 534 1730 1
544 1711 556 1730 S
566 1724 574 1737 ,
597 1713 619 1731 e.
639 1704 698 1730 Adi.
733 1704 796 1730 vnde
808 1704 995 1732 inenodabilis.

318 1750 334 1769 E
346 1749 366 1768 N
379 1744 398 1768 6
408 1748 480 1773 DIS,
499 1749 521 1766 e.
552 1739 611 1765 Adi.
648 1737 788 1774 [ἔδει-μσς]
824 1739 896 1775 Qiod
908 1739 962 1773 fine
987 1741 1047 1768 nodo
1071 1739 1114 1774 est.
1151 1741 1216 1768 Plin.
1238 1749 1274 1773 12,
1289 1748 1319 1772 14

282 1777 386 1810 Quibus
399 1776 469 1803 credi
484 1775 575 1809 potest,
594 1777 703 1801 matrem
719 1784 825 1810 quoque
840 1781 947 1801 teretem
960 1783 985 1802 et
996 1776 1076 1803 enodi
1088 1775 1232 1803 frueticare
1246 1780 1320 1800 trun-

281 1822 320 1838 to.
416 1811 521 1837 Trunci
541 1811 613 1844 Virg.
628 1811 722 1844 Georg.
732 1815 804 1844 2,78.
875 1810 962 1837 Enode
975 1815 1048 1839 etiam
1061 1811 1171 1842 dicitur,
1185 1809 1319 1845 Qodfine
1326 1820 1359 1847 45

281 1844 424 1881 difficultate
438 1844 479 1877 qli.
517 1843 581 1870 Plin.
596 1845 674 1878 Epist.
690 1853 713 1877 5,
728 1853 763 1879 17,
778 1854 791 1870 2
807 1845 943 1872 Recitabat
957 1847 1129 1882 ἒρωτοπαῖγνιον
1143 1845 1274 1873 eruditam
1282 1846 1318 1871 sa-

280 1893 312 1909 ne
326 1902 333 1914 ,
354 1881 564 1914 luculentamque
583 1880 720 1905 materiam
741 1880 854 1914 (scripta
868 1881 949 1915 elegis
970 1886 1043 1914 erat)
1063 1881 1222 1913 fluentibus,
1243 1885 1268 1906 et
1282 1885 1319 1906 te-

281 1919 365 1949 neris,
384 1924 407 1942 ct
421 1915 562 1946 enodibus,
586 1913 742 1940 sublimibus
762 1915 857 1947 etiam,
879 1922 907 1940 vt
925 1918 1045 1950 poposcit
1056 1917 1138 1942 locus.
1232 1916 1318 1947 Qiae.

281 1954 390 1979 itionem
406 1950 516 1978 enodem
529 1949 643 1976 reddidit
663 1948 782 1975 Ambros.
795 1948 848 1975 Off.
862 1956 883 1980 1,
900 1957 936 1975 12.

316 1994 361 2013 ΕΝ-
375 1995 392 2014 (ςι
404 1993 530 2015 Reum,
552 1986 580 2011 is.
603 1985 621 2010 s.
657 1984 786 2020 [ἐνόρχις]

282 2023 449 2057 fragmentis,
470 2021 572 2047 testium
586 2018 697 2054 effigiem
711 2019 884 2054 repraesentat
903 2019 967 2047 Plin.
981 2026 1022 2053 37,
1039 2028 1076 2046 1o.

317 2066 333 2085 F,
345 2066 364 2084 N
374 2064 418 2084 OR
429 2065 450 2084 Μ
465 2063 494 2083 1<
504 2077 510 2088 ‚
531 2065 553 2082 e.
574 2056 632 2081 Adi.
669 2055 806 2089 [ἄμιτρσῃ
824 2056 937 2089 zia-om]
975 2057 1113 2091 sisagriam,
1126 2054 1182 2089 sine
1194 2055 1319 2091 mensura,

282 2101 304 2121 et
317 2102 415 2121 norma.
452 2093 515 2118 Plin.
532 2091 609 2125 Epist.
622 2099 648 2123 9,
656 2099 688 2125 27
709 2090 756 2117 Sed
770 2090 824 2116 acri
838 2091 986 2117 intentione
1000 2090 1201 2117 diiudicandum
1215 2092 1318 2124 est,in1-

282 2129 415 2156 modicum
430 2128 459 2154 sit
473 2137 504 2154 an
518 2126 628 2161 grande,
647 2127 728 2153 altum
743 2135 775 2152 an
789 2135 905 2152 enorme.
1013 2126 1078 2154 Plin.
1093 2133 1136 2161 17,
1152 2135 1179 2153 12
1205 2127 1317 2154 Eaedem

282 2174 401 2191 enormes
415 2163 518 2195 cerasi&
535 2163 621 2189 lauris.
735 2161 830 2188 Colossi
850 2161 910 2188 Stat.
924 2160 988 2188 Silu.
1005 2170 1024 2194 1,
1037 2171 1060 2194 3,
1076 2170 1110 2194 51.
1125 2185 1130 2190 ,
1146 2183 1149 2188 .
1163 2186 1165 2188 ,
1183 2163 1317 2197 Stipendia
1326 2178 1354 2204 55

282 2201 399 2227 enormia
414 2199 537 2234 Spartian.
550 2199 615 2224 Geta
624 2206 643 2223 c.
652 2199 675 2223 6.
714 2198 743 2223 Ιιι
763 2197 803 2223 his
822 2196 855 2223 od
872 2196 986 2229 cxcqffum
1002 2197 1121 2232 quendam
1134 2198 1319 2233 magnitudinis

280 2237 419 2272 respicitur.
455 2235 510 2261 Nec
524 2233 599 2261 debet
612 2233 735 2267 prologus
748 2232 884 2259 enormior
898 2234 946 2258 else
960 2242 1038 2267 quam
1050 2232 1139 2259 fabula
1154 2234 1318 2267 Spartian.in

281 2272 336 2298 Ael.
353 2273 429 2297 Vero.
443 2280 464 2297 c.
480 2279 486 2295 1
494 2270 523 2306 f.
593 2269 639 2296 Sed
655 2269 766 2295 Enorme
793 2271 881 2300 etiam,
900 2269 973 2303 ‚Quod
985 2279 1032 2295 non
1054 2267 1088 2301 est
1114 2268 1148 2295 ad
1164 2270 1273 2305 regulam
1293 2276 1318 2296 et

279 2316 386 2333 normam
393 2304 520 2332 direfium.
556 2305 623 2331 Tac.
633 2305 738 2338 Ann.15‚
747 2309 774 2336 38
783 2303 910 2330 Remedia
916 2309 975 2330 ante
982 2311 1010 2331 vt
1017 2304 1158 2331 velocitate
1166 2305 1229 2331 mali
1238 2311 1263 2331 et
1270 2304 1318 2331 ob-

279 2343 357 2369 noxia
365 2341 428 2368 vrbe
435 2341 512 2367 areiis
519 2340 657 2367 itineribus
666 2340 766 2374 hucque
774 2345 798 2365 et
805 2340 868 2366 illnc
877 2340 950 2365 flexis
958 2342 1036 2375 atque
1044 2340 1198 2367 enormibus
1207 2341 1280 2367 vicis.

313 2384 329 2404 Ε
339 2385 359 2403 Ν
370 2384 388 2402 o
398 2384 414 2402 R
426 2384 449 2402 M
461 2375 501 2403 ῐΤ
510 2383 525 2402 E
535 2383 562 2402 R.
599 2375 665 2401 Adu.
701 2375 840 2409 [ἐκτόπως]
876 2375 941 2401 Plin.
957 2383 996 2410 37,
1008 2378 1025 2401 6
1055 2375 1142 2402 Simili
1156 2376 1239 2403 modo
1251 2376 1268 2402 si
1282 2385 1314 2403 ex

277 2413 330 2440 alio
345 2412 433 2439 colore
447 2412 473 2437 in
487 2412 511 2437 se
524 2411 641 2438 admittat
654 2411 754 2445 aliquid
768 2410 922 2437 enormiter.

311 2455 327 2474 E
336 2455 356 2474 Ν
365 2455 383 2474 o
392 2455 409 2473 R
418 2454 441 2473 Μ
453 2446 464 2473 ἴ
475 2454 523 2473 ΤΑ
534 2455 546 2473 s
556 2467 563 2479 ‚
580 2447 636 2473 atis.
659 2447 677 2472 f.
716 2447 785 2474 Sicut
806 2447 835 2473 in
853 2445 982 2472 struetura
1000 2446 1120 2473 saxorum
1139 2446 1246 2473 rudium
1259 2446 1313 2481 ipsa

278 2484 417 2510 enormitas
432 2483 549 2514 inuenit,
570 2483 612 2508 cui
627 2481 752 2517 applicari
767 2487 792 2508 et
805 2482 833 2508 in
847 2490 901 2517 quo
912 2481 985 2522 possit
998 2482 1113 2508 insistere
1133 2482 1277 2516 0411116131,
1286 2493 1311 2516 4.

277 2520 331 2552 Qu
343 2518 491 2545 rusticitatis
503 2517 812 2552 enormitateincultique
827 2519 955 2544 sermonis
969 2517 1065 2544 ordine
1079 2519 1194 2544 sauciant
1222 2518 1312 2545 Diom.
1327 2525 1358 2557 65

278 2556 418 2580 Grammat.
433 2554 512 2587 praef.
550 2554 695 2581 Enormitas
709 2553 832 2588 stipendii
846 2553 974 2587 Spartian.
995 2553 1148 2588 aliquoties.
1220 2553 1313 2580 Adiice

277 2588 472 2651 {bksgfflncsetisi
483 2588 610 2652 ceguicem
619 2609 626 2621 ,
646 2595 671 2615 et
685 2589 831 2615 exilitatem
844 2597 968 2621 crurum,
985 2594 1011 2615 et
1024 2590 1208 2616 enormitatem
1216 2589 1313 2624 pedum

296 2634 335 2651 en.
367 2633 380 2650 e
417 2632 456 2654 on,
475 2643 480 2648 .
530 2643 535 2648 .

314 2665 574 2688 ENORMATVS,
592 2666 625 2689 a,
644 2667 697 2685 um.
734 2659 792 2685 Adi.
834 2658 903 2686 Vnde

313 2702 328 2722 E
340 2701 361 2721 N
375 2701 394 2720 ο
406 2701 457 2721 RM
471 2700 492 2719 Λ
504 2699 560 2719 τις.
597 2693 663 2719 Adu.
699 2694 750 2720 Cui
772 2693 833 2721 addi
854 2695 941 2721 minus
961 2694 1030 2720 nihil
1049 2696 1133 2729 potest
1162 2696 1240 2723 Giofl'.
1254 2695 1312 2724 md.
1321 2705 1358 2733 70
1377 2691 1439 2718 neb.
1474 2691 1541 2718 Adu.
1553 2699 1590 2723 ¹2,
1604 2692 1630 2717 6-
1666 2692 1694 2717 P·
1711 2691 1769 2718 Fab.
1784 2691 1878 2724 Sfmffl·
1893 2701 1942 2725 ¹‚3-

279 2730 325 2757 Sed
338 2734 386 2755 iam
399 2738 509 2755 monuere
523 2730 575 2754 viri
589 2726 671 2760 dosii,
691 2730 829 2764 legendum,
848 2732 887 2755 cui
899 2730 965 2755 nihil
975 2730 1034 2755 addi
1047 2734 1152 2756 rninuiue
1161 2730 1250 2765 pottst.

317 2772 332 2791 1=1
342 2773 361 2790 N
370 2772 388 2789 o
398 2772 418 2790 T
428 2772 442 2791 F.
452 2772 463 2790 s
473 2770 488 2789 C
499 2771 517 2790 o
527 2784 535 2794 ‚
556 2766 607 2789 ere.
644 2764 819 2798 [γνωρίζομαι]
859 2765 951 2790 Notum
958 2763 1028 2799 fieri.
1055 2765 1122 2791 Plin.
1132 2766 1211 2798 Epist.
1219 2774 1245 2797 2,
1253 2774 1312 2798 to,3

280 2801 442 2826 Enotuerunt
463 2799 568 2833 quidam
586 2799 625 2824 tui
645 2800 749 2831 versuS,
770 2806 795 2826 et
816 2800 902 2826 inuito
923 2805 948 2825 te
961 2799 1069 2825 claustra
1082 2805 1126 2825 tua
1138 2800 1312 2833 refregernnt.

279 2836 347 2861 Suet.
366 2835 391 2860 in
405 2835 484 2861 Oton.
497 2844 516 2860 c.
531 2843 557 2860 10
598 2835 721 2861 Interfuit
737 2834 796 2861 huic
809 2835 881 2862 bello
894 2840 967 2869 pater
980 2842 1053 2859 meus
1073 2834 1212 2860 Suetonius
1232 2835 1311 2860 Lenis

280 2871 372 2897 tertiae
396 2870 511 2895 decimae
531 2870 641 2903 legionis
662 2870 798 2902 tribunus,
819 2869 1040 2905 angustielauius:
1077 2869 1099 2894 is
1122 2877 1185 2894 mox
1210 2869 1311 2894 referre
1324 2876 1356 2904 75
1379 2866 1450 2892 eund.
1476 2866 1542 2892 Fast.
1562 2874 1590 2899 4,
1608 2871 1651 2898 388
1678 2867 1714 2892 En
1727 2876 1782 2902 iger
1802 2868 1889 2896 Orion
1907 2878 2024 2904 aequore
2035 2870 2133 2897 mersus
2148 2869 2207 2897 erit.

279 2905 372 2933 erebro
388 2905 484 2931 solebat
496 2914 551 2931 rem
566 2914 645 2938 vsque
659 2905 725 2932 adeo
739 2907 879 2938 metuisse,
899 2907 1014 2932 otonem
1035 2903 1113 2929 etiam
1126 2903 1250 2937 priuatim
1272 2913 1312 2929 vs-

280 2950 330 2975 que
344 2941 407 2966 adeo
421 2941 571 2966 detestatum
587 2941 685 2967 Ciuilia
699 2940 781 2972 bella,
798 2947 825 2968 vt
838 2945 1000 2967 memorante
1014 2938 1128 2973 quodam
1143 2939 1211 2963 inter
1224 2938 1312 2971 epulas

279 2977 310 3002 de
324 2976 398 3003 Callii
412 2976 536 3010 Brutique
550 2976 638 3008 exitu,
655 2975 832 3003 colim-ruerit.
881 2975 949 3003 Add.
965 2975 1003 3001 Ib.
1017 2984 1037 3000 c.
1054 2983 1074 3006 3,
1145 2972 1310 3000 Tutini-list.

279 3021 299 3043 3,
315 3020 345 3045 34
363 3011 441 3045 Qiod
455 3011 502 3037 vbi
515 3011 626 3037 enotuit.
700 3011 857 3045 Eloquentia
870 3020 915 3045 per
930 3016 1016 3044 gentes
1029 3009 1178 3035 enotescere
1209 3008 1266 3034 Sen.
1280 3008 1311 3034 de

276 3047 363 3073 Benef.
378 3055 397 3075 ⁴,
417 3055 453 3072 -2,

315 3089 329 3107 κ.
340 3090 358 3107 N
369 3064 388 3107 (ζ
398 3064 448 3107 TDO
460 3101 468 3112 ,
488 3086 538 3107 Ξτε.
575 3082 708 3107 Memoriae
722 3081 793 3117 causa
807 3090 836 3106 cx
849 3081 898 3106 alio
910 3079 973 3105 libro
975 3078 1085 3113 strillen·
1097 3084 1120 3103 et
1129 3084 1222 3103 notare.
1248 3078 1312 3104 Plin.

280 3117 354 3151 [pist.
376 3126 394 3148 1,
413 3118 429 3141 6
461 3115 499 3141 Ad
520 3116 585 3142 retia
605 3115 725 3141 sedebam
743 3127 747 3142 :
783 3121 837 3142 erat
851 3115 878 3140 in
892 3114 1015 3148 proximo
1029 3122 1082 3138 non
1096 3112 1253 3139 venabulum
1268 3119 1313 3140 aut

279 3152 381 3183 lancea,
421 3150 463 3176 scd
477 3151 547 3176 stilus
573 3157 597 3175 et
612 3151 753 3184 pugillares
769 3161 773 3176 :
809 3148 954 3176 meditabar
973 3147 1091 3182 aliquid,
1112 3147 1314 3183 enotabamque,

281 3193 307 3213 vt
321 3187 336 3213 si
352 3194 442 3212 manus
456 3193 548 3210 vacuas
558 3205 564 3215 ‚
584 3185 670 3218 plenas
685 3192 770 3211 tamen
784 3193 854 3211 ceras
869 3190 1038 3217 reportarem.
1076 3182 1311 3216 Add.1de111.6,16.

314 3230 328 3247 r
341 3230 358 3247 N
370 3221 417 3247 ‹31r
429 3222 475 3247 ᾸΤ
486 3227 503 3244 v
515 3226 527 3245 s
537 3236 544 3248 ‚
564 3227 577 3244 a
587 3240 594 3250 ,
614 3228 666 3246 um.
692 3221 756 3246 Part.
794 3219 869 3253 Apul.
883 3219 945 3244 Met.
959 3227 976 3250 9
989 3227 1013 3251 p.
1027 3226 1082 3247 220,
1096 3226 1129 3244 22
1148 3219 1222 3245 Sorte
1236 3220 1311 3246 vnica
1321 3225 1349 3254 85

280 3256 376 3282 talibus·
392 3255 509 3291 pluribus
522 3259 633 3279 enotata.
671 3255 716 3281 Scd
729 3258 813 3280 uariat
825 3251 906 3280 letho.

314 3297 329 3316 i:
342 3296 545 3320 ΝωΎΛτιο,
565 3288 631 3313 bnis.
654 3288 671 3313 f.
725 3289 800 3323 Apud
813 3289 925 3315 Hieron.
962 3307 968 3312 .

316 3333 330 3351 ιῖ
344 3333 361 3351 N
374 3331 479 3353 (ιΤΛΤ
490 3330 509 3350 0
520 3331 536 3349 1<
547 3342 553 3353 ,
574 3323 636 3348 osis.
654 3331 689 3347 m.
724 3324 800 3357 Apud
813 3322 931 3349 Macrob.
974 3341 994 3358 .·
1018 3341 1025 3348 .

316 3367 331 3387 F.
341 3368 361 3386 Ν
372 3367 390 3386 o
403 3368 423 3387 *r
432 3367 493 3387 ΑΒι
505 3366 519 3384 1.
532 3365 561 3384 1s
571 3377 577 3388 ‚
597 3367 619 3382 e.
645 3357 703 3382 Adi.
741 3358 815 3392 Apud
827 3357 961 3391 Augustin.
998 3377 1004 3382 .

314 3403 330 3421 P
341 3403 360 3422 N
371 3403 390 3421 ()
399 3402 464 3426 VO,
484 3398 535 3419 z'ire.
571 3392 686 3424 [invaso]
724 3393 788 3418 Itlcm
815 3393 878 3427 quoti
910 3393 987 3418 Nouo.
1023 3393 1078 3418 Cic.
1093 3392 1170 3419 Acad.
1189 3401 1209 3426 Ι,
1224 3402 1245 3419 11
1262 3403 1283 3420 c.
1298 3403 1355 3432 390

280 3430 397 3457 Enouare
410 3427 510 3463 aliquid
523 3436 555 3453 nc
569 3426 720 3453 obsolescat.
741 3430 758 3452 ι’.
770 3429 928 3459 ΙὶκενσῑνεῃΝ
940 3431 965 3453 in
978 3426 1162 3459 diffictudinrm
1177 3436 1200 3454 et
1213 3429 1310 3456 obliisio.

280 3474 331 3490 nem
345 3466 423 3491 abc-ir.
459 3465 514 3489 Alii
529 3464 674 3488 chouarc.
765 3462 794 3488 Et
810 3462 886 3496 pistis
900 3471 959 3488 anas
973 3469 1082 3489 enouata
1094 3464 1187 3498 pennis
1206 3465 1310 3491 Petron.

278 3509 299 3525 r.
313 3508 343 3532 93
363 3501 390 3526 in
405 3499 535 3526 Carmine.
709 3535 736 3565 R

310 3611 600 3635 πΝηΗγτιιΜνε,
619 3611 641 3630 ct
659 3605 998 3636 iENRHYTHMi'CVS,
1017 3613 1119 3636 ιι,1ιηι.
1140 3606 1198 3634 Adi.
1233 3586 1349 3643 Apud9'

276 3642 355 3668 Mart.
371 3641 466 3674 Capell.
483 3650 499 3673 9
514 3650 537 3674 p.
553 3648 598 3674 327
611 3648 633 3665 ei
648 3645 688 3671 328
707 3647 750 3671 vt,
772 3640 860 3665 Genus
875 3649 1044 3667 numerorum
1062 3641 1246 3675 enrhythmon,
1261 3645 1308 3669 En-

275 3676 420 3709 rhythmica
436 3683 560 3711 tempora.
596 3676 664 3702 Mers
679 3676 796 3701 Graecum
810 3673 843 3707 est
857 3675 979 3710 ἔνρυθμος.

310 3719 357 3738 ΕΝ
368 3719 396 3743 s,
418 3712 492 3737 entis.
515 3711 603 3737 l’artit.
641 3710 686 3743 [τό
700 3706 742 3743 ἓν]
784 3709 841 3736 Fid.
857 3717 870 3736 s
882 3717 903 3735 V
914 3716 948 3737 M.
985 3711 1143 3746 Q1i116'til.8‚
1157 3720 1176 3743 3.
1192 3721 1216 3743 33
1238 3714 1306 3739 Mul.

807 3544 835 3566 tlt

275 3752 300 3773 ta
313 3756 343 3773 ex
358 3748 457 3773 Graeco
471 3747 582 3772 formata
596 3754 680 3778 nona,
700 3754 728 3771 ac
741 3744 854 3778 plurima
866 3754 879 3772 a
894 3746 984 3780 Sergio
998 3747 1100 3779 Flauio,
1120 3748 1306 3781 quorunidura
1316 3763 1362 3782 100

274 3783 402 3816 quaedam
415 3782 553 3808 admodum
566 3781 703 3813 videntur,
723 3787 751 3807 vt
772 3789 814 3806 ens
832 3787 857 3807 et
869 3779 966 3814 :flentia
980 3793 987 3806 s
1022 3791 1088 3816 quac
1107 3791 1153 3808 cur
1171 3789 1306 3817 tantopere

274 3819 454 3851 aspernemur,
472 3818 538 3843 nihil
553 3817 632 3843 video
645 3823 689 3843 etc.
762 3815 832 3842 Idem
847 3825 868 3848 2,
883 3825 920 3848 14,
936 3826 948 3843 2
973 3818 1043 3844 Haec
1056 3819 1238 3852 interpretatio
1251 3828 1305 3845 non

272 3855 358 3879 minus
378 3853 441 3879 dura
462 3853 513 3884 est,
531 3861 610 3886 quam
629 3852 674 3878 illa
690 3851 775 3877 Flauii
788 3850 885 3883 effemia
896 3859 975 3886 atque
988 3857 1063 3879 entia.
1118 3855 1168 3879 iiic
1181 3854 1305 3890 odsi-urum

271 3887 318 3919 ‘st'
339 3890 474 3915 volueritn?
487 3887 520 3914 τοὶ
538 3888 610 3920 ὄντα,
623 3897 653 3912 im
669 3885 710 3915 τῆν
727 3885 801 3912 ἰσίαν.

306 3930 320 3948 ς
331 3930 350 3947 Ν
359 3931 371 3950 s
382 3932 390 3949 1
400 3931 411 3950 s
421 3942 428 3954 ‚
447 3924 475 3949 is.

1355 587 1383 606 10
1393 573 1442 600 bus
1457 574 1629 601 mucronibus
1641 575 1712 601 enses
1731 575 1776 602 Sil.
1793 580 1814 605 8,
1851 595 1857 600 .
1894 594 1899 600 .

1239 1107 1327 1134 Sortes
1336 1114 1364 1140 25

424 1284 566 1310 Sententiae
581 1282 746 1309 enodatiores
758 1287 836 1317 atque
848 1282 979 1317 planiores
992 1283 1130 1318 Augustin.
1149 1294 1189 1319 ep.
1208 1286 1241 1311 ad
1260 1287 1323 1312 Aur.
1332 1297 1363 1322 30
1392 1283 1455 1310 Stat.
1471 1283 1564 1310 Theb.
1579 1291 1601 1317 5,
1612 1291 1665 1318 317.

1331 1476 1359 1502 33
1390 1469 1438 1495 per
1450 1467 1520 1487 artus
1533 1460 1597 1486 ensis
1613 1459 1718 1486 exafflus
1731 1467 1804 1485 meos
1836 1458 1893 1483 Sen.
1906 1458 1986 1484 Here.
2001 1459 2062 1484 Oet.
2076 1459 2094 1484 s.
2108 1466 2134 1492 7.

1323 1650 1366 1676 ,40

823 1984 932 2010 Gemma
947 1983 983 2010 est
1002 1984 1127 2016 candida,
1147 1992 1214 2020 quae
1232 1984 1318 2012 diuisa
1327 1998 1359 2024 50
1387 1985 1430 2010 san
1449 1985 1513 2011 uine
1532 1984 1628 2010 Lucan.
1642 1992 1668 2016 2,
1682 1986 1736 2016 536.

1324 2346 1360 2371 60
1383 2338 1483 2365 Rotare
1495 2338 1582 2365 ensem
1595 2338 1756 2370 fulmineum
1781 2338 1856 2374 Virg.
1870 2339 1934 2366 Aen.
1946 2347 1974 2372 9,
1987 2347 2047 2372 441.

1327 3051 1359 3077 80

1373 3183 1402 3220 se
1416 3194 1520 3212 mouens.
1552 3188 1621 3212 Gaza
1635 3187 1805 3220 agitationem
1820 3192 1906 3216 vertit.
1943 3190 2004 3216 Sunt

1367 3856 1488 3891 fanatico
1507 3854 1649 3888 inflintqus.

516 3932 550 3949 m.
587 3923 692 3956 [ξίφος]
730 3921 797 3947 Idem
815 3924 858 3956 qui
881 3921 987 3957 gladius.
1024 3924 1099 3959 Virg.
1114 3924 1211 3959 (ἱροῖς.
1225 3933 1243 3957 1,
1257 3930 1303 3958 508
1317 3935 1362 3961 105⁴
1372 3927 1406 3953 lis
1419 3926 1528 3954 entheos
1543 3928 1630 3954 cursus
1643 3929 1718 3960 tulit,
1739 3938 1783 3957 etc.

2361 168 2432 216 368
2459 199 2463 202 -

2163 253 2220 281 Cic.
2234 252 2266 280 de
2274 252 2350 280 N.D.
2359 260 2380 283 2,
2388 259 2432 286 159

2189 287 2359 326 Epithetafre
2377 290 2433 313 u'en-

2224 324 2327 351 Alacres
2338 324 2359 350 C
2372 322 2443 350 aud..

1751 166 1785 206 E
1867 167 2034 206 NT

1388 256 1423 283 Et
1437 265 1535 284 <urnae
1548 257 1664 292 rigidum
1680 256 1757 282 falces
1772 254 1918 281 conflantur
1931 254 1959 281 in
1973 255 2068 282 ensem.

1392 293 1512 327 Ansaque
1527 293 1656 319 funestum
1671 293 1755 327 prima
1770 290 1804 317 est
1816 290 1973 317 fabricarier
1989 291 2085 318 ensem.

1389 330 1429 353 eia
1444 330 1558 354 inuenitis
1571 328 1637 364 apud
1650 330 1746 355 poetas.
1818 326 1930 361 Acutus,
1949 327 2002 353 uid.
2024 330 2120 353 Aevo-

1393 363 1423 388 in
1435 362 1542 397 Eun-op.
1558 372 1582 395 2,
1597 369 1643 393 5¹8¹·
1751 362 1796 388 Sil·
1818 370 1849 393 13,
1887 379 1894 386 -
1930 380 1936 386 -
1972 362 2130 389 Bellatorem
2157 359 2242 390 alacer
2261 368 2306 394 per
2325 358 2432 398 petiit->ra
2464 393 2466 395 ‚

1393 397 1511 431 transigit
1525 400 1621 425 ensem.
1728 398 1789 424 Stat.
1803 395 1893 424 Theb.
1909 404 1935 428 9,
1955 402 1996 429 198
2024 399 2139 424 Caecum
2156 401 2227 423 rotat
2248 393 2434 421 irreuocabtlu

1392 433 1496 464 ensem,
1517 441 1563 460 etc.
1582 437 1626 470 qui
1639 444 1686 460 non
1699 433 1813 464 videtur,
1829 441 1871 458 nec
1882 431 1939 457 adeo
1957 430 2134 469 vitaripotest.
2239 429 2361 463 Crudus,
2379 427 2433 455 vid.
2453 461 2455 463 Ι

1394 474 1529 495 CRVDVS.
1624 470 1703 497 Dirus
1723 470 1778 496 Sen.
1791 468 1885 495 oetan.
1900 467 1916 493 s.
1931 468 1956 493 6.
2049 468 2167 495 Faleatus
2188 465 2339 494 Ouid‚Met.
2349 470 2432 498 i‚717.

1394 503 1495 530 Fatifer
1513 503 1587 539 Virg.
1602 506 1666 531 Aen.
1679 511 1702 538 8,
1716 508 1769 531 621.
1877 502 1938 529 Feri
1957 500 2038 528 Ouid.
2051 504 2115 531 Met.
2129 512 2162 536 13,
2177 510 2233 535 343.
2321 501 2433 528 Ferreus

1392 538 1499 565 Lucret.
1513 546 1535 571 ς,
1549 548 1615 572 1292.
1732 539 1811 566 Fidus
1836 539 1910 573 Virg.
1930 538 1993 564 Aen.
2007 544 2034 572 7,
2047 540 2108 572 640.
2215 535 2326 563 Habiles
2344 534 2435 575 breui:

1942 573 2008 605 Qiis
2021 573 2089 607 fuit,
2109 572 2254 601 horrendos
2269 571 2370 606 primus
2385 576 2436 605 qui

1658 611 1745 643 Qiam
1772 611 1859 642 ferus,
1880 616 1905 636 et
1918 617 1979 636 vere
1993 608 2094 635 ferrens
2108 609 2154 639 ille
2167 609 2219 635 fuit
2245 607 2315 634 Tib.
2327 615 2347 638 1,
2361 615 2399 639 10,
2413 614 2432 645 1.

1923 645 2023 678 Impius
2040 643 2122 671 Ouid.
2135 645 2198 671 Met.
2208 648 2310 677 14,802.
2381 641 2436 667 lnt-

1890 680 1986 707 Letalis
2006 679 2090 706 Ouid.
2103 679 2167 705 Met.
2176 687 2207 712 13,
2219 688 2273 711 392.
2377 676 2435 703 Ne·

1841 715 1953 742 Nitidus
1973 714 2053 741 Ouid.
2068 715 2132 741 Met.
2148 723 2185 747 10,
2197 722 2257 749 475.
2328 711 2434 744 Nudus,

2178 756 2180 758 ’
2216 751 2320 784 Pugnax
2350 745 2435 784 Ouid.

2223 785 2334 819 Rigidus
2359 783 2407 810 Vir
2426 800 2434 810 ·

1394 610 1503 643 protulit
1530 610 1622 636 enses?

1394 645 1517 671 Hosticus
1538 645 1699 671 Hor.'Serm.
1714 654 1733 678 1,
1747 654 1772 678 9,
1785 654 1817 678 31,

1393 680 1477 710 micus
1498 681 1572 715 Virg.
1594 682 1657 706 Aen.
1678 690 1701 713 2,
1722 683 1782 707 600.

1394 715 1487 742 fandus
1508 717 1583 751 Virg.
1598 717 1662 743 Aen.
1676 725 1698 745 2,
1714 724 1761 749 155.

1685 752 1808 779 Periurus
1834 751 1895 777 Stat.
1910 752 1973 778 Silu.
1986 759 2013 784 4,
2027 753 2052 781 6,
2067 757 2111 784 77.

1725 787 1839 820 Qiietus
1856 787 1918 813 Stat.
1929 787 1993 813 Silu.
2009 796 2027 819 1,
2044 795 2061 818 1,
2074 793 2116 818 43.

1394 787 1478 814 Trlst'
1493 795 1516 819 ς’
1526 795 1552 822 7⁷
1568 792 1609 820 48.
2076 819 2219 847 Sceleratus
2238 820 2437 851 Ouid.Met.15,

1393 822 1490 857 Georg.
1507 832 1525 855 1,
1539 831 1596 855 509.

1393 859 1455 892 776.
1528 856 1641 884 Validus
1660 857 1736 891 Virg.
1749 858 1814 883 Aen.
1831 866 1868 889 ιο,
1882 862 1930 890 815.

1393 893 1481 920 Vncus
1519 894 1607 920 Valet.
1640 894 1739 926 Argon.
1771 894 1797 925 6,
1827 901 1892 924 400.

1393 925 1416 990 Ξ
1435 936 1448 954 2
1489 929 1622 955 Verborum
1648 928 1796 963 formulae:
1833 927 1937 954 Abdere
1964 928 2050 954 ensem
2070 927 2146 954 lateri
2173 927 2248 961 Virg.
2264 926 2330 952 Ae-n.
2344 935 2367 959 2,
2380 933 2437 959 554.

1418 962 1560 990 bscondere
1576 965 1663 989 ensem
1675 964 1704 989 in
1717 964 1828 990 vulnere
1856 963 1914 989 Sen.
1929 962 2040 995 Thyest.
2062 964 2079 989 s.
2094 968 2116 993 8.
2191 980 2195 982 ἡ
2233 961 2353 988 Λςεὶῐιᾶὶί
2365 961 2436 991 enses

1393 998 1471 1028 lateri
1492 1000 1555 1026 Stat.
1569 998 1661 1026 Theb.
1678 1007 1697 1031 1,
1712 1007 1770 1032 4²9·
1826 998 2033 1025 Accommodare
2046 999 2132 1025 ensem
2144 997 2222 1025 lateri
2243 997 2289 1023 Sil.
2303 1005 2326 1031 5.

1393 1043 1439 1063 ,ere
1453 1035 1539 1062 ensem
1557 1036 1584 1061 in
1597 1035 1714 1069 aliquem
1741 1033 1821 1061 Ouid.
1838 1034 1902 1059 Met.
1915 1042 1949 1066 ις,
1962 1037 2023 1069 776,
2065 1034 2122 1062 Vid.
2139 1034 2244 1060 ACv'o.
2321 1031 2437 1072 Adigere

1393 1070 1479 1097 ensem
1493 1071 1521 1096 in
1533 1070 1638 1105 peetus,
1657 1070 1710 1096 vid.
1726 1075 1840 1096 ADlGO.
1875 1069 1955 1095 Ouid.
1972 1070 2036 1096 Met.
2048 1078 2071 1103 ς,
2085 1077 2128 1104 79.
2199 1068 2318 1103 Agitatus
2331 1068 2394 1095 hinc
2407 1067 2440 1094 11·

1393 1105 1447 1131 linc
1460 1106 1524 1132 ensis
1545 1107 1602 1134 Sen.
1615 1105 1727 1138 Thyest.
1741 1106 1759 1131 s.
1774 1112 1799 1139 7.

1393 1141 1555 1176 Ensemque‚
1571 1142 1758 1176 clypeumque.
1775 1146 1800 1166 et
1813 1139 1909 1167 rubrae
1923 1148 2022 1168 cornua
2037 1141 2138 1167 cristae.

1394 1176 1485 1205 dextra
1500 1177 1624 1208 alicuius,
1642 1180 1661 1203 i.
1676 1176 1788 1212 Auferre
1800 1185 1810 1202 e
1822 1176 1911 1202 dextra
1930 1176 1989 1202 Stat.
1998 1176 2091 1202 Theb.
2105 1184 2162 1208 299.

1394 1212 1462 1238 latus
1485 1211 1565 1238 Ouid.
1580 1214 1670 1238 Amor.
1681 1220 1704 1244 3,
1719 1217 1742 1243 8,
1759 1220 1794 1244 ¹4-
1867 1211 1976 1241 Clausus
1990 1211 2054 1238 ensis
2072 1212 2169 1238 Lucan.
2186 1218 2211 1244 5,
2222 1219 2280 1245 245:

1393 1246 1456 1275 dere
1472 1249 1559 1274 ensem
1572 1248 1600 1274 in
1614 1248 1720 1282 pe&ore
1734 1245 1846 1272 alicuius
1863 1247 1940 1281 Virg.
1955 1248 2020 1273 Aen.
2036 1255 2062 1281 9,
2074 1255 2133 1281 347.
2206 1246 2436 1274 Cruentatusenfiu

1738 1283 1807 1309 Dare
1821 1288 1894 1315 terga
1908 1282 2025 1314 ensibus,
2049 1281 2082 1315 est
2096 1284 2189 1319 Fugere
2203 1283 2286 1320 enjbs,
2302 1290 2347 1310 aut
2382 1284 2438 1319 ugi—
2447 1294 2459 1302 “

1691 821 1785 848 Scaber
1803 822 1899 849 Lucan.
1915 831 1934 855 1,
1949 830 2004 856 243.

2002 856 2142 883 Violentus
2159 855 2240 882 Ouid.
2255 856 2331 890 Epist.
2348 864 2377 888 11,
2389 861 2434 889 97.
2451 871 2456 878 ι

1961 892 2108 920 vulnificus
2149 891 2210 917 Stat.
2237 891 2328 918 Theb.
2346 900 2381 924 4,
2394 895 2436 924 87.

1871 1105 1946 1138 Virg.
1955 1105 2024 1138 (Aen.
2033 1113 2069 1137 12,
2077 1111 2108 1138 89
2127 1105 2212 1131 Simul
2224 1106 2301 1139 Aptat
2313 1103 2438 1132 habendo

2209 1139 2333 1166 Auellere
2349 1139 2437 1166 ensem

2236 1176 2363 1206 Canum
2375 1174 2437 1202 enst

2366 1211 2447 1238 Con--

1392 1319 1453 1345 endo
1465 1325 1560 1355 tergum
1569 1320 1687 1354 praebere
1699 1317 1792 1345 imbus
1809 1318 1890 1344 Ouid.
1904 1318 1936 1344 ad
1949 1318 2010 1346 Liu.
2024 1326 2072 1350 3¹2-
2143 1318 2189 1344 Sil.
2203 1326 2235 1350 13,
2272 1338 2278 1345 .
2315 1337 2322 1344 .
2390 1327 2436 1345 11111

1391 1354 1512 1382 striarum
1541 1363 1653 1389 propere
1682 1354 1776 1388 vagina
1795 1353 1901 1387 Detegit
1924 1355 2019 1380 ensem.

1392 1390 1474 1416 Ouid.
1490 1391 1553 1416 Met.
1569 1399 1602 1421 ιο,
1614 1397 1674 1424 475.
1748 1388 1887 1415 Distriehis
1921 1390 1989 1415 Hor.
2003 1390 2091 1416 Carni.
2104 1397 2126 1421 3,
2143 1399 2159 1420 ι,
2174 1397 2210 1423 17.

1391 1426 1461 1458 sem,
1481 1425 1587 1451 Educere
1607 1426 1664 1451 Sen.
1678 1424 1773 1458 Oedip.
1788 1425 1806 1449 s
1823 1432 1854 1449 12.

2092 1353 2222 1388 Deripere
2237 1354 2325 1380 ensem
2341 1355 2437 1389 vagina
2453 1377 2455 1381 .

2276 1390 2379 1417 Ducere
2391 1399 2437 1417 en·
2453 1399 2460 1405 .

1924 1424 2038 1449 Eduetus
2050 1425 2147 1456 vagina
2166 1423 2213 1452 Sil.
2226 1432 2261 1458 13,
2296 1444 2303 1451 .
2340 1446 2352 1452 ..
2389 1425 2438 1455 Eat

2222 1460 2332 1495 Eripere
2347 1462 2434 1488 ensem
2445 1471 2456 1482 ει

1387 1497 1485 1530 vagina
1504 1495 1581 1529 Virg.
1589 1498 1653 1521 Aen.
1664 1496 1766 1528 10,786.
1862 1491 1943 1518 Ouid.
1958 1493 2024 1521 Fast.
2040 1503 2061 1526 3,
2075 1498 2120 1528 814
2139 1494 2246 1522 Ensibus
2257 1497 2371 1524 Exsertis
2382 1496 2438 1525 bel-

1389 1531 1439 1557 lica
1456 1531 1523 1556 laeta
1540 1530 1587 1556 dea
1601 1530 1646 1556 est.

1389 1567 1454 1591 Aen.
1470 1574 1507 1596 10,
1521 1571 1571 1597 815.

1387 1608 1433 1626 ere
1446 1601 1533 1626 ensem
1548 1599 1643 1634 vagina
1657 1599 1724 1626 Stat.
1738 1597 1830 1626 Theb.
1844 1607 1871 1632 9,
1884 1601 1929 1633 76.
1970 1625 1972 1627 ,

1389 1636 1454 1661 Aen.
1468 1637 1494 1668 6,
1509 1644 1558 1668 251.
1667 1634 1762 1661 Fidere
1777 1633 1828 1661 ensi
1851 1635 1896 1661 Sil.
1913 1644 1933 1668 1,
1970 1655 1976 1662 .
2014 1656 2021 1662 .

1386 1680 1426 1731 pr.
1440 1671 1519 1697 Cons.
1534 1670 1591 1698 Stil.
1607 1678 1644 1703 91.
1761 1670 1893 1697 Haesurus
1907 1671 2000 1705 iugulo
2020 1671 2102 1699 Ouid.
2116 1673 2147 1699 T
2148 1673 2203 1700 rist.
2217 1681 2238 1703 1,
2250 1681 2322 1708 1,44.
2334 1686 2341 1690 ι·
2376 1674 2429 1701 Im·

1409 1714 1472 1730 uere
1486 1707 1574 1732 ensem
1594 1706 1655 1732 stat.
1670 1704 1763 1732 Theb.
1778 1714 1809 1737 11,
1822 1707 1877 1739 685.
1903 1706 2069 1742 fiaebauditur,
2088 1708 2229 1743 Sanguine.
2329 1707 2433 1736 imbuti

1386 1739 1482 1765 scelere
1501 1741 1598 1766 Lucan.
1614 1748 1635 1772 5,
1648 1745 1704 1772 248.
1792 1741 1932 1775 Impellere
1944 1744 2031 1770 ensem
2049 1743 2140 1771 Claud.
2154 1744 2186 1770 de
2194 1744 2270 1779 Rapt.
2282 1744 2399 1778 Prosci-p.
2411 1747 2434 1776 ι’,

1386 1777 1445 1812 298.
1561 1774 1658 1800 Infee'ti
1672 1774 1794 1801 caedibus
1813 1775 1874 1802 Stat.
1889 1776 1980 1804 Theb.
1996 1786 2019 1811 5,
2033 1787 2084 1812 353.

1385 1807 1488 1833 vilibus
1529 1807 1623 1834 Claud.
1644 1809 1672 1834 in
1691 1815 1764 1842 nupt.
1778 1810 1848 1835 Hon.
1860 1818 1915 1842 329.
2020 1813 2138 1839 Inserere
2151 1815 2239 1840 ensem
2250 1814 2345 1843 ‘alicui‘
2372 1815 2436 1842 Stat.

1386 1842 1479 1869 Theb.
1494 1851 1516 1875 5,
1530 1851 1586 1875 230.
1616 1878 1622 1883 .
1663 1843 1780 1877 Iugulari
1794 1845 1861 1871 ense¹
1871 1844 1952 1871 Ouid.
1966 1846 2031 1872 Met.
2048 1855 2084 1879 12,
2097 1852 2159 1881 484.
2249 1849 2378 1876 Liberare
2390 1858 2436 1878 en-

1386 1879 1440 1905 sem
1453 1879 1548 1912 vagina
1568 1878 1649 1906 Ouid.
1664 1879 1728 1904 Met.
1745 1881 1768 1911 6,
1781 1886 1830 1912 551.
1913 1880 2023 1908 Madens
2036 1883 2109 1913 ense,
2127 1885 2145 1909 ἱ.
2161 1881 2237 1909 Caede
2250 1884 2351 1910 madens
2369 1885 2433 1912 Stat.

1387 1913 1478 1940 Theb.
1494 1922 1517 1946 3,
1531 1921 1588 1945 230.
1658 1913 1805 1949 Obliquare
1818 1915 1905 1941 ensem
1916 1915 1948 1941 ·in
1962 1915 2028 1943 latus
2048 1917 2130 1944 Ouid.
2141 1919 2317 1952 Met-12‚485-
2337 1921 2357 1945 i.
2366 1919 2445 1949 ΟὸΙιῑ-ι

1386 1958 1434 1984 quo
1447 1947 1502 1975 :tiu
1515 1950 1582 1976 latus
1588 1948 1684 1985 ferire.
1789 1950 1924 1976 Peremtus
1937 1952 1996 1977 ense
2022 1952 2080 1979 Sen.
2093 1952 2199 1979 Troad.
2212 1961 2240 1985 4.
2334 1953 2432 1984 Polluci

1830 1984 1974 2012 Prostratus
1988 1986 2053 2013 iacet
2065 1985 2159 2013 adae‘to
2173 1988 2234 2013 ense
2252 1984 2297 2013 Sil.
2306 1994 2345 2022 17,
2355 1993 2366 1999 ²
2375 1989 2387 2018 '.
2398 2000 2412 2019 ι’,
2420 2002 2430 2020 3

1386 2020 1423 2046 Pu
1444 2019 1512 2046 endo
1525 2021 1584 2045 ense
1599 2018 1725 2046 debellati
1761 2019 1823 2045 Stat.
1838 2018 1929 2046 Theb.
1951 2027 1974 2053 5,
1989 2029 2027 2052 32.
2122 2022 2242 2054 Qiiescit
2257 2023 2323 2050 ensis
2336 2023 2431 2061 vagid*

1387 2055 1449 2082 Stat.
1463 2055 1527 2082 Silu.
1542 2064 1570 2087 4,
1585 2063 1607 2088 5,
1622 2063 1656 2088 51.
1764 2054 1892 2088 Receptus
1905 2054 2013 2089 pthore
2037 2055 2216 2091 Sen.Thyest.
2228 2063 2251 2088 8.
2354 2057 2424 2091 M

1387 2090 1503 2118 dendum
1515 2091 1610 2119 vulnus
1623 2091 1682 2117 ense
1716 2089 1796 2116 Ouid.
1809 2090 1874 2116 Met.
1890 2098 1911 2123 1,
1927 2098 1975 2124 191.
2071 2092 2219 2121 Recludere
2231 2094 2318 2122 ensem
2353 2097 2422 2132 Virt-

1386 2128 1450 2152 Aen.
1465 2137 1493 2161 4,
1507 2128 1570 2159 646.
1607 2148 1610 2151 ,
1677 2125 1788 2151 Referre
1801 2125 1888 2152 ensem
1899 2126 2026 2162 vaginae,
2044 2130 2064 2154 ι’.
2077 2129 2215 2156 Recondere
2233 2129 2278 2157 Sil.
2293 2138 2321 2166 7,
2357 2149 2365 2159 .
2379 2133 2425 2160 §.2⁴

1387 2163 1543 2196 Reprimere
1555 2162 1642 2189 ensem
1662 2161 1721 2187 Stat.
1735 2159 1827 2187 Theb.
1842 2169 1877 2194 11,
1891 2169 1949 2195 309.
2026 2163 2154 2199 Retegere
2168 2166 2428 2205 ensem‚.Euaginm

1384 2197 1482 2225 Lucan,
1496 2207 1524 2231 9,
1541 2204 1591 2229 833.
1684 2195 1746 2221 Stat.
1758 2195 1852 2224 Theb.
1865 2205 1892 2230 9,
1912 2202 1955 2230 198
1991 2211 1993 2213 ¹
2031 2197 2033 2203 '
2277 2214 2291 2229 χ
2411 2214 2427 2230 ,⁶1

1533 2234 1566 2259 At
1581 2232 1651 2257 ferus
1665 2230 1856 2266 Hippomedon
1871 2241 2029 2267 quamquam
2042 2234 2097 2261 iam
2109 2235 2188 2262 sentit
2201 2235 2280 2262 inane

1540 2266 1696 2299 Auxilium,
1716 2273 1742 2293 et
1754 2267 1837 2294 seram
1849 2274 1925 2303 rapto
1937 2277 1986 2303 pro
1999 2276 2110 2303 corpore
2128 2277 2250 2304 pugnam,

1538 2304 1563 2329 It
1576 2309 1678 2332 tamen,
1699 2308 1724 2328 et
1737 2310 1843 2330 caecum
1856 2304 1935 2332 Rotat
1945 2304 2131 2332 irreuocabilis
2144 2305 2241 2331 ensem.

1755 1526 1866 1561 Exigere
1888 1528 1974 1554 ensem
1997 1538 2044 1563 per
2065 1529 2183 1557 medium
2203 1531 2322 1566 aliquem
2357 1531 2435 1567 Virgss

1686 1564 1788 1590 Exuere
1800 1562 2012 1591 ensem‘humero
2030 1565 2103 1599 Virg.
2118 1567 2181 1595 Aen,
2194 1574 2222 1599 9,
2236 1575 2289 1599 303-
2386 1577 2434 1596 xu-

2031 1600 2051 1628 F
2054 1602 2124 1628 erire
2137 1601 2255 1636 aliquem
2273 1602 2333 1629 ense
2358 1604 2392 1631 V'
2406 1610 2409 1612 “

2093 1637 2192 1664 Gestati
2211 1637 2323 1672 scapulis
2335 1638 2427 1667 ‚anum

2176 1779 2274 1806 Infeeti
2286 1779 2385 1814 iugulis
2399 1779 2436 1806 ei·

1382 2375 1455 2401 enses
1473 2373 1565 2401 Claud.
1579 2383 1617 2409 pr.
1630 2374 1709 2400 Cons'.
1723 2373 1778 2400 Stil.
1794 2376 1848 2409 167.
1955 2375 2081 2409 Spumans
2094 2383 2191 2402 cruore
2226 2376 2302 2409 Virg.
2316 2375 2382 2402 Aen.
2395 2385 2425 2411 4,

1382 2412 1444 2442 664.
1476 2430 1480 2434 .
1540 2410 1673 2444 stringere
1685 2410 1758 2437 enses.
1769 2410 1866 2437 vetitos
1886 2410 1979 2437 Claud.
1994 2409 2027 2435 de
2043 2410 2108 2438 Bell.
2122 2410 2263 2444 Gild.294.
2405 2441 2409 2446 ⁵

1381 2444 1455 2479 Virg.
1471 2445 1535 2471 Aen.
1549 2453 1575 2480 7,
1589 2448 1645 2478 526.
1715 2444 1862 2472 Succiditur
1874 2445 1943 2479 seges
1955 2446 2015 2471 ense
2034 2445 2080 2471 Sil.
2093 2453 2128 2478 15,
2165 2465 2172 2472 .
2211 2465 2217 2472 .
2229 2463 2240 2479 ,
2278 2443 2279 2446 ’
2322 2445 2421 2476 Τεᾶιι

1379 2481 1476 2514 vagina
1494 2481 1561 2507 Hor.
1577 2481 1659 2508 Scrm.
1672 2489 1698 2513 2,
1712 2489 1733 2513 1,
1747 2490 1792 2515 40.
1862 2480 2023 2516 Transigere
2034 2481 2120 2507 ensem
2135 2489 2183 2515 per
2195 2480 2302 2516 peetora
2314 2479 2439 2509 alicuius?

1381 2516 1426 2542 Sil.
1441 2523 1475 2546 13,
1513 2534 1520 2540 .
1557 2533 1564 2540 .

1381 2549 1614 2577 Transuerberare
1632 2550 1750 2584 aliquem
1765 2551 1825 2577 ense
1854 2550 1899 2577 Sil.
1913 2559 1944 2583 15,
1982 2571 1989 2577 .
2028 2570 2035 2577 .
2143 2553 2240 2579 Poe'tice
2249 2560 2298 2587 pro
2318 2554 2427 2589 Vagitus-¹
2462 2567 2464 2570 v

1380 2586 1457 2619 Virg.
1472 2585 1536 2610 Aen.
1569 2604 1576 2615 ‚
1590 2587 1637 2611 261
1673 2599 1719 2604 —
1738 2584 1858 2612 Stellatus
1871 2585 1973 2620 Iaspide
1986 2585 2062 2612 fulua
2098 2586 2167 2613 Ensis
2180 2594 2245 2613 erat.
2317 2589 2367 2615 Pro
2375 2590 2436 2615 Imm

1373 2624 1447 2661 perio
1460 2623 1547 2646 cuiuse
1559 2620 1569 2646 t
1582 2619 1688 2657 Infigvne.
1725 2620 1821 2647 Lucan.
1837 2627 1860 2653 5,
1873 2623 1902 2647 61
1936 2636 1982 2641 ——-
2019 2622 2130 2648 Saeuum
2142 2623 2171 2648 in
2184 2623 2295 2657 populos
2307 2632 2373 2658 puer
2384 2633 2426 2651 at:-

1379 2657 1445 2690 cipit
1459 2656 1557 2682 ensem.
1651 2655 1725 2692 Cous.
1745 2656 1805 2683 Stat.
1824 2656 1890 2683 Silu.
1911 2664 1934 2689 5,
1948 2665 1968 2689 1,
1981 2664 2034 2691 175.
2055 2656 2103 2683 vbi
2115 2658 2167 2684 vid.
2180 2659 2293 2693 Interpr.
2306 2663 2337 2686 it.
2350 2659 2430 2686 Tur-t

1415 2733 1432 2753 E
1441 2734 1464 2753 N
1474 2728 1529 2753 εἷς
1539 2724 1584 2753 171.
1596 2733 1616 2753 v
1628 2731 1640 2752 s
1649 2746 1657 2759 ,
1677 2727 1695 2753 i.
1718 2736 1754 2753 m.
1772 2728 1875 2754 Dimin.
1910 2725 2047 2762 [ξιφίδιον]
2084 2727 2167 2755 Plaut.
2181 2728 2249 2756 Rud.
2262 2739 2292 2764 4,
2299 2738 2371 2764 4,113
2389 2730 2422 2758 Iu

1378 2770 1411 2788 eo
1424 2762 1541 2788 ensiculo
1552 2762 1691 2798 iiterarum
1703 2762 1768 2798 qnid
1781 2763 1834 2790 est?

1415 2803 1432 2822 E
1443 2803 1465 2822 Ν
1477 2804 1489 2823 s
1498 2798 1508 2822 ἰ’
1516 2803 1532 2822 F
1542 2803 1557 2823 E
1567 2797 1624 2832 R,s.
1645 2804 1662 2823 E
1672 2804 1691 2822 N
1702 2805 1714 2823 s
1724 2805 1733 2823 1
1742 2804 1763 2824 G
1772 2805 1788 2824 E
1798 2805 1827 2830 R,
1835 2806 1858 2830 a,
1866 2806 1919 2824 um.
1936 2798 1995 2824 Adi.
2015 2797 2140 2834 [ξιφήρης]
2160 2799 2241 2825 Ouid.
2250 2800 2282 2826 de
2290 2801 2412 2828 ArteAm
2435 2811 2455 2833 ·.Ἰ

1379 2840 1402 2863 2,
1415 2833 1446 2863 56
1466 2831 1565 2857 Enfifer
1580 2832 1667 2857 Orion
1680 2832 1729 2858 ads
1743 2833 1861 2859 iciendus
1876 2834 1936 2860 erit.
1971 2836 2028 2861 Alii
2042 2834 2116 2860 Codd.
2131 2833 2252 2868 Ensiger,
2273 2837 2313 2861 vti
2326 2842 2349 2861 et
2357 2811 2455 2891 αρυᾶῑ

1378 2900 1470 2928 Theb.
1484 2911 1513 2934 4,
1525 2909 1573 2932 321.
1608 2908 1631 2927 et
1645 2901 1740 2929 Achill.
1754 2911 1779 2935 2,
1791 2912 1852 2937 414.
2276 2870 2438 2939 Add.,St³t⁸iJ

1414 2942 1432 2962 E
1442 2942 1463 2961 N
1473 2943 1486 2963 s
1496 2942 1528 2963 11>
1537 2942 1556 2963 ο
1565 2943 1610 2964 TE
1624 2942 1647 2964 N
1657 2944 1685 2969 s,
1705 2939 1781 2966 entis.
1818 2939 1928 2975 Coripp.
1942 2949 1970 2973 4,
1982 2943 2037 2973 365.
2085 2961 2088 2965 .

1753 3001 2039 3033 ENT
2428 2978 2435 3037 ζ’

1416 3041 1603 3085 ΕΝΤιζειε,
1619 3043 1649 3070 is.
1671 3044 1690 3071 f.
1728 3046 1842 3081 Intenfio.
1877 3047 1985 3074 Vitruu.
2000 3055 2022 3080 3,
2038 3056 2059 3073 2.

1416 3085 1432 3104 E
1443 3087 1463 3105 Ν
1475 3085 1495 3104 T
1504 3086 1524 3105 A
1535 3085 1556 3105 'r
1565 3081 1625 3106 'ico
1635 3087 1647 3106 s
1657 3100 1664 3111 ‚
1684 3081 1702 3106 i.
1723 3090 1759 3108 m.
1796 3083 1879 3110 Herba
1892 3083 2014 3115 Satyrion
2034 3083 2111 3118 Apul.
2125 3083 2156 3110 de
2164 3083 2247 3111 Herb.
2264 3092 2289 3118 15
2304 3082 2452 3121 quodvis»⁴¹

1376 3113 1426 3140 leat
1438 3114 1471 3140 ad
1483 3115 1654 3141 intendendum
1664 3122 1755 3150 penem.
2426 3114 2436 3134 Ι

1416 3156 1432 3175 E
1442 3157 1462 3176 N
1472 3156 1492 3175 T
1503 3148 1520 3176 ἑ
1529 3157 1544 3176 L
1556 3149 1573 3177 ἑ
1582 3157 1598 3177 C
1608 3158 1627 3177 H
1637 3151 1648 3176 i
1659 3159 1678 3177 Α
1690 3171 1695 3183 ,
1714 3160 1751 3178 ae.
1773 3152 1792 3179 f.
1828 3152 2003 3188 [ἐντελέχεια]
2040 3151 2165 3189 Pcrfcflio
2174 3174 2181 3186 ‚
2201 3157 2301 3191 energia
2309 3174 2316 3187 ,
2333 3158 2375 3182 vis
2388 3165 2419 3183 ex
2436 3163 2437 3166 ’

1393 3220 1398 3224 .
1526 3221 1532 3226 ἱ
2034 3192 2060 3215 ui
2073 3186 2218 3222 ἐνδελέχειαν
2228 3191 2310 3226 firibi
2321 3192 2418 3224 volunt,
2429 3220 2434 3226 ,

1378 3220 1474 3255 Jedpcr
1487 3231 1502 3246 τ
1508 3224 1633 3256 scriptum
1640 3223 1755 3257 pluribus
1767 3224 1879 3256 arridet,
1898 3230 1927 3250 vt
1939 3222 1971 3257 {ss
1983 3198 2067 3251 vigere
2080 3225 2144 3260 apud
2160 3225 2283 3253 [iudaeum
2304 3229 2331 3252 in
2349 3225 2418 3261 Affe,

1378 3258 1421 3290 qui
1432 3255 1484 3282 dici
1491 3263 1566 3291 putat
1581 3257 1647 3292 quast
1660 3258 1692 3283 ri
1706 3259 1800 3284 ἔντιλές
1813 3259 1926 3294 συνοχιὶν,
1946 3263 1963 3285 i.
1984 3258 2095 3295 Persefsi
2107 3264 2219 3296 corporis
2230 3261 2370 3296 comprehen
2383 3261 2417 3289 io·
2430 3268 2433 3269 ⁷

1377 3300 1439 3316 mm.
1477 3293 1599 3318 Lucianus
1612 3292 1698 3318 ludens
1707 3293 1752 3328 fi¹⁰
1766 3303 1839 3326 more,
1851 3298 1889 3321 ait
1903 3304 1954 3321 cam
1967 3304 2026 3330 quac
2035 3299 2108 3330 prius
2122 3296 2191 3323 dicia
2198 3297 2259 3332 suit
2270 3295 2416 3330 ἓνδελέχεια,
2434 3315 2437 3321 .
2478 3314 2479 3318 ι

1379 3325 1526 3365 ἔντέλὲχειαν
1543 3327 1595 3353 dici
1607 3327 1713 3363 coepisse.
1752 3329 1807 3355 Cic.
1821 3330 1902 3356 Tusc.
1918 3339 1936 3361 1,
1951 3339 1978 3356 22
1991 3339 2012 3356 c.
2029 3340 2056 3356 10
2076 3331 2228 3359 Aristotcles
2264 3347 2309 3352 ——
2328 3333 2416 3367 ipsum
2436 3345 2438 3350 ⁸

1378 3370 1494 3387 animum
1507 3361 1654 3395 ἐντελέχειαν
1666 3363 1777 3397 appellat
1790 3373 1862 3391 nouo
1876 3366 1999 3398 nomine,
2012 3367 2080 3401 quasi
2093 3368 2223 3402 quandam
2235 3368 2415 3395 continuatam
2428 3377 2432 3385 ²

1377 3397 1522 3423 motionem
1536 3405 1561 3424 et
1581 3406 1729 3432 perennem.
2417 3395 2447 3430 >²1

1392 3467 1396 3472 ι
1416 3438 1463 3471 ΕΝ
1475 3438 1496 3458 Τ
1508 3440 1524 3459 F,
1535 3440 1549 3457 1.
1561 3440 1566 3458 1
1579 3440 1625 3473 -1N
1637 3442 1662 3466 1,
1696 3434 1877 3469 [Ἐντιλλίνοι]
1913 3436 2017 3463 Siciliae
2033 3438 2140 3472 populi,
2161 3443 2186 3465 et
2201 3438 2309 3466 Latinae
2323 3437 2414 3465 condi·
2428 3436 2447 3467 β]

1377 3467 1672 3501 tioiiis‚ap11dPl1n.3,8.
1709 3471 1849 3497 Cic.Ve1·r.
1859 3479 1880 3504 3,
1889 3480 1946 3498 200.
1987 3474 2042 3499 ind.
2053 3475 2123 3500 Seru.
2132 3474 2246 3508 adVirg.
2254 3475 2317 3499 Aen.
2325 3481 2348 3507 5,
2356 3482 2396 3508 73.
2425 3465 2445 3521 Ξ

1414 3509 1430 3528 E
1440 3510 1461 3544 Ν
1469 3509 1490 3529 Τ
1499 3509 1514 3528 E
1525 3509 1543 3529 R
1553 3510 1570 3529 O
1581 3510 1598 3529 C
1610 3505 1626 3530 f]
1637 3512 1652 3530 1.
1662 3511 1681 3529 Λ
1690 3524 1697 3535 ,
1717 3514 1756 3532 ae.
1777 3506 1795 3532 f.
1820 3507 1984 3542 [ἔντεροκήλη]
2004 3510 2110 3536 Hermiae
2116 3510 2211 3546 species
2223 3508 2325 3541 dicitur,
2339 3518 2437 3544 quumfff

1377 3536 1518 3571 intestinum
1531 3548 1624 3564 caccum
1639 3540 1760 3566 delabitur
1771 3545 1798 3566 in
1805 3544 1916 3576 scrotum
1930 3553 1936 3567 :
1956 3551 1984 3569 vt
1997 3544 2180 3580 Epiploocele,
2195 3553 2266 3580 quum
2277 3551 2413 3571 omentum:
2425 3538 2442 3581 ᾗ

1379 3573 1527 3613 Hydrocele
1536 3583 1631 3614 ,xqunm
1644 3578 1676 3614 1'71·
1684 3576 1787 3602 alterum
1801 3585 1811 3601 e
1825 3576 1927 3609 restibus
1940 3579 2024 3605 himior
2037 3580 2150 3616 confluit.
2192 3579 2249 3607 Vid.
2265 3580 2366 3614 ΕΗΓ-7,
2375 3585 2409 3610 18-
2422 3587 2435 3605 t·

1378 3609 1443 3635 le.
1453 3612 1491 3639 26,
1506 3614 1518 3638 8
1543 3609 1678 3643 symphyti
1692 3611 1766 3637 radix
1781 3612 1848 3638 illita
1858 3633 1865 3645 ,
1892 3616 2050 3642 enterocelas
2063 3615 2178 3642 cohibet.
2223 3615 2281 3641 Vid.
2295 3615 2411 3643 Martial.
2424 3613 2432 3639 ι’
2444 3613 2445 3617 ’

1379 3646 1464 3677 ¹0‚36-
1501 3651 1525 3670 et
1538 3652 1568 3676 11,
1582 3650 1609 3677 135
1628 3646 1670 3670 vbi
1682 3646 1846 3673 Enterocelas
1859 3649 1999 3683 implicitas
2012 3658 2093 3677 vocat.
2127 3649 2199 3685 Conf.
2218 3656 2340 3677 RAMEX.
2420 3649 2441 3684 Ῐ

1413 3687 1429 3706 r
1439 3686 1460 3705 N
1470 3687 1490 3706 τ
1500 3686 1543 3719 Ε-ιῐ
1555 3686 1573 3705 o
1586 3685 1603 3706 c
1616 3687 1631 3706 Ε
1641 3687 1656 3718 t
1666 3682 1698 3707 'ic
1709 3688 1728 3706 v
1738 3690 1760 3713 s,
1771 3692 1796 3714 a,
1806 3693 1859 3709 um.
1873 3685 1930 3710 Adi.
1950 3685 2156 3721 [ἐντεροκηλήτης]
2177 3685 2367 3719 Qiente'rocela
2373 3686 2421 3715 lav.¹
2433 3686 2439 3699 “

1374 3714 1454 3741 horat.
1491 3715 1556 3741 le.
1564 3717 1607 3747 26,
1614 3722 1627 3745 8
1640 3716 1826 3755 iinterocelicis
1834 3719 1909 3747 datur
1917 3730 1946 3747 ex
1955 3720 2029 3756 aqua,
2036 3727 2062 3748 et
2068 3720 2183 3748 illinitur
2191 3720 2287 3755 vesicae
2295 3721 2379 3748 vitiis.
2411 3721 2429 3750 ξ·

1413 3757 1429 3776 E
1438 3758 1460 3776 N
1468 3758 1489 3777 T
1498 3757 1513 3777 13
1522 3758 1540 3776 R
1551 3757 1570 3775 0
1579 3757 1599 3776 N
1609 3770 1618 3782 ‚
1638 3759 1666 3791 ¹⁸.
1684 3761 1708 3778 n.
1746 3753 1872 3789 [ἔντερον]
1907 3758 1996 3782 Latine
2026 3755 2179 3789 Intestinum.
2217 3758 2284 3782 Hinc
2327 3756 2409 3782 uidam
2416 3760 2449 3786 :kl-1

1374 3786 1542 3817 Excmerare,
1547 3792 1593 3820 pro
1602 3788 1749 3822 Excisum-are,
1757 3797 1781 3814 et
1786 3789 1902 3823 inttstma
1909 3791 2035 3819 detrahere
2041 3791 2127 3817 deduci
2128 3797 2229 3825 putant.

1412 3828 1428 3847 E
1437 3829 1458 3847 N
1467 3827 1488 3846 T
1498 3828 1517 3847 Η
1530 3820 1545 3846 Ε
1554 3827 1573 3846 O
1584 3829 1606 3847 S.
1650 3821 1709 3848 Adi.
1745 3825 1856 3860 [ἔνθεος]

1444 3895 1447 3897 -
1692 3860 1759 3885 l'mz'e·
1777 3861 1936 3894 ἕνθεσιασμός
1964 3863 2072 3893 dicitur,
2096 3860 2303 3895 Enthufiasmus,
2312 3862 2415 3896 status„

1373 3891 1497 3922 conditio,
1512 3892 1607 3917 morbus
1620 3893 1725 3919 hominis
1738 3896 1825 3923 cnthei
1832 3899 1858 3933 s.
1866 3899 1990 3933 fanatici.
2025 3897 2080 3923 Sen.
2096 3897 2220 3929 Med.382
2239 3899 2338 3925 Incerta
2346 3906 2412 3932 qua·v

1856 3934 1916 3959 Stat.
1933 3933 1998 3959 Situ.
2012 3940 2033 3962 1,
2048 3939 2071 3963 a,
2084 3939 2135 3964 227
2163 3933 2215 3960 Hic
2228 3932 2406 3994 thyrsos'ggc

2307 3969 2350 4003 ple
2390 3974 2405 3993 a

2408 791 2425 818 g
2475 565 2479 786 i

2368 997 2436 1022 Acu-
2455 985 2466 1012 ἱ

2459 1040 2464 1054 ι

2364 1568 2385 1595 E

2380 1612 2432 1638 mg.

2163 2340 2304 2367 Seruibant
2323 2339 2427 2374 legibun
2461 2374 2462 2377 Ἴ

2335 2410 2422 2441 sti-iffi
2462 2431 2464 2438 ,

1651 2516 1830 2542 Transmitrus
1844 2524 1891 2550 per
1902 2516 1984 2549 latus,
2005 2515 2097 2543 stridet
2129 2516 2184 2542 Sen.
2198 2518 2278 2543 Herc.
2291 2518 2351 2544 Oet.
2366 2517 2384 2543 s.
2397 2519 2433 2550 ffi—
2462 2542 2464 2551 ‚

1892 3830 1910 3853 i.
1935 3829 2042 3854 Numine
2068 3825 2152 3851 diuino
2174 3828 2262 3861 plenus
2271 3791 2426 3862 {aspi-‘risui
2452 3834 2457 3853 '-

2465 1666 2479 2072 i
