2479 4225
418 144 712 216 *EDI

426 263 483 290 Cic.
504 272 552 298 pro
566 263 681 297 Quintio
693 265 728 290 60
754 271 776 288 e.
793 270 820 295 ¹9
845 260 935 288 Recita
948 259 1080 301 Edifiinm.

421 299 485 334 ‚qui
499 299 618 332 decretis,
626 299 771 332 edictisque
788 297 848 329 tuis,
865 297 892 323 in
906 303 932 323 te
947 297 1080 327 concitati,

49 335 187 370 infestique
199 335 264 361 sunt.
316 334 389 370 Conf.
404 336 476 361 Verr.
491 343 512 367 3,
527 338 554 361 16
574 336 610 370 sq.
631 345 652 362 c.
665 341 690 368 7.
751 334 818 358 Haec
832 331 933 365 edicta,
952 335 1010 367 quia
1029 338 1081 372 toto

47 381 111 400 anno
118 370 250 406 praeturae
267 371 347 397 valere
361 369 475 396 debebam
484 390 491 402 ‚
511 379 535 397 eo
552 368 659 407 rqspeflu
670 374 793 407 perpetua
806 365 884 396 dieta.
955 368 1081 393 Asconius

47 408 77 435 in
88 405 259 434 cornelianae
277 411 447 440 argumento,
473 406 558 432 Aliam
578 407 659 439 legem
672 402 827 435 Cornelius,
847 402 891 429 etsi
912 411 990 442 nemo
1005 411 1081 442 repu-

48 451 126 478 gnare
138 441 212 468 ausus
227 441 278 473 est,
298 441 388 467 multis
401 448 488 467 tamen
501 441 590 468 inuitis
602 439 672 469 tulit,
688 443 717 464 vt
730 438 864 464 Praetores
876 446 907 463 ex
921 437 1014 464 edmiis
1029 439 1081 464 suis

49 476 177 514 perpetuis
197 477 236 502 ius
250 477 365 503 dicerent
378 486 383 502 :
420 486 485 511 quae
501 486 542 504 res
555 483 608 502 tum
623 473 733 508 gratiam
745 473 891 500 ambitiosis
904 473 1082 505 Praetoribus,

49 513 94 548 qui
109 512 181 538 varie
195 512 235 538 ius
248 511 334 538 dicere
346 512 523 545 alsueuerant,
541 509 649 538 sustulit.
691 509 779 548 Vcran
793 508 909 535 edietum
924 515 1081 544 perpetuum

45 550 118 575 ctiam
137 548 188 573 alia
197 546 382 583 figur-'ficatione-
401 547 508 579 dicitur,
524 544 587 582 quod
607 553 682 570 vnum
700 545 842 579 acjtmplex
858 547 885 570 in
899 554 980 571 omnes
992 554 1079 576 annos,

45 589 117 618 atque
129 585 156 608 in
165 589 306 618 perpetuum
320 582 473 617 compofitum
490 580 530 615 gli.
574 581 666 614 Nempe
679 586 736 606 anta
751 577 815 606 illud
825 586 919 614 tempus
929 586 1005 615 prout
1018 588 1029 606 e
1044 589 1078 610 rc,

44 621 85 645 vel
93 618 192 653 publica
201 637 207 649 ‚
224 617 315 653 vel-fita
329 616 370 650 effi’
384 623 515 653 putarem,
534 618 571 641 ita
583 615 711 641 edicebant
717 634 733 654 ,ἡ
737 614 831 650 suaque
845 614 891 649 ipfi
905 613 987 641 edicta
1001 621 1080 640 muta-

45 653 105 680 bant
114 673 122 686 ,
141 656 212 679 cuius
225 656 263 679 rei
275 652 381 689 insignia
403 650 591 688 peciminasunt
609 649 681 676 libro
693 659 782 684 primo
795 651 822 676 in
836 652 948 677 Verrem
962 659 976 676 a
997 658 1023 676 n.
1039 658 1081 683 103

48 698 69 716 c.
83 697 119 722 40
137 689 191 723 sqq.
214 689 250 715 Vt
263 695 368 722 praetor
393 688 462 715 adius
473 685 523 718 est,
544 685 629 720 qualis
648 686 675 712 in
690 685 778 712 edicto
791 685 974 712 constituendo
988 684 1081 718 fuerit,

46 724 202 759 cognoscite.
257 725 305 750 Illa
317 722 479 756 inconstantia
496 727 518 748 et
531 720 657 756 cupiditas
669 722 814 748 Praetorum
833 724 906 747 etiam
918 721 987 756 fecit
1005 722 1082 747 Iocum

46 761 110 796 legi,
137 758 216 792 Qtod
230 760 342 794 quisque
354 758 418 786 iuris
431 757 459 783 in
470 756 581 782 alterum
589 756 718 788 statuerit,
739 763 768 783 vt
780 757 835 791 ipse
847 756 941 783 eodem
953 756 1012 783 inre
1025 762 1080 783 vta-

45 799 104 826 tur,
124 803 183 829 quae
195 796 234 820 lex
245 794 332 821 ‹le1'nde
345 792 423 821 edicti
438 791 559 825 perpetui
578 800 635 826 pars
655 790 744 827 fassa,
758 794 895 827 explicatur
911 792 1035 826 peculiari
1049 796 1082 817 ti-

43 830 96 856 tulo
110 828 264 864 Dtgqssorum
279 840 303 862 2,
315 840 338 857 2.
381 826 508 854 Moderati
519 827 627 853 homines
647 835 671 852 et
681 827 832 863 prudentes,
852 836 912 862 quae
925 827 1082 863 asupio-lori-

30 863 88 891 ,lus
99 864 155 890 bem*
168 862 481 901 coifiitutaputabanny
493 865 520 888 in
527 862 576 897 fita
589 861 672 889 edicta
686 863 946 898 transferresosrbant
957 873 963 887 .·
997 864 1081 897 capita

42 901 82 926 ita
100 900 223 926 translata
242 902 387 927 vocabantur
405 897 566 925 translaticia
580 908 588 923 r
616 898 644 924 de
664 907 711 933 qua
726 899 888 933 appellatione
906 897 958 923 vicl.
966 898 991 933 s.
1007 900 1024 924 Ι.
1034 898 1081 934 fib

46 941 68 961 T
77 942 95 961 R
104 942 126 962 Α
135 943 155 961 N
166 943 179 962 S
190 942 205 962 F
213 942 229 962 E
239 942 256 962 R
267 941 297 962 0.

44 971 190 997 Ρναεωνιιηι
203 973 281 997 omnia
293 978 340 995 vno
352 968 440 999 edid'to
454 977 510 995 vere
524 975 661 1003 perpetuo,
674 976 697 995 et
703 969 800 1004 semper
814 969 898 995 valido
906 988 914 1001 ,
929 970 1082 1004 comprehen-

45 1005 110 1032 dere.
167 1007 249 1032 Huius
261 1007 299 1031 rei
310 1002 432 1030 aufiorem
445 1002 524 1040 fuiffe
541 1004 571 1030 D.
589 1004 750 1037 Adrianum,
770 1004 927 1031 Iustinianus
943 1005 970 1030 in
984 1005 1001 1031 l.
1016 1014 1031 1031 2
1050 1006 1081 1033 C.

43 1040 77 1067 de
88 1046 169 1068 veter.
181 1042 231 1068 ξω.
244 1038 327 1066 enucl.
341 1036 454 1072 testatur.
507 1039 594 1065 Ediffi
607 1048 672 1066 vero
689 1039 845 1073 scriptorem
859 1041 890 1066 C.
905 1040 1023 1067 Saluium
1038 1042 1081 1067 Iu-

45 1075 155 1103 sianum.

45 1111 126 1145 vasit,
149 1111 192 1138 vir
210 1109 308 1137 nobilis
328 1116 353 1136 ct
374 1109 553 1143 peritissimus,
578 1119 658 1144 nepos
676 1111 760 1137 Saluii
780 1111 894 1144 Iuliani,
915 1111 961 1145 qui
982 1111 1028 1138 sub
1047 1113 1082 1141 D.

44 1145 162 1174 Adriano
174 1151 327 1181 perpetuum
340 1145 488 1180 composuit
503 1145 629 1172 edietum.
686 1146 745 1172 Vid.
762 1147 889 1173 Heineccii
907 1145 1012 1179 hlstoria
1031 1148 1081 1173 cdi-

44 1181 155 1214 Horum,
174 1180 300 1216 Edit-”lique
313 1184 429 1216 perpetui
447 1183 474 1206 in
488 1181 577 1216 Opust.
592 1179 728 1216 possumis,
747 1182 790 1208 vbi
802 1182 876 1208 habes
889 1186 962 1208 etiam
979 1183 1008 1209 de
1021 1182 1082 1209 Edi-

45 1216 94 1244 &is
111 1219 169 1243 aliis
181 1218 328 1243 omnia.Nos
340 1216 408 1251 osum
423 1216 537 1252 loquendi
551 1215 743 1249 illustrabimus:
762 1218 817 1244 Cic.
832 1226 882 1252 pro
895 1218 988 1251 Qiint.
1003 1221 1038 1245 60
1059 1228 1083 1245 c.

43 1259 73 1285 19
92 1253 128 1279 Ex
140 1250 226 1278 εάἰᾶο
240 1252 369 1278 Praetoris
384 1251 454 1278 bona
467 1251 577 1283 alicuius
590 1251 725 1286 poffidere.
780 1253 873 1280 Ibidem
883 1274 892 1286 ‚
911 1254 990 1287 Q1od
1008 1255 1084 1281 Prae-

47 191 112 233 305

48 266 140 298 Editio
153 263 290 293 Praetoris.
339 264 366 290 Ε.
378 270 413 325 q.

48 303 119 332 Idem
132 300 208 328 Verr.
222 308 242 333 1,
254 308 284 333 93
308 298 372 326 Non
394 308 414 325 u

224 1076 331 1109 Eutrop.
346 1079 369 1106 8,
384 1076 400 1107 9
426 1074 485 1101 Post
499 1074 570 1101 enim
582 1075 676 1101 Didius
690 1074 808 1102 Iulianus
823 1075 1022 1111 Rempublieam
1042 1077 1081 1102 in·
1094 1076 1096 1080 ’

1109 407 1122 433 5

1099 586 1128 605 10

1103 764 1128 790 ¹5

338 934 406 960 Hinc
413 932 511 959 eandem
520 933 730 968 commodiffimum
744 934 821 968 tat-'fimi
834 931 866 966 cst
880 934 937 959 bene
948 933 1082 965 constituta
1098 945 1133 964 20

1534 170 1568 213 E
1647 175 1685 215 D
1772 177 1810 216 O
2115 185 2188 234 306

1185 261 1272 294 13130,
1293 270 1337 297 es,
1356 262 1408 295 est,
1428 263 1492 296 ess‘e;
1529 263 1569 290 vel
1586 262 1658 294 Edo,
1675 261 1747 296 edis,
1768 264 1828 297 cdi,
1849 266 1919 293 esum
1934 268 1975 294 vel
1987 267 2086 301 esium,
2100 269 2186 297 edere.

1149 297 1226 332 sida,
1245 297 1456 333 κατασιτεύομαι]
1493 301 1523 326 In
1550 298 1602 325 cibo
1624 299 1736 334 fictncre,
1756 300 1883 327 comedere.
1923 303 1993 337 Virg.
2016 298 2081 331 Aen.
2099 314 2129 338 4,
2151 308 2186 332 66

1150 334 1190 360 Est
1205 334 1293 360 mollis
1306 334 1410 360 flamma
1428 333 1561 360 medullas.
1588 341 1593 346 ·
1615 334 1681 361 Plin.
1697 343 1735 368 10,
1751 337 1787 368 46
1799 336 1816 362 s.
1831 338 1860 367 63
1887 336 1959 364 Idem
1972 339 2008 364 est
2020 342 2130 375 proprio
2143 350 2186 376 ge-

1150 379 1228 401 nere,
1247 378 1353 395 onmem
1366 367 1455 394 cibum
1475 378 1541 404 aqua
1561 369 1671 396 subinde
1686 371 1806 405 tingens,
1825 370 1920 397 deinde
1942 373 2005 406 pede
2020 375 2051 401 ad
2071 377 2185 404 rostrum

1150 405 1233 431 veluti
1252 413 1330 431 manu
1349 403 1470 430 afferens«
1522 405 1570 432 Sed
1581 405 1637 432 Cic.
1651 407 1704 432 Att.
1720 415 1753 438 13,
1767 414 1797 439 52
1838 406 1876 434 Ita
1898 415 1930 433 ue
1953 414 1978 434 et
1998 411 2052 436 edit
2070 418 2095 438 et
2114 412 2184 441 bibit

1150 438 1238 474 οέδεῶς,
1252 446 1277 467 et
1289 439 1417 469 iucunde,
1430 440 1537 473 opipare
1551 441 1608 467 sane
1623 447 1648 468 ct
1660 449 1792 476 apparate.
1863 443 1882 470 E
1903 442 1920 473 i,
1935 444 2018 470 Praer.
2037 447 2093 473 Cic.
2101 448 2184 476 Tusc.

1150 484 1172 508 ς,
1186 484 1219 510 97
1249 477 1306 502 Nec
1326 475 1442 502 esuriens
1458 475 1617 502 Ptolemaeus
1636 475 1734 504 ederat.
1801 476 1875 504 Idem
1887 478 1920 505 de
1934 478 1991 504 Fiu.
2005 488 2030 512 2,
2043 490 2073 507 22
2102 483 2186 518 Repe.

1150 511 1248 538 ricmus
1265 512 1351 538 asotos
1369 510 1483 545 primum
1497 511 1533 536 ita
1551 520 1604 537 non
1624 512 1764 547 religiosos
1775 519 1804 539 vt
1815 512 1894 540 edant
1906 512 1939 539 de
1953 515 2061 548 patella:
2081 517 2184 552 deinde,

1149 553 1193 572 etc.
1261 546 1346 573 Auide
1366 545 1443 572 edere
1457 545 1537 572 Ouid.
1551 546 1583 571 de
1603 548 1665 574 Arte
1679 550 1737 575 Am.
1752 557 1773 580 3,
1790 551 1848 581 6,·9.
1918 550 2023 584 Agellos
2041 551 2096 579 edit
2109 563 2186 587 pecus

1150 583 1216 608 Hor.
1237 582 1315 617 Epist.
1331 591 1351 614 1,
1367 590 1403 611 12,
1416 589 1450 607 12.
1521 581 1614 613 Edim,
1636 584 1717 619 Praes.
1736 582 1866 610 Constans-T.
1885 588 2014 621 antiquum
2028 592 2077 621 pro
2091 587 2186 617 Edam:

1148 618 1275 651 Pompon.
1295 615 1460 648 Prostibulo,
1474 616 1530 650 Ego
1550 625 1648 651 quaero
1667 619 1738 653 quod
1757 619 1842 650 edim,
1855 619 1900 646 has
1917 628 2044 656 quaerere
2063 623 2108 656 qui
2130 633 2186 658 par-

1149 659 1222 683 cant,
1249 659 1350 679 certum
1370 651 1422 683 est,
1441 661 1455 677 a
1475 651 1508 677 ud
1526 651 1646 678 Nouium
1667 662 1691 686 2,
1714 663 1763 688 114.
1835 654 1908 682 Idem
1931 661 2005 689 10,18
2025 665 2056 684 ex
2075 658 2186 693 Nouio,

1150 686 1230 721 de
1245 688 1338 720 editis,
1354 687 1421 714 nihil
1436 696 1449 712 c
1480 706 1488 719 ,
1503 686 1519 713 si
1534 687 1630 721 voltis,
1646 689 1717 723 quod
1738 690 1831 717 cacctis
1851 691 1927 725 copia
1941 692 1985 718 cst.
2021 694 2053 719 Et
2066 701 2098 719 ex
2111 695 2187 721 Pom·

1150 723 1249 758 ponio,
1270 723 1321 749 Vix
1334 731 1402 749 nunc
1416 722 1487 757 quod
1501 722 1571 749 edim
1584 724 1708 756 inuenio3
1729 726 1855 760 quidnam
1870 726 1930 759 fiet,
1944 727 1962 753 si
1976 736 2053 762 quam
2067 728 2187 757 duxero!

1149 760 1189 786 Sic
1204 757 1292 792 paffim
1310 758 1431 790 Plautus,
1457 764 1486 784 vt
1505 759 1583 785 Pocn.
1601 768 1624 792 3,
1642 768 1662 793 1,
1675 769 1708 793 34
1746 759 1786 787 Est
1806 761 1891 795 domi,
1918 763 1989 797 quod
2009 763 2127 797 edimus,
2141 773 2187 793 etc.

1149 794 1248 821 Escrim
1268 793 1425 827 Apul..Met.
1441 802 1459 826 4
1481 802 1504 827 p.
1518 802 1568 827 132,
1582 803 1617 826 32.
1688 795 1798 823 Obliuia
1822 806 1876 824 non
1902 798 1982 825 edunt
2007 799 2113 827 laudem
2140 801 2187 829 Sil.

1152 839 1186 862 13,
1212 848 1218 855 .
1246 848 1253 855 .
1278 829 1303 855 h.
1317 839 1336 855 e.
1357 830 1424 855 Laus
1440 838 1488 855 non
1507 829 1581 856 datur
1598 830 1725 857 obliuioni.
1792 832 1874 859 Edere
1887 842 2001 868 pugnos,
2017 842 2064 870 per
2078 839 2187 864 transla-

1149 868 1251 895 tionem,
1261 870 1310 899 pro
1325 866 1425 890 Percun·
1440 868 1534 900 pugnis
1553 865 1634 891 Plaut.
1650 866 1745 901 Amph.
1759 875 1778 898 1,
1792 875 1811 899 1,
1825 876 1873 900 153.
1910 869 1997 896 Eadem
2014 873 2189 906 translatione,

1150 901 1303 927 Sermonem
1323 899 1404 926 Plaut.
1425 900 1512 925 Aulul.
1529 909 1550 932 3,
1565 903 1591 932 6,
1608 910 1615 926 1
1632 908 1675 926 etc.
1711 901 1769 928 Vid.
1786 903 1902 930 Burman.
1922 905 1956 930 ad
1969 906 2098 938 Qiinffil.
2115 907 2188 936 Decl.

1150 939 1198 966 268
1212 945 1236 970 p.
1254 940 1308 968 508.
1377 936 1406 961 In
1428 945 1451 961 n.
1473 936 1525 961 Esse
1541 936 1596 962 Val.
1610 937 1680 962 Max.
1693 946 1721 969 4,
1735 945 1747 968 3
1788 937 1920 972 Diogenes
1935 940 2079 974 Syracufis,
2105 952 2189 978 quum

1149 972 1223 998 olera
1241 971 1267 997 ei
1281 970 1380 996 lauanti
1399 971 1545 1005 Aristippus
1565 971 1683 1005 dixisset,
1709 972 1736 997 Si
1756 972 1884 1004 Dionysio
1903 974 2005 1002 adulari
2024 978 2124 1011 velles,
2142 979 2190 1007 ista

1149 1016 1204 1033 non
1217 1007 1289 1033 esses:
1310 1007 1516 1041 Immo‚inquit‚
1530 1006 1547 1032 si
1561 1013 1588 1032 tu
1602 1007 1647 1032 ista
1663 1007 1711 1033 esse
1724 1007 1816 1038 velleS‚
1831 1005 1957 1040 Dionysio
1970 1020 2023 1036 non
2035 1013 2190 1042 adulareris.

1151 1041 1228 1069 Auft.
1250 1041 1280 1068 ad
1301 1042 1399 1068 Hercu.
1420 1051 1446 1075 4,
1463 1051 1492 1075 39
1513 1051 1533 1067 c.
1548 1047 1578 1071 28
1609 1041 1662 1067 Effe
1681 1047 1802 1077 oportet,
1822 1048 1850 1068 vt
1872 1043 1962 1076 viuas,
1979 1054 2033 1072 non
2051 1049 2144 1076 viuere
2162 1057 2190 1078 vt

1150 1078 1219 1104 edas.
1275 1077 1331 1104 Cic.
1347 1076 1379 1103 de
1392 1077 1427 1103 Ν.
1441 1078 1472 1104 Ι).
1486 1086 1511 1109 z,
1527 1079 1539 1106 8
1578 1077 1664 1111 Mergi
1686 1077 1771 1112 pullos
1791 1078 1819 1103 in
1838 1086 1907 1112 aqua
1928 1079 1995 1106 iussit
2012 1086 2041 1107 vt
2060 1082 2191 1117 biberent,

1151 1113 1278 1147 quoniam
1291 1113 1340 1138 esse
1351 1113 1461 1139 nollent.
1513 1113 1593 1138 Plaut.
1609 1113 1683 1146 Capt.
1697 1122 1725 1145 4,
1738 1122 1761 1145 ε,
1775 1120 1809 1147 70
1835 1113 1889 1140 Scis
1903 1113 1969 1140 bene
1983 1116 2041 1141 esse.
2097 1118 2191 1148 Desine

1149 1149 1215 1175 citra
1228 1150 1317 1181 Quam
1335 1149 1425 1182 cupies
1438 1147 1542 1183 paullo,
1557 1156 1636 1182 quam
1653 1154 1724 1182 potes
1739 1149 1801 1180 else,
1815 1149 1901 1175 minus
1917 1150 1998 1177 Ouid.
2015 1152 2045 1178 A.
2061 1152 2091 1178 A.
2103 1162 2124 1185 3,
2137 1161 2193 1189 578.

1149 1185 1264 1217 Essetur‚
1276 1190 1325 1219 pro
1344 1183 1526 1216 Camerio-etur,
1538 1186 1675 1218 antiquum.
1711 1184 1839 1210 Laudatur
1858 1186 1943 1212 Varro
1963 1186 1995 1212 de
2016 1187 2046 1213 L.
2060 1188 2091 1214 L.
2110 1198 2138 1222 4,
2159 1199 2192 1217 22

1150 1219 1265 1252 Libum,
1278 1218 1351 1254 quod
1371 1224 1399 1245 vt
1418 1219 1564 1251 libaretur,
1576 1219 1728 1254 priusquam
1744 1221 1851 1252 esst—mr,
1864 1227 1919 1247 erat
1935 1222 2049 1249 coctum.
2084 1226 2134 1250 Ait
2148 1227 2196 1253 libi

1144 1261 1244 1291 partem
1259 1257 1370 1290 primum
1383 1254 1473 1290 fizlitos
1489 1260 1584 1280 veteres
1603 1255 1696 1287 libare,
1717 1257 1838 1291 reliquum
1852 1256 1938 1282 deinde
1951 1257 2063 1291 comesse,
2076 1266 2149 1296 atque
2164 1271 2194 1288 ex

43 1293 88 1314 tor
105 1296 137 1314 ex
149 1286 236 1313 edicto
255 1288 303 1313 suo
321 1287 380 1313 fieri
399 1287 481 1314 iubet.
496 1308 498 1311 ,
534 1287 608 1314 Idem
622 1287 724 1315 ibidem
737 1293 767 1318 28
793 1289 888 1315 Edicto
902 1290 1032 1316 Praetoris
1050 1290 1082 1315 de
1103 1303 1134 1327 30
1151 1300 1176 1317 eo
1190 1300 1206 1317 a
1217 1290 1334 1317 libatione
1347 1299 1430 1316 nomen
1443 1289 1556 1324 adepwm
1570 1288 1622 1322 [fib.
1644 1291 1684 1317 Sic
1702 1291 1839 1317 Turnebus.
1875 1293 1922 1319 Sed
1933 1293 2055 1327 Scaliger.
2069 1304 2093 1328 p.
2106 1303 2150 1331 27,
2164 1306 2195 1329 3²

42 1322 107 1349 saltu
119 1331 234 1357 agroque
248 1322 384 1349 communi
397 1329 422 1349 et
436 1322 518 1349 seruis
532 1324 719 1350 communibus
734 1323 896 1351 detruditur.
932 1325 1004 1351 Idem
1018 1325 1081 1352 Diu.

44 1358 119 1385 Verr.
130 1367 203 1391 1,109
222 1358 278 1391 Qui
289 1358 435 1393 plurimum
448 1357 571 1388 tribuunt
584 1359 673 1386 εάίᾶὶο
684 1360 826 1387 Praetoris.
881 1362 913 1387 Et
925 1369 974 1395 pro
988 1361 1082 1387 Flacco

42 1394 78 1427 67
96 1402 118 1419 c.
127 1399 154 1424 28
173 1393 276 1421 Flaccus
288 1394 372 1420 sanxit
385 1393 485 1427 edicto,
494 1403 527 1420 ne
541 1394 705 1422 frumentum
718 1404 750 1421 ex
763 1395 820 1422 Asia
833 1397 969 1430 exportari
981 1396 1081 1422 liceret.

41 1427 157 1455 Caeleste
174 1429 289 1455 edictum
308 1429 471 1456 Tertullian.
490 1428 631 1462 de5Pudic.
652 1439 674 1464 5.
780 1431 959 1464 Citatorium,
979 1435 1009 1458 it.
1025 1433 1084 1458 Per-

39 1464 183 1490 emtorium
201 1464 268 1499 apud
286 1465 359 1492 ICtos
377 1465 395 1492 l.
416 1468 447 1495 68
473 1465 529 1500 sqq.
568 1467 600 1492 D.
623 1467 655 1492 de
675 1466 794 1493 Iudiciis.

39 1498 126 1526 Sullae
140 1499 211 1526 Flor.
225 1509 247 1532 3,
260 1509 297 1527 21.
400 1501 507 1527 Immite
523 1505 550 1528 et
560 1502 651 1528 minax
663 1502 780 1529 edietum
798 1502 880 1529 Ouid.
896 1503 983 1530 Trist.
998 1512 1021 1536 2,
1036 1510 1085 1535 135.

39 1534 95 1560 Cic.
111 1543 158 1569 pro
172 1535 209 1571 Le
227 1544 241 1561 e
254 1535 347 1562 Manis.
361 1541 388 1569 58
413 1536 511 1570 Neque
526 1545 569 1562 me
584 1537 712 1571 impediet
725 1538 881 1573 cuiusquam
895 1539 1016 1572 Quirites
1030 1539 1085 1565 Ini-

39 1570 141 1597 micum
157 1571 200 1597 edi
230 1580 274 1597 um
283 1591 291 1604 ,
331 1580 366 1597 uo
379 1572 467 1597 minus
481 1572 564 1598 fretus
578 1573 671 1605 vobis,
687 1573 802 1599 vestrum
816 1574 858 1599 ius
871 1573 1083 1608 beneficiumque

38 1605 187 1632 defendam.
260 1606 307 1633 Edi
337 1616 351 1632 a
366 1607 435 1633 Iulia
454 1608 547 1633 Horat.
560 1618 588 1642 4,
605 1616 639 1640 ις,
656 1617 692 1640 21,
711 1612 816 1643 imperia
835 1609 958 1643 Caesaris.
1022 1610 1085 1635 Fro-

38 1641 153 1668 vincialc
170 1639 307 1674 illustrauit
321 1643 418 1674 Gaius,
438 1646 508 1668 cuius
522 1642 569 1668 lib.
586 1652 595 1669 1
615 1643 647 1669 ad
661 1643 782 1670 Edictum
802 1644 968 1677 prouinciale
987 1647 1083 1671 citatur
1094 1651 1131 1676 40
1152 1644 1193 1670 Sic
1206 1644 1276 1670 esim·
1297 1640 1373 1678 apud
1387 1643 1464 1674 illos,
1477 1643 1510 1669 sic
1527 1642 1632 1668 bibitur
1652 1643 1710 1668 Sen.
1731 1643 1763 1669 de
1782 1645 1823 1669 Ira
1838 1653 1860 1676 3,
1878 1652 1911 1676 ις.

40 1675 58 1702 1.
70 1685 87 1703 2
107 1675 139 1703 de
152 1676 350 1704 iurisdictione.
456 1678 589 1705 Pecuiiare
604 1678 722 1704 edictum
735 1680 903 1713 repentinum
915 1680 1056 1713 Cic.Ve1·r.
1070 1688 1083 1711 3

39 1720 62 1738 t.
77 1720 116 1745 14.
223 1713 368 1739 Censorum
382 1712 498 1739 edifium
511 1714 613 1750 aliquod
620 1721 764 1749 perpetuum
773 1713 851 1749 fiuſj}
865 1715 967 1741 Catonis·
981 1717 1084 1740 nmioris

0 1758 1 1772 ι
39 1753 134 1777 aetate,
157 1747 285 1783 colligitur
297 1757 326 1773 ex
338 1757 377 1778 eo,
396 1748 461 1783 quod
478 1748 506 1774 de
520 1750 563 1774 illo
578 1750 668 1782 Nepos
682 1758 692 1775 1
718 1750 818 1779 Censor
853 1764 899 1768 ——-
934 1749 1029 1774 multas
1042 1758 1083 1774 res

0 1779 1 1792 ³
39 1789 122 1808 nouas
134 1781 163 1807 in
174 1782 292 1809 edietum
304 1783 429 1812 Addidit,
449 1792 499 1817 qua
519 1792 549 1809 re
566 1783 673 1809 luxuria
691 1784 889 1817 reprimeretur.
930 1783 989 1807 Vici.
1006 1784 1082 1808 Heln.

37 1817 56 1843 I.
68 1825 89 1842 c.
102 1827 114 1842 1
175 1820 194 1841 6
229 1837 235 1843 .
282 1837 288 1843 .

38 1857 63 1876 ee
73 1826 181 1877 abo’tes’e:
206 1825 348 1885 aeolo-verbo
362 1851 491 1884 leianus
501 1851 559 1885 usur
570 1849 605 1883 est
617 1853 644 1875 ier
657 1851 674 1876 l.
694 1851 724 1876 Et
737 1850 794 1883 post
808 1849 924 1875 edictum
934 1870 941 1881 ,
961 1850 993 1877 de
1007 1851 1080 1877 Iudi·

37 1885 94 1912 ciis.
166 1883 260 1914 Ειίὶξὶο
273 1884 396 1916 audiens,
421 1884 474 1910 vid.
494 1892 516 1911 A
527 1891 574 1911 VD
584 1892 593 1910 1
602 1891 633 1910 ο.-
701 1885 870 1919 componere
885 1885 1003 1912 edictum
1022 1887 1080 1913 Cic.

36 1919 89 1947 Off.
103 1928 132 1951 2,
152 1924 192 1949 80·
282 1919 456 1947 Conscribere
466 1919 583 1946 edidtum
602 1919 676 1946 Idem
693 1920 747 1947 Off.
767 1929 796 1953 3,
831 1940 838 1946 .
875 1940 882 1947 .
969 1921 1081 1948 Bibulus

36 1955 108 1983 COS.
128 1964 176 1990 per
192 1955 277 1982 edidis
296 1955 440 1982 obnuntiae
454 1956 517 1982 Colle
537 1965 563 1981 ae
577 1956 678 1991 Caesari
693 1956 888 1983 Sueton.IuI.c.
898 1965 937 1982 20.
1010 1957 1080 1984 Dare

38 1990 124 2018 edicta
139 1991 215 2017 terris
229 1991 366 2018 Claudian.
379 1991 456 2017 Consz
470 1992 514 2017 Ma
528 1991 543 2017 l.
553 1990 713 2025 Theod.34.

38 2032 128 2053 contra
141 2026 257 2054 edietum
272 2027 346 2053 suum
360 2026 416 2052 Cic.
430 2027 506 2052 Verr.
519 2035 538 2057 1,
551 2035 593 2059 119
611 2036 632 2053 c.
645 2030 697 2059 46„
747 2026 853 2054 Habere
868 2027 985 2054 edidium
1007 2029 1080 2061 Idem

37 2062 149 2096 Philipp.
163 2064 189 2095 6,
203 2070 240 2097 17.
334 2062 426 2089 Tacit.
438 2061 506 2088 Hist.
525 2070 554 2094 3,
574 2062 613 2096 73
632 2062 713 2095 Qiod
732 2062 818 2089 efficia
838 2063 866 2089 in
879 2063 1008 2097 Populum
1029 2066 1077 2098 pro

0 2109 2 2115 ‚
37 2098 94 2126 Ves
108 2097 194 2124 asiano
205 2097 358 2132 magnifica,
376 2097 505 2131 probrosa
519 2097 642 2129 aduersus
655 2097 795 2124 Vitellium
811 2098 917 2125 iecerat.
982 2100 1077 2126 Vetare

41 2133 101 2164 edis:
112 2141 129 2159 ο
148 2134 242 2160 Horat.
250 2133 327 2168 Epist.
334 2142 356 2164 2,
370 2142 391 2165 1,
406 2141 460 2166 239.
566 2133 631 2160 Non
645 2132 678 2158 sic
694 2133 829 2160 inflectere
843 2135 927 2160 sensus
941 2135 1079 2161 Humanos

2 2189 3 2194 ,
42 2167 128 2196 edicta
141 2169 254 2201 .valent,
283 2178 361 2203 quam
383 2168 438 2195 vita
461 2168 576 2203 regentis
597 2166 736 2195 Claudiam.
752 2170 830 2196 Cons.
844 2170 949 2196 Honor.
965 2179 1000 2203 4,
1019 2179 1078 2202 300.
1098 2171 1137 2197 55=

42 2202 134 2230 Edicto
148 2203 239 2231 testari>
250 2204 355 2230 Sueton.
371 2204 476 2238 August.
490 2213 511 2230 c.
526 2209 565 2233 28.
673 2204 797 2231 Ediemm
805 2225 813 2237 ,
835 2208 909 2231 etiam
924 2209 1026 2240 priuati
1038 2206 1080 2232 ho-

2 2257 3 2268 ,
39 2241 115 2265 minis
127 2238 235 2265 dicitur:
252 2240 321 2266 Ter.
336 2241 431 2266 Heaut.
446 2249 474 2274 4,
489 2249 507 2271 1,
521 2248 550 2266 10
569 2239 688 2266 Primum
706 2240 758 2266 hoc
773 2246 798 2267 te
813 2249 877 2273 oro,
898 2249 930 2266 ne
944 2241 1009 2275 quid
1023 2250 1079 2268 cre-

39 2272 83 2299 das
95 2282 139 2299 me
153 2274 274 2302 aduersus
289 2274 406 2302 edituum
418 2281 493 2302 tuum
505 2276 591 2303 facere
606 2276 654 2302 esse
665 2276 770 2303 ausam:
791 2283 873 2312 nempe
886 2277 1080 2313 Paterfamilias

36 2309 176 2344 Legislator
189 2309 288 2344 quidam
301 2310 367 2336 domi
374 2311 444 2346 suae.

72 2350 136 2371 EDI
148 2350 165 2371 C
177 2351 318 2378 TALES,
355 2347 409 2372 Hoc
422 2346 521 2373 nomine‘
531 2344 726 2379 decorabantur,
746 2349 790 2383 qui
809 2357 900 2374 armum
915 2357 990 2375 vnum
1002 2350 1029 2374 in
1044 2349 1077 2374 le·
1096 2346 1131 2370 60
1148 2357 1176 2375 21
1198 2347 1276 2374 Alere
1293 2346 1388 2373 nolunt
1405 2346 1541 2372 hominem
1557 2345 1671 2372 edacem.

36 2389 92 2417 gum
102 2377 188 2413 studio
208 2381 317 2417 versati,
340 2383 444 2408 alterum
464 2385 536 2408 etiam
555 2381 723 2418 adiungebant
735 2393 742 2408 .·
765 2382 840 2409 dueta
853 2383 955 2419 scilicet
972 2383 1079 2419 appella-

35 2418 100 2443 tione
113 2415 143 2442 ab
157 2415 255 2448 edicto,
270 2420 311 2443 cui
329 2417 492 2453 coguofiendo
505 2424 555 2451 tum
569 2425 666 2452 operam
678 2418 812 2444 uariabant.
848 2420 943 2453 smper.
958 2420 986 2444 in
1002 2419 1075 2453 epist.

4 2482 5 2487 1
36 2450 71 2479 ad
83 2451 239 2478 Antecessbr.
257 2450 280 2487 §.
293 2460 305 2483 3
331 2453 362 2478 In
381 2452 495 2478 secimdo
515 2458 603 2478 autem
622 2461 708 2486 anno,
727 2462 774 2487 per
787 2462 865 2488 quem
886 2463 917 2481 ex
937 2454 1026 2482 edicto
1040 2455 1077 2481 eis

37 2494 135 2514 nomen
148 2493 222 2513 antea
236 2486 363 2520 positum,
383 2493 409 2514 et
423 2495 438 2514 a
450 2485 528 2514 nobis
542 2487 687 2521 probatur,
705 2495 752 2515 etc.
847 2489 972 2516 Edit-*talis
992 2488 1078 2517 bono-

36 2531 98 2548 rum
110 2520 240 2555 possessio,
255 2531 314 2557 quae
328 2521 408 2549 edim
422 2522 536 2558 defertur
555 2523 571 2549 1.
584 2532 616 2555 30
637 2521 684 2560 §.1
708 2524 740 2550 D.
761 2523 794 2550 de
807 2525 908 2559 acquir.
923 2525 1049 2561 hered.vl.
1067 2535 1076 2552 1
1098 2527 1129 2558 65
1146 2535 1197 2561 que
1214 2525 1289 2551 malis
1308 2533 1395 2551 comes
1413 2523 1502 2549 addita
1522 2523 1625 2549 morbis
1645 2522 1691 2548 Sil.
1709 2530 1744 2553 13,
1781 2542 1787 2548 .
1825 2541 1832 2548 .

4 2580 5 2584 ,
38 2555 88 2593 §.1
111 2557 143 2582 D.
163 2556 180 2582 si
200 2556 397 2585 tabusaestam.
455 2557 577 2584 edictalis
591 2559 645 2585 Lex
660 2569 666 2584 :
692 2558 810 2586 Edidate
823 2569 994 2595 progromma
1009 2561 1077 2596 apud

4 2610 5 2617 .
41 2592 114 2620 [Ceos
131 2598 154 2617 et
168 2591 273 2619 Cassiod.
288 2593 333 2627 Ep.
347 2595 373 2627 7,
385 2602 428 2627 42.
478 2594 508 2619 L.
524 2595 541 2619 6
564 2594 594 2621 C.
614 2594 647 2621 de
662 2594 769 2621 secund.
792 2601 867 2631 nupt.
894 2597 951 2623 Hac
966 2597 1076 2623 edietali

37 2627 95 2662 sege
108 2627 136 2653 in
149 2635 302 2662 perpetuum
319 2629 432 2655 valitura
446 2630 583 2655 sancimus.

74 2668 165 2690 EDLc
176 2669 214 2688 ‘ri
226 2669 244 2688 o
254 2684 262 2696 ‚
286 2665 353 2690 onis.
389 2665 409 2690 f.
446 2662 598 2697 [διάταξις]
633 2664 716 2691 Plaut.
732 2665 806 2698 Capt.
820 2673 849 2697 4,
863 2673 889 2697 2,
903 2673 930 2696 31
957 2665 1076 2692 Bafilicac

38 2697 184 2725 edictiones
201 2704 279 2733 atque
294 2699 447 2732 imperiosas
460 2698 547 2724 habet.

72 2740 186 2765 EDIM,
206 2741 256 2768 pro
272 2733 363 2766 edam,
391 2733 444 2759 vid.
466 2739 560 2765 Eoo,
579 2735 609 2758 it.
625 2738 773 2763 cOMEDQ.

71 2775 88 2794 Ε
97 2774 116 2794 D
126 2775 135 2793 1
144 2775 157 2794 s
167 2775 183 2795 C
191 2775 210 2795 ο
219 2788 228 2801 ,
252 2768 365 2801 edidici,
390 2771 443 2795 ere.
477 2767 662 2802 [ἰκμκνθοίνω]
708 2770 831 2795 Memoria
845 2767 982 2804 compIeHi.
1017 2769 1075 2796 Cic.

34 2803 116 2831 Tusc.
130 2811 155 2835 2,
171 2811 203 2837 27
223 2805 261 2831 Ita
275 2805 335 2830 sunt
348 2801 441 2831 deinde
454 2802 559 2834 dulces,
577 2809 606 2829 vt
618 2812 673 2829 non
686 2804 806 2838 legantur
817 2804 899 2830 modo
909 2824 918 2837 ,
938 2804 981 2831 sed
994 2806 1075 2832 etiam

902 1467 1084 1494 Crudeliffima
1103 1475 1131 1502 33
1152 1469 1218 1494 Aen.
1232 1476 1258 1500 9,
1271 1470 1312 1501 63.

358 1817 482 1842 Edic‘nun
500 1817 714 1847 circumducere,
732 1819 863 1842 Decrctmn
873 1819 976 1841 irritum
982 1817 1081 1854 facere,
1096 1823 1129 1849 45
1148 1818 1196 1843 esse
1214 1816 1326 1843 uidetur.

808 1992 972 2018 Decernebat
991 1993 1082 2019 Vcrres
1100 2002 1132 2028 50
1148 2003 1176 2020 re
1194 1993 1262 2019 Gell.
1279 2002 1310 2023 11,
1325 2001 1351 2027 7.

35 2838 189 2866 ediscantur.
295 2839 371 2866 Artes
391 2844 512 2865 contenta
531 2844 663 2872 paternas-
686 2838 823 2865 Edidit-isse
843 2840 895 2865 fuit
914 2838 995 2865 Ouid.
1009 2841 1073 2866 Met.

36 2883 52 2906 g
62 2894 72 2906 ,
105 2877 160 2905 638.
230 2874 328 2908 virgil.
348 2875 400 2901 Ecl.
416 2877 442 2906 6,
455 2879 480 2906 83
498 2873 591 2900 Audiit
603 2874 728 2906 Eurotas,
745 2873 863 2908 iussitque
877 2874 992 2901 ediscere
1007 2875 1074 2901 Lau·
1092 2879 1124 2907 75

34 2917 87 2938 rosi
141 2908 284 2945 Qeomodo?
309 2909 358 2936 Ille
375 2910 459 2940 canit,
497 2909 566 2935 uisae
578 2908 697 2936 referunt
711 2908 742 2936 ad
756 2909 837 2935 sidera
852 2909 941 2936 valles.
979 2912 1073 2946 Nempe

33 2945 68 2973 ad
80 2945 143 2972 Echo
160 2944 300 2979 respicitur.
368 2945 451 2971 Ouid.
487 2953 501 2970 e
514 2945 577 2971 Arte
591 2944 649 2970 Am.
671 2953 699 2977 2,
719 2953 755 2971 121
781 2946 852 2972 Cura
871 2945 901 2971 sit
920 2951 946 2972 et
960 2945 1074 2981 Linguas

37 2980 168 3008 edidicisse
180 2981 252 3013 duas,
273 2982 391 3008 Graecam
404 2987 427 3006 et
439 2981 563 3006 Latinam.
616 2981 698 3007 Vsum
712 2979 828 3007 ediscere
842 2980 914 3007 Idem
926 2982 990 3009 Met.
996 2989 1023 3016 7,
1031 2991 1074 3014 99.

36 3016 124 3043 Valet.
144 3016 241 3050 Argon.
257 3024 277 3047 1,
296 3018 342 3048 368
381 3016 439 3043 Nec
458 3016 546 3050 potuit
562 3015 673 3048 similes,
699 3016 822 3043 voluitne
841 3016 956 3043 ediscere
976 3018 1074 3045 vultus.

36 3053 61 3077 n’.
76 3053 132 3078 Non
147 3054 230 3085 potuit
244 3051 271 3077 di
296 3051 384 3087 tofi-ere
387 3051 503 3086 filiorum
511 3049 623 3086 formas.

23 3085 74 3112 *tis
90 3087 201 3114 maxime
219 3085 263 3112 edi
276 3095 333 3114 cete
351 3087 413 3113 licet
432 3086 562 3121 Qinc'til.
577 3095 597 3119 1,
611 3096 631 3113 1.
702 3088 784 3122 Lepta
798 3088 958 3115 suauiffimus
976 3089 1072 3115 ediscat

38 3119 179 3148 Hesiodum
202 3122 258 3148 Cic.
269 3123 341 3149 Fam.
360 3124 385 3155 6,
401 3131 436 3155 19.
506 3121 664 3149 Ediscendus
682 3123 718 3150 ad
732 3125 845 3150 verbum
864 3124 969 3151 libellus
995 3124 1070 3152 Idem

40 3155 116 3187 Aeaci.
129 3166 157 3191 4,
169 3165 207 3190 135
221 3166 243 3183 c.
257 3166 304 3191 44.
339 3158 412 3194 Conf.
426 3157 463 3185 Id.
478 3157 510 3184 de
522 3159 596 3185 Orat.
612 3167 623 3184 1
642 3167 663 3185 c.
678 3167 720 3192 34.

72 3197 215 3219 EnissA.
249 3192 305 3219 Cic.
318 3194 394 3220 Verr.
407 3203 428 3226 ς,
440 3196 471 3224 86
491 3193 573 3220 Edissa
585 3200 675 3228 portus
690 3195 718 3221 in
732 3194 831 3221 Sicilia.

1152 1325 1232 1360 Qiod
1251 1325 1398 1357 libaretur,
1415 1325 1570 1360 priusquam
1585 1326 1663 1358 esset,
1690 1332 1718 1352 vt
1742 1332 1812 1358 crat,
1832 1327 1946 1354 codium.
1986 1330 2094 1356 Coniicit
2112 1339 2195 1358 tamen

1153 1363 1247 1398 scalig,
1262 1362 1415 1396 priusquam
1430 1360 1644 1391 essenmcoffium.
1712 1361 1765 1388 Vbi
1780 1363 1849 1388 esuri
1865 1364 1968 1390 sumus?
1989 1370 2038 1398 pro
2056 1366 2105 1392 Vbi
2112 1374 2195 1402 pron.

1146 1398 1205 1434 suri
1214 1400 1254 1424 uel
1264 1399 1412 1423 coenaturi?
1432 1396 1512 1422 Plaut.
1527 1396 1600 1422 Men.
1614 1405 1633 1427 1,
1648 1403 1671 1426 2,
1685 1402 1722 1428 38.
1742 1404 1764 1423 et
1777 1398 1856 1424 Poen.
1870 1408 1893 1432 3,
1909 1407 1927 1429 1,
1941 1408 1969 1431 32
1990 1400 2073 1427 Edere
2085 1401 2117 1428 de
2130 1403 2195 1430 alie-

1153 1441 1198 1459 no.
1269 1432 1344 1459 Furit
1357 1431 1438 1459 ardor
1450 1430 1545 1457 edendi
1559 1430 1640 1458 Ouid.
1654 1432 1718 1459 Met.
1734 1438 1755 1464 8,
1770 1438 1824 1463 828.
1896 1434 1992 1463 Rabies
2006 1436 2100 1463 edendi
2118 1439 2193 1474 Virg.

1368 1468 1428 1494 Esus
1448 1468 1504 1493 sum
1519 1474 1568 1501 pro
1586 1467 1646 1499 edi,
1660 1467 1786 1502 deponent.
1806 1469 1888 1496 Solin.
1909 1479 1930 1496 c.
1947 1478 1984 1505 17.
2016 1471 2075 1498 Vsa.
2092 1473 2194 1510 Salmas:

1151 1511 1176 1540 p.
1193 1512 1244 1530 212.
1315 1503 1409 1538 Paſjiue
1434 1503 1499 1528 Pliu.
1514 1510 1556 1532 20,
1570 1511 1587 1534 9
1614 1503 1644 1529 Et
1662 1503 1690 1528 in
1711 1503 1844 1537 Aegypto,
1863 1510 1972 1540 propter
1990 1508 2195 1537 amaritudinem

1152 1548 1207 1565 non
1237 1538 1315 1565 estur.
1351 1540 1389 1566 De
1413 1537 1517 1571 braffica
1540 1539 1658 1572 quuitur.
1696 1538 1826 1571 Columcl.
1846 1548 1872 1572 2,
1892 1549 1928 1566 10.
1995 1542 2080 1575 Estur,
2094 1545 2197 1581 Impcrfi

1153 1573 1267 1608 [ἔδεται]
1299 1574 1380 1600 Plaut.
1400 1573 1505 1600 Mostel.
1522 1581 1542 1604 ι,
1557 1581 1579 1604 3,
1593 1578 1625 1607 78
1664 1573 1719 1598 Iam
1740 1573 1788 1600 ista
1808 1575 1916 1609 quidem
1937 1576 2054 1603 absumta
2074 1587 2115 1604 res
2135 1582 2195 1611 erit,

1153 1608 1259 1642 quando
1278 1608 1333 1634 dies
1353 1608 1495 1643 no&esque
1514 1608 1600 1642 estur,
1614 1607 1727 1634 bibitur.
1757 1609 1815 1634 Via.
1835 1610 1917 1636 Ouid.
1932 1619 1964 1636 ex
1984 1610 2071 1638 Ponto'
2082 1621 2101 1645 1,
2117 1622 2137 1646 1,
2151 1618 2194 1647 69.

1983 1645 2064 1677 Plaut.
2080 1649 2195 1676 Mostell.

1152 1690 1176 1712 4,
1191 1688 1213 1711 2,
1226 1690 1254 1711 42
1272 1679 1411 1706 Triduum
1426 1679 1548 1709 inbvnum
1563 1677 1599 1703 est
1612 1676 1679 1703 haud
1695 1678 1871 1709 intermissum
1880 1679 1924 1705 hic
1938 1680 1986 1711 csse
2000 1687 2024 1707 et
2039 1681 2108 1716 bibi,
2123 1684 2197 1712 Scor-

1152 1720 1177 1740 ta
1191 1714 1268 1746 duci,
1285 1714 1465 1748 pergraecari,
1479 1712 1614 1744 fidicinas,
1628 1711 1751 1739 tibicinas
1767 1713 1880 1740 Ducere.
1917 1715 1963 1740 Essi
1977 1714 2021 1742 hic
2032 1723 2058 1744 et
2071 1727 2097 1745 v.
2111 1728 2196 1753 praec,

1151 1751 1244 1774 Parem·
1258 1748 1341 1781 dedit,
1355 1749 1437 1784 nescio
1450 1755 1481 1774 an
1495 1756 1523 1773 ex
1538 1747 1601 1772 libro
1614 1749 1726 1782 antiquo.
1764 1748 1835 1774 Certe
1847 1758 1894 1775 non
1907 1759 2096 1780 commemorant
2110 1755 2197 1782 Groem-

1148 1786 1243 1808 marici.
1286 1785 1317 1809 Et
1335 1793 1389 1810 cum
1408 1784 1511 1809 Ducere
1530 1783 1624 1808 Parem
1643 1790 1735 1818 quoque
1751 1785 1895 1820 reliquerit:
1927 1788 2082 1817 retinendum
2100 1793 2197 1819 interea

1184 1858 1201 1878 Ε
1210 1857 1228 1877 D
1239 1858 1255 1878 E
1265 1858 1313 1878 ND
1324 1859 1345 1878 v
1354 1859 1366 1878 s
1376 1872 1384 1884 ,
1404 1861 1433 1884 a,
1454 1861 1508 1878 um.
1537 1851 1630 1878 Partic.
1667 1849 1791 1887 [ἓδέςεος]
1826 1854 1882 1880 Cic.
1897 1853 1929 1880 de
1941 1856 2049 1883 Amicit.
2064 1861 2099 1891 69
2124 1861 2194 1888 Mul.

1148 1892 1189 1913 tos
1203 1887 1308 1913 modios
1327 1886 1387 1913 salis
1405 1887 1480 1914 simul
1494 1886 1610 1913 edendos
1628 1888 1685 1919 esse,
1700 1894 1728 1913 vt
1741 1888 1874 1914 amicitiae
1889 1898 1984 1917 munus
2004 1892 2136 1927 expletum
2155 1897 2194 1924 fit.

1148 1923 1249 1949 Edendi
1267 1922 1370 1957 pecoris
1389 1923 1465 1949 actor
1490 1922 1572 1949 Ouid.
1592 1923 1658 1948 Her.
1680 1932 1700 1955 L,
1719 1930 1759 1955 95.
1786 1926 1805 1949 i.
1826 1923 1962 1951 mutiandi.

1182 1965 1199 1985 E
1209 1966 1222 1984 s
1234 1957 1247 1984 ἲ
1254 1964 1275 1983 Τ
1285 1965 1321 1990 0,
1340 1962 1394 1984 are.
1430 1958 1573 1991 frequent.
1610 1957 1722 1996 [ρυχνιῖς
1737 1956 1799 1992 ἔδω]
1836 1959 1997 1988 meureum
2016 1971 2109 1996 panem
2122 1966 2196 1993 esita-

1404 1993 1552 2026 Catoc.157
1572 1992 1682 2018 Lotium
1695 1994 1852 2020 conseruato
1866 1994 1932 2026 eius,
1947 1996 1994 2030 qui
2004 1997 2134 2027 brassicam
2149 2003 2194 2029 esi-

1148 2029 1255 2056 tauerit.
1290 2028 1360 2055 Gell.
1374 2036 1400 2060 4,
1416 2036 1439 2054 11
1462 2027 1635 2061 Pythagoram
1648 2027 1839 2062 Philosophum
1853 2038 1908 2055 non
1921 2030 2045 2058 efirauifl‘e
2054 2042 2085 2061 ex
2096 2037 2194 2065 anima.

1147 2064 1228 2092 libus.
1270 2063 1341 2092 Ibid.
1361 2063 1474 2089 Videtur
1485 2069 1573 2089 autem
1587 2062 1620 2088 de
1633 2071 1725 2100 cyaoio
1738 2072 1793 2090 non
1806 2063 1897 2092 esitato
1911 2067 1983 2094 causa
1997 2071 2096 2097 erroris
2109 2072 2194 2101 fuisse.

1147 2101 1213 2128 Plin.
1228 2108 1267 2131 20,
1282 2108 1308 2131 9.
1333 2098 1400 2125 Add.
1416 2098 1493 2132 Apul.
1511 2099 1574 2124 Met.
1589 2105 1606 2129 9
1620 2106 1645 2131 p.
1659 2106 1714 2131 234.
2147 2118 2150 2120 .

1182 2142 1198 2162 E
1208 2139 1269 2162 SIT
1279 2135 1331 2161 ᾹΤ
1341 2141 1361 2159 ν
1372 2141 1394 2160 S.
1428 2133 1505 2168 Apud
1523 2132 1656 2159 Columel.

1183 2176 1333 2197 Es1TAT
1344 2176 1398 2201 10,
1417 2169 1483 2196 anis.
1504 2168 1524 2194 f.
1561 2168 1639 2203 Apud
1650 2168 1718 2195 Cels.

1182 2212 1199 2233 E
1209 2213 1222 2233 S
1230 2213 1240 2232 1
1248 2212 1269 2231 T
1279 2205 1329 2231 ᾸΤ
1340 2210 1359 2230 0
1368 2211 1387 2230 R
1397 2224 1405 2236 ,
1425 2204 1488 2231 oris.
1511 2213 1546 2230 m.
1583 2203 1660 2239 Apud
1672 2204 1779 2231 Firmic.

1148 2266 1152 2269 ,
1184 2247 1342 2272 Esuriit,
1378 2246 1616 2271 ESITIATVS,
1654 2239 1708 2267 vid.
1748 2245 1895 2268 is1c1A.

1185 2284 1202 2304 E
1212 2284 1230 2303 D
1239 2283 1261 2303 A
1271 2284 1289 2303 Χ
1298 2295 1307 2308 ,
1332 2275 1392 2301 {icis-
1436 2274 1497 2301 Adi.
1535 2276 1545 2306 [
1557 2271 1695 2308 oiddnffiaiyos
1703 2295 1712 2307 ,
1729 2275 1885 2309 πολυφάγος,
1905 2277 1974 2312 βορδς
1986 2278 2000 2313 J

1626 2311 1630 2314 ,
2044 2281 2144 2317 Vorax,
2170 2291 2195 2312 et

1148 2313 1295 2348 consumtor.
1338 2311 1388 2343 Vt,
1403 2310 1473 2336 Edax
1493 2309 1584 2344 hospes
1599 2311 1655 2337 Cic.
1671 2319 1721 2345 pro
1736 2311 1818 2337 Flacc.
1832 2320 1871 2345 41.

1815 2347 1820 2351 ι
1927 2313 1996 2342 Ter.
2012 2315 2117 2345 Phorm.
2132 2328 2156 2351 2,
2169 2330 2194 2353 2,

1724 2346 1799 2373 Idem
1813 2355 1841 2373 in
1855 2348 1923 2382 prol.
1936 2350 2001 2378 Eun.
2016 2357 2045 2383 38
2068 2354 2139 2381 Edax
2152 2365 2195 2390 pa-
2208 2362 2213 2370 '

1147 2383 1250 2411 rasitus.
1322 2381 1386 2408 Cibi
1398 2381 1478 2408 multi
1491 2381 1580 2407 edaces
1594 2380 1676 2408 boues
1689 2382 1822 2409 Columel.
1836 2386 1861 2415 6,
1873 2392 1899 2416 2,
1914 2393 1952 2418 14.
2024 2388 2110 2416 Curae
2123 2392 2192 2418 Hor.

1148 2421 1237 2446 Cam„
1258 2427 1283 2450 2,
1298 2422 1379 2450 11,18·
1450 2417 1521 2451 Ignis
1542 2417 1625 2443 Ouid.
1644 2417 1709 2443 Fast.
1725 2428 1753 2452 4,
1766 2423 1821 2452 785.
1841 2422 1871 2444 it.
1891 2420 1957 2447 Met.
1976 2430 2015 2454 14,
2028 2431 2078 2456 540
2099 2432 2122 2450 et
2136 2428 2193 2452 Me-

1146 2455 1217 2496 mph.
1235 2455 1300 2480 Met.
1321 2462 1345 2484 9,
1366 2461 1423 2479 202,
1460 2452 1527 2479 Add.
1545 2452 1590 2479 Sil.
1610 2461 1639 2485 9,
1653 2457 1714 2485 604.
1783 2453 1873 2480 Imber
1889 2455 1955 2481 Hor.
1970 2457 2056 2483 Carm.
2077 2467 2100 2491 3,
2114 2468 2155 2493 30,
2168 2470 2191 2494 3.

1146 2491 1232 2517 1,ιιιοι“
1248 2489 1329 2516 Ouid.
1345 2489 1435 2515 Amor.
1453 2496 1473 2520 1,
1487 2495 1519 2521 ῖς,
1535 2496 1553 2513 ¹·
1589 2488 1705 2514 Marti'ss·
1721 2497 1753 2520 ¹¹2
1767 2497 1809 2521 34¹
1879 2489 1978 2516 1⁴¹¹&OE
1990 2491 2070 2525 ‘'dm‘’
2085 2497 2192 2523 macies·

1711 2556 1715 2561 ,
1903 2524 2009 2552 Parasiti
2027 2528 2094 2555 Hor.
2110 2531 2190 2566 Epist.

1146 2571 1172 2594 2,
1188 2570 1207 2593 ι,
1223 2568 1274 2594 ¹73·
1345 2558 1467 2592 Tempus
1480 2558 1545 2583 edax
1559 2566 1649 2583 rerum
1663 2556 1745 2583 Ouid.
1760 2557 1825 2583 Met.
1841 2565 1876 2590 15,
1889 2566 1944 2591 234.
2015 2563 2107 2591 Turdi
2122 2568 2190 2595 Hor.

1145 2596 1229 2630 1390ss
1245 2604 1264 2624 1,
1275 2602 1317 2626 34.
1387 2593 1505 2619 Vetustas
1527 2591 1608 2618 Ouid.
1626 2592 1689 2618 Met.
1709 2599 1743 2624 ις,
1758 2597 1815 2626 872.
1887 2594 1967 2621 Virus
1993 2597 2067 2624 Idem
2082 2599 2146 2628 Fast.
2167 2612 2180 2636 ‚-

1146 2639 1203 2662 403·
1247 2629 1347 2654 Vultur
1361 2628 1399 2653 Id¹
1413 2627 1499 2653 'sm-st,
1517 2635 1536 2659 Ι,
1550 2629 1576 2659 6,
1591 2635 1623 2653 11.
1667 2628 1762 2661 Superi.
1782 2626 1947 2655 Edacissimus
1959 2631 2101 2668 Sen.Epist.
2110 2639 2152 2670 69.
2180 2623 2189 2635 ⁵

1185 2672 1221 2691 Es
1231 2671 1251 2690 T
1261 2669 1308 2690 OR
1322 2682 1329 2693 ‚
1351 2663 1413 2689 otis.
1441 2671 1476 2688 m.
1512 2662 1576 2688 vnde
1609 2668 1646 2688 Es
1658 2667 1680 2688 T
1693 2669 1756 2689 Rlx
1766 2682 1775 2695 ,
1793 2663 1849 2689 icis.
1873 2663 1893 2689 f.
1929 2663 2059 2703 [ἒδὲςρικ]
2093 2674 2189 2701 Mulie,-

1093 2708 1129 2736 70
1145 2701 1217 2726 inulti
1229 2699 1287 2725 cibi.
1323 2698 1404 2724 Plaut.
1420 2698 1476 2724 Cas.
1493 2707 1516 2730 4,
1531 2706 1550 2728 ι,
1566 2705 1600 2724 20
1618 2698 1674 2731 Ego
1695 2698 1762 2724 noui
1779 2697 1869 2725 ambas
1889 2699 1949 2728 illas
1962 2702 2081 2737 estrices,
2101 2709 2190 2737 corbi.

1144 2741 1198 2762 tam
1211 2733 1264 2761 cibi
1277 2734 1387 2759 comesse
1407 2734 1515 2767 possunt.

1182 2777 1198 2796 Ε
1207 2776 1278 2796 DAC
1288 2766 1298 2795 '1'
1309 2775 1330 2794 T
1339 2775 1360 2794 A
1369 2775 1382 2793 s
1391 2787 1400 2800 ,
1426 2768 1482 2794 atis.
1506 2767 1525 2793 f.
1553 2767 1574 2806 -[
1586 2764 1726 2801 οἷδδήφοιγίοι
1738 2769 1751 2803 ]
1793 2769 1935 2798 Voracltas.
1973 2774 2029 2800 Cic.
2048 2777 2085 2810 Q
2104 2779 2189 2807 Fratr,

1145 2814 1168 2838 3,
1184 2813 1200 2837 9
1212 2811 1276 2831 extr.
1303 2803 1465 2829 Edacitatcm
1484 2810 1560 2837 pueri
1581 2803 1754 2836 pertimesco,
1772 2813 1800 2829 ne
1817 2809 1919 2832 nimium
1939 2808 2029 2837 edendo
2049 2815 2188 2843 valetudini

1143 2846 1237 2866 noceat.
1292 2837 1365 2864 Idem
1379 2838 1451 2865 Fam.
1466 2846 1493 2872 7,
1508 2840 1539 2864 26
1565 2838 1691 2865 Morbum
1704 2839 1840 2866 edacitatis
1852 2847 1951 2875 putant.

1179 2881 1196 2901 E
1205 2880 1223 2900 D
1233 2874 1255 2900 Ᾰ
1263 2880 1279 2900 C
1289 2870 1310 2899 ἤ
1319 2880 1335 2898 L
1345 2880 1366 2899 V
1375 2880 1387 2899 S
1396 2894 1404 2906 ,
1424 2874 1443 2900 i.
1465 2883 1501 2899 m.
1536 2875 1694 2900 Diminutum
1709 2885 1738 2901 ex
1754 2875 1831 2901 Edax.
1854 2877 1960 2905 cathol.

1179 2916 1223 2937 En
1233 2917 1242 2936 1
1252 2907 1314 2935 BfL
1324 2915 1373 2941 IS,
1391 2918 1414 2936 e.
1442 2909 1503 2936 Adi.
1540 2908 1690 2944 chulentus.
1728 2910 1807 2937 Gloss.
1829 2912 1884 2938 Lat.
1901 2914 1946 2940 Gr.
1963 2915 2091 2951 βρώσιμον,

1177 2951 1245 2972 Esv
1258 2950 1327 2971 ΜΟ
1340 2964 1348 2977 ,
1369 2945 1425 2977 sui,
1452 2947 1500 2971 ire.
1537 2944 1658 2980 [πῆνοίω]
1694 2947 1769 2981 Cupio
1790 2946 1866 2973 cdere.
1903 2949 1985 2977 Plaut.
2005 2953 2111 2981 Curcul.
2127 2964 2139 2988 3
2164 2966 2186 2984 11

1143 2980 1199 3014 Qi
1214 2980 1296 3007 homo
1309 2986 1411 3006 mature
1423 2980 1551 3015 quaesiuit
1565 2982 1713 3014 pecuniam,
1734 2980 1780 3008 nisi
1795 2991 1852 3008 eam
1865 2990 1966 3012 mature
1980 2989 2067 3021 parsit,
2082 2977 2184 3019 mature

1142 3016 1232 3043 esurit.
1269 3016 1343 3051 Conf-
1359 3015 1398 3042 Id.
1412 3015 1492 3042 Stich.
1509 3024 1528 3048 1,
1542 3024 1564 3048 3,
1578 3018 1617 3048 65.
1653 3017 1770 3044 Martial.
1785 3025 1811 3052 7,
1826 3021 1859 3045 26
1878 3020 1965 3047 Vilius
1981 3024 2077 3052 esurio.
2124 3028 2185 3055 Esu-

694 3053 767 3079 Inter
780 3052 865 3079 lusum
879 3053 954 3079 locos
965 3062 997 3080 ex
1010 3054 1074 3079 Ροὲ-
1093 3051 1126 3076 80
1141 3051 1221 3084 ribo,
1239 3060 1288 3086 pro
1305 3051 1433 3078 Esuriam.
1470 3052 1631 3085 Pomponius
1652 3053 1774 3087 Augure,
1797 3054 1856 3081 Imo
1888 3064 1965 3083 mane
1990 3067 2042 3085 non
2072 3062 2184 3089 esuribis

1139 3087 1251 3119 diutius,
1266 3095 1347 3122 quare
1361 3095 1435 3121 roga.
1472 3087 1592 3113 Naeuius
1601 3088 1696 3114 Mortis
1711 3095 1736 3115 et
1750 3089 1819 3115 vitae
1833 3089 1950 3122 iudicio,
1970 3094 2008 3119 Ita
2023 3096 2100 3122 vobis
2114 3098 2182 3124 otio-

1140 3124 1181 3149 sus
1193 3124 1264 3149 sum:
1281 3121 1351 3149 mihi
1370 3122 1477 3157 algebo,
1491 3128 1516 3148 et
1532 3122 1601 3149 mihi
1620 3123 1736 3150 esuribo.
1765 3126 1842 3158 Apud
1855 3125 1976 3154 Nonium
1990 3137 2016 3164 7,
2028 3139 2070 3162 90-

1141 3160 1212 3186 Fam.
1226 3163 1249 3190 8,
1265 3164 1294 3192 17
1315 3157 1417 3184 Vestras
1431 3158 1519 3192 copias
1532 3167 1586 3185 non
1600 3160 1680 3186 noui:
1700 3159 1783 3187 nostri
1797 3160 1874 3187 valde
1889 3162 2050 3198 depugnare,
2064 3172 2089 3192 et
2102 3167 2182 3195 facile

2123 3133 2180 3159 Cic.

1119 3222 1121 3224 ,
1136 3194 1223 3229 algere
1236 3200 1262 3220 et
1275 3193 1375 3220 esurire
1395 3195 1563 3220 consuerunt.

76 3232 93 3251 E
102 3231 121 3251 D
130 3234 140 3252 1
148 3234 161 3253 S
169 3234 181 3254 S
190 3225 206 3254 1}
214 3234 233 3254 R
241 3235 259 3255 0
268 3247 276 3258 ,
301 3228 328 3255 Ui
336 3248 344 3260 ‚
366 3235 451 3256 ertum
459 3249 468 3261 ,
493 3231 547 3256 Ere.
588 3229 600 3263 [
610 3226 710 3261 ὣεξίημι
718 3250 726 3262 ,
751 3227 917 3264 ἔκδιηγέομαι,
941 3230 1069 3265 ἕπεξίημι]
1086 3230 1117 3259 85

41 3260 140 3295 Ordine,
148 3263 231 3296 eloqui,
243 3264 385 3298 explanare,
398 3265 532 3291 declarare.
568 3265 624 3291 Cic.
632 3264 665 3293 de
673 3265 740 3293 Clar.
749 3267 823 3293 Orat.
838 3269 880 3299 316
901 3268 969 3300 Qiis
983 3267 1012 3292 in
1025 3266 1072 3292 do-

39 3295 141 3334 cendo,
156 3295 362 3333 edisserendoque
374 3300 516 3326 subtilior?
567 3300 648 3327 Plaut.
663 3302 737 3336 Capt.
752 3309 774 3334 ς,
790 3311 815 3335 2,
831 3311 860 3335 ¹4
886 3303 941 3328 Iam
954 3301 1077 3328 animati--

39 3337 130 3358 vorce:
150 3330 295 3372 haec—mihi
313 3344 378 3369 quae
397 3335 499 3368 dicam,
512 3335 628 3362 edissere.
663 3338 806 3370 Pacuuius,
824 3338 938 3364 Edissere
950 3337 1069 3364 fabulam

39 3366 114 3394 hanc.
169 3366 223 3393 Cic.
237 3367 268 3394 de
278 3369 340 3404 Leg.
352 3379 378 3403 2,
392 3378 418 3404 ςς
441 3371 537 3405 Neque
549 3372 645 3398 necesse
660 3373 694 3398 est
708 3373 811 3400 edifferi
825 3383 839 3400 a
852 3373 938 3400 nobis.
993 3373 1070 3407 Virg.

38 3446 83 3479 34,
119 3457 126 3463 .
161 3456 166 3462 .
206 3437 292 3479 Nescio
305 3447 372 3473 quam
377 3441 505 3476 fideliter.-
523 3450 587 3469 certe
599 3452 621 3469 c.
635 3452 644 3470 1
658 3451 723 3471 extr.
744 3451 767 3471 et
779 3454 801 3471 c.
815 3452 828 3478 5
836 3452 880 3481 pr.
895 3443 928 3478 2st
942 3444 1070 3472 disseruit.

39 3473 175 3502 Edlssertus
189 3473 284 3498 Parezc.
309 3475 363 3501 Vid.
380 3486 434 3503 mox
447 3484 698 3506 EDISSERTATVS.

75 3515 118 3549 Ep
127 3515 137 3534 1
146 3515 158 3534 s
169 3515 180 3535 s
188 3514 204 3534 E
214 3515 232 3533 n
241 3514 262 3534 T
273 3513 292 3533 ο
303 3528 311 3540 ,
326 3513 378 3548 are.
412 3513 551 3547 Frequent.
586 3512 730 3549 [ἐξαυδάω]
767 3516 849 3542 Plaut.
865 3515 958 3550 Amph.
971 3524 997 3548 2,
1012 3524 1030 3547 ι,
1043 3523 1069 3549 ςι

39 3543 139 3584 Ordine
153 3551 232 3570 omne
249 3549 278 3569 vt
298 3544 424 3583 qmdquid
436 3547 522 3575 οᾶιιηι
535 3549 586 3582 cst,
606 3549 670 3577 dum
682 3550 750 3586 apud
764 3550 849 3578 hostes
861 3551 989 3584 sedimus,
1003 3551 1069 3578 edis-

41 3579 154 3606 sertauit.
188 3578 260 3605 Adde
275 3579 334 3605 Liu.
350 3587 385 3610 22,
398 3588 436 3614 54.
470 3584 569 3611 Arnob.
591 3594 606 3612 2
618 3592 662 3621 pr.
841 3586 842 3589 ¹

76 3621 160 3641 13>D1s
169 3622 181 3641 S
190 3621 207 3641 E
216 3622 234 3641 R
243 3621 264 3641 T
274 3621 294 3640 Α
303 3621 324 3654 T
332 3621 352 3640 V
363 3621 374 3641 S
382 3634 390 3646 2
408 3624 435 3646 ὃ,
454 3625 507 3644 um.
531 3621 636 3647 sPartic.
672 3621 772 3649 Arnob.
787 3631 797 3648 1
815 3631 838 3656 p.
855 3630 886 3655 34
906 3622 1067 3649 Mortalibus

40 3647 184 3677 edissertata
202 3649 374 3676 sermonibus·
425 3651 540 3680 Tei-tull.
555 3655 586 3682 de
601 3657 705 3684 Resurr.
719 3658 797 3685 Carn.
817 3667 838 3684 c.
856 3666 883 3690 33
912 3658 1066 3685 Parabolam

13 3711 15 3718 ,
41 3685 219 3712 edissertatam.
240 3686 349 3711 Rhenan.
363 3692 442 3710 tamen
456 3688 514 3723 legit
526 3690 684 3719 Edifl'ertam.

46 3741 51 3746 .
76 3727 120 3748 ευ
130 3727 159 3747 is
169 3728 181 3747 s
191 3728 295 3747 ERTA
305 3727 343 3747 ‘ri
356 3726 374 3762 o
384 3739 391 3750 ‚
412 3721 478 3748 anis.
499 3723 518 3750 f.
553 3725 617 3753 Plin.
632 3737 668 3758 ιο,
683 3730 714 3758 63
738 3731 779 3755 vti
794 3729 881 3763 plures
900 3728 975 3756 MSS.
989 3727 1064 3754 Codd.

13 3790 16 3801 '
28 3753 142 3788 habene,
160 3763 259 3782 notante
272 3755 403 3782 Hardmm
415 3757 467 3782 Ioco
477 3757 508 3783 τΞ
521 3759 677 3789 Dissertatio.

14 3806 15 3830 ἒ
77 3797 94 3830 1}
102 3797 137 3817 DI
145 3798 158 3818 s
167 3799 179 3818 s
187 3798 203 3818 Ε
212 3799 231 3818 R
240 3798 261 3817 T
271 3793 294 3834 ‚A-
302 3798 323 3818 T
332 3798 351 3819 ο
360 3798 378 3818 R
389 3811 396 3824 ,
420 3791 484 3818 oriS.
516 3801 551 3821 m.
586 3797 680 3825 Auson.
702 3797 769 3825 Lud.
790 3799 846 3833 Sap.
866 3798 933 3833 prol.
954 3799 1001 3826 alii
1018 3800 1065 3836 leg.

14 3836 16 3855 ι,
44 3823 202 3853 desserator.
242 3827 299 3854 th.
319 3827 408 3854 Barth.
423 3826 527 3862 AduerJI
541 3835 566 3860 8,
578 3837 613 3860 18·

78 3866 121 3887 En
131 3867 227 3893 1T10,
261 3869 444 3900 ED1T1C1YS,
481 3869 605 3891 ΕΒΗ-νε.
646 3868 701 3894 Vid.
737 3876 807 3896 Eoo.

15 3932 16 3935 Ἰ
38 3936 64 3958 n
77 3901 112 3963 ξε
120 3902 256 3965 υένειιε
267 3904 298 3925 ο.
325 3899 372 3932 [ἐξ
385 3899 507 3933 ἐναντίας]
544 3899 610 3926 Vid..
627 3907 644 3928 Β
666 3904 875 3940 Ρναφῳίιῑοπειη.
911 3905 976 3933 Plin.
995 3908 1022 3939 6,
1037 3915 1065 3938 4.

71 3980 74 3981 ⁷
113 3949 121 3962 ’
158 3950 256 3997 ‘voh
290 3970 326 3997 11.
703 3960 707 3962 ‚

1139 3336 1205 3364 Non
1223 3336 1300 3363 facile
1314 3336 1429 3363 esuriens
1443 3335 1523 3371 posita
1537 3335 1687 3363 retinebere
1699 3338 1794 3364 mensa.

1137 3382 1215 3401 auaro
1222 3372 1314 3405 diuite,
1324 3372 1421 3407 Neque
1435 3372 1508 3399 illinc
1519 3371 1621 3398 Audeat
1633 3373 1749 3399 esuriens
1761 3373 1883 3399 dominus
1896 3375 2050 3408 contingere
2058 3386 2177 3411 granum·

38 3403 104 3430 Aen.
117 3410 142 3433 2,
157 3410 205 3435 149
222 3402 339 3438 Mihique
351 3405 413 3432 haec
426 3406 533 3434 edissere
550 3416 612 3434 vcra
625 3409 740 3443 roganti.
774 3409 903 3436 Laudatur
921 3411 995 3435 etiam
1008 3409 1069 3435 Liu.
1085 3421 1121 3445 90
1137 3408 1209 3435 Adde
1223 3407 1294 3434 eund.
1315 3416 1335 3440 1,
1349 3416 1373 3439 2,
1388 3416 1433 3441 113.
1452 3414 1474 3434 et
1492 3416 1512 3439 1,
1524 3416 1545 3440 3,
1560 3415 1600 3440 93.

1137 3444 1200 3471 teris
1215 3444 1271 3470 Cic.
1286 3444 1362 3470 Verr.
1377 3452 1400 3476 3,
1413 3446 1453 3475 86.

1135 3479 1209 3507 Idem
1222 3479 1304 3506 Tusc.
1318 3486 1339 3512 ς,
1352 3486 1397 3514 97.

1135 3515 1228 3542 Diuin.
1250 3524 1276 3547 1,
1293 3522 1337 3549 77.

1175 3236 1357 3257 ESVRIOR.
1376 3229 1465 3256 Paffiu.
1502 3228 1584 3256 Ouid.
1603 3238 1634 3255 ex
1655 3230 1739 3257 Ponto
1760 3239 1780 3263 1,
1795 3240 1832 3263 10,
1847 3240 1880 3258 10-
1895 3234 1976 3266 Qiod
1994 3244 2080 3268 mare,
2106 3239 2179 3272 quod

1138 3265 1232 3298 tellus,
1247 3273 1365 3299 appone,
1377 3265 1449 3300 quod
1470 3265 1562 3291 educat
1575 3267 1635 3297 aer,
1653 3265 1701 3291 Nil
1715 3265 1754 3292 ibi
1771 3267 1842 3301 quod
1858 3268 1935 3294 nobis
1948 3270 2084 3302 esuriatur,
2099 3275 2160 3301 erit.

1175 3308 1212 3328 Es
1223 3306 1243 3327 v
1254 3307 1273 3327 R
1282 3309 1291 3328 1
1300 3307 1317 3327 Ε
1326 3307 1348 3326 N
1357 3308 1370 3327 s
1379 3320 1388 3333 ,
1405 3301 1481 3327 entis.
1515 3301 1609 3327 Partic.
1645 3301 1765 3335 [πεινῶν]
1801 3303 1882 3329 Ouid.
1895 3303 1927 3330 de
1940 3304 2013 3330 Rem.
2029 3307 2119 3334 Amor.
2133 3312 2178 3342 631

1849 3339 1915 3365 Hor.
1929 3339 2009 3366 Serm.
2024 3349 2049 3373 2,
2063 3350 2083 3374 3,
2093 3351 2130 3376 113
2150 3345 2179 3372 de

1653 3407 1735 3434 Ebrio
1749 3409 1918 3440 Cleomentc,
1933 3410 2108 3440 esurientibus
2122 3424 2178 3442 cac-

1506 3443 1650 3478 Nunquam
1667 3443 1753 3469 sitiens
1767 3443 1885 3473 biberat,
1897 3452 1943 3469 nec
1958 3446 2073 3474 esuriens
2088 3449 2178 3478 ederat

1450 3478 1477 3505 Si
1497 3477 1674 3505 esurientibus
1693 3479 1773 3513 pullis
1792 3487 1833 3504 res
1853 3479 1910 3512 geri
1931 3482 2030 3514 poterit
2056 3484 2130 3512 Idem
2144 3486 2178 3514 de

1171 3558 1187 3577 E
1197 3557 1209 3576 s
1219 3557 1315 3577 vR1T
1325 3556 1440 3582 VRvs,
1460 3558 1484 3582 a,
1501 3558 1556 3576 um.
1582 3549 1650 3576 Part.
1686 3547 1834 3583 [πεινάων]
1869 3538 1937 3576 Ter.
1953 3551 2048 3580 Heaut.
2063 3562 2086 3588 ς,
2102 3552 2176 3590 2‚‘2g

1082 3591 1115 3618 95
1134 3586 1219 3613 Modo
1233 3586 1310 3612 liceat
1321 3586 1428 3616 viuere,
1440 3585 1476 3612 est
1492 3586 1555 3619 spes.
1575 3591 1621 3612 CL.
1640 3585 1723 3618 quae?
1744 3590 1766 3610 S.
1785 3592 1832 3610 nos
1847 3585 1991 3613 esurituros
2006 3590 2075 3616 satis.

1172 3627 1437 3649 ESVRiENTER.
1478 3620 1547 3648 Adu.
1589 3619 1665 3654 Apul.
1684 3627 1712 3645 10
1728 3627 1753 3653 p.
1769 3621 1819 3652 246
1848 3616 1998 3650 Esurienter
2029 3626 2097 3652 escas
2129 3636 2174 3662 ap-

1133 3662 1232 3692 petere.

1170 3699 1188 3719 Ε
1197 3699 1209 3718 s
1219 3699 1240 3718 v
1248 3699 1267 3718 R
1275 3699 1285 3718 1
1293 3699 1314 3718 A
1325 3698 1341 3717 L
1350 3698 1368 3718 E
1376 3699 1390 3719 s
1410 3691 1511 3719 Feriae.
1547 3687 1682 3723 [κανητικῆ
1701 3688 1789 3724 ἑορτὴ]
1825 3690 1920 3726 Qibus
1937 3692 1967 3718 ab
1980 3694 2071 3722 edendo
2088 3695 2175 3724 dentes

1134 3733 1158 3753 et
1170 3729 1323 3754 ventriculus
1330 3727 1472 3763 feriantur.
1509 3726 1589 3752 Plaut.
1603 3725 1677 3758 Capt.
1690 3733 1713 3756 3,
1728 3733 1748 3757 1,
1761 3730 1783 3755 8.

1078 3767 1125 3785 ¹00
1171 3770 1209 3790 ES
1219 3769 1238 3788 V
1248 3769 1266 3789 R
1277 3769 1331 3795 10,
1351 3764 1420 3789 onis.
1445 3772 1479 3788 m.
1516 3761 1528 3793 [
1541 3759 1667 3794 πεινητής]
1703 3761 1754 3795 Qi
1771 3760 1856 3796 esurit.
1890 3761 1973 3789 Plaut.
1989 3764 2055 3791 Pers.
2070 3774 2090 3798 1,
2103 3775 2126 3799 3,
2141 3775 2173 3800 23

1135 3798 1159 3825 Ο
1173 3798 1277 3825 Saturio
1291 3799 1357 3834 (hoc
1369 3797 1402 3831 est
1417 3806 1498 3824 nomen
1511 3795 1639 3829 hominis)
1651 3802 1798 3829 opportune
1812 3796 1942 3824 aduenisti
1960 3799 2038 3827 mihi,
2058 3807 2079 3826 S.
2099 3811 2172 3828 men.

1134 3834 1237 3862 dacium
1251 3833 1345 3868 edepol
1358 3834 1435 3865 dicis,
1454 3839 1532 3865 atque
1546 3830 1615 3857 haud
1630 3837 1656 3857 te
1668 3831 1753 3859 decet:
1772 3840 1833 3859 nam
1847 3833 1936 3860 esurio
1949 3836 2047 3867 venio,
2060 3845 2113 3863 nou
2126 3837 2171 3864 ad.-

1132 3870 1212 3896 venio
1226 3870 1333 3896 satutio.

1171 3912 1187 3932 E
1197 3912 1209 3931 s
1218 3912 1237 3931 v
1246 3911 1265 3931 R
1274 3906 1287 3931 1·
1296 3912 1317 3931 'r
1326 3911 1345 3931 o
1354 3910 1373 3930 R
1381 3922 1390 3935 ‚
1409 3901 1472 3928 aris.
1489 3909 1526 3928 m.
1550 3900 1713 3939 ’[πανητῆς]
1736 3901 1852 3930 Martial.
1865 3911 1889 3936 3,
1901 3911 1926 3936 ¹4
1945 3904 2057 3932 Romam
2065 3906 2170 3940 pet-ebat

1080 3945 1124 3972 103
1134 3941 1250 3968 esuritor
1283 3940 1395 3967 Tutius.
1412 3938 1436 3965 h.
1449 3946 1468 3964 e.
1490 3938 1542 3973 Qu·
1549 3937 1623 3974 saepe
1636 3937 1721 3973 esunt.

1326 3975 1387 4009 Qq
2026 3980 2169 4009 immune,
