2479 4225
80 203 182 241 ,113
463 183 479 222 1
573 183 617 222 N
702 180 742 222 G
1551 182 1568 224 1
1654 183 1698 224 N
1786 187 1824 227 G
2134 208 2208 248 ...4

151 277 362 305 1Nva1Es‚
377 271 412 298 ei.
442 271 462 299 f.
498 271 686 312 [λαιμαργία]
733 270 836 310 Ventris
847 269 990 307 rapacitas,
1009 269 1107 306 voraci·
1171 267 1259 310 coepit
1280 269 1355 296 annis
1374 268 1573 304 ingrauantibus
1605 270 1715 299 Phacdr.
1740 275 1776 306 6,
1800 283 1842 308 11,
1865 285 1889 310 3.
1933 281 1953 306 ἰ.
1983 280 2123 315 Molcstiam
2145 283 2209 318 affc-

114 319 166 340 ης,
218 314 242 345 ζ.
256 309 320 334 Eun.
335 315 358 340 5,
372 315 399 340 4,
412 315 436 340 15
461 308 563 334 Harum
575 307 666 333 videre
678 305 840 340 ingluuiem,
859 302 962 334 sordes,
980 311 1106 336 mopiam.
1172 305 1292 331 remmus,

115 349 185 376 Hor,
199 349 238 375 sn.
252 352 271 376 1,
285 352 310 373 2,
323 348 336 372 8
362 344 439 369 Hunc
453 343 471 369 si
486 342 661 377 perconteris,
677 342 723 367 aui
735 350 796 372 cur,
814 337 1018 378 atque—parentis
1035 339 1109 365 Prae·
1208 346 1216 364 1
1229 346 1249 365 Ν
1259 345 1278 379 G
1289 346 1423 372 RAVIS,
1441 349 1464 366 e.
1499 341 1559 368 Adi.
1620 341 1697 369 Valde
1712 345 1800 379 grauis
1815 345 1882 378 apud
1900 346 1958 382 le,
1977 350 1994 376 Ι,
2008 359 2019 383 3
2034 361 2071 385 pr,
2089 353 2117 380 η’,
2132 355 2162 380 Ι),
2175 355 2208 382 de

115 384 284 413 claramgrata
298 378 405 413 stringat
418 378 501 405 malus
515 378 634 411 inglnnie
655 386 720 409 rem.
811 376 917 402 Ventris
950 372 1061 399 Saluian.
1077 374 1108 399 de
1169 375 1194 401 S.
1208 376 1238 401 C.
1252 374 1332 401 Silan.
1358 376 1408 411 legi
1422 377 1476 402 vult
1497 377 1599 411 [hythr.
1614 378 1670 404 Ind.
1688 379 1760 414 Virg.
1775 382 1802 404 in
1816 381 1957 416 litfrat‘ltes.
2018 387 2066 414 Sed
2081 388 2147 415 ret‘h
2160 391 2207 418 Go-

72 417 77 419 “
114 419 212 446 Guber,
231 423 255 449 p.
268 416 308 446 36.
498 411 519 447 q
547 421 565 439 2.
604 414 653 440 Pro
669 411 853 448 Gurguliones.
866 410 1033 445 gulapotius‚
1051 418 1109 444 quae·
1128 412 1143 439 5
1170 410 1252 446 thofr.
1309 411 1335 437 Si
1347 413 1406 445 quis
1427 412 1455 437 in
1470 414 1543 445 graui
1556 412 1707 440 valetudine
1720 413 1835 441 att'cc'ftus.

106 457 194 491 Prima
204 448 466 490 proprjafignjficatio
476 449 590 479 videtur,
603 449 632 474 ab
642 447 804 479 inglutiendo.
828 463 830 465 ·
857 444 1004 478 Apul-Met.
1015 453 1023 469 1
1033 453 1110 478 p.109
1209 454 1218 472 1
1228 453 1249 471 N
1261 451 1281 471 G
1293 453 1312 472 R
1322 453 1399 473 AVA
1408 454 1429 473 Τ
1438 454 1457 472 v
1468 454 1480 472 s
1490 467 1497 479 ‚
1517 457 1530 473 a
1539 467 1546 479 ,
1566 457 1619 474 um.
1656 449 1715 475 Adi.
1752 450 1880 485 spartian.
1893 450 1922 477 in
1933 452 1991 479 Seu.
2005 463 2026 480 e.
2035 464 2062 483 21
2087 458 2209 494 ingrana-

113 490 202 516 Restis.
216 484 509 520 ing111111c111adstri&a,
525 484 631 518 spiritns
643 478 730 510 officia
742 479 906 508 discluderet.
958 481 1025 505 Hinc
1036 483 1110 506 etiam
1171 486 1213 507 tus
1228 481 1334 508 morbo.
1380 482 1456 516 Vulg.
1471 484 1520 508 Int.
1535 484 1614 510 lixod.
1627 492 1654 518 7,
1670 494 1709 517 14·

109 531 157 561 ΡΗ,
175 526 198 553 g,
213 524 339 557 gutturis,
358 523 385 546 in
401 529 470 556 quem
490 529 547 546 aues
562 525 669 546 recentes
689 519 756 545 cibos
776 516 934 554 demittunt,-
952 521 975 540 et
995 515 1109 543 condunt.
1208 524 1246 543 1N
1257 523 1275 541 (i
1287 524 1334 543 RA
1345 523 1464 544 VA'rl'.
1501 517 1568 545 Adu.
1605 522 1663 546 Non
1675 525 1787 556 grauate.
1829 521 1960 549 Ammian.
1974 530 2012 557 17,
2024 532 2052 551 21
2079 528 2210 557 Obsecun.

110 555 206 588 (johnl.
219 561 248 589 8,
263 564 277 590 5
305 556 334 582 de
346 556 464 592 gallinis,
489 556 560 582 Nam
578 554 596 580 fi
618 563 697 580 vacua
710 561 763 579 non
782 551 818 578 est
832 551 963 585 ingluuies
973 570 980 582 ,
998 551 1110 577 erudita·
1174 551 1269 578 dabant
1284 553 1402 587 imperiis
1415 553 1557 587 ingrauare.
1593 555 1666 581 Idem
1682 561 1716 587 18,
1730 564 1746 582 z
1759 563 1823 583 extr.

109 601 163 623 tem
177 591 277 623 nificat:
294 590 473 626 abstin'erique
485 591 596 621 debent,
609 588 671 615 dnm
684 591 855 622 concoquant.
927 586 1001 625 Virg.
1010 587 1107 621 Georg.
1128 595 1157 613 ιο
1209 595 1249 627 ιΝ
1259 594 1278 613 G
1289 595 1307 614 R
1316 595 1337 614 Α
1348 595 1369 613 ν
1379 596 1400 616 A
1409 595 1431 615 T
1440 596 1449 615 1
1458 596 1492 620 O,
1512 589 1580 616 onis.
1603 591 1622 616 s.
1664 591 1774 618 Thcod.
1787 591 1879 627 Cod.7
1891 597 1909 620 t.
1919 601 1943 625 13
1971 594 2112 629 Perpetuae
2126 597 2210 633 ingr-2-

106 641 123 665 5
132 651 140 663 ‚
153 639 179 666 45
196 627 297 662 Anguis
310 627 426 654 Piscibus
446 632 529 653 atram
550 625 699 660 ingluuiem
710 624 832 658 ranisque
845 621 998 656 loquacibus
1012 622 1107 656 explet.
1169 623 1273 649 vationi
1285 623 1381 650 addici.

107 668 336 698 Seruzterpretotur
348 662 454 689 Ventris
471 662 647 697 capacitatem.
755 693 760 698 ¹
780 693 786 698 Π
834 654 855 694 fl
876 665 888 689 3
904 658 974 696 “Pro
989 658 1064 692 Copia
1083 665 1107 684 et
1202 666 1217 698 ἰ
1229 666 1248 685 Ν
1258 665 1277 684 (i
1289 666 1367 685 RAv
1380 666 1417 699 ias
1427 665 1444 685 c
1454 665 1473 685 ο
1488 679 1496 699 Ι,
1517 660 1571 686 ὅτε.
1626 661 1639 695 [
1650 661 1742 696 βαρύνω
1756 663 1769 696 ]
1823 663 1943 695 Grauem,
1962 665 2003 691 vel
2015 664 2135 698 molestum
2141 667 2211 703 fieri,

106 701 200 736 affluffl
215 697 321 734 P⁰s¹⁴²ffi
337 698 439 724 videtur
457 697 564 724 Pil-mic,
578 705 612 729 4,
629 700 654 725 18
687 693 800 720 Publicis
811 691 953 732 custodiis,¹
969 693 1010 733 v-cl
1024 702 1108 733 carce-
1170 693 1236 721 le.
1251 703 1276 726 3ι
1288 715 1296 727 ,
1309 702 1327 729 7
1357 696 1409 721 Vix
1423 694 1547 722 credibili
1560 696 1674 730 pondere
1689 697 1857 731 ingrauescat.
1944 700 2102 734 ingrauescit
2115 703 2144 728 in
2156 704 2212 730 dics

106 738 166 765 sibu
183 739 227 760 aut
239 739 387 760 catenarum
400 733 512 759 nexibus
526 731 604 758 faciet
618 729 764 764 obligatos,
786 730 824 756 ita
842 734 871 755 vt
883 736 927 754 eos
947 730 1046 754 intensa
1058 738 1109 755 cri·
1171 730 1268 756 malum
1294 730 1350 756 Cic.
1365 730 1397 756 ad
1409 730 1480 756 Brut.
1496 738 1531 757 ιο.
1603 732 1737 758 Contraria
1749 743 1756 757 .·
1792 732 1831 759 Id.
1844 732 1876 759 de
1890 733 1989 762 Sene&
2003 738 2034 768 36
2059 737 2088 763 Et
2100 747 2213 773 corpora

106 774 175 801 minu
188 768 309 803 deturpet
321 770 423 803 semper
436 768 575 803 ingluuies.
647 766 694 793 Sed
705 765 778 801 forte
796 762 890 797 vetusto
908 772 972 789 more
985 764 1108 799 scriptum
1129 769 1154 794 Ις
1171 765 1280 798 quidem
1304 766 1523 792 exercitationum
1543 766 1731 800 defatigatione
1750 767 1947 803 ingrauescunt:
1979 772 2062 798 animi
2081 780 2167 800 autem
2186 777 2213 801 se

104 804 271 837 empluuies,
296 804 361 840 quod
375 814 441 831 nunc
452 803 586 840 scribimus
599 801 722 828 Illuuies:
755 807 825 837 atque
839 807 887 836 per
900 801 1067 835 ignorantiam
1081 809 1109 826 ex
1171 800 1318 827 exercendo
1332 801 1462 827 leuantur.
1553 803 1779 836 lngrauesccntcm
1799 804 1923 830 morbum
1943 807 2096 839 praeuidere
2127 810 2165 836 Id.
2179 810 2213 837 de

103 837 301 876 Inlffiesfaffum
313 839 459 874 Ingluuies,
1003 870 1009 875 .
1173 836 1265 862 Diuin.
1280 845 1311 867 2,
1331 844 1364 868 15.
1440 837 1496 864 Cic.
1517 838 1570 864 Att.
1593 846 1636 870 ιο,
1656 847 1685 871 14
1718 839 1791 866 Alter
1803 839 1876 867 ardet
1890 840 1981 866 furore
1994 847 2019 868 et
2033 844 2144 878 scelere,
2164 855 2213 872 nee

141 883 155 902 ιτ
164 881 184 901 G
194 882 209 900 L
219 881 268 901 vv
278 882 285 901 1
296 883 315 902 ο
324 882 336 902 S
347 882 388 907 Vr.
397 894 403 905 ,
423 883 452 907 a,
477 883 533 900 um.
588 872 648 899 Adi.
700 870 777 907 Apud
789 869 854 898 Fest.
866 872 893 896 in
907 870 1048 905 Ingluuies.
1085 876 1109 897 et
1171 871 1285 898 remittit
1299 871 1400 905 aliquid
1409 891 1415 902 ,
1435 872 1478 898 sed
1492 873 1520 898 in
1533 873 1588 899 dies
1602 874 1766 908 ingrauescit.
1858 876 2016 910 Ingrauescit
2029 887 2146 913 annona,
2166 882 2212 908 Ca.

102 915 163 943 1fipr.
179 919 208 936 10
221 910 279 937 lit.I
304 910 471 944 Ingluuiosus
485 918 500 937 a
515 908 583 936 Gula
596 915 621 935 et
632 908 776 935 voracitate
787 905 882 932 dietus.
1170 910 1224 933 rior
1231 907 1277 943 fit.
1350 907 1450 948 Id..pr0
1465 908 1553 948 Domo
1567 917 1588 934 11
1605 918 1626 935 e.
1635 916 1648 942 5
1676 910 1747 936 Nam
1760 918 1841 945 quum
1854 909 2045 945 ingrauesceret
2059 923 2170 949 annona,
2183 923 2213 944 vt

129 952 149 976 sq
159 951 180 972 G
190 952 239 972 ΕΑ
248 953 322 974 NnE
331 953 343 972 s
354 950 371 971 c
381 952 416 976 ο,
434 947 487 972 ἕπε.
524 941 683 978 [ἐπιδίδωμι]
726 940 920 976 Grandemfieri.
974 941 1107 968 Columel.
1117 945 1151 963 20
1170 942 1223 982 iam
1237 942 1313 977 plane
1321 942 1415 982 *inopia
1427 952 1455 969 ac
1470 946 1549 970 tames
1563 944 1709 971 timeretur.
1781 946 1866 980 Atque
1880 947 1942 973 alias
1956 948 2003 974 alii
2016 951 2146 984 complent
2160 962 2214 980 ma.

101 987 139 1014 153
172 981 207 1007 At
220 981 290 1008 circa
302 980 428 1007 Calendas
441 980 568 1013 Martias,
590 979 654 1006 locis
667 978 777 1013 apricis,
796 977 857 1003 licet
871 985 978 1010 porrum
1005 977 1041 1008 (fi
1053 977 1107 1003 iam
1170 987 1209 1012 gis
1218 997 1225 1008 ‚
1245 987 1277 1003 ex
1291 978 1405 1013 aliisque
1420 979 1567 1014 Suscipiunt
1578 980 1647 1006 aliae
1660 979 1762 1014 pondus
1775 981 1856 1014 magis
1865 1001 1874 1013 ,
1892 982 1972 1017 inque
1986 987 2137 1016 granescunt
2161 988 2213 1014 Lu-

98 1016 239 1048 3randuit)
261 1016 412 1044 transferre.
484 1015 557 1043 Idem
568 1024 595 1048 2,
609 1023 638 1041 10
670 1015 752 1047 Qrae,
765 1018 794 1039 vt
805 1012 926 1038 celeriter
940 1012 1061 1046 prodeat,
1080 1019 1107 1040 et
1171 1019 1233 1039 eret.
1250 1022 1283 1046 4,
1301 1022 1372 1048 1247.
1408 1017 1427 1040 i.
1448 1014 1568 1051 grauidae
1578 1014 1658 1050 fiunt.
1717 1017 1845 1042 Nimirum
1858 1020 1932 1043 etiam
1946 1020 2034 1053 grauis
2053 1020 2146 1049 dicitur
2161 1029 2213 1059 pro

98 1051 265 1084 grandescat,
282 1057 342 1078 ante
361 1060 439 1086 quam
453 1052 568 1084 seratur,
586 1050 650 1077 timo
664 1049 739 1076 arido
752 1048 902 1084 permisceri
915 1048 999 1075 dcbct.
1168 1049 1288 1083 grauida.
1506 1071 1510 1076 .

105 1093 114 1111 1
127 1091 148 1111 N
160 1092 181 1112 G
191 1093 210 1112 R
217 1093 239 1113 A
248 1092 269 1111 N
278 1093 297 1112 ο
306 1106 314 1119 ,
337 1090 390 1113 ire.
460 1089 570 1115 Aceruos
597 1094 732 1122 granorum
755 1084 845 1120 facere
852 1103 861 1116 ‚
885 1083 1004 1120 seruandi
1025 1083 1106 1120 causa.
1208 1091 1216 1110 1
1228 1091 1250 1110 N
1261 1089 1281 1110 G
1291 1090 1311 1110 R
1320 1089 1342 1109 A
1351 1089 1373 1109 V
1382 1091 1398 1110 Ε
1407 1091 1419 1111 S
1427 1091 1443 1111 C
1451 1092 1468 1112 E
1477 1091 1499 1110 N
1508 1092 1521 1112 s
1529 1104 1537 1116 ,
1551 1084 1628 1111 entis.
1676 1084 1773 1123 Panic.
1828 1085 1841 1118 [
1848 1086 1972 1122 βαρύνων]
2028 1089 2212 1124 Ingrauescene
2223 1099 2226 1105 ¹

86 1122 172 1155 'ragm.
186 1121 264 1148 Gloff.
285 1121 387 1156 Anglie.
1126 1118 1156 1145 25
1170 1125 1239 1146 aetas
1248 1139 1256 1152 ,
1279 1122 1296 1145 i.
1313 1118 1436 1147 Seneftus.
1491 1121 1547 1148 Cic.
1559 1120 1591 1147 de
1604 1119 1711 1147 Amicit.
1725 1129 1747 1147 c.
1756 1129 1784 1146 10
1817 1121 1919 1148 Mutari
1932 1124 2011 1148 etiam
2025 1134 2110 1151 mores
2125 1126 2213 1155 homi-

104 1162 113 1180 ι
125 1157 293 1183 ΝῦΚᾹΤν
305 1164 333 1190 s,
353 1166 386 1190 a,
406 1166 462 1183 um.
496 1155 624 1192 [ἄχαρις]
665 1154 726 1182 Adi.
781 1152 1107 1190 chffiuaefignificationis,
1170 1165 1234 1182 num
1251 1156 1323 1189 saepe
1338 1155 1456 1182 dicebat:
1492 1157 1555 1183 alias
1578 1155 1690 1183 aduersis
1705 1156 1798 1188 rebus,
1824 1157 1888 1183 alias
1906 1163 1990 1184 aetate
2008 1159 2212 1193 ingrauescente,

65 1190 140 1225 Qod
148 1200 197 1217 non
210 1191 244 1225 esi
256 1199 356 1228 gratum
373 1199 397 1220 et
410 1198 548 1227 acceptum:
582 1198 632 1226 pro
655 1199 701 1225 quo
723 1189 789 1216 nihil
810 1190 892 1216 debere
917 1200 960 1216 nos
980 1196 1105 1226 putamus.
1168 1190 1207 1217 Id.
1223 1191 1301 1225 Epist.
1318 1199 1345 1222 2,
1358 1199 1367 1216 1
1387 1198 1450 1217 extr.
1475 1192 1507 1218 ad
1522 1192 1685 1224 Curionem,
1704 1193 1793 1225 Qlarc
1805 1190 1855 1218 hoc
1868 1192 1959 1219 animo
1974 1194 2001 1220 in
2015 1203 2063 1221 nos
2076 1197 2123 1222 ell'e
2136 1198 2213 1225 debe-

65 1225 201 1260 Donatus,
234 1227 337 1261 Ingrata
349 1248 358 1260 ,
382 1236 449 1263 quae
473 1226 506 1253 ab
526 1225 643 1253 inimicis
655 1225 740 1258 fiunt,
757 1234 787 1252 ac
800 1226 986 1252 recusantibus.
1056 1225 1106 1252 Sed
1159 1226 1226 1258 bis,
1252 1232 1280 1253 vt
1299 1232 1367 1252 aetas
1380 1226 1467 1253 nostra
1480 1228 1533 1254 iam
1545 1227 1725 1262 ingrauescens
1739 1228 1767 1253 in
1782 1235 1872 1254 amore
1891 1234 1970 1264 atque
1989 1229 2019 1256 in
2036 1230 2213 1261 adolescentia

26 1281 31 1294 Ἰ.
65 1261 131 1294 quid
144 1270 194 1296 ego
207 1261 270 1289 haee
282 1269 370 1289 autem
386 1261 564 1297 nequidquam
582 1262 683 1295 ingrata
701 1261 813 1288 reuoluo
843 1262 917 1297 Virg.
933 1263 996 1288 Aen.
1011 1270 1039 1293 2,
1054 1270 1104 1287 101.
1170 1264 1251 1294 (tua)
1271 1262 1447 1296 conquiescat.

22 1300 23 1305 ¹
64 1295 131 1322 Plin.
146 1305 188 1330 15,
209 1305 237 1331 25
273 1299 362 1327 Minus
376 1297 588 1333 quinquennium
600 1297 652 1329 est',
675 1296 748 1331 quod
766 1295 906 1331 prodiere,
926 1306 992 1331 qnae
1010 1303 1105 1323 vocant
1123 1301 1156 1326 30
1205 1304 1216 1323 1
1233 1304 1254 1323 N
1273 1303 1293 1323 G
1308 1304 1327 1324 R
1341 1304 1364 1324 A
1376 1303 1399 1323 V
1415 1299 1458 1324 '1'D
1473 1303 1492 1324 Ο
1505 1318 1515 1330 ,
1540 1301 1593 1325 ire.
1652 1297 1720 1326 Idem
1738 1297 1805 1333 quod
1818 1297 1968 1326 Grauidare.
2020 1301 2132 1328 Paullin.
2151 1303 2214 1331 Nat.

21 1363 23 1365 Ι
65 1330 171 1366 laurea,
191 1342 245 1359 non
260 1334 377 1368 ingratae
390 1333 583 1359 amaritudinis.
654 1333 711 1359 Ioci
725 1341 779 1358 non
792 1332 889 1366 ingrati
914 1333 993 1359 Ouid.
1011 1332 1105 1364 Fast.3,
1169 1333 1251 1360 Felic.
1265 1341 1291 1365 9,
1327 1352 1334 1359 .

64 1372 121 1402 738.
192 1368 282 1396 Labor
306 1370 366 1396 Sall.
375 1368 454 1395 Catil.
469 1377 490 1394 c.
498 1375 539 1402 37.
609 1368 683 1395 Onus
709 1367 805 1396 Catuli.
819 1370 862 1399 66,
875 1377 929 1402 ¹42·
1001 1369 1106 1400 Oratio,
1207 1375 1215 1394 1
1226 1374 1246 1392 N
1257 1374 1277 1394 G
1287 1374 1336 1394 RA
1345 1374 1410 1394 V1D
1419 1369 1441 1394 Ᾰ
1451 1375 1472 1394 Τ
1481 1374 1500 1393 V
1510 1375 1522 1395 S
1531 1388 1540 1400 ,
1562 1377 1592 1399 a,
1612 1377 1666 1395 um.
1690 1367 1749 1395 Adi.
1786 1368 1922 1403 Augustin.
1936 1370 2048 1397 Confess.
2062 1379 2087 1406 7,
2100 1380 2113 1405 ς
2129 1373 2212 1401 Talia

63 1406 107 1429 cui
118 1407 250 1439 opponitur
263 1404 378 1431 Iucunda
403 1403 535 1437 Qineiil.
549 1408 573 1436 8,
587 1411 608 1435 3.
644 1404 719 1430 Curt.
733 1412 767 1437 4,
782 1412 819 1436 11,
832 1412 871 1437 14.
943 1404 1024 1438 Sapor
1055 1404 1106 1429 Co·
1170 1403 1312 1431 voluebam
1323 1403 1433 1445 pe&ore
1447 1412 1508 1430 meo
1523 1404 1620 1431 misero
1633 1404 1801 1438 ingrauidato
1815 1405 1885 1430 curis
1899 1405 2106 1434 mordaciffimis.

65 1437 157 1465 lumel.
172 1446 199 1473 7,
212 1444 234 1469 8.
304 1438 432 1474 Superbia
444 1439 546 1474 ingrata
560 1439 657 1465 Veneri
679 1440 747 1465 Hor.
755 1440 842 1465 Carni.
857 1449 877 1472 3,
892 1448 930 1472 10,
943 1448 968 1472 9.
1022 1439 1106 1465 Tem-
1207 1446 1215 1465 1
1227 1446 1247 1465 Ν
1257 1446 1277 1465 G
1288 1447 1307 1466 R
1317 1445 1359 1465 ΕΒ
1368 1447 1377 1465 1
1387 1446 1405 1466 ο
1415 1447 1433 1465 R
1442 1458 1450 1470 ,
1471 1439 1522 1466 edi.
1541 1440 1607 1474 Dep.
1633 1438 1702 1473 [δύω,
1714 1438 1803 1470 florido,
1817 1437 1916 1471 ὁποδύω,
1930 1440 2076 1476 εἰσέρχομαι.
2090 1442 2214 1479 ἔπεια-δύω]

63 1482 130 1508 pora
153 1474 226 1500 Idem
240 1474 319 1509 Epist.
333 1484 354 1508 1,
368 1483 389 1508 1,
408 1483 444 1506 23.
516 1474 597 1501 Virus
623 1475 690 1501 Plin.
706 1483 745 1507 10,
759 1476 801 1501 26.
972 1472 993 1512 fl
1014 1483 1030 1501 2
1065 1475 1106 1501 In·
1124 1477 1153 1503 33
1171 1474 1300 1507 incedere,
1320 1481 1371 1501 tum
1384 1477 1498 1507 intrare,
1514 1481 1538 1501 et
1551 1476 1610 1510 binc
1623 1478 1739 1510 incipere.
1794 1476 1884 1509 Qum
1896 1477 2013 1510 primum
2026 1479 2094 1511 poss'e
2108 1479 2214 1514 ingredi

61 1515 149 1543 gratus
164 1507 261 1542 afflue,
296 1510 309 1543 [
316 1510 452 1545 οἷχοίριςος]
493 1513 538 1545 qui
556 1519 604 1536 non
617 1513 727 1536 meminit
740 1512 835 1545 accepti
852 1509 976 1546 benificii,
1001 1517 1030 1537 vt
1048 1519 1107 1546 gra·
1170 1511 1257 1545 coepit
1292 1510 1377 1536 Plane.
1401 1517 1440 1546 ap.
1466 1512 1522 1537 Cic.
1541 1511 1614 1537 Fam.
1636 1520 1665 1537 10
1676 1531 1685 1543 ‚
1708 1519 1737 1545 17
1761 1510 1799 1546 sc.
1822 1520 1851 1536 ex
1876 1511 2015 1538 ualetudine
2036 1515 2213 1550 conualtscens.

20 1562 25 1572 ι
61 1547 124 1571 tiam
135 1544 231 1572 habiat.
285 1546 354 1572 Ter.
368 1545 450 1571 Andr.
465 1552 484 1576 ι,
498 1553 520 1578 5,
533 1553 565 1578 43
592 1545 701 1572 Adeone
714 1554 757 1572 me
772 1545 898 1580 ignauum
910 1551 995 1581 putas,
1007 1545 1107 1572 adeone
1170 1547 1245 1580 Virg.
1260 1546 1357 1580 Georg.
1372 1554 1400 1578 3,
1418 1553 1449 1579 75
1481 1546 1618 1572 Continuo
1636 1547 1738 1581 pecoris
1751 1545 1868 1580 generosi
1882 1546 1967 1580 pullus
1980 1547 2008 1573 in
2021 1550 2091 1575 aruis
2128 1551 2214 1577 Altius

61 1588 144 1615 porro
157 1581 288 1615 ingratum
297 1601 305 1613 ,
335 1589 380 1607 aut
402 1580 577 1607 inhumanum
586 1600 594 1613 ‚
622 1587 668 1608 aut
689 1581 790 1612 ferum,
818 1588 864 1608 etc.
935 1583 972 1608 De
997 1583 1108 1617 ingratis
1171 1581 1328 1616 ingreditur.
1418 1582 1474 1608 Cic.
1489 1582 1541 1608 Att.
1557 1590 1582 1614 z,
1596 1590 1623 1614 23
1650 1582 1676 1608 Si
1689 1581 1806 1614 dormis,
1827 1582 2006 1616 expergiscere
2017 1594 2022 1608 :
2057 1584 2075 1610 fi
2090 1585 2154 1618 stas,
2175 1586 2216 1612 in.

62 1617 140 1642 multa
153 1617 210 1643 Sen.
223 1617 256 1642 de
269 1616 408 1652 Beneficiis
427 1619 456 1641 in
464 1619 559 1651 primis
573 1625 630 1642 uero
650 1625 677 1649 3,
697 1625 706 1643 ι
724 1617 780 1652 sqq.
870 1617 978 1651 Ingrato
998 1616 1107 1643 homine
1170 1615 1293 1652 gredere:
1330 1616 1348 1643 fi
1363 1616 1509 1651 ingrederis
1519 1637 1527 1649 ,
1545 1626 1635 1645 curre:
1672 1617 1690 1643 si
1705 1618 1807 1650 curris,
1825 1617 1930 1644 aduola.
1999 1619 2065 1645 Plin.
2081 1625 2102 1651 8,
2115 1628 2128 1652 ς
2158 1621 2215 1647 Ele-

61 1656 133 1678 terra
146 1652 214 1678 nihil
229 1652 304 1686 peius
318 1658 390 1679 creat
418 1652 515 1678 Auson.
528 1652 617 1686 Epigr.
633 1661 690 1685 140.
774 1651 880 1679 Dixeris
893 1652 1033 1678 maledi&a
1046 1661 1107 1678 cun·
1122 1659 1160 1684 40
1170 1653 1262 1687 phanti
1276 1653 1404 1687 gregatim
1422 1653 1522 1687 semper
1537 1652 1731 1687 ingrediuntur.
1821 1652 1895 1679 Idem
1911 1661 1949 1684 11,
1968 1661 1991 1684 51
2028 1655 2084 1686 Qu
2104 1655 2216 1682 celerius

61 1687 121 1720 eia,
142 1696 223 1721 quum
239 1688 371 1721 ingratum
385 1687 521 1714 hominem
536 1687 636 1713 dixeris
660 1689 686 1714 P.
701 1688 788 1720 Syrus.
859 1688 917 1714 Sen.
931 1687 963 1713 de
977 1688 1066 1714 Benef.
1082 1696 1108 1719 2,
1170 1688 1222 1715 fari
1235 1697 1362 1722 coepere,
1381 1688 1481 1715 tardius
1495 1688 1598 1722 ingredi
1611 1688 1750 1722 incipiunt.
1838 1688 1939 1721 Campo
1960 1688 2109 1722 ingreditur
2139 1691 2216 1724 Virg.

63 1725 98 1749 26
131 1718 251 1757 Ingratos
270 1723 335 1749 facit
349 1729 395 1750 aut
407 1723 488 1749 nimis
501 1723 541 1749 sui
553 1722 700 1757 suspectus,
725 1730 770 1749 aut
782 1722 911 1755 auiditas,
931 1729 977 1750 aut
995 1722 1107 1749 inuidia.
1170 1725 1235 1750 Aen.
1252 1732 1296 1756 10,
1312 1725 1370 1757 763.
1442 1724 1529 1749 Curru
1545 1722 1650 1756 ingredi
1688 1721 1770 1748 Ouid.
1784 1722 1848 1747 Met.
1863 1730 1902 1753 ι3,
1922 1729 1974 1754 252.
2066 1724 2134 1750 Ter.
2150 1726 2216 1753 Her.

62 1759 133 1784 Haec
146 1758 232 1784 deinde
241 1758 515 1795 prrfiqw‘tnrfingula.
588 1759 643 1785 Cic.
658 1759 690 1785 de
703 1759 811 1785 Amicit.
825 1767 860 1792 42
892 1760 1055 1793 Propterque
1068 1758 1108 1783 in-
1171 1768 1194 1790 3,
1208 1767 1236 1791 4,
1249 1766 1261 1790 5
1289 1759 1390 1788 Nescis
1402 1758 1467 1790 qnid
1481 1757 1544 1783 mali
1557 1757 1735 1790 praeterieris,
1750 1757 1797 1790 qui
1810 1765 1945 1790 nunquam
1959 1766 1985 1783 es
1997 1757 2121 1792 ingreffus
2134 1769 2216 1787 mare.

62 1792 163 1819 vidiam
176 1794 205 1820 in
219 1794 330 1820 exilium
343 1795 431 1822 missus
452 1794 528 1826 esset,
555 1794 673 1828 ingratae
692 1795 790 1828 patriae
809 1793 937 1822 iniuriam
955 1802 1009 1818 non
1029 1793 1108 1823 tulit,
1170 1793 1243 1828 Conf.
1259 1793 1344 1818 Burm.
1359 1791 1393 1817 ad
1404 1791 1513 1824 Qun-fit.
1527 1791 1600 1817 Decl.
1614 1793 1641 1823 6,
1652 1800 1679 1817 21
1693 1800 1716 1825 p.
1727 1799 1782 1824 149.
1844 1792 1982 1819 Decimum
1995 1802 2097 1820 nonum
2110 1797 2216 1822 Annum

61 1836 141 1862 quam
154 1829 226 1855 ferre
241 1829 343 1855 debuit.
434 1830 492 1855 Sen.
504 1829 535 1854 de
548 1830 639 1855 Benef.
654 1837 679 1860 3,
691 1838 705 1860 7
736 1829 801 1854 Non
815 1828 852 1853 est
866 1828 981 1860 gloriosa
994 1836 1040 1852 res
1050 1835 1106 1860 gra·
1121 1834 1155 1860 45
1169 1827 1295 1860 ingressus
1324 1826 1392 1852 ven.
1407 1834 1434 1857 2,
1446 1829 1491 1858 (η,
1512 1834 1530 1852 1.
1602 1827 1719 1863 Aggredi
1738 1833 1761 1852 et
1778 1829 1885 1862 incipere
1900 1837 1908 1852 .·
1943 1828 1999 1855 Cic.
2013 1827 2067 1855 Att.
2082 1839 2113 1861 15,
2129 1839 2151 1857 ιι
2178 1833 2215 1858 Ea

33 1869 35 1871 ’
60 1869 117 1889 tum
131 1864 195 1895 effe,
210 1864 259 1889 nisi
273 1869 359 1889 tutum
372 1863 409 1889 est
422 1864 555 1897 ingratum
569 1863 651 1889 fuisse.
721 1864 754 1888 Et
766 1871 832 1893 mox,
842 1861 925 1894 “Qid
938 1861 968 1887 fit
981 1861 1107 1895 ingratus,
1170 1861 1298 1895 negabam
1312 1866 1436 1895 oportere
1451 1861 1609 1895 praeterita,
1628 1861 1782 1890 ailentiebar
1796 1868 1896 1888 tamen:
1915 1871 2073 1898 quamquam
2088 1866 2215 1900 ingressus

60 1897 133 1924 nulla
145 1898 188 1924 lex
199 1898 334 1924 monstrat.
390 1899 469 1931 Saepe
482 1904 508 1924 et
521 1898 567 1932 qui
580 1896 711 1928 reddidit,
724 1897 797 1932 quod
810 1897 910 1931 accepit
922 1896 1039 1930 ingratus
1054 1896 1106 1927 est;
1172 1897 1250 1923 essem
1263 1895 1367 1926 dicere,
1387 1897 1451 1930 quid
1463 1898 1627 1930 oportuisset.
1697 1897 1806 1922 Causam
1837 1897 1876 1922 Id.
1890 1897 1961 1923 Fam.
1984 1901 2014 1929 6,
2036 1908 2055 1925 1.
2127 1902 2166 1927 ld,
2183 1902 2216 1929 de

59 1939 87 1960 et
100 1934 148 1969 qui
160 1942 216 1960 non
229 1933 362 1965 reddidit,
380 1939 477 1968 gratus.
573 1933 687 1960 Martial.
702 1933 734 1959 de
747 1932 862 1966 spectac.
872 1941 900 1958 ιο
933 1933 1054 1958 Laeserat
1067 1932 1108 1957 in-
1170 1932 1263 1958 Dinin.
1276 1940 1302 1962 2,
1316 1940 1329 1956 2
1356 1932 1395 1957 De
1410 1931 1577 1957 diuinatione
1591 1930 1692 1965 ingreffi
1705 1933 1792 1957 sumus
1805 1931 1845 1958 his
1859 1932 1935 1959 libris
1955 1934 2077 1961 scribere.
2149 1938 2216 1964 Scri.

61 1975 137 2003 grato
150 1969 193 1995 leo
206 1969 320 2003 perfidus
334 1977 381 1995 ore
402 1968 567 2002 magistrum.
660 1969 779 2001 Ingratus
793 1967 897 1993 animus
925 1967 982 1993 Sen.
997 1966 1074 2000 Epist.
1088 1975 1107 1992 1.
1168 1967 1232 1993 bere
1244 1966 1346 2000 ingressi
1371 1966 1411 1992 ld‘.
1424 1967 1497 2000 Top.
1513 1969 1571 1992 init.
1644 1967 1732 1992 Colles
1745 1967 1893 2000 ingreditur
1921 1968 2002 1995 Ouid.
2018 1971 2080 1996 Met.
2095 1979 2141 2004 14,
2155 1975 2216 2006 846.

62 2004 130 2031 Gell.
144 2014 169 2036 ιι,
182 2009 207 2033 ι8
244 2004 308 2030 Non
322 2004 405 2038 igitur
417 2005 504 2029 sumus
515 2002 652 2028 aduerstnu
667 2002 729 2028 deos
741 2002 849 2036 ingrati.
921 2003 970 2027 Vir
984 2001 1107 2027 aduersus
1120 2008 1153 2034 50
1170 2002 1226 2028 Cic.
1240 2002 1293 2027 Att.
1313 2009 1353 2033 15,
1373 2009 1403 2026 10
1433 2001 1536 2028 Frustra
1549 2010 1626 2033 vero,
1639 2002 1685 2036 qni
1700 2002 1834 2036 ingrediar
1844 2003 1935 2029 matris
1958 2004 2096 2031 confilium
2106 2026 2113 2036 ‚
2132 2017 2216 2042 quum

59 2040 156 2066 merita
169 2039 285 2066 Caesaris
298 2038 481 2073 ingratissimus
514 2037 582 2064 Vell.
596 2046 627 2069 2,
641 2039 691 2071 69,
705 2046 724 2063 1.
795 2037 853 2063 Cic.
867 2035 899 2062 de
914 2036 950 2062 N.
971 2037 1003 2062 D.
1025 2044 1050 2068 1,
1069 2044 1107 2062 121
1169 2042 1258 2063 vtatur
1271 2037 1403 2070 precibus.
1481 2037 1558 2063 Vetus
1575 2036 1648 2063 lectio
1660 2037 1700 2070 stc
1717 2039 1805 2065 habet:
1841 2038 1945 2065 Frustra
1957 2048 2037 2073 vero²
2051 2042 2115 2075 qnid
2128 2043 2216 2078 ingre-

60 2076 152 2108 Qmm
164 2074 292 2109 Epicurus
313 2074 341 2100 in
356 2073 539 2100 Democritum
553 2073 649 2107 ipsum,
671 2081 750 2107 quem
770 2073 871 2098 secutus
887 2071 939 2104 est,
965 2072 1047 2098 fuerit
1068 2072 1107 2097 in·
1169 2072 1245 2098 diar?
1281 2072 1374 2098 Matris
1385 2071 1505 2104 consilio,
1519 2081 1601 2106 quum
1614 2078 1719 2104 Vtatur,
1736 2072 1780 2099 vel
1793 2072 1874 2099 etiam
1886 2074 2022 2107 precibus,
2042 2077 2106 2111 qnid
2119 2087 2160 2104 me
2175 2080 2216 2106 in.

61 2117 159 2145 gratim.
195 2110 264 2137 Adri.
278 2109 355 2136 Αιιέῑ.
370 2109 403 2136 ad
415 2111 480 2136 Her.
494 2119 508 2141 4
521 2118 543 2135 c.
551 2117 596 2142 40.
668 2109 804 2142 Ingratus,
821 2107 935 2139 InuituS,
954 2113 980 2133 et
993 2106 1107 2137 coaetus,
1170 2108 1326 2140 terponam?
1394 2107 1566 2133 Consulatum
1587 2107 1718 2140 anffll.
1733 2110 1758 2138 6,
1771 2116 1790 2134 1.
1860 2109 1915 2135 Cic.
1931 2119 1978 2143 pro
1993 2111 2139 2147 Caecin.79
2154 2123 2176 2140 c.
2184 2120 2216 2145 28

59 2149 144 2182 inquit
157 2146 285 2173 Donatus.
375 2145 444 2173 Ter.
458 2145 523 2171 Eun.
533 2153 557 2175 2,
572 2153 592 2176 1,
606 2152 636 2177 14
663 2145 737 2178 Opus
750 2143 862 2174 faciam,
882 2147 909 2168 vt
924 2142 1052 2176 defatiger
1065 2151 1108 2167 vs-
1171 2143 1228 2174 Qii
1242 2150 1325 2175 quum
1339 2140 1414 2180 istam
1427 2142 1633 2175 disputationem
1646 2151 1748 2169 mecum
1760 2143 1884 2177 ingressus
1899 2146 1967 2172 esset.
2037 2148 2107 2174 Fatis
2117 2150 2216 2183 ingres-

21 2177 23 2182 ¹
60 2191 126 2217 que:
160 2182 277 2215 ingratus
290 2186 320 2208 vt
333 2180 474 2208 dormiam.
565 2180 678 2214 Compar.
722 2179 779 2205 Sen.
794 2178 826 2203 de
840 2177 929 2204 Benef.
944 2186 976 2209 2,
991 2185 1025 2210 27
1053 2177 1109 2210 Vix
1125 2181 1154 2206 55
1168 2177 1209 2202 sus
1223 2177 1325 2210 iniquis
1355 2176 1430 2209 virg.
1444 2177 1508 2202 Aen.
1522 2186 1549 2209 3,
1564 2185 1599 2212 ι7.
1691 2178 1747 2205 Cic.
1761 2179 1793 2205 de
1807 2180 1881 2206 Orat.
1898 2189 1920 2214 3,
1933 2189 1982 2215 217
2012 2182 2074 2215 Qio
2087 2192 2156 2211 nunc
2169 2194 2214 2212 me

12 2205 31 2262 ᾗ
59 2217 134 2246 labra
148 2216 268 2249 diduxit,
290 2222 316 2243 et
330 2217 470 2250 ingratior,
484 2223 564 2250 quam
577 2214 595 2240 fi
612 2214 743 2246 tacuisset,
765 2213 827 2239 suit.
862 2219 886 2237 et
900 2212 956 2252 Cic.
969 2212 1024 2253 Act.
1038 2217 1062 2242 8,
1078 2220 1106 2244 4.
1170 2212 1291 2251 vertam?
1327 2210 1399 2245 quod
1413 2212 1467 2238 Iter
1481 2212 1606 2248 incipiam
1621 2212 1746 2247 ingredi?
1787 2223 1815 2240 ex
1829 2215 1932 2250 quodam
1945 2218 2030 2242 Poeta.
2076 2232 2078 2234 ·
2101 2220 2155 2246 Iter
2171 2230 2216 2255 pe-

12 2252 16 2255 ’
58 2252 246 2287 Ingratiffimus
259 2252 383 2278 omnium
419 2252 478 2278 Sen.
494 2251 526 2277 de
541 2249 631 2276 Benef.
651 2257 678 2280 3,
697 2257 717 2275 1.
791 2246 964 2282 Confimdnur
981 2256 1010 2272 m
1029 2245 1107 2274 MSS.
1169 2246 1248 2272 dibus
1274 2246 1311 2273 Id.
1324 2247 1356 2272 de
1368 2247 1518 2282 Sene&.34.
1553 2255 1577 2274 et
1590 2248 1721 2275 Columel.
1737 2258 1757 2281 1,
1772 2257 1794 2281 3.
1864 2251 1940 2276 Mare
1967 2252 2035 2278 Ter.
2050 2253 2143 2286 Hec.3,
2153 2263 2181 2288 4,
2191 2264 2213 2288 ς,

59 2298 114 2316 cum
128 2289 227 2315 Iratus:
262 2287 326 2322 quod
340 2286 394 2313 vid.
1168 2282 1261 2314 Liu.31
1276 2282 1358 2316 praef.
1389 2283 1444 2308 Iam
1463 2283 1593 2317 prouideo
1612 2284 1703 2313 animo
1717 2284 1804 2316 velut,
1830 2285 1878 2318 qui
1893 2286 2022 2319 proximis
2039 2287 2127 2316 litoris
2140 2292 2215 2318 vadjg

96 2329 291 2350 1NGRATE.
327 2321 396 2347 Adu.
433 2319 595 2354 [ἐχαριὲ-ως]
638 2317 695 2344 Cic.
707 2326 757 2352 pro
771 2317 859 2343 Deiot.
873 2325 904 2350 30
917 2325 939 2342 c.
953 2324 976 2342 11
1006 2316 1106 2349 Qiam-
1169 2317 1273 2343 inducti
1287 2319 1361 2344 Mare
1374 2318 1484 2352 pedibus
1497 2318 1697 2353 ingrediuntur,
1724 2319 1854 2354 quidquid
1873 2322 2044 2356 progredior,
2069 2325 2097 2350 in
2118 2326 2215 2353 vastjo,

58 2359 100 2388 vis
113 2359 215 2392 ingrate
229 2362 255 2383 et
269 2356 351 2390 impie
363 2355 514 2382 necessitatis
527 2362 625 2380 nomen
638 2353 853 2388 repudiaueritis.
924 2351 962 2378 Id.
977 2352 1049 2377 Fam.
1061 2360 1105 2383 12,
1122 2355 1158 2380 60
1168 2361 1225 2380 rem
1238 2362 1281 2379 me
1294 2353 1467 2379 altitudinem
1482 2363 1510 2380 ac
1529 2354 1602 2386 velut
1617 2354 1779 2388 profundum
1793 2355 1895 2382 inuehi.
1985 2358 2040 2384 Cic.
2060 2360 2112 2387 Att.
2129 2369 2168 2394 ις,
2188 2372 2213 2390 11

13 2419 14 2422 ,
60 2403 71 2421 1
107 2393 158 2420 Sed
178 2392 355 2420 immoderate
376 2391 487 2426 quidam
508 2396 534 2415 et
559 2390 671 2422 ingrate*
684 2388 772 2415 nostra
800 2387 928 2414 facilitate
952 2387 1106 2413 abutuntur.
1169 2389 1256 2422 Qiam
1270 2388 1436 2419 Orationem,
1451 2398 1533 2423 quum
1547 2389 1670 2423 ingressus
1679 2391 1772 2422 essem,
1792 2390 1886 2417 Callius
1895 2392 2047 2420 interuenit.
2103 2398 2212 2430 Qflmst·

56 2430 125 2457 Plin.
139 2436 187 2464 27,
202 2437 218 2455 2
250 2427 330 2461 Qod
343 2427 361 2453 fi
375 2426 433 2461 quis
448 2425 495 2451 illa
508 2425 579 2450 forte
592 2423 625 2450 ab
641 2423 750 2450 homine
765 2423 912 2457 excogitari
927 2423 1037 2457 potniss'e
1051 2431 1106 2448 cre·
1168 2433 1195 2455 1,
1210 2433 1254 2455 10,
1268 2432 1283 2449 α.
1309 2424 1380 2449 Nam
1394 2424 1488 2450 iisdem
1503 2424 1560 2450 fere
1572 2425 1646 2451 annis
1660 2425 1770 2451 aliarum
1789 2435 1896 2461 quoque
1915 2425 2110 2462 disciplinarum
2123 2434 2214 2461 Studia

57 2465 111 2496 dit,
132 2465 234 2498 ingrate
248 2463 358 2489 deorum
373 2469 484 2487 munera
498 2459 633 2493 intelligit.
704 2459 797 2486 Tacit.
809 2458 877 2484 Hist.
893 2467 918 2492 1,
932 2466 979 2490 52,
998 2467 1017 2490 4
1051 2458 1105 2491 Op-
1167 2458 1342 2492 ingredienda
1359 2459 1426 2485 sunt.
1514 2460 1568 2486 Cic.
1588 2461 1617 2486 in
1632 2461 1719 2487 Somn.
1734 2461 1800 2495 Scip.
1821 2471 1849 2494 19
1882 2463 2047 2497 Quamquam
2065 2475 2078 2491 a
2097 2470 2213 2500 pueritia

58 2501 140 2537 press'a
151 2498 288 2533 Capitonis
308 2496 415 2523 consilia
429 2496 530 2530 ingrate
544 2495 649 2521 tulisset.
738 2495 804 2521 Non
822 2493 924 2528 ingrate
939 2493 1106 2521 nominando
1166 2494 1293 2528 Vestigiis
1306 2493 1433 2528 ingrersus
1448 2495 1537 2528 patriis
1552 2500 1577 2522 et
1591 2496 1658 2528 tuis,
1677 2496 1765 2522 decori
1782 2497 1868 2524 vestro
1879 2507 1933 2523 non
1947 2498 2029 2526 defui⁴
2100 2501 2138 2529 Μ.
2156 2503 2209 2531 Off.

11 2536 13 2538 ’
59 2537 97 2564 Μ.
110 2537 262 2561 Varronem
286 2533 351 2560 Plin.
369 2537 405 2564 18,
417 2540 440 2564 3·
475 2534 494 2557 1'·
513 2530 637 2557 Libenter.
1117 2531 1150 2563 65
1168 2538 1194 2561 1,
1215 2534 1252 2559 118
1284 2529 1364 2562 Quod
1379 2536 1481 2564 tempus
1494 2539 1508 2556 a
1522 2537 1614 2557 natura
1629 2531 1660 2556 ad
1674 2531 1858 2566 deligendum,
1878 2542 1957 2567 quam
1971 2535 2080 2569 quisque
2099 2539 2210 2566 vjuendi

96 2571 307 2598 INGRATIS.
342 2567 412 2594 Adu.
447 2565 569 2601 [deun-71¹]
604 2566 709 2592 Praeter
719 2563 831 2598 gratiam
843 2571 869 2590 et
882 2563 1024 2595 meritum,
1038 2562 1104 2589 Non
1166 2565 1239 2591 viam
1259 2564 1288 2590 fit
1307 2565 1481 2599 ingreti'nrns,
1507 2565 1597 2593 datum
1616 2566 1661 2592 est.
1753 2567 1896 2601 Vulgarem
1916 2569 1991 2595 Viam
2029 2572 2159 2605 Qiineiil.
2179 2575 2209 2601 in

57 2607 130 2634 vltro
144 2608 226 2641 inquit
239 2605 366 2630 Donatus.
434 2603 516 2629 Plaut.
530 2601 614 2628 Cafin.
629 2609 657 2633 2,
676 2609 706 2633 2,
725 2608 752 2625 22
785 2601 871 2634 Atque
886 2599 1006 2639 ingratis,
1023 2607 1103 2638 quem
1164 2608 1285 2634 prooem.
1301 2609 1321 2626 1.
1408 2601 1464 2628 Cic.
1479 2601 1558 2628 Aead.
1570 2612 1604 2636 4,
1628 2610 1672 2635 114
1707 2601 1800 2629 Officia
1813 2603 1955 2634 describas.
1975 2614 2052 2639 quam
2068 2609 2154 2635 Vitam
2171 2611 2210 2636 in-

57 2652 114 2669 non
128 2641 202 2672 volt,
220 2641 245 2666 ei
258 2639 340 2666 nubet
354 2638 444 2665 hodie.
511 2637 581 2663 Ter.
595 2636 691 2662 Heaut.
704 2644 726 2667 3,
741 2644 764 2666 ι,
776 2642 808 2669 37
841 2635 877 2660 Ea
889 2634 978 2661 maela
992 2639 1104 2667 ingratis
1166 2635 1287 2668 grediar,
1305 2635 1422 2662 definias,
1528 2637 1586 2664 Cum
1605 2636 1842 2673 Praepositionibus:
1887 2640 1958 2666 caefi
1975 2641 2001 2666 p).
2017 2642 2048 2668 G·
2064 2652 2094 2675 Ζ,
2107 2653 2126 2677 4
2152 2646 2208 2679 in

59 2678 117 2713 post
131 2677 176 2703 illa
188 2675 276 2710 coepit
287 2674 390 2702 victum
401 2673 485 2708 vulgo
504 2680 639 2707 quaerere.
683 2671 726 2698 At.
745 2670 875 2704 ingratiis.
946 2670 1081 2695 Contraria
1095 2679 1102 2693 :
1165 2671 1308 2698 Teutonos
1322 2672 1500 2706 Cimbrosque
1516 2672 1585 2698 intra
1599 2672 1663 2698 fines
1677 2674 1735 2699 suos
1749 2674 1852 2708 ingredi
1866 2675 2063 2709 prohibuerint.
2133 2680 2208 2707 Idem

59 2713 116 2740 Cic.
131 2713 208 2739 Verr.
222 2721 257 2744 4,
277 2719 305 2743 19
336 2709 511 2740 Reticebuut,
526 2715 594 2742 quae
613 2710 738 2741 poterunt
749 2705 878 2732 libenter:
914 2704 1015 2744 dicent,
1035 2712 1102 2738 qnae
1115 2717 1152 2745 70
1165 2706 1231 2734 ibid.
1251 2715 1280 2739 ς,
1300 2715 1315 2740 9
1337 2714 1401 2734 extr.
1440 2707 1606 2742 Nostrosque
1626 2709 1695 2735 intra
1714 2710 1877 2737 munitiones
1898 2711 2001 2745 ingredi
2023 2713 2209 2747 prohibebant,

59 2748 156 2775 necesse
169 2747 237 2779 erit,
257 2745 375 2780 ingratis.
434 2745 509 2772 Verus
527 2744 649 2777 exemplar
660 2741 784 2777 scriptum
798 2741 869 2768 habet
886 2740 984 2769 Gratls·
1041 2739 1101 2766 Vid-
1164 2742 1272 2776 ingredi
1285 2742 1313 2768 in
1326 2742 1437 2769 fundum
1463 2743 1518 2770 Cic.
1533 2753 1582 2779 pro
1596 2744 1701 2770 Caecin.
1738 2765 1745 2771 .
1781 2764 1788 2771 .
1876 2747 1907 2772 In
1928 2749 2095 2782 eonspedtnm
2116 2753 2210 2786 populi

58 2786 135 2811 Pam·
146 2784 206 2810 Lex.
220 2783 284 2808 Crit.
297 2788 326 2817 p.
340 2785 396 2816 607.
451 2779 541 2816 szan.
560 2778 594 2804 ad
611 2777 692 2804 Plaut.
711 2777 768 2803 Cas.
781 2785 810 2808 2,
831 2783 860 2809 5,
879 2783 905 2810 7.
966 2774 1056 2802 Cellar.
1069 2775 1104 2802 ad
1164 2778 1246 2804 Plaut.
1283 2797 1290 2804 .
1327 2798 1333 2804 .
1404 2779 1435 2804 In
1448 2779 1532 2812 iram,
1550 2781 1581 2805 In
1595 2779 1806 2814 sycophantiam,
1823 2782 1855 2807 In
1866 2783 1966 2808 eausam
1977 2802 1984 2814 ‚
2004 2786 2033 2810 In
2046 2787 2210 2820 orationem,

58 2819 178 2847 Laffiifflt·
190 2825 215 2850 2,
230 2826 256 2843 ¹0
269 2823 334 2843 ‘’⁸⁰'-
487 2840 492 2847 .
660 2841 661 2844 ,
718 2847 724 2852 ,
1073 2846 1079 2852 ⁸
1163 2814 1194 2839 In
1207 2814 1294 2848 spem,
1311 2814 1342 2840 In
1353 2814 1453 2847 vitam,
1470 2821 1515 2841 etc.
1546 2816 1634 2850 paffim
1647 2815 1714 2850 apud
1726 2815 1857 2843 Afferes.
1925 2819 1981 2844 Cic.
1991 2819 2062 2847 Fam.
2079 2830 2110 2854 2,
2122 2832 2138 2849 2
2160 2824 2208 2850 sed

97 2862 106 2880 Ι
115 2861 194 2881 NGR
203 2860 222 2880 A
232 2860 253 2880 T
264 2860 273 2878 1
283 2859 305 2879 A
314 2871 323 2884 ,
341 2860 380 2878 ae.
405 2849 423 2876 f.
478 2849 636 2876 Contrarium
650 2848 766 2874 Gratiae.
821 2845 942 2875 Tertull.
956 2846 988 2873 de
1000 2847 1102 2873 Poemt.
1163 2849 1242 2876 aliter
1255 2855 1334 2884 atque
1346 2850 1511 2877 ostenderam
1523 2850 1610 2882 facio,
1638 2860 1693 2886 quo
1716 2851 1855 2886 ingredior
1878 2853 1910 2879 ad
1928 2854 2107 2888 explicandam
2126 2860 2209 2885 ratio-

13 2897 16 2902 .
60 2901 85 2918 c.
98 2900 108 2917 1
141 2889 260 2916 Poenitet
279 2887 358 2920 fidei,
378 2884 493 2916 amoris,
512 2883 701 2919 simplicitatis,
720 2882 876 2917 patientiae,
896 2882 1104 2913 misericordiae,
1118 2894 1150 2921 75
1165 2894 1226 2911 nem
1239 2885 1379 2912 sententiae
1391 2895 1473 2912 meae.
1543 2887 1649 2920 Ingredi
1665 2896 1711 2921 per
1726 2889 1828 2915 scenam
1851 2888 1916 2915 Plin.
1930 2899 1957 2922 7,
1972 2900 2011 2916 ρο,

59 2931 138 2962 prout
163 2923 227 2959 quid
245 2924 273 2950 in
287 2923 427 2958 ingratiam
441 2920 545 2947 cecidit.
598 2918 666 2946 Add.
680 2919 749 2945 Ibid.
768 2928 789 2945 c.
803 2927 826 2951 3.
881 2918 928 2946 Sed
940 2917 1056 2952 vsttatior
1069 2917 1104 2951 est
1200 2926 1271 2946 1NG
1280 2927 1324 2947 RE
1334 2927 1353 2946 D
1363 2928 1372 2946 1
1383 2927 1400 2947 Ε
1409 2928 1430 2947 Ν
1439 2928 1451 2948 s
1460 2941 1467 2952 ‚
1485 2921 1562 2949 entis.
1596 2923 1690 2948 Partic.
1726 2921 1856 2957 [sicidae]
1909 2926 1964 2952 Iter
1977 2926 2127 2958 ingrediens
2159 2928 2207 2957 Su·

61 2963 195 2990 Ablatiuus
203 2961 314 2995 pluralis
329 2958 435 2994 absolute
460 2963 549 2984 temtus.
598 2955 744 2981 Plaut.Cas.
758 2963 781 2988 2,
794 2963 817 2988 5,
829 2961 846 2989 7
864 2954 948 2981 Vobis
961 2954 1055 2980 inuitis
1068 2959 1105 2980 at·
1165 2963 1200 2989 ις,
1211 2957 1270 2989 506.
1339 2956 1507 2983 Inambulans
1520 2963 1599 2992 atque
1610 2958 1732 2984 adscensu
1747 2959 1896 2993 ingrediens
1908 2961 1991 2988 arduo
2006 2955 2117 2990 ‘Cicjde
2130 2965 2207 2992 Orat.

11 3015 15 3026 ,-
60 3006 112 3033 que
124 2996 265 3023 amborum
284 2994 414 3028 ingratiis.
468 2991 542 3028 Conf.
558 2991 641 3017 Merc.
653 2999 679 3023 2,
691 2999 719 3023 4,
735 2999 766 3017 11.
802 2997 826 3016 et
838 2990 907 3017 Ter.
920 2990 1026 3017 Phorm.
1042 2997 1065 3022 5,
1076 2992 1105 3023 6,
1164 3000 1175 3018 1
1188 3000 1209 3018 c,
1220 2994 1259 3018 61,
1312 2991 1379 3018 AM,
1393 2992 1468 3026 erg
1481 2992 1546 3019 Aen,
1561 2998 1584 3026 8,
1597 3002 1655 3026 309·
1691 2995 1772 3021 Ouid.
1785 2995 1849 3021 Met·
1864 3001 1887 3028 87
1902 3004 1965 3029 442·

12 3047 14 3050 ·
59 3042 97 3067 94
122 3032 194 3059 Tuis
207 3031 339 3065 ingratiis.
392 3028 440 3056 Sed
451 3026 583 3063 aliquando
595 3026 647 3052 abit
654 3031 790 3061 pronomen
802 3032 825 3051 et
835 3028 958 3061 accipitur
976 3025 1104 3052 aduerbz‘a-
1204 3034 1214 3053 1
1226 3033 1249 3053 N
1258 3032 1277 3053 G
1286 3034 1306 3053 R
1317 3033 1334 3053 E
1345 3033 1358 3053 S
1367 3035 1379 3054 S
1389 3035 1409 3054 v
1419 3035 1431 3054 s
1441 3047 1449 3060 ,
1467 3037 1481 3054 a
1489 3048 1498 3061 ,
1517 3038 1572 3055 um.
1607 3029 1700 3056 Partic.
1737 3031 1862 3064 Ingressus
1875 3032 2036 3058 tribunatum
2063 3033 2131 3060 Vell.
2146 3043 2166 3066 2,
2180 3038 2209 3068 6,

61 3071 130 3096 liter.
183 3067 253 3101 Nep.
269 3075 290 3097 2,
303 3076 335 3100 4,
348 3074 367 3098 4
394 3066 430 3092 Vt
442 3063 564 3098 ingratiis
575 3061 607 3088 ad
621 3061 822 3096 depugnandum
835 3070 926 3090 omnes
939 3067 1103 3101 cogerentur.
1117 3068 1150 3094 80
1164 3071 1185 3090 2.
1241 3062 1309 3089 Idem
1327 3066 1402 3089 etiam
1422 3070 1494 3101 aque
1507 3063 1652 3101 Aggrqffls·
1725 3066 1800 3092 Tum
1814 3072 1887 3100 pater
1899 3067 2023 3093 Anchises
2037 3067 2152 3095 lacrimis
2165 3070 2207 3096 in·

63 3106 95 3131 Et
110 3103 191 3128 Plaut.
204 3103 281 3128 Cure.
298 3110 307 3128 1
317 3121 324 3132 ,
338 3110 362 3133 1,
381 3102 397 3127 6
431 3100 539 3126 Tamen
553 3099 589 3125 est
602 3097 727 3129 eundum,
745 3106 799 3132 quo
814 3097 956 3132 imperauit
970 3097 1102 3132 ingratiis.
1164 3099 1259 3133 gressus
1273 3098 1377 3125 obortis
1398 3099 1473 3132 Virg.
1483 3100 1547 3126 Aen.
1557 3102 1583 3133 6,
1597 3103 1655 3135 867.
1722 3101 1760 3127 Id.
1770 3102 1835 3127 Aen.
1848 3111 1876 3135 4,
1892 3110 1939 3136 ¹07
1960 3103 2001 3128 Sic
2013 3110 2103 3130 contra
2116 3105 2152 3130 est
2165 3106 2206 3131 in-

61 3138 131 3168 Add.
144 3137 212 3163 Ter.
223 3138 320 3164 Heaut.
334 3145 355 3169 3,
368 3145 387 3170 1,
402 3142 443 3170 37.
1164 3135 1245 3169 gressa
1258 3135 1358 3161 Venus.
1449 3135 1578 3168 Quintffil.
1592 3136 1675 3171 praef.
1694 3138 1711 3162 6
1743 3137 1813 3162 Haec
1825 3145 1856 3162 ex
1876 3142 1920 3163 tua
1939 3138 2075 3164 voluntate
2090 3140 2206 3168 maxime

99 3182 109 3200 1
119 3181 142 3200 N
152 3178 174 3199 G
183 3179 203 3198 R
211 3178 262 3198 AT
271 3179 280 3198 1
289 3180 310 3199 T
318 3179 339 3198 V
348 3179 367 3199 D
379 3177 398 3197 Ο
408 3191 417 3204 ,
436 3170 495 3197 inis.
523 3170 544 3196 f.
585 3169 740 3205 [exuperi-s,
759 3167 935 3202 οἶγνωμοσύνη]
989 3168 1019 3194 A
1028 3168 1102 3194 Cice·
1163 3170 1297 3204 ingressus.
1367 3170 1460 3197 Virtus
1473 3171 1565 3198 eadem
1576 3171 1685 3206 ingressa
1698 3172 1816 3197 animum
1830 3171 1943 3199 Tiberii
1976 3174 2042 3199 Veli.
2057 3183 2072 3201 2
2080 3194 2088 3207 ‚
2108 3184 2146 3201 121
2157 3196 2165 3208 ,
2185 3185 2205 3203 1.

61 3218 129 3238 rone
141 3217 190 3235 mm
202 3207 302 3234 dicitur.
368 3208 465 3234 Maluit
480 3209 543 3232 enim
557 3206 647 3232 Graece
658 3205 752 3237 dicere,
771 3204 805 3231 ad
821 3205 938 3231 Atticum
947 3203 1063 3239 scribens
1075 3211 1103 3236 9,
1200 3213 1209 3230 1
1220 3211 1271 3232 NG
1281 3212 1300 3232 R
1309 3212 1325 3232 E
1335 3212 1348 3232 S
1357 3212 1387 3232 81
1396 3213 1415 3233 0
1424 3226 1430 3237 ,
1450 3207 1519 3233 onis.
1539 3207 1559 3233 f.
1597 3205 1730 3241 [εἴσδυσις]
1766 3208 1822 3234 Cic.
1836 3208 1919 3234 Tusc.
1928 3217 1979 3241 4,2
2000 3210 2082 3236 Cuius
2092 3217 2119 3236 vt
2132 3220 2205 3239 arma

62 3254 80 3281 7
116 3245 156 3271 his
173 3242 271 3274 verbis,
299 3242 348 3269 Sed
363 3243 485 3271 meruisse
503 3241 580 3268 illum
596 3241 627 3267 de
646 3249 690 3267 me
702 3246 783 3275 puto,
801 3245 830 3267 vt
847 3240 980 3275 οἶχοιριςῖας
999 3239 1101 3266 crimen
1118 3245 1148 3274 ες
1164 3241 1267 3273 sumsit,
1293 3241 1415 3276 ingressio
1433 3242 1561 3269 laetitiam
1582 3243 1670 3269 attulit
1690 3243 1783 3275 sociis,
1807 3249 1935 3270 terrorem
1963 3250 2049 3270 antem
2077 3245 2206 3274 hostibus.

64 3281 153 3308 subire
167 3286 220 3304 non
234 3276 350 3304 audeam.
421 3280 506 3314 Neque
520 3278 631 3309 Seneca,
647 3279 688 3303 cui
700 3278 740 3304 vel
751 3279 841 3303 centies
853 3278 960 3302 nominis
974 3274 1047 3313 huius
1059 3274 1102 3300 ad·
1164 3276 1238 3303 Idem
1250 3276 1361 3312 Philipp.
1375 3284 1398 3310 ς,
1410 3285 1427 3310 9
1446 3287 1467 3304 c.
1476 3288 1502 3311 4.
1574 3278 1612 3304 Id.
1629 3278 1657 3304 in
1670 3278 1744 3304 Orat.
1757 3287 1778 3304 ιι
1792 3288 1813 3304 c.
1828 3287 1839 3310 3
1870 3279 1906 3306 Ac
1918 3279 1996 3305 video
2011 3280 2078 3306 hanc
2091 3282 2206 3316 primam

10 3315 37 3347 θ’,
62 3315 163 3346 bibendi
176 3311 281 3347 occasio,
301 3319 325 3338 et
332 3319 409 3350 prope
420 3313 560 3349 neceffitas,
577 3313 658 3339 obtata
672 3307 714 3346 cst.
777 3313 810 3339 Vt
823 3311 881 3338 adeo
899 3309 1017 3346 refugtffi’
1034 3310 1103 3336 vide·
1162 3312 1344 3346 ingressionem
1357 3322 1455 3345 meam,
1482 3322 1537 3339 non
1557 3321 1589 3339 ex
1608 3313 1729 3340 Orator-is
1748 3313 1968 3348 disputationibus
1983 3316 2103 3349 ductam,
2130 3318 2169 3343 sed
2190 3328 2206 3345 e

12 3330 43 3438 ἓ
62 3360 140 3380 antur
147 3349 260 3386 formam
273 3347 353 3380 hanc,
377 3351 406 3374 in
421 3358 494 3385 quam
508 3358 556 3375 non
571 3351 652 3375 minus
657 3347 739 3384 facile
751 3347 857 3374 incidere
872 3352 1005 3382 poterant,
1030 3354 1102 3381 quam
1162 3348 1250 3375 media
1263 3347 1431 3384 philosophia
1444 3348 1593 3383 repetitam.
1630 3349 1654 3375 h.
1666 3359 1686 3375 e.
1708 3349 1894 3384 Disputationis
1907 3354 2016 3377 initium.
2106 3353 2162 3380 Cic.
2176 3353 2206 3381 in

20 3398 24 3402 ’
46 3386 196 3424 'postremae
207 3385 297 3411 aetatis
310 3382 427 3411 homines.
495 3385 583 3420 Itaque
594 3393 643 3410 non
656 3385 744 3410 attulit
754 3386 916 3419 antiquiorem
928 3381 1052 3408 auflorem
1064 3381 1102 3407 di·
1164 3384 1238 3410 Orat.
1253 3393 1287 3410 20
1300 3394 1322 3411 c.
1331 3393 1362 3417 59
1387 3384 1523 3411 Interdum
1535 3385 1623 3411 curs11s
1636 3384 1768 3412 orationis
1783 3385 1819 3411 est
1833 3385 1986 3417 incitatior,
2008 3387 2142 3415 interdum
2150 3398 2208 3417 mo-

62 3426 144 3459 ligem·
154 3421 266 3455 alioquin
279 3419 366 3444 talium
374 3416 497 3453 patrona}
510 3420 658 3447 Borrichius
670 3421 698 3445 in
711 3419 831 3455 Cogitatt.
843 3428 913 3454 quam
928 3417 1036 3444 Firmie.
1049 3425 1062 3450 5
1070 3437 1078 3448 ,
1090 3425 1100 3444 1
1111 3425 1147 3451 90
1164 3419 1254 3447 derata
1266 3419 1395 3454 ingressio.

29 3458 31 3460 ’
63 3458 165 3486 Multos
177 3453 295 3482 fouendo
308 3453 438 3487 suscipiet,
453 3463 482 3481 ac
493 3455 583 3482 multis
597 3455 668 3482 vitae
682 3454 805 3482 alimenta
818 3452 1016 3489 praestabit‚sed
1025 3459 1102 3480 crunt
1200 3463 1240 3482 IN
1249 3462 1297 3482 GR
1306 3463 1322 3482 E
1332 3464 1344 3482 s
1353 3463 1366 3482 s
1376 3461 1418 3482 vs
1428 3474 1435 3486 ,
1457 3453 1496 3481 ι’ὶς.
1516 3464 1552 3482 m.
1586 3453 1730 3490 [πρόσοδος]
1766 3454 1882 3489 Inceffiaer.
1934 3457 1990 3484 Cic.
2001 3456 2032 3483 de
2046 3458 2081 3484 N.
2095 3459 2125 3485 D.
2141 3468 2161 3492 1,
2174 3469 2208 3494 95

19 3483 39 3521 4
63 3494 134 3521 circa
146 3492 231 3526 ipsum
245 3488 440 3524 ingratitudinis
453 3490 522 3516 vitio
534 3491 676 3526 inquinati.
754 3491 888 3517 Lemmata
902 3489 1005 3515 Valerii
1018 3489 1103 3515 Maxi·
1163 3491 1306 3526 Ingressus,
1324 3491 1428 3522 cursus,
1452 3497 1498 3516 etc.
1569 3490 1642 3517 Plani
1667 3491 1712 3517 Sil.
1730 3499 1766 3523 ιο,
1780 3500 1833 3523 413.
1904 3492 2031 3526 Vestigiis
2044 3493 2152 3521 odorari
2165 3496 2206 3521 in-

0 3530 1 3539 *
12 3523 36 3539 ἶ
62 3530 118 3562 mi,
154 3537 162 3554 ι
176 3529 248 3553 etiam
260 3525 290 3551 ab
302 3522 402 3551 auffore
415 3522 457 3557 effe
469 3526 602 3556 comecias,-
636 3533 718 3553 tamen
731 3525 807 3559 illud,
818 3526 852 3552 ad
861 3524 924 3561 quod
933 3530 1103 3560 prouocatur,
1163 3528 1257 3560 greffiis
1270 3526 1388 3553 hominis
1402 3525 1520 3560 improbi
1545 3525 1602 3553 Cic.
1615 3526 1642 3553 in
1656 3527 1740 3553 Pison.
1749 3531 1775 3558 83
1791 3535 1811 3552 c.
1821 3535 1864 3560 34.
1942 3528 2058 3562 Vestigia
2070 3536 2095 3556 et
2109 3532 2207 3565 ingres-

12 3580 22 3591 ,-
63 3573 92 3599 5,
104 3574 117 3598 3
142 3563 174 3590 de
187 3559 378 3597 ingratitudine
390 3568 439 3585 non
451 3561 585 3596 agnoscunt
595 3563 671 3590 MSS.
692 3561 740 3597 sed
752 3561 783 3588 de
799 3561 923 3596 ingratis,
949 3567 977 3586 vt
990 3560 1074 3594 capite
1090 3568 1103 3585 2
1164 3563 1205 3588 sus
1218 3562 1348 3589 orationis
1375 3561 1415 3588 Id.
1427 3561 1460 3588 de
1475 3562 1550 3588 Orat.
1565 3570 1585 3594 1,
1602 3564 1652 3588 161.
1759 3564 1879 3589 Initium.-
1934 3563 2064 3596 Qiinc‘iil.
2077 3574 2110 3598 9,
2130 3575 2148 3599 4
2180 3567 2207 3593 Si

27 3606 29 3608 '
65 3600 99 3627 de
112 3599 201 3634 gratis.
271 3595 363 3623 Adhuc
372 3597 499 3630 antiquior
510 3596 597 3623 aufto»-
605 3608 657 3625 non
671 3599 704 3631 est
717 3597 830 3625 laudatus
843 3595 950 3624 Caffiod.
964 3597 1039 3622 Varr.
1053 3604 1076 3628 5,
1090 3601 1104 3625 8
1118 3606 1150 3632 95
1165 3606 1223 3632 pars
1234 3598 1366 3634 posterior
1379 3597 1407 3623 in
1419 3597 1532 3624 clausula
1545 3596 1771 3631 deprehendatur,
1794 3599 1883 3624 rursus
1902 3598 1978 3632 prior
1989 3600 2110 3634 ingr-effu,
2167 3601 2208 3629 Id,

16 3652 20 3659 .
63 3635 203 3663 Moderate
220 3632 238 3659 fi
258 3630 369 3666 quidem
386 3630 465 3656 nouit
484 3631 601 3659 iniuncta
619 3633 668 3661 fibi
688 3633 820 3668 complere
833 3632 987 3668 prudentia,
1011 3637 1037 3658 et
1052 3631 1104 3658 fine
1166 3641 1210 3666 10,
1228 3643 1247 3661 1.
1317 3633 1444 3667 Ingressus
1458 3638 1484 3659 et
1503 3632 1573 3668 quasi
1593 3633 1771 3668 primordium
1783 3633 1960 3666 gerendorum
1973 3634 2107 3662 honorum
2128 3637 2145 3663 l.
2161 3646 2206 3663 vn.

64 3667 263 3706 ingratitudinis
277 3675 363 3693 naeuo
378 3665 495 3700 delegata
506 3667 655 3701 explicabili
667 3678 808 3704 procurare
825 3668 943 3696 consilio.
1165 3666 1187 3704 §
1202 3671 1218 3695 6
1230 3669 1256 3695 ff.
1277 3668 1309 3696 de
1326 3669 1377 3697 Off]
1392 3668 1488 3703 quaest.
1575 3669 1606 3694 In
1620 3668 1731 3702 ingressu
1746 3668 1897 3695 contractus
1915 3668 1932 3695 l.
1946 3679 1963 3705 7
1981 3669 2003 3704 6.
2018 3679 2031 3704 ς
2051 3671 2077 3697 ff.
2097 3672 2128 3696 de
2140 3671 2207 3704 paCl'.

102 3714 113 3733 Ι
122 3712 174 3733 NG
185 3712 204 3732 R
214 3711 265 3731 AT
275 3711 283 3729 1
295 3708 311 3728 F
322 3703 384 3728 i'CV
393 3707 422 3732 S,
442 3710 472 3733 a,
488 3710 543 3727 um.
576 3703 636 3731 Adi.
671 3704 798 3741 [ἄχαρις]
851 3704 918 3731 Idem
936 3702 1001 3738 quod
1013 3704 1104 3738 Ingra-
1164 3706 1194 3730 In
1209 3704 1339 3738 ingressu,
1364 3704 1419 3730 vid.
1439 3711 1448 3729 1
1458 3711 1480 3730 N
1500 3702 1709 3737 Praepositionem.
1795 3704 1893 3730 Ciuilis
1906 3711 1932 3732 et
1943 3703 2071 3732 hninanns
2083 3706 2207 3732 dicendae

15 3738 22 3758 2
62 3748 114 3769 tus.
170 3741 227 3768 Cic.
241 3747 289 3774 pro
303 3738 371 3764 Sext.
381 3745 420 3763 121
439 3745 468 3763 ex
480 3738 572 3769 Poeta,
591 3739 615 3764 O
629 3739 771 3781 ingratifici
784 3741 895 3776 Argiui,
915 3739 1005 3766 inanes
1016 3738 1104 3771 Graii,
1166 3740 1309 3767 sententiae
1322 3740 1447 3774 ingressus
1471 3738 1601 3772 Qinffll.
1614 3748 1636 3771 3,
1649 3748 1677 3772 4.
1747 3739 1918 3773 Opportunus
1943 3741 2015 3768 Ideni
2028 3750 2060 3773 2,
2072 3749 2098 3773 4.

62 3779 233 3804 immemores
253 3772 386 3801 beneficii.
1111 3781 1159 3799 100
1202 3781 1211 3800 1
1221 3782 1244 3801 N
1255 3781 1275 3801 G
1285 3783 1305 3802 R
1313 3782 1334 3801 v
1344 3781 1364 3801 o
1374 3795 1383 3808 ‚
1404 3777 1457 3802 ere.
1499 3776 1512 3808 [
1524 3773 1658 3803 ἐπισκήπτω
1669 3774 1682 3808 ]
1738 3776 1816 3801 Simul
1827 3782 1851 3801 et
1862 3776 2011 3811 confertim,
2029 3778 2105 3801 veluti
2117 3784 2206 3811 gruum

97 3820 109 3840 1
120 3820 142 3839 N
153 3818 175 3839 G
185 3819 205 3838 R
214 3810 261 3837 A'V
271 3817 290 3836 Ο
299 3829 306 3840 ,
326 3814 378 3835 are.
415 3805 584 3847 [ἓπιξαρρνω]
639 3809 852 3847 Grauemfacere‚
872 3811 913 3837 vel
927 3810 1102 3844 Cor-rumpere,
1164 3819 1229 3837 more
1241 3810 1366 3838 inuadere.
1438 3809 1513 3843 Virg.
1527 3810 1592 3835 Aen.
1608 3819 1643 3842 12,
1657 3813 1706 3839 628
1735 3811 1838 3844 Ingruit
1852 3811 1950 3837 Aeneas
1962 3811 2031 3837 Italis
2040 3830 2048 3842 ,
2067 3817 2092 3836 et
2107 3812 2205 3844 praelia

61 3853 86 3875 et
100 3847 165 3883 quast
179 3849 297 3873 Grauiter
309 3843 414 3878 officere.
487 3843 554 3868 le.
568 3851 612 3876 19,
627 3847 640 3873 8
665 3845 752 3873 Postea
765 3847 860 3874 iisdem
873 3845 1013 3873 fruticibus
1026 3851 1103 3871 vtun-
1166 3845 1265 3872 miscet.
1336 3846 1419 3873 Plaut.
1432 3845 1527 3879 Amph.
1542 3853 1568 3877 1,
1584 3854 1609 3877 1,
1624 3851 1650 3876 81
1683 3845 1779 3875 Crebri
1793 3846 1878 3874 hostes
1892 3847 2000 3876 cadunt,
2019 3845 2101 3870 nostri
2113 3852 2204 3872 contra

30 3910 36 3920 Ι
63 3888 123 3914 tur,
140 3883 158 3909 fi
171 3891 225 3909 non
238 3881 348 3908 saeuitia
360 3878 456 3906 hiemis
471 3877 608 3912 ingrauat,
625 3880 729 3912 quand‘o
741 3881 990 3916 impatientissimum
1003 3880 1039 3907 est
1055 3880 1103 3906 fri·
1166 3880 1302 3914 ingruunt.
1372 3880 1473 3907 Aestate
1487 3881 1626 3914 ingruente
1658 3881 1787 3908 Columel.
1804 3891 1842 3914 11,
1855 3891 1878 3914 3.
1949 3881 2011 3906 Fato
2044 3880 2103 3905 Lin.
2116 3889 2150 3913 4,
2163 3889 2203 3911 32.

63 3927 169 3953 gerum.
247 3917 361 3951 Puppem
380 3915 502 3949 ingrauat
539 3913 600 3940 Stat.
614 3913 705 3940 Theb.
719 3922 748 3947 5,
768 3925 827 3949 402.
899 3919 1022 3954 Ingrauat
1041 3915 1104 3942 haec
1167 3917 1260 3951 Frigus
1295 3916 1425 3943 Columel.
1447 3925 1466 3948 4
1478 3935 1486 3947 ,
1508 3924 1551 3948 29.
1638 3917 1746 3945 Horror
1757 3926 1894 3944 armornm
1932 3916 2005 3948 Virg.
2020 3916 2086 3940 Aen.
2099 3924 2128 3945 2,
2151 3924 2204 3946 301.
2240 3915 2242 3919 ’

26 3988 29 3992 y
63 3955 154 3981 saeuus
183 3953 313 3984 Drances,
350 3954 370 3977 i.
395 3952 538 3986 Exaggerat
579 3949 654 3984 Virg.
666 3950 731 3978 Aen.
749 3958 791 3985 11,
809 3960 878 3988 220.v
968 3953 1104 3988 Languere
1115 3951 1256 3987 1051n1be1·
1267 3951 1369 3980 ferreus
1393 3951 1431 3978 Id.
1445 3951 1511 3979 ibid.
1525 3960 1569 3986 12,
1580 3956 1642 3988 284.
1713 3953 1815 3986 Metus,
1837 3953 1967 3985 Imminet,
1981 3949 2119 3986 impendet,
2138 3959 2205 3976 acce-

217 3994 309 4017 voz..
343 3987 386 4014 11.
1360 3994 1379 4023 7
1415 3987 1435 4016 Β
2147 3985 2206 4021 ιω,
