2479 4225
218 171 304 209 1203
623 147 639 189 Ι
716 144 762 186 N
848 141 892 182 T
1310 106 1312 110 ι
1456 153 1458 162 ¹
1726 136 1744 178 1
1831 136 1878 177 N
1958 137 2003 178 T
2271 106 2432 186 1204s

217 246 326 279 Heliog.
338 252 358 275 r,
369 250 401 278 27
424 238 530 268 Exoleti
545 235 724 265 extramurani
737 241 763 262 et
775 228 960 261 intramuraui.
995 227 1064 257 Add.
1078 226 1200 255 Ambros.
1211 225 1259 262 Ep.
1319 225 1351 286 ξι
1365 225 1393 251 ἰη
1408 225 1502 254 domos
1519 225 1600 254 etiam
1613 224 1772 266 introduitit.
1827 226 1953 265 *Nouum
1967 226 1995 252 in
2003 226 2115 260 Republ.
2128 224 2279 260 exemplum
2291 222 2365 252 Caes.

219 290 256 316 33.
297 279 353 307 l'id.
367 277 481 305 Borm‘ch.
495 277 576 312 Cogit.
591 281 618 309 p.
633 280 688 308 ¹48·
1342 262 1386 288 .C.
1404 271 1424 295 ι,
1437 270 1463 296 7.
1558 261 1716 289 Praesidium
1731 270 1759 288 m
1772 262 1901 296 opp1dum
1918 262 1991 288 Idem
2004 263 2072 288 B.C.
2086 271 2105 294 1,
2121 270 2154 294 13.
2249 261 2365 295 Metony-

255 322 296 342 ιΝ
306 320 415 340 TRAN
425 317 551 338 SMEAB
563 317 573 336 1
583 316 617 336 LI
629 317 641 336 s
653 328 661 341 ‚
681 316 704 333 e.
740 303 800 331 Adi.
832 300 955 329 lornand.
970 299 1001 326 de
1014 299 1080 326 Reb.
1096 299 1156 326 Get.
1322 299 1398 329 min,
1415 298 1471 324 Cic.
1486 297 1518 323 de
1532 298 1594 324 Nat.
1610 298 1641 323 D.
1655 306 1675 329 1,
1689 305 1722 323 20
1741 297 1790 323 Sed
1810 297 1855 324 illa
1877 297 2000 332 palmaris
2022 296 2146 331 quidem,
2164 296 2235 332 quod
2250 295 2298 330 qui
2311 301 2367 321 non
2450 323 2456 330 .

255 358 266 378 1
275 357 294 375 N
303 355 381 377 TRA
390 354 411 373 T
422 355 441 374 V
451 354 464 374 s
475 366 483 379 ‚
512 345 565 373 „jd-
587 352 597 370 1
608 352 629 371 N
638 350 685 369 TR
695 347 723 367 ο,
1322 331 1402 358 modo
1414 340 1507 360 matum
1518 333 1646 359 mundum
1661 332 1856 366 introduxerit,
1876 332 1918 359 sed
1932 333 2012 359 etiam
2025 341 2104 359 manu
2117 341 2198 367 paene
2210 331 2310 358 factum
2319 349 2327 362 ,
2346 332 2367 356 i.
2410 336 2414 339 ⁵

254 392 266 411 1
277 392 297 412 N
310 391 331 410 T
340 391 359 410 R
369 381 386 409 ἑ
394 390 418 410 Μ
427 390 447 410 0
483 381 512 408 ui
547 383 599 408 ere.
634 374 784 411 [ἕντρομέω]
819 370 926 407 Aliquid
943 370 1105 397 vehementiae
1125 378 1154 395 ex
1166 374 1259 403 compo·
1279 367 1293 395 5
1312 367 1462 403 sententiam
1475 369 1503 394 de
1515 369 1613 395 mundo.
1669 369 1709 395 sse
1722 368 1826 394 Lucret.
1835 377 1858 401 3,
1870 370 1919 401 630
1938 368 2054 395 Ρίἑῖοιες
2067 368 2157 402 itaque
2169 373 2194 394 et
2209 367 2368 402 scriptorum

211 420 304 457 1Πτίοηο
321 422 424 454 accepit.
456 402 565 445 'Totiim
578 421 670 446 corpus
686 409 804 436 intremit
824 408 891 434 Cels.
905 415 928 438 3,
940 414 962 438 3.
1019 406 1085 431 Plin.
1100 413 1125 437 2,
1140 409 1153 435 8
1175 404 1259 443 Intre-
1321 402 1401 428 saecla
1415 404 1504 437 priora
1529 404 1570 430 Sic
1584 405 1691 431 Animas
1705 403 1911 430 introduxerunt
1926 403 2039 430 sensibus
2052 402 2147 430 auetas.
2218 403 2275 428 Cic.
2289 400 2369 427 Acad.

220 462 295 484 munt
313 463 380 481 vcro
398 459 424 480 et
445 453 473 480 in
491 451 601 479 nauibus
617 446 711 481 posita,
731 451 814 478 aeque
834 452 913 478 quam
929 442 957 468 in
970 440 1107 468 aedificiis.
1178 438 1258 478 Ouid.
1322 447 1347 477 a,
1361 446 1406 469 131.
1461 440 1492 465 Et
1504 440 1556 466 Off.
1570 449 1594 472 3,
1609 449 1633 466 12
1654 440 1716 466 Non
1730 439 1852 466 videatur
1864 439 1981 466 debuisse
1995 438 2130 465 eiusmodi
2146 436 2369 464 deliberationem
2411 437 2428 449 ·’
2448 436 2458 471 ᾖ

220 493 284 519 Met.
297 499 319 522 2,
332 495 375 520 180
398 489 508 520 Palluit,
528 492 552 513 et
566 483 653 510 subito
668 482 759 507 Genua
774 480 934 505 intremuere
948 478 1055 504 timore.
1127 474 1259 514 Id.Tr1st.
1323 473 1508 509 introducere,
1528 476 1556 502 in
1571 484 1638 510 qua,
1656 482 1702 501 etc.
1730 477 1749 501 i.
1763 478 1789 500 in
1801 476 1864 501 libro
1873 475 1920 510 suo
1930 482 2030 510 ponere.
2134 473 2189 499 Cic.
2207 468 2370 507 Philippum,

220 535 233 559 3
258 535 266 553 1
289 528 320 559 56
346 525 445 559 Aspicis
459 524 571 549 alternos
585 516 744 544 intremuisse
760 514 846 549 pedes.
901 513 993 539 Vndae
1009 512 1170 538 intremuere
1184 511 1260 543 Virg.
1322 517 1350 540 19
1372 518 1393 535 c.
1409 514 1422 539 8
1443 510 1528 542 Quam
1542 511 1724 538 Ambitionem
1737 510 1952 537 constantissimus
1964 515 1990 536 ct
2004 508 2165 545 grauissimus
2179 507 2246 534 ciuis
2258 508 2289 534 L.
2304 508 2369 534 Cae-

220 546 285 588 Aeri.
302 569 325 593 3,
340 563 394 595 όῑι.
486 553 662 583 Hannibalem
680 550 797 577 &neritus
812 548 950 581 intremit,
977 551 995 574 i.
1008 553 1115 584 propter
1129 546 1261 572 Hanniba·
1274 553 1305 572 10
1322 545 1363 571 sar
1381 544 1411 570 in
1423 544 1544 572 Senatum
1563 546 1711 572 introduxit
1726 547 1734 572 3
1756 545 1884 582 sententia
1898 546 1962 581 sua,
1980 555 2034 572 cum
2042 547 2147 580 priuato
2167 543 2276 570 decreuit
2294 545 2371 577 impe—

219 598 266 625 1em
284 597 330 623 Sil.
347 588 456 626 161664.
484 594 502 617 i.
519 593 597 617 timet.
1322 582 1398 607 rium.
1471 581 1526 608 Cic.
1539 581 1608 608 filius
1623 582 1694 608 Fam.
1710 584 1752 613 16,
1773 590 1797 607 ει
1823 582 1880 608 Hac
1900 581 2050 608 introducta
2063 578 2276 610 Consuetudine,
2295 578 2371 612 saepe
2442 605 2447 614 ὁ

257 638 269 658 1
280 637 383 658 NTRE
393 636 455 656 Mis
465 633 480 653 C
490 632 525 658 O,
548 626 601 651 ere.
637 622 824 658 [ἔντρεμὶμαι]
860 620 938 648 Idem.
974 618 1041 646 Plin.
1057 627 1086 651 2,
1106 624 1141 652 79
1165 616 1261 650 Neque
1323 615 1495 642 inscientibus
1510 617 1586 644 nobis
1606 625 1630 643 et
1650 617 1822 644 coenantibus
1836 616 1952 651 obrepit.
1987 615 2056 643 Add.
2071 615 2131 641 Val.
2143 614 2253 641 Maxim.
2267 621 2293 645 2,
2308 615 2335 645 6,
2348 619 2372 645 5.

219 668 292 695 enim
316 672 428 699 vnquam
452 660 633 688 intremiscunt
655 664 759 690 terrae,
788 655 838 684 nisi
866 655 955 689 sopito
982 654 1059 682 mari.
1112 651 1182 679 Add.
1205 651 1262 679 Ob·
1323 650 1494 678 Pseudo-Cic.
1513 652 1541 678 in
1553 652 1651 679 Sallust.
1667 661 1677 679 1
1714 652 1743 678 Id
1766 662 1828 684 vos,
1857 652 1875 679 fi
1898 653 1969 679 forte
1987 649 2174 682 offendimini,
2193 648 2287 675 iustius
2305 647 2371 675 huic

220 705 272 737 seq¹
299 711 320 727 c,
340 708 383 732 13¹·
753 728 760 733 .
968 724 975 730 ⁶
1324 695 1404 726 quam
1419 686 1487 713 mihi
1509 688 1656 715 succensere
1669 687 1861 728 debetis,·q11i
1883 687 1996 714 Initium
2015 685 2172 713 introduxit.
2264 683 2321 710 Cic.
2338 683 2372 709 de

256 745 265 763 1
276 745 296 763 N
306 742 326 761 T
336 742 353 761 R
364 739 414 760 EM
426 729 536 762 ῢινς,
561 739 591 763 a,
618 739 672 756 um.
709 727 770 755 Adi.
813 726 910 754 Auson.
928 724 1049 760 Epitaph.
1067 723 1190 751 Heroum
1209 731 1263 756 344
1277 722 1304 748 15
1325 723 1411 749 Anne.
1424 730 1436 754 3
1457 731 1477 749 c.
1493 731 1503 749 ι
1524 724 1652 751 Catonem
1666 723 1805 750 introduxi
1820 725 1907 750 senem
1922 723 2105 757 disputantem.
2148 721 2224 747 Vetus
2239 718 2316 746 codex
2328 718 2373 745 ha-

218 771 388 800 Intremulam
402 767 497 795 baculo
508 775 562 793 non
576 765 703 792 subeunte
716 771 833 790 manum.
1323 758 1363 784 het
1376 757 1483 785 Induxi.
1549 760 1587 786 Id.
1601 768 1648 794 pro
1663 759 1734 785 Cael.
1752 768 1774 785 c.
1790 766 1814 791 15
1842 758 1924 786 Nulla
1939 759 2050 785 Persona
2065 755 2217 783 introduEta
2231 761 2320 781 tecum
2333 754 2374 780 10-

254 815 263 833 1
275 812 297 832 N
309 812 329 831 Τ
338 812 356 831 R
366 810 383 830 Ε
394 811 409 830 r>
419 805 455 830 'in
466 810 485 828 v
496 810 508 829 s
517 822 525 835 ,
545 810 569 833 a,
589 810 642 827 um.
680 800 739 826 Adi.
769 796 901 833 [lia-fmus,
914 793 1000 829 οἷδεῆς]
1038 796 1089 830 Qei
1102 795 1168 821 nihil
1180 796 1261 826 timet,
1324 801 1402 828 quor.
1473 793 1531 821 Cic.
1542 796 1621 822 Attic.
1637 798 1674 827 16,
1688 802 1712 827 15
1739 795 1874 821 Possumus
1892 794 1979 827 enim,
1999 799 2028 820 vt
2044 792 2180 827 sponsores
2197 790 2374 826 appellentur,

215 840 363 877 impauidus.
409 839 474 865 Plin.
488 838 516 864 in
532 837 638 871 praefat.
652 844 664 867 3
696 833 745 861 Sed
762 833 828 860 haec
846 832 904 867 quis
924 831 1005 866 posset
1018 830 1166 865 intrepidus
1187 829 1261 855 aesti-
1321 834 1522 864 procuratorem
1539 830 1727 858 introducere.¹
1754 830 1808 856 vid.
1824 831 1932 856 Gronou.

215 885 287 904 mare
301 875 433 902 subiturus
448 873 548 907 ingenii
561 873 601 898 tui
614 871 755 902 iudicium,
775 868 930 904 praesertim
945 865 1085 892 laceffitum
1096 868 1105 892 ἒ
1167 865 1262 891 Hiems
1360 872 1430 891 INT
1440 871 1459 891 R
1468 872 1487 891 o
1496 871 1544 892 DV
1553 872 1570 893 c
1581 873 1597 892 τι
1612 875 1621 893 1
1630 873 1649 892 Ο
1658 886 1666 898 ,
1686 865 1753 892 anis.
1780 866 1801 892 f.
1838 864 1993 898 [εἷσαγωγιὶ]
2029 863 2086 890 Cic.
2094 862 2148 889 Ait.
2162 864 2219 893 1‚16
2237 862 2292 888 Iam
2304 869 2374 888 vero

215 912 306 939 Tacit.
321 911 349 936 in
363 910 422 936 Vita
439 908 576 943 Agricolae
596 916 617 933 c.
632 915 668 933 22.
698 909 716 932 i.
729 906 779 938 sine
792 911 854 930 motu
866 900 1006 930 transatio.
1079 901 1167 929 Verba
1182 901 1263 928 intre·
1273 903 1309 922 20
1323 899 1340 927 ὂ
1359 899 1398 926 dii
1417 900 1499 931 boni,
1517 909 1572 928 rem
1583 903 1714 938 perditam
1729 912 1736 928 :
1760 901 1842 927 etiam
1861 901 1950 927 noctes
1969 905 2101 925 certarum
2115 898 2274 927 mulierum,
2292 902 2374 931 atque

215 947 275 983 pida
290 945 405 972 constent
421 945 477 970 Sen.
491 944 571 977 Hipp.
588 943 606 969 s.
621 950 642 976 ς.
715 941 810 967 Vultus
828 938 910 966 Ouid.
927 938 991 964 Met.
1006 945 1042 968 13,
1055 942 1112 970 478.
1321 935 1577 963 adolescentulorum
1595 938 1731 964 nobilium
1750 936 1965 963 introductiones
1979 955 1988 967 ‚
2011 934 2146 960 nonnullis
2167 932 2302 959 iudicibus
2322 939 2374 967 pro

250 988 321 1009 ιΝΤ
331 988 373 1008 RE
385 987 400 1006 1>
410 980 446 1006 il)
458 986 473 1005 E
483 999 490 1006 .
528 979 595 1005 Adu.
633 975 741 1012 [οἰδεῶς]
784 977 840 1003 Sine
850 982 956 1010 pauore,
973 971 1100 1011 aaaron.
1137 972 1198 999 Liu.
1218 973 1261 1002 26,
1323 971 1453 998 mercedis
1477 973 1584 1000 cumulo
1609 974 1727 1000 fuerunt.
1833 971 2003 999 introductio
2023 969 2120 996 saeculi
2134 968 2298 996 Tertullian.
2312 967 2374 995 adu.

215 1027 235 1052 4
259 1017 396 1052 Postquam
412 1014 573 1042 assuetudine
587 1013 742 1048 quotidiana
761 1011 820 1039 satis
840 1009 972 1044 intrepide
985 1009 1072 1034 Visum
1091 1007 1126 1034 est
1140 1008 1215 1039 fieri,
1232 1007 1261 1033 in
1322 1008 1405 1035 Marc.
1419 1014 1442 1040 5,
1455 1009 1480 1034 6-
1511 1006 1544 1041 est
1557 1009 1623 1036 milvi!
1639 1009 1722 1042 aliud,
1743 1016 1816 1044 quam
1833 1008 1908 1035 huius
1925 1004 2033 1039 uniuersi
2046 1003 2190 1041 produHio.

214 1062 350 1087 campum,
369 1057 414 1078 etc.
508 1049 632 1078 Fabulari
652 1048 756 1083 Apulei.
777 1046 878 1075 Florid.
900 1054 924 1080 p.
939 1046 993 1077 365.
1065 1043 1142 1080 Conf.
1160 1044 1259 1070 Auson.
1361 1048 1745 1083 INTRODVCTQRuss,
1775 1053 1808 1075 a,
1838 1052 1894 1070 um,
1941 1041 2085 1069 Caffiodor.
2107 1040 2202 1067 Diuin.
2219 1037 2330 1066 lediion.
2351 1046 2376 1066 c.

213 1089 323 1125 praefat.
344 1096 365 1120 3.
1273 1081 1305 1109 25
1324 1088 1352 1111 ²4
1369 1079 1427 1105 Post
1440 1079 1650 1107 introductorios
1663 1080 1757 1107 libros.
2170 1099 2183 1104 -

250 1131 290 1151 1N
302 1130 350 1150 TR
360 1129 376 1148 E
387 1130 403 1150 1>
412 1129 422 1149 1
433 1128 451 1148 r>
462 1127 485 1148 Α
497 1127 518 1147 Ν
530 1127 576 1148 TE
585 1128 620 1148 R.
655 1119 723 1146 Adu.
762 1117 839 1146 Idem.
873 1115 982 1143 Nonius
1003 1123 1042 1149 12,
1055 1122 1094 1149 44
1117 1113 1221 1141 Festine
1236 1119 1263 1141 et
1361 1121 1371 1140 1
1381 1121 1404 1140 N
1414 1121 1435 1140 Τ
1445 1121 1463 1140 R
1475 1121 1494 1140 0
1505 1120 1523 1140 Ε
1534 1121 1570 1148 ο,
1588 1116 1645 1148 ῖιιί,
1662 1117 1732 1142 'stum
1741 1136 1749 1148 ‚
1766 1118 1816 1142 ire.
1851 1112 1992 1148 [ἒμζαίνω,
2007 1112 2167 1148 εἰσέρχομαι]
2204 1112 2320 1141 Intrare,
2336 1110 2376 1135 in·

213 1159 404 1194 intrepidanter
417 1156 563 1184 ascendere.
1322 1149 1404 1187 gredi.
1440 1150 1510 1176 Ter.
1525 1151 1604 1178 Andr.
1619 1160 1641 1184 3,
1654 1160 1681 1184 4,
1698 1161 1715 1177 ιι
1736 1152 1772 1178 Vt
1786 1151 1847 1177 hinc
1867 1156 1893 1177 te
1906 1149 1962 1176 iuffi
1974 1149 2106 1181 introire,
2123 1152 2281 1183 'opportune
2289 1143 2390 1179 hicflp
2442 1179 2446 1181 λ

251 1202 292 1221 ιΝ
305 1201 327 1221 Τ
339 1201 357 1220 R
368 1201 376 1218 1
387 1199 431 1219 BV
442 1199 477 1223 o,
496 1194 549 1218 ere.
587 1190 699 1218 Traian.
720 1188 787 1215 Plin.
803 1188 882 1222 Epist.
898 1195 935 1219 ιο,
948 1193 976 1220 35
1003 1186 1048 1213 Ne
1062 1185 1127 1221 quid
1141 1185 1203 1212 ideo
1221 1185 1261 1212 in-
1324 1186 1394 1213 mihi
1407 1185 1527 1212 obuiam.
1597 1187 1715 1213 Introire
1734 1187 1763 1213 in
1777 1186 1852 1213 aedes
1870 1186 1953 1212 Plaut.
1969 1184 2064 1219 Amph.
2078 1192 2104 1216 2,
2119 1191 2140 1215 1,
2153 1190 2198 1217 70.
2269 1181 2300 1207 In
2311 1179 2376 1207 alie·
2417 1201 2421 1203 ι

213 1230 348 1262 tribuant,
374 1231 391 1254 i.
409 1228 569 1254 contribuant
586 1229 613 1252 in
632 1235 683 1252 rem
702 1232 746 1251 out
758 1224 827 1261 usum
839 1225 951 1259 aliquem.
988 1222 1063 1258 Conf.
1079 1221 1184 1256 leian.
1199 1221 1261 1256 Dig.
1323 1231 1386 1248 nam
1404 1221 1516 1248 domum
1534 1220 1573 1248 Id.
1586 1223 1644 1249 Mil.
1658 1231 1685 1254 4,
1699 1238 1726 1254 ψ,
1739 1231 1776 1254 32·
1871 1223 1902 1248 In
1915 1221 2009 1248 vrbem
2027 1220 2084 1247 Cic.
2097 1219 2170 1245 Fam.
2186 1226 2207 1250 ι,
2219 1225 2246 1249 9.
2281 1222 2306 1242 et
2319 1216 2374 1242 Att.

215 1274 245 1299 14
267 1272 285 1291 t.
298 1274 316 1298 4
336 1264 368 1290 de
388 1263 514 1299 tributor.
527 1262 577 1289 ac‘l.
599 1261 616 1289 l.
629 1270 645 1295 9
669 1259 692 1298 §.
708 1269 729 1286 2.
1273 1262 1306 1287 30
1325 1265 1353 1293 7,
1372 1265 1398 1291 7.
1470 1257 1624 1284 Contraria:
1662 1258 1719 1284 Cic.
1734 1258 1766 1284 de
1780 1257 1887 1284 Amicit.
1909 1264 1935 1290 15
1962 1266 1984 1283 c.
1998 1265 2017 1289 4
2049 1253 2233 1288 Quamobrem
2252 1260 2313 1278 cum
2327 1251 2378 1278 illo

248 1307 258 1327 1
269 1307 289 1325 N
302 1306 323 1326 Τ
334 1304 519 1331 RIBVTIO,
538 1297 607 1324 onis.
642 1296 661 1322 f.
698 1295 800 1322 Paullus
816 1300 912 1329 recept.
925 1294 1040 1320 Sentent.
1057 1301 1070 1318 2
1089 1292 1131 1320 tit.
1145 1299 1163 1326 7
1188 1292 1259 1318 Sent.
1345 1293 1436 1319 uidem
1456 1295 1497 1324 (vt
1517 1293 1592 1327 supra
1610 1293 1685 1325 dixi)
1702 1292 1791 1319 aclum'
1809 1293 1910 1327 optime
1930 1292 1982 1325 est,
2001 1299 2106 1317 mecum
2121 1296 2210 1316 autem
2227 1287 2378 1315 incommo-

211 1335 265 1362 Vlt.
280 1334 397 1362 Collatio
412 1333 596 1360 intributionis
610 1332 647 1358 ob
661 1331 761 1358 iactum
776 1331 844 1357 salua
858 1339 925 1356 naue
938 1329 998 1356 fieri
1012 1328 1100 1356 debet.
1136 1328 1211 1364 Conf.
1221 1326 1261 1354 Id.
1325 1303 1402 1355 dius:
1427 1337 1508 1363 quem
1522 1329 1609 1355 fuerat
1630 1329 1757 1363 aequius,
1774 1333 1803 1355 vt
1823 1329 1896 1362 prius
1916 1328 2075 1354 introieram
2085 1346 2092 1358 ‚
2109 1325 2142 1351 fic
2157 1324 2231 1360 prius
2251 1323 2326 1350 exire
2343 1321 2379 1348 de

213 1371 273 1405 Dig.
286 1380 317 1404 50
338 1376 356 1397 t.
371 1379 381 1396 1
408 1370 426 1395 1.
440 1378 467 1396 22
493 1367 516 1406 ᾗ.
530 1377 555 1404 7.
591 1375 614 1394 et
629 1368 687 1402 le.
705 1368 737 1393 D.
751 1375 782 1400 50
806 1372 823 1392 t.
837 1375 856 1399 4
876 1366 893 1392 l.
908 1368 925 1392 6
951 1364 974 1402 §.
990 1375 1016 1399 4.
1030 1372 1052 1397 ς.
1324 1365 1390 1391 vita.
1486 1364 1555 1390 Ter.
1564 1365 1632 1390 'l-iec.
1645 1374 1673 1398 4,
1689 1373 1714 1396 ι,
1733 1372 1761 1397 35
1790 1364 1893 1390 Audisti
1913 1359 1945 1393 ex‘
1965 1363 2057 1398 aliquo
2077 1362 2198 1392 fortasse,
2218 1359 2266 1394 qui
2284 1357 2378 1385 vidisse

247 1413 257 1432 1
269 1413 289 1432 Ν
302 1411 395 1433 TR1C
407 1411 442 1437 0,
467 1409 519 1431 are.
556 1405 714 1438 [ἔμπλέκω]
764 1403 912 1438 Implicarc,
926 1405 969 1427 cui
986 1401 1141 1427 contrarium
1161 1397 1195 1431 est
1212 1399 1261 1425 Ex·
1325 1409 1386 1426 eum
1405 1399 1504 1426 diceret
1524 1406 1680 1432 exeuntem,
1699 1406 1745 1425 aut
1758 1400 1939 1426 introeuntem
1958 1398 1992 1425 ad
2008 1398 2129 1424 amicam.
2217 1395 2244 1421 Si
2264 1394 2379 1429 Polypu-

211 1441 290 1469 trico.
346 1441 473 1467 Intricare
485 1440 617 1475 peculium
630 1439 735 1473 leian.
749 1438 776 1464 in
790 1438 807 1464 l.
822 1447 831 1464 1
852 1435 875 1474 §.
889 1438 938 1463 vlt.
959 1437 992 1462 D.
1006 1435 1037 1462 de
1050 1436 1128 1462 seruo
1141 1440 1260 1469 corrupt.
1275 1439 1306 1467 35
1325 1436 1354 1462 in
1368 1436 1431 1462 naso
1446 1435 1584 1462 introierit
1603 1437 1669 1462 Cato
1684 1436 1715 1461 R.
1730 1435 1761 1461 R.
1777 1442 1831 1468 157,
1845 1443 1878 1468 15.
2073 1430 2094 1469 ff
2115 1441 2132 1459 2
2168 1433 2316 1462 Iun-citur,
2333 1431 2381 1456 im-

210 1477 335 1505 Intricari
350 1478 426 1503 Mart.
440 1475 538 1511 Capell.
554 1484 563 1502 1
585 1484 609 1509 p.
625 1483 665 1508 14.
700 1473 768 1501 Add.
783 1473 857 1500 Non.
872 1482 896 1504 ι,
913 1473 955 1498 26.
1317 1471 1420 1508 perfim.
1458 1469 1641 1505 [ἒμέαίιεται]
1661 1471 1743 1510 ⁵Cato
1763 1479 1783 1496 c.
1798 1473 1833 1496 66
1850 1478 1892 1505 pr.
1918 1469 2018 1495 Caucat
2030 1476 2109 1503 quam
2122 1467 2265 1500 minimum
2281 1465 2311 1491 iu
2324 1471 2381 1491 tor-

249 1520 258 1538 1
269 1520 291 1539 Ν
302 1519 322 1538 T
334 1520 352 1539 R
361 1519 369 1538 1
378 1518 395 1539 C
404 1513 425 1538 Ᾱ
435 1519 456 1538 Τ
467 1518 486 1536 v
496 1518 508 1538 s
518 1531 524 1543 ,
545 1519 569 1543 a,
589 1519 643 1536 um.
681 1511 748 1536 Part.
785 1509 865 1535 Plaut.
877 1514 1025 1542 argument.
1038 1506 1107 1532 Pers.
1126 1515 1152 1533 v.
1173 1513 1186 1538 5
1215 1505 1262 1531 At·
1324 1507 1458 1534 cularium
1470 1513 1496 1533 ct
1509 1507 1536 1533 in
1552 1507 1645 1532 cellam
1658 1508 1817 1533 introeatur.
1873 1505 1941 1532 Add.
1951 1505 2038 1530 Varro
2054 1503 2084 1529 R.
2093 1503 2123 1528 R.
2139 1510 2159 1534 ι,
2172 1504 2213 1534 63.
2279 1499 2381 1527 Introi-

211 1557 263 1584 que
277 1549 312 1575 ita
327 1548 478 1574 intricatum
493 1547 561 1573 ludit
576 1551 667 1580 potans
681 1544 838 1572 Dordalum.
906 1544 961 1569 Leo
976 1543 1058 1569 Plaut.
1073 1542 1141 1568 Pers.
1155 1551 1181 1574 4,
1198 1549 1222 1572 1,
1235 1549 1262 1574 9.
1325 1548 1384 1570 tum
1396 1542 1431 1569 est
1446 1543 1475 1568 in
1490 1541 1605 1569 fundum
1616 1542 1734 1568 alienum
1754 1541 1861 1576 leian.
1880 1541 1910 1568 in
1925 1540 1943 1567 l.
1958 1541 2012 1566 Lex
2027 1537 2154 1566 Cornelia
2174 1537 2207 1563 D.
2219 1535 2253 1562 de
2271 1535 2381 1562 iniuriis

248 1591 258 1610 1
271 1591 289 1609 N
300 1589 321 1609 'r
332 1590 350 1610 R
361 1590 368 1608 1
380 1588 430 1610 Go
442 1602 450 1615 ‚
475 1582 529 1609 uid.
546 1583 615 1609 locus
634 1582 771 1613 Varronis,
797 1589 867 1616 quem
886 1578 974 1606 domus
990 1582 1018 1605 in
1038 1582 1263 1609 1NTERTR1G0‚
1326 1584 1352 1605 et
1371 1578 1477 1604 famofis
1493 1577 1602 1604 libellis,
1940 1576 1945 1579 ”

205 1619 253 1656 sub
272 1625 430 1645 1N‘rnRo.
1267 1616 1306 1642 40
1359 1621 1370 1640 1
1380 1614 1537 1641 NTRo'iT
1547 1620 1605 1646 vs,
1626 1621 1651 1645 a,
1667 1621 1721 1639 um.
1758 1611 1853 1639 Partic.
1893 1610 2019 1645 leianus
2039 1609 2068 1636 in
2088 1609 2104 1635 l.
2122 1609 2177 1635 Lex
2191 1607 2318 1634 Cornelia
2344 1606 2379 1633 D.

250 1651 529 1680 1NTR1NS113'CVS.
564 1651 631 1678 Adu.
667 1650 786 1685 [ἒίτοθεν]
823 1649 888 1686 quod
902 1649 1004 1676 barbari
1018 1648 1058 1675 Ab
1072 1648 1143 1675 intra
1157 1647 1262 1673 dicunt.-
1325 1649 1358 1676 de
1376 1649 1459 1676 iniur.
1484 1655 1510 1675 et
1531 1649 1595 1675 fam.
1615 1648 1663 1675 lib.
1703 1648 1759 1681 Qti
1780 1647 1942 1674 iniuriarum
1971 1654 2048 1681 aget-e
2071 1644 2144 1671 volet
2165 1643 2201 1670 ob
2226 1652 2283 1669 eam
2306 1650 2381 1675 rem,

212 1691 254 1715 cui
266 1691 417 1715 contrarium
431 1686 463 1720 est
475 1687 648 1714 Extrinsecus.
720 1687 796 1712 Iecur
808 1685 964 1712 intrinsecus
979 1693 1083 1716 cauum,
1100 1683 1262 1710 extrinsecus
1325 1685 1399 1719 quod
1418 1686 1443 1711 se
1463 1685 1592 1719 pulsatum
1612 1683 1832 1716 verberatumue‚
1853 1683 1997 1709 domumue
2014 1682 2088 1708 suam
2108 1680 2136 1706 vi
2156 1679 2294 1706 introitam
2316 1679 2382 1710 esse,

213 1723 323 1758 gibbum
338 1723 404 1749 Cels.
419 1732 447 1756 4,
462 1731 482 1749 ι.
551 1722 657 1748 Colum.
671 1729 707 1752 ιε,
721 1728 753 1753 43
779 1721 843 1745 Lata
858 1721 917 1746 vasa
938 1720 967 1745 in
981 1719 1091 1745 modum
1111 1719 1260 1751 patinarum
1325 1721 1410 1751 dicat,
1428 1728 1474 1746 etc.

214 1760 273 1785 fieri
288 1758 413 1791 iubebat,
433 1766 515 1792 eaque
531 1757 686 1784 intrinsecus
707 1760 732 1781 et
750 1755 910 1782 extrinsecus
930 1754 1072 1787 diligenter
1092 1754 1184 1786 picari.
1219 1754 1263 1780 Sic
1362 1757 1604 1786 1NTR0'1'TVS‚
1625 1752 1664 1781 sis.
1701 1764 1737 1781 m.
1775 1753 1913 1788 [guazo-as,
1934 1750 2034 1787 ἔσοδος]
2072 1751 2127 1788 Ipfi'
2139 1749 2285 1777 introeundi
2301 1747 2383 1776 afrus.

213 1794 280 1821 Plin.
299 1803 329 1824 11,
348 1801 389 1827 37.
1269 1793 1304 1819 43
1326 1791 1400 1816 Caes.
1413 1790 1479 1815 Bell.
1495 1790 1525 1815 C.
1540 1798 1559 1819 1,
1573 1798 1600 1815 21
1621 1789 1729 1815 Tamen
1741 1791 1860 1821 veritus,
1878 1799 1911 1816 ne
1929 1789 2048 1815 militum
2067 1787 2196 1818 introitu,
2216 1792 2242 1812 et
2255 1784 2383 1812 nocturni

247 1836 257 1855 1
268 1836 290 1855 N
302 1835 321 1853 T
330 1836 347 1855 R
358 1836 365 1854 ι
377 1835 391 1854 Ρ
402 1835 418 1854 Ε
428 1833 445 1852 D
455 1833 473 1853 O
482 1846 490 1858 ‚
506 1829 557 1852 are.
584 1825 669 1852 Orbes
682 1824 766 1851 variis
780 1824 922 1850 inflexibus
937 1822 1100 1857 intripedare
1114 1820 1263 1853 Symmach·
1325 1824 1454 1858 temporis
1473 1824 1580 1850 licentia
1596 1823 1726 1857 oppidum
1741 1824 1916 1858 deriperetur.
2011 1822 2147 1848 Aduentus
2168 1828 2194 1847 et
2209 1821 2337 1847 introitus
2350 1821 2381 1846 in

212 1871 252 1900 ap.
268 1863 390 1890 Iornssnd.
404 1863 436 1888 de
450 1861 514 1887 Reb.
528 1862 588 1886 Ges.
606 1869 628 1886 c.
643 1867 677 1891 15.
714 1860 747 1885 al.
762 1858 938 1892 interpedarc.
979 1858 1037 1883 Vid.
1053 1858 1154 1891 SGIJHCJ]
1168 1857 1202 1882 ad
1215 1857 1264 1882 ca·
1325 1860 1421 1886 vrbem]
1440 1859 1497 1885 Cic,
1517 1867 1565 1891 pto
1580 1859 1668 1885 DOan
1690 1867 1711 1884 c,
1728 1864 1767 1889 28,
1853 1858 2050 1888 Clandestinus,
2077 1858 2130 1883 vid,
2149 1855 2332 1883 Clandestinus
2351 1857 2382 1881 in

212 1900 318 1935 pitolin.
334 1900 402 1925 Max.
422 1904 445 1923 et
458 1897 524 1923 min.
538 1904 551 1928 3
578 1904 602 1930 p.
617 1902 633 1927 9
653 1893 735 1920 Hack-
764 1899 788 1920 et
805 1901 865 1928 quae
887 1892 945 1917 inde
963 1891 1049 1917 damus
1068 1894 1097 1917 in
1120 1897 1143 1917 Τ
1156 1897 1222 1916 RE?
1234 1897 1243 1915 1
1254 1906 1264 1911 -
1329 1900 1430 1920 CLAM.
1502 1894 1593 1919 Tacit.
1609 1893 1696 1925 Agric.
1711 1902 1747 1925 40
1772 1895 1810 1918 Ac
1823 1902 1857 1918 ne
1870 1893 2007 1924 NotabiJis
2023 1892 2195 1922 celebritate,
2212 1897 2238 1917 et
2255 1891 2383 1924 frequen·
2442 1913 2449 1923 ,

214 1940 234 1962 D
248 1943 255 1961 1
268 1943 289 1963 Α
303 1943 320 1961 R
335 1941 344 1960 1
360 1941 369 1959 1
380 1953 386 1959 .
1326 1929 1364 1954 tia
1379 1927 1576 1953 occurrentium
1590 1927 1718 1952 introitus
1731 1927 1800 1952 esset.
1871 1927 1998 1960 Squalens
2017 1926 2062 1951 Sil.
2077 1934 2118 1957 ις,
2131 1930 2182 1958 398ι
2253 1925 2384 1951 Introitus
2419 1928 2421 1934 “

249 1977 259 1997 1
268 1978 290 1997 N
301 1977 322 1997 Τ
331 1977 349 1996 R
362 1977 370 1995 i
387 1974 408 1995 Τ
418 1975 440 1995 A
449 1987 457 2000 ‚
483 1973 494 1992 1
504 1973 527 1993 N
537 1972 603 1993 ΤΗΙ
615 1972 636 1992 Τ
645 1970 666 1990 V
675 1971 688 1992 s
697 1984 706 1997 ‚
740 1963 795 1991 vid.
817 1970 826 1989 1
837 1969 888 1990 NT
898 1969 914 1989 Ε
923 1969 942 1988 R
952 1968 983 1989 0.
1275 1965 1307 1991 50
1327 1963 1356 1988 in
1369 1963 1472 1987 causam
1487 1962 1543 1987 Cic.
1559 1961 1612 1986 Att.
1626 1969 1645 1991 1,
1659 1965 1693 1990 ιε.
1766 1961 1866 1987 Omnes
1886 1960 2013 1988 introitus
2027 1967 2102 1987 erant
2121 1959 2245 1995 praeclusi
2265 1960 2338 1986 Caes.
2352 1960 2391 1987 B.-

248 2013 258 2031 1
270 2013 288 2030 N
299 2013 320 2032 T
334 2014 346 2028 κ
365 2010 396 2030 ο.
433 2002 511 2037 [ἔγω]
549 2001 616 2028 Adu.
638 2000 671 2026 ad
687 2002 773 2027 locum.
810 1999 880 2026 Ter.
894 1996 976 2024 Andr.
991 2004 1014 2028 3,
1022 2004 1048 2028 2,
1056 2003 1090 2029 42
1116 1994 1203 2021 Immo
1216 1992 1263 2019 abl
1328 1997 1397 2023 Gall.
1414 2005 1435 2029 ς,
1450 2004 1475 2028 9.
1543 1997 1658 2022 Introitu
1677 2004 1848 2031 perrumpere
1862 2005 1956 2032 corpus
1969 1997 2074 2023 Lucret.
2089 2004 2114 2027 2,
2122 2003 2186 2031 407.
2251 1995 2325 2022 Facit
2338 1995 2384 2022 Sol

213 2042 300 2072 intro,
317 2039 357 2066 ibi
371 2047 413 2065 me
427 2038 543 2078 ΟΡῩΓῙΓΕ-
615 2036 697 2062 Abire
712 2035 802 2066 intro,
826 2033 880 2061 vid-
899 2040 920 2060 A
930 2038 1008 2059 BEO-
1079 2030 1163 2056 Plaut.
1175 2029 1262 2055 Truc.
1325 2032 1470 2059 introitum
1483 2032 1510 2057 in
1527 2031 1653 2058 Geminos
1667 2032 1775 2059 Colum.
1788 2040 1823 2064 11,
1835 2040 1862 2065 2,
1879 2041 1919 2066 43.
1973 2046 2020 2052 ———-
2055 2032 2084 2058 in
2099 2032 2203 2058 Cancro
2223 2030 2293 2058 Ibid.
2307 2040 2340 2064 11,
2357 2040 2385 2065 2,
2422 2058 2426 2061 ,
2466 2037 2467 2042 ’

213 2085 274 2110 4²27
284 2084 313 2110 37
331 2077 404 2101 [nn-0
418 2073 572 2107 acffipimus:
593 2071 698 2106 quando
713 2071 856 2104 Acceptum
869 2069 921 2101 est,
937 2076 992 2094 non
1005 2066 1089 2100 potest
1101 2066 1168 2092 ferri
1180 2065 1261 2091 foras.
1327 2077 1373 2101 49.
1444 2067 1574 2094 introitus
1589 2068 1617 2093 in
1632 2068 1752 2099 causant,
1773 2069 1878 2094 Initium
1891 2067 1993 2104 causae,
2012 2074 2036 2094 et
2049 2067 2176 2094 exordium
2187 2077 2195 2092 .-
2222 2067 2278 2093 Cic.
2294 2067 2348 2093 Att.
2361 2075 2384 2100 r,

214 2112 368 2143 Adducere,
395 2109 446 2136 oid.
465 2116 486 2135 Α
497 2114 514 2134 D
525 2112 598 2134 DVC
609 2112 628 2132 ο
638 2125 644 2132 .
715 2105 853 2132 Adducere
868 2105 902 2136 se,
923 2103 975 2129 uid.
989 2107 1137 2129 ADDVCO.
1210 2101 1264 2125 Au-
1329 2111 1352 2136 ις
1377 2103 1482 2129 Etenim
1498 2103 1553 2137 post
1569 2102 1766 2137 profectionem
1780 2108 1853 2129 tuam
1867 2104 1968 2138 primus
1989 2106 2037 2135 (vt
2050 2103 2168 2137 opinor)
2188 2102 2315 2129 introitus
2329 2102 2384 2129 fuit
2413 2110 2418 2115 ‘

213 2149 284 2174 serre
299 2147 367 2174 Ter.
381 2145 461 2171 Andr.
477 2153 498 2176 1,
511 2152 530 2175 ι,
545 2151 563 2169 ι.
609 2170 615 2173 .
631 2142 710 2168 Ferre
723 2140 814 2166 cibum
831 2140 887 2167 Cic.
897 2140 975 2165 Verr.
988 2146 1012 2170 5,
1026 2146 1068 2170 34.
1126 2135 1198 2161 Idem
1213 2143 1262 2169 pro
1279 2139 1308 2166 55·
1327 2139 1356 2164 in
1370 2139 1473 2164 causam
1487 2138 1593 2164 fabulae
1608 2139 1769 2169 Clodianae,
1790 2145 1836 2165 etc.
1919 2138 1994 2166 Idem
2007 2148 2056 2174 pm
2067 2139 2141 2166 Cael·
2155 2147 2166 2170 3
2191 2138 2228 2164 Ac
2239 2136 2309 2164 mihi
2322 2137 2383 2173 qui-

209 2184 307 2212 Flacco
323 2190 364 2216 117
385 2182 421 2208 Vt
435 2179 464 2207 in
477 2178 605 2213 oppidum
624 2178 696 2203 intro
709 2177 835 2203 serretur.
872 2174 979 2208 Quidam
998 2170 1149 2211 corziuwik'lim
1169 2171 1263 2206 legunt,
1327 2174 1386 2200 dem
1406 2172 1514 2199 videm,-
1527 2174 1645 2206 Iudices,
1666 2174 1710 2201 hic
1729 2174 1856 2201 introitus
1868 2175 2045 2206 Defenfionis,
2058 2174 2249 2202 adolescentiae
2263 2174 2302 2200 Μ·
2317 2175 2384 2200 επ·
2418 2183 2420 2186 ,

213 2218 414 2246 Introserretur.
485 2216 566 2241 Plaut.
580 2212 682 2239 Mostel.
694 2220 723 2245 4,
736 2220 762 2244 2,
771 2219 804 2246 ²7
823 2209 897 2244 Qud
913 2209 1023 2235 volunt?
1044 2206 1108 2241 quid
1122 2211 1194 2231 intro
1207 2206 1262 2238 spe·
1327 2209 1358 2234 111
1377 2209 1493 2234 maxime
1507 2209 1660 2236 conuenire·
1756 2210 1812 2237 Cic·
1827 2212 1903 2237 Verr.
1917 2211 1975 2237 A&
1991 2220 2011 2243 ¹,
2026 2219 2055 2245 17
2074 2210 2132 2237 Post
2146 2215 2237 2244 aperto
2250 2209 2384 2243 Suspicio·
2404 2236 2408 2241 .
2439 2209 2443 2217 ,

214 2254 285 2281 εἴδη(
300 2255 309 2279 3
380 2251 460 2278 Vffll‘·
479 2250 559 2276 Flam·
575 2249 650 2283 Capt.
666 2256 688 2280 ὅ,
702 2256 725 2280 32
741 2255 775 2273 ¹2·
846 2245 927 2272 Venit
949 2245 1022 2270 1¹¹th
1041 2242 1074 2269 ad
1094 2250 1142 2267 ¹¹0⁵
1161 2248 1264 2273 errans,
1327 2244 1368 2270 nis
1384 2243 1499 2270 introitu
1513 2243 1546 2269 ad
1560 2245 1652 2271 omnia
1663 2244 1757 2271 intima
1774 2246 1885 2272 istorum
1898 2246 2006 2273 consilia
2019 2246 2073 2272 fine
2085 2245 2141 2273 vllo
2156 2253 2247 2272 errore
2260 2244 2384 2279 perueni-

214 2293 233 2317 ι’.
247 2293 274 2316 in
288 2289 382 2315 domum
394 2285 501 2319 nostram
513 2286 580 2312 Ter.
596 2285 660 2310 Eun.
672 2291 695 2316 5,
708 2286 733 2316 6,
746 2291 770 2309 2.
1326 2288 1395 2305 mus,
1469 2280 1547 2305 Locus
1559 2286 1607 2314 pe,-
1627 2289 1695 2315 quem
1715 2284 1869 2308 imm-&umes
1887 2281 2080 2318 ingrediamur:
2105 2281 2176 2307 Caes·
2191 2281 2219 2307 B·
2233 2280 2293 2306 Ciu⁴
2307 2289 2337 2313 3,
2348 2287 2383 2314 39

250 2331 292 2352 ΙΝ
305 2330 326 2349 Τ
337 2330 352 2349 ι(
364 2330 399 2355 o,
426 2327 478 2348 Fre.
516 2320 634 2353 [z'iaegm‚
656 2317 785 2351 ἕμξοιτεύω
798 2318 810 2351 ]
855 2317 937 2342 Notae
948 2313 1153 2353 fignificationis.
1189 2311 1262 2338 Caes.
1270 2307 1306 2332 60
1328 2315 1411 2349 Super
1425 2323 1488 2349 quas
1508 2317 1608 2341 turrim
1621 2315 1742 2344 effeetam
1755 2318 1786 2343 ad
1802 2318 1886 2351 ipsum
1901 2316 2042 2343 introitum
2060 2321 2150 2350 portus
2165 2315 2299 2349 opposuit.

214 2360 244 2387 B.
258 2360 290 2386 G.
306 2367 332 2393 7,
346 2366 377 2393 73
400 2359 463 2391 Qto
482 2357 529 2391 qui
549 2356 726 2386 intraueraut,
746 2354 772 2380 se
789 2351 852 2386 ipsi,
870 2358 916 2378 etc.
989 2350 1087 2377 Aedem
1107 2355 1221 2387 intrare,
1240 2353 1265 2372 et
1364 2357 1375 2375 1
1386 2357 1464 2376 NTR
1475 2356 1494 2376 0
1505 2357 1686 2383 1TOR1vs‚
1706 2359 1729 2383 a,
1750 2362 1804 2379 um·
1842 2353 1904 2379 Adi·
1941 2350 2042 2381 εἰσόδως,
2060 2351 2139 2378 Gloffi
2152 2351 2199 2377 Gr.
2214 2350 2272 2376 Lat.

214 2396 247 2422 In
262 2395 361 2421 Aedem
375 2394 480 2420 Sueton.
495 2392 524 2418 in
536 2391 637 2426 Vespas.
653 2398 708 2424 c.7.
778 2388 835 2414 Cic.
849 2395 897 2422 pro
911 2387 1002 2426 Domo
1015 2394 1027 2416 ς
1050 2386 1080 2410 In
1096 2382 1264 2424 Capitolium
1364 2392 1375 2411 1
1386 2392 1407 2411 N
1419 2393 1440 2412 T
1451 2391 1497 2412 qo
1508 2392 1523 2411 F
1534 2384 1552 2412 ἕ
1562 2392 1581 2412 R
1592 2392 1627 2418 O,
1658 2386 1725 2420 (fili,
1756 2389 1855 2421 latum,
1884 2389 1965 2414 ferre,
2000 2384 2167 2420 [εἰη-κομίζω]
2205 2384 2262 2418 Nili
2282 2382 2381 2418 dlutfim

215 2431 323 2457 intrare.
394 2429 467 2455 Idem
481 2427 594 2462 Philipp.
609 2435 640 2458 2,
660 2428 692 2455 68
720 2424 769 2451 Tu
789 2423 857 2450 illud
875 2431 902 2448 cs
921 2421 1105 2448 sanottffimum
1124 2420 1205 2445 limen
1224 2427 1264 2443 ιιι-
1327 2422 1448 2447 malumus
1466 2423 1560 2456 legere,
1582 2423 1657 2448 Intro
1672 2423 1752 2450 ferre.
1790 2425 1846 2451 Cic.
1861 2425 1937 2451 Verr.
1952 2431 1975 2454 ς,
1993 2428 2035 2456 117
2053 2421 2176 2447 Tantum
2191 2418 2280 2451 dabis,
2298 2424 2326 2445 vt
2344 2419 2382 2445 ci-

214 2467 301 2493 trare?
337 2465 425 2499 Supple
441 2464 542 2496 Ausus,
563 2462 627 2498 quod
642 2460 780 2497 praecedit.
851 2458 941 2485 Castra
961 2457 1021 2484 Liu.
1036 2465 1080 2489 ιο,
1100 2457 1140 2488 36.
1185 2489 1191 2494 .
1210 2453 1263 2479 Do·
1328 2456 1393 2494 bum
1409 2456 1459 2482 tibi
1475 2456 1619 2482 introferre
1633 2457 1720 2484 liceat.
1763 2460 1899 2494 Liu.43‚7
1920 2458 2042 2492 Princeps
2055 2465 2149 2484 eorum
2160 2454 2272 2490 pedibus
2286 2459 2385 2489 captus,

214 2510 289 2529 mum
304 2509 383 2535 parua
398 2500 476 2526 solita
489 2499 525 2525 est
542 2499 642 2525 intrare
656 2495 770 2524 fenestra
789 2494 871 2521 Ouid.
886 2493 953 2520 Fast.
967 2495 993 2525 6,
1007 2500 1066 2527 577.
1122 2490 1209 2517 Maria
1223 2493 1264 2515 tot
1277 2491 1309 2524 65
1328 2491 1422 2518 lectica
1436 2490 1471 2516 cst
1488 2491 1638 2518 introlatus.
1673 2492 1742 2519 Add.
1757 2495 1813 2520 Cic.
1829 2496 1904 2521 Verr.
1919 2501 1932 2526 5
1953 2502 1974 2519 c.
1990 2501 2016 2525 ¹3
2036 2499 2101 2519 extr.

215 2537 316 2564 intraui
330 2535 426 2570 Virgil.
442 2536 506 2561 Aen.
520 2537 546 2567 6,
560 2543 598 2566 59.
692 2533 786 2559 Portus
801 2530 930 2557 intramus
943 2529 1042 2555 amicos
1057 2526 1095 2554 Id.
1109 2527 1174 2553 Aen.
1189 2533 1212 2557 5,
1227 2532 1264 2556 57.
1364 2532 1642 2560 1NTROGRED10R‚
1661 2527 1741 2558 deris,
1760 2529 1855 2562 gressus
1870 2531 1937 2560 sum,
1958 2528 2010 2553 cdi.
2046 2528 2112 2561 Dep.
2138 2526 2318 2562 [εἰσέρχομαι]
2352 2533 2385 2552 ex
2438 2549 2449 2558 ,,

215 2573 316 2599 Vrbem
330 2572 430 2598 intrare
448 2570 529 2597 Ouid.
543 2570 608 2596 Met.
624 2576 658 2602 ις,
672 2569 711 2600 36.
782 2565 882 2593 Vrbem
897 2574 956 2591 cum
970 2573 1049 2590 curru
1065 2564 1139 2589 Curt.
1153 2569 1176 2594 ς,
1192 2569 1212 2592 ι,
1225 2568 1264 2591 23·
1319 2561 1432 2598 fimplici
1451 2562 1613 2601 intelligitur.
1650 2563 1725 2598 Virg.
1741 2563 1806 2591 Aen.
1822 2573 1843 2598 ι,
1858 2572 1907 2598 520
1932 2562 2072 2598 Postquam
2085 2562 2280 2597 introgreffi,‚et
2293 2568 2385 2588 coram
2431 2558 2457 2594 J.

216 2609 297 2635 Vrsos
316 2608 415 2634 intrant
434 2605 579 2638 venabula,
608 2605 633 2632 h.
647 2614 664 2631 e.
680 2601 835 2639 transfigunt
854 2600 969 2628 Martial.
986 2609 1033 2633 14,
1053 2608 1092 2638 30.
1162 2599 1264 2636 Aprum
1327 2597 1387 2624 data
1401 2606 1477 2631 copm
1497 2598 1580 2624 fandi,

216 2642 322 2678 cuspide
340 2642 440 2668 intrare
458 2641 496 2667 Id.
513 2650 536 2673 7,
552 2648 595 2674 97.
667 2640 715 2665 Per
734 2639 939 2665 translationem:
960 2637 1063 2661 Intrare
1082 2643 1110 2659 m
1125 2632 1265 2671 familtart-
1365 2639 1375 2658 1
1387 2640 1407 2659 N
1417 2639 1466 2659 ΤΚ
1476 2639 1494 2659 0
1505 2640 1513 2659 1
1524 2640 1544 2659 τ
1554 2640 1614 2667 vs,
1643 2633 1697 2661 vid.
1716 2641 1759 2661 tN
1769 2640 1911 2663 TRoao.

216 2685 298 2707 tatem
313 2677 440 2709 alicuius,
469 2676 493 2703 h.
507 2685 526 2702 e.
540 2676 593 2711 fise
612 2674 736 2708 insinuare
751 2684 759 2699 .·
786 2673 843 2700 Cic.
856 2674 895 2706 Q
906 2673 990 2698 Fratr.
1007 2680 1027 2703 1,
1040 2679 1063 2710 1,-
1075 2677 1088 2702 ς
1112 2670 1143 2695 Ιιι
1157 2675 1265 2707 prouin-
1272 2673 1309 2702 70
1366 2675 1407 2695 IN
1417 2674 1547 2695 TROMI
1558 2675 1579 2695 T
1590 2675 1657 2702 ΤΟ,
1688 2670 1763 2704 mm,
1794 2671 1916 2704 miffiuu,
1942 2673 1995 2700 ere.
2039 2672 2053 2706 [
2066 2669 2193 2705 προσάγω,
2215 2665 2385 2703 εἰσδέχσμαι]

217 2715 257 2742 eia
273 2723 338 2740 vero
352 2713 421 2747 ipsa,
442 2711 458 2737 fi
474 2720 553 2746 quem
571 2720 598 2737 es
618 2710 722 2740 naclus,
741 2709 788 2743 qui
802 2708 830 2734 in
844 2714 917 2734 tuam
936 2706 1146 2733 familiaritatem
1162 2708 1266 2737 peintus
1329 2703 1473 2739 velfincre,
1491 2711 1521 2730 vt
1534 2708 1614 2731 intret
1626 2707 1710 2738 alius,
1728 2706 1873 2742 velfacsre*.
1909 2707 1992 2735 Plaut.
2006 2708 2067 2734 Aul.
2083 2715 2104 2739 1,
2118 2715 2140 2738 2,
2157 2714 2188 2731 20

219 2750 343 2781 intrarit,
361 2748 408 2782 qui
423 2747 501 2773 nobis
513 2752 573 2773 ante
591 2746 672 2772 fuerit
686 2745 807 2779 ignotus,
828 2743 890 2770 huic
906 2749 1033 2777 quantum
1053 2739 1211 2779 credendum
1225 2738 1267 2778 sit,
1486 2740 1613 2767 Profecto
1626 2741 1654 2768 in
1669 2738 1778 2768 aedibus
1792 2742 1858 2768 meis
1878 2752 1920 2769 me
1934 2744 2054 2775 absente,
2074 2741 2208 2769 neminem

218 2785 291 2812 vide.
362 2785 393 2810 In
412 2782 533 2808 affectum
553 2780 684 2814 Qunffil.
704 2788 731 2814 7,
751 2789 778 2812 4.
863 2779 988 2805 Animum
1007 2776 1119 2803 intrauit
1141 2775 1267 2814 militaris
1486 2776 1560 2802 Volo
1575 2776 1744 2809 intromitti3
1773 2784 1853 2813 atque
1869 2779 1950 2806 etiam
1965 2779 2017 2806 hoe
2036 2777 2160 2814 praedico
2173 2775 2242 2808 tibi,

218 2820 321 2857 gloriae
335 2818 431 2854 cupido
445 2817 535 2844 Tacit.
552 2816 580 2843 in
594 2816 656 2841 Vita
669 2815 808 2850 Agricolae
826 2822 839 2846 ς
856 2821 919 2840 extr.
991 2813 1064 2839 Caes.
1078 2810 1232 2850 Bell.C1uil.
1244 2818 1268 2841 3,
1489 2811 1516 2838 Si
1536 2812 1607 2839 bona
1626 2813 1744 2839 Fortuna
1763 2814 1870 2848 veniat,
1894 2824 1927 2841 ne
1946 2813 2133 2842 inu-omiseris.

220 2861 249 2889 38
270 2855 325 2889 Qui
344 2863 426 2889 quum
441 2854 520 2879 essent
533 2850 669 2886 progrcffi‚
690 2851 841 2884 primaeque
859 2856 961 2876 turmae
974 2848 1079 2875 Insidias
1095 2847 1268 2876 intrauissent²
1280 2851 1313 2880 75
1332 2846 1372 2873 Ad
1385 2845 1480 2873 bestias
1493 2848 1524 2873 iu
1539 2856 1646 2874 arenam
1659 2848 1824 2883 depugnandi
1843 2851 1917 2878 causa
1930 2851 2083 2886 quempiam
2097 2848 2205 2883 leian.
2223 2846 2253 2872 in
2265 2844 2283 2871 l.
2297 2852 2308 2872 1
2333 2841 2356 2879 §
2370 2850 2385 2869 t

219 2901 253 2918 ex
268 2891 377 2918 fremitu
392 2897 523 2924 equorum
542 2887 614 2913 illata
626 2886 788 2919 suspicione,
808 2885 839 2911 ad
854 2886 912 2911 suos
932 2885 956 2911 sc
976 2884 1094 2918 recipere
1115 2887 1268 2917 coeperunt.
1333 2884 1365 2910 D.
1381 2882 1412 2909 de
1433 2882 1536 2909 aedilit.
1552 2883 1634 2910 edict.
1705 2884 1774 2911 Ter.
1787 2886 1851 2912 Hec.
1866 2893 1891 2917 2,
1911 2895 1931 2917 ι,
1951 2895 1988 2919 40
2013 2887 2078 2913 Non
2097 2885 2163 2919 signi
2184 2884 2221 2909 sat
2238 2880 2289 2911 est,
2310 2877 2385 2913 quod

219 2929 252 2954 In
266 2933 382 2953 mentem
403 2924 500 2950 iudicis
521 2931 574 2949 non
588 2920 671 2956 potest
689 2920 810 2946 definitio
831 2921 929 2948 intrare
947 2921 1005 2947 Cic.
1026 2920 1057 2945 de
1071 2919 1144 2945 Orat.
1160 2927 1189 2950 2,
1212 2925 1267 2950 109.
1333 2919 1391 2945 heri
1406 2927 1487 2944 nemo
1504 2918 1593 2946 voluit
1606 2919 1733 2946 visentem
1746 2920 1777 2947 ad
1793 2929 1851 2947 eam
1864 2921 2069 2948 intromittere?
2145 2916 2317 2945 Comissatum
2333 2913 2384 2940 ali-

220 2965 252 2990 In
266 2970 387 2989 naturam
401 2968 490 2987 rerum
505 2958 576 2984 Idem
591 2957 623 2983 dc
637 2956 695 2983 Fin.
710 2963 733 2988 5,
745 2964 783 2988 44
802 2965 822 2981 c.
840 2959 867 2982 16
882 2963 922 2990 pr.
1019 2954 1147 2985 pauidos,
1165 2959 1191 2979 et
1205 2962 1266 2979 con-
1334 2963 1413 2989 quem
1427 2954 1486 2980 Cic.
1501 2955 1573 2981 Fam.
1589 2963 1610 2987 ι,
1625 2964 1651 2987 9.
1687 2957 1723 2982 Ex
1737 2956 1806 2982 Ter.
1822 2957 1886 2982 Eun.
1900 2966 1922 2990 3,
1936 2966 1957 2990 1,
1969 2967 2008 2985 52.
2068 2957 2154 2983 Varro
2171 2952 2203 2978 de
2215 2951 2246 2977 R.
2261 2951 2292 2976 R.
2309 2959 2330 2982 3,
2344 2957 2384 2982 12,

220 2998 329 3025 scientia
344 2996 469 3022 vecordes
489 2996 569 3021 intrat
585 2998 668 3018 metus
681 2991 770 3017 Tacit.
786 2991 852 3016 Ann.
873 3000 899 3023 1,
917 3000 954 3023 39.
1032 2990 1119 3017 Pudor
1137 2995 1163 3015 et
1182 2989 1269 3023 gloria
1333 2999 1352 3023 4
1380 2989 1448 3022 Q1is
1470 2990 1535 3016 item
1555 2991 1637 3017 nescit
1652 3000 1753 3025 paucos
1773 2992 1790 3018 si
1811 2992 1913 3027 lepores
1931 3001 2016 3020 mares
2036 2998 2062 3019 et
2081 2990 2138 3026 (fic
2151 2987 2204 3014 vid.
2217 2988 2264 3022 Ieg-
2277 2993 2323 3020 pro
2338 2989 2385 3012 aut

221 3035 304 3060 intrat
319 3032 436 3067 aliquem
455 3029 529 3057 Idem
544 3030 610 3055 Ann.
628 3037 654 3060 ι,
674 3036 715 3061 43.
789 3024 830 3059 Est
848 3032 871 3052 ct
887 3027 1035 3053 Iudiciorum
1054 3026 1152 3052 verbum
1165 3036 1172 3050 :
1201 3024 1268 3050 l’iin.
1281 3028 1314 3054 80
1332 3026 1374 3052 vel
1388 3025 1433 3056 in)
1455 3025 1568 3051 feminas
1582 3026 1771 3059 intromiserit,
1789 3027 1866 3054 breui
1883 3033 2003 3063 tempore
2017 3029 2076 3055 sore
2089 3022 2290 3057 vt‘impleatnr3
2325 3019 2384 3048 cie.
2429 3039 2432 3042 «

221 3069 301 3104 Epist.
316 3077 336 3100 ς,
350 3078 368 3101 4
391 3067 453 3093 Alio
467 3066 561 3092 Senatu
575 3064 627 3091 fine
640 3062 769 3089 aduocato
781 3061 955 3089 intrauerunt.
1023 3063 1053 3089 Et
1068 3060 1146 3096 Epist.
1161 3063 1186 3092 6,
1199 3068 1226 3092 31
1245 3061 1268 3086 A
1332 3069 1382 3096 pro
1395 3060 1460 3087 Sull.
1476 3068 1503 3093 52
1518 3062 1693 3088 intromissus
1707 3071 1767 3089 meo
1779 3072 1855 3090 more
1873 3070 1899 3091 et
1911 3065 1973 3092 Iure
1990 3062 2123 3092 amicitiae
2137 3067 2210 3085 meae
2230 3058 2259 3084 i11
2271 3064 2332 3083 meo
2345 3056 2391 3082 le·'
2452 3060 2455 3071 ¹

222 3111 295 3140 parte
311 3102 438 3131 heredum
452 3102 619 3128 intrauerunt
633 3098 696 3125 duo.
1332 3096 1407 3124 §tulo
1422 3096 1576 3123 trucidaret.

260 3148 267 3166 1
279 3148 298 3165 κ’
307 3147 328 3166 'r
337 3146 356 3165 R
366 3146 386 3165 Α
397 3145 418 3164 Ν
429 3145 442 3164 s
451 3157 459 3170 ‚
478 3137 553 3164 antis.
590 3136 658 3162 Part.
695 3134 798 3160 Petron.
818 3141 840 3159 c.
854 3136 885 3162 28
910 3132 969 3158 Pica
989 3132 1117 3159 intrantes
1131 3131 1268 3159 salutabat.
1369 3139 1379 3158 1
1389 3139 1411 3158 N
1423 3138 1445 3157 T
1456 3139 1476 3158 R
1488 3138 1507 3159 o
1517 3139 1536 3158 R
1547 3138 1567 3158 v
1576 3139 1602 3159 M
1611 3138 1627 3158 r
1638 3139 1673 3165 ο,
1692 3133 1753 3168 rfipi
1762 3154 1771 3167 ,
1789 3140 1910 3170 ruptum,
1931 3136 1986 3162 ere.
2021 3129 2213 3167 [εἰσςῖοίζομοιι]
2241 3126 2310 3165 quast
2321 3127 2382 3154 Cum

224 3175 309 3202 Deum
324 3175 466 3200 intrantem
480 3171 537 3199 vidi
551 3172 626 3206 Virg.
640 3171 705 3196 Aen.
720 3178 746 3202 4.
760 3174 811 3201 358.
948 3202 952 3207 ¹
1147 3202 1152 3207 ,
1331 3170 1424 3202 impetu
1440 3168 1562 3199 introire,
1582 3174 1605 3194 et
1617 3175 1749 3203 ermnpore,
1765 3168 1814 3201 fiue
1823 3177 1992 3206 prorumpere.
2028 3168 2108 3195 Plaut.
2117 3166 2176 3192 Mil.
2191 3173 2217 3200 2,
2232 3174 2253 3196 ς,
2267 3172 2298 3198 ςο
2319 3163 2384 3189 Cer-

262 3218 270 3236 1
282 3218 301 3236 N
312 3217 359 3237 TR
369 3211 389 3236 A*
401 3216 420 3234 Τ
433 3215 452 3233 V
465 3216 492 3240 8,
513 3217 537 3240 3,
557 3216 610 3233 um·
646 3203 851 3243 [ἅσςὲςημὲνθῑ]
885 3203 979 3231 pame-
991 3211 1085 3229 ’'arum-
1121 3202 1226 3233 L¹¹¹·21›
1240 3210 1270 3236 κς
1284 3207 1313 3235 85·
1333 3209 1390 3230 tum
1405 3202 1450 3235 est,
1472 3203 1666 3238 introrumpam
1682 3205 1710 3230 in
1723 3204 1842 3232 aedibus.
1913 3206 1982 3233 Geli.
1994 3211 2029 3236 ις,
2039 3212 2071 3229 22
2093 3203 2177 3228 Cerua
2193 3201 2282 3227 emissa
2295 3199 2324 3225 in
2338 3207 2384 3224 cu-

224 3246 267 3273 ibi
289 3247 375 3273 rursus
396 3244 475 3272 siluae
495 3243 622 3273 intratae,
648 3244 667 3268 i.
686 3244 713 3267 in
724 3242 804 3274 Jlluas
822 3242 944 3266 intratum
962 3236 1004 3271 est.
1064 3237 1164 3263 Domus
1186 3238 1267 3264 Ouid.
1333 3238 1454 3266 biculum
1469 3239 1581 3266 Sertorii
1595 3239 1750 3274 introrupit.
1838 3242 1874 3268 Ea
1891 3250 1946 3268 non
1961 3240 2028 3275 posse
2045 3238 2240 3271 introrumpere
2253 3233 2385 3264 videban-

224 3283 290 3307 Met.
304 3290 330 3314 9,
344 3289 375 3307 ιι.
443 3279 531 3306 Gallia
548 3287 608 3305 cum
627 3276 744 3303 exercitu
765 3274 834 3301 Vell.
850 3283 873 3308 2,
892 3283 934 3307 39,
949 3283 967 3300 1.
1037 3273 1181 3312 Germania
1198 3273 1272 3301 Idem
1334 3280 1378 3301 tur
1392 3274 1462 3300 Caes.
1476 3275 1504 3301 B.
1520 3275 1551 3301 G.
1567 3282 1589 3308 ς,
1603 3283 1646 3309 49.
1719 3277 1867 3311 Introrupit
1881 3276 1960 3304 anxia
1970 3274 2047 3310 Apul.
2060 3275 2123 3301 Met.
2142 3282 2167 3307 p.
2181 3275 2235 3299 126.
2291 3268 2384 3298 Parthi

226 3316 292 3343 ibid.
310 3326 330 3343 c.
345 3325 394 3349 103,
408 3313 427 3343 i.
501 3314 547 3341 Sil.
563 3323 601 3346 12,
615 3318 656 3345 583
677 3313 804 3338 Iutratam
818 3312 952 3337 Senonum
969 3308 1077 3344 capietis
1091 3308 1213 3335 1n1111bus
1230 3318 1273 3336 vr·
1335 3310 1363 3336 iu
1379 3310 1481 3341 Syriam
1497 3310 1721 3344 intrormnpentes
1737 3312 1805 3338 Gell.
1821 3320 1855 3345 ις,
1867 3321 1893 3345 4.

226 3352 295 3379 bem.
336 3352 392 3379 Vni.
409 3349 534 3378 Drakenb.
547 3349 581 3376 ad
593 3349 638 3375 sil.
652 3357 683 3379 ιι,
697 3355 747 3380 235.
787 3381 792 3386 .
952 3379 959 3385 ·
1017 3380 1022 3384 .
1374 3351 1413 3370 ΙΝ
1423 3352 1444 3371 Τ
1454 3351 1471 3370 R
1481 3351 1501 3371 Ο
1512 3353 1529 3371 R
1539 3353 1561 3372 v
1570 3351 1614 3371 ΡΤ
1624 3352 1632 3370 1
1643 3353 1677 3378 o,
1691 3346 1757 3373 onis.
1775 3348 1794 3374 f.
1825 3347 1939 3382 Apuleio
1951 3345 2089 3372 tribuitur.-
2104 3351 2180 3382 negat
2188 3343 2265 3371 Index
2276 3341 2383 3370 floridi.

262 3395 272 3413 1
282 3393 330 3413 NT
339 3395 357 3414 R
366 3395 386 3414 A
396 3394 411 3413 B
421 3389 430 3412 i
439 3393 454 3412 L
466 3393 475 3412 1
488 3394 500 3413 s
509 3405 516 3418 ‚
535 3394 559 3412 e.
596 3383 658 3411 Adi.
693 3380 821 3410 Intrabile
838 3389 869 3407 os
888 3388 973 3407 amnis
991 3380 1052 3407 Liu.
1066 3388 1115 3412 22,
1130 3387 1167 3413 19.
1210 3379 1273 3406 Vide
1284 3381 1320 3406 90
1374 3387 1382 3405 1
1393 3387 1414 3406 N
1425 3386 1446 3405 Τ
1455 3387 1474 3407 R
1486 3387 1506 3407 o
1516 3387 1535 3407 R
1544 3388 1622 3412 svs,
1644 3382 1686 3408 vel
1705 3389 1715 3408 ι
1726 3389 1748 3408 Ν
1757 3390 1778 3409 Τ
1787 3389 1805 3408 R
1814 3389 1833 3409 o
1843 3389 1860 3408 R
1870 3389 1911 3409 sv
1923 3388 1959 3408 M.
1998 3381 2112 3409 Aduerb.
2150 3378 2278 3414 [Meam]
2313 3375 2382 3414 quast

228 3421 333 3448 Gronau,
352 3423 385 3448 mi
398 3424 444 3448 1ος.
1338 3416 1412 3442 Intro
1433 3417 1537 3447 versus,
1556 3416 1585 3442 de
1598 3426 1643 3452 quo
1660 3424 1688 3452 p.
1699 3424 1728 3452 p.
1771 3417 1835 3444 Liu.
1846 3424 1889 3450 25,
1909 3425 1934 3443 21
1959 3416 2141 3443 clamantibus
2155 3415 2291 3443 Tribunis
2309 3409 2382 3440 nihil

266 3464 275 3482 1
285 3464 304 3482 N
315 3464 362 3483 TR
373 3465 391 3483 ο
401 3464 417 3483 c
429 3459 469 3484 ἐι)
479 3464 498 3484 o
508 3477 516 3489 ‚
533 3457 588 3483 ere.
623 3453 701 3489 Apul.
713 3454 779 3481 Met.
794 3461 807 3484 5
827 3462 851 3488 p.
866 3460 916 3487 144
935 3451 994 3478 Post
1008 3450 1110 3487 opimas
1125 3450 1203 3485 dapes
1216 3449 1275 3485 qui·
1338 3451 1467 3478 introrsus
1495 3452 1600 3479 roboris
1625 3461 1654 3478 ac
1675 3454 1776 3479 virium
1800 3453 1855 3478 effic.
1952 3452 2026 3478 Idem
2049 3462 2087 3484 ιο,
2106 3460 2133 3485 33
2169 3451 2274 3478 Cedunt
2291 3450 2382 3484 primo

231 3490 290 3519 dem
304 3493 450 3519 introcellit.
493 3492 551 3519 Vici.
569 3492 634 3518 Met.
649 3499 676 3516 10
696 3499 721 3524 p.
740 3491 798 3522 346.
1338 3486 1434 3513 incerti
1456 3487 1579 3514 fortunae
1603 3488 1678 3519 suae,
1709 3495 1735 3515 et
1760 3487 1860 3514 hostem
1884 3487 2028 3514 introrsum
2052 3490 2081 3515 in
2099 3486 2188 3514 media
2214 3487 2295 3513 castra
2314 3485 2383 3512 acci-

267 3534 274 3553 1
286 3534 388 3554 NTRo
399 3534 415 3554 c
430 3535 446 3554 L
458 3535 479 3554 v
490 3535 508 3555 D
519 3534 538 3554 o
548 3545 555 3559 ‚
576 3528 629 3553 ere.
668 3524 852 3558 ἔγκκτικκλείω,
873 3522 953 3563 61οῆ
966 3522 1023 3562 Lat.
1036 3522 1084 3548 Gr.
1172 3556 1177 3561 ⁸
1337 3522 1421 3556 piunt.
1515 3525 1601 3550 Varro
1619 3523 1650 3549 de
1665 3524 1696 3550 R.
1710 3524 1741 3550 R.
1754 3532 1778 3555 2,
1792 3530 1809 3556 7
1835 3523 1952 3549 Gcnibus
1967 3523 2103 3555 rotundis,
2125 3531 2173 3549 nec
2195 3522 2311 3557 magnis,
2331 3529 2381 3547 nee

269 3569 306 3588 1N
317 3569 364 3588 TR
374 3570 415 3589 ou
426 3570 440 3588 L
451 3570 471 3588 v
481 3570 523 3590 sv
533 3570 561 3594 s,
582 3571 607 3594 a,
625 3571 679 3588 um.
716 3561 783 3586 Part.
811 3559 867 3593 Qui
881 3558 955 3585 donn
971 3557 1128 3584 introclusus
1140 3555 1275 3583 otiabatur
1286 3560 1319 3587 95
1337 3559 1467 3585 introrsus
1485 3558 1669 3593 spectantibus.
1774 3558 1878 3592 Turpis
1895 3559 2039 3585 introrsum
2059 3560 2154 3585 Horat.
2169 3559 2250 3586 Serm.
2265 3567 2287 3591 2,
2307 3566 2328 3589 1,
2341 3559 2382 3589 65.

231 3597 342 3624 Senecae
356 3597 485 3625 tribuitur.
554 3597 630 3624 Plura
643 3595 756 3624 efficiant
768 3593 904 3622 introclusi
918 3594 999 3621 Corn.
1009 3593 1097 3619 Seuer.
1111 3593 1139 3619 in
1146 3593 1230 3618 Aetna
1249 3601 1274 3619 v.
1338 3593 1408 3621 Add.
1419 3593 1458 3620 Id.
1473 3594 1552 3628 Epist.
1568 3604 1585 3626 ι,
1599 3596 1636 3625 ι6,
1649 3603 1690 3627 43.
1763 3593 1826 3622 Non
1844 3594 1922 3621 facile
1942 3595 2070 3621 introrsus
2084 3594 2195 3629 perspici
2208 3595 2288 3628 posset
2307 3593 2383 3618 Caes.

232 3638 271 3664 318
289 3633 326 3667 sc.
342 3636 419 3663 venti,
440 3642 467 3659 ex
484 3633 540 3660 left.
553 3634 646 3670 scalig.
1070 3663 1087 3668 ..
1339 3630 1368 3655 B.
1381 3630 1413 3655 G.
1426 3638 1449 3662 2,
1464 3635 1497 3658 18.
1569 3630 1644 3656 Foris
1664 3630 1764 3661 nitent,
1784 3629 1911 3656 introrsus
1934 3631 2029 3656 misera
2041 3631 2100 3657 sunt
2116 3630 2173 3656 Sen.
2186 3628 2218 3656 de
2231 3630 2287 3656 Vit.
2302 3629 2382 3655 Beata

236 3700 242 3705 ·
268 3675 277 3693 ι
287 3675 307 3693 Ν
317 3675 337 3694 T
347 3675 418 3707 icoc
428 3674 545 3702 VRRO‚
566 3670 618 3697 ere.
655 3668 731 3695 Nou.
750 3665 817 3703 apud
827 3664 901 3692 Non.
914 3673 935 3697 3,
947 3672 979 3698 92
1005 3663 1089 3690 Dubu
1110 3671 1157 3697 per
1175 3662 1274 3690 fretum
1339 3674 1361 3691 c.
1376 3673 1398 3697 3.
1458 3665 1589 3692 Introrsus
1603 3664 1672 3691 bona
1686 3671 1729 3691 tua
1744 3665 1856 3698 spectent
1874 3665 1910 3691 Id.
1926 3666 1971 3700 Ep.
1985 3673 2010 3699 7.

235 3708 445 3730 introcurrunus.
1376 3707 1386 3726 1
1402 3705 1424 3725 N
1436 3706 1457 3725 'r
1467 3707 1485 3726 R
1497 3707 1537 3727 os
1549 3707 1565 3727 Ρ
1576 3707 1591 3727 Ε
1601 3706 1618 3727 C
1631 3706 1653 3727 'r
1664 3707 1699 3732 o,
1718 3703 1769 3725 are.
1808 3701 1947 3736 Frequeut.
1984 3700 2067 3728 Plaut.
2082 3699 2160 3728 Most.
2173 3708 2201 3734 4,
2213 3707 2240 3733 2,
2252 3706 2285 3735 27
2305 3700 2381 3735 Qid

263 3744 279 3776 ,ι
291 3745 310 3763 Ν
320 3745 340 3764 T
353 3744 370 3763 R
384 3741 475 3771 6130,
502 3747 554 3765 are.
591 3735 749 3772 [εἷσδῖἒωμι]
786 3737 844 3764 Cic.
863 3744 912 3770 pro
926 3734 1033 3761 Caecin.
1048 3742 1072 3766 ¹3
1103 3743 1127 3760 c.
1147 3741 1160 3767 ς
1187 3734 1329 3769 Atquqioo
1338 3735 1452 3762 volunt?
1473 3735 1537 3770 quid
1552 3735 1738 3769 introspeetant
1751 3736 1759 3761 Ξ

234 3777 311 3797 ettam
332 3774 356 3799 se
372 3773 424 3807 ipse
441 3773 585 3806 inferebat,
604 3778 630 3800 et
645 3773 811 3804 introdabat,
838 3772 863 3799 h.
876 3781 896 3798 c.
917 3770 1018 3805 vltrofi
1035 3769 1170 3802 offerebat,
1210 3779 1276 3796 cren-
1375 3777 1385 3796 1
1396 3777 1474 3797 NTR
1485 3776 1695 3802 OSPECT10‚
1722 3771 1789 3798 onis.
1826 3771 1847 3798 f.
1881 3771 1960 3798 Mart.
1975 3771 2075 3806 Capell.
2111 3789 2121 3798 .
2157 3790 2165 3796 .
2333 3776 2335 3790 ¹

235 3806 273 3831 dis
288 3810 401 3842 negotiis.
437 3809 477 3834 Sic
492 3808 620 3835 Budaeus:
648 3809 701 3835 MS.
716 3809 788 3835 intro
801 3807 887 3834 dabat.
924 3805 1004 3832 Hodie
1016 3806 1098 3831 editur
1111 3805 1186 3831 Intru
1207 3805 1274 3832 ebat.
1376 3813 1386 3832 1
1400 3812 1422 3831 N
1433 3812 1454 3831 Τ
1464 3813 1481 3832 R
1494 3811 1514 3832 o
1524 3811 1536 3831 s
1545 3812 1585 3832 ΡΕ
1595 3811 1612 3831 c
1622 3811 1643 3830 T
1652 3811 1671 3831 o
1680 3811 1698 3830 R
1708 3825 1715 3835 ,
1733 3806 1797 3832 uris.
1833 3816 1868 3832 m.
1904 3807 2042 3841 Augustin.
2079 3826 2086 3833 .
2123 3825 2131 3832 .

271 3848 279 3865 ι
290 3849 311 3867 Ν
319 3849 340 3868 Τ
349 3848 367 3867 R
377 3848 395 3867 o
407 3849 424 3868 D
435 3843 455 3868 x’r
466 3849 483 3868 c
494 3850 512 3869 ο
521 3863 528 3875 ,
558 3844 584 3869 xi
595 3863 602 3874 ,
631 3843 702 3870 e‘tum
712 3863 718 3874 ,
750 3846 803 3870 ere.
844 3840 966 3877 [εἰσοέγω,
985 3840 1086 3874 ἀγάγω]
1130 3841 1274 3873 Imminere,
1376 3848 1385 3867 1
1396 3848 1417 3867 N
1428 3847 1450 3867 Τ
1459 3848 1477 3867 R
1487 3847 1506 3866 o
1515 3848 1528 3867 s
1537 3847 1551 3866 P
1561 3839 1598 3867 ic
1609 3847 1616 3865 1
1628 3845 1647 3865 ο
1658 3860 1666 3872 ,
1685 3842 1755 3876 spexi
1765 3862 1773 3875 ‚
1790 3842 1907 3875 specium
1916 3862 1924 3875 ,
1945 3844 1998 3869 ere.
2028 3840 2161 3877 [εἰσοράω]
2196 3840 2325 3876 Introrsits
2337 3841 2383 3868 ἀῶ-

235 3880 259 3899 et
271 3878 339 3914 iutra
352 3878 453 3916 aliquem
468 3878 543 3903 loczcm
558 3879 651 3905 ducere.
686 3879 760 3905 Caes.
772 3880 802 3918 ‚B-
817 3879 848 3904 G.
863 3886 894 3909 2,
914 3885 937 3917 ς.
952 3876 983 3903 Id
1001 3876 1061 3903 fieri
1075 3876 1162 3916 posse,
1181 3875 1198 3902 si
1219 3877 1275 3902 suas
1332 3876 1438 3912 spicere,
1453 3875 1500 3914 dili
1517 3875 1633 3910 ennffime
1646 3876 1737 3903 videre.
1774 3877 1830 3903 Cic.
1843 3877 1876 3903 de
1891 3878 1982 3906 Diuin.
1996 3886 2022 3908 2,
2036 3885 2080 3910 105
2099 3876 2203 3909 Negant
2217 3875 2244 3902 id
2259 3877 2307 3903 ess'e
2318 3876 2389 3915 alie..b
2406 3880 2415 3887 *

237 3916 324 3944 copias
336 3911 425 3937 Hedui
437 3919 467 3938 in
477 3911 539 3940 fines
553 3913 754 3943 Bellouacorum
762 3913 977 3942 introduxerint.
1048 3911 1198 3940 Cic-Tusc.
1212 3918 1234 3946 5,
1246 3919 1327 3947 10105
1338 3920 1403 3941 num
1422 3885 1556 3939 materiate
1574 3909 1700 3945 deorum,
1723 3911 1822 3942 scilicet
1841 3914 1927 3941 causas
1945 3912 2067 3941 omnium
2086 3911 2275 3947 introspicere,
2293 3917 2323 3939 vt
2341 3911 2384 3938 vi-

2294 3945 2382 3982 deant,
