2479 4225
46 173 171 237 401'
436 181 686 224 ER1
940 172 942 175 ’
1529 184 1773 226 ERI
2099 207 2175 244 402

46 274 93 301 effe
105 270 180 300 Bulbi
191 280 270 307 genus
281 271 348 299 circa
360 271 430 307 ripas
444 271 561 299 amnium
575 273 688 305 nascens,
705 272 779 299 cuius
793 272 862 299 inter
875 271 1005 297 summum
1017 276 1075 296 cor·
1137 278 1188 305 que
1210 271 1317 306 impone
1329 268 1424 298 labori.
1456 272 1625 307 i.Accele1-a‚
1644 273 1741 308 raptim
1756 273 1806 300 fac.
1843 276 1957 305 Seruius.
2027 280 2175 316 Imperium

46 309 137 340 tieem,
155 316 264 343 eamque
283 314 383 342 partem
397 317 449 342 qua
464 309 619 341 vescuntur,
638 310 685 335 ess‘e
702 309 801 334 laneam
819 311 956 346 naturai-u,
975 313 1007 345 ex
1022 312 1074 339 qua
1139 308 1342 347 semellre'Caes.
1356 306 1418 333 Bell.
1432 307 1512 335 Ciuil.
1528 317 1555 342 1,
1571 317 1596 342 9.
1668 310 1706 336 Ex
1719 309 1833 337 Infamia
1853 313 1878 338 se
1892 315 1946 340 Cic.
1956 315 2032 343 Vcrr.
2052 325 2084 350 3,
2120 336 2127 343 .
2165 336 2172 343 .

35 343 146 378 -impilia
163 342 216 376 (sic
236 342 361 370 Harduin.
383 346 417 370 al.
435 344 569 379 mapalia)
589 344 722 380 vestesque
742 342 869 378 quaedam
888 342 1074 367 conficiuntur.
1138 342 1205 369 Hor.
1220 343 1297 378 Epist.
1311 351 1334 376 2,
1349 351 1372 374 2,
1385 344 1415 375 56

46 380 113 406 Haec
124 375 188 404 Plin.
204 386 242 410 19,
255 387 272 404 z
293 379 310 404 s.
323 387 360 405 10.
1331 377 1437 411 Singula
1454 377 1486 404 de
1505 377 1583 405 nobis
1600 379 1662 407 anni
1681 379 1853 415 praedantur,
1874 388 1964 409 euntes

44 410 50 431 ¹>
78 419 169 440 ERIO
181 414 336 445 XY'LON,
359 414 378 440 i.
413 422 439 440 n.
474 414 628 449 [ἓριόξυλον]
669 414 739 439 Lana
757 410 805 445 est,
824 411 870 447 seu
889 412 992 447 lanugo
1010 411 1073 445 xyli.
1098 423 1113 450 ς
1331 413 1458 447 Eripuere
1479 415 1567 445 locos,
1587 423 1724 447 venerem,
1744 417 1884 450 conuiuia,
1901 417 2010 451 ludum,

44 448 147 483 leian.
162 448 190 474 in
204 448 273 482 Lege
285 456 321 483 70
342 449 368 475 Si
381 449 423 475 cui
438 448 496 476 lana
510 451 618 484 legetur.
644 448 675 475 D.
689 448 721 474 de
734 448 796 481 Leg.
809 453 869 474 tert.
882 445 906 483 §.
918 455 935 480 9
955 447 1025 486 Lana
1037 446 1074 485 le·
1330 448 1459 476 Tendunt
1479 456 1635 484 extorquere
1653 454 1782 485 poemata.

44 491 101 519 gata
111 483 188 510 etiam
201 483 347 518 leporinam
361 485 446 511 lanam
459 491 485 511 et
498 486 641 512 anserinam
653 489 678 510 et
691 483 823 517 caprinam
842 482 921 510 credo
934 487 1075 513 contineri,
1137 481 1218 509 Plaut.
1232 482 1300 510 Rud.
1313 491 1336 519 3,
1348 492 1377 517 4,
1392 486 1407 510 6
1428 485 1470 509 Ius
1485 493 1572 511 meum
1591 493 1710 521 ereptum
1729 487 1765 514 est
1783 486 1859 514 mihi.
1929 486 1984 514 Cic.
1997 488 2079 515 Tusc.
2094 499 2126 523 2,
2145 498 2174 525 35

44 525 70 545 et
84 518 114 545 de
127 518 216 552 ligno,
233 528 313 554 quam
332 520 427 546 Graeci
446 520 577 556 ἓριόξυλσν,
597 519 642 553 (h.
656 526 675 544 e.
693 519 798 554 ligneam
811 518 916 552 lanam)
935 517 1075 552 appellant.
1138 518 1321 550 Qmmobrem
1343 519 1436 546 hortor
1454 528 1560 552 omnes,
1583 522 1630 555 qui
1644 522 1730 549 facere
1754 522 1780 549 id
1797 524 1914 558 possunt,
1932 530 1961 550 vt
1976 523 2053 550 huius
2068 535 2173 560 quoque

0 551 1 554 ’
49 552 107 581 Vid.
120 554 186 581 Plin.
197 563 234 587 19,
248 563 266 581 1.
321 555 422 591 Salmas.
436 559 464 582 in
477 556 554 584 Solin.
569 561 599 589 p.
612 562 666 588 702.
995 588 1000 592 -
1137 554 1238 587 generis
1254 555 1370 582 Laudem
1387 555 1439 581 iam
1454 554 1587 588 languenti
1601 558 1725 584 Graeciae
1738 559 1862 594 eripiant,
1878 565 1906 585 vt
1920 559 2053 594 perferant
2067 561 2095 585 in
2109 561 2175 588 hanc

78 595 220 622 ERIPHIA,
234 599 273 616 ae.
291 589 312 617 f.
348 592 432 618 Herba
443 590 486 624 (fl,
505 599 585 627 quam,
598 595 628 615 vt
639 591 676 614 ait
689 586 753 613 Plin.
764 595 805 621 24,
817 592 842 617 18
856 594 900 623 pr.
922 587 1002 614 Multi
1018 596 1076 621 pro·
1097 601 1125 619 10
1136 588 1239 615 vrbem.
1310 591 1471 617 Libertatem
1487 591 1569 617 Plaut.
1579 592 1652 626 Capt.
1666 602 1687 625 ε,
1702 602 1726 626 2,
1739 597 1777 621 61.
1848 594 1958 621 Liberos
1971 603 2002 626 cx
2014 594 2069 621 ssnu
2084 604 2174 629 paren-

41 623 140 651 didere.
176 625 346 652 Scarabaeum
359 626 422 652 haec
436 627 464 652 in
475 633 556 653 auena
569 623 663 656 habet,
683 623 783 649 sursum
801 622 923 650 deorsum
937 623 1075 649 decurren-
1136 629 1192 650 tum
1211 625 1267 650 Cic.
1282 626 1359 652 Verr.
1373 633 1400 658 5,
1421 630 1468 655 118.
1540 626 1667 661 Linguam
1687 629 1784 662 alicui,
1817 631 1836 655 i.
1856 630 1952 656 euellere
1971 630 2050 656 Ouid.
2069 631 2134 656 Fast.
2149 640 2174 663 2,

43 664 97 686 tem
110 669 168 686 cum
180 661 244 687 sono
258 660 355 693 hoedi,
375 661 444 688 vnde
460 666 486 687 et
497 667 594 686 nomen
606 658 714 693 accepit.
768 660 824 685 Hac
841 659 874 685 ad
891 667 986 685 vocem
1004 658 1073 685 nihil
1137 662 1196 689 608.
1267 660 1323 687 Cic.
1338 661 1416 687 Acad.
1429 669 1456 693 4,
1468 669 1499 692 30
1525 661 1595 689 Nam
1614 664 1676 697 quid
1699 674 1759 691 eum
1778 665 1911 692 sachun-um
1925 661 2014 700 putem
2031 665 2063 692 de
2075 666 2175 692 abditis

0 719 1 723 ,
43 695 210 730 praestantius
224 696 272 722 ess'e
287 697 400 724 tradunt.
1136 695 1214 721 rebus
1234 700 1260 721 et
1279 696 1410 728 Obscuris,
1430 696 1477 730 qui
1495 696 1593 723 Lucem
1615 700 1718 733 eripere
1738 702 1871 727 conetur?
1941 700 2014 728 Idem
2034 702 2066 727 de
2078 700 2175 729 Nattlr.

81 737 98 758 E
110 739 128 758 R
143 739 152 758 1
166 738 181 758 P
196 737 217 756 H
233 733 285 758 Y’L
299 739 316 758 Ε
329 752 337 764 ,
363 741 399 759 es.
433 730 454 757 f.
489 728 648 765 [Ἐριφύλη]
685 729 759 755 onr
772 728 941 763 Amphiarai,
960 734 986 755 et
999 729 1075 755 soror
1137 731 1216 756 Deor.
1231 738 1251 762 ι,
1265 733 1281 756 6
1307 731 1399 758 Multis
1413 737 1492 758 etiam
1513 732 1576 759 senfi
1594 734 1717 761 mirabile
1736 735 1824 763 videri
1842 745 1900 763 eam
1919 737 1997 763 nobis
2018 736 2176 771 potissimum

42 766 152 793 Adrasti.
188 766 259 793 Haec
274 773 380 802 accepto
393 765 486 793 monili
499 772 581 791 aureo
594 764 718 790 latentem
731 765 856 791 maritum
870 764 989 798 prodidit
1002 765 1075 796 Poly-
1094 775 1119 800 ις
1137 766 1273 801 probatam
1287 768 1335 793 effe
1356 767 1570 802 philosophiam,
1589 779 1655 803 quae
1671 771 1767 798 Lucem
1788 772 1916 806 eriperet,
1935 779 1960 798 et
1981 772 2052 807 quasi
2071 772 2177 798 noctem

41 801 114 828 nici:
139 809 199 828 cum
220 811 274 836 quo
294 803 322 829 in
340 801 469 838 praelium
488 799 619 834 proticisci
638 799 759 832 coaetus,
779 799 852 826 hiatu
874 806 959 826 terrae
978 800 1075 834 periit:
1138 801 1269 837 quandam
1282 802 1361 829 rebus
1376 803 1535 830 offunderet.
1591 806 1638 831 Sed
1657 816 1705 841 pro
1718 807 1793 834 Rosc.
1810 808 1925 841 An1.,150
1944 809 2035 841 Quum
2048 808 2176 835 ademerit
2215 817 2217 819 .

42 836 114 862 cuius
128 835 198 863 filius
212 838 339 865 Alcineon
351 836 435 872 postea
449 841 559 862 matrem
572 836 693 868 necauit,
712 842 737 862 et
749 835 785 861 est
798 835 898 862 Orestis
913 835 1005 862 furore
1021 844 1077 862 cor·
1138 837 1216 863 nobis
1229 839 1330 870 omnia,
1345 847 1418 878 quae.
1428 838 1515 865 nostra
1527 846 1599 866 erant
1611 843 1726 876 propria,
1743 851 1775 868 ne
1790 843 1887 869 Lucem
1901 852 2008 878 quoque
2023 843 2097 875 hanc,
2110 851 2177 879 quae

0 878 1 894 ;
39 877 139 905 rept1is.
177 874 244 899 Haec
257 874 328 900 Seru.
339 872 373 898 ad
384 870 480 905 Virgil.
493 871 558 897 Aen.
573 872 599 901 6,
613 879 664 904 445
686 871 735 897 His
748 870 901 903 Phaedram,
916 871 1076 905 Procrinque
1138 872 1286 899 communis
1304 873 1355 905 est,
1381 882 1484 909 eripere
1503 882 1600 909 cupiat.
1678 878 1774 903 Lucem
1795 879 1910 913 eripiunt
1931 878 2053 905 tenebrae
2075 878 2120 905 Sil.
2140 887 2178 905 10.

39 905 114 940 lociS,
128 906 461 944 moestamqueEriphyleu,
497 906 617 933 Crudelis
629 906 685 932 nati
697 906 885 932 monstrantem
899 906 1009 934 vulnera
1022 916 1075 943 cer·
1138 909 1211 935 Hirt.
1225 908 1291 934 Bell.
1305 909 1380 934 Alex.
1394 914 1419 939 13
1444 909 1551 937 Terror
1567 910 1720 939 hominibus
1740 914 1857 939 Mentem
1877 914 2068 949 consiliumque
2088 914 2178 949 eripit.

39 941 88 968 nit.
160 944 215 970 Cic.
229 943 261 970 de
273 945 373 970 Inuent.
389 950 410 974 1,
423 950 459 974 94
483 941 630 969 Mulierum
649 951 729 976 genus
741 950 850 968 auarum
863 942 908 968 est.
945 951 1005 968 nam
1021 943 1076 969 Eri·
1085 954 1119 973 20
1138 943 1235 978 Virgil.
1250 945 1313 970 Aen.
1328 953 1353 976 2,
1366 948 1415 979 736
1437 946 1488 971 Hic
1502 946 1569 972 mihi
1583 948 1686 979 nescio,
1706 949 1776 981 quod
1790 948 1895 983 trepido
1915 950 1982 975 male
1994 959 2092 976 numen
2112 950 2179 977 ami-

0 998 2 1006 .
37 976 118 1013 phyle
131 987 197 1005 auro
208 979 261 1006 viri
273 979 354 1005 vitam
367 977 498 1005 vendidit.
567 979 683 1004 Dicimus
699 981 773 1004 etiam
785 979 875 1003 Latine
890 977 1025 1012 Eriphyla,
1037 987 1075 1004 ae.
1139 988 1198 1006 cum
1234 980 1379 1006 Confusam
1394 981 1493 1014 eripuit
1510 983 1636 1008 Mentem.
1707 983 1763 1008 Cle.
1779 984 1850 1010 Fam.
1868 993 1900 1017 9,
1922 993 1945 1016 13
1973 985 2054 1011 Nulla
2074 986 2178 1011 ratione

38 1012 95 1039 Cic.
109 1014 186 1041 Verr.
200 1025 227 1049 4,
239 1023 270 1047 39
293 1022 314 1040 c.
329 1018 354 1043 18
381 1012 534 1048 Eriphylam
547 1013 695 1047 accepimus
713 1013 741 1039 in
758 1012 857 1039 fabulis
874 1021 904 1039 ea
923 1013 1076 1047 cupiditate,
1138 1015 1172 1042 ab
1186 1014 1231 1041 illa
1241 1015 1350 1042 Miseria
1366 1017 1391 1042 se
1406 1018 1506 1051 eripere
1521 1018 1616 1051 poss'et,
1635 1017 1660 1044 h.
1676 1027 1695 1043 e.
1714 1021 1826 1046 eximere.
1896 1021 2011 1045 Mortem
2030 1021 2109 1046 alicui
2128 1021 2180 1047 eri-

37 1053 68 1074 vt
82 1057 165 1083 quum
179 1049 279 1076 vidisset
291 1048 400 1079 monile,
415 1054 443 1074 vt
455 1048 563 1083 opinor,
582 1057 614 1074 ex
626 1057 692 1075 auro
705 1054 729 1074 et
744 1049 864 1082 gemmis,
877 1048 1076 1082 pulchritudine
1138 1059 1216 1085 pere,
1233 1054 1251 1076 i.
1263 1051 1383 1077 moriendi
1390 1052 1540 1087 facultatem
1553 1053 1610 1079 Sen.
1623 1053 1722 1081 Phoen.
1733 1061 1784 1079 102.
1831 1053 1872 1080 Sic
1883 1063 1938 1079 mos.⁴
1952 1055 2052 1081 Neeem
2067 1057 2180 1090 eripere.

39 1083 96 1110 eius
109 1085 210 1112 incensa
221 1085 330 1111 salutem
343 1084 397 1110 viri
411 1084 543 1118 proderet.
585 1083 641 1110 Vid.
654 1083 778 1111 Brouckh.
791 1084 825 1110 ad
836 1085 953 1119 Propert.
962 1093 988 1117 2,
1003 1093 1034 1117 13,
1042 1094 1076 1118 29
1139 1087 1222 1113 Nefas
1236 1086 1320 1112 oeulis
1333 1087 1405 1112 Idem
1418 1087 1529 1120 Thyest.
1549 1089 1567 1113 s.
1582 1092 1604 1117 8.
1676 1089 1776 1115 Necem
1797 1087 1858 1114 Stat.
1874 1087 1965 1114 Theb.
1980 1098 2003 1121 3,
2017 1092 2059 1122 69.
2122 1092 2180 1117 No.

39 1119 158 1155 Adspice,
172 1119 235 1155 quid
248 1119 324 1146 donis
336 1119 462 1154 Eriphyla
476 1118 580 1146 inuenit
591 1119 696 1146 amaris.
1092 1129 1125 1156 ις
1140 1121 1208 1148 &em
1222 1123 1339 1156 eripiunt
1355 1123 1474 1150 flammae
1494 1123 1541 1149 Sil.
1560 1131 1593 1155 11,
1631 1142 1637 1149 .
1676 1143 1682 1151 .
1755 1123 1890 1150 Notitiam
1910 1123 2021 1151 alicuius
2040 1125 2080 1151 rei
2099 1126 2181 1152 alicui

72 1162 89 1182 Ε
98 1163 117 1182 R
126 1163 135 1181 1
145 1162 242 1182 PHYL
251 1162 347 1182 Assvs
356 1174 364 1187 ‚
387 1164 400 1181 a
409 1175 417 1187 ,
444 1164 497 1181 um.
533 1154 593 1181 Adi.
627 1155 820 1190 [Ἐριφυλαῖος]
863 1155 925 1181 Stat.
938 1155 1029 1183 Theb.
1046 1164 1076 1189 4,
1140 1157 1221 1184 Ouid.
1235 1166 1267 1183 ex
1279 1158 1363 1184 Ponto
1377 1167 1402 1190 2,
1417 1168 1453 1192 ιο,
1466 1167 1486 1192 5.
1558 1157 1681 1189 Nubem‚
1702 1167 1769 1194 quae
1782 1159 1905 1185 mortales
1919 1158 2026 1186 hebetat
2039 1160 2120 1193 visus,
2134 1160 2181 1187 ali-

0 1183 1 1194 ³
38 1198 80 1217 211
101 1191 142 1217 Sic
153 1190 322 1225 Eriphylaeos
335 1198 429 1217 aurum
446 1190 526 1217 fatale
538 1196 642 1224 penates
678 1190 796 1225 Irrupit,
812 1190 940 1218 scelerum
959 1191 1076 1226 ingentia
1139 1194 1182 1219 cui
1195 1194 1299 1227 eripere
1313 1194 1388 1227 Virg.
1404 1195 1468 1220 Aen.
1483 1203 1509 1227 2,
1522 1196 1580 1227 605.
1634 1195 1733 1221 Oculos
1748 1192 1823 1221 'sen'
1832 1194 1941 1229 Adelph.
1955 1203 1978 1227 3,
1992 1204 2014 1227 2,
2028 1204 2068 1222 20.
2110 1196 2180 1222 Ocu-

0 1229 2 1238 *
38 1226 137 1252 semina
150 1226 244 1253 mouit.
1138 1229 1178 1255 los
1192 1229 1288 1263 eripiet
1301 1229 1392 1264 quiuis
1407 1230 1484 1256 citius
1495 1230 1565 1256 mihi
1583 1238 1676 1264 quam,
1695 1237 1740 1256 etc.
1765 1231 1830 1256 Hor.
1846 1231 1928 1257 Sei-ni.
1943 1239 1967 1261 2,
1978 1238 2002 1263 5,
2016 1238 2052 1263 35.
2109 1231 2180 1265 Opes

39 1274 45 1279 -
72 1268 117 1287 ER
126 1261 224 1293 ῘΡΙΟ,
243 1261 282 1293 ui,
301 1266 407 1296 eptum,
426 1263 480 1288 cre.
516 1259 681 1296 [ἐξαρπάζω]
717 1260 769 1293 Est,
786 1267 815 1287 vt
828 1264 867 1287 πίε
879 1262 969 1296 Pomp.
985 1262 1077 1289 Iurisc.
1139 1270 1223 1298 partas
1237 1265 1317 1298 eripit
1331 1264 1399 1299 ignis
1410 1266 1508 1292 Tibul.
1522 1274 1544 1300 2,
1557 1275 1585 1298 4,
1593 1275 1637 1299 40.
1693 1266 1855 1293 Ornamenta
1867 1275 1898 1292 ex
1911 1265 2022 1292 vrbibus
2036 1267 2180 1293 Cic.Verr.

38 1294 84 1330 l.4
97 1305 136 1331 pr.
154 1297 180 1323 ff.
206 1297 248 1324 Ne
262 1297 321 1331 quis
335 1305 406 1330 eum,
420 1297 467 1332 qui
480 1296 508 1322 in
521 1297 562 1322 ius
577 1296 668 1324 vocab.
690 1297 729 1323 De
741 1296 863 1323 manibus
877 1297 987 1324 alicuius
999 1297 1077 1333 quid·
1096 1313 1128 1337 30
1139 1309 1163 1333 5,
1200 1319 1207 1325 .
1245 1319 1253 1327 .
1323 1301 1406 1327 Plaut.
1418 1302 1499 1327 Mei-c.
1516 1310 1535 1332 1,
1548 1310 1574 1333 2,
1587 1304 1623 1334 64
1651 1301 1807 1335 Orationem
1821 1311 1852 1328 ex
1871 1310 1918 1328 ore
1938 1307 1966 1328 tu
1985 1302 2093 1336 quidem
2112 1301 2181 1328 mihi

37 1332 110 1366 piam
128 1333 230 1359 auferre
246 1340 293 1366 per
311 1338 423 1367 raptum.
519 1332 586 1358 Ter.
601 1333 697 1359 Heaut.
716 1341 744 1366 4,
766 1341 789 1364 2,
808 1334 825 1358 6
850 1332 964 1359 Crucior
983 1333 1076 1360 bolum
1139 1335 1239 1370 eripis,
1256 1341 1322 1362 tace.
1394 1336 1490 1362 Oscula
1503 1337 1598 1362 Horat.
1612 1337 1699 1362 Carm.
1713 1345 1739 1369 2,
1753 1346 1786 1370 12,
1800 1344 1842 1371 27.
1912 1338 2019 1370 Pacem,
2037 1337 2090 1364 vid.
2110 1344 2182 1364 PAX.

36 1372 139 1394 tantum
152 1367 219 1394 mihi
230 1373 349 1402 ereptum
362 1374 414 1394 tam
427 1366 514 1394 subito
529 1375 543 1393 e
556 1367 685 1394 faucibus.
756 1367 832 1394 Idem
844 1369 942 1395 Heaut.
956 1378 984 1401 4,
1004 1378 1026 1402 3,
1046 1378 1076 1401 39
1140 1371 1295 1398 Potestatem
1308 1371 1410 1406 aliquid
1424 1371 1541 1398 faciendi
1555 1373 1610 1398 Cic.
1625 1372 1657 1398 de
1671 1373 1778 1398 Amicii.
1793 1378 1824 1405 89
1843 1381 1865 1398 c.
1879 1380 1914 1404 23-
1986 1374 2058 1399 Caes.
2072 1373 2137 1399 Bell.
2150 1373 2183 1400 C.

0 1422 1 1427 ,
35 1403 111 1429 Vnus
123 1403 160 1431 est
178 1402 246 1434 dies,
262 1402 327 1430 dum
340 1409 477 1438 argentum
495 1403 592 1437 eripio.
688 1404 743 1430 Cic.
762 1413 810 1438 pro
823 1405 950 1431 Muraena
962 1410 994 1434 82
1018 1405 1075 1438 Q1i
1134 1415 1160 1438 ,ι,
1174 1415 1195 1439 3.
1251 1408 1370 1434 Praemia
1390 1407 1472 1434 Ouid.
1487 1408 1550 1433 Met.
1564 1416 1586 1440 5,
1601 1415 1640 1440 25.
1697 1408 1864 1442 Prospectum
1881 1408 1995 1442 eripiens
2006 1408 2092 1435 oculis
2105 1408 2179 1442 Virg.

35 1437 108 1464 Iocus
125 1438 162 1465 est
173 1438 292 1471 Iudices,
312 1440 384 1473 quod
398 1444 514 1473 tempus,
532 1438 581 1473 qui
594 1438 665 1471 dies,
684 1448 751 1474 quae
764 1448 835 1472 nox,
854 1449 937 1474 quum
952 1449 1002 1474 ego
1018 1449 1072 1466 non
1141 1444 1204 1469 Aen.
1218 1447 1247 1474 8,
1266 1450 1325 1476 254.
1398 1444 1454 1470 Cic.
1475 1452 1523 1477 pro
1535 1443 1632 1469 Milon.
1646 1452 1663 1475 9
1689 1443 1845 1470 Pudicitiam
1863 1452 1943 1478 quum
1962 1444 2076 1478 eriperet
2096 1443 2181 1470 militi.

34 1481 68 1499 ex
83 1473 191 1500 istorum
205 1474 307 1501 insidiis
320 1483 349 1501 ac
361 1473 533 1501 mucronibus
546 1483 601 1500 non
619 1474 706 1501 solum
725 1483 803 1507 meo,
823 1475 868 1501 sed
888 1476 974 1502 multo
993 1476 1073 1502 etiarn
1092 1488 1120 1513 33
1139 1477 1283 1504 Tribunus
1298 1478 1422 1514 militaris
1441 1479 1468 1504 in
1483 1478 1601 1504 exercitu
1615 1479 1645 1505 C.
1659 1479 1738 1504 Marii
1751 1480 1914 1513 propinquus
1932 1480 1988 1505 eius
2004 1480 2180 1514 imperatoris,

31 1509 116 1543 magis
128 1509 224 1536 diuino
236 1509 346 1537 consilio
359 1510 461 1544 eripiar
473 1516 552 1544 atque
572 1510 698 1536 euolem3
793 1511 875 1539 Ouid.
893 1512 958 1538 Met.
978 1514 1008 1544 6,
1029 1514 1074 1544 196
1138 1513 1294 1540 interfectus
1311 1513 1344 1540 ab
1359 1523 1392 1541 eo
1409 1514 1452 1545 est,
1473 1513 1516 1539 cui
1536 1514 1592 1539 vim
1612 1511 1745 1541 affcie'bat.
1840 1516 1933 1540 Horat.
1950 1515 2037 1541 Carm.
2056 1523 2085 1548 5,
2103 1520 2133 1547 8,
2153 1523 2181 1546 32

32 1543 172 1579 Multaque
189 1550 220 1572 vt
239 1546 352 1580 eripiat,
377 1546 464 1572 multo
488 1545 557 1571 mihi
579 1546 653 1580 plura
675 1545 820 1580 relinquet.
1016 1544 1037 1583 q
1059 1556 1075 1573 2
1139 1550 1248 1575 Clarum
1268 1549 1442 1581 Tyndaridae
1464 1549 1532 1574 fidus
1555 1548 1589 1575 ab
1615 1549 1715 1575 infimis
1756 1549 1861 1581 Qiafl'as
1883 1551 1999 1584 eripiunt
2019 1550 2182 1585 aequoribus

32 1577 189 1612 construitur
206 1591 260 1608 cum
272 1581 417 1616 Praepofitt.
446 1582 468 1607 A
487 1587 574 1607 morte
593 1586 684 1607 contra
699 1581 784 1607 fatum
803 1581 907 1615 eripere
921 1581 1007 1608 filium
1020 1591 1075 1608 non
1139 1585 1232 1616 Rates,
1257 1587 1276 1610 i.
1290 1585 1396 1619 seruant
1413 1594 1425 1610 e
1443 1584 1588 1620 naufragio.
1662 1585 1844 1619 Respiramen,
1862 1585 1967 1619 iterque
1979 1586 2082 1612 animae
2098 1585 2181 1612 Ouid.

32 1615 102 1650 poss‘e
115 1616 171 1645 Cic.
183 1616 215 1642 de
228 1616 319 1643 Diuin.
334 1625 356 1649 2,
369 1623 396 1649 25
415 1625 437 1642 c.
448 1625 484 1643 10.
555 1615 598 1643 Ab
611 1617 672 1650 igne
686 1616 789 1650 eripere
802 1623 903 1642 torrem
915 1617 996 1643 Ouid.
1010 1618 1075 1643 Met.
1138 1620 1202 1645 Met.
1218 1627 1252 1650 12,
1269 1628 1321 1651 143.
1392 1619 1579 1653 Responfiones
1591 1628 1645 1646 vno
1659 1620 1742 1646 verbo
1756 1619 1837 1645 Plaut.
1853 1620 1931 1645 Most.
1946 1628 1968 1651 3,
1986 1629 2006 1651 1,
2020 1622 2060 1651 63.
2098 1620 2179 1646 Ouid.

32 1655 58 1682 8,
71 1658 132 1685 457.
204 1653 227 1678 A
243 1652 350 1679 miseria
362 1652 387 1678 se
407 1652 463 1678 Cic.
477 1652 550 1679 Fam.
567 1660 599 1684 9,
620 1660 654 1683 13.
723 1651 798 1678 Idem
810 1653 887 1678 Verr.
903 1659 924 1684 5,
940 1660 982 1686 173
1003 1661 1024 1678 c.
1039 1655 1073 1686 67
1092 1663 1128 1687 40
1138 1655 1224 1680 Trist.
1242 1663 1264 1686 2,
1279 1658 1324 1687 169
1347 1655 1433 1689 Eripit
1453 1654 1602 1687 interdum,
1622 1655 1704 1680 modo
1724 1654 1767 1680 dat
1784 1654 1915 1680 medicina
1928 1655 2050 1680 Salutem.
2122 1654 2180 1681 Cic.

32 1685 62 1711 si
74 1695 125 1719 qua
137 1687 178 1712 vis
193 1687 273 1713 istum
284 1687 315 1713 de
327 1687 412 1714 vestra
425 1687 565 1714 seueritate
580 1687 724 1721 eripuerit,
743 1690 762 1713 ι’.
775 1687 929 1713 liberauerit.
971 1688 1012 1714 Sic
1025 1696 1074 1721 pro
1136 1698 1185 1724 pro
1199 1690 1315 1723 Qiintio
1329 1698 1364 1725 77
1385 1691 1449 1717 Non
1465 1691 1603 1723 pecuniam
1616 1689 1712 1719 modo,
1732 1698 1825 1716 verum
1841 1690 1920 1714 etiarn
1937 1688 2055 1714 hominis
2074 1690 2182 1723 propin.

33 1720 110 1747 Rosc.
121 1723 180 1749 Am.
200 1731 222 1748 c.
236 1731 260 1755 51
281 1723 342 1749 Vita
354 1728 443 1757 erepta
455 1723 487 1748 de
499 1722 622 1748 manibus
634 1721 773 1748 sectorum.
844 1723 881 1748 Ex
893 1722 1009 1748 custodia
1028 1722 1075 1748 ali-
1136 1725 1184 1759 qui
1199 1725 1356 1758 Sanguinem
1369 1726 1505 1759 vitamque
1520 1725 1623 1758 eripere
1637 1730 1755 1750 conetur.
1826 1723 1901 1751 Idem
1916 1724 1987 1749 Fam.
2005 1732 2031 1756 9,
2047 1732 2071 1755 13
2098 1724 2182 1757 Quod

35 1764 114 1790 quem
127 1757 182 1783 Cic.
195 1758 266 1785 Brut.
278 1760 304 1784 6.
373 1758 446 1784 Idem
460 1767 508 1792 pro
520 1757 598 1784 Arch.
613 1766 640 1784 aa
666 1757 759 1791 Populi
773 1758 888 1783 Romani
901 1757 955 1782 laus
968 1758 1014 1788 est,
1030 1766 1073 1782 vr-
1136 1759 1237 1785 bellum
1251 1761 1287 1785 ita
1300 1760 1387 1793 postea
1400 1760 1584 1786 confirmatum
1597 1759 1649 1791 est,
1668 1765 1697 1784 vt
1711 1759 1781 1784 nulla
1796 1759 1899 1784 ratione
1920 1759 1950 1784 Se
1962 1759 1995 1785 ab
2009 1760 2055 1785 illa
2074 1760 2181 1787 miseria

33 1790 94 1817 bem
107 1791 284 1819 amicissimam
298 1794 491 1824 Cyzicenorum
508 1792 626 1818 eiusdem
646 1792 756 1817 consilio
776 1800 808 1817 ex
824 1791 899 1816 omni
915 1791 1017 1824 impetu
1032 1799 1073 1815 re·
1135 1793 1240 1826 eripere
1259 1795 1346 1827 posset.
1423 1796 1495 1822 Caes.
1516 1793 1581 1819 Bell.
1599 1794 1630 1818 G.
1653 1802 1678 1824 1,
1700 1802 1719 1826 4
1743 1794 1842 1820 Omnes
1862 1793 1970 1820 clientes
1988 1798 1990 1800 ’
2005 1810 2051 1815 ——
2087 1795 2181 1821 eodem

32 1825 78 1858 gio
97 1835 128 1851 ac
145 1827 226 1852 totius
245 1827 309 1853 belli
329 1836 377 1853 ore
394 1835 424 1853 ae
443 1826 563 1852 faucibus
581 1831 697 1857 ereptam
716 1826 765 1850 else
784 1830 863 1857 atque
882 1825 1072 1850 conseruatam.
1089 1835 1121 1859 43
1136 1828 1262 1853 conduxit
1277 1838 1283 1852 z
1309 1837 1356 1862 per
1374 1838 1435 1862 eos,
1456 1838 1489 1855 ne
1502 1829 1603 1854 causam
1617 1827 1733 1860 diceret,
1750 1829 1781 1854 Se
1798 1829 1903 1863 eripuit.
1977 1831 2068 1856 Sensus
2088 1839 2179 1857 omnes

16 1862 21 1869 ⁸
31 1860 71 1886 Ex
82 1859 184 1886 insidiis
196 1861 264 1893 eripi
276 1861 331 1886 Cic.
348 1869 397 1893 pro
410 1861 480 1886 Mur.
502 1868 524 1884 e.
537 1864 574 1890 38.
630 1858 704 1884 Idem
717 1859 792 1884 Verr.
808 1866 818 1883 1
844 1867 864 1882 c.
878 1866 897 1889 4
920 1858 994 1884 Nam
1013 1859 1073 1891 quis
1135 1862 1218 1883 alicui
1232 1863 1318 1884 carui.
1328 1872 1377 1893 149,
1392 1867 1416 1887 6.
1508 1863 1586 1897 Spem
1600 1863 1752 1897 nuptiarum
1767 1864 1835 1890 Ter.
1850 1865 1945 1891 Hcaut.
1959 1874 1987 1897 4,
2002 1874 2024 1897 3,
2039 1872 2074 1897 35.
2123 1866 2180 1892 Cic.

26 1893 80 1921 hoc
94 1903 147 1920 non
160 1893 297 1928 intelligit,
312 1893 390 1920 istum
426 1907 471 1913 -—-
505 1898 594 1919 tamen
613 1901 645 1918 ex
658 1892 781 1919 manibus
800 1892 892 1926 Populi
907 1893 986 1918 Rom.
999 1891 1070 1926 eripi
1136 1893 1164 1919 in
1179 1892 1256 1920 Catil.
1270 1903 1298 1926 4,
1310 1899 1323 1924 8
1343 1904 1364 1921 c.
1377 1905 1396 1929 4
1415 1897 1502 1932 Eripit
1515 1899 1596 1925 etiam
1608 1899 1699 1933 Spem,
1720 1901 1788 1933 qua'e
1801 1899 1854 1925 sola
1866 1899 2002 1926 hominem
2022 1909 2049 1925 in
2064 1900 2180 1927 miseriis

31 1929 107 1956 nullo
122 1929 203 1955 modo
216 1930 293 1964 p'olse.
348 1930 384 1955 Ex
397 1927 515 1963 periculo
532 1928 649 1963 aliquem
664 1928 720 1954 Cic.
734 1936 783 1962 pro
796 1927 901 1954 Cluent.
913 1936 957 1962 70.
999 1929 1071 1954 Caes.
1135 1929 1266 1956 consolari
1281 1930 1356 1956 solet.
1427 1933 1550 1967 Tempus
1568 1934 1621 1959 eibi
1640 1934 1710 1960 Cels.
1725 1943 1750 1965 2,
1765 1939 1786 1963 8.
1858 1934 1995 1969 Tempora
2011 1942 2081 1962 certa
2099 1936 2181 1963 alicui

27 1965 61 1992 Β.
71 1965 103 1992 G.
116 1973 144 1998 4,
159 1973 193 1992 12..
263 1965 312 1991 Per
323 1973 428 1991 carmen
442 1969 468 1990 et
481 1963 576 1990 herbas
591 1963 707 1998 aliquem
719 1963 798 1989 furiis
811 1963 892 1990 Ouid.
901 1964 1071 1996 Met-15,326.
1134 1965 1175 1991 rei
1191 1966 1282 1992 Horat.
1298 1966 1379 1992 Serm.
1394 1975 1414 1998 1,
1427 1978 1455 2001 4,
1470 1976 1510 2002 57.
1564 1969 1709 1995 Timorem
1725 1968 1804 1995 alicui
1818 1969 1875 1995 Cic.
1892 1970 1921 1997 in
1935 1971 2014 1996 Catil.
2029 1979 2051 2002 3,
2066 1980 2084 1998 1.
2134 1972 2181 1998 Vi-

33 2000 128 2035 Virgil.
141 2001 204 2026 Aen.
218 2002 245 2032 6,
261 2009 295 2026 111
317 2000 397 2026 Illum
409 2008 459 2034 ego
474 2008 519 2033 per
533 1999 651 2025 flammas
663 2004 689 2025 et
702 1999 777 2025 mille
790 1999 925 2033 sequentia
939 1999 990 2025 tela
1002 2034 1007 2038 Ι
1017 1999 1072 2024 Eri·
1085 2012 1116 2038 50
1136 2009 1176 2026 res
1195 2009 1286 2027 omnes
1305 2002 1394 2027 animo
1414 2003 1518 2029 somnus
1539 2010 1564 2029 et
1586 2004 1642 2030 alea
1662 2005 1776 2038 eripiunt
1795 2004 1876 2031 Ouid.
1888 2005 1920 2031 de
1933 2007 2006 2032 Rem.
2016 2007 2106 2032 Amor.
2123 2009 2179 2040 146.

28 2036 80 2071 ⁴pui.
93 2036 132 2062 his
148 2035 282 2068 humeris,
302 2035 446 2070 medioque
464 2044 496 2062 ex
517 2035 590 2061 hoste
608 2035 706 2069 recepi.
779 2035 828 2060 Per
846 2034 913 2066 tela,
933 2043 980 2069 per
999 2043 1073 2068 ignes
1137 2035 1268 2063 Currendi
1281 2037 1357 2063 Vires
1371 2038 1500 2072 eripiente
1514 2045 1586 2065 metu
1602 2040 1682 2066 Ouid.
1698 2042 1789 2065 Amor.
1804 2047 1825 2071 3.
1838 2043 1862 2069 6,
1876 2049 1920 2075 70.
1994 2042 2130 2076 Virginem
2151 2043 2180 2070 vi

32 2071 146 2106 aliquem
159 2071 231 2097 Idem
246 2072 310 2097 Aen.
324 2080 351 2104 2,
364 2073 422 2104 665.
618 2068 639 2108 ff
665 2079 677 2103 3
714 2072 806 2096 Datiui
824 2073 862 2096 rei
879 2072 919 2096 uel
931 2070 1051 2105 personae
1064 2080 1072 2094 .·
1135 2072 1168 2098 ab
1182 2071 1273 2106 aliquo
1288 2072 1356 2098 Ter.
1373 2074 1436 2099 Eun.
1448 2083 1476 2107 4,
1492 2076 1518 2106 6,
1532 2083 1570 2106 14.
1625 2075 1683 2101 Cic.
1697 2083 1745 2109 pro
1758 2075 1789 2101 L.
1803 2076 1896 2101 Manil.
1911 2085 1933 2103 ιι
1954 2086 1976 2103 c.
1991 2085 2003 2109 5
2024 2079 2076 2104 Vos
2091 2079 2180 2105 Vitam

32 2107 109 2134 Curis
127 2107 242 2141 aliquem
262 2107 348 2133 Valer.
362 2107 462 2141 Argon.
483 2113 515 2139 4,
534 2113 588 2139 539.
683 2106 786 2132 Damno
801 2105 882 2131 Ouid.
897 2106 960 2132 Met.
977 2114 1009 2137 11,
1026 2112 1075 2136 133-
1135 2114 1250 2141 ereptam
1266 2108 1421 2143 negligetis?
1491 2109 1573 2136 Ouid.
1587 2110 1653 2136 Fast.
1669 2119 1694 2142 2,
1707 2116 1756 2144 807
1777 2110 1909 2145 Eripiam‚
1930 2111 2011 2144 dixit,
2031 2122 2078 2147 per
2091 2114 2181 2140 crimi-

1 2147 3 2156 ‘
35 2142 107 2170 Idem
122 2142 153 2169 de
165 2143 227 2169 Arte
239 2143 298 2169 Ain.
316 2151 341 2174 3,
362 2145 408 2177 176
428 2142 550 2174 Phryxon
567 2148 593 2168 et
609 2140 706 2167 Hellen
741 2141 844 2167 Diceris
858 2142 928 2167 Inois
948 2141 1071 2175 eripuiffe
1135 2152 1168 2169 na
1182 2143 1280 2171 Vitam,
1349 2145 1449 2170 Vocem
1464 2144 1496 2180 ab
1511 2153 1558 2171 ore
1578 2145 1710 2180 loquentis
1724 2146 1894 2180 VirgiLAen.
1910 2155 1941 2181 7,
1957 2156 2006 2181 ¹¹9-
2026 2150 2054 2174 de
2069 2158 2111 2181 eo,
2135 2152 2180 2185 qui

38 2177 113 2204 dolis.
178 2179 296 2205 Domino
312 2178 429 2213 aliquem
447 2176 527 2204 Ouid.
541 2178 604 2204 Met.
623 2182 652 2209 8,
670 2181 725 2210 850.
798 2176 871 2202 Idem
890 2177 954 2203 Met.
972 2185 1004 2208 2,
1023 2178 1071 2207 630
1091 2185 1118 2212 53
1134 2188 1201 2204 omen
1216 2181 1317 2213 accipit.
1389 2180 1443 2206 Cic.
1458 2181 1534 2207 Verr.
1550 2189 1576 2212 1,
1591 2190 1631 2214 114
1656 2191 1678 2207 c.
1691 2191 1729 2215 44
1753 2182 1856 2215 Eripias
1875 2189 1902 2209 tu
1918 2183 2089 2210 Voluntatem
2107 2194 2181 2211 mor-

41 2212 138 2246 Natum
149 2213 271 2241 Flammis
283 2219 412 2249 vteroque
427 2213 542 2248 parentis
568 2213 682 2247 Eripuit.
723 2213 762 2238 Da
775 2212 884 2245 Phoebo,
900 2215 945 2247 qui
957 2211 1072 2251 Aesculaf
1133 2214 1185 2240 tuis
1196 2233 1202 2244 ,
1223 2214 1292 2240 bona
1307 2214 1394 2248 viuis,
1411 2216 1451 2242 ius
1465 2216 1604 2249 omnibus,
1629 2220 1648 2243 i.
1660 2217 1812 2252 facultatem
1825 2227 1878 2244 cum
1893 2216 1984 2251 eff'effu
1997 2217 2119 2252 testandi,
2133 2221 2180 2256 sen

32 2251 103 2284 pium
118 2259 146 2275 ex
162 2250 226 2286 caefi)
249 2256 319 2276 vtsro
335 2253 426 2276 matris
443 2252 493 2276 iam
511 2257 571 2284 rogo
591 2247 715 2284 impositae
728 2247 851 2283 seruauit.
920 2249 985 2282 lugo
1000 2253 1073 2281 turpi
1131 2250 1194 2275 bona
1206 2250 1254 2287 fiai
1273 2247 1415 2283 testamento
1434 2252 1598 2287 relinquenti&
1670 2253 1689 2278 E
1708 2253 1847 2287 complexu
1866 2254 1966 2287 patriae
1984 2256 2179 2290 conspecl11q11e

33 2283 100 2310 co'lla
112 2285 203 2312 Horat.
219 2286 300 2312 Seru-1.
314 2294 340 2318 2,
353 2293 379 2320 7,
391 2294 437 2318 9¹··
454 2287 472 2312 i.
486 2286 599 2319 repellere
615 2284 827 2320 ascfirm‘rutem.
898 2283 965 2318 lugo
979 2283 1006 2310 se
1020 2283 1071 2308 eri·
1133 2285 1287 2320 aliquorum
1302 2286 1327 2312 se
1339 2287 1443 2321 eripere
1457 2288 1511 2314 Cic.
1526 2296 1574 2322 pro
1588 2287 1656 2314 Sext.
1671 2296 1706 2320 53.
1780 2288 1825 2315 Te
1843 2288 1905 2315 hinc
1918 2290 1991 2324 eripe
2011 2291 2068 2317 Sen.
2082 2291 2178 2320 Medea

31 2324 94 2353 {pere
107 2319 237 2348 luctantur
248 2320 384 2356 sonipedes
398 2321 455 2347 Sen.
469 2319 578 2354 Hippol.
595 2320 614 2346 s.
628 2328 664 2347 10.
721 2319 803 2345 Ouid.
816 2320 880 2345 Met.
894 2327 920 2351 2,
934 2327 973 2352 315
999 2319 1069 2345 Con·
1134 2321 1153 2346 s.
1168 2329 1193 2355 7.
1266 2322 1335 2347 Poffe
1348 2322 1424 2357 loqui
1438 2323 1553 2357 eripitur
1564 2323 1644 2350 Ouid.
1661 2324 1724 2350 Met.
1739 2332 1764 2356 2,
1778 2329 1836 2357 483.
1906 2326 1958 2352 Vix
1978 2326 2090 2361 eripiam
2112 2327 2179 2362 quin

31 2353 176 2390 sternantur
190 2357 267 2392 equi,
288 2363 313 2383 et
327 2357 393 2383 saltu
406 2357 436 2382 in
448 2356 581 2383 contraria
592 2355 664 2382 faEko
700 2355 777 2381 Colla
790 2356 856 2389 Iugo
874 2355 1006 2389 eripiunt,
1026 2354 1070 2380 ab·
1090 2357 1124 2381 60
1134 2356 1184 2383 hoc
1201 2357 1290 2390 potius
1308 2357 1373 2383 velis
1392 2359 1488 2385 Horat.
1502 2359 1583 2385 Serm.
1603 2368 1636 2391 2,
1655 2367 1687 2391 2,
1706 2367 1745 2391 23.
1942 2359 1962 2398 q
1979 2369 2001 2394 ,5
2037 2362 2178 2397 Obseruatt.

30 2396 157 2426 ruptaque
170 2392 226 2419 lora
236 2393 399 2429 relinquunt.
469 2391 566 2426 Virgil.
581 2392 647 2417 Aen.
669 2398 698 2423 5,
715 2393 768 2423 690
804 2405 849 2410 —-
884 2390 917 2416 da
935 2392 1068 2417 flammam
1134 2393 1257 2426 Eripere,
1271 2392 1420 2427 simpliciter
1435 2395 1594 2429 usurpatum,
1611 2401 1659 2429 pro
1673 2394 1700 2420 de
1709 2396 1820 2430 periculo
1833 2397 1933 2431 eripe're.
1968 2397 2063 2431 Virgil.
2078 2398 2142 2424 Aen.
2153 2407 2178 2440 3,

30 2426 141 2453 euadere
153 2427 218 2454 classi
252 2428 333 2454 Nunc
346 2434 433 2462 pater,
452 2433 478 2453 et
491 2434 581 2453 tenues
593 2427 733 2453 Teucrum
746 2435 787 2452 res
800 2426 874 2459 eripe
888 2427 964 2452 Leto.
1006 2426 1070 2456 Acy-
1133 2430 1183 2460 560
1202 2429 1259 2454 Hos
1272 2429 1389 2454 Helenus
1407 2430 1543 2463 scopulos,
1563 2429 1626 2456 haec
1646 2431 1704 2456 saxa
1724 2429 1856 2457 horrenda
1877 2431 2000 2465 canebat,
2036 2432 2137 2466 Eripite
2157 2442 2175 2460 o

29 2461 135 2497 rologia
147 2463 197 2493 est,
217 2466 300 2497 inquit
312 2462 428 2488 Seruius.
498 2462 574 2495 Virg.
591 2463 656 2487 Aen.
669 2469 750 2493 2,134
774 2461 867 2495 Eripui
879 2462 987 2493 (fateor)
1003 2461 1069 2487 Leto
1132 2463 1213 2494 socii,
1233 2465 1385 2498 pariterque
1399 2464 1527 2499 insurgite
1541 2465 1631 2492 remis.
1701 2466 1782 2492 Tune
1801 2465 1863 2492 hinc
1882 2467 1972 2500 spoliis
1992 2466 2084 2493 indute
2102 2477 2176 2494 meo.

29 2505 89 2530 me,
107 2504 132 2523 et
144 2497 250 2523 vincula
262 2497 332 2530 rupi..
402 2497 478 2530 Lupo
492 2505 588 2530 agnum
600 2496 768 2523 Plaut.Poen.
783 2505 805 2528 3,
818 2505 840 2529 5,
853 2505 891 2529 32.
963 2496 1068 2523 Litibus
1132 2507 1191 2525 rum
1229 2499 1348 2533 Eripiare
1367 2499 1453 2526 mihi?
1475 2500 1549 2535 Virg.
1564 2502 1629 2527 Aen.
1652 2509 1695 2532 12,
1714 2506 1773 2534 948·
1844 2502 1940 2526 Honor
1958 2502 2071 2535 eripitur
2093 2503 2175 2529 Ouid.

29 2533 192 2566 implicitum
210 2532 304 2558 Horat.
319 2531 347 2557 in
360 2532 423 2558 Arte
436 2532 507 2558 Post.
522 2540 585 2565 424.
654 2531 733 2558 Malis
753 2532 869 2566 aliquem
889 2533 984 2567 Virgil.
1005 2533 1070 2558 Aen.
1080 2534 1113 2565 65
1131 2534 1196 2561 Fast.
1211 2543 1237 2567 1,
1256 2537 1311 2562 621.
1384 2536 1516 2562 Currendi
1531 2536 1601 2561 vires
1620 2536 1747 2569 eripiente
1767 2540 1838 2561 metu
1858 2535 1931 2562 Idem
1946 2537 2036 2563 Amor.
2051 2545 2073 2569 3,
2089 2540 2115 2570 6,
2129 2546 2174 2573 70.

31 2569 122 2599 6,365.
193 2567 285 2593 Morae
298 2568 324 2593 se
336 2568 452 2601 eripere,
474 2569 532 2594 Non
546 2566 588 2600 este
601 2569 628 2593 in
641 2577 726 2599 mora,
759 2566 863 2599 estinare
877 2569 971 2595 Horat.
981 2568 1068 2594 Carni.
1132 2570 1240 2596 Tibull.
1258 2579 1279 2603 1,
1297 2579 1321 2602 9,
1337 2578 1363 2603 35
1390 2571 1444 2597 Illis
1464 2572 1579 2605 eriperes
1599 2570 1688 2596 verbis
1708 2570 1791 2600 mihi,
1813 2569 1894 2596 sidera
1913 2571 1978 2597 caeli
2013 2572 2127 2604 Lucere,
2148 2579 2176 2601 et

29 2611 55 2637 3,
69 2610 113 2635 29,
126 2610 147 2632 5·
216 2602 347 2629 MOrfibus
360 2603 430 2629 canis
443 2603 516 2637 lepus
531 2603 645 2637 eripitur
664 2602 744 2629 Ouid.
756 2604 820 2630 Met.
835 2612 856 2636 1,
871 2606 921 2636 538.
992 2603 1067 2637 Virg.
1133 2614 1208 2639 puras
1223 2606 1339 2631 fluminis
1353 2606 1400 2631 else
1412 2606 1477 2636 vias,
1497 2609 1514 2631 i.
1524 2614 1625 2640 negares
1638 2612 1661 2630 et
1675 2605 1829 2640 infringeres
1843 2614 1878 2639 ea,
1893 2614 1952 2641 quae
1960 2607 2022 2642 fimt
2033 2608 2174 2643 certffma.

31 2639 96 2664 Aen.
111 2646 145 2670 12,
158 2635 202 2671 157
221 2638 354 2671 Accelera,
373 2644 398 2664 et
410 2638 529 2671 fratrem,
546 2638 564 2664 si
580 2638 640 2673 quis
652 2637 756 2670 modus,
774 2639 849 2673 eripe
864 2640 959 2667 Morti.
994 2640 1068 2665 Tor·
1131 2641 1240 2673 Eripere
1260 2640 1386 2673 spatium,
1405 2641 1445 2665 vel
1463 2648 1565 2674 aequor
1584 2640 1705 2666 vocabant
1720 2643 1747 2666 in
1761 2641 1848 2673 Circo,
1870 2641 1965 2675 quando
1979 2646 2080 2677 primus
2097 2647 2175 2671 nimio

30 2679 121 2700 mento
139 2672 254 2707 aliquem
271 2674 337 2705 Plin.
349 2673 426 2707 Epist.
441 2675 468 2705 6,
487 2683 507 2700 1.
520 2674 680 2709 solicitudine
699 2674 811 2700 liberare.
1008 2671 1028 2708 q
1049 2683 1068 2706 4
1123 2675 1210 2709 spatio
1222 2681 1309 2700 metam
1323 2673 1469 2709 ezcitaufflt‚
1484 2682 1507 2701 et
1520 2678 1563 2711 qui
1574 2682 1625 2701 tum
1631 2675 1778 2710 ftquebatur
1790 2678 1879 2710 auriga
1891 2679 1958 2702 inter
1970 2684 2056 2704 metam
2070 2685 2094 2704 et
2103 2683 2175 2714 prio-

29 2708 188 2744 Accufiitiui:
210 2708 335 2742 Aliquem
346 2710 375 2734 in
387 2708 478 2734 medio
495 2709 640 2734 versantem
660 2708 767 2734 turbine
787 2707 835 2733 leti
853 2707 938 2733 Catul.
953 2709 993 2738 62,
1009 2716 1065 2740 149.
1080 2717 1117 2744 70
1130 2719 1180 2734 rem
1193 2709 1392 2745 breuiorispau'o
1405 2710 1514 2741 delatus,
1529 2720 1558 2736 ex
1565 2710 1673 2745 secundo
1686 2713 1782 2745 primus
1793 2708 1951 2744 efficiebatur.
1993 2713 2051 2740 Va‘d.
2066 2715 2172 2742 szuin.

8 2755 11 2758 ·
30 2744 100 2771 Ter.
126 2743 234 2778 Adelph.
253 2751 285 2776 2,
305 2752 331 2776 1,
352 2752 389 2783 44
426 2744 514 2770 Domo
534 2752 577 2769 me
594 2742 712 2777 eripuit:
746 2742 899 2768 verberauit
992 2742 1065 2768 Idem
1130 2744 1157 2770 de
1165 2744 1374 2779 Lud.Circ.1,14.
1408 2745 1735 2777 Drakenh.adSi1.16‚389.
1755 2751 1779 2771 et
1787 2746 1860 2772 Salm.
1872 2747 2115 2784 Exerc.Plin.p.635
2127 2751 2170 2786 sq.

2 3817 5 3860 1

29 2778 140 2813 Adelph.
156 2787 181 2810 2,
200 2788 224 2809 z,
243 2787 268 2811 31
307 2780 424 2805 Hoccine
444 2778 492 2804 illo
512 2778 621 2812 dignum
648 2777 708 2804 est?
744 2777 854 2804 hoccine
879 2777 997 2812 incipere
1017 2779 1066 2803 Ae-
1165 2786 1360 2810 EREPTVS,
1379 2789 1402 2810 a,
1423 2790 1477 2806 um.
1512 2780 1606 2806 Partic.
1643 2779 1825 2815 [ἒξαρπαιθείς]
1863 2782 1918 2808 Cic.
1932 2791 1980 2817 pro
1996 2784 2171 2812 Rosc.Amer.

28 2814 166 2846 schinum,
203 2815 250 2840 Per
264 2814 451 2848 oppressionern
466 2820 494 2840 vt
506 2814 571 2840 hane
587 2812 655 2839 mihi
668 2814 770 2847 eripere
785 2813 910 2847 postulet?
966 2813 1021 2840 Cic.
1035 2813 1067 2840 de
1130 2823 1180 2848 149
1205 2816 1260 2850 lpse
1279 2815 1438 2847 affiduitate,
1463 2815 1587 2845 confluo,
1606 2815 1763 2842 audieritate
1774 2836 1781 2847 ‚
1800 2816 1936 2851 diligentia
1951 2819 2078 2852 perfecit,
2098 2826 2126 2847 vt
2145 2821 2170 2848 S.

29 2850 130 2884 L.Agr.
145 2858 170 2882 ι,
178 2858 206 2883 19
225 2849 254 2876 Id
269 2856 355 2876 totum
368 2850 469 2884 eripere
483 2849 577 2881 vobis,
596 2854 674 2883 atquc
689 2857 703 2874 e
716 2849 837 2874 manibus
849 2854 1007 2882 extorquere
1023 2857 1066 2875 co-
1129 2850 1219 2876 Roscii
1234 2851 1289 2876 vita
1301 2857 1390 2884 erepta
1398 2850 1429 2877 de
1439 2850 1558 2877 manibus
1573 2850 1712 2883 senorum,
1726 2852 1861 2878 sententiis
1874 2853 1993 2880 iudicum
2007 2856 2172 2889 permittere-

29 2891 104 2913 natus
119 2885 164 2912 est.
234 2884 307 2911 Idem
325 2886 353 2911 in
367 2885 456 2912 Parad.
474 2887 491 2912 6
523 2885 623 2918 Quanti
644 2884 680 2910 est
701 2883 859 2910 aestimanda
878 2884 977 2916 virtus,
997 2893 1065 2918 quae
1083 2895 1115 2923 75
1131 2890 1183 2911 tur.
1226 2886 1466 2920 AequerEreptum
1480 2886 1525 2915 Sil.
1533 2886 1635 2918 Ital.16,
1643 2895 1699 2919 390.
1735 2888 1776 2914 Ab
1791 2888 1867 2914 vndis
1881 2896 1983 2923 ereptus
1991 2885 2139 2925 Virg.Aen.
2150 2901 2171 2925 1,

29 2931 77 2949 nec
91 2921 168 2956 eripi,
181 2929 228 2947 nec
243 2920 339 2955 surripi
354 2921 445 2955 potest.
516 2920 752 2952 Ouid.Met.9‚184
788 2935 832 2939 —-
869 2920 999 2953 saeuoque
1013 2920 1069 2946 Ali·
1130 2922 1190 2946 600.
1262 2921 1345 2947 Annis
1364 2922 1393 2949 in
1412 2921 1505 2956 primis
1523 2928 1627 2956 ereptus
1645 2923 1732 2950 Valer.
1745 2924 1844 2958 Argon.
1857 2932 1886 2956 3,
1906 2927 1957 2956 316.
2028 2927 2105 2954 Enses
2123 2936 2170 2962 per

31 2963 120 2985 menta
137 2956 251 2991 parentis
285 2957 387 2983 Antaeo
405 2956 502 2990 eripui.
572 2956 628 2982 Cic.
642 2956 712 2981 Fam.
733 2964 770 2985 11,
788 2960 818 2985 28
850 2956 914 2988 Eos,
932 2956 979 2990 qui
997 2955 1066 2982 mihi
1128 2955 1230 2982 medios
1244 2963 1348 2991 ereptus
1361 2958 1477 2991 Propert.
1494 2966 1517 2987 1,
1531 2966 1568 2990 21,
1582 2965 1608 2992 7.
1677 2959 1741 2984 Fato
1757 2966 1859 2994 ereptus
1874 2960 1967 2995 Virgil.
1982 2961 2046 2988 Aen.
2066 2972 2097 2995 2,
2113 2968 2169 2997 738.

35 2993 156 3020 Amicum
168 2993 336 3026 eripuerunt,
356 2990 485 3026 carpendo
498 3000 552 3023 me,
571 2990 674 3018 efficere
687 2991 793 3023 conari,
811 2999 843 3017 ne
856 3000 921 3025 quos
934 2992 1015 3018 velim
1028 2991 1067 3017 di·
1129 2991 1266 3018 Fluctibus
1280 3000 1383 3027 ereptus
1399 2994 1492 3019 Horat.
1506 2993 1593 3020 Carm.
1607 3001 1635 3027 4,
1650 2997 1674 3025 8,
1688 3002 1725 3026 25.
1819 2996 1949 3026 Humanis
1969 3004 2073 3031 ereptus
2093 2999 2168 3025 Curt.

33 3028 135 3062 ligam?
205 3027 286 3054 Ouid.
300 3029 364 3054 Met.
384 3030 413 3060 6,
434 3035 485 3061 540
510 3027 584 3060 Quin
600 3026 721 3053 Animam
735 3026 799 3052 hanc
817 3029 868 3058 (ne
881 3027 953 3062 quod
965 3027 1067 3054 facinus
1129 3035 1167 3059 10,
1185 3035 1208 3059 5,
1229 3036 1265 3053 10.
1285 3028 1314 3054 de
1326 3028 1468 3054 Alexandri
1485 3035 1571 3054 morte.
1641 3029 1732 3056 Oculis
1753 3036 1857 3065 ereptus
1876 3032 1956 3058 Ouid.
1971 3033 2050 3065 Epist.
2065 3042 2108 3065 10,
2125 3042 2167 3067 43.

31 3063 84 3091 tibi
97 3062 194 3098 perfide
207 3063 301 3095 restet)
337 3063 440 3097 Eripis?
509 3063 582 3089 Idem
596 3063 659 3089 Met.
673 3070 713 3095 15,
727 3067 774 3096 845
1081 3069 1114 3095 80
1129 3063 1254 3089 Periculis
1268 3070 1370 3097 ereptus
1383 3064 1480 3098 Virgil.
1496 3064 1560 3090 Aen.
1572 3072 1596 3096 3,
1608 3071 1659 3098 711.
1734 3066 1835 3100 Pugnae
1851 3073 1954 3101 ereptus
1974 3067 2018 3093 Sil.
2034 3075 2078 3102 17,
2113 3088 2119 3094 .
2157 3087 2164 3095 .

184 3098 310 3125 Constitit
326 3099 394 3125 alma
412 3100 500 3125 Venus
519 3099 586 3124 nulli
604 3098 747 3130 cernenda,
772 3096 864 3131 suique
1128 3098 1223 3125 Ruinis
1236 3098 1347 3125 alicuius
1359 3099 1475 3125 ciuitatis
1489 3105 1593 3134 ereptus
1607 3100 1703 3135 Virgil.
1718 3101 1782 3127 Aen.
1797 3110 1820 3133 3,
1833 3104 1895 3136 476.
1965 3102 2106 3128 Thalamis
2119 3103 2166 3129 ali-

146 3138 149 3145 “
182 3134 300 3161 Caesaris
319 3134 418 3169 eripuit
436 3133 582 3166 Membris,
600 3142 646 3160 nec
667 3134 694 3159 in
714 3135 773 3160 a'e‘ra
792 3133 861 3159 solui
1128 3134 1202 3160 cuius
1228 3134 1344 3160 feminae
1364 3141 1482 3169 ereptus,
1520 3139 1539 3161 i.
1559 3135 1678 3162 liberatus
1697 3137 1764 3162 aldim
1782 3139 1894 3172 com'ugio
1912 3137 2000 3164 Senec.
2014 3138 2085 3165 Med.
2107 3138 2125 3164 s.
2140 3147 2165 3165 2.

184 3170 251 3195 Passa
263 3176 394 3197 recentem
409 3170 523 3196 animam
532 3189 540 3201 ,
557 3169 710 3196 caelestibus
725 3169 814 3195 intulit
828 3167 910 3195 astris.
1127 3170 1246 3203 propert.
1260 3178 1283 3199 2,
1297 3175 1319 3201 8,
1332 3172 1363 3202 36
1390 3171 1496 3198 Tantus
1519 3171 1547 3197 in
1568 3177 1660 3205 erepto
1679 3172 1760 3198 saeuit
1774 3172 1873 3198 Amore
1899 3172 1986 3199 dolor.
2058 3174 2165 3200 Coniux

35 3204 124 3231 Annos
137 3204 256 3238 eripuere
268 3205 336 3232 mihi
349 3207 455 3237 Musae,
475 3209 492 3231 i.
508 3212 610 3231 aetatem
623 3214 697 3232 meam
708 3204 823 3241 consumst
834 3207 861 3230 in
874 3205 1005 3230 literarum
1009 3202 1066 3238 stu·
1127 3204 1221 3239 Virgil.
1243 3206 1306 3232 Aen.
1325 3214 1354 3237 3,
1376 3215 1430 3238 330.
1525 3207 1587 3233 Fata
1606 3207 1666 3233 Stat.
1682 3207 1772 3233 Theb.
1793 3216 1821 3239 3,
1841 3213 1878 3241 85.
1948 3208 2043 3243 Virgil.
2057 3209 2121 3235 Aen.
2139 3217 2164 3242 5,

34 3239 86 3266 diis
98 3238 231 3266 Claudian.
244 3240 322 3267 Cons.
333 3241 405 3268 Mall.
419 3240 527 3268 Theod.
546 3249 598 3274 139.
668 3240 749 3267 Ouid.
763 3241 828 3266 Met.
841 3248 873 3273 4,
887 3247 939 3272 224
963 3254 1008 3259 —
1028 3240 1065 3265 fa·
1082 3246 1110 3274 85
1126 3249 1175 3273 342
1200 3241 1377 3275 Ereptumque
1395 3241 1457 3268 dolo
1477 3241 1553 3269 reddi
1569 3242 1619 3269 fibi
1637 3242 1719 3277 poscit
1738 3244 1886 3269 Honorem.
1979 3245 2020 3270 Ius
2043 3251 2165 3278 ereptum

34 3275 121 3301 mulae
139 3274 273 3308 discedite,
295 3285 363 3303 neue
410 3277 510 3311 Eripite
533 3276 683 3303 Arbitrium
705 3276 783 3302 matri
806 3277 901 3301 secreta
928 3274 1064 3310 loquendi.
1125 3276 1261 3303 restituere
1278 3276 1358 3304 Ouid.
1369 3277 1432 3304 Fast.
1447 3286 1465 3307 1,
1478 3280 1535 3304 626.
1605 3279 1715 3305 quenta
1730 3279 1814 3313 prima
1827 3279 1882 3305 fato
1895 3285 1982 3313 erepta
1994 3280 2074 3305 alicui
2086 3280 2162 3314 Virg.

40 3311 119 3345 Vulgo
133 3309 268 3344 Arripite.‘
322 3312 417 3347 Virgil.
427 3313 490 3339 Aen.
504 3321 530 3345 9,
545 3320 591 3345 129
626 3327 672 3332 ——
706 3311 747 3338 his
761 3311 878 3346 Iuppiter
894 3310 948 3344 ipse
984 3310 1065 3336 Auxi-
1127 3313 1191 3338 Aen.
1208 3320 1239 3347 7,
1261 3320 1294 3345 51.
1368 3313 1436 3339 Laus
1453 3313 1536 3339 alicui
1554 3314 1641 3340 Senec.
1655 3315 1732 3341 Herc.
1747 3315 1804 3341 Oet⁴
1825 3315 1842 3341 s.
1857 3323 1882 3349 7.
1954 3315 2035 3348 Leges
2054 3315 2111 3341 Cic.
2129 3315 2164 3342 de

29 3345 103 3372 'lium
116 3344 222 3371 solitum
238 3346 343 3380 eripuit.
412 3347 484 3374 Idem
498 3349 562 3374 Aen.
579 3356 599 3380 1,
612 3356 645 3381 92
665 3347 789 3382 Eripiunt
805 3346 892 3373 subito
905 3345 987 3372 nubes
1001 3347 1064 3372 Cae·
1126 3348 1205 3382 Legg.
1220 3357 1232 3380 3
1252 3357 1272 3373 c.
1288 3349 1324 3374 16.
1396 3349 1488 3375 Litora
1501 3349 1546 3374 Sil.
1562 3356 1587 3383 7,
1618 3369 1624 3376 .
1661 3369 1667 3376 .
1702 3353 1720 3375 i.
1736 3351 1765 3376 ab
1778 3348 1885 3382 hostibus
1898 3356 2021 3385 occupata.
2075 3350 2164 3378 Locus

33 3381 151 3414 Iumque
162 3379 282 3415 diemque
315 3383 485 3410 Teucrorum
508 3393 539 3410 ex
562 3384 662 3413 oculis,
687 3389 769 3418 ponto
784 3391 844 3409 nox
868 3381 975 3408 incubat
997 3388 1062 3408 atra.
1126 3383 1207 3410 Ouid.
1221 3383 1307 3411 Trist.
1321 3392 1350 3417 4,
1364 3392 1392 3416 2,
1409 3389 1445 3417 58.
1516 3385 1616 3411 Merces
1636 3384 1756 3411 laborum
1777 3386 1872 3412 Lucan.
1893 3393 1917 3416 1,
1936 3393 1994 3417 340.
2065 3386 2162 3421 Virgil.

34 3417 90 3444 Cic.
105 3417 175 3442 Fam.
189 3421 232 3452 1,5
258 3416 305 3443 Sed
319 3427 424 3452 vereor,
437 3428 470 3446 ne
482 3425 527 3446 aut
545 3419 673 3454 eripiatur
692 3428 706 3445 a
719 3418 796 3444 nobis
814 3418 886 3452 regia
900 3418 998 3449 Causa,
1017 3423 1061 3444 aut
1073 3425 1109 3450 90
1127 3419 1190 3446 Aen.
1204 3428 1224 3451 1,
1236 3421 1279 3452 651
1296 3420 1407 3446 Munera
1419 3424 1552 3454 praeterea
1565 3420 1652 3447 Iliacis
1667 3426 1755 3455 erepta
1769 3421 1852 3446 ruinis
1870 3421 1949 3446 Ferre
1962 3419 2046 3447 iubet.
2087 3422 2163 3448 Idem

11 3483 15 3486 .
34 3452 176 3479 deseratur.
189 3455 191 3457 ’
211 3450 255 3476 ΑΙ.
273 3459 288 3477 a
300 3456 421 3480 omittunt.
492 3455 547 3482 Cic.
568 3465 617 3490 pro
633 3454 723 3482 Rabir.
737 3454 803 3480 Post.
818 3459 851 3486 48
879 3455 933 3479 Vos
953 3452 1062 3480 obsecro
1126 3456 1190 3481 Aen.
1206 3464 1239 3487 11,
1253 3458 1305 3489 679
1324 3455 1375 3481 Cui
1390 3455 1465 3481 Pellis
1478 3456 1543 3481 latos
1555 3455 1679 3483 humeros
1692 3462 1779 3491 erepta
1793 3456 1904 3481 iuuenco
1939 3455 2082 3490 Pugnatori
2099 3466 2161 3492 ope.

10 3486 151 3518 „Iudicem
169 3490 198 3511 vt
212 3485 316 3512 Senatus
327 3487 388 3515 huic
399 3490 501 3524 optimo
515 3491 587 3522 viro,
604 3499 659 3525 quo
671 3499 749 3516 nemo
763 3490 859 3516 melior
872 3497 987 3524 vnquam
1001 3489 1063 3522 fuit,
1123 3491 1169 3517 rit.
1209 3491 1297 3517 vRatis
1320 3497 1410 3525 erepto
1432 3492 1530 3525 campis
1554 3490 1653 3518 deserta
1676 3491 1807 3526 profundo
1826 3490 1870 3516 Sil.
1887 3499 1912 3523 3,
1931 3492 1969 3523 56.
2040 3492 2162 3527 Regnum

15 3524 20 3553 f
33 3530 131 3549 nomen
149 3521 246 3555 equitis
259 3521 368 3549 Romani
381 3530 406 3550 et
417 3526 520 3553 vsuram
534 3526 613 3553 huius
626 3526 706 3557 lucis,
723 3532 749 3551 et
761 3525 876 3551 vestrum
887 3524 1062 3559 ConspeChun
1124 3526 1205 3552 alicui
1223 3527 1319 3553 Lucan.
1335 3534 1358 3559 5,
1372 3529 1416 3560 64.
1489 3527 1608 3553 Sensibus
1628 3527 1724 3561 ereptis
1743 3535 1814 3553 mens
1833 3525 1930 3552 excidit
1950 3526 2036 3554 Catul.
2055 3530 2102 3561 64,
2120 3537 2160 3562 25.

34 3561 68 3584 ne
80 3557 208 3592 eripiatis.
277 3556 349 3583 Idem
363 3557 392 3584 de
404 3560 461 3586 Fin.
475 3571 499 3592 2,
519 3581 526 3588 .
550 3582 556 3588 .
582 3563 616 3588 Vt
628 3561 832 3588 adolescentulus
844 3561 959 3595 eriperes
974 3562 1000 3586 P.
1009 3560 1064 3587 Sul-
1123 3561 1220 3588 Solatia
1234 3562 1281 3588 fibi
1295 3568 1382 3596 erepta
1396 3561 1518 3596 lugebant
1532 3562 1670 3597 Nymphae
1683 3561 1818 3588 Claudian.
1832 3561 1864 3587 de
1871 3561 2068 3598 Rapt.Proserp.
2077 3565 2161 3598 praef.

37 3593 77 3627 lae
95 3592 275 3620 Consulatum.
344 3592 410 3620 Ter.
423 3592 526 3623 Phorm.
542 3606 568 3630 2,
587 3606 613 3630 1,
631 3606 649 3630 9
673 3597 746 3630 Qud
764 3605 822 3631 ages
838 3598 846 3622 ἓ
877 3603 902 3623 Ρ.
923 3596 988 3631 quid
1006 3597 1063 3628 vis,
1078 3605 1110 3631 95
1126 3605 1148 3629 2,
1161 3606 1181 3629 3.
1239 3598 1320 3624 Ouid.
1334 3598 1364 3624 ad
1378 3598 1482 3624 Liuiam
1495 3600 1526 3631 65
1546 3599 1668 3624 Vidimus
1681 3603 1766 3631 erepta
1780 3603 1942 3624 moerentem
1955 3597 2039 3633 Stirpe
2053 3599 2160 3628 sororis.

37 3628 84 3655 nisi
96 3634 125 3656 vt
137 3634 240 3654 maneat
252 3626 393 3660 Phanium,
409 3635 484 3664 atque
502 3641 532 3659 ex
546 3633 666 3660 Crimine
679 3632 730 3659 hoc
744 3632 921 3666 Antiphonem
940 3632 1062 3665 eripiam,
1124 3633 1180 3659 Cic.
1196 3633 1248 3659 Att.
1269 3642 1293 3664 1,
1317 3642 1339 3659 11
1365 3635 1403 3660 Ita
1424 3634 1581 3664 distinebar,
1598 3639 1626 3659 vt
1646 3633 1690 3659 vix
1704 3631 1763 3658 huic
1778 3632 1891 3659 tantulae
1903 3633 2027 3667 epistolae
2039 3635 2161 3670 Tempus

37 3670 80 3690 etc.
150 3665 231 3691 Curas
251 3662 331 3689 Ouid.
345 3662 377 3689 de
391 3664 464 3691 Rem.
474 3668 564 3695 Amor.
575 3673 627 3699 810.
698 3668 825 3694 Dolorem
839 3668 941 3702 eripere
955 3673 1000 3692 aut
1014 3668 1062 3693 mi·
1124 3667 1280 3701 habuerim,
1299 3674 1378 3703 atque
1391 3669 1418 3695 id
1430 3678 1547 3704 ereptum
1561 3677 1591 3694 ex
1606 3668 1711 3694 summis
1725 3667 1949 3703 occupationibus.
2013 3670 2096 3697 Venia
2109 3672 2161 3698 sce-

13 3704 117 3734 -J‘nuere
139 3699 317 3726 consolatione
337 3698 393 3724 Cic.
408 3700 459 3726 Att.
471 3710 502 3733 9,
521 3712 547 3736 4.
617 3704 709 3731 Ensem
728 3704 822 3738 vagina
841 3702 937 3737 Virgil.
953 3703 1018 3728 Aen.
1034 3711 1061 3735 4,
1124 3703 1208 3729 lerum
1221 3710 1309 3739 crepta
1324 3705 1422 3738 populo
1434 3705 1537 3731 nocenti
1552 3704 1646 3729 Lucan.
1660 3711 1749 3735 4‚193‚
1821 3704 1967 3739 Virginitas
1980 3705 2077 3740 Virgil.
2092 3707 2159 3733 Aen.

21 3764 23 3766 .
39 3741 95 3770 579.
164 3736 195 3762 Et
208 3736 272 3761 Aen.
289 3743 326 3766 10,
339 3735 395 3766 896.
464 3736 519 3763 Cic.
531 3739 601 3765 Fam.
615 3747 642 3773 ς,
661 3748 673 3771 3
697 3741 783 3773 Q1am
798 3739 956 3765 Facultatem
971 3737 988 3763 fi
1002 3738 1062 3771 quis
1127 3747 1163 3768 12,
1176 3747 1226 3773 141.
1298 3740 1425 3774 Voluptas
1438 3740 1510 3766 vrbis
1524 3738 1602 3764 alicui
1621 3737 1700 3764 Ouid.
1714 3747 1744 3764 ex
1757 3738 1841 3765 Ponto
1855 3748 1874 3772 1,
1888 3745 1911 3773 8,
1925 3748 1963 3772 39.
2035 3742 2108 3768 Idem
2125 3742 2157 3768 ad

39 3771 106 3797 casus
118 3770 259 3804 eripuerit,
279 3778 336 3796 mea
349 3775 437 3796 tamen
456 3770 521 3797 inte
531 3775 620 3801 omnia
631 3773 718 3801 officia
737 3774 907 3806 constabunt,
927 3782 980 3799 non
994 3775 1063 3800 secus
1071 3779 1117 3797 100
1125 3774 1231 3801 Liuiam
1245 3783 1297 3801 200
1321 3776 1410 3802 Obuia
1424 3774 1500 3801 turba
1519 3774 1588 3806 ruit,
1606 3773 1775 3809 lacrimisque
1792 3774 1939 3810 rigantibus
1953 3784 2001 3803 ora
2034 3777 2157 3803 Consulis

42 3807 70 3830 hc
80 3805 97 3831 fi
109 3811 134 3833 te
146 3805 273 3833 vidissem.
344 3806 452 3832 Ferrum
461 3807 563 3841 'vagina
575 3809 648 3844 Virg.
661 3811 725 3836 Aen.
739 3812 765 3843 6,
779 3813 839 3837 260.
910 3808 1003 3836 Fidem
1016 3809 1063 3835 ali·
1122 3811 1206 3844 erepti
1219 3810 1322 3844 publica
1336 3811 1428 3837 damna
1442 3810 1531 3836 refert.

44 3839 97 3871 (ὑὶ,
115 3841 326 3878 derogarefidem:
339 3841 490 3868 Ouid.Met.
506 3849 540 3874 ις,
556 3848 599 3875 283
633 3859 678 3865 —
711 3846 758 3872 nili
772 3845 877 3872 vatibus
890 3846 977 3871 omnis
1006 3845 1062 3871 Eri·
1160 3853 1176 3872 E
1186 3852 1203 3870 R
1213 3852 1282 3872 EPT
1292 3852 1311 3871 o
1321 3853 1356 3878 R,
1373 3847 1435 3873 oris.
1465 3853 1499 3870 m.
1535 3844 1587 3879 Qu·
1598 3847 1682 3879 eripit.
1719 3844 1774 3872 Cic.
1788 3853 1836 3879 pro
1849 3845 1942 3879 Qint.
1957 3855 1985 3876 30
2005 3846 2063 3878 Iste,
2072 3844 2156 3873 homo

3 3870 4 3900 Ῐ
43 3873 131 3908 pienda
142 3877 226 3904 Fides.
296 3877 391 3911 Virgil.
406 3878 469 3903 Aen.
483 3885 507 3908 9,
521 3885 561 3903 101
584 3879 722 3907 Mortalem
734 3882 845 3916 eripiam
858 3882 989 3912 Formam,
1009 3890 1062 3907 ma-
1122 3881 1280 3912 accrrimus,
1300 3881 1431 3907 bonorum
1450 3879 1583 3914 possessor,
1603 3879 1741 3914 expulsor,
1756 3886 1870 3915 ereptor.
1941 3882 2051 3915 Ereptor
2064 3882 2155 3908 ciuita-

41 3909 134 3945 gnique
151 3912 251 3939 iubebo
287 3913 418 3947 Aequoris
438 3913 485 3938 esse
505 3912 573 3938 deas.
615 3915 651 3939 De
668 3917 769 3943 nauibus
781 3919 888 3946 Aeneae,
906 3926 966 3951 quas
979 3917 1062 3951 Cybele
1123 3917 1155 3942 tis
1170 3917 1226 3942 Cic.
1240 3925 1288 3950 pro
1302 3917 1388 3943 Domo
1402 3917 1444 3941 sua
1459 3920 1493 3944 81.
1558 3915 1707 3948 -Tyrannus
1726 3922 1803 3951 atque
1817 3922 1923 3951 ereptor
1935 3917 2063 3943 libertatis
2080 3917 2155 3943 Idem

3 3978 4 3985 ἵ
39 3949 140 3974 mutauit
151 3951 177 3975 in
190 3948 247 3974 deas
258 3951 377 3975 marinas.
431 3947 506 3976 Idem
512 3948 576 3975 Aen.
589 3956 615 3981 2,
628 3951 671 3979 618
693 3950 770 3986 Eripe
783 3958 842 3979 nate
850 3953 959 3987 Fugam,
971 3952 1061 3979 finem·
1072 3964 1115 3989 105
1123 3961 1171 3987 pro
1185 3952 1252 3978 Sext.
1266 3960 1320 3984 109.
1391 3951 1541 3978 Terrarum
1553 3957 1685 3987 ereptores
1697 3951 1788 3979 Tacit.
1802 3953 1868 3979 Ann.
1883 3960 1918 3985 13,
1931 3959 1958 3985 55
1977 3958 2039 3978 extr.

189 3989 273 4016 vox..
308 3984 344 4011 11.
1431 3986 1450 4014 E
1470 3994 1485 4013 e
1505 3995 1519 4012 e
2012 3991 2158 4021 EREPTIO,
