2479 4225
23 205 89 246 773
386 191 419 230 F
512 190 550 230 V
645 191 678 231 R

22 279 131 312 destinus
143 279 173 305 D.
188 279 220 305 dc
232 278 310 306 furtis
322 278 339 305 1.
353 279 522 313 Sempronia,
543 279 707 306 Modestinus
720 277 867 314 respondit,
888 276 906 303 si
916 276 987 316 'clam
996 275 1055 316 sub5

0 338 2 345 ‚
22 316 112 346 traxit,
134 314 437 340 furtum*Commissum.
545 315 681 342 Iustinian.
700 315 812 341 Institut.
839 323 867 346 4,
888 321 896 338 1
918 312 992 343 5115,
1006 320 1054 346 qui

22 359 76 379 rem
88 349 206 376 vtendam
218 350 332 383 accepit,
352 350 379 376 in
393 350 474 376 alium
488 350 562 376 vsum
575 359 633 377 eam
644 350 794 380 transferat,
814 356 891 383 quam
911 347 985 373 cuius
998 356 1054 381 gra-

22 386 59 414 tia
73 385 97 412 ei
109 384 164 412 data
178 384 213 410 est
228 395 233 410 :
269 386 371 411 furtum
385 385 545 412 Committit.
650 385 732 412 Paullo
741 382 811 419 pest,
831 383 928 409 Placuit
942 391 995 412 eos,
1007 383 1053 416 qui

0 423 3 446 l
23 421 98 449 rebus
112 419 283 446 commodatis
296 420 372 447 aliter
385 426 536 453 vterentur‚
555 430 634 455 qnam
647 420 754 447 vtendas
768 418 929 452 acceperint,
949 417 985 444 ita
999 417 1053 443 fur-

0 468 3 488 y
22 463 77 484 tum
90 455 261 482 Committere
270 475 278 488 ,
298 455 315 482 si
328 457 352 482 se
366 455 513 491 intelligant
527 456 554 482 id
568 457 657 483 inuito
677 455 787 486 domino
806 453 901 479 facere.
957 453 996 479 Sic
1010 453 1056 478 ihi-

0 506 3 518 ,ι
24 490 74 518 dem
80 490 232 526 frequenter.
349 491 415 518 Geli.
431 500 452 517 11
464 500 485 518 e.
501 491 547 518 vlt.
560 491 664 527 influe,
697 488 827 523 Qiocirca
846 497 879 514 ne
900 487 927 514 id
946 488 1055 522 quidem

0 527 3 553 ἱ
24 526 128 554 Sabinus
146 525 266 552 dubitare
286 527 310 552 se
330 527 382 559 ait,
399 527 472 562 quin·
484 526 606 553 dominus
624 525 691 554 furti
708 525 738 552 sit
751 522 987 564 Condemnandus,
1008 524 1055 558 qui

0 559 4 594 1
24 562 98 588 seruo
112 561 169 594 suo,
183 562 222 587 vti
240 561 342 588 furtum
363 563 476 594 faceret,
495 562 645 596 imperauit.
751 560 811 599 Cic..
819 567 868 594 pro
882 559 912 585 L.
927 559 1008 598 Flacc.
1023 568 1054 592 43

0 607 5 626 ι
24 605 45 624 e.
59 601 83 626 18
104 597 161 622 Pari
174 596 301 623 felicitate
314 606 363 624 vna
378 598 475 637 legatus
487 599 560 624 venit
575 593 746 626 Nicomedes,
767 603 814 629 qui
829 603 914 629 neque
933 602 960 620 m
979 596 1053 621 Sena-
1070 604 1100 623 10

19 637 77 659 ¹tuin
90 631 142 667 vlla
154 631 307 659 conditione
321 641 460 666 peruenire
475 633 576 667 potuit,
596 637 621 657 et
632 630 699 657 furti
713 635 739 656 et
754 638 802 664 pro
821 630 893 657 socio
912 630 1054 656 Damnatus

22 667 66 694 est.
172 667 337 701 Deprendere
350 668 421 695 fiii-ta
432 668 544 695 alicuius
576 665 656 693 Ouid.
670 666 735 692 Met.
749 674 761 697 3
771 686 779 697 ,
793 673 819 700 7.
915 666 1054 692 Africanus

20 701 81 730 Ι1111.
96 701 196 729 Ancilla
209 704 239 730 D.
254 703 285 729 de
300 703 391 735 furtis,
410 703 511 730 Ancilla
521 701 634 736 fugitiua
654 700 876 736 quemadmodum
895 700 934 726 sui
954 701 1055 727 furtum

19 739 117 765 {Facere
132 737 310 772 intelligitur,
341 740 377 766 ita
401 745 502 774 partum
523 745 629 772 quoque
649 735 836 763 contreetando
860 735 961 762 furtum
983 736 1054 762 facit.

20 812 48 836 'et
64 807 97 834 ab
114 814 215 836 emtore
231 818 325 836 numos
344 810 458 845 accepit,
476 816 531 834 non
551 807 657 834 videtur
674 816 817 834 numoruni
837 806 939 832 furtum
953 807 1057 834 Fecisse.

24 843 110 871 Celsus
123 844 201 870 eodem
215 848 256 871 tit.
271 845 288 870 l.
302 845 443 872 Inficiando
452 863 460 876 ‚
479 843 566 873 Infans
579 842 647 877 apud
660 843 747 871 furem
765 842 898 875 adoleuit,
917 848 970 868 tam
990 842 1052 868 ado-

21 879 138 906 lescentis
150 880 252 907 furtum
267 881 338 907 Fecit
350 880 412 910 ille,
429 887 508 914 quam
522 878 640 905 infantis.
754 878 908 912 Papinianus
925 877 1003 903 codem
1021 881 1055 903 ti-

20 916 88 946 tulo,
107 915 126 942 l.
147 915 173 942 Si
191 915 351 948 vendidero,
371 915 456 954 Falsus
474 920 629 949 procurator
647 914 686 941 ita
697 913 803 940 demum
815 913 915 939 furtum
930 913 1055 947 pecuniae

20 986 122 1017 fiunto,
141 986 289 1013 debitorem
302 987 417 1013 alienum
430 986 643 1012 circumuencrit.
757 983 862 1018 leian.
884 984 916 1009 D.
930 984 961 1009 de
975 984 1052 1010 furtis

21 1021 38 1048 Ι.
52 1021 79 1048 Si
91 1021 150 1056 quis
164 1018 195 1048 in
207 1021 331 1048 seruitute
344 1022 444 1048 furtum
457 1021 559 1048 Fecerit
571 1029 577 1044 :
612 1021 750 1047 Caeterum
763 1019 781 1045 si
794 1028 876 1054 quum
889 1019 941 1045 tibi
953 1019 1054 1047 furtum

21 1055 135 1083 facerem
144 1077 152 1087 ,
175 1057 206 1083 de
222 1056 302 1083 domo
314 1062 358 1084 tua
370 1055 526 1083 abscondisti
539 1062 579 1088 te,
598 1064 630 1082 ne
644 1061 669 1081 te
681 1054 798 1081 occidam
808 1074 816 1087 ,
834 1054 913 1081 etiam
926 1054 944 1080 si
956 1054 1053 1087 vidisti,

21 1099 66 1119 etc.
139 1092 205 1119 Idem
216 1092 292 1118 eodem
304 1095 345 1120 tit.
359 1092 374 1118 1.
387 1092 414 1118 Si
428 1092 488 1126 quis
500 1092 578 1118 vxori
591 1101 597 1116 τ
633 1089 681 1117 Sed
693 1089 711 1116 si
725 1088 795 1117 filius
807 1099 897 1122 meus,
916 1090 962 1124 qui
975 1090 1053 1117 habet

20 1163 108 1190 versus
121 1171 181 1189 eum
193 1171 269 1197 agere
289 1162 432 1189 videndum
446 1162 489 1189 est.
585 1160 668 1195 Paullo
676 1159 748 1196 post,
766 1162 832 1189 Non
852 1167 952 1188 tantum
971 1161 1053 1196 igitur

20 1198 99 1226 faciet
118 1198 219 1224 furtum
241 1197 313 1230 filio,
335 1197 377 1224 sed
402 1197 481 1224 etiam
503 1196 569 1223 furti
586 1195 728 1223 tenebitur.
751 1228 753 1230 Ι
843 1197 949 1233 ,ςελιρρ
962 1206 1053 1232 qnoque

21 1233 77 1264 Cic.
91 1242 140 1267 pro
154 1234 257 1260 Cluent.
272 1241 318 1268 179
339 1235 396 1260 Hoc
408 1234 465 1268 ipso
478 1232 534 1258 fere
546 1236 664 1266 tempore
679 1232 764 1258 Strato
778 1232 824 1259 ille
843 1232 957 1258 meditus
977 1232 1052 1259 domi

21 1267 122 1296 furtum
136 1269 215 1295 Fecit.
316 1269 390 1296 Idem
404 1268 436 1295 de
444 1268 484 1295 N.
498 1268 529 1293 D.
543 1275 566 1298 3,
579 1274 615 1301 74
648 1268 706 1301 Ope
719 1268 880 1302 consilioque
893 1274 940 1294 tuo
952 1268 1052 1294 furtum

14 1303 67 1334 laio,
76 1302 183 1329 Fadium
197 1302 253 1330 esse.

14 1337 174 1374 &eliberum
188 1338 328 1366 affirmauit
336 1358 345 1371 ,
361 1344 390 1365 vt
403 1338 451 1365 fibi
465 1338 576 1372 pecunia
588 1338 754 1371 crederetur,
777 1339 881 1365 furtum
904 1348 957 1365 non
972 1340 1054 1371 Facit,

14 1387 18 1400 1.
57 1404 65 1410 Ι
83 1382 133 1409 que
154 1373 197 1400 hic
222 1374 290 1400 nihil
311 1374 437 1408 amplius,
456 1381 536 1407 quam
558 1372 688 1401 idoneum
713 1375 740 1400 se
763 1373 912 1401 debitorem
934 1373 1054 1401 affirmat.

0 1418 2 1424 ·
27 1427 29 1429 ·
51 1412 53 1414 ’
84 1408 186 1441 eadm,
217 1408 347 1445 ubfinrm,
370 1409 398 1435 Si
412 1409 471 1444 quis
485 1409 615 1435 iurauerit
628 1409 654 1435 se
666 1409 768 1436 furtum
781 1419 834 1437 non
843 1410 945 1442 Fecisse,
960 1410 1054 1436 deinde

4 1467 5 1470 ,
25 1443 214 1476 remjfintiuam
227 1444 387 1475 conti-celem
406 1451 451 1471 etc.
554 1444 633 1470 Caius
646 1445 725 1470 eodem
738 1448 780 1471 tit.
799 1445 816 1471 l.
831 1445 858 1472 Si
872 1446 997 1480 pignore,
1017 1445 1054 1471 Ex

0 1479 75 1515 lolio
85 1479 143 1506 satis
155 1486 277 1514 apparet,
293 1480 395 1507 furtum
409 1479 495 1511 Fieri,
512 1485 537 1505 et
550 1479 568 1506 si
582 1480 641 1513 quis
661 1480 735 1506 vsum
758 1480 859 1508 alienae
877 1482 918 1508 rei
933 1482 962 1507 in
977 1482 1055 1506 suum

23 1515 122 1551 lucrum
137 1521 280 1542 conuertat.
351 1515 453 1541 Paullus
472 1523 563 1550 quoque
574 1515 724 1549 frequenter
736 1515 814 1542 eodem
829 1519 871 1542 tit.
890 1517 907 1542 l.
922 1517 949 1543 Si
960 1517 991 1545 is,
1007 1517 1055 1549 qui

21 1559 75 1578 rem
88 1551 195 1586 pignori
208 1551 288 1577 dedit.
368 1550 491 1584 Ligurire
504 1550 575 1575 furta
594 1550 660 1575 l-lor.
675 1550 756 1577 Serui.
770 1559 796 1583 2,
809 1560 836 1584 4,
851 1559 886 1585 79
974 1552 1055 1578 Caius

20 1586 51 1612 D.
64 1585 96 1612 de
114 1586 192 1613 furtis
206 1586 223 1612 l.
237 1586 264 1612 Si
277 1585 386 1619 pignore
396 1605 404 1616 ,
423 1586 489 1611 Eum
507 1584 555 1618 qui
570 1584 642 1618 quod
658 1585 784 1612 Vtendum
798 1587 912 1621 accepit,
932 1586 986 1621 ipse
1005 1587 1054 1614 alii.

18 1621 243 1653 commodauerit,
258 1621 325 1661 furti
337 1619 460 1655 Obiigari
473 1620 624 1654 responsum
636 1620 681 1646 est.
754 1621 864 1647 Sabinus
877 1622 955 1648 eodem
974 1625 1016 1648 tit.
1036 1623 1054 1648 l.

18 1691 156 1718 vendidit:
193 1691 260 1717 furti
272 1692 296 1717 se
309 1690 425 1726 Obligat.
495 1691 537 1718 Sic
546 1691 651 1725 leian.
666 1692 697 1717 D.
712 1691 743 1717 de
757 1691 829 1718 verb.
844 1692 949 1726 signitic.
965 1694 982 1719 l.
997 1700 1054 1727 174.

0 1737 2 1753 r
20 1734 43 1753 et
57 1727 159 1753 Paullus
173 1726 190 1752 1.
203 1734 214 1758 3
229 1727 261 1752 D.
275 1727 373 1752 Rerum
394 1731 549 1752 amotarum.
620 1727 752 1753 Masurius
774 1726 884 1753 Sabinus
905 1728 971 1761 apud
994 1729 1056 1754 Gel-

20 1762 86 1788 lium
102 1771 123 1788 11
137 1771 159 1788 0.
173 1761 220 1787 vlt.
243 1762 299 1793 Qi
321 1762 436 1788 alienum
453 1761 518 1795 quid
541 1761 626 1787 iacens
639 1761 706 1787 lucri
719 1762 837 1788 faciundi
857 1763 931 1787 causa
946 1762 1058 1792 sustulit,

18 1796 84 1822 furti
98 1796 296 1830 obstringitur,
314 1795 369 1822 siue'
380 1797 426 1822 scit
437 1797 510 1821 cuius
523 1795 567 1825 tit,
590 1795 641 1820 siue
655 1796 744 1821 nescit.
826 1796 984 1828 Participare
999 1796 1055 1821 fur-

19 1866 37 1892 1.
57 1875 76 1892 1.
145 1865 279 1895 Iulianus,
296 1865 327 1889 D.
341 1863 373 1889 de
386 1864 463 1890 furtis
476 1863 493 1888 l.
507 1863 656 1894 Interdum,
673 1863 700 1888 Si
715 1871 757 1889 res
775 1863 915 1897 peculiaris
934 1863 1056 1898 subrepta

16 1902 48 1928 -in
71 1899 224 1935 potestatem
245 1898 316 1924 serui
334 1898 464 1925 redierit:
498 1897 616 1923 Soluitur
633 1896 701 1924 furti
717 1898 830 1930 vitium,
849 1904 874 1925 et
894 1898 988 1933 incipit
1005 1899 1057 1926 hoc

16 1936 78 1964 ,casu
90 1935 118 1962 in
131 1934 237 1969 peculio
249 1934 296 1959 esse
305 1953 312 1965 ,
329 1939 354 1959 et
368 1935 404 1960 ita
416 1942 432 1960 a
443 1933 554 1959 domino
569 1933 697 1967 poslideri.
769 1934 890 1960 Solutum
907 1934 956 1961 effe
976 1934 1056 1963 furtis

16 1974 136 2009 mojaque
156 1969 260 2004 leian.
275 1969 306 1995 D.
316 1969 342 1995 Si
356 1969 459 1996 familia
470 1968 570 1994 furtum
585 1968 671 1995 fecisse
686 1968 788 1995 dicetur
800 1969 947 2003 LQioties.
984 1972 1058 1999 Idem

16 2043 95 2078 *furto
108 2050 228 2075 noxaque
241 2039 368 2067 Solutum.

16 2113 167 2155 *obligatum
180 2111 321 2152 promittit.
425 2109 573 2138 subducere
587 2111 687 2147 aliquid
701 2114 799 2147 pauido
817 2114 890 2140 furto
917 2115 1012 2140 Lucan.
1031 2122 1058 2145 2,

1 2183 3 2185 v
33 2149 97 2183 ¹63*ss
179 2148 258 2175 Caius
272 2148 303 2173 D.
317 2145 349 2173 de
360 2145 505 2174 verborum
517 2147 624 2183 fignific.
644 2148 660 2174 l.
676 2148 812 2180 Mulieris,
829 2149 950 2175 Desinere
969 2155 1058 2174 autem

31 2220 85 2248 eius
103 2219 272 2256 posseffionern
290 2219 410 2254 possimus
429 2219 465 2245 ob
482 2219 549 2251 hoc,
569 2219 641 2254 quod
659 2219 732 2246 furto
746 2218 849 2253 pridem
865 2219 999 2246 Simu-aeia
1011 2218 1058 2245 est.

10 2286 13 2291 .
30 2255 128 2291 leian.
149 2256 182 2282 D.
200 2255 232 2281 de
245 2255 324 2281 furtis
338 2255 354 2280 l.
370 2254 397 2280 Si
410 2255 469 2288 quis
483 2254 561 2281 vxori
573 2262 613 2281 res
626 2255 716 2281 mariti
730 2254 891 2281 subtrahenti
903 2264 981 2289 opem
996 2263 1057 2280 con-

15 2290 141 2325 *filiumue
159 2289 412 2321 accoinmodauerit‚
433 2289 500 2323 furti
525 2289 674 2322 tenebitur,
695 2289 739 2316 sed
757 2296 783 2317 ct
802 2290 820 2316 si
842 2290 943 2316 furtum
955 2299 1014 2317 eum
1028 2298 1059 2316 ea

21 2324 100 2358 -fe'eit,
118 2325 270 2353 Tenebitur
291 2324 374 2356 furti,
393 2333 474 2359 quum
496 2325 550 2359 ipsa
570 2334 625 2351 non
646 2331 774 2353 teneatur.
845 2326 900 2359 Ipsa
915 2334 1022 2360 quoque
1036 2325 1054 2351 fi

10 2370 99 2396 Qopem-
110 2361 165 2388 furi
176 2361 251 2392 tulit,
270 2360 337 2387 furti
348 2369 402 2387 non
414 2359 564 2392 tenebitur,
582 2360 625 2387 sed
639 2369 728 2387 rerum
746 2365 903 2387 amotarum.

0 2397 91 2434 :iffliam
103 2398 135 2423 D.
147 2397 180 2423 de
192 2396 271 2423 furtis
286 2396 303 2422 l.
317 2396 344 2422 Si
356 2395 414 2430 quis
428 2396 506 2422 vxori
515 2415 523 2427 ,
544 2395 616 2422 Idem
631 2396 772 2423 dicendum
784 2396 820 2422 est
833 2403 858 2422 et
872 2397 901 2422 in
921 2395 1057 2422 filiofami-

8 2430 70 2462 {lias
83 2433 185 2464 milite,
204 2441 265 2458 nam
279 2431 333 2465 ipse
345 2431 414 2465 patri
426 2439 481 2457 non
493 2430 646 2457 Tenebitur
658 2431 733 2458 furti.
804 2432 899 2467 Rursus
912 2433 963 2468 Iege
977 2432 1058 2458 cadem

0 2467 46 2506 ''1‘§.
59 2468 86 2496 Si
98 2469 199 2495 maiora
211 2467 271 2502 quis
284 2466 334 2493 tibi
349 2465 463 2499 pondera
475 2465 669 2498 commodauit',
689 2475 771 2501 quum
784 2475 883 2493 emeres
897 2467 926 2493 ad
943 2467 1057 2501 pondus:

0 2504 88 2532 ufurti
103 2513 164 2530 eum
176 2503 260 2529 teneri
273 2500 423 2532 venditori,
442 2500 512 2527 Mela
526 2501 633 2536 scripsit.
737 2502 842 2528 Paullus
859 2503 936 2528 eodem
952 2504 1025 2529 titulo
1039 2502 1057 2528 l.

23 2575 76 2606 est,
97 2574 164 2607 furti
175 2571 370 2599 vsi-fruetuario
389 2577 501 2598 tenetur.
697 2570 716 2610 ff
742 2582 758 2599 2
795 2574 904 2600 Furtum
921 2580 950 2599 vt
970 2576 1056 2605 Gracc.

24 2649 58 2673 60
77 2644 171 2671 Fecisti
183 2642 285 2670 furtum
298 2645 326 2669 in
341 2648 451 2669 aetatem
465 2643 576 2675 malum,
597 2644 687 2677 Qium
698 2644 776 2670 istaec
788 2644 887 2678 flagitia
901 2653 942 2670 me
962 2644 1059 2677 celaui-

24 2681 57 2708 sti
69 2682 101 2707 et'
110 2685 219 2715 patrem.
314 2679 397 2714 Furto
409 2677 498 2712 sugam
513 2678 670 2705 abscondere
695 2679 768 2712 Virg.
785 2680 849 2705 Aen.
862 2688 889 2710 4,
904 2686 957 2712 337.
1033 2679 1058 2704 Is

23 2715 160 2752 1111111οᾶ0
173 2714 329 2741 miserorum
343 2713 443 2740 furtum
456 2713 488 2739 de
506 2713 663 2740 rehenderat
696 2714 801 2739 Petron.
820 2723 840 2740 c.
857 2722 912 2746 104.
1026 2712 1032 2717 '

24 2753 95 2780 Fam.
109 2754 145 2781 16,
160 2753 193 2776 26
213 2749 262 2776 Tu
284 2749 373 2781 etiam,
388 2748 405 2774 li
428 2757 481 2783 quo

25 2792 58 2814 n'e
71 2788 173 2813 furtum
186 2784 330 2812 cessationis
343 2783 494 2818 quaesiuiss'e
506 2784 630 2811 videaris.

25 2823 112 2850 locum
124 2822 197 2849 furto
217 2821 313 2846 Patere.
327 2828 352 2851 2,
365 2821 404 2851 63,
420 2828 438 2845 1.

27 2858 68 2885 &a
82 2857 206 2884 saeuitiae
219 2856 276 2882 sunt
314 2857 387 2882 Curt.
401 2864 427 2888 4,
442 2863 471 2888 4,
486 2862 518 2887 ις.

26 2892 166 2921 Latitantia
194 2890 286 2918 Claud.
302 2891 333 2917 de
346 2891 419 2924 Rapt.
434 2890 548 2924 Proserp.
562 2899 581 2921 1,
595 2892 649 2918 106.

28 2929 91 2956 Arte
114 2929 172 2955 Am.
192 2936 214 2959 2,
233 2932 287 2959 389.

29 2964 143 2997 Caesaris
164 2963 253 2990 locum
270 2962 343 2988 furto
367 2968 475 2988 creatus.

0 3012 7 3019 ν
31 2994 87 3029 —‘,.
107 2999 193 3025 Celari
215 2997 273 3025 vult
291 2997 335 3023 sua
347 2997 417 3023 furta
428 2998 526 3022 Venus.

0 3050 1 3053 .
33 3026 150 3068 postaque
162 3035 235 3061 furto
270 3032 398 3066 Pasiphae.

579 2962 627 2987 Pro
639 2961 768 2987 Adulterio
783 2972 790 2987 :

0 3097 3 3123 ,²
34 3106 169 3136 utrm-nque.

0 3147 5 3152 ¹*
36 3145 58 3169 2,
71 3144 130 3169 229.

34 3171 131 3206 inquit.
170 3204 175 3207 ,

35 3208 81 3234 Sil.
95 3214 122 3239 7,
136 3210 191 3238 485.

33 3241 181 3270 Iucundum
197 3242 272 3272 Ouid.
286 3246 374 3272 Amor.
388 3253 416 3277 2,
430 3250 451 3276 8,
464 3254 486 3277 3.

197 3173 261 3201 Puer
273 3175 345 3201 furto
357 3179 494 3209 conceptus
514 3173 593 3200 Ouid.
609 3173 673 3199 Fast.
686 3183 707 3205 2,
722 3179 769 3206 183.

35 3278 112 3311 Virg.
127 3277 190 3302 Aen.
206 3285 238 3308 11,
251 3285 288 3311 513
304 3280 382 3313 Furta
396 3289 460 3315 paro
474 3280 539 3307 belli
551 3288 672 3306 connexo
685 3280 713 3306 in
727 3281 831 3307 tramite
844 3281 932 3308 siluae.

36 3322 75 3344 10,
94 3319 136 3344 130
171 3326 216 3331 —
249 3313 325 3340 Haud
344 3315 416 3342 furto
437 3316 549 3346 melior,
567 3316 610 3342 scd
634 3315 748 3343 fortibus
764 3317 854 3344 armis.

34 3347 104 3375 Hist.
118 3355 128 3373 1
157 3347 232 3373 Metu
250 3348 330 3380 gentis
345 3350 376 3377 ad
389 3350 458 3378 furta
471 3351 638 3386 peridoneae.
675 3351 788 3379 Seruius.

37 3392 96 3415 203.

945 3315 1060 3342 ·Sallust.

36 3419 124 3445 lorum
138 3422 248 3452 poneret
267 3416 381 3444 Frontin·
396 3429 418 3452 2,
429 3429 451 3454 ς,
464 3431 498 3454 31.
517 3422 560 3448 vbi
571 3422 638 3459 conf·
652 3421 742 3449 Κυμώ·

36 3454 74 3481 lio
88 3462 152 3488 opus
167 3453 214 3479 esse
228 3451 346 3478 censebat
367 3453 439 3482 Curt.
450 3466 478 3489 4,
494 3466 527 3490 13,
540 3467 567 3490 4,

38 3559 125 3594 ‚lignae
149 3558 269 3586 Prudent.
283 3557 414 3589 Psychoni.
426 3568 451 3584 v.
464 3564 519 3592 268,

38 3665 93 3692 diei
114 3665 206 3692 vrbem
227 3673 304 3691 vnam
318 3662 459 3697 Hispaniae
475 3664 648 3702 interceptam.
842 3669 863 3708 ff
882 3679 894 3703 3

48 3744 56 3762 1
74 3745 99 3762 m
119 3743 167 3763 cas·

29 3734 118 3803 ,sugam-{5
142 3771 250 3798 Distulit
264 3779 292 3797 111
306 3771 387 3797 seram
400 3768 531 3795 commissa
543 3771 641 3803 piacula
654 3783 775 3803 mortem,

17 3833 19 3839 .
37 3806 104 3834 Ter.
117 3807 182 3835 Eun.
197 3816 225 3840 4,
238 3814 264 3841 7,
278 3814 316 3839 39.

5 3841 19 3881 2
38 3841 125 3869 'esicii-

0 3870 16 3898 l=
37 3877 105 3904 Gub.
135 3878 168 3904 D.
201 3885 229 3910 4.

35 3918 53 3939 F
61 3920 81 3938 A
90 3919 106 3939 c
114 3919 135 3938 T
146 3917 167 3938 v
176 3919 211 3939 M.
454 3944 457 3946 ‚

70 3944 252 3974 FVRTV⁴⁴LV
261 3953 301 3977 M,
319 3947 338 3973 i.
357 3955 382 3973 n.
405 3946 506 3976 Dimin.
541 3946 633 3975 Carbol.

1076 425 1090 451 5
1119 422 1187 448 mini
1202 423 1285 457 palam
1298 429 1323 449 et
1337 422 1430 448 libere.

18 771 125 808 (leian.
140 774 172 799 D.
187 772 218 806 de
231 773 309 800 furtis
323 774 340 800 l.
353 775 378 801 Si
391 775 450 809 quis
464 774 555 804 vxori,
575 772 602 798 Si
614 771 707 798 Titius
722 772 835 799 alienam
853 779 909 797 rem
928 770 1055 802 vendidit,
1073 778 1097 804 ις
1118 776 1232 802 cruentis
1243 775 1354 801 fiscibus
1368 775 1498 808 lauream,
1518 782 1563 801 etc.

19 950 108 983 Fecit,
127 950 145 976 ss
160 951 269 978 nomine
282 960 387 986 quoque
401 957 459 990 veri
477 950 666 985 procuratoris,
680 947 758 984 qu'em
774 947 890 975 creditor
903 947 1002 979 habuit,
1015 950 1051 975 as-
1067 958 1102 976 20

18 1657 46 1683 Si
60 1657 93 1689 is,
105 1657 152 1691 qui
163 1657 270 1691 pignori
284 1664 339 1682 rem
353 1656 466 1690 accepit,
484 1655 516 1682 de
530 1654 668 1682 vendendo
682 1655 792 1690 pignore
806 1656 875 1683 1111111
888 1658 1055 1693 conuenisset,
1065 1671 1103 1696 40

1010 2360 1058 2386 Vl·
1065 2367 1101 2392 60

22 2611 131 2642 κλέμμα
143 2615 236 2635 veteres
249 2607 361 2634 dicebant
374 2607 502 2643 ‚Quidquid
513 2608 575 2634 clam
583 2606 685 2645 fastum
698 2607 760 2642 effer.
796 2609 877 2635 Plaut.
895 2608 984 2636 Bacch.
1001 2618 1020 2640 1,
1035 2617 1060 2639 2,

1002 2713 1057 2738 Cic.
1069 2721 1105 2749 70
1121 2715 1151 2740 R.
1166 2714 1196 2740 R.
1211 2723 1229 2745 1,
1242 2722 1285 2745 20,
1299 2722 1321 2739 2.

523 2748 618 2775 scribas
629 2757 683 2775 non
696 2747 820 2780 habebis,
841 2748 950 2775 scribito
962 2753 1060 2779 tamen,

708 2785 817 2811 Creatus
830 2784 950 2810 Pontifex
963 2784 991 2809 in
1005 2782 1063 2809 eius

541 2819 700 2853 Qiindecim
712 2819 797 2846 millia
809 2819 859 2846 hoc
873 2820 946 2846 furto
961 2818 1062 2845 Subdu-

633 2855 719 2889 Fugae
736 2855 807 2881 furta
844 2856 942 2881 Lucan.
962 2863 989 2886 4,
1003 2856 1060 2888 416.

484 3033 525 3059 Sic
536 3037 559 3057 et
573 3031 668 3066 Georg.
685 3041 712 3064 4,
726 3034 773 3065 346
791 3032 904 3059 Vulcani
917 3032 1062 3067 Martisque

36 3065 109 3093 dolos
120 3071 144 3092 et
155 3068 238 3102 dulcia
251 3068 339 3094 furta:
375 3067 522 3094 adulterium
541 3068 639 3093 Marta
656 3073 679 3093 et
695 3074 793 3094 catenae
818 3069 940 3100 Vulcani,
959 3068 1063 3094 furtum
1071 3072 1105 3098 80
1125 3069 1229 3095 dentem
1248 3067 1366 3100 vidistis,
1385 3067 1505 3100 Quirites
1525 3075 1586 3094 eum
1604 3067 1652 3093 sub
1664 3068 1738 3093 furca
1751 3067 1886 3099 vinetum,
1904 3075 1974 3094 mter
1987 3067 2112 3099 verbera,
2132 3073 2159 3094 et

245 3104 346 3130 Tacito
360 3112 413 3130 non
430 3102 544 3137 Cognita
556 3103 628 3128 furto
643 3101 780 3130 Deidamia
793 3102 862 3130 mihi
888 3104 948 3131 Stat.
964 3103 1063 3129 Achill.

220 3138 308 3166 Ouid.
322 3140 384 3165 Met.
398 3147 423 3171 2,
438 3147 484 3171 423
510 3139 568 3165 Hoc
582 3143 650 3164 certe
663 3138 764 3165 furtum
777 3139 874 3165 coniux
889 3148 946 3165 mea
958 3139 1064 3171 nesciet,

840 3176 858 3201 E
873 3175 946 3201 furto
958 3174 1063 3211 genitus

244 3209 326 3245 ‘Confi
340 3209 364 3237 b.
377 3210 395 3236 l.
409 3209 495 3245 Heius.
508 3216 531 3236 at
543 3209 667 3237 Drakcnb.
702 3212 732 3235 it.
740 3209 876 3237 Lotich.ad
882 3212 980 3237 Petron.
983 3216 1011 3245 p.
1020 3214 1063 3245 64.

599 3246 630 3271 In
643 3243 700 3270 bello
714 3245 792 3271 Furta
803 3252 923 3272 vocantur
938 3244 1062 3307 Insidgae:
1077 3247 1106 3277 85
1125 3248 1155 3273 Et
1173 3255 1254 3280 quum
1273 3245 1451 3280 comperisset,
1468 3245 1535 3271 nudi
1555 3244 1672 3271 hominis
1690 3251 1821 3269 ceruicem
1837 3243 1918 3270 inseri
1936 3244 2041 3276 furcae,
2063 3252 2157 3278 corpus

988 3282 999 3306 1
1020 3289 1062 3307 em

858 3352 906 3378 Con
925 3371 930 3377 .
947 3351 1019 3378 Non.

164 3382 204 3408 Ita
217 3386 244 3407 vt
257 3382 284 3407 in
297 3383 379 3416 prima
388 3392 459 3420 parte
474 3387 543 3413 leues
557 3388 701 3421 Hispanos,
719 3387 857 3422 aptissimos
870 3350 988 3413 adffurta
1006 3360 1062 3413 Etsi:

830 3424 913 3455 Fui-to
926 3431 979 3448 non
991 3431 1063 3456 prae·
1074 3433 1110 3459 90
1124 3424 1172 3450 vbi
1183 3423 1285 3459 grassati

97 3489 101 3494 η
257 3487 262 3492 ⁴
404 3490 408 3493 -
673 3457 729 3491 Qii
740 3457 822 3490 clam,
842 3459 889 3493 qui
908 3458 1007 3492 semper
1023 3458 1063 3484 in-

37 3498 116 3517 ermis
130 3490 196 3514 Rem
208 3492 290 3522 gent,
309 3492 335 3526 et
347 3487 423 3515 furtis
434 3490 566 3519 incautum
580 3493 684 3527 Decipit
696 3493 796 3519 hostem
812 3493 892 3520 Ouid.
907 3494 970 3519 Met.
980 3501 1012 3525 13,
1022 3498 1061 3522 82.

35 3523 95 3552 Nec
108 3523 190 3550 adhuc
201 3522 233 3551 ad
246 3521 346 3548 fl’ffl'd15
358 3529 476 3556 opertum
488 3529 614 3561 Venerat,
633 3534 677 3555 aut
691 3529 794 3555 Foueae
806 3529 915 3555 calcarat
927 3528 997 3555 furta
1009 3537 1062 3555 ma-

62 3595 68 3600 ,
283 3593 288 3597 ,
468 3595 473 3600 ,
624 3564 719 3590 Νοᾶὶίε
733 3564 834 3591 furtum
858 3566 932 3591 Curt.
946 3574 973 3597 4,
990 3572 1021 3595 13,
1036 3572 1061 3596 9.

36 3595 214 3626 L111.'26,cxtr.
242 3593 342 3620 Deinde
366 3598 394 3632 yt
415 3593 508 3623 clarior
525 3606 565 3625 res
577 3605 643 3631 erat,
655 3608 735 3634 quam
751 3605 780 3627 vt
794 3600 847 3634 tegi
864 3609 893 3626 ac
910 3598 1063 3626 dissimulari
1073 3609 1105 3636 95
1124 3609 1209 3627 annua
1237 3608 1311 3626 canes
1342 3599 1457 3634 pendunt
1490 3613 1536 3619 —-
1571 3598 1630 3624 vini
1661 3597 1690 3623 in
1718 3596 1790 3622 furca
1819 3595 1956 3624 sambucea
1978 3597 2074 3624 arbore
2105 3599 2160 3626 lixi.

26 3630 132 3667 „possen
150 3628 286 3656 eleuabant
299 3628 387 3655 Vffl'bls
401 3637 407 3652 ἕ
440 3636 487 3654 nec
497 3633 603 3665 opinato
615 3635 743 3668 aduentu,
760 3644 789 3661 ac
802 3644 883 3669 prope
896 3635 969 3661 furto
983 3635 1061 3660 vnius

932 3670 979 3697 Sml
990 3672 1063 3696 ctiam

36 3701 161 3733 Furtum,
181 3702 257 3741 omn?
271 3700 358 3726 malum
365 3697 473 3734 fastum.
489 3707 604 3734 ‘infimus
610 3705 704 3740 fraycle
717 3711 893 3741 perpetratum
904 3705 1063 3741 intelligitur,

221 3737 297 3776 Vujg-
312 3736 375 3760 Aen·
389 3736 405 3759 6
413 3753 419 3764 ,
432 3736 477 3766 568
513 3735 586 3768 Qae
599 3740 657 3772 quis
668 3741 737 3775 apud
750 3742 855 3776 superos
869 3742 942 3767 furto
955 3740 1062 3766 laetatus

852 3776 910 3803 Vid.
926 3777 1018 3802 Donat.
1035 3776 1180 3806 inmotam
1193 3775 1224 3801 ad
1237 3781 1262 3802 te
1276 3785 1366 3802 Virum
1379 3785 1439 3802 cum
1452 3776 1524 3801 furca
1537 3780 1565 3799 m
1582 3771 1675 3798 vrbem
1695 3778 1819 3808 tanquam
1839 3772 2034 3800 carbonarium.

394 3804 440 3830 Vbi
455 3804 569 3844 Alligare
581 3806 606 3832 se
618 3807 698 3841 furti,
717 3812 752 3838 est
765 3813 848 3839 Reum
863 3813 887 3838 se
905 3811 989 3838 facere
1010 3819 1063 3837 ma-

230 3842 328 3869 Omues
341 3840 411 3867 furta
424 3840 538 3872 faciunt,
559 3841 605 3874 qui
618 3841 710 3870 illicita
721 3849 889 3874 committunt
911 3847 1022 3873 Saluian.
1031 3846 1064 3872 de

299 3878 331 3904 ln
358 3876 430 3904 MSS.
456 3878 596 3911 permutari
626 3877 734 3907 Furtum
755 3889 778 3909 et
806 3883 931 3915 Faffium,
963 3882 1017 3910 vid.
1035 3885 1062 3909 ιή

1070 3961 1115 3990 ¹⁰5
1127 3959 1150 3979 ee
1164 3949 1293 3979 Columel.
1306 3959 1330 3984 2,
1346 3960 1383 3979 10.

1500 192 1784 235 F=V›R
2083 212 2159 251 774

1154 286 1299 308 FVR'I'O.
1325 281 1393 308 Adu.
1426 288 1473 317 pro
1495 284 1599 310 Furtim.
1634 281 1712 310 Glotr.
1734 283 1780 309 Gr.
1798 283 1852 310 Lat.
1864 286 1965 322 λάθρα,
1985 289 2067 322 clani,
2088 290 2155 316 clan-

1119 315 1194 348 culo,
1212 316 1388 349 clandestino,
1417 318 1497 344 furto.

1145 357 1173 391 *F
1184 360 1203 377 v
1214 360 1231 378 R
1241 359 1263 378 ‘r
1273 360 1281 378 1
1293 358 1330 378 M.
1352 352 1419 378 Adu.
1455 351 1584 387 [κλειδῶν]
1619 356 1638 380 i.
1656 353 1723 380 Clam
1735 363 1744 379 .·
1770 355 1839 380 cuius
1851 361 2000 383 contrarium
2013 357 2044 391 cst
2059 360 2154 388 Pahm,

1120 386 1174 412 Cic.
1189 387 1220 413 de
1233 387 1268 414 N.
1284 388 1315 413 D.
1331 396 1355 417 2,
1371 395 1416 419 124
1446 388 1536 422 ltaque
1556 388 1651 415 bestiae
1666 388 1822 425 ΐ11111111,“ν1
1836 388 1909 421 dixi,
1929 391 2071 420 fruuntur:
2109 396 2154 423 do.

1500 424 1570 449 idem
1590 433 1638 458 pro
1658 425 1686 450 L.
1708 425 1770 459 Agr.
1788 433 1814 457 2,
1834 433 1864 458 4¹
1895 426 1966 458 Quid
1990 426 2143 458 Alexandria

1120 457 1263 492 cuuc‘laque
1277 458 1406 492 Aegyptus
1419 458 1429 482 ἓ
1463 464 1491 484 vt
1504 460 1602 485 occulte
1617 459 1678 486 latet
1693 460 1702 485 3
1739 465 1767 486 vt
1779 459 1914 487 recondita
1928 461 1963 486 est
1977 463 1985 487 ’ἐ
2020 469 2047 489 ν1
2061 453 2155 494 furtini

1119 498 1174 519 tota
1187 494 1351 520 Deceiuuiris
1365 491 1477 519 traditur
1492 494 1500 518 3
1607 495 1699 521 Facere
1711 495 1813 530 aliquid
1826 496 1918 522 furtim
1940 497 1995 523 Cic.
2011 506 2058 530 pro
2068 500 2153 527 Domo

1122 536 1167 560 131.
1240 529 1333 555 Latent
1345 528 1438 555 furtim
1459 528 1539 554 Ouid.
1551 529 1614 555 Met.
1629 538 1667 562 14,
1676 537 1728 564 275.
1795 530 1933 559 succedere
1945 532 1976 559 ad
1990 540 2090 560 montes
2102 536 2154 563 sur-

1119 564 1166 589 tim
1187 563 1247 590 Liu.
1262 572 1303 594 22,
1317 566 1354 590 16.
1424 563 1498 599 Cous.
1514 563 1588 597 Virg.
1604 567 1666 590 Aen.
1679 573 1702 597 2,
1720 571 1743 593 13
1756 572 1803 592 etc.

1157 606 1171 624 F
1180 605 1198 623 V
1210 606 1226 624 R
1236 606 1257 625 A
1266 607 1284 626 x
1293 619 1301 631 ,
1318 599 1379 625 ficis.
1399 598 1459 625 Adi.
1496 599 1653 634 [ivluna-05,
1671 600 1818 635 κλεπτικὴ]
1855 602 1993 638 Quifacile
2001 603 2118 639 furatur,
2132 611 2156 631 et

1112 633 1200 669 furtis
1206 634 1337 670 faciendis
1348 637 1457 660 animum
1469 635 1598 669 applicuit.
1632 636 1723 661 Homo
1738 644 1830 663 auarus
1844 646 1870 663 er
1882 638 1958 664 furax
1978 639 2155 667 Cic.de-Orat.

1119 678 1141 699 ²,
1155 672 1202 699 268
1215 679 1238 697 c.
1251 671 1294 696 66.
1366 669 1440 704 Cous.
1457 669 1525 695 Gell.
1541 679 1567 702 4,
1582 675 1604 699 8.
1718 671 1804 705 Lepus
1823 673 1938 699 Martial.
1954 682 1974 705 1,
1988 683 2031 708 49.
2057 676 2090 701 al.
2104 676 2154 702 Fu-

1118 713 1175 739 gax.
1281 704 1375 730 Manus
1387 704 1486 730 furaces
1504 704 1618 731 Martial.
1633 710 1656 737 8,
1665 714 1709 738 40.
1781 708 1812 732 Et
1826 707 1881 733 Cic.
1895 708 1922 734 in
1936 709 2020 735 Pison.
2034 717 2071 744 74
2083 711 2154 737 Nam

1119 749 1200 774 quum
1213 744 1240 766 tu
1254 739 1363 766 timidus
1380 748 1408 765 ac
1430 746 1542 767 tremens
1562 741 1615 767 tuis
1628 741 1681 774 ipse
1696 741 1860 769 furaciffimis
1877 743 1996 770 manibus
2012 745 2155 773 deti-affini

1609 777 1703 802 Seruus
1723 777 1777 802 Cic.
1791 777 1823 803 de
1836 779 1911 805 Orat.
1922 787 1945 810 2,
1959 785 2017 812 248.
2087 781 2155 808 Com-

1112 818 1171 845 par.
1193 810 1306 837 Martial.
1319 817 1343 843 8,
1358 818 1388 842 39
1423 825 1466 830 ——
1502 811 1579 837 Nihil
1595 812 1630 837 est
1645 811 1762 837 furacius
1775 813 1832 840 illo.
1873 814 1966 849 Supcrl.
1986 815 2154 845 Aurel.Vi&.

1118 846 1150 872 de
1168 847 1216 873 Or.
1230 845 1308 871 Gent.
1321 847 1398 871 Rom.
1413 855 1434 872 c.
1448 853 1465 880 7
1491 848 1572 873 Cacus
1584 846 1765 873 furaciffimus.

1156 887 1172 908 Ρ
1184 889 1202 907 ν
1212 888 1231 907 R
1240 888 1262 907 A
1271 886 1288 907 c
1299 880 1312 907 1⁰
1321 888 1342 907 T
1352 888 1373 907 A
1382 887 1393 905 s
1404 901 1412 913 ,
1430 882 1484 908 atis.
1507 883 1526 909 f.
1562 881 1611 915 [τὸ
1624 881 1770 916 κλεητικόν]
1805 882 1871 909 Plin.
1885 892 1922 915 10,
1935 892 1969 917 29
1979 885 2035 911 ⁴Cui
2048 886 2097 913 soli
2110 886 2156 914 aui

1116 917 1240 943 furacitas
1251 916 1310 942 auri
1321 917 1477 951 argentique
1491 918 1628 952 praecipue
1641 918 1709 944 mira
1727 917 1772 943 est.

1153 958 1197 978 Ἑν
1207 958 1280 978 RAc
1291 950 1356 977 iTE
1366 958 1394 981 R,
1413 952 1482 979 Adu.
1519 953 1688 987 [κλεπτικῶς]
1725 953 1781 978 Cic.
1793 952 1821 978 in
1836 953 1922 980 Vatin.
1938 961 1963 987 15
1978 964 1998 981 c.
2012 964 2027 989 ς
2053 959 2156 992 Qunn.

1117 996 1168 1021 que
1191 987 1312 1014 omnium
1342 987 1451 1018 (1011105,
1476 988 1627 1022 apothecas,
1653 995 1732 1013 naues
1751 988 1907 1014 suracissime
1929 990 2089 1025 scrutarer-e,
2109 1000 2155 1020 etc.

1121 1022 1178 1050 Via.
1193 1022 1294 1048 Charis.
1310 1022 1398 1048 Grilm.
1411 1032 1435 1057 p.
1453 1031 1507 1057 179.
1545 1030 1567 1049 et
1582 1024 1671 1049 Front.
1687 1031 1710 1056 p.
1725 1031 1797 1054 2194.

1151 1064 1224 1084 FVR
1234 1063 1254 1082 T
1264 1058 1342 1084 '1'12'1'C
1354 1065 1374 1084 v
1384 1065 1412 1090 3,
1429 1067 1459 1090 a,
1478 1067 1531 1084 um.
1552 1058 1611 1084 Adi.
1647 1057 1810 1092 [φωροποιᾰς]
1847 1057 1898 1091 Qui
1905 1058 2105 1095 furtnmsaccrc
2113 1063 2156 1098 sb-

1116 1093 1159 1119 let.
1195 1092 1276 1119 Plaut.
1291 1094 1358 1120 Pers.
1374 1102 1398 1125 2,
1411 1102 1437 1125 2,
1451 1102 1489 1126 44
1510 1092 1562 1119 Vbi
1577 1093 1623 1119 illa
1637 1093 1718 1119 altera
1732 1093 1767 1118 est
1781 1092 1896 1118 furtifica
1911 1093 2000 1121 leaena
2015 1097 2024 1121 ἓ
2083 1097 2155 1124 Ideni

21 1127 145 1154 castrense
159 1126 305 1162 peculium,
324 1127 424 1154 furtum
437 1126 503 1154 mihi
516 1125 628 1154 fecerit:
663 1134 696 1152 an
709 1126 797 1160 pollini
818 1125 923 1152 afflone
936 1126 994 1152 vtili
1008 1126 1051 1152 ad·
1067 1123 1208 1160 25.Pseud{
1231 1136 1254 1162 3,
1277 1137 1303 1161 2,
1326 1137 1361 1163 97
1389 1130 1423 1155 Vt
1444 1129 1605 1164 pracrodatis
1626 1128 1721 1155 vestras
1732 1127 1862 1155 furtificas
1874 1131 1974 1156 manus.
2008 1131 2155 1167 Antiquam.

1118 1164 1190 1190 Idem
1204 1163 1277 1198 Epid.
1292 1173 1310 1195 1,
1324 1173 1342 1195 1,
1357 1173 1392 1190 10.

1137 1200 1138 1203 ’
1153 1204 1170 1225 F
1181 1206 1202 1225 V
1213 1206 1232 1225 R
1241 1207 1261 1226 T
1271 1200 1284 1225 ἱ
1292 1207 1312 1224 ν
1320 1206 1340 1224 V
1349 1207 1392 1230 S,a
1400 1219 1407 1231 ,
1425 1208 1478 1226 unt.
1498 1199 1579 1226 Aliud
1592 1198 1651 1225 Adi.
1671 1199 1819 1232 [κλοπκῖαὴ
1838 1198 1972 1230 κλωπικὸς,
1992 1202 2155 1236 κλοπιμοεῖος]

1116 1234 1189 1269 Qtod
1193 1234 1270 1270 furto
1283 1233 1317 1268 qs}
1330 1241 1438 1270 raptum.
1491 1235 1572 1261 Plaut.
1588 1235 1653 1261 Pers.
1668 1243 1695 1267 4,
1708 1243 1729 1266 3,
1744 1243 1780 1267 53.
1852 1234 1925 1260 Idem
1946 1235 2022 1262 Poen.
2042 1245 2071 1270 4,
2086 1246 2107 1269 2,
2121 1246 2157 1273 77

1117 1270 1149 1296 Et
1163 1271 1209 1304 qui
1223 1279 1265 1296 eas
1278 1270 1424 1302 vendebat,
1444 1269 1514 1296 dixit
1534 1271 1559 1296 se
1578 1271 1691 1297 furtiuas
1703 1270 1826 1296 vendere.
1931 1270 1997 1296 Plin.
2013 1279 2051 1302 19,
2063 1280 2080 1307 7
2093 1281 2158 1300 extr.

359 1304 462 1338 leian.
475 1303 506 1329 D.
519 1301 550 1328 de
562 1301 642 1329 furtis
655 1302 672 1328 1.
687 1302 714 1329 Si
726 1303 886 1338 quisvxori,
905 1304 997 1330 Seruus
1005 1303 1052 1343 qui
1066 1310 1097 1335 30
1116 1305 1134 1331 s.
1150 1313 1180 1339 37
1200 1306 1296 1332 Rutam
1319 1306 1447 1332 furtiuam
1467 1311 1569 1332 tantum
1589 1305 1731 1339 prouenire
1746 1304 1863 1331 fertilius
1883 1311 1988 1340 putant,
2014 1306 2076 1334 licut
2096 1317 2157 1342 apes

1115 1341 1230 1368 furtiuas
1242 1340 1352 1375 peffime.
1424 1341 1474 1367 Res
1488 1341 1590 1367 furtiua
1622 1340 1749 1374 Qincffll.
1766 1348 1788 1373 ς,
1802 1349 1824 1372 13
1831 1340 1935 1376 suh-fin.
2022 1343 2157 1377 0111»ιᾶψί-

1116 1386 1171 1402 nus.
1224 1376 1292 1404 Geli.
1307 1384 1345 1411 17,
1360 1385 1376 1409 9
1407 1376 1457 1402 Res
1470 1376 1594 1411 quasdam
1613 1376 1726 1402 occultas
1739 1378 1860 1403 nuntiare
1873 1377 1931 1412 regi
1943 1376 2046 1404 furtiuo
2059 1379 2158 1413 scripto

1116 1411 1232 1438 volebat.
1320 1413 1362 1440 Sic
1374 1412 1499 1438 Furtiuae
1513 1411 1676 1438 excursiones
1695 1412 1754 1437 Liu.
1768 1420 1806 1443 24,
1842 1430 1849 1437 .
1887 1432 1893 1437 .
1982 1413 2066 1440 Amor
2082 1416 2156 1449 Virg.

1118 1449 1181 1473 Aen.
1206 1456 1241 1480 4,
1262 1455 1308 1480 171.
1379 1447 1474 1473 Catull.
1488 1455 1522 1482 7,
1535 1453 1557 1477 8.
1663 1450 1738 1473 Artes
1750 1447 1868 1473 furtiuae
1880 1447 2016 1481 Cupidinis
2031 1449 2111 1476 Ouid.
2125 1459 2158 1477 ex

1086 1492 1099 1519 ς
1117 1484 1190 1509 Pont.
1203 1492 1223 1517 1,
1235 1493 1263 1516 4,
1277 1492 1315 1517 41.
1385 1483 1442 1509 Ioci
1462 1482 1542 1509 Ouid.
1554 1481 1585 1509 de
1600 1483 1663 1510 Arte
1677 1483 1735 1508 Am.
1750 1492 1771 1514 3,
1783 1485 1845 1515 640.
1917 1484 1970 1509 Iter
1982 1484 2113 1512 furtiuum
2128 1486 2158 1512 in

1119 1518 1220 1545 Italiam
1239 1518 1294 1544 Cic.
1311 1518 1338 1544 in
1351 1518 1436 1544 Pison.
1455 1525 1489 1552 97
1503 1527 1524 1544 c.
1539 1528 1584 1552 40.
1656 1518 1753 1544 Mentis
1765 1518 1882 1544 furtiuae
1895 1519 1996 1544 conscia
2012 1519 2104 1552 litera,
2139 1523 2158 1547 i.

1118 1552 1218 1589 epistola
1244 1554 1356 1580 mulieris
1378 1553 1411 1580 ad
1427 1553 1555 1589 furtiuum
1577 1562 1682 1579 amorem
1704 1554 1838 1579 inclinatae
1858 1554 1938 1580 Ouid.
1955 1554 2031 1588 Epist.
2049 1563 2087 1590 17,
2102 1558 2158 1588 265.

1118 1591 1215 1616 Munus
1236 1589 1322 1615 Catul.
1336 1591 1375 1620 63,
1389 1597 1426 1622 19.
1516 1590 1604 1616 Venus
1621 1589 1703 1615 Ouid.
1717 1588 1749 1614 de
1763 1590 1827 1615 Arte
1840 1590 1898 1614 Am.
1914 1598 1933 1620 1,
1945 1597 2002 1623 275.
2092 1591 2159 1617 Viae

1119 1624 1200 1652 Ouid.
1216 1624 1247 1650 de
1259 1625 1322 1650 Arte
1336 1626 1394 1650 Am.
1409 1633 1431 1656 2,
1445 1627 1502 1657 246.
1571 1624 1699 1659 Voluptas
1718 1624 1791 1650 Idem
1804 1625 1868 1649 Met.
1882 1632 1916 1655 4,
1928 1631 1985 1657 327.

1155 1666 1172 1686 F
1184 1667 1204 1686 v
1215 1667 1233 1685 R
1243 1663 1310 1686 rriv
1322 1667 1348 1686 E.
1369 1659 1437 1686 Adu.
1475 1660 1625 1695 [ληςρικῶς]
1656 1666 1706 1694 pro
1725 1659 1829 1684 Furtim.
1866 1657 1947 1684 Plaut.
1960 1659 2039 1684 Poen.
2053 1666 2076 1692 ς,
2089 1668 2115 1691 2,
2128 1662 2160 1686 62

1116 1695 1266 1721 Certiorem
1279 1695 1327 1720 esse
1339 1701 1364 1720 te
1377 1695 1469 1725 volui,
1488 1704 1521 1720 ne
1542 1694 1607 1727 quid
1622 1694 1723 1719 furtiue
1735 1693 1800 1719 clam
1813 1692 1934 1725 accepisse
1948 1694 2059 1720 censeas.
2096 1695 2161 1722 Fur-

1117 1730 1173 1756 tiue
1186 1736 1246 1755 tunc
1258 1729 1378 1755 Valeriae
1392 1729 1531 1755 familiaris
1550 1728 1667 1754 Laetam.
1681 1728 1713 1753 de
1727 1728 1808 1753 Mort.
1819 1728 1946 1752 Persecut.
1962 1736 1982 1755 c.
1995 1738 2040 1762 40.

1160 1770 1176 1789 F
1188 1771 1209 1788 V
1219 1771 1236 1788 1<
1245 1770 1309 1794 OR,
1328 1764 1374 1790 ari.
1411 1764 1546 1796 [κλέπτω]
1582 1763 1649 1788 Clam
1660 1764 1765 1788 alienum
1778 1761 1887 1797 auferre.
1924 1762 1988 1788 Ptin.
2004 1772 2039 1795 12,
2054 1773 2084 1798 14
2105 1764 2160 1791 Ne.

1119 1807 1165 1823 mo
1178 1797 1283 1823 furatur
1295 1797 1382 1822 alteri.
1454 1798 1510 1823 Cic.
1524 1799 1600 1823 Verr.
1617 1806 1645 1830 4,
1658 1805 1689 1829 50
1707 1796 1782 1823 Tum
1796 1797 1911 1831 primum
1924 1798 2045 1825 intellexi
2057 1799 2089 1826 ad
2102 1809 2160 1827 eam

18 1836 75 1858 tum
83 1850 92 1862 ,
105 1837 155 1865 pro
170 1832 319 1864 Participem
330 1829 372 1862 ist&
379 1830 454 1865 furti
462 1839 464 1842 ·
475 1829 576 1861 leian.
584 1829 611 1854 Si
624 1829 727 1854 familia
739 1830 840 1855 furtum
853 1829 938 1855 fecisse
952 1829 1054 1855 dicetur
1071 1835 1105 1860 45
1119 1840 1175 1858 rem
1191 1831 1252 1857 istos
1265 1831 1359 1858 fratres
1373 1831 1510 1863 Cybiratas
1522 1831 1607 1862 fuisse,
1624 1838 1652 1858 vt
1666 1831 1713 1858 iste
1726 1833 1754 1858 in
1765 1832 1879 1859 furando
1893 1834 2014 1859 manibus
2029 1835 2088 1866 suis,
2097 1844 2160 1861 oeu-

1119 1867 1152 1894 lis
1173 1867 1282 1894 illorum
1301 1873 1427 1894 vteretur.
1531 1867 1612 1894 Plaut.
1628 1868 1695 1894 Rud.
1709 1877 1729 1900 1,
1743 1876 1764 1899 2,
1779 1876 1806 1899 23
1842 1867 1914 1900 Qiid
1930 1877 1957 1893 tu
1971 1868 1998 1894 id
2011 1870 2160 1903 quaeritas}

1119 1904 1160 1931 An
1174 1911 1228 1938 quo
1240 1903 1356 1929 furatum
1370 1912 1433 1929 mox
1446 1903 1552 1935 venias,
1568 1902 1679 1936 vestigas
1693 1903 1749 1928 loca
1764 1904 1773 1927 ἒ
1855 1903 1948 1928 Fut-ari
1963 1910 1989 1930 et
2001 1905 2065 1931 clam
2079 1905 2161 1933 alicui

1121 1939 1224 1973 eripere
1243 1938 1298 1964 Cic.
1311 1938 1362 1964 Off.
1379 1947 1402 1969 2,
1415 1947 1459 1970 40.
1567 1938 1667 1971 Rapere
1681 1943 1706 1963 et
1719 1936 1805 1963 furari
1837 1938 1893 1964 Cic.
1907 1939 1982 1965 Verr.
1998 1949 2017 1972 1,
2032 1942 2066 1966 60
2081 1950 2102 1967 c.
2117 1950 2158 1968 27..

1121 1973 1252 2008 Qiinftil.
1267 1981 1289 2005 3,
1302 1975 1317 1998 6
1338 1974 1392 2006 Qu
1407 1973 1543 2007 pecuniam
1557 1972 1689 2007 publicam
1701 1981 1732 1999 ex
1745 1973 1845 2007 templo
1858 1973 1959 1999 furatus
1973 1974 2016 2000 est.
2089 1977 2160 2002 Ocu-

23 2007 98 2037 nme
109 2004 183 2032 verb.
199 2004 330 2039 fignificat.
343 2004 416 2039 l.174
440 2003 519 2043 Aliud
532 2003 568 2043 est
581 2003 736 2065 pgonzisstere
750 2003 838 2034 furem
850 2015 904 2049 non
919 2008 1058 2048 efl'e,aliufl
1074 2014 1106 2040 50
1120 2010 1159 2036 los
1179 2009 1253 2035 fessos
1275 2008 1364 2034 furare
1385 2008 1472 2036 labori
1507 2009 1581 2042 Virg.
1605 2009 1669 2034 Aen.
1694 2015 1721 2041 ς,
1743 2013 1798 2041 843-
1836 2011 1853 2033 1⁴·
1862 2008 1972 2044 ficbduC,
1992 2012 2159 2047 into-quiesce.

466 2048 482 2064 u
515 2048 540 2064 *n
768 2049 775 2053 s
1050 2060 1060 2065 .

24 2071 66 2111 εὖ.ν
75 2076 205 2113 proposito
219 2076 353 2110 loquitur-3
389 2041 524 2110 qu'inLuho
536 2048 657 2110 rigitathciie
670 2043 1060 2111 siiffiiiiniTnn{iiieihide‘isdlssfflii

1126 2046 1221 2071 Furtim
1235 2042 1338 2078 aſjbqui,
1358 2050 1382 2070 ct
1389 2044 1486 2079 furtim
1499 2044 1609 2078 abripere
1620 2044 1654 2070 all
1667 2043 1771 2079 aliquid.
1806 2043 1861 2070 Cic.
1875 2052 1924 2077 pro
1939 2044 2020 2072 Corn.
2033 2046 2105 2073 Balb.
2114 2056 2136 2073 c..
2145 2056 2161 2074 2

1121 2081 1184 2107 Non
1196 2080 1267 2105 enim
1281 2080 1381 2105 furatus
1395 2080 1442 2105 effe
1457 2079 1608 2109 ciuitatem,
1627 2087 1681 2105 non
1693 2087 1773 2112 genus
1785 2079 1861 2105 suum
1874 2080 2022 2107 ementitus.
2102 2082 2160 2109 No-

1121 2115 1211 2141 &urna
1242 2115 1267 2140 ie
1280 2114 1413 2140 furantem
1425 2114 1499 2140 busta
1511 2115 1628 2140 sororem
1647 2113 1902 2148 Nemesian.Cyneg.
1916 2124 1941 2141 v.
1954 2124 1994 2149 45.
2015 2116 2043 2142 de
2051 2118 2161 2153 Antigo-

1120 2160 1148 2176 ne
1161 2124 1250 2183 iniuſjit
1262 2152 1330 2184 regis·
1342 2149 1456 2184 fratrem
1469 2149 1610 2184 sepelienta
1697 2149 1774 2183 Apul.
1789 2149 1858 2176 Flor.
1871 2159 1890 2184 4
1897 2156 1941 2185 pr.
1977 2152 2162 2187 praestigiator

32 2183 108 2213 ab'ess'e
127 2193 168 2211 res
191 2190 252 2210 tunc
272 2182 395 2215 videtur,
415 2191 496 2218 quum
517 2183 549 2210 sic
570 2183 651 2210 rediit
664 2184 693 2210 in
705 2184 874 2218 potestatem,
889 2192 922 2210 ne
936 2186 1058 2210 amittere
1074 2189 1102 2215 55
1119 2186 1230 2212 furatur.
1253 2186 1272 2210 i.
1281 2184 1400 2220 siabducit
1413 2185 1534 2211 hommum
1548 2186 1697 2221 ocu1i5‚quac
1711 2185 1795 2211 uidere
1802 2184 1831 2220 J}
1841 2191 1941 2219 putant.

1156 2226 1358 2250 FVRATVS,
1386 2227 1414 2252 a,
1437 2229 1492 2246 um.
1529 2221 1621 2247 Partic-

1120 2257 1212 2285 furate}
1221 2265 1235 2281 e
1250 2255 1364 2282 collibus
1376 2264 1440 2282 vuas
1452 2256 1563 2290 Panope.

1117 2291 1263 2319 hominem.

1157 2334 1172 2353 r
1182 2333 1200 2352 v
1213 2334 1231 2352 R
1242 2334 1263 2353 A
1272 2332 1293 2353 ‘r
1303 2335 1312 2353 1
1321 2333 1340 2353 o
1349 2346 1357 2359 ,
1371 2326 1440 2354 onis.
1457 2326 1479 2353 f.
1517 2327 1570 2353 ICe.
1579 2329 1606 2352 in
1619 2326 1680 2360 Dig.
1694 2324 1736 2359 effe
1750 2326 1851 2353 dicitur.

1158 2369 1175 2389 F
1186 2370 1206 2388 v
1216 2370 1235 2389 R
1244 2364 1319 2389 ATo
1328 2369 1347 2388 R
1357 2382 1365 2395 ,
1380 2362 1444 2390 oris.
1463 2371 1498 2388 m.
1535 2362 1654 2388 Tertull.
1669 2361 1746 2396 Apol.
1760 2370 1782 2389 c.
1795 2364 1832 2395 46
1845 2367 1910 2388 extr.
1933 2362 2046 2390 Furator
2063 2364 2160 2391 verita-

1120 2398 1154 2425 tis
1170 2397 1354 2431 Philosophus.

1157 2439 1173 2459 1³
1184 2439 1204 2458 V
1215 2440 1233 2459 R
1243 2440 1265 2459 A
1273 2440 1294 2459 'r
1302 2440 1320 2459 R
1329 2436 1340 2458 ῐ
1348 2439 1371 2458 Ν
1381 2440 1401 2459 Α
1411 2453 1418 2465 ,
1438 2440 1476 2458 ae.
1496 2431 1516 2458 f.
1551 2431 1618 2459 Idem
1630 2432 1695 2468 quod
1708 2433 1848 2464 Fur-acitas,
1862 2432 1973 2468 furtum.
2011 2434 2086 2467 Apul.
2095 2435 2159 2462 Met.

1119 2471 1136 2495 6
1148 2478 1172 2503 p.
1188 2473 1230 2503 173
1250 2469 1390 2495 Furatrina
1405 2468 1486 2494 facili.
1559 2468 1714 2501 Coniugalis
1733 2467 1771 2494 Id.
1785 2467 1801 2493 l.
1816 2473 1830 2496 8
1844 2476 1868 2501 p.
1883 2476 1937 2500 202,
1947 2477 1982 2494 10.
2001 2470 2158 2496 adulterium.

1118 2506 1149 2531 Et
1163 2514 1191 2530 10
1204 2514 1227 2538 p.
1244 2512 1290 2538 245
1324 2504 1378 2530 Diu
1402 2503 1509 2538 quidem
1527 2502 1709 2537 pulcherrime
1739 2502 1807 2529 mihi
1826 2502 1972 2530 furatrinae
2000 2504 2159 2537 procedebat

1663 2221 1760 2247 Auson.
1782 2220 1884 2246 Mosell.
1905 2228 1948 2255 173
1981 2236 2027 2241 —
2063 2222 2160 2250 Medii·

1638 2256 1718 2298 Vulg-
1733 2257 1830 2290 Interp.
1844 2255 1926 2282 Exod.
1940 2264 1976 2288 21,
1991 2259 2019 2282 16
2050 2258 2160 2285 Furatus

21 2539 187 2570 Creditoris,
212 2537 341 2563 Dominus
363 2536 412 2570 qui
430 2545 485 2562 rem
504 2536 651 2572 subripuit,
670 2537 699 2563 in
716 2545 767 2572 qua
781 2538 943 2565 vsusfrnems
955 2539 1056 2564 alienus
1069 2540 1100 2572 65
1114 2539 1266 2567 artificium.

1154 2581 1171 2601 r
1180 2582 1199 2600 v
1209 2582 1227 2600 n
1236 2582 1256 2600 A
1265 2581 1286 2600 T
1295 2582 1314 2601 R
1323 2581 1333 2599 1
1342 2580 1363 2599 N
1373 2580 1394 2599 v
1405 2581 1417 2600 s
1427 2593 1434 2605 ,
1453 2573 1471 2599 i.
1490 2582 1527 2598 m.
1563 2573 1706 2600 Mercurius
1715 2571 1755 2607 sic
1767 2570 1852 2598 ditius
1860 2592 1869 2605 ,
1877 2571 1978 2608 fifides
1994 2574 2113 2601 Beroaldo
2125 2575 2161 2601 ad

1120 2611 1195 2636 Varr.
1210 2609 1242 2635 de
1256 2610 1284 2634 L.
1301 2609 1330 2635 L.
1348 2617 1375 2641 4,
1391 2616 1423 2642 13.

1156 2650 1173 2669 F
1183 2651 1230 2669 VR
1239 2650 1255 2669 c
1265 2651 1284 2669 A
1294 2662 1301 2674 ‚
1321 2652 1360 2669 ae.
1379 2644 1397 2669 f.
1435 2640 1565 2677 [δίκρανος]
1601 2650 1617 2668 a
1630 2641 1749 2668 Ferendo
1763 2653 1769 2672 ;
1790 2641 1886 2668 ἅῐξῗιινη
1899 2642 2099 2677 lustramentum,
2112 2653 2158 2680 quo

1112 2677 1253 2711 stramenta
1267 2678 1401 2714 fcrwztur.
1436 2679 1466 2703 ln
1486 2677 1572 2703 furcas
1593 2677 1726 2704 destitutas
1744 2678 1813 2704 colla
1827 2677 1907 2704 boum
1924 2679 2058 2706 includere
2085 2682 2160 2707 Varr.

1413 2714 1480 2739 Hor.
1496 2712 1574 2747 Epist.
1589 2721 1609 2744 1,
1623 2721 1661 2744 10,
1674 2721 1707 2746 24
1732 2713 1863 2739 Naturam
1876 2714 1987 2748 expellas
2000 2715 2074 2742 furca
2089 2716 2160 2748 licet,

1121 2758 1204 2784 vsque
1218 2754 1346 2775 recurret.
1416 2748 1542 2775 Bicornes
1559 2747 1633 2781 Virg.
1648 2749 1745 2782 Georg.
1761 2757 1780 2780 1,
1793 2751 1854 2781 264.
1890 2756 1915 2775 et
1927 2758 1951 2780 2,
1964 2758 2017 2783 359.
2099 2752 2161 2777 Fer-

1122 2793 1196 2816 reae,
1214 2794 1229 2811 a
1248 2784 1281 2810 ud
1292 2785 1419 2810 Catonem
1434 2793 1455 2810 c.
1471 2792 1508 2810 10.
1602 2784 1678 2809 Omne
1691 2783 1727 2815 id,
1734 2793 1779 2818 quo
1792 2784 1853 2818 quid
1859 2783 2023 2820 sustentatur,
2030 2789 2057 2812 in
2065 2786 2161 2812 modum

1115 2791 1327 2856 surcaesszffum.
1373 2819 1438 2845 Ptin.
1453 2828 1492 2852 14,
1506 2827 1522 2845 2.
1541 2819 1636 2845 Furcas
1652 2818 1763 2845 subdere
1782 2817 1823 2845 his
1837 2821 2014 2848 neceffarium.
2086 2822 2161 2848 Idem

1123 2864 1149 2888 9,
1157 2861 1169 2885 8
1177 2856 1258 2881 Tunc
1269 2855 1409 2889 piscatores
1421 2854 1583 2880 circumdant
1596 2854 1662 2880 retia
1670 2874 1678 2886 ,
1696 2854 1832 2889 furcisque
1843 2855 1989 2883 subleuant.
2102 2856 2123 2894 fl
2145 2866 2161 2884 2.

753 2890 902 2917 Modestum
933 2890 1014 2916 Ouid.
1029 2889 1061 2916 de
1077 2894 1109 2924 75
1125 2891 1328 2918 instrumentum
1343 2890 1446 2926 seruilis
1456 2884 1604 2922 'cruciatus,
1625 2893 1695 2916 cruci
1713 2887 1800 2924 affine,
1817 2891 1884 2926 apud
1899 2898 1992 2918 veteres
2004 2892 2099 2928 quidem
2112 2902 2160 2918 non

379 2925 446 2952 Vell.
468 2934 493 2957 2,
506 2927 546 2957 65,
563 2933 571 2951 1
598 2925 625 2951 dc
638 2924 744 2960 Lepido,
768 2926 889 2952 Pontifex
904 2927 975 2952 ΜΠ.
990 2922 1019 2951 in
1031 2926 1062 2952 C.

826 2961 932 2989 Tibull.
957 2970 978 2993 1,
991 2970 1016 2992 2,
1029 2970 1061 2995 34

642 2996 716 3030 Virg.
730 2997 793 3023 Aen.
807 2999 832 3030 6,
846 3006 881 3031 24
917 3012 962 3017 -—-
998 2997 1060 3031 Sup-

1123 2927 1243 2962 capitale,
1254 2925 1301 2962 fid
1318 2935 1363 2961 quo
1382 2932 1478 2952 tautum
1494 2924 1737 2961 corgllringermztur,
1753 2929 1932 2962 praerogatiua
1943 2929 2028 2953 ultimi
2032 2927 2161 2963 snpplicii.

1122 2961 1245 2989 Prudent.
1257 2961 1398 2995 Peristeph.
1414 2969 1451 2992 10,
1465 2965 1505 2993 851
1520 2960 1551 2986 Et
1563 2961 1617 2986 iam
1630 2961 1737 2987 retortis
1751 2960 1864 2988 brachiis
1883 2962 1957 2989 furca
1969 2963 2071 2989 eminus
2107 2964 2160 2990 Ro-

1124 3006 1215 3024 manus
1228 2996 1298 3023 adius
1311 2996 1481 3031 ingerebatur
1492 3004 1568 3030 rogo.
1610 2996 1668 3022 Vici.
1687 2996 1794 3023 Turncb.
1808 2996 1873 3023 Adu.
1888 3008 1913 3032 4,
1924 3007 1948 3029 3.
2021 2997 2081 3024 Liu.
2091 3006 2111 3030 1,
2126 3000 2162 3024 26

1124 3032 1261 3059 Hunccine
1273 3032 1375 3063 aiebat,
1392 3040 1470 3066 quem
1483 3032 1564 3058 inodo
1579 3031 1748 3064 decoratum,
1766 3039 1942 3067 ouantemque
1957 3032 2072 3059 vifioria
2089 3033 2158 3059 ince-

1124 3104 1253 3131 cruciatus
1267 3103 1358 3130 videre
1373 3102 1478 3138 potestis
1491 3104 1500 3128 ἔ
1588 3101 1654 3130 Add.
1670 3111 1691 3133 2,
1704 3105 1732 3134 36
1753 3103 1794 3128 ubi
1808 3103 1900 3128 Seruus
1913 3101 1961 3129 sub
1976 3103 2048 3128 furca
2062 3103 2158 3135 caesus,

1124 3149 1192 3176 quem
1205 3138 1322 3166 Macrob.
1337 3139 1386 3166 Sat.
1400 3147 1420 3171 1,
1430 3147 1452 3164 11
1472 3137 1593 3172 patibulo
1604 3137 1773 3164 constritstum
1787 3137 1901 3172 appellat.
1975 3138 2081 3164 Sueten.
2104 3138 2158 3164 Ne-

1125 3184 1183 3201 ron.
1194 3184 1215 3202 c.
1225 3182 1255 3207 30
1272 3173 1400 3209 Legitque
1409 3194 1418 3206 ,
1438 3174 1464 3200 se
1475 3173 1575 3200 hostem
1589 3181 1603 3200 a
1616 3174 1709 3199 Senatu
1722 3171 1876 3204 iudicatum,
1890 3177 1916 3199 et
1927 3173 2028 3207 quaeri,
2041 3179 2068 3199 vt
2082 3174 2158 3207 puni-

1124 3218 1183 3237 atur
1202 3218 1277 3236 more
1296 3210 1450 3240 maiorum3
1484 3209 1725 3248 interrogauitque,
1738 3207 1814 3247 quale
1832 3208 1892 3235 esset
1910 3207 1937 3234 id
1950 3217 2028 3242 genus
2041 3210 2159 3243 poenae?

1125 3282 1208 3316 virgis
1222 3281 1252 3308 ad
1264 3289 1355 3307 necem
1368 3280 1442 3307 caedi
1455 3287 1498 3306 etc.
1569 3279 1675 3314 Diuerfiz
1688 3276 1720 3311 est
1733 3278 1763 3304 ab
1775 3278 1822 3305 hac
1836 3279 1920 3305 Furca
1932 3279 1987 3311 illa,
2007 3289 2021 3304 a
2033 3288 2079 3314 qua
2092 3278 2157 3306 dtffl

1124 3315 1287 3351 Furciferifi
1304 3318 1427 3344 Donatum
1445 3322 1469 3341 et
1489 3314 1648 3342 Plutarchum
1660 3313 1779 3340 audimus.
1826 3314 1884 3341 Vid.
1909 3324 1960 3340 mox
1986 3320 2157 3341 FVRClFER.

1125 3353 1172 3380 Sed
1185 3351 1218 3385 cst
1232 3355 1303 3379 etiam
1315 3354 1399 3378 ultimi
1407 3351 1527 3387 supplicii
1539 3347 1726 3382 instrumentum
1740 3349 1830 3376 Furca.
1936 3349 2096 3376 Callistratus
2105 3351 2132 3376 in
2139 3350 2157 3376 l.

1125 3388 1284 3423 Capitalium
1297 3386 1326 3449 ἕ.
1346 3388 1468 3414 Famosos
1490 3387 1521 3412 D.
1542 3384 1574 3411 de
1593 3385 1698 3419 poeniS,
1718 3386 1840 3411 Famosos
1860 3385 1974 3411 latrones
1987 3385 2014 3411 in
2029 3385 2069 3411 his
2082 3386 2158 3418 locis,

1309 3429 1370 3456 unt,
1387 3423 1459 3448 furca
1475 3419 1590 3455 figendos
1602 3429 1681 3455 quam
1695 3419 1813 3455 pluribus
1828 3420 1937 3454 placuit.-
1974 3427 2001 3446 vt
2015 3426 2040 3446 et
2053 3422 2158 3456 conspe-

1124 3460 1167 3486 &u
1188 3460 1368 3485 deterreantur
1386 3457 1432 3484 alii
1451 3456 1483 3483 ab
1504 3456 1598 3483 iisdem
1616 3455 1795 3487 facinoribus,
1816 3461 1841 3481 et
1854 3455 1949 3481 solatio
1962 3455 1992 3481 sit
2004 3457 2120 3490 cognatis
2132 3462 2159 3484 ee

1123 3494 1254 3521 adfinibus
1285 3494 1503 3524 interemtorum,
1521 3491 1615 3518 eodem
1630 3492 1689 3518 loco
1702 3499 1786 3525 poena
1800 3490 1918 3522 reddita,
1937 3490 1965 3516 in
1979 3500 2032 3525 quo
2044 3492 2158 3521 latrones

1124 3529 1270 3556 homicidia
1282 3530 1405 3556 fecissent.
1447 3529 1528 3554 Etiam
1539 3536 1611 3553 canes
1617 3526 1656 3560 fic
1664 3529 1751 3561 puniti
1763 3527 1859 3551 Romae.
1947 3525 2012 3552 Plin.
2028 3535 2068 3560 29,
2081 3536 2099 3560 4
2113 3534 2158 3563 pr.

1124 3565 1218 3591 Eadem
1237 3565 1268 3591 de
1287 3565 1360 3591 causa
1378 3565 1428 3598 (in
1440 3565 1579 3590 memoriam
1587 3569 1664 3602 paene
1676 3564 1744 3596 capti
1755 3570 1770 3587 α
1785 3560 1863 3587 Gallis
1875 3560 2013 3596 Capitolii)
2033 3563 2159 3598 supplicia

1125 3633 1145 3672 fl
1166 3644 1177 3667 3
1213 3633 1401 3667 Irfirumentum
1415 3634 1523 3660 bellicum
1534 3636 1561 3659 in
1585 3633 1651 3659 calas
1663 3632 1814 3666 usurpatum.
1886 3632 1945 3658 Liu.
1958 3638 2024 3665 28‚.3
2043 3635 2098 3660 Iam
2112 3634 2159 3668 qui

1124 3676 1262 3696 erexerant
1276 3670 1308 3697 ad
1320 3676 1427 3696 murum
1440 3670 1531 3700 scalas,
1549 3677 1562 3694 a
1575 3668 1596 3694 ii
1608 3667 1690 3692 furcis
1701 3666 1732 3692 ad
1746 3666 1773 3692 id
1787 3666 1872 3700 ipsum
1891 3667 1968 3694 saetis
1986 3668 2159 3695 detrudeban-

1125 3710 1176 3731 tur.
1203 3704 1261 3732 Vid.
1274 3706 1341 3742 Lips.
1350 3707 1454 3732 Poh’orc.
1459 3715 1483 3738 5,
1491 3715 1510 3730 1.
1546 3705 1607 3730 Item
1618 3700 1804 3734 instrumentum
1816 3702 1992 3729 baiutaeorium
2005 3711 2074 3740 tergo
2081 3705 2159 3738 appli-

1125 3747 1205 3767 catum
1213 3743 1267 3772 ,ein
1279 3749 1323 3776 quo
1329 3741 1447 3777 fizrcinas
1460 3737 1585 3777 gestabant
1592 3736 1672 3772 serui.
1707 3736 1787 3763 Plaut.
1800 3737 1883 3764 Cafin.
1899 3747 1925 3771 2,
1937 3745 1959 3770 8,
1973 3747 1987 3764 2
2005 3739 2058 3773 Ego
2070 3738 2158 3798 101111111-

2131 3781 2158 3798 ae

1120 3811 1183 3848 sunt
1197 3811 1372 3837 aerumnulae.
1432 3809 1489 3838 Vid.
1502 3817 1555 3834 mox
1571 3812 1743 3834 FvaciLLA.
1797 3812 1827 3835 it.
1851 3809 1959 3835 Turneb.
1973 3806 2075 3841 Aduers
2084 3811 2122 3838 16,
2133 3816 2157 3839 3-

1125 3853 1149 3872 ει
1162 3845 1228 3881 Lipſs
1243 3844 1272 3870 de
1285 3846 1360 3872 Cruce
1370 3855 1393 3878 3,
1409 3857 1432 3881 4.
1517 3843 1680 3870 Cancrorum
1703 3843 1788 3870 furcas
1812 3844 1918 3880 appellat
1941 3842 2015 3876 Apul.
2036 3842 2113 3875 Apol.
2133 3851 2159 3876 p.

1125 3889 1186 3915 2¹97,
1199 3891 1217 3914 4
1236 3889 1294 3915 quae
1307 3880 1395 3908 chelae
1407 3882 1470 3907 alias
1482 3885 1525 3905 aut
1537 3878 1667 3913 Forcipes.

1165 3922 1180 3942 F
1192 3924 1211 3942 Y
1222 3914 1364 3949 RCVLA,
1381 3925 1419 3943 ae.
1456 3915 1476 3941 f.
1515 3913 1615 3941 Dimin.
1651 3911 1797 3949 [δικρᾶνιον]
1831 3911 1908 3948 Apud
1919 3912 1991 3936 Varr.
2006 3910 2036 3936 R·
2051 3911 2081 3935 R·
2097 3918 2120 3940 1,
2134 3916 2156 3938 8-

1452 3949 1511 3976 Liu.
1527 3954 1565 3983 38,
1578 3957 1596 3985 7
1618 3950 1757 3978 Memento
1782 3949 1853 3976 enim
1882 3945 1914 3972 ad
1939 3946 2032 3976 inane,
2054 3946 2156 3978 suspen-

1428 3985 1535 4019 5132
2126 3980 2156 4006 so
