2479 4225
579 81 846 128 DEB

722 169 838 201 P1i11.13p.
853 170 879 197 6,
892 172 918 190 21
946 160 1043 187 Nescio
1064 167 1095 184 an
1112 155 1183 182 noris
1203 153 1249 192 119-

746 205 777 231 It!
794 204 842 235 effi,
855 197 981 230 vet-{lituile
999 193 1046 228 est,
1058 201 1081 219 te
1100 192 1162 217 bunc
1179 189 1250 220 ualle,

916 240 927 262 3
948 241 969 256 c.
984 240 993 257 1
1020 229 1073 262 Qii
1090 224 1249 252 vcriffimum

919 265 991 292 Idem
1006 266 1058 291 Att.
1073 265 1104 293 6,
1126 270 1134 286 1
1161 259 1249 284 Antius

229 118 263 154 ¹5

235 188 336 216 decebat.
351 185 404 211 Cic.
418 189 464 216 pro
478 179 581 204 Cluent.
618 195 624 201 .
662 194 667 199 .

234 225 329 251 minem
339 240 346 248 .
365 224 510 252 quanquam
524 213 592 238 nosse
606 209 693 246 debes.

235 267 302 294 qaum
310 256 343 288 stt
357 261 392 278 tat
406 259 469 276 notu
484 249 580 274 nobilis.
637 246 691 269 cic.
705 241 736 266 de
751 242 850 265 Inuent.
868 243 896 264 2,

235 288 433 327 pulchritudiuis
453 285 547 310 habere
570 279 697 319 iudicium
721 272 852 300 debuisset.
1027 300 1031 304 .
1190 294 1194 297 .

236 327 311 353 debet
332 323 408 348 etiam
426 319 513 345 fratris
526 318 604 349 Appii
623 318 737 339 amorem
759 315 819 340 erga
842 310 883 328 me
902 310 961 327 cum
985 300 1085 333 reliqua
1107 293 1250 321 hereditate
1275 299 1288 325 ς

236 360 348 388 treuill'c.
416 353 532 381 chebat
548 351 663 376 minuere
683 346 736 371 Cic.
756 350 802 376 pro
815 338 883 365 Sulla
901 346 922 362 c.
939 345 971 367 ¹3·
1025 333 1092 361 ΑΜ,
1114 332 1200 356 Graeu,
1217 328 1253 355 ml

235 398 288 422 Cic.
304 396 353 421 Att.
371 400 436 423 1:1‚4
457 398 479 422 p.
494 395 528 417 ιιι
553 387 588 418 sq.
645 384 774 408 burmann.
792 381 814 400 et
828 373 922 407 Sciopp.
942 370 975 396 ad
989 369 1052 396 illud
1066 369 1168 394 Petrou.
1188 373 1209 390 c.
1224 372 1250 395 33

234 438 297 457 extr.
366 428 415 453 Hic
430 416 530 449 nescio.
548 419 611 453 quid
625 416 689 443 boni
701 413 775 439 debet
788 409 844 435 esse.
898 406 971 440 Cous.
991 414 1012 430 c.
1025 412 1061 437 49
1081 401 1177 440 p.·246.
1214 400 1252 426 Si·-

234 468 301 491 milia
318 466 345 489 de
362 464 488 489 Oportet,
508 455 559 481 eid.
574 453 597 488 s
618 454 634 478 Ι.
726 445 814 473 lustin.
829 442 910 477 praef.
938 442 1035 467 Nonne
1054 437 1131 463 nobis
1146 436 1252 468 Pompe.

233 504 274 527 ius
288 491 414 525 Herculea
429 492 532 520 andacia
547 489 640 515 orbem
652 489 779 511 terrarum
791 479 917 513 aggress‘us
931 475 1016 502 videri
1030 473 1115 499 debet.
1167 471 1254 509 Qian-

234 543 290 562 tum
304 535 360 559 esset
370 552 376 563 ,
394 528 464 566 quod
478 526 582 552 deberet
601 520 734 548 accedere,
755 514 785 542 [d
797 513 845 547 est,
862 512 925 549 quod
936 510 994 537 addi
1008 513 1128 544 oporteret
1147 505 1202 531 Cic.
1223 505 1255 531 de

233 570 351 598 Vniuers.
609 566 620 589 3
656 554 847 587 obseruationes.
889 546 929 581 Fst
948 549 1020 572 etiam
1040 543 1123 569 Debet
1139 540 1255 575 Impcrso-

233 608 295 633 nale.
332 601 448 629 Priscian.
464 601 487 626 ιε
507 605 530 629 p.
540 602 592 626 ¹233
612 591 683 618 Debet
696 594 802 621 quoque
817 582 987 618 impersonale
1000 579 1135 613 accipitur,
1149 575 1254 610 quando

234 640 337 668 infinito
351 635 468 672 palliuam
487 632 540 657 vim
560 624 665 655 habenti
698 620 868 648 coniunctum
887 625 938 644 tres
952 616 1046 642 circuit
1059 614 1188 648 personas,
1196 620 1255 637 cum

233 676 344 704 maxime
359 666 552 698 stibiunfiiuum
565 661 674 689 verbum
688 656 871 690 consequitur,
886 659 914 680 vt
927 652 1004 678 debet
1017 650 1075 676 fieri
1088 658 1102 675 a
1116 656 1174 678 me,
1192 655 1206 672 a
1220 652 1255 678 te,

232 712 264 738 ab
281 711 325 736 illo
340 728 347 740 ,
376 712 402 732 vt
416 703 534 731 audiens
548 700 672 731 legantur.
725 692 770 719 Sed
784 690 910 725 Personale
925 686 957 720 ist
972 698 979 712 :
1003 685 1121 712 Debetur
1134 683 1254 709 inuentio

730 725 778 760 ist,
797 725 903 752 attribui
916 723 982 749 dcbet
997 733 1004 746 :
1030 721 1074 747 hoc
1087 718 1129 752 est,
1149 721 1254 744 inuenit.

1017 757 1069 782 Sua
1086 755 1182 788 cuique
1201 753 1254 779 vir-

988 793 1108 826 Corpora
1128 789 1257 815 debentur

233 747 271 774 rei
290 743 399 771 alicuius
418 739 458 766 illi
479 736 541 763 Plin.
564 738 609 762 18,
630 738 654 765 7.
688 728 719 755 Id
888 760 892 764 .

233 784 297 808 Cato
311 787 358 812 ¹44
384 778 431 802 Pro
444 781 474 798 co
493 777 570 796 nemo
587 766 683 796 soluet,
701 772 733 790 nc
754 771 785 788 ue
800 759 948 787 debebitur.

230 817 292 843 tutis
306 815 358 840 laus
371 808 473 846 propria
492 804 602 831 debetur
619 802 674 828 Cic.
689 799 720 825 de
733 773 805 824 grat.
820 804 845 827 2,
860 803 918 827 342.
1023 828 1028 831 .

231 853 285 878 fato
301 847 390 880 Virgil.
405 846 468 870 Aen.
484 843 509 873 6,
520 848 576 874 714.
654 835 714 862 Vita
728 831 863 859 necessitati
876 829 985 856 debetur
998 829 1053 854 Cic.
1067 834 1115 860 pro

233 887 335 915 DebeO,
351 889 398 916 pro
407 877 499 914 pofficm
514 874 605 902 <11⁴3an
619 871 732 901 videtur,
755 869 810 894 Cic.
824 869 877 892 Att.
890 871 917 895 8,
934 866 960 890 16
985 864 1078 897 Neque
1092 861 1163 887 enim
1177 860 1256 894 suspi-

230 922 282 947 cari
303 917 399 948 debui,
425 912 487 950 quod
505 909 603 947 epistola
616 908 742 944 fiaeperiorc
761 904 880 929 dixerat:
911 899 1062 933 Suspicione
1087 896 1184 930 ass'equi
1202 904 1257 921 non

229 955 313 991 potui.
369 953 496 987 Eleganter
509 946 603 973 debere
621 952 664 968 nos
683 951 710 967 ea
729 940 847 969 dicimur,
866 936 951 972 quibus
969 934 1068 960 obnoxii
1076 933 1177 968 fiimns,
1198 939 1257 966 quae

228 988 351 1018 metuenda
365 986 433 1013 nobis
446 982 590 1019 impendent.
627 979 719 1004 Horat.
736 973 787 1001 Od.
806 982 826 1005 1,
841 981 878 1005 14,
893 978 917 1003 ις
940 969 988 996 Tu
1006 968 1053 994 nisi
1072 968 1157 994 ventis
1178 966 1256 992 debes

228 1025 392 1055 ludibrium,
411 1029 482 1047 caue.
534 1015 644 1043 Lambin.
657 1011 690 1038 ad
702 1013 747 1037 loc.
763 1009 877 1042 exemplis
890 1006 972 1033 docet.
991 1014 1041 1030 eam
1055 1002 1167 1038 loquendi
1179 1004 1257 1030 ratio-
1267 1000 1295 1026 25

229 1072 281 1089 nem
302 1071 316 1086 a
330 1060 429 1085 Graecis
444 1055 549 1090 sumtum
569 1049 619 1084 effl'.
673 1048 739 1073 Hor.
755 1044 787 1071 ad
801 1044 885 1070 Pison.
900 1043 930 1073 63
955 1040 1089 1066 Debentur
1107 1039 1188 1064 morti
1208 1045 1256 1063 nos

674 1081 768 1108 debere
787 1081 878 1106 quen.
891 1076 958 1102 dixit
971 1085 1008 1106 ιο,
1021 1083 1064 1107 312
1089 1073 1117 1099 de
1130 1082 1175 1108 quo
1189 1071 1257 1108 Lips-

229 1097 377 1129 nostraque.
432 1090 550 1118 Similiter
566 1092 660 1120 poenas

229 1131 304 1168 Eptst.
319 1126 415 1165 Qmejsl.
429 1137 455 1161 4,
475 1134 513 1157 24.
550 1123 590 1148 Ita
611 1120 670 1145 fatis
684 1116 810 1147 debetur,
830 1113 893 1149 quod
905 1118 969 1137 certo
978 1111 1095 1146 futurum
1113 1110 1146 1142 est
1159 1109 1257 1142 Virgil.

230 1171 291 1195 Aen,
305 1175 324 1198 3,
339 1170 390 1197 184-
442 1160 508 1187 Add.
524 1159 656 1184 Burmann.
670 1152 703 1179 ad
715 1150 844 1185 Quinctil.
859 1147 973 1175 Declam.
987 1155 1013 1179 9,
1024 1154 1036 1178 ς
1060 1155 1083 1180 p.
1093 1153 1148 1178 194.
1186 1146 1257 1176 Item,

229 1203 324 1230 debere
346 1208 398 1225 non
421 1197 502 1231 poste,
528 1191 590 1228 quod
609 1187 782 1225 praestandum
806 1186 875 1216 ertit,
902 1184 1025 1218 eleganter
1043 1189 1133 1217 quoque
1154 1179 1258 1205 dicitur.
1268 1184 1298 1208 30

228 1238 311 1265 Ouid.
328 1233 437 1261 Heroid.
452 1234 492 1260 16,
512 1237 552 1260 103
578 1227 635 1253 Nec
654 1223 728 1259 potui
746 1221 842 1248 debere
859 1218 928 1245 mihi
949 1218 1020 1252 spem
1039 1216 1144 1251 longius
1166 1215 1257 1246 istam,

230 1272 355 1300 Caerulea
369 1275 481 1304 peterem
497 1264 560 1299 quin
572 1270 629 1288 mea
647 1265 709 1286 vota
727 1258 779 1287 via.
852 1255 908 1282 Cic.
929 1252 960 1280 de
980 1252 1073 1287 Legib.
1094 1260 1117 1284 3,
1138 1253 1170 1277 26
1195 1260 1216 1276 c.
1233 1259 1256 1276 ιι

229 1309 307 1336 Sentit
320 1305 409 1331 deberi
422 1311 475 1329 non
487 1299 555 1335 poss'e
568 1298 629 1324 huic
642 1294 745 1321 ciuitati
758 1293 830 1319 illam
845 1289 1011 1325 potestatem,
1030 1290 1048 1313 i.
1063 1285 1192 1320 neczffxrio
1199 1293 1258 1321 per-

227 1341 379 1370 mittendam.
449 1337 504 1363 Cic.
520 1336 571 1361 Att.
588 1344 621 1366 4,
639 1340 654 1358 2
679 1332 770 1364 Itaque
789 1328 877 1354 oratio
891 1323 1026 1352 iuuentuti
1044 1322 1147 1349 nostrae
1166 1321 1259 1348 deberi

227 1388 281 1406 non
299 1376 395 1411 potest,
423 1377 440 1399 i.
462 1374 570 1407 cogimur
584 1369 650 1394 alam
668 1367 790 1392 i'uucntuti
810 1360 988 1398 describendam
1001 1357 1142 1391 concedere,
1162 1364 1191 1383 vt
1203 1356 1259 1382 inde
1270 1362 1297 1389 33

221 1413 349 1451 proficiat.
384 1411 458 1437 Plura
472 1407 540 1432 dabit
556 1403 653 1431 Viffor.
673 1401 706 1428 acl
719 1402 764 1427 loc.

262 1457 281 1476 D
290 1456 305 1475 E
316 1454 354 1474 BE
366 1453 386 1472 N
397 1453 420 1477 s,
429 1443 503 1470 entis.
518 1440 611 1466 Partic.
632 1437 770 1470 [ὅφεὶλων]
792 1434 835 1466 Vt,
843 1432 964 1459 Pertinax
977 1429 1007 1456 fit
1021 1428 1150 1455 memoria
1163 1426 1260 1454 deben-

659 1472 721 1498 Dics
742 1470 820 1502 longa
838 1467 945 1493 videtur
957 1474 1022 1499 opus
1040 1463 1213 1495 debentibus,
1233 1462 1262 1488 id

227 1485 294 1511 tium
309 1484 366 1508 Seu.
381 1480 411 1506 de
423 1477 512 1505 Benef.
528 1485 547 1507 Ι,
561 1484 587 1508 4-
1070 1500 1155 1524 Horat
1179 1498 1250 1531 Epist

227 1518 260 1553 est
275 1519 391 1554 ohli‘gatis
404 1514 436 1542 ad
448 1511 545 1547 aliquod
557 1507 729 1545 opusfingulis
748 1504 831 1530 diebus
848 1500 1013 1527 exhihmdum.

228 1563 254 1587 ι,
277 1563 302 1586 1,
320 1561 357 1580 21.
426 1548 498 1576 Idem
524 1545 555 1572 de

226 1588 484 1652 εεῃιξζῖζῃέἓῐυνε,
508 1626 536 1648 a,
562 1624 615 1642 um.
652 1612 743 1639 Partic.
779 1607 922 1636 Conueriio
942 1606 1054 1632 fratrum
1073 1602 1199 1637 Exemplo
1220 1600 1263 1628 de-

227 1659 311 1688 benda
331 1664 377 1685 tuo
398 1656 452 1683 Alc.
467 1654 538 1680 Auit.
556 1651 588 1678 ad
601 1651 723 1677 Sororem
743 1655 768 1673 v.
783 1654 825 1678 1³¹0
847 1652 904 1679 quae
921 1641 1053 1668 debebitur.

265 1700 410 1722 DEB1TV
421 1698 449 1723 S,
467 1699 498 1721 a,
518 1697 571 1714 um.
609 1685 701 1712 Partic.
737 1680 924 1716 [ὀφειλόμενος]
962 1677 1019 1703 Cic.
1033 1677 1103 1703 Fam.
1118 1681 1142 1708 ς,

226 1736 273 1758 tuo
288 1736 375 1756 autem
387 1727 443 1753 filio
458 1733 567 1755 vereor,
585 1731 618 1748 ne
632 1721 649 1746 li
663 1717 730 1746 nihil
745 1716 776 1743 ad
790 1723 815 1743 te

226 1766 277 1792 tuti
290 1764 382 1790 videar
394 1760 596 1788 Testimonium
616 1765 670 1782 non
689 1753 787 1788 cepifl'e.

225 1807 255 1828 vt
273 1799 386 1830 coniux,
411 1805 465 1822 nou
484 1801 511 1820 vt
529 1793 648 1821 adulter,
668 1798 737 1816 amo.
807 1785 898 1813 Fidem
917 1783 1043 1818 religioni
1061 1783 1121 1808 suae
1143 1779 1261 1807 debitam

228 1836 315 1862 Valer.
328 1835 398 1860 Max.
411 1841 439 1864 4,
456 1839 475 1861 1,
490 1837 521 1856 ιι.
593 1826 712 1859 Gratiam
731 1823 853 1849 meritam
873 1820 1041 1853 debitamque
1060 1816 1141 1844 alicui
1159 1815 1261 1842 referre

229 1872 286 1898 Cic.
300 1869 331 1895 de
344 1870 417 1895 Orat.
428 1876 449 1898 3,
464 1874 502 1897 14.
573 1863 647 1889 Mors
661 1865 768 1885 naturae
781 1857 869 1883 debita
882 1856 954 1882 Idem
968 1854 1081 1888 Philipp.
1096 1861 1135 1892 14,
1148 1860 1172 1884 3¹
1192 1860 1213 1876 c.
1224 1858 1260 1876 12.

230 1908 352 1934 Honores
368 1902 470 1929 debitos
484 1899 621 1925 decernere
636 1898 690 1923 Cic.
703 1893 815 1927 Philipp.
829 1899 855 1925 7,
870 1900 899 1916 10
923 1900 945 1916 c.
960 1899 981 1922 3.
1054 1888 1151 1915 Officio
1169 1885 1261 1911 debito
1272 1893 1304 1918 50

668 1928 790 1956 Tamdiu
809 1926 928 1953 debitum
946 1923 1124 1950 necessitudini
1144 1919 1262 1947 officium

229 1976 339 2004 reddere
352 1975 407 2001 Cic.
421 1973 492 1998 Fam.
506 1978 528 2002 ς,
543 1974 576 1998 18.
611 1966 678 1993 Add.
694 1966 746 1991 Att.
761 1971 797 1994 12,
811 1970 845 1993 23.
916 1960 1054 1988 Pecuniam
1072 1957 1173 1985 iamdiu
1189 1955 1262 1982 debi-

229 2018 283 2040 tam
295 2010 374 2038 alicui
391 2008 491 2035 soluere
511 2004 567 2031 Cic.
581 2011 628 2037 pro
644 2001 734 2028 Flacco
746 2006 778 2031 54
800 2006 822 2024 c.
837 2004 875 2027 23-
946 1997 1043 2022 Pietate
1061 1993 1150 2020 debita
1170 1992 1263 2018 fratres

230 2049 315 2075 colam
328 2047 413 2072 Senec.
427 2040 534 2076 Hippol.
548 2042 600 2071 631.
672 2035 778 2062 Debitas
792 2040 887 2067 poenas
899 2030 960 2056 dare
973 2031 1029 2055 Sen.
1040 2031 1120 2055 Herc.
1133 2029 1184 2054 fur.
1197 2029 1262 2058 644.

229 2085 326 2112 Poenas
341 2081 410 2107 ferre
424 2078 524 2104 debitas
537 2074 609 2101 Idem
623 2071 716 2106 Oedip.
731 2071 790 2104 976.
858 2067 956 2092 Poenas
969 2065 1046 2090 iustas
1059 2069 1085 2089 et
1099 2063 1201 2088 debitas
1214 2061 1262 2087 sol·
1273 2070 1301 2097 53

230 2127 293 2146 vere
312 2117 367 2144 Cic.
383 2123 430 2150 pro
442 2113 545 2141 Milone
561 2112 600 2140 86.
671 2106 786 2133 Praemia
804 2101 924 2130 Reddere
943 2099 1032 2126 debita
1045 2098 1142 2132 Virgil.
1158 2098 1222 2123 Aen.
1242 2105 1265 2127 2,

231 2162 286 2188 537.
358 2149 497 2184 Progenies
510 2146 591 2173 Caelo
606 2143 694 2169 debita
707 2139 842 2169 Claudian.
856 2138 883 2163 in
896 2133 1097 2170 Gigantomach.
1112 2141 1147 2167 53.
1202 2132 1264 2158 Vita

230 2189 342 2216 alicuius
354 2186 445 2212 multis
459 2181 598 2218 Suppliciis
611 2178 684 2205 iustis
698 2176 845 2209 debitisque
857 2178 945 2206 erepta
965 2170 1021 2197 Cic.
1034 2170 1111 2196 Catil.
1125 2177 1146 2200 1,
1160 2177 1191 2194 20
1211 2177 1232 2193 c.
1242 2172 1264 2197 8.

230 2225 304 2252 Idem
319 2224 399 2250 Tust.
412 2230 424 2254 3
444 2229 465 2246 c.
480 2228 513 2253 27
534 2219 605 2244 Haec
618 2214 708 2241 omnia
720 2211 797 2242 refta,
809 2218 887 2241 vera,
906 2207 995 2233 debita
1010 2210 1144 2240 putantes,
1161 2203 1264 2229 faciunt

231 2261 259 2287 in
276 2259 375 2285 dolore.

231 2304 267 2329 94
295 2292 433 2321 Posti-emis
455 2290 570 2324 denique
589 2286 665 2313 malis
683 2283 786 2310 debitus
806 2280 884 2315 Regis
904 2279 1022 2305 animum
1040 2274 1158 2302 offendit.

230 2338 239 2356 1
249 2337 271 2355 N
282 2336 299 2355 D
308 2337 324 2356 E
334 2336 348 2355 Β
358 2337 366 2354 ι
375 2336 396 2354 Τ
406 2335 425 2353 ν
435 2334 457 2353 s.

267 2372 285 2391 D
293 2371 309 2390 r.
317 2371 333 2390 Β
344 2362 355 2389 s
363 2370 385 2388 Τ
392 2370 413 2387 v
421 2369 455 2393 M,
464 2361 481 2386 i.

231 2400 286 2426 Cic.
299 2398 331 2425 ad
345 2400 383 2432 Q
394 2396 476 2422 Fratr.

1162 1681 1191 1707 17
1220 1673 1260 1698 De

857 1748 939 1777 Ouid.
958 1750 1021 1774 Her.
1042 1756 1091 1777 20,
1110 1751 1123 1776 8
1150 1744 1261 1772 Debitus

229 1941 305 1975 fungi
323 1939 394 1966 Idem
410 1945 459 1972 pro
478 1934 549 1961 Cael.
570 1942 604 1959 21.

1207 2273 1266 2300 Vici.

489 2370 515 2386 n.
529 2358 613 2385 Subst.
633 2355 795 2389 [σ’φεὶλημα,
809 2353 878 2386 χρέος
890 2347 991 2382 δάνειον]
1012 2346 1058 2378 Id,
1076 2345 1141 2381 quod
1159 2344 1267 2370 debetur.

495 2404 515 2425 1,
536 2403 552 2420 2
578 2393 651 2419 Prius
671 2399 749 2426 quam
770 2386 907 2415 Fundanio
926 2383 1045 2410 debitum
1063 2381 1179 2407 solutum
1200 2380 1266 2405 efl'et.

232 2435 303 2463 Idem
319 2435 371 2460 Att.
387 2441 421 2463 ι3,
436 2440 463 2462 23
484 2430 527 2456 Ne
541 2428 687 2459 existimes,
704 2434 758 2456 eos,
773 2424 885 2458 quinon
899 2420 987 2446 debita
1001 2416 1145 2444 consectari
1158 2415 1267 2446 soleant,
1277 2416 1308 2448 63

233 2469 305 2505 quod
322 2469 446 2494 debeatur
465 2464 623 2491 remissuros.
695 2460 806 2493 Exigere
825 2457 945 2483 debitum
965 2455 1052 2481 Senec.
1071 2451 1198 2479 Phoeniss.
1218 2458 1266 2484 171.

234 2504 361 2532 Fraudari
376 2501 467 2527 debito
482 2498 571 2525 Cic.in
582 2498 654 2523 Orat.
664 2500 716 2529 178.
772 2492 894 2519 Liberari
907 2490 998 2516 debito
1012 2489 1093 2520 vitae,
1113 2487 1266 2513 vid.VITA.

235 2539 402 2567 Pseudo-Cic.
422 2541 560 2568 antequam
572 2532 623 2558 iret
636 2531 663 2556 in
677 2529 737 2555 exii.
752 2537 766 2555 2
786 2526 862 2554 Fidei
875 2525 1008 2556 conducit,
1028 2525 1057 2550 in
1070 2524 1129 2549 loco
1147 2521 1267 2548 debitum

236 2575 400 2602 Retribucre.
471 2567 591 2596 Refldere
611 2566 639 2592 in
654 2564 750 2590 debitis
770 2563 878 2592 dicitur,
898 2560 963 2595 quod
980 2559 1086 2585 nondum
1100 2558 1207 2593 solutum
1225 2555 1267 2590 est.

236 2613 303 2645 Lege
316 2610 364 2636 vlt.
378 2605 443 2634 Cod.
459 2605 489 2631 dc
502 2602 590 2639 praed.
604 2602 687 2627 Senat.
705 2597 802 2624 Docuit
814 2603 858 2622 tua
870 2595 1016 2621 sublimitas
1031 2591 1269 2620 exactionem'rri-
1280 2598 1315 2625 70

236 2647 369 2673 hunorum
389 2644 495 2669 Senatus
514 2648 567 2665 nou
587 2637 654 2672 posse
673 2639 843 2663 concurrere,
861 2629 942 2660 adeo,
961 2634 989 2654 vt
1010 2630 1038 2653 in
1057 2628 1191 2654 nonnullis
1210 2635 1268 2661 pro-

236 2681 330 2708 vinciis
346 2677 464 2706 Senatori
484 2673 590 2702 canonis
608 2670 732 2697 medietas
752 2669 779 2694 in
792 2666 887 2692 debitis
910 2662 1044 2690 resederit.
1097 2662 1129 2687 Id
1141 2662 1204 2695 quod
1222 2671 1270 2687 vno

236 2720 331 2743 nomine
344 2717 468 2749 Reliquum
487 2711 589 2737 dicitur.
661 2703 780 2732 Reddere
797 2701 914 2727 debitum
927 2699 1060 2728 Naturae,
1079 2699 1097 2722 i.
1116 2698 1179 2723 mori
1199 2696 1268 2728 Nep.

238 2752 269 2778 de
278 2753 341 2786 Reg.
357 2760 375 2781 1,
390 2759 411 2782 ς.
466 2746 545 2774 Ειιιι.’
555 2753 593 2776 ιο,
606 2751 627 2776 ς,
642 2751 653 2774 3
669 2740 748 2767 Velut
760 2738 834 2765 omni
847 2736 917 2763 vitae
931 2733 1022 2759 debito
1035 2730 1169 2758 liberatus.
1215 2729 1269 2755 Sol-

235 2797 298 2814 vere
311 2786 389 2813 alicui
404 2783 522 2810 debitum
536 2781 591 2807 Cic.
606 2780 641 2812 Q
655 2778 722 2803 Frat.
737 2784 754 2805 ι,
769 2783 792 2800 2.
1278 2766 1309 2795 73

275 2830 292 2849 D
302 2829 317 2849 E
329 2828 343 2847 Β
356 2827 394 2847 ιΤ
403 2827 421 2846 O
431 2819 528 2846 R.(‘›ris.
537 2813 701 2842 m.Verbale.
716 2810 866 2844 [ὀφειλέτηῃ
881 2804 995 2841 xptos-755,
1006 2802 1146 2836 ὑπόχρεως]
1159 2799 1268 2834 Proprie

238 2859 289 2892 (vt
309 2856 469 2883 Modestinus
487 2853 544 2886 ait)
570 2851 591 2876 is
612 2848 729 2879 dicitur,
749 2854 762 2871 a
782 2853 835 2879 quo
854 2842 940 2868 inuito
960 2839 1031 2873 exigi
1050 2845 1158 2872 pecunia
1178 2834 1268 2870 potest.

238 2894 310 2920 Fecit
323 2892 413 2918 eadem
426 2889 531 2920 omnia,
546 2895 611 2921 quae
625 2883 706 2910 nostri
721 2881 852 2907 debitores
866 2877 948 2903 solent
962 2876 1017 2902 Cic.
1031 2882 1079 2908 pro
1093 2873 1184 2899 Flacco
1198 2880 1218 2896 c.
1228 2879 1269 2896 20.

238 2929 305 2957 Plin.
321 2929 410 2961 Pancg.
427 2934 456 2958 43
484 2925 554 2950 Nam
573 2919 767 2948 liberalitatem
780 2912 964 2942 iucundiorem
981 2910 1086 2936 debitor
1099 2914 1202 2943 gratus,
1221 2906 1270 2931 cla-

239 2965 338 2991 rior-cm
359 2964 472 2996 ingratus
492 2959 563 2985 facit.
634 2956 711 2981 Mart.
733 2961 754 2985 3,
774 2960 799 2983 31
822 2951 852 2976 Et
873 2948 953 2974 seruit
974 2945 1097 2971 dominae
1116 2942 1269 2969 numerosus
1280 2944 1311 2970 80

240 2999 345 3026 debitor
358 3006 440 3024 arcae.
478 2995 509 3021 Id
522 2992 553 3027 est
573 2992 645 3018 multi
663 2989 789 3015 debitores.
861 2983 935 3010 Aeris
956 2981 1061 3008 debitor
1080 2981 1173 3005 Horat.
1186 2978 1235 3003 Sat.
1251 2985 1271 3008 1,

241 3044 266 3067 2,
280 3037 320 3064 86.
389 3031 489 3058 Leuior
510 3030 583 3064 plaga
601 3026 633 3053 ab
646 3026 748 3055 amico,
768 3030 845 3057 quam
865 3029 879 3045 a
902 3018 1021 3044 debitore
1037 3015 1092 3042 Cic.
1106 3015 1176 3040 Fam.
1190 3021 1216 3045 9,
1236 3014 1271 3037 16.

241 3070 311 3096 ldem
330 3069 357 3095 in
370 3068 454 3095 Pison.
468 3068 498 3095 36
520 3066 597 3091 Vltro
612 3060 745 3088 Fufidium
754 3057 874 3092 Equitem
889 3055 1035 3080 Romanum
1050 3050 1183 3076 hominem
1197 3055 1272 3074 orna-

242 3105 362 3131 tissimum
386 3102 543 3129 creditorem
567 3095 733 3124 debitoribus
755 3091 886 3120 addixisti.
964 3086 1138 3114 Debitoribus
1162 3083 1272 3110 creditas

243 3140 361 3174 pecunias
376 3137 525 3165 condonare
541 3135 596 3161 Cic.
610 3132 662 3159 Off.
677 3140 701 3163 2,
715 3135 757 3165 78.
828 3125 969 3153 Dimittere
984 3123 1148 3153 debitorem,
1163 3127 1212 3154 pro
1227 3120 1271 3144 Re·
1282 3120 1310 3148 85

242 3178 337 3201 mittere
356 3175 475 3203 debitum,
495 3178 517 3197 ct
537 3170 722 3203 acceptilatione
742 3164 871 3190 debitorem
890 3161 1003 3188 libcrarc.
1039 3157 1145 3191 leian.
1165 3156 1182 3181 l.
1201 3163 1218 3187 4
1239 3155 1272 3180 D.

245 3209 276 3235 de
291 3209 384 3235 decret.
403 3209 434 3235 ab
448 3206 535 3234 ordin.
549 3203 659 3232 faciend.
680 3200 826 3228 Ambitiosa
847 3197 948 3223 decreta
967 3193 1138 3220 decurionum
1159 3188 1272 3217 rescindi

246 3244 354 3275 debent,
374 3244 423 3269 sinc
437 3244 550 3277 aliquem
565 3239 713 3266 debitorem
727 3233 891 3265 dimiserint,
910 3231 961 3257 siue
976 3228 1063 3262 largiti
1077 3228 1132 3253 tint.
1190 3227 1271 3251 Inter-

246 3279 340 3313 pellare
354 3278 514 3310 debitorem,
540 3276 593 3303 vid.
614 3278 821 3301 lNTERPIJLIO.
890 3268 1030 3300 Perpetuus
1050 3264 1152 3289 animae
1166 3260 1272 3287 debitor

247 3313 327 3340 Ouid.
342 3313 426 3338 'fx-ist.
442 3322 460 3344 1,
476 3321 496 3345 ς,
511 3322 547 3339 10.
619 3310 695 3335 Vitae
710 3307 814 3334 debitor
830 3304 904 3330 Idem
915 3311 945 3328 ex
960 3302 1042 3327 Ponto
1056 3308 1083 3332 4,
1100 3307 1118 3330 1,
1135 3294 1159 3324 2?

283 3355 300 3375 D
310 3356 324 3374 E
335 3355 349 3374 Β
359 3346 369 3373 ἲ
381 3355 401 3373 Τ
411 3348 550 3376 R1x,icis.
563 3347 582 3373 f.
604 3343 725 3371 Verbale.
746 3344 758 3376 [
771 3339 910 3374 ὀφειλέτις]
950 3336 1054 3370 leian.
1068 3335 1094 3360 in
1110 3334 1127 3359 l.
1141 3330 1270 3365 Quamuis

247 3383 364 3417 pignoris
378 3382 449 3408 datio
466 3382 498 3407 D.
516 3382 547 3407 ad
558 3380 734 3408 Senatuscons.
747 3377 877 3403 Velleian.
896 3372 973 3407 Qiaii
994 3370 1109 3397 debitrix
1129 3367 1270 3401 delegetur.

248 3418 325 3444 Paull.
339 3416 396 3443 eod.
414 3417 453 3442 tit.
474 3417 490 3441 1.
510 3415 621 3443 debitrix
647 3415 751 3442 mulier.
812 3409 976 3438 Tertullian.
996 3406 1027 3432 de
1046 3405 1133 3431 anima
1153 3413 1173 3429 c.
1194 3410 1220 3435 33
1245 3402 1272 3427 Si

248 3453 366 3479 omnium
388 3452 533 3477 facinorum
553 3450 667 3478 debitrix
687 3450 774 3477 anima
793 3447 837 3474 est.
893 3443 966 3480 Conf.
985 3442 1095 3468 Hieron.
1111 3440 1155 3473 Ep.
1172 3447 1214 3471 ¹50
1239 3436 1272 3463 ad

248 3487 389 3515 Hcdibiam
406 3489 458 3519 Qi.
473 3494 491 3510 1.

286 3529 304 3548 Ι)
314 3529 328 3548 Ε
339 3528 416 3548 131‘1'1
430 3528 461 3552 0,
475 3520 541 3545 (mis.
555 3519 574 3544 f.
593 3519 710 3546 Vcrbale.

250 3559 303 3584 ΛΠ·
321 3566 359 3589 14,
376 3565 398 3587 13
424 3556 537 3588 (Qiiflffls
550 3558 636 3579 autem
652 3554 682 3579 dc
695 3553 805 3581 emendo
817 3551 885 3578 nihil
898 3555 970 3576 curat
988 3548 1039 3574 hoc
1056 3553 1190 3580 tempore:
1212 3544 1275 3569 satis

249 3594 320 3620 enim
340 3598 477 3630 “3¹“llleffll'
495 3588 629 3614 debi‘iffl‘k'
648 3587 724 3613 dotis.
761 3587 834 3615 Fabio
851 3590 912 3614 enim
932 3585 1039 3611 diuortio
1058 3591 1111 3607 cum
1125 3582 1274 3615 Pomponia,

250 3630 439 3661 Atfssijfflvrt',
459 3625 534 3650 dotem
549 3623 646 3662 (edile-rt·
659 3625 691 3656 Q
705 3624 784 3649 Cicero
799 3623 936 3660 cogebatur.
978 3621 1018 3647 Sic
1032 3617 1096 3652 apud
1110 3616 1204 3642 etmdcm
1226 3623 1273 3648 pro

249 3664 343 3725 glziltlico
364 3663 394 3689 68
425 3669 445 3686 c.
467 3664 496 3689 28
527 3658 658 3684 Dulunilis
679 3658 713 3683 est
734 3659 856 3691 pecuniae
882 3655 985 3683 debitio
1007 3659 1032 3680 et
1052 3652 1157 3687 gratiae.

274 3707 287 3724 e
311 3717 316 3722 .
337 3706 362 3727 1,
381 3704 406 3727 4.

288 3730 442 3758 nrznino.
466 3728 583 3753 solima

288 3764 393 3794 ιιιῑιιῖι
412 3772 454 3793 15³,
476 3773 498 3789 c.
536 3762 595 3788 Adi.

251 3809 351 3836 captus,
369 3800 483 3835 indit-mur
499 3808 513 3824 a
528 3797 621 3827 morbo,
635 3803 679 3822 etc.

253 3838 351 3863 debilia
364 3836 429 3861 sunt.

731 3516 855 3553 [ὄφειλὴ]
875 3515 941 3542 Idem
954 3512 1018 3549 quod
1026 3510 1138 3538 debitum.
1176 3508 1229 3535 Cic.
1240 3506 1272 3534 ad

603 3728 723 3766 Quorum
737 3726 846 3752 alterum
861 3726 877 3751 si
891 3726 1004 3753 ouillum
1019 3732 1093 3759 pecus
1106 3720 1221 3749 debibat‚
1231 3726 1276 3746 etc.

632 3760 752 3794 [milevim
769 3760 838 3795 πηρός
861 3761 872 3793 ]
909 3761 1053 3790 ΙΙηόεεὶΙΙὶΙ,
1072 3757 1173 3783 membro
1193 3757 1276 3790 aliquo

726 3796 791 3821 Ter.
806 3794 914 3828 Adelph.
928 3804 960 3827 4,
980 3804 1006 3828 ς,
1024 3804 1036 3827 3
1063 3792 1182 3820 Membra
1201 3798 1274 3817 metu

1281 467 1432 497 iodcbilior
1452 465 1524 491 Idem
1538 465 1605 491 Hist.
1623 473 1651 497 4,
1670 466 1711 495 62,
1730 465 1753 490 6.

1274 646 1368 677 ‘13219.

575 1543 630 1571 Art.
643 1552 674 1576 43
703 1539 834 1567 Debentia
854 1536 924 1568 dici,
947 1544 1006 1571 quae
1022 1533 1105 1560 debent
1130 1532 1198 1566 dici,
1224 1532 1262 1557 di·
1273 1539 1310 1563 40

828 1713 984 1749 scripserim,
1004 1711 1125 1738 debitum
1138 1709 1194 1735 eius
1208 1709 1263 1734 vir·
1272 1713 1305 1740 45

450 2254 516 2282 [dem
529 2251 652 2279 interdum
670 2259 698 2275 ac
715 2246 855 2280 destinatus.
890 2243 960 2276 Sulp.
976 2242 1064 2268 Seuer.
1079 2239 1146 2266 Hist.
1161 2239 1229 2265 Sacr.
1245 2247 1265 2270 1,
1277 2239 1311 2263 60

1214 3649 1272 3677 istd.
1284 3659 1330 3676 100
1337 3649 1412 3674 sticns
1432 3646 1546 3673 concinit
1564 3655 1622 3673 vna.

483 3834 537 3859 Cic.
552 3833 578 3858 in
592 3831 669 3858 Catil.
684 3838 705 3862 3,
719 3838 729 3861 3
748 3830 867 3857 Infirmos
881 3829 932 3855 fine
944 3830 990 3856 illo
1004 3840 1032 3857 ac
1044 3828 1143 3856 debiles
1156 3828 1214 3854 fore
1227 3835 1272 3860 pu·
1285 3831 1328 3856 [ος

1718 61 1763 123 1)ι
1839 60 1873 101 E
1963 59 1991 98 B
2291 58 2335 95 16

1310 152 1406 178 tabam.
1478 147 1619 174 imbecillis
1635 156 1662 173 ac
1678 145 1771 172 debilis
1785 149 1858 174 senex
1873 148 1928 174 Cic.
1943 156 1992 182 pro
2004 147 2092 174 Sextio
2105 156 2137 181 ²4
2155 157 2176 173 c.
2190 156 2226 173 10.
2280 144 2337 170 Hu-

1312 196 1403 218 mer0,
1421 184 1534 214 lumbis,
1559 191 1622 208 coxa
1639 182 1734 208 debilis
1754 183 1842 209 quen.
1856 184 1905 209 Sat.
1928 192 1972 214 10,
1990 191 2044 216 227.
2115 183 2236 209 Debilem
2257 180 2338 206 facito

1312 231 1408 261 manu,
1431 219 1545 259 debilem
1566 217 1646 252 pede,
1674 226 1737 243 coxa
1754 218 1886 244 Maecenas
1905 227 1944 254 ap.
1958 219 2015 244 Seu.
2030 219 2075 251 Ep.
2096 227 2145 244 101.
2215 216 2265 242 Hic
2285 214 2338 240 fuit

1312 256 1408 283 debilis
1429 254 1538 289 pedibus
1556 253 1728 287 manibusque
1747 252 1915 280 articulorum
1934 253 2026 280 dolore
2046 253 2138 279 Victor
2152 254 2208 279 Iun.
2224 251 2255 277 de
2269 251 2339 276 Con-

1313 292 1400 331 stante.
1472 290 1597 328 Lapsante
1620 288 1726 314 claudus
1745 287 1843 322 poplite
1862 286 2008 323 Femur-quc
2029 288 2114 314 victus
2136 287 2223 314 debile
2241 286 2339 319 Culpae

1313 334 1432 360 vigorem
1446 323 1562 359 perdidit
1577 323 1652 365 Prud.
1668 325 1763 355 Hymu.
1779 332 1800 353 ε,
1815 328 1853 356 78.
1876 325 1892 348 ι’.
1904 325 2028 355 luxatum,
2050 323 2078 348 dc
2092 323 2182 349 [acoho.
2217 321 2285 349 Adel.
2300 319 2338 346 ld-

1316 361 1410 400 Apotnh.
1429 370 1454 386 v.
1469 367 1541 398 1079.
1613 360 1721 385 Ferrum
1736 358 1831 393 Virgil.
1843 358 1905 384 Aen.
1915 367 1950 391 12,
1963 369 2001 392 50.
2056 359 2163 384 Mantus
2176 363 2201 383 et
2213 355 2340 383 membris

1315 396 1438 441 omnibus
1463 401 1549 429 captus
1569 402 1598 420 ac
1617 393 1712 419 debilis
1735 394 1791 420 Cic.
1811 402 1858 428 pro
1880 392 1990 421 Rabirio
2011 402 2037 421 21
2065 403 2086 419 c.
2100 401 2125 426 7.
2183 394 2223 419 Ira
2245 391 2340 418 debilis

1326 433 1407 459 racn.
1421 432 1486 456 Anu.
1502 439 1534 463 13,
1550 439 1585 463 14,
1599 437 1610 461 ς
1631 429 1743 455 Burrhus
1754 430 1862 460 dicitur,
1876 431 1917 463 qui
1929 434 2016 456 trunca
2030 438 2108 456 manu
2122 434 2183 454 crat.
2218 427 2340 461 ingenio

1554 501 1558 505 η
1823 464 1877 490 Cic.
1897 472 1944 497 pro
1963 464 2019 490 Mil.
2034 473 2064 497 25
2087 475 2107 490 t.
2130 472 2145 496 9
2170 462 2341 493 Occurrebat,

1317 512 1434 530 mancam
1452 510 1479 527 ac
1500 500 1616 526 debilem
1636 501 1783 525 Praeturam
1802 500 1872 525 suam
1893 500 2007 525 futuram
2025 498 2138 527 Consiste
2159 497 2269 525 Milone.
2306 499 2341 522 De

1316 539 1407 565 Clodio.
1449 572 1457 576 .
1479 537 1598 565 Maneat,
1617 534 1659 561 τὲς
1672 535 1764 559 κυλλὲς
1783 535 1875 561 Matth.
1891 543 1924 566 ις,
1937 543 1966 565 33
1995 535 2099 569 Vulgata
2111 533 2222 561 reddidit
2235 532 2342 558 debiles

1316 574 1388 609 Confi
1405 572 1535 608 Cathbon.
1549 578 1571 597 et
1584 572 1643 597 Bcz.
1670 573 1700 595 it.
1716 570 1785 608 Grot.
1840 569 1935 596 Debile
1952 576 1975 595 et
1991 569 2123 602 Firmum,
2142 571 2270 595 conti-urfa
2288 567 2343 593 Cic.

1316 619 1365 644 pro
1379 609 1499 649 Muraen.
1516 615 1548 639 51.
1610 604 1720 645 ,Demlss
1738 604 1828 637 al1qua
1846 611 1917 638 parte
1935 605 2017 631 animi
2037 603 2108 630 Idem
2126 604 2157 630 de
2169 604 2253 630 Claris
2270 603 2343 632 Orat.

1406 679 1410 683 .
1425 646 1506 683 benex
1517 648 1542 668 et
1557 639 1651 667 debilis
1667 641 1722 666 Cic.
1734 639 1847 673 Philipp.
1862 645 1884 669 8.
1955 641 2013 666 Pars
2031 648 2081 666 vua
2101 646 2216 666 maneret
2229 638 2345 664 debilior

1317 678 1455 719 claudian.
1470 688 1497 704 m
1510 677 1577 717 Ruff.
1593 685 1612 716 ι,
1626 684 1678 710 317.
1743 675 1826 714 'Sexus
1841 673 1955 702 debilior
1971 675 2043 702 Idem
2057 674 2143 709 Epigr.
2155 684 2199 708 42.
2268 673 2344 699 Vires

1318 721 1439 755 equitum
1457 713 1555 753 debiles
1573 712 1628 738 Cic.
1643 720 1691 745 pro
1710 710 1768 750 Mil.
1787 717 1827 743 95.
1897 710 1995 737 Blando
2015 710 2098 739 solem
2117 709 2237 744 clangore
2255 709 2346 735 salutat

1319 750 1443 777 Debilior
1458 748 1594 776 Claudian.
1608 746 1640 772 de
1654 746 1783 772 Phoenice
1802 755 1827 771 v.
1842 751 1884 778 43.

1355 792 1397 812 DE
1408 783 1517 812 B1LfT
1528 790 1561 811 O.
1580 787 1633 809 dre.
1670 780 1791 814 [ιῖἑὶενόω,
1809 778 1949 813 ἕξοιῧενῖζω,
1965 779 2101 815 οἷμςνηνᾶω]
2137 779 2346 815 chllfi'mfact'rt'.

1128 825 1195 851 Sext.
1210 832 1255 857 47.
1267 827 1301 844 20
1319 822 1374 855 Qii
1385 821 1470 847 filium
1484 818 1635 845 debilitauit
1649 816 1751 843 deleeiu
1765 825 1811 850 per
1824 815 1922 842 bellum
1937 814 2047 848 indicio,
2057 823 2083 842 vt
2100 815 2223 842 inhabilis
2236 815 2349 840 militiae

1319 856 1350 882 fit
1367 857 1385 883 l.
1398 866 1416 890 4
1434 854 1456 892 §.
1472 864 1496 882 12
1517 856 1549 881 1).
1567 853 1599 879 de
1612 861 1641 879 re
1653 852 1734 878 milit.
1769 852 1842 886 Conf.
1857 852 1940 877 Cuiac.
1954 850 2019 883 Obffi
2035 858 2069 883 ις,
2083 860 2127 884 40.
2162 852 2268 877 Sueten.
2284 851 2350 883 Aug.

1318 901 1340 933 c.
1355 900 1395 924 24.
1418 900 1441 917 et
1454 891 1527 927 infra
1540 890 1655 916 Murcus.
1692 889 1743 914 Hic
1750 896 1806 923 ergo
1819 887 1946 912 debilitare
1958 884 1990 919 est
2003 886 2105 912 membro
2116 893 2188 921 ruPto
2201 887 2240 912 uel
2251 884 2349 920 absczjsffi

1319 927 1449 953 mhahilem
1461 928 1566 952 militm
1573 924 1670 960 facere.
1744 923 1798 949 Cic.
1807 922 1838 948 de
1846 921 1952 948 Amicit.
1973 941 1978 947 .
2001 940 2007 946 .
2028 921 2084 947 Nec
2097 921 2230 948 debilitari
2237 922 2351 952 animos,

1319 968 1363 988 aut
1382 961 1473 1002 cadere
1493 961 1598 996 patitur.
1670 959 1715 993 Me
1734 957 1813 984 dolor
1832 955 1969 988 debilitat,
1986 956 2148 991 includitque
2168 965 2260 983 vocem
2278 955 2352 983 Idem

1320 1005 1368 1032 pro
1384 997 1473 1037 Rabir.
1490 996 1561 1037 Post..
1568 993 1672 1034 suhflss:
1687 994 1704 1020 s.
1718 999 1760 1027 48.
1830 991 1910 1019 Ouid.
1925 992 2010 1018 Trist.
2023 1000 2048 1024 z,
2063 1000 2103 1024 333
2124 993 2156 1019 At
2173 992 2190 1018 fi
2205 1001 2246 1018 me
2260 991 2351 1018 iubeas

1321 1032 1437 1059 domitos
1457 1034 1528 1059 Iouis
1555 1039 1614 1065 igne
1635 1031 1759 1063 Gigantes
1802 1028 1896 1054 Dicere
1910 1039 1916 1054 z
1949 1034 2086 1054 conantem
2110 1027 2260 1054 debilitabit
2278 1036 2353 1055 onus.

1320 1067 1442 1108 Membra
1454 1067 1594 1094 debilitant
1608 1065 1755 1100 lapidibus,
1772 1063 1899 1096 fustibus,
1917 1063 1989 1089 ferro
2002 1064 2057 1090 Cic.
2072 1072 2120 1097 pro
2133 1063 2224 1089 Flacco
2239 1071 2278 1097 73.
2313 1061 2352 1088 [d.

1321 1112 1369 1143 pro
1382 1104 1470 1143 Deiot'.
1482 1111 1500 1143 7
1520 1104 1594 1136 Qiae
1609 1101 1734 1136 quoniam
1747 1099 1896 1134 angustiora
1907 1098 2024 1131 faciunt,
2041 1099 2172 1134 Aetioque
2191 1099 2280 1124 causae
2299 1106 2353 1123 ma-

1320 1147 1392 1166 xime
1406 1138 1559 1179 debilitatur
1573 1138 1647 1167 loco,
1667 1142 1756 1168 tuum,
1775 1142 1819 1162 etc.
1891 1135 2015 1168 Afliigunt
2034 1135 2152 1166 animos,
2171 1139 2197 1160 et
2216 1132 2354 1159 debilitant

1321 1180 1393 1201 metu
1408 1175 1464 1200 Cic.
1478 1173 1589 1200 Tuscul.
1603 1182 1621 1206 4
1631 1181 1652 1198 c.
1663 1179 1695 1204 ις.
1767 1169 1909 1197 Audaciam
1922 1170 2032 1196 alicuius
2047 1169 2187 1196 debilitare
2199 1175 2225 1195 et
2242 1169 2356 1202 compri-

1320 1219 1393 1237 mere
1412 1209 1485 1250 Idem
1507 1217 1554 1243 pro
1569 1209 1708 1248 Muraena.
1785 1206 1964 1232 Debilitantur
1987 1205 2157 1239 cogitationes
2183 1205 2355 1230 inimicorum

1321 1251 1347 1272 et
1362 1244 1531 1284 proditorum
1545 1245 1600 1270 Cic.
1613 1244 1685 1269 Fam.
1700 1251 1720 1274 1,
1734 1244 1758 1268 6.
1827 1240 1900 1267 Idem
1913 1240 2026 1275 Philipp.
2034 1245 2058 1272 8,
2072 1251 2091 1275 4
2107 1241 2250 1267 Consensus
2265 1239 2356 1273 repul.

1322 1282 1434 1308 Roman.
1452 1289 1499 1314 qui
1518 1288 1570 1305 1am
1584 1277 1715 1318 descendit
1730 1278 1758 1303 in
1771 1277 1888 1309 causam,
1908 1276 1927 1303 fi
1945 1285 1992 1302 nos
2010 1276 2215 1310 languescimus,
2235 1275 2356 1301 debilite-

1323 1322 1366 1357 tur
1379 1317 1476 1343 necesse
1488 1315 1532 1342 est.
1575 1349 1580 1354 Ι
1603 1315 1659 1340 Cic.
1674 1322 1702 1339 m
1709 1312 1797 1339 Vatin.
1813 1320 1841 1346 17
1860 1313 1934 1346 Qiae
1948 1312 2017 1346 leges
2029 1313 2103 1346 saepe
2114 1320 2226 1338 numero
2244 1308 2364 1337 tribuni?

1322 1361 1376 1392 cios
1389 1352 1492 1378 furores
1500 1349 1672 1377 debilitarunt
1687 1353 1712 1374 et
1724 1349 1904 1382 represserunt.
1973 1347 2058 1374 Dolor
2070 1347 2222 1382 patientiam
2236 1345 2359 1372 debilitat

1318 1388 1380 1414 Cic.
1394 1387 1504 1413 Tuscul.
1518 1394 1540 1419 5,
1555 1387 1600 1425 7⁶:
1672 1383 1799 1410 Debilitat
1817 1384 1834 1417 s
1848 1391 1889 1409 em
1908 1391 1994 1409 meam
2013 1389 2058 1409 tua
2075 1382 2208 1417 proseffio
2230 1381 2302 1408 Idem
2323 1381 2355 1407 ad

1324 1425 1378 1465 Att.
1394 1430 1417 1455 ς,
1432 1431 1459 1456 4.
1528 1420 1619 1447 Studia
1634 1419 1780 1446 amicorum
1794 1418 1824 1444 de
1846 1419 1934 1445 ilitare
1947 1419 2003 1445 Cic.
2017 1428 2066 1452 pro
2080 1419 2198 1445 Muraen.
2211 1426 2252 1451 43.
2280 1417 2312 1444 ld
2325 1415 2358 1450 cst

1322 1467 1437 1498 minuere.
1507 1456 1580 1482 Idem
1592 1464 1640 1490 pro
1654 1454 1770 1494 Marcell.
1785 1459 1798 1484 8
1816 1463 1837 1480 c.
1852 1463 1864 1486 3
1887 1454 2011 1481 Nullaest
2023 1455 2172 1481 enimtanta
2184 1453 2308 1483 vis,tanta
2316 1461 2358 1478 co-

1323 1502 1377 1533 pia,
1385 1501 1451 1532 quae
1459 1501 1514 1518 non
1521 1492 1594 1518 ferro
1602 1499 1630 1517 ac
1638 1489 1740 1530 viribus
1750 1489 1884 1516 debilitari
1892 1490 2031 1523 frangique
2038 1489 2120 1524 possit.
2154 1488 2360 1519 Debilitat,vires

1325 1537 1409 1568 animi
1417 1528 1588 1566 V11·g.Aen.9,
1598 1528 1648 1552 611.
1660 1560 1665 1565 .
1678 1524 1826 1557 Cic.l·'hil.5,
1835 1534 1852 1557 4
1872 1526 1967 1551 Vtrum
1976 1524 2026 1551 hoc
2035 1525 2069 1551 cst
2077 1524 2232 1551 confirmare
2241 1523 2360 1550 militum

1324 1571 1477 1603 animosQan
1486 1561 1624 1601 debilitare
1631 1562 1765 1586 Virtutem
1774 1559 1844 1585 Idem
1854 1568 1901 1593 pro
1908 1560 2001 1586 Caelio
2009 1563 2043 1586 60
2051 1561 2098 1587 Sed
2106 1561 2176 1589 enim
2184 1559 2246 1586 haec
2254 1559 2323 1585 faeta
2331 1559 2361 1584 il-
2375 1552 2377 1556 ’

1326 1599 1377 1624 lius
1384 1596 1515 1624 clariffimi
1522 1605 1550 1622 ac
1558 1594 1690 1621 sortissimi
1697 1595 1751 1620 viri
1757 1595 1858 1620 mentio
1866 1601 1891 1620 et
1898 1596 1997 1621 Vocem
2003 1605 2090 1622 meam
2098 1596 2160 1621 fletu
2168 1594 2319 1620 debilitauit
2337 1599 2363 1619 et

1326 1639 1440 1660 mentem
1447 1631 1541 1671 dolore
1548 1629 1699 1670 impediiiit.
1733 1627 1884 1659 Debilitati,
1888 1630 1979 1663 paffiue
1987 1640 1994 1653 :
2001 1630 2182 1659 vt‚chilitari
2190 1614 2362 1655 morbo‘Cdls.

1326 1677 1347 1700 1,
1363 1673 1384 1698 8.
1440 1668 1496 1693 Cic.
1511 1666 1543 1692 de
1557 1667 1659 1704 Fin.,z,
1681 1684 1687 1690 .
1714 1683 1720 1689 .
1744 1664 1841 1703 Turpe
1856 1666 1903 1690 effe
1917 1665 1978 1691 viro
1995 1664 2139 1695 debilitari,
2153 1663 2243 1690 dolere
2265 1664 2350 1698 frangi

1326 1702 1513 1744 succumbere.⁴
1571 1699 1677 1726 Inuidia
1691 1698 1825 1724 debilitari
1842 1699 1932 1733 Nepos
1947 1708 1986 1731 23,
2001 1708 2022 1731 1,
2034 1708 2058 1727 2.
2128 1699 2226 1733 Frangi
2245 1684 2271 1725 iet
2288 1683 2364 1725 debis

1326 1740 1399 1766 litari
1412 1736 1531 1781 molestia
1548 1745 1602 1762 non
1620 1739 1724 1774 oportet
1743 1734 1797 1760 Cic.
1813 1735 1851 1767 Q
1863 1735 1945 1761 Fratr.
1962 1743 1982 1767 1,
1997 1743 2016 1760 1.
2088 1733 2224 1760 Debilitor
2240 1733 2362 1766 lacrymis

1325 1775 1398 1802 Idem
1412 1775 1483 1800 ram.
1498 1781 1537 1812 14,
1552 1780 1573 1804 3.
1644 1771 1699 1796 Cic.
1711 1768 1742 1797 de
1756 1770 1830 1795 Orat.
1847 1778 1865 1799 1,
1877 1778 1912 1804 24
1935 1769 2064 1804 Drufique
2078 1769 2246 1796 Tribunatus
2259 1774 2308 1803 pro
2321 1769 2363 1795 Se-

1325 1817 1400 1837 natus
1419 1808 1579 1845 auctorita-te
1594 1806 1737 1839 susceptuS,
1756 1805 1870 1838 infringi
1884 1805 1937 1831 iam
1952 1815 1981 1832 ac
1994 1805 2131 1831 debilitari
2146 1804 2291 1831 videretur.

1363 1853 1381 1872 D
1391 1852 1407 1871 E
1418 1851 1432 1870 Β
1442 1852 1451 1870 1
1461 1850 1494 1882 Li
1504 1849 1525 1868 T
1535 1849 1556 1867 A
1566 1849 1587 1868 T
1596 1849 1616 1868 v
1625 1848 1637 1867 s
1647 1860 1665 1880 ,·
1686 1849 1700 1866 a
1708 1862 1717 1874 ‚
1743 1849 1797 1866 um.
1834 1841 1927 1866 Partic.
1964 1840 2084 1873 [1133erst
2104 1840 2264 1874 ἤᾶενωμένυς]
2312 1840 2347 1867 Vt

1325 1881 1356 1906 In
1369 1880 1422 1919 hoc
1432 1877 1537 1904 ludicro
1550 1878 1580 1904 C.
1593 1877 1715 1903 Nomum
1726 1876 1893 1909 Asprenatem
1904 1876 1977 1910 lapsu
1989 1875 2159 1901 debilitatum
2172 1884 2254 1902 aureo
2268 1859 2363 1910 torque,

1324 1915 1435 1942 donauit
1456 1914 1561 1940 Sueton.
1576 1911 1690 1951 August..
1702 1920 1723 1937 c.
1745 1919 1784 1944 43.
1854 1911 1934 1938 Illum
1948 1911 2115 1937 debilitatum
2130 1911 2241 1938 vulnere
2260 1911 2364 1938 iacuisse

1325 1953 1406 1991 Curt.¹
1416 1955 1439 1982 8,
1455 1959 1474 1981 1,
1488 1957 1531 1982 24.
1603 1945 1761 1974 Debilitatus
1774 1946 1868 1980 stupris
1889 1947 1944 1973 Cic.
1957 1947 1986 1973 in
2000 1946 2076 1974 Catil.
2089 1955 2114 1978 2,
2128 1955 2164 1972 10.
2234 1947 2355 1973 Afflictus

1326 1986 1478 2026 debilitatus
1491 1989 1610 2011 moerens
1625 1983 1697 2009 Idem
1712 1981 1744 2008 de
1757 1982 1831 2008 Orat.
1844 1990 1871 2014 2,
1887 1990 1938 2014 195.
2010 1983 2039 2007 Et
2053 1982 2131 2007 Catil.
2144 1990 2167 2014 3,
2182 1990 2211 2008 ιο
2238 1967 2364 2009 Recitatis

1326 2021 1421 2053 literis,
1435 2020 1587 2060 debilitatus
1600 2025 1679 2053 atque
1692 2017 1818 2049 abieciuS,
1833 2016 1990 2043 conscientia
2004 2023 2111 2051 repente
2124 2018 2261 2044 conticuit.
2307 2019 2364 2045 Cic.

1327 2058 1409 2097 Bruto
1424 2065 1450 2089 9,
1464 2065 1476 2087 3
1495 2057 1608 2082 Minime
1626 2055 1714 2085 decet,
1734 2059 1842 2087 propter
1861 2061 1940 2086 quem
1970 2052 2098 2078 fortiores
2130 2053 2239 2079 caeteris
2268 2054 2355 2080 sumus

1327 2101 1388 2119 eum
1400 2093 1484 2126 ipsum
1498 2091 1596 2117 Animo
1610 2089 1775 2115 debilitatum
1788 2087 1885 2114 videri.
1957 2087 2030 2114 Idem
2044 2088 2072 2113 in
2085 2088 2158 2114 Orat.
2172 2096 2185 2120 3
2208 2089 2310 2115 Vereor
2321 2073 2364 2116 ne.

1328 2135 1373 2154 etc.
1397 2127 1501 2154 tandem
1513 2126 1596 2153 studia
1608 2125 1768 2166 multorum,
1785 2124 1833 2158 qui
1848 2123 2036 2158 Desperatione
2049 2122 2190 2155 debilitati,
2207 2124 2322 2159 experiri
2336 2109 2366 2151 ici

1327 2164 1444 2203 nolent,¹
1456 2162 1527 2197 quod
1541 2163 1566 2188 se
1580 2161 1676 2195 assequi
1688 2160 1756 2194 posse
1770 2158 1896 2185 diffidant.
1967 2159 2062 2185 Multis
2075 2159 2231 2185 vulneribus
2245 2160 2354 2194 acceptis

1329 2209 1358 2226 ac
1384 2199 1524 2239 debilitato
1539 2205 1649 2231 corpore
1663 2202 1688 2222 et
1701 2194 1897 2226 contrucidato,
1916 2194 1942 2220 se
1956 2193 2051 2221 abiecit
2064 2195 2227 2222 exanimatus
2245 2196 2302 2222 Cic.
2316 2180 2366 2230 ρης

1330 2236 1420 2261 Sextio
1434 2242 1477 2269 79.
1535 2232 1656 2273 *Fractus
1669 2240 1696 2257 ac
1708 2229 1860 2258 debilitatus
1875 2235 1946 2256 metu
1959 2229 2032 2256 Idem
2045 2229 2076 2255 de
2090 2231 2163 2256 Orat.
2178 2238 2204 2263 1,
2219 2239 2269 2257 122.
2324 2232 2366 2257 In-

1331 2278 1430 2296 ermem
1443 2276 1469 2296 et
1482 2268 1649 2294 debilitatum
1663 2267 1779 2300 aliquem
1792 2266 1942 2300 opprimere
1955 2265 2009 2292 Cic.
2019 2274 2068 2299 pro
2083 2266 2202 2292 Muracn.
2273 2266 2367 2293 Victus

1330 2311 1356 2332 et
1375 2305 1526 2346 debilitatus
1545 2303 1650 2330 obieeta
1665 2302 1748 2336 specie
1766 2301 1907 2335 voluptatis
1927 2301 1999 2328 Idem
2016 2301 2047 2327 de
2061 2302 2118 2328 Fin.
2134 2310 2159 2334 1,
2173 2309 2218 2336 47.
2288 2304 2319 2329 Et
2338 2302 2368 2329 in

1331 2341 1409 2367 Catll.
1423 2349 1449 2372 2,
1464 2349 1493 2372 14
1519 2340 1597 2367 Nunc
1617 2338 1633 2364 si
1652 2338 1681 2364 L.
1695 2337 1811 2364 Catilina
1829 2336 1967 2367 Consiliis,
1986 2336 2139 2370 laboribus,
2158 2337 2281 2371 periculis
2299 2338 2367 2364 meis

1331 2376 1515 2416 circumclusus
1530 2384 1558 2401 ac
1571 2374 1722 2400 debilitatus
1731 2393 1738 2405 ,
1757 2373 1844 2399 subito
1855 2372 2038 2407 pertimuerit,
2056 2378 2100 2398 etc.
2170 2372 2271 2400 Ciuitas
2284 2373 2369 2400 fracta

1330 2412 1421 2443 malis,
1443 2416 1530 2441 muta,
1551 2410 1701 2439 debilitata,
1719 2408 1820 2434 abiecta
1834 2414 1905 2434 metu
1921 2407 1976 2434 Cic.
1992 2417 2040 2442 pro
2052 2408 2140 2434 Domo
2153 2408 2198 2434 sua
2211 2415 2241 2441 25
2293 2408 2368 2436 Idem

1332 2455 1380 2482 pro
1395 2447 1482 2486 Domo
1496 2446 1539 2470 sua
1552 2453 1588 2478 40
1612 2445 1642 2469 In
1662 2449 1708 2469 tuo
1720 2443 1909 2476 Praecipitante
1928 2443 1982 2469 iam
2001 2448 2027 2468 et
2046 2442 2186 2468 debilitato
2201 2443 2358 2470 Tribunatu

1332 2483 1508 2522 auspiciorum
1524 2486 1648 2513 patronus
1661 2478 1749 2504 subito
1761 2477 1889 2504 exstitisti.
1958 2477 2006 2502 Illa
2025 2478 2213 2511 naufragorum
2236 2478 2320 2504 eiecta
2339 2463 2369 2504 ad

1332 2517 1469 2544 debilitata
1482 2524 1572 2541 manus
1585 2515 1640 2541 Cic.
1655 2514 1683 2539 in
1694 2513 1770 2539 Catil.
1780 2522 1802 2545 2,
1810 2521 1854 2545 24.
1932 2512 2040 2538 Nomen
2052 2512 2176 2538 Graeciae
2188 2513 2241 2539 iam
2253 2513 2370 2540 fractum

1333 2561 1414 2592 prope
1428 2561 1455 2578 ac
1469 2550 1634 2577 debilitatum
1649 2549 1720 2576 Idem
1736 2557 1783 2583 pro
1798 2548 1892 2574 Flacco
1905 2549 1946 2574 62.
2017 2549 2047 2574 Et
2060 2556 2108 2581 pro
2122 2548 2215 2581 Qiint.
2230 2557 2248 2580 4
2268 2557 2289 2574 c.
2303 2557 2312 2574 1
2333 2549 2379 2575 Vt>

1332 2588 1422 2614 multis
1435 2585 1612 2612 incommodis
1624 2585 1726 2610 Veritas
1740 2584 1876 2613 debilitata
1886 2603 1894 2615 ,
1912 2582 2016 2608 tandem
2035 2583 2166 2616 aequitate
2185 2583 2279 2610 talium
2295 2571 2378 2610 viro--

1333 2632 1393 2650 rum
1414 2627 1555 2662 recreatur.
1626 2620 1718 2645 Virtus
1738 2619 1890 2650 debilitata,
1908 2618 2011 2644 animus
2030 2617 2127 2644 fractus
2146 2618 2202 2645 Cic.
2217 2618 2273 2653 post
2289 2619 2368 2645 redit.
2384 2638 2386 2641 .

1333 2658 1366 2685 ad
1379 2659 1501 2696 Qui-itcs
1515 2664 1551 2689 19.
1610 2654 1683 2694 Idem
1698 2654 1729 2680 de
1742 2655 1810 2688 Lege
1825 2654 1887 2687 Agr.
1901 2661 1926 2684 2,
1941 2661 1976 2685 90
1998 2652 2077 2685 Qod
2091 2654 2181 2680 neruis
2192 2654 2271 2680 Vrbis
2282 2653 2369 2680 omni-

1334 2693 1383 2718 bus
1390 2692 1508 2721 exsectis,
1527 2689 1628 2715 Vrbem
1641 2691 1722 2727 ipsam
1734 2689 1845 2714 solutam
1859 2697 1888 2714 ac
1902 2687 2066 2714 debilitatam
2081 2689 2254 2724 reliquerunt.
2309 2689 2357 2715 Cic

1335 2726 1366 2752 de
1381 2727 1454 2751 Orat.
1469 2734 1499 2756 z,
1519 2731 1566 2756 142
1590 2723 1730 2762 Debilitati
1744 2731 1758 2748 a
1780 2723 1838 2748 iure
1858 2722 2054 2756 cognoscendo,
2072 2724 2233 2750 voluntatem
2252 2709 2369 2751 discendi

1333 2760 1407 2786 fimul
1421 2769 1480 2786 cum
1493 2760 1534 2793 spe
1548 2757 1711 2792 perdiscendi
1725 2757 1905 2784 abiiceremus.

1326 2795 1432 2832 scendo,
1449 2801 1526 2821 metm
1546 2796 1608 2819 enim
1626 2792 1748 2819 debilitat.

1369 2838 1387 2858 D
1396 2838 1412 2857 E
1421 2837 1454 2857 131
1466 2837 1482 2856 1.
1492 2838 1504 2869 ι
1511 2837 1532 2856 Τ
1541 2835 1588 2855 AT
1597 2835 1642 2867 E,
1657 2830 1699 2854 Ita
1711 2827 1816 2854 Nonius
1828 2836 1851 2857 2,
1866 2834 1917 2861 227
1934 2828 2041 2862 explicat
2054 2827 2194 2855 Debiliter.

1370 2873 1414 2907 Dr
1423 2873 1438 2893 B
1448 2874 1456 2892 1
1465 2873 1481 2892 L
1492 2873 1500 2891 1
1513 2871 1534 2890 T
1543 2871 1565 2890 A
1575 2871 1598 2896 s,
1608 2867 1665 2890 atis.
1680 2864 1700 2889 f.
1720 2863 1852 2903 [ςίιθέιεια]
1888 2863 1953 2889 Plin.
1963 2870 2001 2897 17,
2014 2871 2048 2896 24
2067 2863 2232 2896 Qiibusdam
2247 2864 2369 2892 debilitas

1333 2902 1497 2942 sterilitatem
1506 2920 1514 2932 ,
1532 2908 1585 2926 non
1599 2899 1788 2925 necematiert.
1857 2897 1985 2924 Debilitas
1998 2898 2026 2924 de
2039 2907 2079 2931 eo,
2097 2902 2140 2934 qui
2151 2899 2275 2927 omnibus
2288 2910 2369 2928 mem-

1335 2937 1391 2963 br1s
1405 2943 1520 2963 extortus
1539 2942 1564 2961 et
1576 2934 1673 2961 fraclus
1686 2934 1752 2960 Plin.
1767 2935 1812 2968 Ep.
1825 2941 1852 2968 7,
1866 2939 1900 2963 18.

1944 2757 1976 2784 Id
1986 2757 2019 2791 <st
2027 2778 2035 2791 ,
2055 2759 2170 2785 deterriti
2181 2767 2197 2785 a
2210 2761 2264 2785 iure
2282 2768 2369 2795 cogno-

1970 2934 2025 2960 Cic.
2040 2933 2071 2960 de
2086 2935 2142 2960 Fin.
2155 2943 2174 2966 1,
2186 2944 2222 2969 49
2242 2945 2263 2962 c.
2274 2941 2305 2966 28
2324 2936 2368 2963 Ob

1335 2982 1445 3013 eamque
1461 2971 1623 3012 debilitatem
1637 2970 1742 3010 Animi,
1762 2969 1841 2995 multi
1854 2974 1970 3003 parentes
1984 2969 2164 3004 reliquerunt,
2185 2978 2229 2997 etc.
2298 2972 2368 2998 Tar.

1336 3008 1402 3049 ditas
1416 3015 1532 3048 ingenii,
1552 3007 1641 3047 stupor
1654 3005 1829 3046 debilitasque
1843 3005 1947 3038 linguae
1961 3004 2076 3031 Idem'in
2089 3005 2175 3032 Pison.
2190 3014 2211 3032 1.
2265 3007 2369 3033 Bonum

1335 3050 1471 3078 integritas
1484 3051 1619 3076 corporis,
1639 3042 1731 3068 misera
1744 3040 1865 3067 debilitas
1882 3041 1938 3066 Cic.
1953 3040 1985 3066 de
1999 3041 2055 3067 Fin.
2072 3048 2094 3074 ς,
2109 3046 2143 3074 84
2160 3050 2182 3067 c.
2196 3046 2236 3072 28.
2289 3042 2370 3069 Debi-

1334 3080 1420 3106 litates
1434 3085 1459 3105 et
1472 3077 1648 3112 aegritudines
1663 3085 1804 3111 corporum
1819 3075 1886 3102 Gell.
1900 3079 1926 3108 6,
1941 3085 1959 3102 1.

1372 3123 1416 3157 1233¹
1426 3122 1441 3142 13
1450 3122 1483 3155 ¹.L
1494 3121 1532 3141 1T
1542 3120 1562 3139 A
1573 3119 1593 3139 T
1603 3120 1612 3138 1
1624 3119 1655 3152 o,
1663 3113 1729 3138 onis.
1756 3112 1775 3137 f.
1796 3111 1951 3145 [ιίιθέιημα]
1986 3111 2041 3138 Cic.
2051 3111 2078 3137 in
2086 3111 2169 3138 Pison.
2179 3116 2207 3141 88
2213 3120 2235 3138 c.
2244 3113 2276 3144 36
2294 3112 2369 3145 Qiid

1335 3151 1486 3178 debilitatio
1499 3155 1576 3190 atque
1590 3147 1703 3174 abiec‘iio
1711 3148 1791 3174 animi
1806 3147 1863 3174 tui?
1900 3154 1919 3174 D
1928 3154 1943 3173 E
1954 3154 1969 3173 B
1980 3154 1987 3173 1
1999 3153 2013 3172 L
2021 3154 2032 3172 ι
2041 3154 2061 3173 Τ
2072 3154 2093 3173 A
2103 3154 2126 3173 M
2136 3154 2153 3174 E
2162 3154 2183 3173 N
2193 3154 2214 3174 T
2222 3154 2241 3173 v
2250 3154 2274 3172 M
2300 3148 2369 3174 Idem

1334 3186 1401 3222 apud
1412 3185 1548 3226 Augrrstm.
1586 3190 1604 3210 D
1615 3190 1630 3210 E
1640 3190 1654 3210 Β
1664 3191 1672 3210 1
1682 3191 1716 3210 ιι
1729 3190 1750 3210 T
1762 3189 1784 3209 A
1795 3190 1815 3210 'r
1825 3190 1843 3209 0
1853 3189 1871 3208 R
1880 3203 1889 3215 ,
1909 3183 1978 3215 oris,
1995 3188 2035 3217 ap.
2051 3182 2129 3208 eund.
2166 3188 2185 3209 D
2194 3188 2210 3207 E
2220 3188 2235 3207 Β
2245 3190 2253 3208 ι
2264 3167 2297 3209 ιί
2307 3185 2368 3210 TA.

1336 3230 1357 3249 T
1365 3229 1384 3248 R
1394 3230 1403 3248 1
1413 3229 1429 3248 x
1439 3241 1445 3252 ‚
1465 3225 1511 3248 icis
1519 3240 1526 3252 ,
1550 3226 1591 3255 ap.
1606 3220 1719 3245 Hieron.

1372 3264 1390 3284 D
1400 3264 1416 3283 E
1426 3263 1459 3283 131
1470 3264 1484 3282 L
1493 3264 1502 3282 1
1511 3263 1532 3282 T
1541 3262 1557 3281 E
1566 3262 1594 3281 R.
1627 3255 1694 3280 Adu.
1729 3257 1872 3289 antiquum,
1896 3252 2040 3280 Debilitate
2048 3272 2056 3284 ‚
2073 3254 2156 3286 inquit
2176 3252 2248 3279 Non.
2266 3261 2292 3286 2,
2312 3259 2367 3284 228.

1281 3302 1316 3327 90
1334 3293 1426 3318 Pacuu.
1446 3292 1571 3318 Miscrent
1586 3299 1644 3322 mc,
1664 3289 1779 3316 lacrimis
1792 3289 1880 3323 lingua
1892 3288 2018 3315 debiliter
2033 3287 2124 3321 stupet.

1372 3335 1390 3354 D
1400 3335 1415 3355 Ε
1425 3334 1440 3354 Β
1451 3326 1460 3352 i
1470 3334 1485 3353 L
1493 3326 1597 3359 0‚‹'›nis.
1605 3332 1691 3361 mtpro
1703 3326 1784 3351 ‹lvbtla
1821 3326 1885 3351 Enn.
1896 3324 1992 3350 Debilo
2005 3323 2086 3349 homo
2100 3322 2166 3356 apud
2179 3323 2252 3350 Non.
2265 3332 2288 3355 2,
2310 3329 2367 3353 208-

1333 3363 1380 3391 Sed
1393 3363 1516 3399 legendum
1531 3361 1608 3388 Debil
1618 3382 1625 3394 ,
1645 3368 1672 3387 vt
1686 3361 1763 3391 facul,
1773 3358 1923 3395 famul,pofl
1937 3361 1999 3385 alios
2011 3360 2103 3383 monuit
2116 3359 2214 3384 Merula
2221 3365 2307 3393 p.453‚
2317 3366 2349 3391 ις.

1372 3404 1560 3430 ΒΕΒιΤΙΟ,
1581 3403 1774 3429 DEBITQR,
1801 3401 2011 3425 DEB1TR1X,
2034 3398 2240 3425 DE131TVM,
2268 3399 2367 3421 ΒΕΒι-

1336 3441 1423 3466 Τνς,
1442 3433 1494 3460 uid.
1511 3439 1641 3460 Diam-30.

1373 3477 1391 3496 D
1400 3477 1416 3496 E
1425 3476 1440 3496 Β
1450 3477 1464 3495 1.
1475 3477 1494 3495 A
1505 3476 1525 3495 T
1538 3468 1552 3495 r:
1561 3476 1578 3495 R
1589 3475 1606 3495 o
1616 3488 1622 3498 ‚
1641 3472 1692 3493 Tire.
1729 3464 1920 3500 [καταψέλλω]
1954 3462 1989 3488 est
2007 3461 2083 3488 stulte
2097 3462 2189 3498 loqui,
2205 3465 2288 3497 inquit
2299 3463 2366 3491 Fest.

1336 3514 1395 3532 nam
1414 3505 1527 3536 βλάκας,
1547 3505 1636 3530 stultos
1648 3511 1742 3529 vocant
1757 3501 1858 3528 Graeci.
1894 3499 1966 3525 Non.
1981 3507 2037 3524 vero
2050 3507 2120 3530 2,211
2139 3497 2368 3530 deblaterare‚Ob.

1336 3541 1412 3575 loqui
1425 3546 1449 3566 ct
1463 3539 1611 3573 confingere
1621 3542 1808 3573 interpretatur.
1866 3534 1946 3561 Plaut.
1961 3533 2047 3560 Aulul.
2063 3542 2094 3566 2,
2112 3542 2134 3565 3,
2149 3541 2158 3559 1
2193 3548 2237 3552 —
2273 3534 2325 3561 Vbi
2338 3542 2367 3561 tu

1339 3586 1375 3609 es,
1390 3585 1456 3610 quac
1470 3575 1633 3602 deblaterafli
1646 3575 1699 3600 iam
1718 3573 1814 3599 vicinis
1833 3569 1957 3597 omnibus
1972 3579 1978 3599 3
2015 3576 2146 3595 meaeme
2160 3567 2230 3594 filiae
2244 3569 2368 3599 daturum

1336 3612 1424 3639 dotem
1439 3613 1447 3638 3
1519 3611 1600 3637 Lucil.
1614 3609 1660 3636 lib.
1674 3618 1704 3641 30
1718 3616 1756 3642 ap.
1767 3606 1842 3634 Non.
1857 3607 1873 3632 Ι.
1888 3614 1909 3630 c.
1928 3604 2077 3630 Deblaterat
2089 3603 2193 3638 plenus,
2214 3603 2307 3636 bonus,
2324 3614 2366 3631 ru.

1367 3683 1413 3708 Tb
1694 3643 1759 3669 Geli.
1778 3651 1808 3674 9,
1821 3648 1846 3674 ις
1880 3655 1925 3659 -—
1959 3638 2131 3666 Deblateratis
2144 3640 2266 3666 versuum
2278 3640 2367 3667 multis

1337 3692 1372 3710 nn
1388 3692 1394 3707 1
1417 3692 1454 3708 us.

1376 3712 1787 3744 DiiB1.AT1-:RAT10,5nis.
1823 3711 1842 3736 f.
1876 3717 1915 3745 ap.
1941 3710 2018 3744 Apul.
2324 3721 2327 3725 -

1376 3760 1394 3779 D
1405 3760 1419 3778 Ε
1429 3759 1443 3778 13
1453 3759 1469 3777 R
1480 3759 1495 3778 E
1505 3759 1523 3777 γ
1536 3759 1542 3777 1
1553 3759 1573 3777 Α
1584 3759 1603 3777 Τ
1612 3758 1630 3776 v
1642 3757 1654 3776 S
1664 3770 1671 3781 9
1691 3758 1719 3778 a,
1743 3756 1796 3773 llnl.
1823 3745 1881 3771 Adi.
1920 3745 1986 3772 Iclt'm
2007 3742 2070 3780 quod
2081 3743 2247 3771 Abbreuiasus
2259 3747 2286 3770 in
2298 3744 2365 3771 σοα-

1376 3794 1394 3814 D
1406 3794 1421 3813 1⁷
1432 3794 1446 3813 Β
1456 3794 1474 3812 R
1486 3793 1501 3812 13
1510 3793 1529 3811 V
1540 3794 1548 3812 1
1558 3794 1578 3812 Α
1588 3792 1609 3811 Τ
1618 3793 1626 3811 1
1636 3793 1664 3816 0,
1673 3784 1737 3809 finis.
1753 3783 1771 3808 f.
1796 3782 1860 3807 Idem
1873 3781 1937 3816 quod
1948 3779 2106 3807 Abbreuiatio
2118 3782 2144 3804 in
2158 3780 2224 3806 Cod.

1373 3829 1416 3849 DE
1428 3828 1529 3854 BRis,
1547 3822 1735 3850 Garamantum
1759 3817 1902 3851 oppidum,
1918 3815 1998 3843 affuso
2021 3813 2111 3846 fonte,
2131 3823 2145 3840 a
2170 3815 2258 3841 medio
2279 3814 2321 3840 die
2336 3814 2368 3841 ad

2253 3850 2366 3887 mediant
