2479 4225
284 234 347 275 251
640 198 910 249 DOL
1769 180 2031 222 DOL
2325 192 2392 232 25²

290 312 354 339 lium
387 305 431 333 vid
452 304 579 328 CVLEvs.
647 295 729 323 Curta
745 292 845 317 Lucret.
860 288 964 318 4‚1020-
1035 276 1130 305 Fictiie
1150 272 1252 302 Colum.
1261 277 1299 302 12,
1360 277 1413 296 men
1425 272 1508 306 gentis
1519 259 1652 297 Corneliae.
1691 268 1722 296 V.
1735 277 1759 305 g.
1780 268 1858 295 Gener
1882 269 2023 301 Ciceronis,
2042 268 2151 304 idemque
2163 264 2248 304 possea
2265 264 2341 302 basiis
2353 267 2394 296 de·
2432 273 2435 277 ’

363 328 370 341 ,
431 324 437 330 .

467 338 489 363 D
510 336 526 362 1.
596 340 643 359 uae
654 330 670 356 fi
689 328 725 354 uli
739 325 835 351 faciunt
855 320 928 344 γῆς,
944 315 973 340 R,
988 313 1019 339 R,
1033 322 1056 345 3,
1073 320 1136 345 ¹5³2·
1205 305 1297 333 Claud.
1359 305 1537 338 duratus-,cum
1550 307 1707 342 Caejarianae
1715 307 1744 341 Je
1756 304 1837 331 caedis
1849 304 1960 331 vltorem
1967 305 2062 340 ferret.
2103 304 2162 331 Vid.
2176 304 2269 331 Vellei.
2282 306 2359 337 2,69.

289 355 330 380 54,
343 353 368 404 ¹32
385 375 468 407 Atque
480 339 744 398 tssaiii’v‘ilncantiiolia
756 359 810 385 fusa
823 354 897 381 sitim-
965 350 1045 375 Inane
1066 349 1131 374 Hor.
1140 345 1226 403 cami
1235 350 1257 373 3,
1267 349 1300 373 ιι,
1397 345 1416 365 D
1426 346 1445 365 o
1454 347 1469 366 ι
1479 348 1500 367 A
1509 348 1524 367 Β
1534 349 1550 368 ιτ,
1559 347 1623 385 1:131
1633 349 1654 368 A
1664 348 1685 367 N
1694 348 1716 367 A
1731 343 1792 383 pira
1804 349 1819 366 a
1832 339 2008 382 Cultoreaifta
2025 340 2090 367 Plin.
2105 347 2180 372 13,i5.
2215 339 2274 366 Col.
2283 347 2306 371 5,
2321 347 2358 365 io.

290 388 332 446 2⁷7⁵.
387 442 393 447 .
424 407 538 446 odorata
546 398 732 464 g.t,fi³¹g,2,ffg;fi’
741 399 871 459 “agam
890 383 1078 446 fflgflgufffffld·
1093 385 1235 447 '’aligaz‘
1242 385 1298 437 ¹223.
1322 406 1337 433 ς
1364 380 1703 442 σνῗεῖσῒιῗψῗ’έίἑ’ἰὲ;ῃὲἶίε
1714 372 2397 445 εΗΔῦιλγἽῖἒιηιῖἷὲἑέἴὲἓεῗιξθξῗῖἓῖᾜῖἶᾞεὲἰὶἷέξζέ

292 446 380 504 tusuiixil
385 449 527 481 ingerimus
563 445 757 497 ιὲἒῐῃωυῃάωζε
769 460 838 486 dolia
858 455 988 483 Columel.
1025 473 1030 479 .
1069 471 1075 478 .
1113 470 1120 476 .
1189 448 1302 474 Contru-
1364 450 1497 486 venerant.
1530 446 1627 473 Aueior
1639 447 1759 478 Seruius,
1781 455 1848 482 quem
1863 444 1919 471 vide
1931 444 1964 470 ad
1974 446 2036 472 Aen.
2052 455 2089 478 iz,
2100 453 2151 479 347
2164 452 2185 471 et
2199 446 2231 471 al.
2265 446 2303 471 De
2315 443 2398 470 Dolo-

292 490 345 507 mox
369 486 473 538 ,ωὲιῇ
522 507 549 534 jd
577 503 762 529 CONTRVDO·
857 491 997 518 Deacinata
1010 488 1098 518 dolia,
1117 483 1170 510 vid.
1190 487 1303 508 DEACI-
1364 488 1397 506 ne
1412 479 1467 506 vide
1481 489 1507 504 ιη
1521 479 1627 507 difflone
1640 489 1788 509 RHOESVS.
1894 479 2011 507 Imbellis
2022 481 2111 508 Dolon
2134 480 2217 507 Ouid.
2230 480 2294 507 Met.
2306 488 2342 513 13,
2354 484 2398 513 98.

293 516 395 566 ‘ivae-m
423 521 439 538 ο
451 520 490 543 ω’
503 519 618 569 gemel-sa
631 534 704 561 humi
717 538 738 557 ct
751 536 816 564 quae
829 526 966 554 consistunt
978 525 1051 558 supra
1065 528 1175 550 ‘estam’
1188 515 1303 553 qu⁰m⁰d⁰
1365 515 1463 554 Dolmun
1477 514 1580 541 Plautus
1592 524 1666 544 '⁰⁰⁶⁶‘
1689 516 1778 544 prend·
1792 525 1820 548 4⁵
1833 521 1857 548 8⁷
1870 523 1896 549 7¹

295 555 357 576 ixA‘i
366 553 411 573 vs.
425 581 432 585 ,
493 578 510 603 d
522 581 557 601 m
576 571 676 598 Colum
691 576 725 597 η’
740 570 774 596 ,8,
788 574 815 598 4,
909 561 1002 587 Eluere
1015 558 1085 584 dolia
1105 554 1210 594 Colum.
1231 572 1237 578 .
1264 571 1270 578 .
1295 569 1302 578 .
1403 555 1553 589 DoLpN,
1573 552 1639 578 onis.
1659 560 1694 579 m.
1730 550 1839 587 [δολῶν]
1876 550 2038 585 Flagellum,
2056 553 2137 587 inquit
2155 551 2261 578 Seruius
2279 549 2313 577 ad
2331 550 2397 576 Aen.

294 583 401 632 curanda
411 583 460 641 13²?
465 587 533 638 aenou
557 607 610 633 Cic·
625 606 655 631 de
668 603 734 630 Clas·
749 600 822 626 Osa„
837 603 885 632 287
898 606 919 623 c,
934 601 970 628 83,
1051 591 1138 619 Imbui
1151 595 1180 615 vt
1190 588 1304 614 debeant
1321 593 1350 611 ιο
1367 593 1394 620 7,
1408 588 1462 618 664
1482 592 1551 611 intra
1570 586 1643 611 cuius
1661 589 1764 622 virgam
1781 587 1842 613 latet
1854 588 1950 622 pugio,
1969 591 2014 612 aut
2025 586 2163 612 secundum
2177 588 2339 617 Varronem,
2357 585 2399 611 in-

294 621 408 646 Hauiire
439 624 476 672 e6
515 653 523 669 Χ
635 640 718 665 Picare
738 634 797 660 (701,
810 642 846 665 12,
860 638 894 664 ¹8,
908 640 929 664 ς.
965 628 1033 656 Add-
1047 637 1079 660 ιι,
1093 635 1116 659 2,
1130 633 1173 659 70.
1243 624 1304 649 Pro·
1367 630 1428 655 gens
1441 625 1602 660 contuscum
1615 620 1688 648 ferro
1702 622 1860 650 breuissiino.
1917 622 2032 648 Dolones
2046 626 2131 647 autem
2144 631 2159 648 a
2170 622 2241 648 Dolo
2253 620 2319 647 dieti
2331 621 2401 652 sunt,

295 656 365 717 ἓξὲξ
375 651 532 712 [ἑίηιὸζ.ἀοςίἷο-
542 677 607 703 Hm:
621 671 698 708 Epod'
714 680 735 702 27
749 678 793 704 47·
864 668 929 694 Cato
943 667 972 691 R.
989 666 1019 690 R.
1032 671 1072 695 39,
1081 671 1091 689 1
1112 660 1190 687 Dolia
1197 657 1306 693 plumbo
1367 655 1439 691 quod
1452 656 1583 690 decipiant
1594 656 1685 688 ferro,
1703 667 1785 692 quum
1798 658 1910 692 speciem
1930 657 1997 691 ligni
2016 657 2172 691 praeferant.
2258 657 2354 683 Donat.
2366 654 2401 682 ad

297 722 414 751 vincito,
434 715 473 741 vel
487 712 593 739 materia
605 715 732 743 qucrnea,
751 703 802 731 viti
816 702 899 742 sicca,
909 701 1031 735 Alligato.
1072 733 1078 737 Ι
1102 697 1129 737 Si
1148 695 1215 736 bene
1228 694 1306 720 sarse-
1368 692 1438 718 Ter.
1453 692 1517 717 Eun.
1531 700 1554 724 3,
1569 700 1591 724 3,
1604 699 1620 723 9
1640 691 1755 731 Dolones
1768 694 1825 720 sunt
1839 693 1890 734 tela
1903 692 2030 733 quaedam
2044 691 2146 733 bellica.
2166 726 2172 732 ·
2250 693 2357 718 Sueton.
2371 691 2401 718 in

296 760 332 786 ᾗ,
358 760 399 782 aut
412 752 474 777 bene
486 745 645 781 alligaueriS,
662 748 688 782 et
699 743 727 767 iu
740 740 818 779 rimas
826 737 1049 778 ‘medicamentum
1066 731 1212 773 indideris,
1228 729 1307 772 bene·
1368 726 1459 754 Claud.
1474 736 1495 754 c.
1511 735 1533 766 ¹.3
1555 727 1664 760 Reperti
1677 732 1703 752 et
1728 729 1858 763 Equestris
1869 730 1971 755 ordinis
1984 727 2037 753 duo
2051 735 2079 753 in
2099 726 2205 761 publico
2224 736 2284 754 cuin
2303 726 2402 753 dolone

296 777 344 827 qu}
354 785 494 823 Pica-deris,
512 780 623 816 quoduis
636 778 736 804 dolium
748 781 880 801 Vitiarium
892 773 977 798 facere
989 776 1094 804 poteris.
1164 765 1234 794 Adai
1253 763 1306 799 post
1324 770 1350 797 ις
1367 771 1396 789 ac
1409 768 1549 788 venatorio
1562 762 1662 793 cultro,
1681 763 1877 795 praestolantes,
1895 764 1961 791 alter
1973 769 2001 789 vt
2013 763 2139 798 egressum
2158 761 2274 795 theatro,
2294 762 2361 788 alter
2372 766 2403 788 vt

308 828 348 850 'nt
359 829 382 848 et
392 821 492 854 reliqua.
527 815 597 841 Ouod
614 813 677 839 dicit
695 810 804 846 plumbo
820 808 939 840 vincito,
955 807 1001 832 huc
1012 804 1107 839 referre
1119 801 1227 828 debebam
1241 801 1306 826 Var-
1368 797 1555 824 sacrificantem
1567 797 1635 831 apud
1648 798 1742 823 Martis
1754 799 1845 826 aedem
1858 799 2017 826 adoriretur.
2087 797 2162 831 Virg.
2176 797 2241 824 Aen.
2256 805 2283 832 7,
2295 800 2350 830 664
2363 796 2404 823 Pi-

293 837 362 888 runjs
379 857 452 882 locum
469 841 559 886 opus
553 850 622 876 Non.
638 857 671 881 15,
685 856 714 874 io
740 845 785 872 Sed
799 852 865 879 quae
876 841 1002 868 neceffitas
1015 845 1039 865 te
1054 837 1128 865 iubet
1146 845 1242 872 aquam
1267 834 1305 861 ef·
1368 832 1393 860 la
1405 841 1483 873 manu
1497 833 1638 868 saeuosque
1650 838 1743 872 gerunt
1755 833 1784 859 in
1799 833 1868 861 bella
1882 834 2001 861 dolones.
2116 832 2249 867 Alphenus
2261 833 2317 859 inl.
2331 832 2358 859 Si
2370 838 2415 859 ex*

291 874 397 921 fiinderc
411 888 482 914 domi
496 893 553 912 tuae
566 886 575 911 3
612 885 638 911 Si
651 884 709 910 vasa
722 882 799 908 habes
813 878 927 914 pertusa,
946 875 1084 911 plumbum
1094 882 1148 900 non
1162 871 1256 899 babes?
1369 867 1451 903 plagis
1470 867 1493 905 §.
1511 868 1696 908 Tabernarius
1716 868 1749 895 D.
1768 868 1801 894 ad
1819 869 1916 904 Legem
1933 869 2086 905 Aquiliam,
2106 868 2155 894 Ille
2169 867 2273 901 flagello
2288 867 2359 902 quod
2374 867 2406 895 in

324 933 368 953 Do
379 931 394 949 1.
406 921 441 950 16
450 929 465 948 L
475 928 495 947 v
505 929 527 947 M
567 921 585 946 i.
605 929 632 946 n.
667 918 766 945 Dimin.
802 913 945 949 [melanos]
979 909 1109 937 Columel.
1123 917 1161 940 12,
1173 916 1216 942 43,
1224 915 1236 939 3
1255 906 1308 932 Do·
1368 912 1447 930 manu
1463 903 1591 936 habebat,
1609 912 1637 929 in
1650 912 1704 939 quo
1715 903 1798 930 dolon
1813 904 1912 936 inerat,
1931 906 2071 932 verberare
2084 904 2264 930 tabernarium
2276 908 2408 937 coeperat.

291 961 352 988 liola
365 967 432 985 noua
445 957 496 984 fine
510 941 565 991 piie
580 955 608 981 in
622 954 673 981 sole
686 954 784 980 siccant.
853 949 911 975 Liu.
927 955 950 980 5,
958 955 995 980 40
1013 946 1089 972 Sacra
1122 958 1168 965 ·-—
1202 941 1308 984 condita
1320 946 1356 965 20
1370 945 1415 965 etc.
1455 939 1514 966 Vid-
1535 945 1644 967 DOLvs.
1746 939 1820 975 Conf.
1834 941 1929 1002 ReinJ‘.
1943 938 2081 968 Var.LeH.
2095 946 2147 975 312.
2162 943 2219 973 640.
2324 938 2408 964 Dolo.-

289 998 316 1023 in
329 993 434 1021 doliolis
466 1007 510 1012 —-
544 990 592 1017 vbi
604 999 671 1017 nuuc
685 989 773 1022 despui
785 985 879 1019 religio
893 983 944 1015 est,
964 980 1098 1008 defodere.
1168 979 1237 1005 Hinc
1255 978 1307 1003 loco
1369 982 1430 1000 nem
1441 980 1486 1009 pro
1498 976 1588 1003 Aculeo
1594 974 1641 1010 fi¹⁰
1656 974 1790 1037 gloriogula
1801 974 1883 1011 musca
1911 978 1961 1003 ixit
1977 975 2085 1002 Phaedr.
2100 984 2123 1007 3,
2135 982 2161 1009 7,
2174 983 2187 1006 3
2206 973 2275 1000 Vide
2288 981 2321 999 ne
2333 973 2410 1000 dolo-

287 1039 388 1062 nomen,
419 1027 465 1054 uod
478 1026 562 1055 Festus
577 1028 664 1061 repetit
676 1034 703 1050 ex
710 1025 795 1054 Liuio,
810 1019 918 1048 Doliola
927 1038 935 1051 ,
951 1017 1024 1044 locus
1037 1017 1065 1042 in
1077 1014 1145 1042 vrbe
1154 1013 1187 1040 fic
1201 1018 1308 1039 vocatus
1369 1018 1403 1036 ne
1415 1009 1513 1036 collum
1525 1019 1698 1044 compungam
1709 1011 1730 1036 ti
1752 1010 1770 1036 i.
1963 1008 1984 1047 fl
2004 1019 2017 1037 2
2054 1011 2171 1037 Dolones
2180 1016 2262 1044 parua
2273 1010 2328 1035 vela
2334 1008 2407 1044 sunt.

287 1073 332 1093 etc.
370 1066 398 1092 Se
433 1065 506 1089 aliter
523 1063 608 1088 Varro
625 1061 657 1086 de
670 1061 699 1086 L.
714 1060 741 1085 L.
754 1067 780 1091 4,
793 1065 819 1088 32
833 1065 858 1090 p.
866 1062 896 1090 37
909 1060 972 1080 extr.
991 1052 1033 1079 Est
1047 1051 1120 1078 locus
1133 1050 1180 1085 qui
1198 1053 1309 1087 vocatur
1371 1044 1457 1072 Pollux
1469 1055 1490 1079 1,
1503 1055 1532 1080 91
1546 1043 1557 1071 ὅ
1572 1044 1682 1071 ἐλάττων
1695 1045 1743 1072 {eds
1756 1044 1836 1072 δόλων.
1873 1045 1962 1072 Suidas
1969 1045 2072 1072 Δόλωνες
2081 1045 2159 1081 μικροὶ
2172 1045 2231 1071 ἱςία.
2267 1046 2348 1071 Etiam
2355 1045 2411 1079 Ap-

289 1100 409 1130 Doliola,
427 1098 459 1125 ad
479 1098 590 1123 cloacam
607 1095 762 1125 maximam,
782 1091 828 1117 vbi
847 1099 902 1117 non
921 1088 981 1115 licet
1000 1087 1138 1121 despuere,
1159 1094 1173 1111 a
1185 1083 1309 1110 dolioleis
1366 1083 1474 1116 pianus,
1489 1081 1628 1117 obstruante
1641 1080 1764 1114 Schqffiro
1777 1080 1806 1106 de
1818 1081 1877 1107 Mil.
1895 1082 1962 1107 Nau.
1976 1091 2000 1114 2,
2010 1085 2113 1117 5p,140
2128 1088 2192 1107 extr,
2207 1078 2240 1105 rol
2253 1079 2410 1115 sseoexg‘wfffi.

288 1136 334 1163 sub
347 1141 423 1162 terra.
477 1134 573 1159 Eorum
593 1129 658 1156 duae
675 1128 783 1155 traditae
800 1125 940 1156 historiae,
960 1123 1031 1158 quod
1048 1122 1094 1149 alii
1113 1121 1161 1147 esse
1172 1120 1246 1146 aiunt
1259 1119 1310 1145 ossa
1326 1121 1358 1149 25
1372 1116 1434 1142 ἱςίων
1446 1115 1526 1149 habet,
1539 1117 1581 1144 vbi
1592 1116 1659 1151 apud
1671 1117 1770 1142 Liuium
1777 1116 1839 1152 sunt
1851 1115 1968 1143 dolones.
2041 1119 2132 1152 Nempe
2144 1116 2203 1143 Liu.
2218 1122 2258 1149 37,
2266 1123 2297 1147 3ο
2316 1115 2409 1141 Caete-

288 1170 440 1198 cadauerum
453 1178 458 1193 :
492 1167 539 1192 alii
557 1166 660 1192 Numae
680 1161 803 1196 Pompilii
822 1160 945 1195 religiosa
964 1157 1089 1194 quaedam
1099 1177 1107 1189 ,
1127 1156 1183 1191 post
1197 1160 1311 1181 mortem
1372 1159 1433 1179 rum
1445 1151 1609 1186 posteaquam
1619 1152 1782 1213 praetoriam
1789 1160 1883 1178 nauem
1896 1151 2069 1184 Polyxenidae
2080 1151 2180 1178 relifiis
2194 1151 2270 1178 sociis
2283 1149 2341 1177 vela
2349 1149 2412 1176 dan-

287 1206 342 1233 eius
356 1204 454 1230 infossa.
646 1195 667 1236 fl
686 1207 702 1224 2
737 1197 877 1231 Metaphor.
897 1195 961 1222 Plin.
975 1203 1008 1226 ιι,
1021 1202 1044 1226 ι3
1063 1192 1105 1219 Ibi
1117 1191 1233 1226 optimus
1248 1191 1312 1216 sem·
1374 1192 1429 1229 tem
1442 1186 1534 1213 videre
1548 1197 1554 1213 ε
1589 1187 1617 1213 su
1638 1187 1696 1213 latis
1710 1187 1806 1222 raptim
1820 1186 1962 1214 dolonibus
1982 1190 2029 1219 (vt
2042 1194 2097 1214 erat
2115 1186 2239 1214 secundus
2260 1184 2413 1221 petentibus

286 1250 331 1275 per
344 1239 458 1275 (succus,
477 1245 506 1262 ex
519 1244 563 1271 quo
575 1235 622 1260 mel
632 1233 762 1269 conficiunt
775 1238 832 1267 apes
833 1233 853 1266 )
866 1230 914 1257 vbi
925 1229 1088 1265 optimorum
1099 1227 1207 1254 doliolis
1216 1227 1314 1252 florum
1376 1222 1506 1257 Epncsum
1518 1225 1629 1254 ventus)
1651 1223 1780 1257 capessunt
1792 1222 1891 1256 fugam.
1997 1222 2066 1250 Add.
2086 1222 2125 1249 Id.
2138 1225 2177 1254 36,
2189 1231 2236 1255 44.

286 1276 423 1304 conditur,
442 1275 459 1297 i.
482 1271 593 1297 caliculis
607 1269 702 1305 florum
715 1268 740 1304 s.
757 1267 900 1303 folliculis,
927 1269 954 1292 in
977 1264 1064 1302 quibus
1083 1265 1144 1290 latet
1164 1262 1205 1289 ille
1217 1261 1314 1298 succus.
1411 1263 1463 1295 DQ
1475 1255 1681 1298 L0⁰PE891unn
1703 1267 1738 1285 m.
1776 1258 1919 1292 [Δόλοπες]
1953 1258 2047 1294 Populi
2061 1258 2228 1290 Thessaliae,
2247 1254 2346 1283 aui-‘lore
2359 1256 2415 1282 Lu.

284 1311 356 1344 Conj,
370 1308 406 1334 ld,
420 1306 456 1332 ib,
471 1315 491 1333 ς,
506 1314 529 1338 ¹5
539 1313 583 1340 Pr,
1329 1302 1362 1327 30
1375 1301 1442 1333 cano
1453 1294 1478 1325 6,
1490 1298 1538 1327 384
1557 1293 1655 1319 Plinius
1672 1296 1710 1320 ait
1727 1293 1840 1328 Populos
1860 1293 1980 1320 Aetoliae
1994 1303 2023 1328 4,
2037 1302 2062 1321 2.
2169 1292 2300 1327 Dolopes,
2319 1289 2416 1323 Pyrrhi

322 1348 552 1371 DOLIARivs,
572 1340 601 1366 ii.
620 1348 655 1366 m.
692 1336 849 1371 [mammas]
886 1337 939 1371 ραι·
969 1335 1036 1361 dolia
1055 1334 1128 1370 facit
1163 1339 1187 1359 et
1220 1337 1313 1367 compo·
1375 1329 1457 1361 soen,
1477 1334 1506 1355 vt
1519 1328 1698 1369 Myrmidones
1716 1329 1827 1356 Achillis
1845 1329 1915 1364 apud
1934 1329 2061 1356 Troiam.
2101 1327 2199 1356 Auftor
2218 1328 2326 1355 Seruius
2346 1335 2418 1354 enar-

287 1383 333 1407 m't.
368 1378 431 1404 Plin.
445 1385 467 1408 3,
480 1378 496 1403 6
524 1375 635 1402 Aenaria
657 1374 754 1403 insula,
773 1382 788 1400 a
808 1372 917 1399 statione
935 1371 1043 1397 nauium
1057 1371 1175 1401 Aeneae,
1192 1368 1314 1394 Homero
1375 1373 1436 1391 ram
1449 1363 1514 1390 illud
1524 1365 1599 1398 Virg.
1614 1365 1678 1390 Aen.
1691 1373 1716 1397 2,
1732 1372 1750 1400 7
1769 1364 1970 1398 Myrmidonum
1984 1365 2171 1400 Dolopumue,
2190 1370 2236 1391 etc.
2323 1362 2418 1397 Super-

288 1415 397 1443 Inarime
409 1412 493 1442 diGia,
511 1410 616 1437 Graecis
633 1409 784 1441 Pithecusa,
803 1417 858 1434 non
875 1416 891 1433 a
907 1407 1048 1433 Simiarum
1069 1403 1240 1431 multitudine
1267 1406 1314 1433 (vt
1376 1399 1425 1427 bae
1439 1399 1573 1434 Dolopum
1586 1400 1656 1426 sedes
1680 1401 1758 1435 Virg.
1771 1402 1836 1428 Aen.
1850 1410 1876 1435 2,
1891 1410 1932 1434 29.

287 1451 367 1483 aliqui
381 1447 577 1477 existimauere)
592 1445 633 1471 sed
646 1453 660 1470 a
672 1444 770 1478 figlinis
783 1443 968 1469 doliarioruin.
1038 1441 1083 1468 EX
1117 1439 1228 1467 OFFIC.
1253 1438 1314 1465 DO·
1411 1440 1507 1461 DOLO
1517 1441 1575 1461 PEi
1586 1441 1605 1460 v
1616 1443 1648 1468 s,
1665 1445 1695 1468 a,
1711 1445 1766 1463 um.
1787 1437 1849 1464 Adi.
1885 1437 1971 1464 Valet.
1991 1436 2090 1471 Argon.
2111 1443 2134 1466 2,
2154 1443 2183 1461 io
2204 1433 2305 1460 Vidisse
2326 1436 2420 1467 putant

288 1484 402 1514 LIARIA
437 1481 555 1515 inscript.
575 1487 616 1515 ap.
635 1479 750 1506 Fabrett.
763 1487 789 1512 p.
803 1485 855 1510 519.
1333 1477 1361 1504 35
1377 1469 1508 1504 Dolopeia
1522 1470 1604 1509 busta.
1639 1470 1668 1497 id
1687 1472 1753 1507 quod
1769 1482 1786 1499 a
1804 1475 1879 1499 Poeta
1894 1472 1988 1499 dicitur
2000 1478 2106 1508 propter
2119 1469 2231 1505 Dolopis
2244 1472 2355 1505 NePtuni
2363 1467 2422 1504 filii

322 1527 340 1546 D
354 1527 373 1546 o
386 1527 401 1545 L
416 1524 427 1544 1
442 1524 463 1544 A
476 1523 494 1542 R
509 1523 520 1542 1
537 1522 557 1541 v
572 1522 601 1547 s,
639 1514 679 1540 vel
718 1518 944 1539 DOLEAvas
984 1511 1089 1536 Seruus.
1137 1510 1234 1536 Marm.
1263 1512 1317 1535 vet.
1378 1508 1406 1533 in
1419 1506 1549 1542 Magnam
1566 1498 1683 1538 exstinffl
1695 1507 1845 1543 ι[ερυιονωη.

288 1557 362 1585 ρωι,
375 1564 400 1590 p.
414 1558 491 1586 §832¹
1417 1546 1562 1573 DOLOR,
1586 1540 1650 1567 oris.
1688 1551 1724 1568 m.
1759 1540 1870 1576 [21¹7.on
1899 1540 1978 1575 ἄχος,
1997 1539 2078 1571 Sciam,
2098 1538 2225 1573 οἷλγηδιὶν]
2260 1539 2350 1565 Animi
2380 1536 2422 1564 vel

391 1592 422 1616 A.
456 1583 711 1614 TERENTIVS
746 1583 785 1610 M.
822 1582 853 1609 L.
895 1581 918 1608 C
924 1578 1214 1607 HRYSOGONVS
1378 1576 1496 1615 Corporis
1513 1574 1624 1608 molestus
1637 1576 1733 1612 sensus.
1768 1578 1854 1604 Dolor
1880 1578 1929 1611 (in
1947 1580 1985 1604 uit
1997 1578 2133 1606 Donatus)
2153 1583 2185 1601 ex
2197 1574 2303 1601 miseria
2318 1572 2423 1600 descen-

418 1633 422 1637 *
514 1621 529 1648 S
543 1622 563 1648 E
575 1621 607 1647 R.
913 1617 936 1644 D
949 1616 973 1642 O
986 1616 1008 1642 L
1020 1615 1039 1641 E
1053 1615 1075 1641 A
1089 1615 1122 1641 R.
1381 1610 1429 1636 dit.
1448 1646 1452 1650 Ι
1533 1611 1602 1638 Ter.
1616 1611 1697 1638 Andr.
1712 1619 1735 1644 5,
1749 1620 1769 1644 ι,
1785 1621 1811 1639 12
1828 1613 1890 1639 Eius
1904 1586 1995 1638 lagore
2007 1618 2087 1647 atque
2105 1611 2162 1637 eius
2183 1609 2276 1636 dolore
2295 1616 2373 1643 gnato
2391 1611 2422 1636 vt

696 1654 731 1681 Η,
767 1653 793 1679 S,
829 1652 859 1680 E.
1331 1653 1369 1679 40
1382 1644 1530 1672 medicarer
1542 1651 1598 1673 tuo.
1705 1647 1762 1674 Cic.
1775 1647 1858 1674 Tusc.
1873 1656 1896 1680 2,
1910 1655 1937 1679 35
1964 1647 2049 1674 Dolor
2073 1652 2160 1673 autem
2182 1651 2269 1676 motus
2296 1645 2370 1678 asper
2389 1643 2421 1671 1¹11
2467 1668 2474 1673 .

296 1693 352 1726 Vid.
367 1696 465 1731 Pignor.
477 1692 504 1719 de
518 1691 586 1719 Seru.
595 1696 623 1725 p.
637 1698 688 1725 550·
1381 1690 1510 1715 corpore,
1530 1690 1545 1708 a
1557 1681 1670 1708 senfibus
1683 1682 1806 1709 alienus*
1899 1682 1968 1709 Ibid.
1981 1693 2009 1717 4,
2023 1688 2048 1713 18
2069 1681 2171 1714 Dolor,
2187 1679 2324 1715 aegritudo
2335 1676 2419 1704 cruci-

328 1738 346 1757 D
357 1737 375 1757 0
386 1737 400 1755 ῑ
411 1738 419 1756 1
429 1736 475 1756 AR
485 1734 522 1753 ¹V
533 1734 559 1753 M
569 1746 577 1759 ν
595 1726 625 1752 fi·
644 1735 670 1751 ¹¹·
706 1722 853 1757 [ἆπθθῆκη]
888 1721 967 1749 caius
980 1721 1008 1747 in
1021 1720 1039 1747 ¹·
1053 1717 1133 1754 QOd
1146 1719 1219 1753 saepe
1233 1715 1258 1757 §t
1270 1716 1321 1757 3ςᾶ
1381 1724 1435 1755 ³¹1³:
1507 1716 1568 1756 Stat.
1583 1717 1648 1743 Silu.
1662 1725 1685 1750 ς,
1698 1725 1720 1750 ς,
1735 1720 1766 1750 56
1790 1718 1899 1745 Nimius
1910 1718 2024 1745 'fortasse
2049 1716 2193 1751 auidosque
2212 1714 2313 1742 doloris
2331 1712 2424 1743 Dicor,

293 1766 346 1794 etsi
362 1767 393 1792 D.
408 1765 439 1791 de
457 1760 641 1791 Contrahenda
659 1760 775 1787 emtione
796 1764 821 1783 et
833 1758 989 1784 venditione
998 1776 1006 1788 ,
1024 1756 1073 1782 Sed
1087 1761 1113 1781 et
1126 1754 1143 1780 fi
1156 1763 1187 1780 ex
1204 1753 1321 1779 doliario
1382 1757 1409 1790 et
1422 1759 1451 1776 in
1464 1750 1579 1789 lacrimis
1591 1752 1685 1777 iustum
1700 1752 1823 1779 excessisse
1835 1752 1973 1787 pudorem.
2080 1753 2175 1779 Comes
2194 1751 2332 1784 sociusque
2352 1745 2427 1773 dole»

291 1810 347 1837 pars
367 1801 421 1826 vini
441 1798 554 1825 venierit
573 1796 673 1829 (veluti
688 1799 812 1821 metretae
830 1796 947 1825 centum)
962 1791 1121 1819 veriffimum
1135 1789 1171 1816 est
1191 1787 1281 1823 (quod
1295 1792 1321 1812 et
1383 1794 1421 1812 ris
1440 1785 1552 1812 alicuius
1574 1786 1635 1812 Stat.
1655 1786 1720 1812 Silu.
1737 1795 1765 1819 2,
1784 1797 1803 1820 ι,
1816 1793 1857 1817 28.
1963 1787 2050 1813 Ferox
2063 1786 2155 1812 dolore
2175 1786 2257 1818 Ouid.
2269 1786 2336 1810 Met.
2346 1791 2370 1814 3,
2384 1783 2426 1810 68.

291 1837 405 1863 constare
418 1834 539 1865 videtur)
554 1838 692 1866 antequam
705 1829 876 1861 admetiatur,
895 1837 974 1855 omne
985 1826 1132 1862 periculum
1150 1824 1182 1851 ad
1201 1823 1322 1850 vendito·
1333 1827 1368 1854 45
1385 1821 1453 1846 Cum
1468 1820 1561 1847 dolore
1579 1820 1699 1847 Scribon.
1711 1823 1764 1851 186.
1844 1822 1876 1848 In
1888 1820 1944 1855 ipso
1958 1821 2052 1847 dolore
2068 1820 2108 1847 Id.
2122 1828 2169 1846 121.
2259 1819 2320 1845 Sine
2331 1816 2426 1843 dolore
2454 1825 2457 1829 ’

292 1881 347 1900 rein
360 1871 496 1905 pertinere.
516 1872 534 1895 i.
546 1868 672 1903 Apotheca
685 1867 724 1891 vel
735 1866 868 1899 Hypogeo‚
885 1870 914 1890 vt
926 1866 1106 1897 interpretatur
1121 1860 1242 1886 Budaeus.
1385 1855 1425 1882 Id.
1440 1864 1476 1888 53.
1582 1856 1673 1890 Tacit.
1688 1858 1755 1883 Ann.
1770 1865 1803 1888 13,
1814 1865 1834 1890 4
1852 1856 1979 1883 Meditata
1992 1856 2024 1882 ad
2037 1855 2194 1882 memoriam
2205 1854 2314 1881 virtutis
2333 1850 2428 1878 carmi·
2452 1854 2474 1868 '-

331 1914 348 1933 D
357 1913 375 1932 o
384 1913 416 1931 Li
428 1907 475 1931 Ᾱιὶ
484 1913 493 1930 ι
502 1912 554 1936 s,e.
574 1901 634 1928 Adi.
642 1900 754 1934 [πίθηαι]
762 1898 834 1932 Qud
845 1898 878 1923 ad
887 1898 953 1924 dolia
960 1901 1080 1932 pertinet.
1114 1894 1232 1920 Doliaris
1247 1900 1322 1923 anus,
1386 1899 1420 1916 na
1431 1909 1440 1921 ,
1458 1895 1484 1929 et
1497 1889 1660 1929 laudationes
1673 1897 1698 1918 et
1713 1891 1849 1924 lacrimas,
1863 1891 1906 1918 vel
1919 1891 2022 1918 doloris
2034 1891 2208 1917 imitamenta.
2285 1886 2429 1921 Impatiens

295 1942 367 1968 Cuius
375 1946 457 1966 uenter
464 1945 537 1964 tumet
544 1941 570 1963 in
577 1936 670 1963 modum
677 1934 737 1961 dolii
754 1933 834 1959 Plaut.
842 1932 930 1958 Pseud.
939 1940 997 1963 2,2,
1003 1934 1047 1963 64.
1093 1929 1195 1954 Vinum
1209 1927 1322 1965 doliare,
1388 1924 1491 1949 doloris
1509 1924 1590 1950 Ouid.
1603 1926 1666 1951 Met.
1679 1934 1718 1957 14,
1731 1928 1787 1959 716.
1891 1927 2006 1960 Impetus
2020 1925 2120 1952 doloris
2140 1925 2207 1952 Cels.
2220 1933 2246 1956 2,
2259 1931 2297 1956 14.
2345 1919 2429 1948 Ouid.

296 1975 369 2011 de
381 1974 459 2001 adhuc
472 1976 497 1998 in
511 1972 574 1997 dolio
587 1970 634 2003 est,
651 1970 749 1995 necdum
761 1967 887 2003 diffisum.
920 1965 979 2000 le.
996 1966 1013 1991 l.
1026 1973 1035 1991 i
1049 1963 1071 2000 §.
1085 1964 1132 1989 vlt.
1146 1964 1178 1988 D.
1192 1962 1223 1988 de
1243 1968 1325 2000 peric.
1388 1959 1452 1983 Met.
1465 1960 1492 1990 6,
1508 1965 1554 1992 575
1573 1959 1678 1999 Grande
1691 1959 1793 1985 doloris
1826 1960 1981 1993 Ingenium,
1998 1960 2154 1994 miserisque
2172 1960 2247 1986 venit
2264 1957 2370 1985 solertia
2389 1964 2432 1983 re-

297 2017 323 2038 ct
336 2007 466 2037 commod.
485 2007 512 2033 Si
524 2006 623 2032 doliare
635 2005 728 2031 vinum
741 2003 850 2035 emeris,
866 2011 913 2028 nec
925 2000 956 2027 de
970 1998 1096 2028 tradendo
1109 2007 1142 2025 eo
1160 2000 1325 2027 conuenerit,
1340 1998 1372 2025 50
1390 1992 1457 2033 bus..
1551 1994 1746 2034 Medicamenta
1766 1994 1884 2027 doloris,
1906 1995 1961 2021 vid.
1989 2002 2014 2021 M
2025 2000 2069 2021 1-:D
2078 2000 2112 2021 ic
2121 2001 2152 2021 o.
2255 1994 2433 2020 Monumenta

298 2053 342 2074 m..
385 2043 441 2071 yid·
463 2048 584 2069 ViNVM.
1380 2029 1460 2054 -saeui
1476 2027 1577 2056 doloris
1593 2030 1668 2064 Virg.
1681 2030 1745 2056 Aen.
1759 2038 1794 2062 12,
1808 2037 1867 2063 945.
1973 2030 2077 2057 Morsus
2089 2028 2191 2056 doloris
2204 2037 2263 2056 acer
2279 2029 2335 2056 Cic.
2343 2028 2429 2054 Tuse.

336 2088 354 2108 D
363 2079 405 2107 (31.
414 2086 450 2111 o,
475 2077 516 2103 aui
525 2097 534 2110 ,
560 2081 627 2102 atum
636 2094 645 2107 ,
670 2077 722 2100 are.
758 2071 893 2105 [oi-exenia,
909 2069 1036 2106 χιδιοίζω]
1072 2068 1205 2096 fabrorum
1216 2065 1325 2097 verbum,
1389 2072 1413 2096 2,
1426 2072 1453 2097 53
1466 2072 1488 2090 c.
1502 2072 1544 2091 22.
1647 2065 1713 2092 Cels.
1726 2073 1749 2099 5,
1757 2070 1785 2094 28
1803 2065 1929 2098 Finisque
1940 2064 2070 2092 adurendi
2081 2065 2134 2098 est,
2148 2064 2211 2091 dum
2227 2073 2258 2091 ex
2269 2063 2344 2091 omni
2356 2070 2432 2098 parte

300 2126 371 2153 quum
385 2116 498 2141 materiae
512 2113 678 2147 complanatur
691 2108 819 2144 asperitas.
872 2106 958 2132 Varro
970 2106 999 2131 in
1012 2104 1148 2139 Agathone
1160 2109 1200 2138 ap.
1213 2103 1287 2129 Non.
1299 2109 1326 2133 2,
1389 2100 1474 2126 sensus
1489 2099 1589 2139 doloris
1603 2099 1648 2127 est.
1742 2100 1824 2127 Ouid.
1844 2100 1911 2127 Fast.
1930 2102 1958 2132 6,
1974 2102 2020 2133 356
2046 2101 2152 2127 Summa
2171 2098 2310 2126 difficultas
2323 2105 2349 2126 et
2361 2099 2432 2125 sum-

301 2160 343 2184 ²35
363 2151 495 2177 Numnam
508 2147 619 2173 caelatus
628 2145 660 2172 -in
675 2152 751 2171 manu
765 2142 869 2168 dextera
883 2141 1007 2175 scyphus,
1025 2141 1097 2166 caelo
1109 2139 1224 2171 doinus,
1243 2142 1327 2164 artem
1390 2143 1448 2161 mus
1460 2135 1544 2161 animi
1557 2135 1644 2162 dolor.
1750 2136 1806 2162 Cic.
1820 2136 1874 2162 Att.
1889 2140 1913 2168 8,
1927 2144 1941 2168 3
1960 2135 1991 2162 In
2003 2140 2115 2170 vtraque
2127 2135 2199 2162 enini
2212 2144 2240 2162 re
2253 2135 2354 2161 summa
2362 2131 2434 2161 diffi-

302 2183 410 2213 ostentat
424 2183 549 2210 Mentoris
563 2183 572 2208 3
612 2180 668 2208 Vid.
683 2188 737 2205 mox
751 2182 906 2204 DOLATvs.
927 2174 1085 2203 ·Cic.Acad.
1099 2183 1128 2207 4,
1142 2183 1188 2201 100
1199 2181 1249 2205 e.3i
1263 2172 1328 2199 Non
1345 2178 1374 2205 55
1391 2171 1473 2196 cultas
1497 2171 1565 2204 erit,
1588 2172 1703 2198 summus
1729 2171 1812 2198 animi
1835 2171 1923 2198 dolor.
2037 2171 2219 2198 Articulorum
2242 2170 2346 2197 dolores
2375 2169 2433 2196 Cic.

304 2222 373 2249 enim
388 2220 422 2247 cst
435 2229 448 2245 e
461 2220 519 2245 saxo
534 2217 658 2251 sculptus,
674 2220 718 2241 aut
731 2223 744 2239 e
757 2212 854 2239 robore
866 2211 977 2238 dolatus.
1080 2211 1147 2237 Plin.
1168 2211 1211 2241 16,
1225 2216 1255 2241 39
1280 2208 1329 2234 Ca·
1391 2207 1478 2246 Att.'1,
1515 2226 1521 2233 .
1559 2226 1566 2233 .
1661 2206 1699 2232 Id.
1714 2205 1752 2233 ib.
1766 2216 1793 2240 9,
1812 2215 1833 2233 ii
1867 2207 1961 2233 Tanto
1980 2206 2039 2241 plus
2056 2206 2127 2242 apud
2141 2215 2184 2233 me
2197 2205 2286 2233 valere
2307 2203 2433 2233 beneficii

303 2264 365 2284 veto
378 2265 410 2282 ne
422 2264 468 2289 per
480 2262 567 2280 rorem
580 2251 678 2283 trahas,
694 2255 737 2276 aut
749 2248 829 2274 doles.
932 2245 1064 2273 Columel.
1084 2255 1107 2272 ιι
1117 2266 1125 2278 ,
1138 2254 1150 2271 2
1171 2244 1295 2271 Materies
1309 2242 1327 2268 fl
1392 2248 1503 2276 gratiam
1512 2261 1521 2274 ,
1539 2250 1618 2276 quam
1632 2241 1749 2269 iniuriae
1762 2242 1884 2270 dolorem
1897 2241 1971 2268 volo.
2077 2243 2202 2269 Laterum
2214 2241 2309 2275 dolor,
2329 2243 2349 2267 ι’.
2362 2241 2434 2267 Pleu-

305 2292 417 2320 roborea
429 2290 479 2322 est,
499 2289 530 2315 ab
544 2297 596 2314 vno
609 2287 684 2313 fabro
698 2284 781 2311 dolari
801 2282 832 2309 ad
849 2290 964 2317 vnguem
983 2290 1030 2316 per
1050 2281 1174 2316 quadrata
1192 2279 1270 2306 debet
1289 2286 1331 2313 pe·
1391 2279 1451 2317 riti-f
1472 2278 1539 2304 Hor.
1552 2277 1633 2303 Serm.
1647 2286 1668 2310 1,
1680 2286 1705 2310 9,
1718 2286 1756 2310 32.
1862 2277 1918 2305 Cic.
1938 2286 1987 2312 pro
2000 2277 2068 2304 Sext.
2082 2286 2118 2311 49
2142 2276 2256 2304 Caedem
2275 2285 2290 2304 a
2308 2275 2388 2304 vobis
2400 2274 2436 2303 li-

305 2327 366 2354 dum
383 2334 430 2353 xx.
485 2326 515 2351 Et
526 2323 592 2359 apud
603 2322 698 2350 eundem
712 2326 735 2353 8,
749 2329 761 2352 3
779 2318 876 2346 Dolare
889 2318 1014 2353 perticam
1028 2317 1056 2343 in
1068 2316 1206 2351 quadrum.
1276 2315 1331 2341 Ma·
1392 2312 1518 2352 berisque
1532 2312 1638 2345 vestris,
1658 2313 1820 2344 vastitatem,
1840 2312 1976 2345 incendia,
1993 2313 2097 2348 rapinas
2116 2321 2177 2340 meo
2195 2311 2288 2339 dolore
2307 2311 2434 2346 luemque

306 2364 399 2391 teriem
412 2360 500 2387 dolare
520 2359 621 2385 Lucret.
636 2365 658 2390 5,
672 2358 741 2383 1266.
828 2354 926 2380 Dolare
938 2361 1003 2387 opus
1017 2352 1126 2386 aliquod
1146 2352 1201 2378 Cic.
1215 2350 1246 2376 de
1255 2351 1330 2389 Orat.
1344 2352 1379 2378 60
1394 2347 1496 2382 depuli.
1690 2346 1711 2386 fl
1732 2357 1748 2375 2
1784 2349 1914 2384 Epitheta:
1948 2349 2016 2375 Acer
2029 2347 2124 2381 dolor,
2143 2348 2196 2375 vid.
2208 2353 2306 2375 ACER.
2374 2347 2435 2374 cie.

305 2407 329 2430 2,
342 2405 381 2431 54.
450 2395 488 2421 Id.
502 2394 534 2420 de
546 2394 635 2420 Diuin.
650 2401 674 2424 2,
687 2394 716 2422 86
729 2401 749 2417 c.
762 2398 793 2423 41
814 2390 882 2422 Qiis
901 2388 986 2415 robur
1004 2387 1069 2413 illud
1088 2385 1199 2417 cecidit,
1220 2385 1332 2415 dolauit,
1394 2392 1443 2418 pro
1458 2383 1563 2410 Cluent.
1577 2392 1606 2410 10
1630 2383 1701 2410 Huic
1721 2389 1809 2411 autem
1827 2393 1877 2419 pro
1899 2392 1952 2419 quo
1974 2383 2088 2417 dicitur,
2107 2383 2176 2411 nihil
2195 2382 2268 2419 poffit
2283 2382 2437 2410 offenfionis
2454 2401 2455 2409 1

305 2431 431 2465 inscripsit
445 2431 453 2457 3
513 2429 593 2456 Plaut.
607 2428 663 2455 Mil.
679 2436 700 2459 3,
713 2435 734 2459 3,
747 2428 783 2458 64
798 2425 876 2451 Hunc
888 2432 934 2450 nos
947 2422 1039 2449 dolum
1053 2421 1183 2447 dolamus.
1253 2420 1333 2445 Lum-
1396 2418 1518 2457 accedere
1542 2418 1595 2445 sine
1616 2419 1777 2446 acerbiffimo
1802 2419 1885 2445 animi
1915 2420 1989 2446 sensu
2013 2428 2042 2445 ac
2055 2418 2157 2446 dolore.
2263 2418 2338 2446 Acria
2356 2417 2437 2445 dolor
2453 2426 2459 2460 Ι·

306 2468 354 2496 bos
369 2466 433 2494 t'uste
447 2465 535 2491 dolare
552 2466 618 2491 Hor.
631 2464 711 2490 Serm.
726 2470 746 2494 i,
759 2469 781 2494 5,
797 2469 832 2487 22.
940 2458 1015 2486 Falce
1028 2456 1131 2483 dolatus
1152 2456 1268 2489 Propert.
1276 2462 1304 2486 4,
1312 2462 1334 2483 2,
1395 2454 1470 2486 Virg.
1485 2454 1550 2480 Aen.
1566 2463 1600 2486 11,
1613 2461 1675 2488 709.
1782 2455 1881 2482 Acutus
1893 2455 1982 2481 lateris
1996 2453 2075 2481 dolor
2095 2455 2163 2482 Cels.
2178 2462 2205 2487 2,
2220 2461 2247 2489 7.
2352 2451 2437 2488 Aegri
2462 2450 2463 2454 ¹

307 2512 347 2537 59.
438 2500 550 2532 Puellas,
564 2499 636 2536 sensu
656 2498 751 2533 obsceno
776 2494 891 2523 Martial.
903 2502 931 2530 7,
943 2496 987 2526 66,
1000 2502 1021 2525 3.
1057 2492 1103 2519 Sed
1119 2492 1151 2517 al.
1164 2495 1255 2520 vorat,
1271 2487 1335 2524 quod
1397 2487 1503 2529 dolores
1523 2489 1627 2515 Lucret.
1643 2497 1664 2520 3,
1677 2494 1730 2521 918.
1833 2490 1911 2525 Caeci
1924 2489 2030 2516 dolores
2045 2490 2103 2516 Sen.
2115 2491 2195 2517 Herc.
2209 2490 2269 2516 Oet.
2283 2496 2355 2524 1459.
2372 2491 2438 2516 i-oc·
2454 2485 2469 2530 ζ

306 2545 391 2566 contra
419 2537 548 2563 Gruterum
574 2534 686 2571 defendit
718 2534 824 2560 Scriuer.
951 2530 1070 2556 onrem
1110 2528 1237 2561 Pompon.
1269 2522 1335 2559 apud
1349 2525 1380 2556 65
1400 2523 1469 2548 culti.
1587 2524 1689 2562 Certus⁴
1701 2523 1794 2554 dolor,
1811 2526 1830 2549 i.
1854 2522 1972 2556 Constans
1990 2525 2058 2550 Hor.
2082 2524 2164 2559 Epod.
2185 2531 2226 2557 ις,
2250 2527 2287 2552 16.
2382 2523 2441 2554 Cic.
2460 2531 2463 2533 “

308 2574 427 2601 Nonium
442 2580 464 2604 2,
477 2579 536 2605 742·
1306 2593 1311 2599 ⁸
1399 2558 1471 2584 Fam.
1487 2567 1516 2591 4,
1527 2565 1543 2598 3
1564 2557 1604 2583 Est
1617 2566 1728 2584 omnino
1742 2558 1788 2584 vix
1800 2557 1977 2585 Consolabilis
1992 2558 2089 2586 dolor:
2124 2564 2195 2585 tanta
2213 2558 2249 2584 est
2263 2558 2384 2584 omnium
2397 2567 2440 2586 re-

344 2609 472 2635 DOLAT
484 2613 543 2638 vs,
562 2613 593 2637 a,
611 2612 666 2629 um.
680 2602 773 2629 Partic.
813 2601 870 2628 Vid.
890 2606 981 2628 Doto.
1016 2596 1124 2626 Dolatus
1137 2605 1151 2622 e
1163 2595 1262 2623 robore
1281 2594 1338 2620 Cic.
1399 2602 1459 2619 rum
1480 2592 1596 2625 aniissio,
1620 2599 1646 2619 et
1666 2592 1813 2627 desperatio
1841 2594 2022 2628 recuperandi.
2126 2594 2258 2621 Cruentus
2280 2593 2339 2619 Sen.
2358 2593 2438 2622 Here,
2460 2618 2463 2622 ,

309 2643 384 2671 Acad.
398 2652 425 2675 4,
437 2651 482 2668 100
494 2650 515 2667 c.
529 2649 563 2672 3ι.
617 2638 713 2663 Dolato
726 2636 834 2663 confisus
848 2637 919 2670 ligno
939 2637 1032 2662 quen.
1045 2635 1095 2661 Sat.
1109 2641 1146 2666 12,
1163 2639 1203 2666 57.
1257 2631 1336 2657 Mart.
1400 2628 1461 2655 Oct.
1475 2636 1526 2660 233.
1619 2628 1708 2667 Durus
1727 2628 1803 2662 Virg.
1817 2629 1880 2654 Aen.
1895 2637 1917 2661 5,
1932 2636 1955 2661 5.
2061 2629 2142 2656 Ferus
2161 2627 2242 2659 Ouid.
2255 2626 2287 2653 de
2299 2627 2361 2653 Arte
2373 2628 2432 2654 Ani.

310 2682 336 2712 6,
348 2687 383 2711 49
400 2680 506 2712 Priapus
518 2675 549 2702 de
562 2673 652 2708 fragili
663 2672 764 2698 dolatus
781 2671 864 2697 vlmo.
1401 2671 1425 2695 2,
1439 2671 1502 2697 490.
1607 2663 1748 2689 Femineus
1767 2663 1849 2690 Ouid.
1869 2664 1934 2689 Met.
1952 2671 1978 2695 9,
1995 2670 2041 2696 151.
2146 2663 2270 2690 Furiosus
2296 2662 2353 2688 Seii.
2364 2660 2435 2690 Mea.

346 2720 414 2740 DOL
425 2711 532 2743 iTvs,
551 2719 581 2742 a,
604 2717 656 2734 um.
694 2706 768 2733 Idem.
804 2705 910 2731 Nonius
924 2712 949 2736 2,
965 2711 1006 2735 235
1024 2704 1162 2733 nclitum,
1183 2701 1255 2735 quod
1268 2699 1338 2726 dola·
1347 2711 1382 2738 70
1400 2708 1427 2725 v.
1443 2707 1476 2730 13.
1494 2700 1513 2724 i.
1525 2700 1574 2725 ira.
1646 2698 1771 2724 Furtiuus
1789 2699 1851 2724 Stat.
1865 2697 1955 2725 Theb.
1971 2706 2008 2730 12,
2024 2706 2079 2730 39²·
2120 2698 2251 2733 Ignauus,
2271 2696 2325 2724 vid.
2341 2702 2437 2724 IGNA-

313 2753 368 2775 mm
380 2749 424 2773 vsu
437 2747 548 2778 dicitur,
567 2743 638 2779 quod
651 2742 686 2769 est
700 2740 845 2776 pertaesum
857 2739 900 2765 vel
913 2738 1042 2769 abrasum,
1060 2737 1124 2763 vele
1164 2736 1236 2762 ssum.
1274 2736 1339 2761 Var-
1403 2741 1473 2760 Vvs.
1544 2734 1689 2760 Immensus
1706 2734 1764 2760 Sen.
1778 2733 1869 2760 Theb.
1880 2741 1904 2760 2.
1979 2733 2094 2760 Immitis
2116 2734 2175 2761 Sen.
2185 2733 2280 2760 oetan.
2294 2741 2318 2759 2.
2386 2731 2440 2758 Im-

314 2792 344 2810 ro
357 2782 504 2817 Agathone,
519 2779 632 2815 Scyphus
645 2777 717 2804 caelo
730 2776 827 2803 dolitus
839 2780 921 2801 artem
935 2772 1044 2799 ostentat
1052 2773 1113 2798 Men
1160 2771 1189 2798 is.
1268 2769 1339 2803 ,Qiod
1404 2768 1540 2802 patib³1is,
1558 2768 1612 2794 uid.
1635 2774 1847 2795 1MPAT1131Lis.
1916 2768 2037 2794 Incautus
2061 2769 2140 2796 dolor
2158 2768 2251 2796 Claud.
2270 2766 2349 2800 Epist.
2369 2774 2390 2798 1,
2411 2767 2439 2793 6.

315 2819 416 2845 Lucret.
429 2825 451 2850 5,
468 2820 528 2843 1266
542 2818 633 2852 legitur
648 2813 717 2839 bodie
735 2811 873 2838 Materiem
894 2808 1014 2839 laeuare,
1034 2807 1140 2837 dolare,
1158 2814 1187 2831 ac
1205 2803 1297 2830 radere
1311 2802 1342 2828 li·
1402 2804 1524 2841 Incertus
1553 2803 1611 2828 Sen.
1643 2803 1751 2836 Hippol.
1783 2810 1811 2840 st·
1893 2802 2064 2836 Indifferens,
2083 2804 2137 2830 oid.
2165 2807 2440 2829 INDIFFERENS.

317 2862 385 2887 gna;
418 2852 534 2887 Gifanius
552 2860 580 2877 ex
599 2850 673 2877 MSS.
701 2849 749 2883 legi
778 2847 832 2874 vult
866 2845 1058 2877 Materiemque
1090 2840 1196 2871 dolere,
1220 2839 1341 2869 laeuare,
1404 2836 1580 2876 Infleinbilem
1593 2836 1715 2876 dolorem
1728 2835 1935 2870 (opisthotonon
1946 2842 2059 2870 vocant)
2074 2839 2145 2864 leuat
2163 2836 2240 2864 vrina
2260 2844 2351 2870 caprae
2370 2835 2443 2863 auri.

316 2896 346 2915 vt
363 2887 399 2922 fit
427 2885 581 2927 Anapaestur
592 2892 640 2921 pro
650 2882 766 2917 Daflylo.
1359 2881 1391 2909 75
1404 2871 1453 2898 bus
1468 2871 1553 2897 ¹¹¹f1¹sa
1572 2871 1639 2897 Phn·
1654 2877 1695 2903 28,
1708 2879 1742 2897 12·
1812 2872 1906 2906 Ingens
1924 2873 1998 2908 Virg.
2010 2875 2075 2899 Aen.
2088 2880 2111 2904 5,
2129 2878 2182 2906 172.
2249 2872 2380 2907 Ingenuus
2393 2870 2441 2899 do-

354 2930 371 2949 D
381 2929 424 2948 OL
435 2923 551 2955 KTvs,
569 2929 607 2948 us·
629 2929 666 2946 m.
701 2917 777 2945 prud·
810 2914 896 2948 Psych,
926 2923 952 2941 v,
988 2917 1035 2948 837
1069 2924 1115 2952 ——f
1150 2909 1288 2960 Multoque
1301 2907 1342 2934 fo·
1406 2907 1449 2933 lor
1469 2907 1525 2932 Sen.
1539 2906 1570 2931 de
1585 2906 1676 2933 Benef.
1692 2915 1714 2937 2,
1731 2914 1752 2939 5.
1823 2908 1949 2943 Inopinus
1969 2909 2030 2934 Stat.
2042 2906 2135 2933 Theb.
2149 2916 2168 2938 ι,
2180 2915 2239 2940 249.
2307 2906 2429 2934 Insanabi

320 2963 373 2986 rata
390 2957 485 2984 dolatu.
1407 2942 1440 2968 lis
1459 2941 1587 2975 Qiinctil.
1602 2941 1630 2967 in
1644 2942 1764 2968 Prooem.
1778 2944 1803 2968 6.
1891 2943 1965 2969 Seru.
1985 2942 2079 2976 Sulpic.
2091 2941 2125 2968 ad
2137 2942 2192 2968 Cic.
2205 2943 2276 2970 Fam.
2290 2951 2319 2976 4,
2333 2950 2346 2976 5
2365 2923 2451 2977 Quid*

353 2999 371 3019 D
383 2999 401 3019 0
412 3000 427 3019 L
435 3000 455 3019 A
463 2998 528 3019 Tio
541 3011 550 3024 ‚
566 2990 634 3018 ὃῃῑς,
653 2988 673 3015 fi
710 2987 785 3016 Idem,
822 2984 958 3020 Augustin.
996 3003 1003 3010 .
1040 3002 1047 3009 .
1086 3001 1092 3008 .
1304 3013 1309 3018 ¹
1407 2978 1443 3004 est
1452 2997 1460 3009 ,
1480 2976 1550 3016 quod
1563 2982 1698 3011 tantopere
1711 2984 1736 3004 te
1747 2983 1913 3005 commoueat
1926 2983 1985 3003 tuus
1997 2976 2076 3004 dolor
2089 2977 2225 3004 intestinus
2238 2978 2248 3005 Ξ
2283 2977 2387 3005 Dolebat
2398 2987 2443 3005 au-
2455 2977 2463 2984 “

355 3035 372 3054 D
381 3035 399 3054 Ο
408 3034 423 3053 1,
433 3029 454 3054 Ᾱ
463 3035 487 3054 M
496 3034 557 3060 EN,
572 3026 633 3052 ῑῃῐς,
652 3033 678 3051 ῃ,
714 3023 791 3051 Jdem,
826 3021 901 3056 Apul.
915 3020 987 3047 Flor.
997 3025 1041 3055 pr.
1066 3017 1193 3044 Truncus
1214 3013 1346 3041 dolamine
1408 3020 1456 3039 tem
1470 3013 1565 3038 Cicero
1579 3013 1608 3038 de
1621 3021 1696 3038 morte
1704 3012 1785 3047 filiae.
1854 3012 2009 3044 Intestinus,
2027 3015 2045 3039 i.
2058 3011 2220 3046 Domesticos.
2275 3014 2317 3041 Sic
2328 3016 2390 3040 enim
2401 3012 2442 3040 di-

320 3062 456 3097 effigiatur·
1361 3054 1393 3080 80
1409 3048 1476 3074 Ham
1490 3046 1522 3080 est
1531 3067 1540 3080 ‚
1558 3047 1670 3087 quomodo
1684 3047 1774 3074 Bellum
1787 3046 1944 3080 intestinum,
1961 3050 1979 3074 i.
1993 3047 2067 3082 Qud
2077 3047 2143 3074 domi
2155 3055 2177 3074 et
2195 3052 2223 3075 in
2240 3051 2343 3076 ciuitate
2356 3046 2443 3082 ncfirae

356 3099 554 3129 DOLATOR‚
569 3096 631 3123 &is-
650 3102 685 3120 m·
720 3093 799 3120 Gloss‘.
813 3092 873 3118 Vet-
886 3089 1024 3119 πελαητῆς,
1408 3082 1449 3118 fit.
1479 3117 1485 3123 ·
1520 3082 1698 3109 Intolerabilis
1718 3082 1786 3109 Cels.
1799 3091 1825 3115 2,
1833 3090 1876 3110 ιο.
1945 3082 2028 3109 Iustus
2048 3083 2129 3110 Ouid.
2145 3083 2222 3119 Epist.
2236 3092 2274 3117 12,
2288 3092 2337 3117 ¹33·
2391 3084 2441 3111 La·
2460 3087 2461 3090 ’

357 3140 401 3160 no
411 3139 455 3159 LA
465 3138 486 3158 'r
496 3138 515 3157 o
525 3139 544 3158 R
554 3140 562 3158 1
572 3139 589 3158 v
602 3137 626 3157 M
637 3150 646 3163 ,
665 3130 695 3156 ii.
715 3138 741 3155 n.
778 3127 891 3154 Hieron.
906 3125 984 3160 Epist.
1000 3131 1038 3156 135
1065 3121 1098 3150 ad
1115 3122 1177 3148 Sun-
1197 3125 1223 3147 et
1240 3118 1346 3147 Fretell.
1409 3118 1499 3146 teralis
1512 3118 1594 3158 dolor⁴
1613 3118 1679 3144 Plin.
1692 3126 1729 3149 21,
1742 3126 1776 3144 21.
1847 3118 1943 3144 Lentus
1963 3118 2030 3144 Cels.
2044 3126 2067 3151 3,
2081 3127 2105 3145 2.
2176 3120 2283 3154 Longus
2300 3119 2374 3146 Idem
2386 3127 2410 3150 2,
2417 3123 2442 3150 8.

323 3166 354 3201 ψ
367 3169 561 3195 Ferramentum
574 3175 627 3201 quo
640 3164 737 3199 lapides
755 3163 884 3190 dolantur.
1409 3155 1519 3194 Magnus
1543 3153 1661 3180 Scribon.
1686 3160 1726 3187 37.
1796 3152 1941 3180 Mediocris
1970 3153 2038 3179 Cels.
2055 3161 2082 3189 7,
2103 3162 2145 3182 20.
2214 3154 2329 3182 Moestus
2360 3153 2445 3182 Ouid.

357 3209 374 3228 ι)
385 3209 404 3229 0
415 3200 594 3233 LATiLis,
615 3210 637 3227 e.
673 3199 731 3226 Adi.
767 3197 837 3233 Qod
842 3197 924 3234 facile
942 3195 1049 3222 dolatur.
1083 3194 1194 3219 Venant.
1211 3191 1347 3218 Fortunat.
1409 3189 1495 3216 Trist.
1509 3198 1537 3222 4,
1549 3197 1572 3221 3,
1584 3197 1621 3215 21.
1654 3223 1659 3228 .
1691 3188 1862 3220 Mortiferus‚
1881 3188 1933 3214 vid.
1953 3194 2086 3216 MORIOR.
2178 3190 2364 3225 Municipalis,
2387 3188 2444 3216 vid.

324 3238 427 3264 mxu&
441 3237 472 3263 de
485 3234 773 3269 Limit.Goefiip.270.
1364 3230 1393 3259 85
1411 3231 1538 3251 mvnvs.
1608 3223 1738 3256 Odiosus,
1756 3223 1808 3249 vid.
1830 3230 1948 3250 ODIVM.
2019 3223 2173 3258 Officiosus,
2195 3225 2247 3252 vid.
2269 3231 2442 3253 OFFICIVM.

363 3278 406 3300 no
416 3280 431 3298 L
441 3273 483 3299 ᾸΒ
493 3279 511 3298 R
520 3279 540 3298 A
549 3291 558 3303 ,
574 3279 612 3297 ae.
644 3270 662 3296 f.
699 3269 798 3302 [α’ξίνη,
816 3266 920 3300 σμινύη]
957 3263 1160 3298 Irisirumentum,
1174 3270 1219 3297 quo
1233 3260 1348 3287 dolantur
1411 3260 1530 3299 Pertinax
1546 3259 1755 3299 Semi-lernou.
1769 3267 1808 3291 14.
1844 3259 1980 3298 'Praesenti
1992 3259 2086 3286 dolore
2105 3261 2222 3288 Scribon.
2231 3269 2267 3293 19.
2310 3260 2444 3295 Qierulus

329 3305 348 3331 11·
374 3316 403 3332 ω,
436 3305 636 3334 00111111e1,Arb.
645 3312 706 3336 10,2
727 3305 801 3337 Qiae
814 3303 879 3329 falce
892 3300 1021 3336 amputari
1034 3308 1086 3325 non
1099 3298 1208 3332 possunt,
1221 3303 1294 3322 acuta
1303 3294 1348 3320 do·
1411 3295 1491 3322 Ouid.
1506 3294 1591 3322 Trist.
1606 3302 1626 3327 3,
1638 3299 1661 3325 8,
1675 3302 1713 3326 32.
1784 3292 1899 3320 Rabidus
1917 3294 1977 3321 Stat.
1991 3294 2082 3322 Theb.
2096 3299 2122 3328 6,
2136 3301 2172 3329 83.
2229 3295 2352 3323 Solicitus
2360 3295 2443 3323 Ouid.

332 3340 353 3366 10
374 3350 400 3366 m
418 3342 542 3368 ,brad-110,
646 3341 736 3366 lunen.
755 3339 805 3364 Sat.
818 3343 842 3369 8,
855 3343 886 3371 37
910 3336 937 3362 de
949 3337 1052 3367 Mario,
1071 3334 1097 3360 Si
1112 3333 1195 3359 lentus
1208 3332 1280 3365 pigra
1294 3339 1350 3356 niu·
1413 3331 1444 3356 de
1457 3331 1519 3356 Arte
1533 3331 1589 3356 Am.
1604 3338 1625 3361 3,
1638 3337 1697 3364 374.
1768 3328 1874 3355 Subitus
1891 3329 1962 3355 Idem
1977 3329 2042 3356 ibid.
2056 3340 2078 3363 3,
2092 3339 2152 3365 702.
2224 3331 2330 3358 Tacitis
2342 3331 2446 3357 dolori·

332 3375 399 3401 niret
411 3377 485 3403 castra
497 3376 612 3403 dolabra,
682 3373 723 3407 Est
739 3382 826 3409 quoque
841 3376 867 3398 in
881 3370 1038 3403 instrumento
1049 3367 1148 3401 rustico.
1221 3367 1260 3392 Sic
1274 3365 1351 3392 Dola·
1414 3365 1461 3392 bus
1477 3366 1518 3392 vri
1539 3365 1621 3392 Ouid.
1636 3364 1700 3391 Fast.
1713 3372 1736 3396 3,
1750 3370 1810 3398 489.
1882 3364 1975 3391 Tener
1987 3365 2064 3392 dolor
2083 3366 2175 3394 Claud.
2190 3367 2223 3394 de
2237 3367 2311 3402 Rapt.
2324 3366 2443 3401 Proserp-

333 3408 387 3435 bris
403 3411 634 3438 circunifodiuntur
650 3409 749 3436 rosaria
765 3407 859 3433 Pallad.
878 3406 955 3433 Febr.
969 3414 1004 3438 21,
1019 3414 1034 3431 2.
1061 3402 1184 3430 Dolabris
1197 3401 1350 3435 dissipandae
1364 3410 1399 3434 90
1416 3409 1438 3431 2,
1452 3409 1501 3432 323-
1520 3403 1537 3426 i.
1551 3400 1679 3426 Puelloris.
1771 3399 1861 3426 Totus
1876 3400 1903 3425 in
1917 3400 1991 3427 vultu
2006 3400 2083 3429 dolor
2100 3403 2158 3429 Sen.
2171 3401 2243 3430 Med.
2256 3410 2282 3437 7.
2350 3401 2445 3428 Vastu-

335 3443 422 3476 glcbae
446 3445 511 3471 ibid,
525 3448 576 3472 Ian.
591 3455 613 3477 3,
626 3455 650 3472 2,
756 3442 884 3471 Dolabra,
902 3444 967 3467 inter
981 3439 1140 3472 instrumenta
1155 3440 1277 3464 lanionum
1280 3438 1353 3471 ponit
1416 3435 1493 3461 dolor
1513 3435 1629 3461 Scribon.
1645 3439 1696 3464 182.
1770 3434 1891 3461 Vetustus
1904 3435 1981 3462 dolor
2001 3437 2065 3465 Cels.
2079 3447 2106 3471 4,
2119 3446 2140 3464 2.
2230 3437 2285 3465 Cic.
2299 3436 2352 3463 Att.
2368 3445 2399 3468 ιι,
2412 3434 2450 3469 23'

336 3479 436 3503 Paullus
450 3479 477 3504 in
489 3480 505 3505 l.
519 3481 583 3506 Cum
596 3481 627 3507 de
640 3479 752 3506 lanionis
765 3478 796 3504 D.
809 3477 841 3503 de
856 3476 971 3503 instruet.
984 3475 1026 3501 vel
1040 3474 1157 3500 instrum.
1171 3472 1220 3506 leg.
1314 3470 1354 3504 Est
1416 3471 1575 3496 Videreniur
1587 3469 1687 3504 aliquid
1703 3468 1802 3496 doloris
1810 3470 1903 3496 Virilis
1916 3470 2038 3498 habuisse.
2109 3472 2230 3500 Abiicere
2243 3470 2363 3498 dolorem
2371 3481 2445 3506 prae-

338 3515 408 3537 eeiam
423 3512 600 3544 lustramentum
614 3518 715 3542 militiae
727 3514 760 3541 ad
770 3522 850 3539 muros
859 3510 1017 3547 subruendos.
1064 3509 1154 3535 Tacit.
1169 3507 1236 3534 Hist.
1250 3515 1272 3538 3,
1286 3515 1329 3538 20,
1343 3513 1355 3538 5
1414 3506 1494 3539 ceptis
1507 3511 1532 3530 et
1546 3505 1655 3531 monitis
1668 3503 1778 3531 alicuius
1791 3505 1846 3531 Cic.
1860 3506 1930 3532 Fam.
1940 3514 1961 3539 5,
1970 3515 2003 3539 ¹3·
2073 3508 2188 3535 Abolere
2201 3507 2321 3534 dolorem
2333 3508 2446 3541 etiram‚

340 3546 481 3584 Conuersus
494 3547 525 3572 ad
538 3548 643 3581 singulos
656 3559 718 3576 nuni
732 3550 831 3576 secures
845 3546 1015 3580 dolabrasque
1029 3550 1054 3571 ct
1067 3549 1167 3570 caetera
1180 3542 1356 3576 expugnandis
1416 3541 1568 3574 Abstergere
1591 3540 1727 3571 dolorem,
1764 3539 1900 3566 Abstrusus
1922 3542 2004 3568 animi
2029 3541 2122 3576 dolor,
2137 3543 2190 3570 vid.
2202 3541 2235 3576 ,ΠΣ
2253 3542 2279 3568 ΙΙ.
2386 3542 2445 3570 Cic.

342 3579 449 3619 vrbibus
468 3583 549 3607 secum
569 3585 718 3617 attulissent,
734 3583 873 3618 rogitabat.
940 3581 1000 3607 Liu.
1020 3588 1046 3612 9,
1059 3586 1089 3613 37
1117 3577 1246 3605 Dolabrae
1259 3577 1356 3603 caloni·
1369 3584 1400 3610 95
1418 3577 1470 3603 Att.
1483 3585 1502 3606 ι,
1517 3584 1544 3601 ιο
1564 3575 1676 3608 Qiaeris
1690 3583 1720 3600 ex
1734 3584 1790 3605 nie,
1811 3575 1888 3602 dolor
1900 3577 2003 3604 Acceffit
2020 3577 2096 3605 bonis
2109 3579 2183 3605 viris.
2260 3577 2385 3605 Accendit
2398 3577 2445 3604 do-

343 3613 390 3640 bus
404 3614 553 3641 diuiduntur
565 3617 594 3642 ad
609 3619 702 3645 vallum
715 3618 901 3654 proruendum.
951 3615 1074 3643 Dolabris
1087 3614 1235 3648 perfregere
1250 3621 1356 3638 inurunt
1417 3612 1459 3638 lor
1472 3611 1588 3638 animum
1602 3609 1821 3636 desidiosissimum
1841 3611 1928 3638 Sidon.
1942 3613 2055 3648 Apollin.
2070 3614 2147 3649 Epist.
2163 3621 2191 3645 4,
2205 3620 2235 3638 ii.
2339 3612 2445 3640 Accidit

344 3650 416 3675 Curt.
429 3658 454 3690 9,
469 3657 490 3681 5,
504 3659 539 3681 19.
625 3653 744 3680 Dolabris
757 3655 830 3681 siluas
844 3653 956 3680 sternere
980 3651 1054 3677 Cui-t.
1068 3655 1091 3681 8,
1103 3659 1130 3682 4,
1145 3658 1175 3675 ιι.
1246 3647 1357 3682 Secespi-
1419 3647 1498 3673 alicui
1517 3645 1593 3672 dolor
1619 3645 1675 3672 Cic.
1694 3646 1768 3671 Vei-r.
1782 3656 1809 3679 4,
1824 3654 1872 3678 135.
1986 3649 2112 3684 Accipere
2128 3655 2249 3681 magnum
2263 3653 2288 3674 et
2300 3647 2445 3675 incredibi-

344 3689 395 3709 tam
409 3690 479 3709 ettam
493 3687 595 3719 explicat
607 3691 696 3712 nominc
710 3689 836 3715 Dolabrae
850 3688 950 3715 Paullus
963 3685 1031 3712 Festi
1044 3684 1223 3718 interpolator.
1418 3682 1469 3708 lein
1491 3681 1610 3707 dolorem
1631 3681 1687 3706 Cic.
1712 3689 1760 3713 pro
1783 3681 1871 3707 Domo
1894 3683 1936 3708 sua
1948 3691 1982 3717 97
1996 3693 2017 3710 c.
2033 3687 2072 3716 36.
2164 3681 2299 3709 Adhibere
2314 3683 2447 3716 dolorem,

383 3724 400 3743 n
411 3726 429 3743 o
440 3726 455 3744 1.
464 3726 483 3745 Α
494 3724 508 3744 Β
519 3727 536 3745 ιι
547 3727 564 3745 Λ
575 3728 594 3746 Τ
604 3728 622 3746 ν
632 3728 644 3747 s
655 3740 662 3752 ,
678 3730 706 3760 a,
723 3732 775 3749 um.
797 3724 854 3749 Adi.
889 3722 961 3750 Caes.
977 3722 1004 3748 Β.
1016 3721 1048 3746 G.
1061 3727 1087 3754 7,
1101 3728 1131 3753 73
1151 3717 1269 3744 Truncis
1281 3716 1357 3743 arbo·
1419 3717 1542 3744 Adiniere
1555 3716 1674 3747 dolores,
1694 3716 1745 3741 vid.
1759 3716 1799 3741 hh.
1813 3726 1855 3742 υυ.
1947 3719 2002 3746 Cic.
2017 3719 2087 3745 Fam.
2099 3723 2147 3750 4,5
2161 3717 2220 3742 Hoc
2234 3727 2287 3744 vno
2299 3719 2446 3745 incommo-

346 3761 403 3779 rum
418 3753 702 3794 aut-adnioduinqsirniis
716 3758 793 3784 ramis
805 3758 912 3783 absciffis
925 3764 1002 3791 atque
1016 3755 1110 3781 horum
1124 3752 1267 3780 dolabratis
1279 3758 1356 3791 atquc
1364 3759 1411 3777 100
1419 3753 1453 3778 do
1478 3752 1583 3783 addito,
1602 3749 1666 3785 quid
1688 3750 1718 3776 ad
1745 3750 1864 3778 dolorem
1884 3752 1992 3789 adiungi
2012 3753 2098 3789 potuit
2112 3753 2122 3777 ἔ
2192 3752 2293 3779 Afferre
2314 3753 2446 3786 dolorem,

347 3794 486 3820 praeacutis
499 3790 677 3817 cacuminibus.
776 3793 882 3818 Secures
897 3792 1043 3818 dolabratas
1061 3787 1257 3816 Pallad.ic.vlt.
1276 3790 1358 3821 aJmi-
1420 3787 1473 3814 vid.
1494 3792 1629 3812 AFFFRO.
1663 3788 1692 3811 it.
1716 3786 1781 3811 Cels.
1804 3795 1827 3819 5,
1851 3792 1887 3819 28,
1909 3797 1930 3814 2.
2035 3787 2110 3814 Affici
2124 3785 2216 3813 dolore
2241 3788 2345 3816 Lucret.
2360 3797 2383 3822 3,
2392 3780 2458 3821 918.x

345 3823 446 3855 plicibus
476 3822 612 3859 distinguit.
673 3827 754 3862 Imago
784 3826 882 3853 videtur
911 3826 967 3859 ‘iffi'
985 3835 1056 3862 quam
1087 3825 1176 3852 attulit
1207 3824 1294 3850 Gracu-
1326 3821 1361 3849 ad
1421 3822 1477 3848 Cic.
1494 3822 1563 3847 Fam.
1578 3823 1603 3851 6,
1617 3829 1653 3853 19.
1723 3821 1824 3854 Agitari
1837 3823 1914 3849 furiis
1927 3823 2027 3850 doloris
2045 3820 2126 3849 Ouid.
2140 3822 2203 3848 Met.
2217 3825 2244 3855 6,
2256 3831 2310 3856 595.

347 3857 417 3883 Flor.
432 3867 459 3890 4,
471 3866 512 3889 io,
527 3866 562 3883 10.
2385 3825 2446 3850 Am-

781 3895 788 3903 ’
833 3894 838 3903 1
962 3894 968 3899 ⁵
1000 3895 1005 3900 ι
1440 3856 1536 3896 liticare
1550 3855 1684 3885 dolorem,
1703 3856 1755 3882 vid.
1776 3864 1956 3885 AMPLIFICO.
2032 3857 2099 3890 Angi
2117 3857 2229 3890 quodam
2245 3859 2386 3893 praecipuo
2401 3858 2447 3885 do·

383 3898 451 3918 noi⁴
462 3899 481 3917 Λ
492 3899 624 3925 BELLA,
641 3902 678 3920 ae.
697 3895 716 3920 f.
753 3894 901 3928 [αξιναρων]
936 3894 1034 3921 Dimin.
1056 3904 1071 3921 a
1092 3893 1216 3922 Dolabra.
1252 3892 1359 3920 Colum.
1432 3901 1478 3917 ore
1499 3891 1554 3917 Cic.
1571 3891 1641 3918 Fam.
1656 3900 1683 3924 4,
1698 3899 1718 3922 3.
1753 3892 1803 3917 vid.
1825 3899 1929 3920 ANGO.
2017 3891 2117 3922 Ardere
2129 3892 2219 3919 dolore
2241 3894 2297 3920 Cic.
2312 3895 2364 3922 Att.
2377 3902 2404 3927 9,
2417 3903 2461 3927 4·s

347 3934 412 3957 4024
431 3925 533 3961 Semper
545 3927 611 3954 circa
622 3937 678 3955 crue
691 3928 818 3957 dolabella
828 3928 987 3957 dimouenda
998 3930 1032 3957 est
1045 3936 1123 3958 ten-a.
1199 3926 1222 3966 1
1234 3936 1251 3956 2
1268 3928 1358 3965 Cogno·
1369 3934 1413 3962 105
1420 3927 1471 3954 vid.
1485 3931 1609 3956 ARDEQ.
1681 3925 1761 3954 Ardet
1773 3926 1845 3955 duris
1856 3928 1934 3958 dolor
1944 3926 2037 3955 ombu-
2051 3927 2126 3962 Virg.
2138 3928 2203 3954 Aen.
2217 3937 2243 3963 9,
2254 3930 2298 3957 66.
2375 3928 2458 3956 Asci-¹

2087 3971 2092 3978 ·
2405 3968 2446 3991 tus
