2479 4225
634 166 888 213 FIR

429 263 497 291 Ter.
516 262 583 290 Hec.
599 269 621 295 ς,
638 270 656 292 1,
669 268 698 293 23
733 256 814 285 Aliud
834 254 852 281 fi
873 252 982 292 scirem,
1020 249 1050 277 ui
1070 249 1175 290 firmare
1192 255 1286 288 meam,

816 298 857 316 am
877 296 997 313 lusturan
1018 295 1079 316 uni,
1098 285 1126 312 id
1147 284 1287 319 pollicerer

249 180 323 229 675

252 266 387 335 {pil'dsiios
406 300 501 334 possem
514 298 607 325 Fidem
624 296 752 325 sanffius,
778 301 813 326 qu
829 326 836 331 .

252 337 304 364 tibi
324 335 429 362 Laches.
466 334 539 370 Conf.
560 333 641 360 Andr,
662 340 683 363 3,
702 339 722 361 1,
741 337 767 360 4.
822 327 891 350 huet.
906 322 937 349 de
951 323 1022 349 Clar.
1036 321 1112 348 Rhet.
1127 329 1149 347 c.
1164 328 1175 346 1
1207 319 1286 353 Saepe

253 371 352 399 fabulis
363 371 455 397 Fidem
469 370 574 397 firmare
592 375 635 395 aut
655 367 775 393 demere,
793 359 864 394 quod
878 367 974 393 genus,
988 358 1087 398 effetas,
1100 363 1146 382 etc.
1163 390 1169 395 θ
1209 355 1285 394 *Ten

253 408 318 434 nec.
333 415 362 440 4,
376 416 397 438 3,
411 414 424 439 5
441 406 540 440 Teque
552 410 619 434 ante,
628 409 704 435 quam
716 406 758 423 me
770 404 858 422 amare
871 394 958 425 rebar,
970 402 996 420 ei
1009 400 1049 420 rei
1063 390 1171 418 firmasti
1186 390 1286 421 Fidem,

259 443 307 470 Vbi
320 443 454 474 Donatus,
472 441 547 468 Ordo
566 445 591 465 et
604 437 686 463 sensus
704 432 746 458 hic
760 431 811 463 est,
831 432 862 457 Et
874 430 946 465 quod
963 434 1023 456 ante
1036 427 1128 459 rebar,
1149 426 1174 452 ei
1188 426 1229 452 rei
1243 425 1286 452 fir-

254 477 331 506 masti
347 478 439 504 Fidem
451 486 549 503 meam:
570 479 653 505 neque
667 477 709 494 me
723 467 836 498 fefellit,
855 466 928 501 quod
942 471 1000 492 ante
1013 464 1105 494 rebar,
1123 468 1149 488 te
1163 471 1205 488 me
1219 469 1287 487 ania-

254 523 298 542 re:
319 523 379 540 nam
393 514 423 539 Ei
435 513 474 539 rei
489 508 592 536 firmasti
610 505 704 535 tidem,
723 503 742 529 i.
762 502 951 529 probationem
963 499 1082 527 attulisti.
1154 498 1230 523 Fides
1244 506 1288 536 an-

255 549 388 584 tiquitatis
407 548 534 581 religione
553 542 672 567 firmatur
695 539 786 565 Tacit.
799 538 831 565 de
844 539 933 564 Germ.
946 546 982 569 39.
1073 533 1189 560 Foedera
1206 532 1289 573 *dicits

255 586 331 619 Virg.
351 586 413 610 Aen.
433 591 468 613 12,
486 587 538 605 212·
609 574 754 610 Imperium
773 574 830 601 Cic.
848 582 897 608 pro
909 573 974 599 Sull.
988 580 1014 604 32
1032 580 1054 598 c.
1070 578 1102 596 11.
1172 568 1289 608 Militem
1316 581 1345 599 10

256 620 395 647 firmabant
414 614 520 643 caeteris
536 611 602 638 belli
620 610 814 637 meditamentis
832 609 923 636 Tacit.
937 607 1005 634 Hist.
1025 617 1048 639 ιι,
1069 608 1112 632 26.
1182 605 1290 630 Moenia

255 655 329 683 vrbis
343 652 455 680 firmauit
466 647 563 675 Tibul.
576 656 598 679 2,
612 654 635 679 ς,
648 655 690 679 24.
758 645 877 672 Firmare
892 653 970 671 omen
990 650 1015 669 et
1029 641 1185 676 augurium,
1198 642 1215 666 i.
1229 641 1290 666 Con-

248 691 362 727 firmare.
397 688 471 713 Omen
485 686 549 710 enim
560 689 583 708 et
595 685 726 718 augurium
738 690 787 707 non
799 681 932 707 videbatur
942 680 1060 706 Romanis
1073 677 1209 704 hominibus
1221 675 1291 712 satis

255 727 339 754 habere
352 717 650 756 adpeisuadcndumfidei
657 728 664 742 .·
684 716 790 752 proinde
803 716 836 743 ad
847 714 1055 751 confirmationem
1065 715 1162 748 prioris
1181 713 1291 747 augurii,

248 759 378 798 strandum
395 756 492 790 poscere
507 754 633 791 fhlebant:
649 754 708 781 hinc
725 753 799 786 Virg.
817 753 881 777 Aen.
895 759 920 784 2,
935 753 987 782 690
1008 750 1038 776 Et
1058 748 1075 775 si
1096 749 1191 782 pietate
1208 755 1290 784 mere-
1305 763 1315 781 1
1326 761 1340 788 5

255 804 329 825 mur,
349 792 381 818 da
394 790 490 817 deinde
501 789 648 820 auxilium,
666 789 756 819 Pater,
775 794 853 821 atque
866 787 928 812 haec
942 787 1032 812 omina
1049 784 1133 810 firma.
1203 782 1248 809 Sil.
1262 791 1288 815 4.

255 838 300 863 127
319 826 407 859 AdsiS,
424 825 441 852 ὂ
462 826 604 860 firmesque
622 830 682 850 tuae
696 825 770 850 Pater
788 823 858 849 alitis
879 831 968 848 omen.
1002 823 1032 848 In
1047 820 1113 846 Silio
1128 825 1208 845 tamen
1222 817 1290 844 vide,

251 872 292 892 tur
305 862 362 896 effe,
375 864 433 888 Non
446 863 495 888 alio
508 864 586 887 omine
606 859 765 895 confirmare:
786 858 877 884 nullum
890 861 952 883 enim
964 863 1095 892 praeterea
1102 854 1213 892 fieccedit
1222 865 1229 879 :
1245 852 1292 889 sed

250 901 343 927 Euentu
371 895 481 933 atriisque
493 896 529 929 id,
535 895 600 932 quod
610 898 742 931 augurium
749 894 881 930 portendit
891 891 1050 928 promisitque
1058 911 1065 923 ,
1075 889 1213 926 praestare,
1224 891 1291 915 Tur-

249 934 302 960 neb.
314 936 341 960 A
358 943 381 959 u.
393 942 429 965 13,
441 936 479 959 16.
549 932 619 966 Opes
634 931 768 957 latronum
781 929 867 956 firmat
880 934 905 955 et
918 933 994 962 auget
1007 927 1088 954 etiam
1107 926 1206 952 iustitia
1232 925 1289 953 Cic.
1305 939 1341 957 20

250 969 301 996 Off.
317 977 340 1003 2,
352 977 397 1001 40.
468 966 624 995 Orationem
646 967 775 1001 grauitate
792 965 904 1000 quadam
925 970 951 990 et
966 963 1135 990 contentione
1163 962 1237 988 Idem
1257 960 1289 986 de

251 1006 324 1031 Orat.
340 1013 364 1036 2,
379 1012 430 1030 212.
499 1004 571 1030 Caes.
586 1003 612 1029 B.
628 1003 660 1028 G.
674 1011 702 1035 4,
713 1007 744 1032 28
770 1002 819 1027 His
840 1000 919 1027 rebus
934 1000 998 1025 Pace
1012 999 1123 1025 firmata.
1195 996 1289 1023 Praesi-

251 1040 296 1067 dia
313 1039 423 1066 alicuius
443 1038 499 1065 Cic.
513 1038 545 1065 ad
559 1038 631 1064 Brut.
645 1047 681 1064 10.
751 1037 876 1064 Promissa
892 1036 1002 1062 numine
1014 1034 1100 1061 firmat
1127 1032 1208 1060 Ouid.
1223 1033 1288 1059 Met.

251 1085 290 1108 10,
303 1084 360 1109 430.
431 1074 601 1101 Prouinciam
620 1082 681 1108 pace
702 1072 889 1108 praesidiisque
917 1072 972 1098 cic.
986 1071 1058 1097 Fam.
1079 1079 1097 1101 1,
1110 1077 1136 1104 7.
1209 1068 1289 1102 Sopo-

252 1120 308 1138 rem
327 1109 409 1137 alicui
428 1110 510 1137 Ouid.
525 1110 589 1136 Met.
605 1118 625 1141 1,
638 1116 690 1143 715.
758 1109 850 1135 Tacit.
866 1109 933 1133 Ann.
947 1116 968 1139 3,
982 1115 1004 1138 31
1033 1106 1094 1132 Eius
1113 1104 1175 1131 anni
1195 1104 1289 1138 princi·
1301 1117 1332 1143 25

251 1148 297 1181 pio
315 1145 448 1173 Tiberius
481 1144 552 1179 quali
580 1144 724 1171 firmandae
744 1143 890 1170 valetudini
917 1143 946 1168 in
966 1141 1137 1176 Campaniam
1163 1139 1289 1166 concessit.

251 1182 367 1216 Vestigia
381 1181 468 1208 firmat
480 1181 558 1215 pinus
576 1180 651 1214 Virg.
666 1180 729 1206 Aen.
743 1189 766 1212 3,
780 1182 830 1206 611.
886 1179 964 1205 Vires
979 1177 1105 1204 industria
1118 1176 1203 1202 firmat
1217 1175 1290 1201 Idem

251 1218 348 1252 Georg.
362 1226 384 1250 3,
399 1225 457 1249 209.
528 1216 592 1242 Vim
604 1222 630 1242 et
643 1221 762 1242 naturam
776 1215 827 1242 fati
839 1219 865 1241 et
878 1213 1053 1240 diuinationis
1065 1213 1168 1239 ratione
1188 1212 1244 1238 Cic.
1259 1210 1291 1237 de

251 1254 315 1281 Fato
334 1262 366 1280 11.
423 1252 495 1278 Idem
519 1251 552 1277 de
573 1253 675 1278 Inuent.
699 1260 720 1284 1,
739 1253 783 1285 67.
872 1251 971 1277 Vocem
990 1248 1029 1276 Id.
1047 1248 1079 1275 de
1096 1249 1170 1274 Orat.
1192 1256 1212 1279 3,
1234 1254 1290 1279 225.

250 1287 271 1326 q
294 1298 307 1315 2
343 1289 494 1324 Simpliciter
513 1290 586 1313 etiam
603 1287 712 1317 dicitur,
725 1287 858 1319 Firmare,
867 1292 917 1321 pro
930 1284 1082 1319 Affiuerm.
1117 1283 1208 1309 Tacit.
1224 1283 1290 1308 Anu.
1301 1293 1333 1318 30
1349 1288 1350 1291 ¹

250 1333 270 1357 1,
283 1330 314 1354 80
331 1325 384 1351 Vix
400 1324 547 1358 quidquam
562 1322 668 1350 firmare
682 1322 773 1349 aufim.
810 1323 842 1348 Et
855 1322 922 1348 Ann.
937 1323 962 1353 6,
977 1325 1006 1350 28
1033 1319 1165 1352 Nihilque
1185 1319 1290 1351 vsurpa-

250 1362 312 1387 vilse
326 1369 357 1386 ex
372 1360 412 1386 his
421 1380 429 1392 ‚
443 1368 511 1394 quae
522 1364 597 1385 vetus
611 1358 741 1385 memoria
754 1357 879 1384 firmauit.
915 1357 957 1385 Sic
969 1357 1089 1383 Firmare
1102 1353 1204 1389 aliquid
1219 1354 1290 1380 iure-

249 1395 362 1423 iurando
377 1396 433 1422 Cic.
447 1396 478 1421 de
492 1394 585 1429 Legib.
599 1403 622 1425 2,
637 1396 675 1420 16.

285 1437 466 1458 FiRMATv
479 1438 508 1462 s,
528 1439 560 1462 a,
580 1439 634 1456 um.
669 1429 762 1456 Partic.
798 1427 983 1463 [ἒςηριγμένος]
1019 1426 1076 1452 Cic.
1095 1434 1144 1460 pro
1159 1425 1247 1451 Domo
1259 1431 1289 1459 71

249 1467 369 1501 Collegia
388 1466 571 1493 mediusfidius
585 1464 776 1492 Tribunorum
797 1463 881 1498 plebis
902 1469 958 1490 tota
975 1462 1143 1496 reperientur
1165 1460 1214 1486 hoc
1230 1461 1290 1486 Iure
1300 1473 1329 1500 35

250 1503 370 1535 firmato,
383 1510 428 1529 etc.
500 1502 574 1528 Acies
594 1501 713 1533 firmata,
733 1499 788 1526 vid.
816 1506 913 1526 ACIES.
985 1499 1062 1524 Aetas
1086 1497 1141 1524 Cic.
1155 1505 1203 1530 pro
1217 1495 1289 1522 Cael.

249 1547 291 1572 43-
328 1539 402 1572 Virg-
417 1537 469 1564 Ecl-
483 1547 511 1570 4,
525 1547 563 1570 37.
632 1536 743 1564 Animus
756 1535 927 1561 adolescentis
942 1532 1052 1559 consilio
1068 1539 1093 1559 et
1107 1533 1210 1559 ratione
1224 1540 1290 1557 non-

249 1575 312 1600 dum
332 1574 447 1600 firmatus
472 1574 527 1598 Cic.
540 1581 588 1607 pro
600 1572 707 1598 Cluent.
721 1579 755 1603 13.
830 1571 911 1605 Leges
930 1570 998 1603 pacis
1017 1568 1131 1594 firmatas
1151 1567 1291 1594 dissbluere

250 1609 344 1635 Claud.
358 1609 389 1634 de
402 1609 477 1642 Rapt.
492 1609 607 1641 Proserp.
625 1616 645 1640 1,
659 1610 697 1639 63.
769 1607 844 1633 Mens
865 1605 947 1632 Ouid.
961 1604 1026 1631 Fass.
1042 1613 1062 1637 1,
1075 1611 1138 1638 497.
1189 1603 1290 1637 Opinio

250 1650 325 1670 vetus
348 1649 373 1670 et
403 1644 523 1670 omnium
553 1643 672 1677 gentium
699 1642 801 1668 firmata
826 1642 951 1668 consensu
982 1640 1037 1667 Cic.
1057 1639 1089 1666 de
1109 1639 1201 1666 Diuin.
1221 1647 1229 1664 1
1246 1645 1290 1674 pr.
1302 1653 1339 1678 40

249 1680 330 1714 Stirps
342 1680 450 1705 virtutis
463 1678 565 1705 firmata
578 1678 634 1704 Cic.
647 1686 696 1711 pro
712 1678 782 1703 Cael.
796 1685 839 1711 79Δ
908 1678 984 1702 Vires
1004 1676 1121 1702 firmatae
1136 1674 1211 1701 cibo:
1232 1674 1256 1700 h.
1271 1683 1290 1700 e.

249 1715 385 1742 Roborotne
400 1714 458 1740 Liu.
473 1723 497 1746 9,
534 1733 540 1739 .
577 1733 583 1739 .
640 1713 697 1739 Cic.
711 1715 763 1740 Att.
780 1721 803 1744 2,
818 1720 845 1743 19
861 1711 910 1738 Sed
922 1712 958 1737 est
971 1712 1024 1737 iam
1037 1720 1088 1737 vna
1101 1719 1153 1737 vox
1168 1711 1291 1736 omnium

249 1751 333 1784 magis
348 1749 412 1776 odio
426 1749 529 1776 firmata
543 1757 621 1783 quain
635 1747 772 1782 praesidio.

233 1789 240 1794 ⁵
285 1792 320 1811 Pl
330 1792 383 1811 RM
393 1786 416 1810 Ᾱ
426 1791 448 1810 Τ
460 1791 478 1810 0
488 1791 524 1817 R,
541 1784 605 1810 otis.
631 1793 666 1809 111.
704 1780 852 1817 [criptae-ris]
887 1780 978 1807 Tacit.
993 1781 1060 1806 Ann.
1082 1788 1106 1811 2,
1123 1782 1170 1812 46,
1184 1789 1197 1811 7
1227 1780 1290 1805 Mis-

248 1821 289 1846 sus
307 1825 393 1845 tamen
412 1820 527 1851 Drusus,
550 1825 579 1845 vt
599 1818 755 1850 retulimus,
775 1817 844 1853 pacis
865 1815 992 1843 firmator.

250 1860 336 1882 mator
355 1854 420 1880 Plin.
433 1854 512 1886 Epist.
527 1862 566 1884 10,
581 1859 618 1884 38,

286 1896 345 1916 1211<
356 1896 379 1915 Μ
389 1890 411 1915 A
420 1895 445 1914 M
454 1895 470 1914 E
480 1895 501 1913 N
511 1907 520 1919 ,
536 1888 596 1912 i’nis.
621 1896 649 1913 n.
682 1887 807 1921 [ςήριξις]
844 1887 924 1913 Ouid.
938 1887 1002 1912 Met.
1015 1895 1054 1917 10,
1067 1894 1114 1919 491
1135 1886 1290 1919 Ruptosque

249 1925 361 1963 obliqua
375 1933 422 1959 per
434 1932 531 1958 vngues
566 1921 717 1956 Porrigitur
729 1921 821 1952 radix,
841 1921 914 1954 longi
928 1920 1077 1946 firmamina
1088 1921 1183 1946 trunci.

284 1966 468 1988 FIRMAME
479 1964 610 1989 NTVM,
632 1957 652 1983 i.
672 1966 698 1982 n.
735 1955 881 1991 [ςῆριγμα]
919 1954 1040 1981 Soliditas
1056 1952 1292 1985 rtstabilimentum.

250 1996 306 2024 Cic.
323 2005 371 2031 pro
386 1995 489 2022 Cluent.
504 2001 516 2026 ς
544 1993 648 2020 Etenim
663 1992 726 2018 ficut
737 1991 796 2017 aliis
809 1991 838 2017 in
853 1990 916 2017 locis
931 1998 1023 2024 parum
1038 1988 1198 2014 firmamenti
1212 1994 1237 2013 et
1251 1995 1291 2021 pa·
1303 1993 1336 2020 50

382 2040 425 2057 um
439 2030 535 2057 falsitas
547 2028 642 2061 habet,
661 2027 695 2054 fic
713 2027 741 2053 in
753 2027 804 2053 hoc
819 2026 879 2052 loco
893 2025 956 2051 falsa
976 2025 1079 2050 inuidia
1095 2023 1227 2050 imbecilla
1243 2023 1291 2048 csse

249 2068 335 2095 debet.
405 2066 612 2093 Firmamentum
631 2073 660 2090 ac
673 2062 757 2090 robur
777 2062 833 2089 Cic.
847 2070 896 2096 pro
911 2062 940 2087 L.
954 2060 1046 2086 Manil.
1061 2069 1098 2086 10.
1169 2058 1291 2092 Discipli-

249 2113 299 2130 nae
311 2103 507 2130 firmamentum
524 2100 599 2127 Idem
610 2099 692 2126 Tusc.
706 2107 734 2131 4,
748 2106 774 2132 7.
844 2096 954 2130 Imperii
968 2095 1163 2122 firmamentum
1184 2093 1221 2119 Id.
1238 2095 1290 2119 Att.

249 2148 274 2172 3,
288 2148 320 2171 13.
392 2140 441 2164 Pro
456 2136 594 2171 Praefidio„
623 2135 680 2161 Cic.
695 2134 748 2160 Art.
765 2141 784 2166 1,
799 2137 825 2162 18
849 2132 891 2158 Sic
903 2131 949 2157 ille
964 2139 1045 2156 annus
1059 2130 1113 2155 duo
1127 2129 1291 2154 firmamenta

219 2176 225 2182 ⁸
250 2175 327 2208 Reip.
346 2182 391 2208 per
410 2182 453 2199 ine
471 2181 553 2199 vnum
569 2171 709 2197 constituta
728 2168 835 2195 euertit.
905 2165 1059 2193 stabilitatis
1079 2164 1292 2197 constantiaeque
1302 2171 1330 2197 55

251 2210 309 2237 eius
330 2218 409 2243 quam
428 2208 457 2234 iu
475 2207 592 2234 amicitia
610 2206 777 2240 quaerimus,
795 2203 1004 2234 firmamentum,
1022 2200 1058 2227 est
1078 2199 1140 2225 fides
1172 2197 1292 2238 Ide-m-de

252 2245 360 2272 Amicit.
374 2246 404 2276 65
423 2252 445 2269 0.
462 2248 495 2272 18.
565 2241 625 2268 Flos
637 2242 758 2275 equitum
773 2241 969 2270 Romanorum,
988 2241 1174 2263 ornamentum
1199 2240 1291 2260 ciuita-

252 2281 303 2313 tis,
324 2279 520 2310 firmamentum
532 2276 720 2311 Reipublicae,
737 2275 941 2302 Publicauorum
961 2272 1056 2299 ordine
1075 2271 1226 2297 continetur
1252 2269 1291 2295 Id.

252 2326 302 2351 pro
316 2316 400 2342 Plane.
421 2322 456 2346 23.
525 2312 600 2339 Ordo
620 2317 784 2338 caeterorum
803 2310 928 2336 ordinum
949 2308 1145 2334 firmamentum
1171 2306 1225 2332 Cic.
1243 2313 1292 2339 pro

252 2353 284 2379 L.
300 2351 392 2377 Manil.
407 2357 443 2384 17.
513 2349 614 2374 Ponere
633 2347 829 2374 firmamentum
848 2346 876 2370 in
895 2345 987 2378 aliquo
1004 2343 1077 2369 Idem
1092 2351 1139 2377 pro
1155 2342 1237 2368 Flacc.
1252 2349 1292 2371 92.
1303 2344 1337 2369 60

253 2388 301 2414 Sed
317 2387 433 2421 primum
451 2384 595 2418 auspicium
608 2384 677 2409 Deus
689 2381 790 2408 artibus
804 2381 908 2415 altaque
921 2379 1018 2405 circum
1033 2378 1209 2405 Firmamcnta
1223 2376 1294 2402 dedit

253 2424 326 2449 Grat.
343 2423 441 2455 Cyneg.
457 2429 494 2446 10.
566 2421 615 2445 Pro
633 2420 734 2444 Nouis.
771 2416 838 2442 Gell.
855 2424 889 2447 13,
903 2424 931 2441 21
952 2414 1065 2441 Vincula
1083 2420 1109 2440 et
1129 2413 1295 2439 firmamenta

255 2457 448 2485 membrorum.
527 2454 736 2481 Firmamentum
761 2457 786 2478 01
807 2451 943 2477 continens
966 2450 1057 2476 causae
1079 2449 1172 2475 dicitur
1195 2449 1294 2479 Latine,

253 2493 332 2530 quod,
348 2490 469 2518 Pontium
486 2491 541 2516 litis
564 2489 722 2524 decisorium,
737 2493 836 2514 vocant.
874 2485 1005 2519 Qiinffil.
1023 2494 1046 2518 3,
1062 2493 1086 2517 13
1111 2485 1232 2516 Συνέχον,
1253 2491 1296 2509 311-

254 2537 308 2556 10111
323 2528 394 2563 qnod
408 2527 544 2552 continens
557 2525 621 2556 alii,
641 2524 835 2550 firmamentum
853 2521 901 2548 alii
913 2526 1013 2555 putant.
1050 2521 1119 2546 (luae
1136 2519 1203 2554 apud
1219 2519 1297 2545 Theo·
1316 2514 1347 2546 65

254 2567 322 2601 logos
341 2564 368 2589 dc
389 2562 568 2589 Fimmmento
586 2561 628 2586 illo
641 2559 752 2595 Mofizico
773 2558 1031 2593 &sputorum-,notum
1050 2546 1091 2587 Ul.
1134 2556 1222 2580 Vtitur
1240 2563 1299 2580 voce

256 2599 371 2627 Tertull.
388 2598 419 2624 de
433 2598 506 2630 Bapt.
520 2605 531 2628 3
561 2596 631 2622 Nam
645 2602 674 2621 vt
689 2594 885 2620 firmamentum
903 2591 1010 2618 caeleste
1023 2589 1188 2625 suspenderet
1201 2589 1231 2615 in
1244 2597 1299 2615 1110-

258 2636 370 2666 dietate,
391 2632 520 2659 distinctis
539 2632 614 2664 aquis
630 2631 702 2656 fecit.

296 2675 460 2697 FiRMVM
485 2666 643 2698 Castellum,
664 2667 754 2699 Pomp.
782 2664 867 2691 Melae
886 2671 918 2695 2,
937 2671 955 2696 4
984 2661 1115 2688 Firmium
1149 2659 1299 2686 Ptolemaeo:

259 2706 346 2734 Plinio
360 2713 382 2736 3,
397 2712 421 2735 13
441 2703 628 2729 Firmanorum
638 2700 795 2732 Castellum,
821 2699 886 2726 Vrbs
898 2697 931 2732 est
945 2699 1035 2725 Italiae
1047 2700 1075 2723 in
1089 2697 1187 2724 Piceno.
1206 2696 1276 2722 Hinc
1317 2697 1354 2726 70

296 2745 455 2769 PissMAN
466 2745 486 2764 v
497 2743 512 2765 s
529 2736 608 2763 saltus
635 2735 732 2763 Catuli.
752 2742 798 2766 111,
818 2742 838 2760 1.

249 2042 310 2061 runi
326 2040 378 2059 Viri

774 2808 788 2838 Ι
885 2806 905 2837 S

653 2808 677 2841 F

297 2889 316 2910 ’.1
328 2887 451 2914 ISCVS,
469 2881 488 2909 i.
509 2890 545 2908 m.
581 2879 684 2914 [κύρτας
701 2876 836 2904 immin&
852 2877 911 2903 vet.
930 2874 993 2909 GL]
1029 2873 1119 2902 Saccus
1138 2872 1257 2908 plexilis,
1275 2871 1301 2907 fi
1318 2876 1350 2905 75

260 2920 365 2956 qualus,
384 2927 428 2953 quo
442 2917 572 2943 utebantur
590 2916 624 2942 ad
636 2916 710 2941 oleam
727 2912 923 2949 exprimendam,
942 2918 965 2937 ct
977 2909 1083 2945 Jimilia.
1118 2908 1250 2935 Columel.
1264 2917 1301 2940 12,

262 2962 308 2989 47,
324 2963 340 2987 9
360 2954 435 2980 Fisco
455 2953 552 2979 inclusa
570 2951 627 2978 olea
645 2950 721 2985 prelo
741 2949 905 2984 supponitur.
947 2948 978 2973 Et
994 2954 1029 2976 12,
1043 2954 1084 2978 50,
1098 2953 1128 2971 22
1153 2944 1233 2970 Fiscis
1247 2952 1302 2969 non

261 2989 357 3016 iisdem
371 2988 485 3024 probum
504 2994 530 3014 et
548 2987 678 3014 cibarium
697 2984 786 3012 oleum
806 2984 890 3018 premi
902 2981 1039 3018 oportebit
1058 2990 1118 3020 etc.¹
1141 2982 1171 3006 Et
1187 2988 1220 3019 12..
1236 2984 1271 3010 38,
1285 2986 1302 3013 7

261 3026 310 3052 Per
335 3025 425 3051 fiscum
444 3024 545 3050 lineum
571 3023 728 3057 exprimere.
770 3019 838 3048 Add.
859 3028 894 3051 12,
909 3027 948 3050 52,
961 3027 982 3043 2.
1002 3020 1032 3044 it.
1053 3017 1170 3047 Fiscina,
1185 3015 1300 3041 Fili-ella.

261 3058 283 3124 ἕ
304 3070 316 3087 2
354 3062 474 3096 lnprhnis
484 3061 600 3094 pecuniae
611 3054 887 3094 fi¹ruandae,fi¹rentlae
895 3061 940 3080 etc.
954 3053 1132 3079 adhibebantur
1143 3051 1206 3087 fisci.
1242 3051 1301 3076 Sen-
1321 3053 1354 3079 80

280 3105 294 3122 e
307 3098 351 3123 Ira
362 3105 386 3128 3,
402 3104 428 3128 33
449 3095 528 3121 Libet
550 3094 649 3120 intueri
669 3092 743 3118 fiscos
759 3090 789 3118 in
800 3090 896 3126 angulo
910 3091 1031 3115 iacentes.
1066 3089 1104 3114 Hi
1119 3088 1177 3113 sunt
1195 3092 1302 3120 propter

262 3141 329 3166 quos
349 3131 421 3158 oculi
439 3131 554 3157 clamore
574 3129 760 3164 exprimuntur
772 3133 818 3153 etc.
888 3124 978 3151 Positis
996 3129 1056 3150 ante
1075 3124 1100 3150 se
1119 3131 1178 3149 cum
1192 3121 1302 3156 pecunia

263 3167 330 3195 fiscis
342 3167 411 3193 Suet.
426 3165 519 3192 Claud.
532 3175 554 3192 c.
569 3171 602 3194 18.

656 3163 770 3190 Tollere
784 3161 875 3188 fiscum
888 3161 944 3187 Cic.
958 3160 1034 3186 Vei-r.
1048 3168 1069 3191 3,
1085 3164 1133 3190 183.
1188 3159 1224 3184 Ex
1238 3156 1301 3183 fisco

264 3204 293 3230 in
306 3203 395 3230 cistam
414 3202 553 3236 pecuniam
572 3199 714 3227 transferre
732 3198 805 3225 Idem
817 3198 893 3224 Verr.
906 3204 929 3228 3,
944 3202 999 3228 197.
1070 3195 1102 3221 Et
1117 3195 1192 3220 Verr.
1207 3192 1265 3219 Aet.
1282 3201 1302 3224 1,

264 3247 298 3266 22
319 3248 340 3264 c.
354 3243 367 3268 8
387 3237 559 3271 Reperiebam
573 3236 647 3262 fiscos
659 3234 807 3269 complures
820 3240 880 3259 eum
898 3231 1006 3266 pecunia
1019 3229 1147 3256 Siciliensi
1159 3238 1173 3255 a
1186 3228 1302 3263 quodam
1323 3228 1351 3258 85

265 3275 390 3300 Senatore
409 3273 441 3299 ad
461 3273 583 3306 Equitem
602 3272 751 3297 Romanum
770 3269 819 3295 esse
838 3267 988 3296 translatos,
1001 3271 1046 3291 etc.
1125 3264 1253 3300 Asconius
1271 3263 1305 3290 ad

266 3310 290 3336 b.
306 3311 323 3335 l.
337 3309 420 3341 Fuci,
434 3307 554 3340 fiscinae,
566 3306 676 3333 fiscellae
685 3325 693 3338 ,
706 3306 804 3339 spartea
817 3305 876 3330 sunt
889 3300 1009 3329 vtenlilia
1022 3299 1055 3326 ad
1066 3299 1175 3326 maioris
1187 3300 1303 3325 summae

266 3345 388 3378 pecunias
408 3343 552 3378 capiendas.
587 3341 662 3368 Vnde
679 3341 743 3375 quia
763 3340 850 3366 maior
867 3339 968 3365 summa
986 3336 1022 3362 est
1040 3335 1165 3370 pecuniae
1184 3334 1305 3368 publicae

269 3389 346 3414 quam
358 3380 476 3414 priuatae
485 3399 494 3412 ,
512 3384 541 3405 vt
555 3386 603 3412 pro
616 3377 693 3403 censu
707 3376 813 3410 priuato
824 3375 915 3401 loculos
934 3378 959 3399 et
972 3381 1055 3399 arcam
1071 3378 1096 3397 et
1110 3370 1227 3406 fizccellos
1241 3369 1305 3395 dici-

268 3424 342 3447 mus,
365 3415 397 3441 fic
414 3424 463 3449 pro
484 3414 591 3448 publico
611 3412 733 3439 thesauro
752 3410 848 3437 acrari‘

269 3450 360 3476 Itidor.
373 3459 415 3481 20,
430 3459 447 3482 9
474 3450 562 3476 Fiscus
581 3450 664 3474 saccus
678 3446 714 3474 cst
731 3446 853 3481 publicus
889 3459 934 3464 -—
969 3442 1038 3468 hunc
1051 3440 1148 3468 habent
1161 3440 1308 3472 exactores,

271 3490 296 3509 et
316 3485 343 3509 in
356 3494 388 3510 eo
402 3486 511 3511 mittunt
530 3484 650 3511 debitum
670 3482 820 3517 publicum,
838 3479 910 3515 quod
923 3477 1046 3505 redditur
1065 3476 1179 3511 regibus.
1221 3476 1306 3511 Augu-

263 3519 321 3552 stus
343 3520 419 3544 Dione
439 3520 495 3551 teste
516 3520 531 3546 1.
548 3528 574 3553 53
589 3529 614 3555 p.
634 3520 692 3552 506,
707 3519 725 3544 E
742 3515 867 3550 instituit,
885 3521 916 3541 ut
929 3514 1017 3549 populi
1035 3513 1182 3543 aerarium,
1208 3521 1223 3537 a
1245 3511 1306 3537 fisco

264 3556 394 3589 principis
413 3555 571 3588 oppilatione
590 3553 788 3590 distingueretur.
825 3552 892 3577 Hinc
908 3549 1002 3575 Caesar
1019 3548 1110 3574 omnia
1122 3546 1216 3579 habet,
1234 3546 1307 3572 fiscus

272 3589 328 3615 eius
341 3589 443 3622 priuata
455 3596 554 3615 tantuin
569 3597 593 3616 ct
606 3590 664 3616 suai
683 3596 710 3616 et
723 3588 820 3615 vniuer

272 3624 380 3659 propria
393 3624 449 3648 Scn.
463 3623 494 3649 de
507 3625 593 3650 Benct'.
607 3633 633 3658 7,
648 3628 673 3651 6.
745 3624 811 3650 Plin.
825 3623 853 3648 in
869 3622 960 3654 Pancg.
981 3628 1002 3645 c.
1018 3620 1046 3651 36
1077 3619 1110 3645 At
1130 3619 1233 3644 fortasse
1252 3626 1306 3643 non

273 3659 363 3686 eadem
379 3659 518 3684 seueritate
538 3658 642 3691 fiscum,
660 3669 711 3694 qua
723 3659 854 3686 aerarium
867 3656 989 3683 cohibes:
1006 3655 1090 3680 inimo
1103 3660 1176 3680 tanto
1194 3654 1306 3685 maiore,

273 3700 373 3730 quanto
396 3693 452 3727 plus
476 3693 527 3718 tibi
545 3694 622 3719 licere
643 3695 674 3720 de
694 3700 755 3724 tuo,
776 3703 854 3729 quam
869 3693 900 3718 de
921 3691 1028 3726 publico
1041 3688 1132 3715 credis.
1202 3690 1307 3715 Praeter

273 3736 388 3757 caeteros
401 3727 520 3754 Iudaicus
532 3728 604 3754 fiscus
617 3728 774 3755 acerbiffiine
788 3728 935 3756 aflusSuet.
945 3726 1045 3753 Domit.
1060 3734 1081 3752 c.
1095 3733 1128 3751 12.
1164 3724 1238 3760 Conf.
1252 3730 1308 3751 CA·

276 3771 421 3794 LVMNJA,
445 3770 475 3789 n.
504 3770 650 3789 Fiscfirls.

270 3802 341 3828 bona
357 3801 384 3826 in
405 3798 494 3825 fiscum
511 3798 644 3832 priuatum
661 3799 747 3833 redigi
766 3800 868 3831 vetuit,
887 3798 961 3825 omni
978 3797 1079 3823 summa
1096 3795 1125 3821 in
1142 3796 1246 3823 aerario
1264 3804 1310 3829 pu-

268 3837 340 3864 blico
358 3842 472 3869 recepta.
653 3847 655 3849 -

307 3873 485 3900 riseritis,
506 3878 529 3896 e.
565 3868 624 3894 Adi.

1138 3869 1228 3892 crtinet
1235 3875 1242 3889 :
1270 3870 1310 3896 vt,

660 3866 837 3908 [δημοσιακ-ὀς]
875 3869 949 3904 Qiod
966 3867 999 3894 ad
1009 3865 1099 3903 fisi-um
1117 3872 1150 3926 ge
1169 3902 1176 3927 i
1198 3910 1226 3927 re
1245 3899 1298 3926 fisti

1180 3911 1195 3927 u
1302 3919 1308 3926 .

272 3908 342 3933 Loca
364 3906 459 3932 fiscalia
478 3904 617 3932 Callisti-at.
633 3903 660 3928 in
680 3904 696 3928 1.
717 3912 770 3929 11οη
787 3903 943 3936 intelligitur
961 3902 983 3940 §.
1002 3903 1049 3929 vlt.
1068 3902 1099 3928 D.

271 3942 427 3970 Calumniae
443 3940 538 3968 fiscales
550 3940 618 3966 Suet.
634 3938 735 3965 Domit.
749 3947 774 3971 9.
788 3947 815 3971 9.
832 3941 850 3964 i.
873 3937 1104 3974 Delationetfalsae
1116 3936 1233 3973 aducrfiis
1245 3939 1309 3962 ciues
1321 3939 1364 3966 105
1373 3931 1457 3958 fistula
1474 3936 1499 3957 et
1512 3931 1596 3966 virga.

1343 255 1394 285 pro
1401 249 1465 292 fisco
1479 254 1595 278 intentae.
1632 250 1674 277 Ita
1686 250 1789 277 Marcus
1802 231 1868 285 opud
1877 248 1953 276 Oros.
1966 257 1994 284 7,
2007 258 2033 283 15·
2057 249 2154 278 Omnia
2165 248 2242 277 timul
2260 248 2391 278 fiscalium·

1065 1814 1226 1849 Disciplinae
1248 1814 1290 1840 fir-
1300 1823 1334 1849 43
1348 1814 1425 1850 ferro
1434 1813 1564 1849 praefixa,
1585 1822 1658 1848 eaque
1670 1815 1711 1840 vel
1728 1814 1840 1839 manibus
1853 1815 1919 1849 solis
1931 1813 2122 1846 admnnflrata,
2141 1816 2181 1840 vel
2191 1811 2303 1848 funibus
2319 1809 2404 1837 troch-

842 3418 851 3436 i
869 3408 968 3436 dicitur
983 3406 1074 3442 Fiscus.
1096 3407 1164 3431 Haec
1174 3404 1306 3441 Afioniur.
1321 3411 1357 3437 90
1371 3404 1498 3436 Fistulas,
1517 3403 1613 3437 quibus
1631 3411 1725 3436 aquam
1743 3402 1826 3432 duco,
1843 3401 1872 3426 in
1885 3410 1928 3427 Via
1948 3402 2054 3436 publica
2068 3399 2152 3430 hab'eo
2166 3402 2182 3428 l.
2197 3411 2219 3434 13
2231 3403 2263 3429 D.
2276 3402 2294 3428 li
2307 3402 2403 3429 Seruit.
2449 3392 2451 3409 l

823 3586 847 3613 sa
865 3586 893 3612 in
908 3584 1023 3618 imperio
1042 3584 1099 3609 eius
1113 3583 1184 3614 sunt,
1203 3583 1231 3608 in
1244 3582 1307 3608 fisco
1326 3585 1358 3612 95
1370 3587 1476 3607 mentum
1487 3578 1606 3612 musicum.
1630 3577 1686 3605 Vni.
1703 3578 1814 3604 Bai-thol.
1828 3579 1856 3605 de
1867 3579 1924 3606 Tib.
1944 3579 1999 3606 Vet-
2009 3587 2034 3610 3,
2046 3583 2071 3605 6.
2094 3579 2315 3615 Tin-nehAduerfi
2329 3589 2366 3612 12,
2380 3588 2406 3613 7.
2436 3597 2441 3601 ι

722 3765 847 3798 Spartian.
867 3764 896 3789 in
909 3762 1017 3790 Adrian.
1034 3770 1056 3786 e.
1069 3768 1086 3794 7
1118 3760 1307 3786 Damnatorum
1319 3765 1365 3783 100
1374 3759 1415 3792 (i.
1434 3758 1526 3783 oculum
1530 3753 1583 3787 fine
1595 3763 1710 3789 gemmam
1724 3765 1776 3781 cum
1792 3757 1898 3782 orbiculo
1911 3750 2014 3782 corticis
2026 3755 2093 3780 illam
2110 3755 2310 3790 circumdantis)
2323 3755 2407 3782 inclu-
2426 3774 2434 3782 ,

1777 160 2027 201 FIS
2307 162 2384 210 676

1349 294 1519 320 negotiorum
1539 286 1701 318 calumniosa
1725 292 1895 311 monumenta
1915 286 2034 319 congesta
2051 287 2080 312 in
2098 286 2160 312 foro
2181 285 2248 312 iuffit
2271 285 2384 313 incendi.

1354 322 1428 347 Talis
1441 321 1473 355 cst
1487 322 1625 349 Caluumia
1639 321 1693 347 fisci
1707 320 1808 348 Iudaici
1824 320 1924 347 sublata
1944 324 1972 347 in
1988 323 2086 348 Neruae
2107 331 2194 347 numo:
2223 320 2281 348 Vid.
2295 321 2386 356 Spanh.¹

1351 356 1380 382 de
1394 359 1468 383 Num.
1482 357 1536 392 diff
1549 369 1564 393 9
1585 368 1609 392 p.
1624 363 1671 387 811.
1743 356 1884 383 Debitores
1903 356 1983 383 Paull.
1998 356 2025 382 in
2039 357 2056 383 l.
2077 357 2106 383 in
2124 356 2217 384 fraude
2230 356 2263 382 D.
2279 354 2311 382 de
2328 355 2401 382 iurev
2432 358 2445 382 ,“

1352 391 1415 419 fisci.
1450 394 1555 420 Fundus
1570 393 1649 420 Paull.
1663 390 1724 418 ibid.
1772 393 1908 418 Horreum
1926 391 2035 418 Paullin.
2050 392 2114 418 Nol.
2128 393 2173 427 Ep.
2186 401 2230 426 49.
2245 394 2299 423 (36)
2344 391 2386 417 Ius

1351 427 1458 489 Ῑ-4ἒιΪ).
1472 429 1503 456 de
1517 429 1585 456 Paci.
1640 428 1749 457 Fiscalia
1768 427 1875 464 absolute
1895 427 2012 454 dicuntur
2030 426 2125 454 tributa
2144 428 2161 454 l.
2176 436 2190 460 3
2210 428 2242 454 C.
2255 427 2287 453 de
2306 426 2390 461 Epist:
2408 432 2411 440 “

1351 468 1377 489 et
1427 473 1463 490 er.
2439 477 2442 486 l

1388 504 1405 524 F
1416 507 1425 525 1
1436 507 1448 526 s
1458 506 1474 526 c
1483 507 1532 526 AR
1541 507 1550 526 1
1559 505 1579 525 V
1589 506 1618 532 s,
1636 499 1655 525 i.
1676 508 1712 526 m.
1741 498 1849 525 Firmic.
1864 507 1887 531 3,
1901 507 1926 531 13
1947 498 2095 525 Mercurius
2108 497 2187 524 faciet
2199 498 2389 533 imperatorum
2401 507 2407 512 ¹
2440 494 2443 530 ζ

1352 534 1486 562 01136101·ος
1495 542 1536 566 ,01
1550 535 1597 570 qui
1611 544 1707 561 annuas
1720 534 1884 561 fiseariorum
1898 533 2084 568 praestationes
2099 539 2226 568 repetant.
2263 532 2404 560 Fiscarios'·
2440 555 2442 559 .

1352 570 1457 605 appellat
1471 581 1518 603 eos,
1526 574 1569 607 qui
1580 570 1638 606 fisco
1646 573 1776 605 principis
1789 570 1887 605 aliquid
1899 570 1992 596 debent.
2018 569 2076 602 Vid,
2090 570 2154 596 Cael.
2167 568 2247 596 Rhod.
2259 578 2297 600 20,
2309 577 2348 603 29.
2392 584 2419 611 ᾖ

1378 611 1406 645 *r
1419 605 1575 639 isci‘NA,
1593 615 1631 632 ae.
1661 605 1680 631 f.
1718 605 1860 640 [τάλαρω]
1896 605 1964 632 Idem
1986 605 2051 641 quod
2069 605 2162 640 Fiscus.
2199 603 2291 631 Isidor.
2311 612 2354 635 20,
2373 605 2397 636 9}
2414 610 2422 630 ‚2

1354 640 1441 667 Fiscus
1460 643 1560 676 primae
1579 640 1713 676 positionis
1727 641 1930 676 (Primitiuum)
1954 640 2004 667 est:
2024 640 2203 667 deriuatiuum
2221 639 2323 666 Fiscina
2341 638 2392 665 est:
2417 649 2427 656 ³

1355 675 1546 704 diminutiuum
1560 676 1675 703 Fiscella.
1745 678 1813 703 Cato
1826 677 1858 703 R.
1872 677 1903 703 R.
1917 684 1966 709 133,
1980 685 1992 708 3
2010 675 2162 702 commendat
2182 675 2295 702 Fiscinas
2316 675 2391 701 Cam-

1353 712 1455 746 panitas
1468 719 1493 739 et
1506 714 1670 740 Romanicas.
1706 712 1823 738 Fisciiiae
1837 713 1992 746 sportaeque
2003 720 2034 737 ex
2049 710 2133 746 palma
2145 717 2172 737 et
2188 712 2276 746 sparto
2288 707 2400 737 laudan-1
2431 731 2438 736 .

1353 754 1395 775 tur
1408 749 1512 775 Colum.
1528 758 1561 780 11,
1574 758 1598 780 2,
1614 757 1656 781 90.
1693 747 1817 775 Oleariae
1836 747 2011 782 Cainpanicae
2029 748 2096 773 Cato
2109 755 2158 779 153.
2194 748 2225 772 In
2243 746 2332 773 fiscina
2345 744 2399 772 iio-²

1352 792 1385 810 va
1404 793 1467 811 vuas
1481 786 1595 819 111-0111110
1617 783 1724 810 Colum.
1739 792 1773 815 12,
1787 792 1826 816 39,
1841 793 1861 816 3.
1896 782 1966 810 Add.
1981 792 2015 815 12,
2027 791 2066 816 50,
2081 791 2118 808 10.
2156 812 2160 813 ⁷
2173 782 2248 817 Virg.
2262 782 2359 815 Georg.
2373 789 2395 813 1,
2406 793 2419 814 g

1354 821 1403 845 266
1420 821 1451 846 Et
1470 820 1556 846 facilis
1575 819 1656 846 rubea
1677 824 1782 845 texatur
1799 819 1890 845 fiscina
1908 819 1993 852 virga.
2051 818 2119 844 Plin.
2133 822 2167 850 18,
2180 826 2205 850 31
2235 815 2399 844 frondarias*
2411 811 2417 818 ’

1353 854 1454 882 fiscinas
1473 862 1588 890 quatuor
1607 855 1718 889 implere
1736 854 1935 887 frondatorein,
1952 854 2049 881 iustum
2065 853 2112 883 esse
2125 859 2253 879 autumat.
2306 847 2415 888 Varro&

1354 890 1387 917 de
1400 891 1430 917 R.
1447 892 1478 918 R.
1492 900 1513 924 1,
1527 900 1560 918 22
1590 891 1640 917 Ista
1656 890 1713 916 fere
1734 890 1806 921 sunt,
1817 899 1887 925 quae
1903 899 1934 917 ex
1955 889 2102 916 viminibus
2125 894 2150 914 et
2168 887 2279 915 materia
2297 884 2413 914 rustica-‘¹

1357 925 1438 957 fiunt,
1461 933 1490 954 vt
1508 927 1615 958 corbes,
1642 925 1762 957 fiscinae,
1782 925 1898 958 tribula,
1918 926 2025 958 mallei,
2045 931 2071 951 et
2090 924 2198 951 rastelli.
2269 923 2325 950 Cic.
2344 920 2417 958 pro³⁷

1356 961 1437 988 Flacc.
1451 971 1482 995 41
1501 972 1522 988 c.
1538 970 1564 997 ¹7
1593 962 1707 988 Homini
1725 961 1797 987 enim
1812 961 1923 996 Phrygi,
1936 962 1984 997 qui
2004 960 2130 988 arborem
2144 959 2189 986 fici
2204 967 2341 994 nimquam
2353 955 2420 985 vil.

1355 997 1442 1029 disset,
1459 998 1575 1024 fiscinam
1591 998 1702 1024 ficorum
1719 996 1851 1024 obiecisti.
2399 1002 2405 1027 ¹,

1390 1039 1445 1060 F1s
1455 1039 1471 1060 c
1483 1041 1500 1060 E
1510 1041 1597 1066 LLA,
1616 1042 1654 1060 ae.
1675 1033 1695 1059 f.
1731 1032 1875 1068 [ταλαρίς]
1910 1031 2013 1058 Dimin.
2024 1041 2040 1059 a
2052 1032 2163 1059 Fiscina.
2198 1030 2275 1066 Virg.
2290 1029 2342 1057 Ed.
2357 1034 2412 1065 10,ἈΑ
2428 1054 2429 1058 ,

1355 1076 1383 1102 71
1404 1069 1435 1094 Et
1452 1070 1543 1103 gracili
1558 1069 1681 1096 fiscellam
1694 1069 1760 1095 texit
1778 1068 1891 1095 hibisco.
1926 1067 2001 1095 Milii
2013 1067 2108 1094 fiscella
2121 1066 2202 1094 Ouid.
2216 1067 2282 1093 Fast-
2295 1076 2323 1100 4,
2337 1065 2414 1100 743·'.

1355 1104 1478 1132 Fiscellae
1496 1105 1576 1131 iunco
1596 1104 1680 1132 faciae
1696 1105 1799 1131 rariore
1809 1109 1935 1131 contextu
1955 1103 2051 1130 Pallad.
2064 1103 2125 1130 Οὲὶ.
2137 1112 2175 1136 19,
2187 1112 2207 1129 1.
2264 1101 2414 1134 Columel..1
2431 1118 2434 1119 ν

1356 1148 1388 1171 12,
1404 1145 1439 1172 18,
1453 1149 1465 1166 2
1491 1141 1518 1167 Si
1531 1149 1592 1175 ager
1605 1140 1706 1175 amplus
1715 1161 1723 1173 ,
1737 1146 1782 1167 aut
1793 1141 1883 1167 vineta
1892 1160 1900 1172 ‚
1918 1145 1963 1166 aut
1977 1139 2080 1166 arbusta
2092 1139 2201 1174 grandia
2213 1138 2288 1170 sunt,
2305 1135 2413 1174 peren-Jv

1354 1184 1388 1201 ne
1407 1175 1573 1203 fabricandae
1592 1175 1773 1209 deciinodiae,
1792 1182 1818 1202 01
1831 1175 1989 1206 trimodum,
2007 1180 2034 1201 et
2046 1174 2156 1201 fiscellae
2174 1173 2301 1201 texendae
2314 1179 2340 1199 et
2357 1172 2403 1208 piir

1356 1211 1459 1238 candae.
1496 1213 1526 1238 In
1539 1212 1640 1238 iunceis
1653 1211 1754 1238 fiscellis
1767 1212 1810 1238 vel
1823 1211 1931 1246 sparteis
1945 1211 2022 1238 saccis
2035 1211 2171 1246 percolant
2183 1210 2288 1237 Colum.
2305 1217 2343 1241 12,
2356 1206 2414 1243 17‘
2444 1236 2446 1242 ⁴

1356 1247 1429 1282 Conf.
1444 1247 1531 1275 Barth.
1545 1248 1579 1274 ad
1590 1248 1683 1282 Script.
1697 1248 1791 1274 Venat.
1807 1253 1859 1278 180.
1879 1254 1903 1274 et
1915 1246 2021 1283 AdutrJI
2036 1250 2079 1279 36,
2098 1256 2136 1278 23.
2274 1243 2295 1282 ff
2314 1253 2331 1271 2
2354 1245 2402 1274 1²12
2416 1270 2419 1273 .

1354 1283 1430 1309 scella
1448 1286 1521 1310 etiam
1533 1283 1669 1310 viminibus
1682 1283 1839 1318 funiculisue
1857 1289 1988 1314 contexta,
2008 1281 2102 1309 dicitur
2116 1283 2174 1317 Qu
2187 1281 2256 1308 boum
2275 1289 2319 1308 ora
2333 1279 2416 1316 saue«⁷
2445 1285 2465 1308 .‹

1355 1328 1440 1354 cesque
1459 1317 1637 1354 capistrantur.
1674 1320 1741 1345 Cato
1755 1319 1787 1345 de
1803 1319 1834 1346 R.
1849 1319 1880 1345 R.
1895 1327 1917 1345 c.
1931 1326 1964 1351 54
1991 1319 2022 1344 Et
2037 1317 2146 1344 fiscellas
2164 1316 2262 1343 habere
2282 1316 2407 1351 oportet?
2458 1322 2459 1325 ¹

1354 1363 1387 1381 ne
1407 1353 1500 1381 herbas
1522 1354 1654 1381 sectentur
1672 1363 1756 1389 quum
1774 1354 1894 1382 arabunt.
1949 1353 2016 1380 Plin.
2030 1359 2107 1387 18,19
2131 1352 2247 1381 Fiscellis
2262 1348 2417 1386 capistrati}
2458 1361 2459 1364 ¹

1355 1390 1438 1417 boues
1456 1396 1576 1425 oportet,
1599 1400 1632 1417 ne
1651 1390 1802 1425 germinum
1822 1396 1913 1417 tenera
1931 1394 2109 1424 praecerpant.
2153 1387 2213 1416 Vid.
2227 1386 2319 1414 Scheff.
2333 1386 2385 1414 der

1355 1426 1437 1452 vehic.
1453 1433 1482 1461 p.
1497 1430 1547 1452 166
1558 1426 1601 1461 sq.
1757 1424 1778 1462 ἢ
1800 1434 1812 1458 3
1847 1425 1906 1452 Isid.
1928 1424 2008 1452 Glofl'.
2022 1424 2147 1457 Fiscella,
2162 1424 2251 1450 forma
2270 1422 2319 1450 vbi
2332 1423 2376 1449 cas
2408 1427 2414 1439 '³

1355 1462 1548 1495 exprimuntur.
1587 1463 1680 1497 Nempe
1694 1463 1792 1487 textilis
1802 1460 1892 1496 forma
1905 1460 1988 1495 J‘erum
2000 1461 2088 1496 ‘ubique
2099 1462 2194 1486 emittit
2372 1488 2378 1491 .
2400 1456 2409 1491 j.

1393 1503 1640 1529 FisCELLVM,
1663 1506 1697 1523 an
1719 1496 1946 1522 Fiscrtivs3
1972 1495 1992 1521 i.
2028 1496 2209 1530 [ταλαρίσκος]
2242 1495 2293 1521 Pro
2310 1490 2406 1521 cadmia-¹

1354 1532 1487 1559 Columel.
1503 1540 1540 1565 12,
1553 1537 1590 1564 38,
1603 1534 1620 1558 6
1646 1532 1711 1558 Mox
1724 1531 1822 1557 fiscello
1835 1530 1925 1565 ligneo
1937 1529 2049 1556 inclusas
2063 1529 2193 1563 (baccas)
2208 1529 2362 1563 exprimito.
2399 1530 2409 1551 ὓ

1395 1574 1411 1594 F
1424 1574 1433 1593 1
1446 1575 1458 1594 s
1468 1574 1508 1594 cr
1519 1574 1533 1592 L
1543 1575 1559 1593 L
1568 1574 1588 1593 v
1598 1574 1628 1600 s,
1649 1567 1667 1593 i.
1689 1576 1725 1593 ni.
1763 1567 1838 1593 Casei
1857 1566 1948 1593 mollis
1967 1566 2117 1600 appetitor,
2135 1570 2165 1592 vt
2177 1565 2335 1597 ciniflones,
2348 1561 2411 1591 Ca-'

1354 1603 1475 1630 tilloruni
1489 1602 1653 1637 liguritores.
1690 1601 1788 1635 Festus,
1801 1608 1824 1628 et
1836 1601 1895 1628 Ifid.
1910 1601 1939 1628 in
1951 1601 2031 1628 Gloff.
2063 1601 2121 1629 Vid.
2136 1606 2284 1628 FisCELLA
2299 1609 2326 1625 n.
2336 1607 2359 1631 3.

1394 1644 1411 1665 Ρ
1424 1644 1582 1670 1331113,
1611 1643 1759 1671 Ἐ13310,
1793 1642 1986 1670 FISSIPES,
2016 1642 2182 1669 Fissvivi,
2214 1641 2396 1668 rissvna,

1355 1681 1496 1702 rissvs.
1539 1673 1599 1700 Vici.
1628 1679 1766 1701 rinno.

1392 1716 1408 1737 F
1420 1717 1452 1737 13
1461 1717 1482 1737 'r
1492 1710 1512 1735 17
1521 1716 1537 1737 C
1547 1717 1568 1736 A
1576 1729 1584 1741 ,
1602 1717 1640 1736 ae.
1659 1709 1679 1735 f.
1715 1709 1758 1737 Sic
1769 1709 1855 1735 melius
1861 1707 1986 1745 scribitur
1998 1716 2072 1744 quam
2079 1706 2198 1739 Festuca,
2210 1705 2335 1737 machina,
2350 1711 2400 1739 qua

1352 1752 1459 1772 'utuntur
1473 1746 1513 1771 vel
1524 1744 1721 1804 addsolidandum
1733 1744 1815 1781 solum
1823 1764 1832 1777 ,
1849 1746 1891 1771 vel
1902 1745 1935 1770 ad
1942 1746 2016 1780 palos
2030 1743 2165 1780 adigendos
2170 1753 2181 1772 ‚·
2200 1743 2241 1769 vel
2250 1741 2415 1776 fimplicior,.

1353 1789 1365 1805 e
1381 1780 1442 1805 fusti
1451 1799 1459 1811 ,
1473 1779 1537 1805 vnde
1569 1778 1622 1805 [θα
1636 1778 1685 1812 est,
1699 1779 1730 1806 ab
1742 1781 1823 1806 altera
1837 1786 1914 1815 parte
1927 1781 2081 1814 complanato
2089 1789 2100 1808 ,·
2118 1780 2158 1805 vel
2168 1780 2288 1813 grauior,
2303 1773 2402 1811 ausafa,
2415 1803 2418 1809 ,

2414 1824 2424 1835 θ

1353 1851 1446 1884 leisque
1465 1852 1493 1874 in
1511 1849 1589 1875 altum
1607 1846 1708 1879 tracia,
1728 1856 1758 1874 'vt
1776 1849 1863 1874 laxam
1875 1849 1923 1883 fi⁴⁰
1936 1849 2047 1884 pondere
2063 1851 2148 1874 irruat
2166 1851 2193 1873 in
2207 1845 2339 1883 subicfla,
2352 1828 2458 1897 etc-'‘ls,

1355 1886 1463 1911 Vitruu.
1479 1892 1505 1918 7,
1522 1892 1531 1910 1
1560 1883 1586 1909 Si
1607 1883 1687 1917 plano
1700 1883 1766 1918 pede
1786 1883 1838 1910 erit
1857 1883 2052 1915 ruderandum,
2069 1888 2212 1918 quaeratur
2230 1882 2316 1909 solum
2333 1880 2351 1907 fi
2371 1880 2404 1908 fit

1357 1926 1486 1953 perpetuo
1505 1919 1636 1950 solidum,
1663 1925 1690 1944 et
1710 1919 1747 1945 ita
1766 1925 1945 1952 exaequetur,
1971 1925 1997 1945 et
2019 1918 2160 1944 inducatur
2181 1926 2241 1943 cum
2261 1916 2406 1943 statumine
2419 1931 2427 1938 ‹

1356 1954 1447 1979 rudus.
1481 1952 1527 1978 Sin
1539 1958 1627 1978 autem
1642 1953 1745 1984 omnis,
1762 1959 1806 1979 aut
1820 1962 1851 1978 ex
1864 1959 1938 1986 parte
1952 1953 2125 1986 congesticius
2140 1950 2213 1977 loeus
2225 1952 2317 1985 fuerit,
2331 1952 2402 1978 fistu-
2417 1945 2431 1976 ⁵.

1356 1986 1506 2014 cationibus
1530 1996 1590 2013 cum
1616 1995 1710 2020 magna
1732 1996 1793 2014 cura
1813 1987 1952 2013 solidetur.
2024 1988 2178 2013 Pauinienta
2197 1986 2294 2014 fistucis
2312 1982 2418 2023 panim*

1356 2023 1424 2049 Plin.
1437 2025 1477 2055 36,
1489 2030 1529 2054 25.
1600 2022 1672 2048 Caes.
1684 2023 1712 2050 B.
1726 2022 1758 2048 G.
1779 2032 1808 2056 4,
1823 2030 1851 2056 17
1885 2023 1958 2048 Haec
1977 2031 2061 2057 quum
2087 2022 2330 2050 machinationibus
2350 2024 2400 2049 iin-
2421 2025 2425 2028 “

1355 2059 1429 2120 :inimi
1455 2059 1483 2084 in
1509 2058 1608 2084 flumen
1628 2057 1770 2091 defixerat,
1788 2057 1938 2093 fistucisque
1957 2058 2095 2093 adegerat,
2112 2067 2168 2085 non
2187 2058 2300 2086 sublicae
2316 2057 2398 2086 modo

1374 2100 1497 2121 trcxcrat.
1864 2116 1867 2119 ,

1391 2135 1407 2154 F
1418 2136 1426 2154 1
1437 2130 1585 2161 STVCO,
1602 2132 1655 2156 a're.
1694 2127 1801 2162 Ftstucz's
1819 2138 1969 2165 exaequare,
1981 2131 2023 2157 vel
2036 2132 2144 2166 punire,
2162 2130 2203 2157 vel
2212 2130 2286 2165 palos
2303 2132 2330 2155 in
2349 2135 2400 2156 tes·-

1354 2173 1409 2190 ram
1433 2163 1542 2199 adigere.
1586 2165 1654 2203 Cato
1668 2170 1728 2197 18‚7
1755 2165 1935 2192 Fundamenta
1957 2167 2032 2199 prius
2055 2165 2183 2193 fistucam.
2201 2167 2244 2193 AJ.
2265 2164 2408 2191 festucato.-

1355 2198 1403 2226 Sed
1416 2198 1477 2224 illud
1489 2201 1573 2237 verius
1587 2198 1645 2231 este,
1666 2200 1734 2225 modo
1746 2198 1902 2232 ostendimus.
1958 2201 2024 2227 Plin.
2038 2204 2077 2233 36,
2092 2209 2122 2234 25
2148 2201 2251 2227 Deinde
2264 2201 2359 2234 rudus,
2370 2201 2402 2229 iil

1356 2243 1410 2268 quo
1424 2234 1490 2259 duae
1503 2238 1611 2267 quintae
1624 2234 1701 2260 calcis
1720 2234 1893 2266 misceantur,
1911 2235 1999 2268 pedali
2012 2236 2175 2262 crassitudine
2189 2236 2312 2262 fistuca-i.
2378 2244 2380 2246 ¹

1392 2274 1506 2308 FIS'JPV
1520 2274 1536 2294 C
1548 2269 1571 2294 A*
1581 2274 1669 2300 TVS,
1686 2277 1700 2294 a
1710 2289 1718 2301 ‚
1738 2278 1792 2295 uin.
1829 2269 1891 2296 Adi.
1930 2269 2028 2301 Fzstuca
2043 2280 2101 2296 exue
2119 2278 2211 2297 uatum.
2247 2270 2312 2297 Plin.
2327 2278 2360 2306 17,
2371 2276 2394 2301 ΙΙ

1356 2311 1420 2331 extr.
1442 2304 1524 2330 Sicuti
1543 2309 1640 2330 terram
1659 2304 1727 2330 circa
1746 2304 1847 2331 radices
1866 2304 1984 2331 fistucato
2003 2305 2093 2339 spiffan
2113 2314 2173 2337 am,
2189 2308 2208 2331 i.
2228 2303 2395 2339 Ftstucatiom-

1364 2339 1420 2367 Vni.
1435 2340 1501 2365 Plin.
1518 2342 1558 2371 36,
1573 2348 1608 2372 25.
1645 2339 1735 2366 Solum
1753 2340 1900 2367 fistucatum
1913 2340 1979 2366 Plin.
1993 2340 2060 2367 ibid.
2096 2341 2205 2366 Vitruu.
2219 2348 2245 2374 7,
2257 2350 2286 2375 4.
2431 2364 2433 2369 Δ

1357 2380 1663 2439 IdFISTVCATIO,
1687 2376 1755 2403 onis,
1779 2376 1800 2402 f.
1836 2373 1918 2402 Astus
1947 2376 1997 2411 ipse
2022 2373 2170 2411 fistucandi.
2206 2377 2313 2402 Vitruu.
2332 2384 2359 2411 7,
2378 2384 2413 2406 1.-

1389 2420 1430 2438 em
1447 2419 1492 2443 10,
1512 2419 1533 2442 3.

1396 2444 1585 2479 FlsTxJLA,
1604 2454 1642 2473 ae.
1673 2445 1692 2472 f.
1736 2445 1854 2482 [σύριγξ,
1870 2445 1960 2477 mihis,
1981 2444 2074 2479 σωλῆν,
2093 2443 2196 2479 ὅχετός,
2214 2442 2300 2479 δόναξ]
2338 2446 2396 2472 Pri-

1359 2492 1399 2509 ma
1413 2481 1600 2543 stgnhficatione
1617 2482 1719 2508 notabat
1734 2489 1846 2508 canatum
1859 2482 1957 2518 aliquid
1973 2488 2054 2516 teres,
2090 2481 2138 2507 uod
2156 2490 2196 2507 ore
2212 2480 2314 2507 humano
2325 2480 2398 2517 infla-

1361 2524 1412 2544 tum
1426 2517 1471 2544 reti
1489 2523 1538 2543 eret
1544 2516 1646 2552 sonum,
1660 2526 1727 2552 quem
1740 2520 1836 2552 primae
1850 2524 1956 2552 quatuor
1969 2518 2056 2544 literae
2089 2517 2109 2544 st
2121 2523 2242 2551 utcunque
2253 2517 2401 2551 exprimunt,

1362 2559 1391 2580 vt
1410 2552 1449 2587 fit
1466 2552 1682 2585 ὄνοματοποιηθέν,
1702 2561 1786 2579 nomen
1806 2562 1835 2578 ex
1847 2553 1909 2588 fimo
1922 2556 1960 2578 rei
1977 2551 2053 2587 ipstus
2065 2550 2174 2580 duflum.
2213 2552 2275 2579 Tale
2289 2549 2349 2587 quid
2359 2558 2416 2578 υοι
2430 2558 2432 2561 ·

1360 2589 1408 2615 luit
1414 2588 1488 2623 forte
1500 2587 1558 2614 Ifid.
1572 2588 1646 2615 Orat.
1663 2596 1687 2622 2,
1699 2596 1731 2614 20
1753 2588 1773 2614 F
1776 2587 1852 2614 fistula
1863 2586 1935 2614 ἀίἑὶει
1947 2587 2018 2622 quod
2031 2596 2126 2614 vocem
2146 2587 2264 2614 emittat:
2282 2595 2348 2652 [quae
2359 2594 2409 2612 ua·
2426 2612 2429 2620 f

1362 2626 1400 2650 rie
1412 2629 1545 2658 corrupta,
1563 2629 1593 2649 vt
1604 2632 1633 2649 ex
1646 2625 1757 2658 antiquis
1775 2623 1923 2649 editionibus
1935 2629 2046 2658 apparet.
2082 2623 2152 2649 Certe
2171 2631 2255 2650 verum
2270 2631 2280 2656 ς
2310 2641 2318 2653 ,
2335 2620 2422 2648 111111-1’

1363 2657 1417 2684 13111
1429 2656 1523 2684 dietam
1536 2656 1635 2690 videri,
1648 2657 1678 2684 ab
1691 2668 1731 2691 eo,
1744 2662 1787 2694 qui
1805 2659 1907 2694 inflatae
1919 2658 2072 2691 arundinis,
2084 2658 2193 2691 calami,
2206 2666 2303 2685 cannae
2314 2655 2422 2694 sonunN

1355 2692 1460 2755 signare
1478 2694 1567 2720 voluit.
1619 2693 1730 2723 Deinde,
1746 2699 1775 2720 vt
1786 2692 1840 2729 fit,
1858 2692 1978 2721 traducta
2000 2692 2033 2727 est
2052 2694 2184 2730 appellatio
2196 2693 2230 2719 ad
2243 2697 2328 2721 omnia*
2343 2702 2372 2719 ca
2388 2722 2396 2725 „

1363 2739 1377 2756 o
1393 2730 1483 2766 longa,
1502 2731 1606 2762 teretia,
1618 2735 1666 2764 per
1681 2738 1741 2764 quae
1753 2731 1794 2755 vel
1806 2733 1864 2762 aer,
1883 2731 1924 2756 vel
1934 2732 2069 2766 quicunque
2080 2730 2166 2757 humor
2178 2735 2253 2756 meat.
2289 2728 2390 2755 Nobilio
2472 2747 2475 2754 .

1363 2767 1470 2792 caeteris
1481 2763 1515 2798 est
1529 2764 1587 2796 illa,
1601 2772 1660 2799 quae
1672 2764 1706 2791 ad
1721 2773 1839 2800 uquarum
1851 2765 2037 2798 deriuationem,
2056 2763 2266 2798 distributionem,
2285 2766 2405 2799 erogatios
2449 2762 2457 2782 l

1364 2809 1417 2826 nem
1432 2807 1456 2827 et
1469 2799 1658 2826 moderationem
1675 2799 1815 2827 adhibetur.
1867 2800 1998 2835 Qunffll.
2013 2809 2035 2834 ς,
2049 2809 2089 2834 14,
2102 2809 2126 2833 31
2145 2800 2174 2826 de
2188 2801 2321 2832 Oratione,
2330 2800 2348 2826 F
2351 2806 2415 2826 era-2

1365 2841 1409 2862 tur
1416 2844 1470 2862 non
1480 2835 1588 2876 semitis,
1602 2835 1645 2861 sed
1658 2836 1772 2869 campis;
1790 2844 1845 2868 non
1858 2838 1897 2863 vti
1910 2836 1997 2864 fontes
2011 2836 2125 2871 angustis
2133 2834 2223 2861 fistulis
2231 2834 2406 2869 colliguntur,
2420 2847 2425 2859 1
2440 2845 2442 2848 >

1364 2870 1406 2898 sed
1419 2876 1448 2898 vt
1461 2870 1575 2897 latissimi
1587 2879 1674 2897 amnes
1686 2872 1749 2897 totis
1763 2871 1877 2899 vallibus
1890 2873 1961 2899 fluat.
2006 2872 2062 2898 Cic.
2077 2879 2125 2904 pro
2137 2868 2226 2896 Rabir.
2234 2870 2308 2904 perd.
2316 2879 2365 2897 reo
2379 2877 2405 2902 31

1365 2905 1415 2934 Etfi
1427 2907 1456 2933 C.
1471 2906 1588 2938 Marius,
1608 2905 1681 2940 quod
1695 2906 1807 2940 fistulas,
1841 2907 1919 2934 uibus
1939 2916 2007 2942 aqua
2019 2904 2234 2940 suppeditabatur
2249 2905 2321 2932 Iouis
2341 2907 2405 2940 Opt.
2448 2913 2449 2917 ¹

1364 2943 1434 2970 Max.
1449 2941 1553 2975 templis
1567 2950 1596 2967 ac
1608 2941 1725 2973 sedibus,
1738 2943 1824 2977 praeci
1845 2944 1855 2969 i
1868 2943 1990 2977 imperat,
2002 2947 2046 2968 etc.
2099 2941 2175 2966 Varr.
2189 2939 2221 2966 de
2235 2941 2304 2968 R.R.
2318 2950 2342 2974 3,
2355 2949 2377 2974 5,
2389 2949 2405 2967 2
2423 2955 2432 2966 ι

1364 2978 1395 3005 111
1409 2977 1459 3017 hoc
1474 2976 1574 3003 10611131
1588 2986 1684 3012 aquam
1700 2979 1794 3006 venire
1812 2985 1917 3013 oportet
1929 2986 1977 3012 per
1987 2975 2109 3003 fistulam.
2146 2976 2283 3012 &aphia-e,
2296 2983 2326 3003 vt
2337 2976 2405 3013 solet
2426 2975 2431 3002 ’.

1365 3012 1447 3040 Ouid.
1459 3013 1523 3039 Met.
1540 3023 1567 3047 4,
1583 3021 1622 3045 119
1642 3013 1670 3039 de
1685 3015 1808 3048 Pyramo,
2453 3009 2457 3026 ³

1520 3050 1555 3074 Vt
1575 3048 1656 3074 iacuit
1674 3050 1809 3083 resupinus
1830 3048 1922 3079 humi;
1941 3055 2020 3074 cruor
2039 3046 2133 3073 emicat
2152 3046 2214 3078 alte,

1522 3083 1586 3110 Non
1606 3084 1684 3111 aliter
1703 3094 1783 3120 quam
1803 3093 1862 3111 cum
1879 3083 1975 3110 vitiato
1994 3082 2079 3109 fistula
2099 3083 2209 3116 plumbo

1522 3118 1668 3150 Scinditur,
1692 3126 1717 3146 et
1737 3126 1828 3147 tenues
1845 3118 1968 3146 stridente
1986 3118 2119 3144 foramine
2139 3118 2218 3153 longe

1521 3154 1671 3181 Eiaculatur
1687 3164 1783 3190 aquas,
1803 3161 1880 3189 atque
1899 3153 1998 3180 ic‘tibus
2017 3155 2078 3180 aera
2098 3154 2207 3188 rumpit.

1366 3189 1441 3219 Reffe
1453 3190 1592 3225 plumbum
1606 3190 1720 3225 appellat.
1761 3193 1826 3217 Nam
1837 3194 1864 3216 in
1877 3189 1922 3216 hoc
1934 3188 2057 3221 differunt
2075 3189 2174 3216 fistulae
2186 3198 2202 3216 a
2214 3189 2329 3222 tubulis,
2342 3187 2408 3225 quad

1366 3227 1394 3256 hi
1411 3236 1425 3253 e
1444 3226 1506 3253 testa
1518 3226 1542 3262 s.
1558 3225 1669 3258 fictiles,
1687 3226 1743 3253 illae
1763 3232 1843 3253 autem
1855 3223 2000 3259 plumbeae.
2037 3226 2116 3251 Locus
2132 3225 2244 3260 clafficus
2256 3226 2284 3252 de
2302 3231 2421 3261 ‘utroque'

1367 3272 1453 3299 genere
1467 3271 1542 3298 aquae
1556 3260 1676 3287 ducendae
1690 3261 1796 3288 Vin-uu,
1810 3266 1833 3292 8,
1846 3267 1863 3294 7
1882 3268 1950 3294 quem
1965 3263 1991 3286 1'71
2009 3259 2152 3287 breuitatem
2166 3264 2296 3288 contraxit
2308 3260 2404 3288 Pallad-

1368 3300 1472 3332 Aug.11
1487 3304 1510 3324 et
1525 3304 1559 3323 12.
1597 3297 1718 3331 Frequens
1736 3297 1834 3323 illarum
1852 3298 1941 3321 mentio
1958 3295 2023 3331 apud
2041 3296 2199 3324 Frontinum
2221 3295 2253 3323 tle
2266 3295 2405 3330 Aquaedu-
2449 3314 2450 3327 ἢ

1369 3333 1474 3366 cubus,
1494 3332 1537 3359 vbi
1553 3333 1629 3358 multa
1641 3332 1723 3358 docuit
1737 3333 1849 3359 polenus.
1888 3332 1989 3357 Necnon
2006 3331 2064 3358 ICti
2077 3337 2171 3358 veteres
2190 3331 2230 3364 fre
2248 3338 2331 3358 uenter
2348 3331 2407 3358 illas

1370 3369 1507 3404 usurpant,
1526 3377 1550 3395 υ.
1565 3376 1590 3403 g.
1609 3367 1713 3394 Fistulis
1733 3366 2034 3406 adplumbataecpitonia
2046 3367 2063 3393 l.
2078 3374 2106 3401 17
2120 3365 2143 3400 6.
2157 3372 2170 3396 8
2182 3361 2215 3393 l).
2251 3376 2266 3392 e
2278 3366 2328 3393 aci.
2341 3372 2403 3393 emt.
2450 3368 2451 3378 ¹

1370 3440 1468 3466 vindic.
1494 3438 1591 3466 Fistula
1604 3438 1692 3464 iunCta
1708 3436 1803 3472 parieti
1822 3438 1971 3469 communi,
1989 3446 2055 3472 quae
2086 3444 2131 3464 aut
2157 3446 2188 3464 ex
2214 3437 2334 3470 castello,
2358 3442 2404 3464 aut
2422 3432 2451 3463 ὲ*

1372 3483 1405 3502 ex
1422 3474 1494 3501 caelo
1513 3482 1606 3508 aquam
1626 3473 1702 3507 capit.
1762 3473 1803 3499 Sic
1823 3472 1839 3498 l.
1870 3480 1895 3506 ις
1920 3474 1951 3499 D.
1983 3473 2016 3499 de
2042 3472 2133 3500 seruit.
2163 3473 2252 3507 praed.
2282 3466 2434 3500 rusticor..

1372 3512 1411 3543 Q
1440 3509 1544 3536 Mucius
1575 3508 1680 3539 scribit,
1714 3521 1759 3527 -—-
1795 3507 1874 3534 licere
1907 3507 2019 3536 fistulam
2042 3509 2086 3535 vel
2114 3508 2224 3535 fictilem
2253 3508 2297 3536 vel
2319 3504 2440 3537 cuius-s

1370 3546 1437 3572 libet
1450 3544 1551 3579 generis
1574 3544 1602 3569 in
1622 3543 1683 3569 riuo
1701 3550 1800 3577 ponere
1813 3551 1858 3570 etc.
2053 3541 2074 3581 fl
2095 3552 2111 3570 2
2146 3544 2242 3570 Fistula
2261 3542 2295 3576 est
2309 3542 2406 3577 InJlru·
2437 3539 2440 3543 ’

1372 3623 1395 3643 et
1408 3621 1448 3648 28,
1462 3622 1493 3648 ις.
1513 3617 1543 3641 i't.
1564 3613 1685 3640 Brouckh.
1700 3613 1734 3638 ad
1745 3613 1812 3640 Tib.
1829 3624 1850 3647 2,
1865 3622 1888 3647 ς,
1903 3622 1936 3646 31.
2008 3615 2104 3640 Catoni
2117 3615 2148 3640 R.
2162 3614 2193 3641 R.
2209 3623 2246 3647 21,
2262 3623 2272 3640 ι
2305 3614 2404 3641 Fistula

1371 3652 1458 3678 ferrea
1471 3659 1553 3677 cauum
1566 3648 1662 3683 aliquid
1673 3646 1705 3680 es?
1715 3669 1722 3681 ‚
1741 3651 1889 3685 inu-instem
1901 3653 1928 3676 in
1939 3650 2104 3680 columellam,
2123 3651 2274 3686 extr-insecus
2287 3657 2365 3676 autem
2376 3652 2406 3676 in

1371 3693 1458 3721 cupam
1470 3687 1619 3712 conueniens.
1655 3684 1719 3709 Plin.
1734 3691 1771 3718 17,
1786 3695 1812 3718 ¹4
1825 3686 1842 3711 s.
1856 3693 1883 3717 23
1907 3685 1978 3711 Hinc
1998 3691 2056 3711 nata
2068 3684 2230 3716 inoculatio,
2248 3686 2363 3711 sutoriae
2376 3684 2404 3711 fi·
2443 3712 2446 3717 ,

1373 3722 1434 3749 mili
1459 3720 1541 3747 fistula
1563 3719 1697 3753 aperiendi
1721 3720 1748 3745 in
1768 3721 1863 3747 arbore
1882 3721 1989 3746 oculum
2013 3719 2111 3746 cortice
2134 3720 2237 3752 exciso,
2264 3721 2411 3755 semenque·

1375 3792 1454 3819 dendi
1472 3791 1521 3824 (in
1537 3789 1604 3815 illum
1623 3790 1752 3816 orbiculum
1770 3792 1897 3828 excisum)
1917 3791 2007 3817 eadem
2025 3788 2108 3815 fistula
2130 3790 2259 3817 sublatum
2287 3800 2319 3817 ex
2344 3791 2404 3817 alia.
2419 3794 2421 3796 '

1374 3826 1469 3860 Affinis
1483 3824 1514 3857 qli
1527 3825 1586 3850 haec
1599 3823 1682 3851 fistula
1700 3827 1819 3853 tei-ebrae
1834 3827 1958 3852 Gallicae.
2028 3825 2104 3859 virg.
2120 3826 2171 3852 Ecl.
2186 3835 2207 3857 ε,
2223 3829 2253 3858 36
2284 3826 2323 3852 Est
2337 3825 2404 3852 mihi

1375 3860 1630 3900 disparibus-septem
1645 3862 1778 3895 compac‘ia
1795 3862 1887 3888 cicutis
1920 3859 2026 3888 Fistula.
2096 3860 2162 3887 Plin.
2178 3869 2204 3895 7,
2222 3864 2253 3893 56
2281 3861 2405 3887 Fistulam

1373 3898 1424 3923 Pan
1446 3902 1556 3921 inuenit.
1608 3896 1725 3923 Macrob.
1739 3898 1788 3923 Sat.
1805 3906 1826 3929 1,
1842 3905 1867 3923 21
1905 3897 1991 3923 Solem
2010 3895 2056 3922 sub
2075 3897 2184 3923 nomine
2199 3897 2297 3922 Attinis
2312 3900 2405 3922 ornant

1651 3932 1749 3960 Fistula
1767 3932 1889 3960 ordinem
1908 3932 2014 3967 spiritus
2032 3931 2176 3967 inaequalis
2194 3931 2319 3959 ostendit:
2344 3931 2405 3966 quia

2324 3972 2403 3999 venti,
