2479 4225
230 142 310 189 1163
608 127 626 167 Ῑ
712 124 756 164 Ν
836 120 881 161 Τ

483 219 593 245 Pomum
618 214 747 241 intatffhim
772 209 910 238 omnibus,
931 205 1004 242 Qud
1017 213 1033 232 a
1051 206 1144 232 nemine
1161 201 1276 239 gustatur

236 229 301 289 leleiii.
315 227 406 291 fifigo.
496 254 606 279 Pontem
623 249 751 277 intexetur„
764 248 845 273 sinere
862 245 936 270 curt.
950 252 977 282 4,
991 244 1029 274 16,
1042 250 1068 274 9.
1138 237 1275 266 Thesauri

237 295 354 324 Arabum
378 288 470 317 11113ἃί
497 289 565 315 Hor.
586 287 674 313 Carin.
695 293 717 316 3,
737 291 776 315 24,
797 290 814 306 1.
851 278 924 305 Aria.
938 278 997 303 Liu.
1014 285 1054 310 29,
1072 281 1106 306 18.
1185 273 1274 299 Vestes

236 330 317 358 Ouid.
333 327 396 354 Fast.
412 335 432 357 1,
446 332 488 359 79.
559 322 644 355 Virgo
656 318 752 346 inta&a
765 320 850 341 manet
862 312 956 340 Catull.
974 314 1018 345 60,
1031 319 1072 345 45.
1161 309 1275 344 Compar.

236 367 327 393 quen.
342 363 392 388 Sat.
406 363 431 393 6,
447 362 489 386 162
508 358 637 385 1111301101-
650 354 722 381 omni
735 351 844 382 Sabina,
864 353 882 375 i.
900 346 1005 380 Castior.
1092 381 1097 385 ¹
1243 379 1248 383 ¹

272 408 281 426 1
291 406 312 425 N
323 404 345 424 T
356 404 376 422 Α
385 402 402 422 c
414 402 436 422 'r
447 402 468 421 v
477 401 507 427 s,
523 392 561 419 sis.
581 401 616 418 m.
651 391 754 416 Lucret.
768 394 788 416 i,
800 393 853 418 454
875 383 979 410 Tactus
992 381 1149 417 corporibus
1163 378 1274 411 cuneus,

239 434 350 494 ωΐιᾶξιὶυῐῗ
359 439 466 494 ,tingt'ii‘f
474 471 548 494 Lis,
567 471 590 487 e.
617 458 677 485 Adi.
714 456 857 489 [ἄνακτος]
893 457 913 480 i.
935 451 1042 480 TaHum
1060 451 1202 487 refitgiens,
1225 448 1274 482 siue

235 504 308 540 Quod
325 506 398 539 tangi
410 497 553 535 noupotest.
587 496 689 520 Luci-et.
704 501 724 523 1,
736 496 784 524 438
810 490 854 516 Sin
868 489 988 516 intaciile
1003 488 1055 514 erit
1069 487 1142 513 nulla
1155 486 1187 512 de
1201 490 1274 520 parte

239 539 311 575 quod
325 538 404 565 vllam
426 537 489 562 Rem
503 529 644 567 prohibere
657 533 734 563 queat
747 535 793 561 per
806 527 832 552 se
845 525 953 552 transire
966 529 1104 551 meantem.
1130 560 1135 564 ¹
1228 559 1232 562 Ι

273 581 314 602 IN
326 571 580 600 TAMINATVS,
606 573 637 595 a,
664 572 718 589 um.
750 562 810 588 Adi.
848 560 1002 594 [ἀμίαντος]
1037 567 1062 594 q.
1075 558 1100 584 d.
1124 563 1276 596 mtagmnga-

237 616 278 637 tus
305 619 321 636 a
334 606 469 635 tumendo:
495 601 559 629 Idem
574 599 638 634 quod
649 600 872 626 Incontaminatus.
908 596 976 622 Hor.
989 596 1077 634 Carni.
1092 603 1113 625 3,
1126 601 1149 625 2,
1162 600 1190 626 17
1214 593 1275 618 Vir-

236 651 278 674 tus
285 630 404 679 'repulszi'e
416 638 499 666 nescia
513 634 647 665 sordidae,
665 632 830 660 Intaminatis
844 632 927 665 fulget
943 629 1099 656 honoribus.
1243 664 1248 669 Ι
1265 644 1267 659 1

274 688 283 706 1
294 687 316 706 N
325 685 374 705 TA
382 683 402 703 N
411 682 432 702 T
441 680 460 699 v
470 680 511 704 M,
535 677 558 697 et
584 678 593 696 1
603 677 625 695 N
636 676 684 708 Qv
693 677 715 695 A
723 676 745 695 N
754 674 775 694 T
785 674 806 693 v
816 674 841 693 Μ
850 687 859 699 ,
886 666 1071 692 Adaei-bialum
1092 662 1216 690 interdum
1237 667 1276 687 zta

236 726 285 743 uno
298 721 377 740 tenore
389 710 488 745 scripta
499 708 617 742 reprrias.
637 704 736 737 [τόσση
750 703 792 737 ¹14)
811 701 878 735 ‘Ao-or,
890 700 990 741 dauni]
1027 701 1085 727 Sen.
1103 699 1136 739 de
1146 697 1241 738 Ben.‘³f·.
1250 705 1274 730 2,

236 761 263 783 23
290 745 431 781 Qiomodo
450 743 523 769 danti
543 742 672 768 intantum
690 738 856 774 producenda
874 742 970 762 notitia
987 736 1022 762 est
1034 743 1151 761 muneris
1165 735 1220 764 sui,
1234 742 1273 773 in-

237 791 362 820 quantum
378 779 538 806 delectatum
560 777 595 803 est
615 777 658 802 cui
676 775 767 805 datur,
787 774 824 799 ita
846 771 987 806 accipienti
1009 769 1158 799 adhibenda
1179 777 1273 795 concio

235 821 281 848 est,
336 817 411 850 Virg.
426 816 490 841 Aen.
505 816 529 844 6,
543 817 590 846 875
623 812 680 838 Nec
697 818 762 845 puer
776 809 857 835 Iliaca
875 808 1016 843 quisquam
1033 806 1066 833 de
1079 811 1155 841 gente
1165 804 1275 831 Latinos

234 856 368 882 intantum
383 852 425 885 spe
437 849 511 876 tollet
525 856 596 874 auos.

270 892 471 917 INTARDO,
506 882 570 909 vnde
1036 913 1042 918 .
1205 912 1242 918 Η

270 931 281 949 1
292 930 312 949 N
322 929 343 948 Τ
352 929 373 948 Α
382 929 401 948 R
411 927 429 948 D
438 928 459 947 Α
469 927 491 945 Ν
499 926 512 945 s
521 938 529 951 ,
548 916 624 944 antis.
651 917 719 943 Part.
755 914 834 942 Paffio
854 913 1013 949 corporibus
1034 911 1169 940 intardans
1177 930 1187 944 ‚
1200 920 1218 936 ι.
1231 919 1276 936 zm-

235 968 333 987 morans
347 956 418 984 Cael.
432 954 519 982 Aurel.
536 952 622 979 Tard.
637 960 661 984 3,
675 959 697 984 5.
733 950 801 977 Add.
814 950 853 977 Id.
867 952 942 977 Acut.
955 959 975 981 1,
989 958 1016 982 4.
1067 983 1072 987 ¹

272 1002 282 1020 1
291 1001 313 1020 N
324 1000 346 1020 ‘r
356 1000 377 1019 Α
386 999 405 1018 R
414 998 431 1018 D
441 999 462 1017 A
470 997 491 1017 T
500 997 521 1015 v
530 995 543 1014 s
552 1009 560 1021 ‚
576 997 591 1014 a
600 1007 608 1019 ,
634 997 688 1013 uni.
716 987 783 1013 Part.
814 987 946 1013 Intardata
968 983 1126 1018 corporibus
1149 989 1274 1021 emouere

234 1034 314 1064 atque
326 1026 464 1055 excludere
477 1025 547 1052 Cael.
563 1024 652 1050 Aurei.
665 1021 751 1049 Tard.
767 1031 787 1053 2,
800 1031 813 1054 3
829 1029 894 1048 extr.
913 1020 992 1047 eodem
1005 1017 1140 1046 intellectu.

273 1072 282 1090 1
293 1072 315 1090 Ν
326 1071 348 1091 Τ
360 1062 376 1090 ὲ
385 1069 406 1089 G
416 1068 432 1087 F
441 1069 471 1094 R,
483 1069 537 1095 gra,
551 1068 635 1094 grum.
656 1058 716 1084 Adi.
734 1059 750 1092 [

234 1099 497 1136 ruPtum,inuioIatum
508 1096 564 1132 φα.
573 1093 703 1121 incaHum.
720 1093 777 1119 Vsd.
785 1093 865 1128 supra
879 1097 1044 1118 ATTEGLR
1058 1095 1082 1116 et
1094 1094 1275 1116 ATTEGRO.

236 1138 348 1162 Pertinet
364 1141 442 1161 autem
459 1132 493 1158 ad
509 1134 604 1161 omnia,
623 1138 682 1165 quae
703 1131 790 1165 tangi,
804 1130 890 1163 carpi,
903 1129 995 1158 minui,
1005 1127 1098 1161 pollui,
1112 1125 1205 1151 violari
1219 1122 1276 1158 po]L

229 1171 308 1208 fiant,
321 1170 355 1196 ad
371 1176 473 1204 corpus,
487 1169 609 1198 animum,
622 1164 835 1200 morcs‚famam‚
849 1163 940 1199 agendi
953 1162 1120 1199 facultatem,
1133 1166 1182 1200 etc.
1235 1160 1275 1184 In-

236 1213 340 1241 tegrum
356 1204 481 1238 templum
494 1201 569 1227 omni
582 1209 662 1235 opere
680 1201 736 1226 Cic.
750 1200 826 1226 Verr.
843 1207 862 1230 1,
877 1207 924 1230 132.
982 1198 1093 1224 Nouum
1106 1203 1128 1222 et
1142 1203 1276 1229 integrum

234 1245 321 1269 eonium
341 1243 361 1266 it
376 1239 456 1266 Plaut.
469 1238 524 1264 Cas.
538 1245 559 1268 3,
573 1245 594 1269 5,
607 1244 628 1269 5.
1013 1269 1017 1273 .
1047 1268 1052 1273 ¹

235 1284 299 1304 extr.
334 1277 357 1301 'x
375 1274 485 1309 integris
503 1279 608 1299 truncos
626 1271 727 1306 gignit,
744 1271 862 1305 itemque
882 1278 913 1297 ex
933 1275 1032 1296 truncis
1045 1273 1170 1301 integros.
1206 1265 1275 1292 Atlas.

234 1311 352 1339 quenal.
373 1319 406 1343 ις,
423 1315 464 1343 87.
533 1309 638 1342 Integra
657 1307 712 1333 filia
730 1307 813 1332 Plaut.
827 1306 913 1332 True.
932 1315 961 1339 4,
975 1313 997 1336 3,
1016 1311 1062 1338 47.
1081 1306 1099 1329 i.
1125 1305 1212 1337 uirgo,
1227 1310 1275 1326 non

234 1351 373 1375 imminuta.
446 1343 571 1378 Virgines
585 1344 703 1378 integrae
717 1342 802 1368 Catul.
818 1349 858 1374 59,
870 1344 910 1374 36.
976 1340 1032 1366 Cic.
1047 1339 1079 1365 de
1092 1339 1165 1364 Orat.
1186 1346 1205 1369 1,
1225 1345 1276 1377 229

234 1384 379 1417 Qiumque
392 1381 440 1407 illo
453 1389 533 1406 nemo
549 1387 634 1413 neque
654 1378 786 1413 integrior
801 1378 860 1403 effet
874 1377 902 1402 in
915 1376 1040 1407 ciuitate,
1053 1383 1139 1408 neque
1152 1371 1277 1404 sanciior,

234 1425 280 1445 etc.

234 1455 354 1488 Integer,
368 1453 507 1482 innocens,
522 1450 660 1484 religiosus
680 1449 735 1476 Cic.
750 1450 828 1475 Verr.
843 1457 869 1481 4,
883 1456 908 1482 7.
1109 1481 1113 1485 μ

234 1489 351 1517 stiffimus
365 1488 436 1515 Idem
452 1486 483 1513 de
495 1488 597 1513 Inuent.
612 1494 637 1517 2,
650 1487 690 1517 36.
762 1485 851 1511 Bonus
865 1490 889 1510 et
906 1484 1008 1517 integer
1022 1482 1066 1508 vir
1084 1482 1142 1520 Cic..
1155 1488 1204 1514 pro
1217 1480 1276 1519 Mu-

234 1534 313 1553 raena
350 1544 357 1550 .
395 1543 401 1550 .
440 1543 446 1549 .
524 1522 629 1555 Integer
643 1527 666 1547 et
681 1520 893 1551 Contaminatus,
906 1521 1035 1545 contraria
1050 1517 1122 1543 Idem
1135 1525 1163 1542 in
1175 1515 1275 1555 Topvic.

237 1563 280 1594 69.
349 1561 453 1593 Integer
471 1563 497 1584 et
516 1566 595 1591 purus
610 1557 667 1583 Cic.
680 1555 762 1583 Tusc.
777 1565 795 1588 1,
809 1564 848 1588 41.
921 1554 1003 1580 Rudis
1018 1551 1176 1587 discipulus,
1191 1556 1217 1577 et
1238 1558 1277 1576 in-

238 1604 311 1630 teger
328 1595 401 1622 Idem
414 1595 444 1620 de
458 1593 494 1619 N.
513 1594 544 1618 D.
565 1601 588 1625 3,
603 1600 619 1626 7
639 1601 659 1618 c.
676 1600 698 1624 3.
1076 1624 1080 1628 Ι
1114 1624 1119 1628 ¹
1176 1622 1181 1627 .
1201 1622 1208 1627 ἦ

239 1629 321 1658 Ouid.
341 1631 404 1656 Met.
426 1638 452 1661 9,
471 1637 535 1661 440.
606 1627 661 1653 Cic.
681 1628 709 1653 in
727 1627 784 1653 Art.
804 1625 882 1652 Rhet.
917 1627 1021 1659 Integer
1039 1632 1122 1650 animi
1142 1622 1217 1648 fuisie
1236 1622 1279 1647 de-

239 1665 406 1693 monstratur.
427 1665 508 1697 (Nan
528 1666 650 1698 integrum
669 1665 718 1688 iam
738 1661 769 1695 est
783 1664 861 1688 locum
881 1661 1015 1696 quaerere)
1054 1692 1055 1695 Ἰ
1088 1661 1224 1685 Annorum
1241 1658 1280 1683 in-

239 1707 314 1736 teger
341 1701 402 1727 Stat.
416 1697 508 1726 Theb.
530 1706 549 1729 1,
566 1705 620 1730 415.
692 1697 789 1723 Mentis
809 1697 876 1722 Hor.
898 1696 979 1722 Serm.
1001 1705 1022 1727 2,
1041 1704 1064 1727 3,
1085 1697 1125 1727 65.
1205 1693 1279 1719 Idem

199 1749 202 1753 ²
240 1738 327 1764 Cat-m.
349 1744 369 1768 i,
387 1743 428 1765 22,
448 1742 458 1760 1
483 1735 587 1767 Integer
607 1732 700 1764 Vitae,
722 1731 877 1765 scelerisque
897 1740 985 1763 purus.
1055 1732 1159 1762 Integer
1178 1728 1281 1762 pudore

239 1771 355 1799 Martial.
371 1772 397 1802 6,
413 1774 449 1798 28.
519 1769 621 1802 Integra
636 1776 696 1800 gens
710 1776 723 1792 a
736 1766 853 1792 cladibus
868 1765 931 1791 belli
953 1766 1014 1791 Liu.
1029 1773 1054 1796 9,
1066 1773 1105 1797 41.

238 1807 272 1834 ab
284 1806 390 1837 labore,
406 1803 533 1838 Nonfati
550 1810 606 1828 atus
621 1803 692 1827 Caes.
707 1802 734 1828 B.
749 1802 780 1827 G.
795 1810 818 1834 3,
830 1803 869 1827 26.
940 1801 1044 1834 Integer
1064 1805 1089 1826 et
1108 1798 1230 1825 honestus
1251 1807 1279 1823 in

238 1841 362 1869 omnibus
381 1839 450 1866 vitae
469 1813 587 1872 pardius
606 1837 662 1862 Cic.
676 1846 724 1870 pro
739 1837 815 1862 Font.
838 1845 858 1861 e.
877 1844 915 1867 14.
986 1834 1113 1861 Interdum
1132 1834 1235 1868 integer
1247 1831 1280 1866 cst

237 1876 352 1908 validus,
366 1875 451 1909 firmus
460 1893 468 1904 ,
481 1879 595 1908 vegetus,
604 1871 703 1906 Jbbrius
712 1881 719 1895 .·
739 1874 807 1896 cuius
821 1872 975 1896 contrarium
989 1868 1031 1901 est.
1067 1870 1160 1899 Fessus,
1173 1869 1284 1899 saucius,

240 1913 364 1943 vitiatus,
377 1907 529 1943 languidus,
545 1907 660 1934 vinosus.
705 1905 745 1932 Ad
765 1903 938 1931 laslitndincm
957 1902 1097 1929 sedandam
1116 1904 1234 1928 rnilitum
1253 1911 1282 1928 ac

981 1447 1072 1472 Homo
1086 1445 1188 1478 integer
1200 1449 1225 1469 et
1238 1452 1277 1469 ca-

236 1946 381 1976 'reficienda
394 1947 525 1975 iumenta,
540 1951 592 1978 quo
611 1941 758 1975 integriore
776 1939 895 1966 exercitu
914 1938 1065 1964 decerneret
1085 1938 1154 1970 Nep.
1169 1943 1204 1968 18,
1218 1944 1245 1968 9,
1260 1939 1284 1962 6.
1293 1950 1325 1975 50

241 1985 297 2010 Cic.
311 1991 359 2017 pro
374 1982 493 2007 Mutaen.
509 1988 539 2011 50
565 1979 732 2011 Integrorum
745 1981 771 2001 et
784 1975 981 2001 fortunatorum
1000 1972 1127 2007 promissis
1140 1971 1284 2011 saucios'et

240 2019 350 2046 miseros
369 2015 475 2042 credere
492 2023 546 2039 non
565 2018 698 2047 oportere.
753 2011 825 2037 Caes.
841 2010 868 2036 B.
883 2010 915 2035 G.
943 2029 950 2041 ,
965 2017 991 2039 41
1025 2010 1116 2041 Quini
1136 2007 1229 2033 crebro
1244 2015 1283 2031 in-

241 2054 308 2089 tegri
324 2051 421 2079 defeffis
435 2050 608 2076 succederent.
662 2046 731 2073 Ibid.
747 2053 811 2073 extr.
844 2046 907 2072 Nou
923 2017 1001 2071 saeue
1015 2051 1131 2070 recentes
1150 2048 1229 2076 atque
1244 2042 1284 2068 in-

241 2096 328 2125 tegros
344 2085 509 2114 sustinebant.
565 2082 632 2110 Ibid.
646 2092 668 2108 c.
682 2088 715 2114 48
731 2089 794 2107 extr.
819 2082 938 2115 Integros
953 2079 1102 2114 defatigatis
1120 2078 1285 2104 submittens.

243 2125 316 2160 Cous.
331 2124 402 2150 Caes.
416 2123 444 2149 B.
458 2121 490 2146 G.
504 2126 526 2153 5,
545 2122 572 2145 16
586 2125 650 2145 extr.
686 2117 751 2143 Bell.
766 2116 827 2143 Ciu.
841 2125 862 2148 3,
875 2125 920 2148 40.

852 2151 1007 2185 Ceciditque
1023 2149 1154 2183 Cethegus
1168 2150 1283 2182 Integer,

244 2162 405 2194 Corruptum
427 2165 519 2191 corpus
538 2154 582 2187 sit,
601 2163 634 2180 an
655 2153 796 2187 integrum.
1113 2188 1116 2191 .
1151 2188 1154 2191 ι

350 2195 354 2199 “
1017 2186 1127 2220 Oppomt
1145 2186 1202 2210 allos
1214 2185 1285 2210 Pom-

243 2202 271 2223 et
289 2196 369 2222 iacuit
383 2193 497 2220 Catilina
513 2191 638 2216 cadauere
658 2194 716 2215 toto
737 2187 854 2214 quenal.
874 2195 912 2218 10,
925 2191 980 2215 288.

238 2235 309 2269 peio,
323 2233 363 2256 cui
376 2235 448 2264 caput
461 2232 619 2261 amputatum.
676 2223 750 2250 Idem
765 2231 797 2255 15,
811 2224 843 2255 56
868 2223 920 2248 Vix
934 2222 1075 2255 cuiquam,
1088 2226 1132 2246 aut
1145 2220 1213 2246 nulli
1225 2225 1283 2258 toto

244 2266 385 2294 certamine
398 2265 471 2290 nasus
486 2264 603 2296 Integer:
627 2260 751 2293 aspiceres
772 2259 823 2284 iam
839 2257 931 2283 cuneta
950 2266 995 2291 pei·
1009 2256 1114 2290 agmina
1134 2254 1223 2282 vultus
1237 2255 1283 2280 Di-

243 2303 351 2330 midios.

242 2344 334 2365 natura
354 2336 411 2363 Cic.
425 2335 456 2361 de
468 2335 526 2360 Fin.
547 2342 570 2365 2,
591 2340 626 2364 33.
822 2326 842 2364 q
862 2337 877 2354 2
914 2326 1070 2360 Substantiua
1085 2327 1170 2353 ordine
1184 2326 1283 2352 elemen-

240 2381 322 2401 torum
334 2370 457 2408 disposita.
502 2369 579 2395 Aetas
592 2369 708 2401 integra,
722 2363 952 2400 Adulta,florens:
975 2363 1056 2403 'Ten
1072 2362 1154 2401 Andr.
1175 2370 1199 2392 1,
1218 2369 1237 2391 1,
1250 2368 1282 2393 45

241 2409 349 2443 Egregia
369 2408 470 2437 forma,
483 2410 561 2439 atque
569 2405 659 2430 Aetate
672 2403 781 2436 integra.
851 2399 948 2425 Animo
963 2398 1049 2424 libero
1063 2403 1088 2423 et
1106 2402 1211 2430 integro
1226 2404 1283 2435 cau-

243 2437 295 2471 sam
316 2443 425 2470 alicuius
446 2440 586 2467 defendere
603 2439 657 2466 Cic.
674 2446 721 2472 pro
733 2436 796 2463 Sull.
817 2437 868 2476 86..
929 2434 1044 2461 Audacia
1062 2441 1131 2459 noua
1151 2438 1229 2465 atque
1245 2438 1284 2455 in.

243 2487 329 2511 tegra,
348 2480 438 2505 Recens
453 2483 513 2503 nata
525 2475 605 2502 Plaut.
621 2475 676 2501 Cas.
690 2482 711 2505 3,
725 2480 747 2505 5,
760 2480 782 2505 5.
838 2473 893 2498 Cic.
907 2471 979 2497 Fam.
996 2478 1015 2502 1,
1030 2476 1042 2502 5
1083 2505 1088 2508 .
1267 2502 1273 2507 Ἴ

244 2511 318 2543 (111113
331 2514 430 2545 Causa,
445 2520 510 2547 quae
524 2511 601 2538 nobis
620 2509 703 2536 adhuc
722 2509 824 2542 integra
837 2506 889 2539 est,
910 2505 1016 2532 videtur
1034 2503 1065 2530 ab
1081 2504 1130 2530 illo
1145 2502 1220 2542 plane
1234 2502 1283 2528 efle

244 2550 366 2586 deposita.
421 2549 489 2574 Ter.
504 2548 568 2573 Hec.
582 2555 600 2576 1,
614 2554 639 2577 2,
656 2553 667 2578 5
693 2545 764 2570 Alias
782 2550 810 2570 vt
831 2543 870 2569 vti
893 2541 981 2576 possim
1002 2540 1083 2566 Causa
1104 2539 1150 2564 hac
1170 2543 1281 2579 integra.

243 2588 261 2614 i.
274 2597 296 2613 e.
317 2587 382 2613 Non
396 2583 518 2616 di&a,vt
531 2585 567 2608 ait
586 2582 681 2607 Donat.
701 2580 811 2606 Causam
825 2579 954 2612 integram
973 2576 1052 2603 alicui
1070 2576 1204 2601 reseruare
1219 2574 1282 2612 pic.

243 2624 314 2651 Fam.
329 2631 363 2654 13,
377 2630 404 2655 4.
475 2616 622 2645 Comoedia
644 2616 711 2641 Ter.
727 2616 820 2640 Heaut.
836 2614 903 2649 prol.
925 2623 950 2639 v.
970 2622 996 2646 4,
1065 2610 1197 2644 Coniuges
1217 2614 1282 2634 inte-

244 2668 300 2693 gras
315 2657 347 2684 ab
360 2655 469 2683 alterius
483 2652 627 2688 petulantia
639 2651 794 2677 conseruare
806 2650 861 2675 Cic.
874 2650 950 2675 Verr.
960 2647 1017 2674 A&
1034 2655 1053 2677 1,
1070 2655 1107 2680 14.

243 2695 376 2728 integrum
395 2698 418 2718 ct
437 2690 588 2720 Vitiosum,
601 2689 729 2713 contraria
749 2685 821 2711 Ideni
836 2684 867 2710 de
881 2685 971 2710 Diuin.
993 2692 1012 2714 1,
1028 2688 1068 2712 80-

243 2736 315 2763 tegei·
335 2727 394 2755 aeui
414 2727 475 2753 Stat.
488 2724 551 2752 Silu.
566 2732 587 2756 5,
601 2732 622 2755 e,
636 2724 676 2754 63.
746 2721 896 2751 Exercitus,
911 2717 1044 2754 InfraHus
1064 2724 1087 2743 et
1103 2716 1184 2753 sanm-
1204 2715 1284 2754 Plani.

245 2765 312 2792 Pers.
326 2773 348 2797 5,
363 2772 382 2795 1,
398 2772 418 2789 2.
454 2761 509 2788 Cic.
525 2760 596 2786 Fam.
612 2766 651 2790 10,
664 2765 690 2789 35
709 2756 862 2790 Equitatum
877 2754 956 2781 habet
970 2762 1110 2786 magnum,
1122 2759 1284 2791 nam-omnis

244 2810 276 2827 ex
291 2799 391 2835 praelio
406 2798 507 2831 integer
518 2793 633 2822 discessit.
667 2791 736 2819 Add.
751 2792 819 2824 Nep.
836 2796 869 2820 18,
883 2799 908 2822 9,
922 2792 947 2815 6.
1007 2789 1063 2815 Cic.
1079 2796 1127 2821 pro
1141 2789 1234 2820 Quint.
1249 2795 1284 2818 49

1137 2681 1225 2707 Decor
1245 2681 1284 2705 in-

245 2837 352 2863 Tamen
363 2834 425 2860 dum
439 2830 605 2859 Existimatio
619 2828 655 2855 est
674 2828 791 2861 integra,
803 2825 881 2852 facile
898 2824 1046 2851 consolatur
1058 2823 1177 2849 honestas
1192 2821 1286 2856 egesta·
1297 2826 1330 2854 75

245 2877 306 2899 tem.
376 2871 470 2896 Fontes
491 2868 559 2894 Hor.
570 2863 662 2892 ‘Carm.
678 2865 703 2894 1,ἱ
711 2865 752 2893 26,
766 2865 790 2888 6.
827 2862 932 2888 Lucret.
948 2871 975 2894 4,
994 2869 1018 2886 2.
1054 2860 1151 2885 Gentes
1169 2859 1285 2892 integrae

247 2908 303 2934 Cic.
318 2915 364 2941 pro
378 2903 407 2932 L'.
428 2903 521 2932 Manil.
540 2904 573 2929 26
591 2910 612 2927 c.
625 2908 641 2932 9
665 2898 723 2924 bello
743 2897 848 2923 nondum
865 2899 978 2923 attritae.
1032 2896 1073 2922 sie
1087 2903 1135 2928 pro
1148 2895 1236 2920 Domo
1251 2895 1286 2919 60

245 2944 312 2970 Cum
327 2941 445 2968 Gabinio
463 2938 646 2972 integerrimas
659 2933 880 2969 paratissimasque
892 2938 979 2966 gentes
993 2930 1025 2958 ad
1041 2930 1222 2965 diripiendum
1234 2935 1285 2956 tra-

246 2978 358 3004 didifl‘es.
429 2975 538 3002 Graecia
552 2980 613 2999 vera
627 2977 705 3004 atque
719 2970 818 3002 integra
833 2968 886 2994 Cic.
895 2977 943 3002 pro
956 2968 1048 2993 Flacco
1063 2968 1092 2992 61
1113 2974 1174 3001 quae
1187 2975 1235 2991 non
1247 2967 1286 2990 ita

245 3016 306 3040 male
324 3012 410 3045 audit,
423 3018 452 3037 vt
466 3011 510 3036 illa
523 3008 635 3042 Asiatica
649 3005 772 3040 Lydorum
782 3024 789 3036 ‚
803 3004 945 3039 Mysorum,
960 3003 1058 3029 Carum.
1072 3037 1077 3042 .
1095 3037 1110 3041 ..

246 3048 332 3084 gurth.
353 3068 360 3074 .
382 3068 389 3074 .
413 3047 478 3073 Non
492 3046 592 3072 Graeca
611 3041 748 3072 facundia,
760 3048 847 3074 neque
861 3038 967 3065 vrbanis
987 3037 1125 3063 munditiis
1143 3037 1194 3063 sese
1213 3043 1286 3062 exer-

246 3085 314 3111 cuit:
333 3084 368 3109 ita
382 3083 451 3108 inter
464 3082 545 3108 bonas
557 3085 625 3106 artes
637 3077 770 3110 integrum
785 3074 922 3109 Ingenium
938 3074 1013 3100 breui
1028 3073 1155 3099 adoleuit.
1210 3072 1285 3098 Mens

246 3121 315 3148 Hor.
335 3120 422 3145 Carni.
444 3127 468 3150 1,
489 3125 529 3149 31,
550 3122 584 3144 18.
686 3113 756 3146 Opes
786 3111 902 3144 integrae
936 3116 959 3135 ct
985 3109 1087 3134 Accisae
1103 3128 1111 3140 ,
1140 3109 1286 3138 contraria,

245 3155 298 3182 vid.
320 3161 416 3181 OPIts.
489 3150 608 3178 Pericula
631 3147 801 3183 integerrima
823 3146 929 3173 Plancus
947 3144 978 3171 ad
998 3145 1053 3170 Cic.
1076 3153 1119 3175 10,
1138 3148 1160 3173 8.
1237 3143 1285 3168 Po-

247 3191 303 3225 puli
327 3189 423 3223 integri
440 3193 466 3215 et
486 3188 608 3214 florentes
638 3185 692 3211 Cic.
711 3192 760 3217 pro
780 3182 864 3222 Plane,
882 3184 939 3220 86.-

247 3227 310 3252 Pace
331 3226 391 3251 Liu.
411 3226 437 3257 6,
455 3232 481 3258 7.
570 3219 769 3249 Proconsulatus
795 3215 972 3256 Tamaniu.
992 3224 1024 3247 2,
1043 3222 1095 3254 97,
1114 3220 1136 3246 5.
1225 3214 1287 3239 Pro-

249 3260 352 3288 vinciae
375 3260 446 3286 Flor.
468 3268 491 3291 2,
512 3264 549 3291 17.
620 3257 670 3283 Res
699 3255 800 3288 integra
833 3258 858 3279 et
889 3250 1001 3278 infrana
1018 3251 1086 3290 ⁴Cic.
1110 3250 1162 3275 Att.
1195 3257 1229 3280 9,
1243 3256 1287 3289 ἢ12.

249 3297 299 3323 Rcs
319 3297 435 3329 integra,
453 3297 494 3320 cui
513 3291 618 3318 Peracta
637 3297 660 3317 et
679 3290 798 3322 Perdita,
816 3291 956 3325 apponitur.
993 3286 1048 3312 Cic.
1071 3286 1124 3326 Ati.
1147 3294 1169 3317 4,
1190 3286 1216 3310 16
1238 3282 1287 3309 sed

248 3332 311 3358 haec
326 3331 429 3357 mallem
442 3330 544 3363 integra
557 3336 585 3354 re
600 3332 685 3353 tecum
697 3325 782 3360 egiffe.
852 3323 924 3358 Cous.
940 3320 1013 3348 Idem
1028 3321 1080 3347 Ost.
1095 3329 1110 3346 2
1123 3319 1170 3355 sub
1178 3319 1229 3354 fin.
1265 3324 1289 3344 ct

252 3368 322 3393 Fani.
338 3376 358 3398 1,
372 3375 396 3398 9.
433 3373 455 3392 et
469 3366 546 3391 Verr.
560 3371 573 3395 3
587 3371 607 3388 0.
623 3371 655 3388 11.
937 3394 941 3398 ν
986 3393 990 3397 ν
1012 3392 1017 3397 1
1082 3391 1087 3396 1

251 3402 427 3428 Det-umanum
442 3407 546 3435 petere,
563 3407 594 3424 an
609 3403 738 3424 aratorem
757 3401 876 3430 repetere
890 3395 899 3420 ἶ
934 3392 1067 3419 iudicium
1081 3396 1183 3425 integra
1195 3398 1244 3428 re,⁴
1256 3397 1289 3414 an

254 3438 352 3470 perdita
364 3437 422 3463 sieri
437 3438 445 3463 ἰ
512 3433 618 3468 Sanguis
632 3433 749 3467 integer,
769 3433 848 3457 Purus
867 3429 946 3456 Plaut.
956 3429 1037 3454 Merc.
1052 3436 1075 3459 3,
1089 3435 1115 3467 2,
1128 3434 1154 3461 7.
1192 3461 1196 3465 .
1209 3425 1287 3457 Virg.

254 3473 317 3497 Aen.
330 3481 351 3503 3,
366 3475 409 3503 638
443 3487 488 3491 —
523 3471 577 3496 Vos
597 3468 613 3495 ὁ
633 3468 729 3503 quibus
749 3467 851 3501 integer
862 3465 922 3491 acui
957 3463 1064 3498 Sanguis
1079 3468 1130 3495 ait,
1150 3459 1289 3494 solidoque

256 3508 314 3532 suae
329 3507 390 3532 stant
403 3507 501 3533 robore
514 3505 593 3532 vires.
686 3504 827 3530 Contraria.
862 3500 928 3527 Cels.
943 3508 968 3532 2,
984 3508 1012 3525 10
1031 3499 1057 3525 Si
1071 3498 1173 3532 sanguis
1187 3496 1288 3526 cranius,

256 3548 281 3568 et
294 3542 367 3574 niger
381 3541 413 3567 cst
423 3563 431 3575 ,
449 3542 560 3568 vitiosus
573 3539 608 3566 est
623 3551 629 3566 :
665 3539 682 3565 si
696 3538 773 3565 rubet
787 3544 812 3564 et
825 3536 950 3570 pellucet,
970 3535 1072 3574 integer
1089 3533 1133 3560 est.

256 3578 297 3603 sus
317 3578 372 3603 Cic.
388 3577 463 3602 Acad.
476 3586 503 3608 4,
520 3585 545 3609 ¹9
559 3585 580 3602 0.
596 3584 618 3606 7.
723 3574 800 3608 Signa
820 3571 893 3599 Idem
908 3571 936 3597 in
950 3570 1028 3596 Catil.
1043 3579 1066 3602 3,
1079 3570 1104 3595 6.
1194 3566 1289 3606 Testes

257 3612 311 3638 Cic.
325 3612 356 3638 de
369 3611 425 3637 Fin.
440 3610 460 3643 I,
473 3619 509 3645 71.
577 3609 725 3641 Valetium,
746 3610 810 3636 Sana
831 3607 904 3635 Idem
918 3605 984 3633 ibid.
1002 3614 1022 3637 2,
1036 3614 1073 3639 47
1085 3613 1107 3630 c.
1122 3612 1165 3630 20.
1230 3603 1291 3628 Vir<

257 3656 291 3679 go
311 3648 361 3673 uid.
376 3656 401 3672 11.
418 3655 436 3672 1.
506 3646 564 3672 Vita
580 3645 749 3680 integerrima
774 3644 830 3670 Cic.
845 3652 892 3677 pro
906 3642 989 3668 Plane.
1003 3650 1014 3673 3
1029 3650 1050 3666 0.
1064 3649 1083 3666 1.
1233 3635 1259 3679 'q
1270 3646 1290 3679 '3

256 3684 388 3715 Integrum
397 3682 469 3717 fhrpe
480 3683 515 3706 ita
524 3685 642 3715 ponitur,
654 3688 681 3707 vt
695 3679 865 3716 intrHIgatur,
883 3687 933 3704 rem
947 3675 989 3710 effe
1000 3676 1080 3702 adhuc
1090 3671 1169 3707 nostri
1181 3672 1294 3705 arbitrti,

260 3753 316 3778 Cic.
332 3761 378 3785 pro
389 3752 479 3777 Flacco
495 3761 515 3776 c.
532 3759 558 3777 21
573 3758 634 3777 extr.
655 3752 746 3785 Itaque
760 3749 803 3776 etfi
824 3755 918 3779 teneo,
939 3746 1004 3782 quid
1023 3746 1052 3772 sit
1071 3745 1158 3771 dicere
1179 3750 1292 3784 paratus,

260 3786 327 3812 nihil
341 3794 424 3813 tamen
436 3793 524 3812 contra
540 3786 676 3820 disputabo
691 3786 779 3820 prius,
800 3793 877 3819 quam
893 3783 991 3810 dixerit
1005 3793 1010 3808 :
1045 3787 1132 3807 totum
1147 3788 1217 3805 enim
1234 3788 1293 3819 con.

262 3827 361 3852 vertet,
381 3828 456 3855 atque
470 3822 520 3847 alia
534 3821 620 3854 tinget.
658 3822 744 3853 Qiam
758 3821 794 3846 ob
808 3829 864 3846 rem
877 3825 903 3845 et
916 3819 960 3844 ille
977 3819 1076 3849 seruet,
1093 3815 1163 3850 quod
1177 3821 1292 3848 parauit:

261 3862 286 3881 et
298 3865 345 3888 ego
358 3865 398 3881 mc
412 3856 441 3881 ad
456 3855 481 3881 id
490 3875 496 3884 ,
515 3856 586 3889 quod
599 3855 733 3885 attulerit,
751 3855 882 3888 integrum
893 3852 1063 3881 conseruabo.
1157 3851 1194 3876 Id.
1204 3851 1256 3876 Att.
1265 3858 1292 3884 7,

262 3892 295 3915 26
314 3891 392 3923 Quod
410 3900 451 3918 uie
471 3891 617 3917 amicissime
636 3890 775 3922 admones,
794 3896 824 3917 vt
842 3899 884 3916 ine
903 3891 1036 3924 integrum
1049 3885 1121 3922 quod
1137 3885 1228 3921 poffim
1240 3887 1342 3916 ser-105
1352 3885 1434 3912 tionis
1451 3882 1638 3918 integumentis
1659 3882 1781 3910 euolutus
1803 3883 1859 3911 Cic.
1873 3882 1906 3909 de
1919 3883 1991 3910 Orat.
2004 3891 2029 3915 2,
2045 3891 2097 3916 350.

1283 887 1320 906 20
1335 876 1386 902 Res
1399 875 1510 909 integra.

692 1236 803 1275 'Integer
823 1238 953 1270 opponitur
972 1233 1099 1259 Truncoz
1131 1230 1195 1257 Plin.
1211 1238 1238 1264 7,
1254 1238 1275 1255 11
1290 1241 1323 1265 30

353 1416 453 1451 Integri
482 1422 635 1450 opponuntur
667 1413 817 1444 sumtuosis,
843 1411 1011 1439 decoctoribus
1038 1411 1112 1437 Curt.
1136 1418 1175 1440 10,
1195 1417 1216 1439 2,
1238 1417 1274 1434 10.
1291 1419 1320 1446 35
1337 1416 1454 1445 repetere.

769 1591 838 1617 Aeui
862 1590 964 1623 integer
997 1589 1070 1623 Virg.
1091 1588 1156 1614 Aen.
1176 1595 1201 1619 9,
1222 1588 1320 1623 638-40
1337 1593 1462 1615 nouatur.

966 2116 1045 2141 Corn.
1060 2114 1149 2140 Celsus
1164 2122 1284 2147 prooem.
1296 2126 1324 2152 55
1340 2120 1463 2149 corrupte
1477 2119 1554 2148 atque
1569 2120 1670 2148 integre
1684 2113 1804 2139 iudicare
1823 2112 1879 2139 Cic.
1894 2113 1926 2140 de
1939 2115 1996 2141 Fiu.
2013 2124 2033 2147 i,
2048 2123 2080 2147 30
2092 2124 2113 2142 0.
2127 2123 2152 2148 9.

423 2301 459 2326 Vt
471 2299 603 2331 integrum
616 2297 650 2328 se,
663 2295 814 2329 saluumque
828 2294 853 2320 se
862 2293 946 2327 ipsum
959 2292 1034 2323 velit,
1048 2298 1138 2318 mouet
1153 2290 1282 2316 infantem
1299 2289 1396 2330 60fa55i

1067 2470 1160 2502 Itaque
1173 2466 1283 2492 Alexan·
1295 2467 1326 2498 6,-
1341 2467 1446 2500 tegritas
1457 2473 1535 2501 atque
1549 2467 1700 2493 innocentia
1714 2467 1851 2501 singularis
1869 2470 1926 2495 Cic.
1939 2469 2002 2494 Diu.
2017 2469 2092 2495 Verr.
2108 2475 2151 2502 27.

1179 2646 1283 2678 Corpus
1295 2651 1331 2680 70
1342 2650 1367 2669 et
1385 2643 1543 2678 diligentior
1563 2643 1619 2669 Cic.
1633 2644 1671 2677 Q
1683 2644 1766 2671 Fratt.
1781 2653 1802 2676 1,
1818 2653 1835 2670 1.

1129 3001 1230 3028 Sallust.
1244 3001 1286 3025 Iu·
1306 3003 1384 3032 8010,
1399 3007 1431 3031 13.

1229 3531 1289 3557 Sen-
1309 3537 1340 3564 95

1732 82 2019 151 ΙΝΤ

1332 210 1410 235 vem,
1429 208 1532 238 gratum
1545 202 1590 229 est.

1334 242 1360 263 te
1373 238 1478 265 absente
1490 239 1548 265 fieri
1557 259 1565 271 ,
1585 237 1656 273 quod
1670 237 1731 268 tibi,
1745 246 1804 263 cum
1816 237 1935 268 venifl‘es,
1953 245 2008 262 non
2019 238 2080 263 esset
2094 239 2235 272 integrum.
2340 238 2378 264 v«

1335 272 1466 307 integrum
1479 274 1547 300 mihi
1560 274 1591 300 de
1606 274 1680 300 causa
1693 273 1824 307 Campana
1837 273 1999 298 reseruarem
2026 273 2081 299 Cic.
2095 274 2165 299 Fam.
2180 282 2201 306 1,
2214 281 2231 306 9
2239 279 2283 308 pr.
2337 273 2378 298 De

1336 308 1473 336 Dolabella
1486 310 1616 344 integrum
1631 308 1682 335 tibi
1695 309 1811 334 reserues
1827 307 1921 333 suadeo
1948 307 2021 333 Idem
2034 307 2100 334 ibid.
2113 310 2139 340 6,
2152 314 2174 339 8.

1338 343 1506 378 integerrima
1519 346 1551 371 ad
1563 354 1650 380 pacem
1664 344 1742 370 essent
1757 343 1847 370 omnia
1866 342 1939 369 Caes.
1955 343 1982 369 P..
1997 343 2026 369 C.
2042 351 2063 375 1,
2075 348 2111 376 85.
2203 346 2338 378 Integrum
2351 347 2378 369 et

1337 378 1487 411 illibatum,
1506 380 1560 408 vid.
1584 385 1764 407 ILLlssATVS.
1869 379 1973 412 Integra
1987 379 2078 405 omnia
2092 379 2207 413 principi
2224 380 2378 413 relinquere

1335 414 1402 440 Plin.
1417 415 1494 449 Epist.
1510 418 1562 442 126.
1640 416 1671 441 In
1709 415 1842 448 integrum
1872 413 2008 441 restituere
2045 415 2115 441 Ter.
2136 414 2241 441 Phorin.
2261 423 2282 446 2,
2302 424 2325 446 3,
2345 421 2379 440 11.

1336 450 1391 477 Cic.
1403 451 1480 477 Verr.
1496 458 1518 483 5,
1533 459 1563 486 73
1583 452 1620 477 Vt
1633 450 1749 477 damnati
1761 450 1790 476 in
1814 449 1946 483 integrum
1967 449 2152 482 restituantur,
2170 449 2256 476 vineti
2278 450 2380 476 soluan-

1335 490 1388 511 tur.
1459 487 1530 512 Caes.
1546 487 1574 513 B.
1589 488 1618 513 C.
1632 495 1655 519 3,
1670 494 1688 512 1.
1781 487 1916 518 Integrum
1929 484 1980 516 est,
2000 487 2031 512 In
2050 485 2157 512 arbitrio
2170 483 2203 518 est
2217 491 2240 511 et
2248 482 2380 524 patestate-

1292 527 1323 548 io
1338 521 1395 547 Cic.
1410 519 1596 561 Philipp.⁴12,5
1626 524 1660 548 At
1690 529 1743 547 non
1778 520 1814 546 est
1844 521 1997 554 integrum:
2032 521 2172 547 constituta
2203 520 2300 554 legatio
2332 519 2378 545 est.

2329 555 2379 581 Re-

2175 591 2242 618 Non
2257 590 2292 616 est
2312 589 2379 616 inte-

2206 627 2233 653 Si
2245 626 2380 660 integrum

2215 662 2289 689 Idem
2297 662 2381 688 Verr.

1337 556 1410 589 Qiid
1425 561 1512 583 autem
1524 565 1658 592 integrum
1671 566 1726 582 non
1739 555 1774 582 esi
1795 556 1922 590 sapienti,
1940 555 2012 590 quod
2030 556 2134 582 restitui
2151 555 2259 591 potem?

1336 591 1459 626 spondet,
1479 591 1528 618 fibi
1552 602 1605 619 11011
1625 592 1674 618 effe
1697 593 1830 627 integrum
1862 591 1918 617 Cic.
1933 592 2004 618 Fam.
2016 598 2040 623 5,
2053 600 2079 618 2.

1335 636 1412 661 grum
1429 626 1499 653 mil-ii
1513 633 1559 654 tuo
1573 628 1736 663 consilioxvti
1754 627 1830 653 ,Ideni
1843 627 1872 652 in
1885 627 1970 653 Pison.
1985 631 2012 658 58
2025 635 2047 653 c.
2063 635 2105 660 24.

1335 663 1442 689 daretur
1452 682 1461 694 ,
1482 670 1540 689 eam
1552 664 1704 690 sententiam
1720 662 1820 689 diceret
1840 662 1896 688 Cic.
1912 662 1940 688 in
1954 662 2045 689 Partit.
2063 671 2110 693 132.

1291 703 1318 730 ις
1336 707 1362 730 2,
1376 702 1407 730 98
1441 699 1531 731 Quum
1550 699 1601 726 tibi
1620 700 1648 725 in
1661 699 1765 732 integro
1780 703 1837 725 tota
1855 706 1896 724 res
1909 698 1977 737 esset.
2011 700 2029 723 i.
2052 699 2082 724 Ιη
2091 695 2229 733 potestate,
2245 701 2283 724 ita
2295 702 2326 723 vt
2337 696 2380 722 ad-

1334 734 1382 761 huc
1390 732 1466 768 poffit
1475 735 1517 760 vel
1520 733 1592 769 fieri,
1611 736 1651 761 vel
1663 735 1756 760 omitti.
1861 734 1933 759 Haec
1948 742 2002 759 iani
2015 733 2043 758 in
2056 733 2161 766 integi-o
2173 733 2250 759 nobis
2263 733 2312 759 effe
2324 740 2383 763 nom

1353 769 1437 795 offunt
1455 769 1511 795 Cic.
1524 769 1555 796 de
1567 771 1641 797 Orat.
1656 779 1668 801 3
1683 779 1703 795 0.
1716 777 1744 802 4.
1860 767 1934 794 Ideni
1947 769 2001 794 Att.
2017 777 2051 801 11,
2065 770 2082 794 6
2112 768 2235 808 Suspicor
2254 769 2325 794 enim
2337 775 2380 794 co-

1334 779 1444 830 lieredes
1463 804 1572 833 dubiam
1595 805 1709 832 nosti-ain
1731 804 1834 830 causam
1858 809 1966 838 putare,
1995 810 2021 830 et
2048 812 2142 830 eorum
2160 811 2190 830 in
2203 804 2309 837 integro
2322 803 2380 830 else.

1341 841 1417 866 Vetus
1438 842 1560 875 exemplar
1576 847 1623 877 pro
1646 842 1759 871 Eorum,
1778 841 1840 875 legit
1858 840 1897 865 Eo
1913 848 1969 866 rem
1982 839 2011 865 in
2023 839 2146 874 integro,
2166 845 2212 865 etc.
2254 839 2312 866 Vid.
2326 848 2352 867 n.
2365 848 2382 866 2

1704 873 1724 913 Ι)
1744 883 1763 908 4
1799 875 1858 900 Cum
1871 874 2103 910 Praepositionibus.
2138 874 2179 900 Ab
2191 875 2304 909 integro,
2312 874 2381 901 Adu.

1336 911 1448 943 Denuo,
1467 913 1550 946 inquit
1562 911 1667 939 Seruius
1681 922 1687 938 :
1723 911 1798 945 Virg.
1809 910 1863 936 Ecl.
1878 920 1907 944 4,
1916 918 1929 943 5
1948 911 2057 944 Magnus
2071 910 2104 936 ab
2117 910 2222 944 integro
2236 910 2381 936 saeclorum

1335 947 1453 974 nascitur
1475 946 1553 974 ordo.
1646 948 1686 974 De
1707 947 1814 980 integro
1837 946 1954 972 scribere
1976 945 2115 980 epistolam
2138 945 2196 972 Cic.
2218 946 2272 972 Att.
2286 954 2321 978 13,
2331 948 2380 979 v27·

1336 982 1405 1010 Add.
1421 982 1490 1009 Ter.
1502 982 1596 1009 Heaut.
1610 993 1638 1017 4,
1653 992 1679 1015 2,
1693 990 1718 1017 7.
1733 989 1756 1008 et
1769 988 1818 1008 DE.
1922 981 1962 1008 De
1976 982 2080 1015 integro
2093 980 2174 1008 alicui
2189 981 2315 1015 gratulari
2323 980 2381 1007 Cic.

1337 1019 1390 1044 Att.
1404 1026 1437 1049 13,
1451 1026 1497 1051 49.

1829 1053 1859 1079 In
1875 1053 2025 1086 Integrum‚
2045 1052 2096 1078 uid.
2115 1059 2164 1078 IN.

1373 1096 1383 1114 1
1393 1095 1416 1114 N
1427 1095 1449 1115 T
1459 1095 1476 1115 E
1486 1095 1555 1115 GEL
1564 1095 1608 1115 Lv
1617 1098 1641 1120 s,
1654 1099 1678 1123 a,
1696 1099 1750 1115 um.
1770 1089 1871 1115 Diniin.
1908 1088 2037 1121 Catul.15,
2046 1098 2065 1121 4
2085 1089 2120 1114 Vt
2133 1087 2150 1114 fi
2166 1087 2313 1122 quidquam
2325 1085 2382 1112 ani-

1336 1134 1382 1151 mo
1407 1130 1454 1151 tuo
1477 1124 1587 1158 cupisti,
1623 1125 1705 1159 Quod
1730 1125 1827 1150 castum
1849 1130 2000 1158 expeteres,
2024 1129 2050 1150 et
2071 1123 2235 1158 integellum.

1337 1161 1392 1187 Cic.
1407 1160 1479 1186 Fam.
1491 1168 1517 1193 9,
1531 1168 1558 1185 10
1577 1160 1759 1186 Suauissimum
1774 1159 1912 1193 σνμβιώτην
1927 1159 2046 1187 nostrum
2063 1159 2200 1194 praestabo
2217 1157 2382 1193 integellum.

1335 1195 1466 1232 defendam
1478 1205 1507 1221 ne
1519 1194 1655 1222 damnetur.

1372 1229 1569 1263 1ΝΤ1ΞΟΗΟ,
1597 1235 1650 1259 ire.
1687 1231 1822 1266 [περαίνω]
1864 1230 1960 1268 Rursus
1979 1231 2112 1264 inchoare,
2142 1233 2269 1257 innouare.
2305 1228 2384 1262 Virg.

1338 1267 1436 1301 Georg.
1449 1275 1478 1300 4,
1492 1273 1532 1299 515
1565 1281 1611 1288 -——
1647 1268 1785 1300 Rainoque
1814 1266 1904 1293 sedens
1936 1265 2088 1294 miserabile
2118 1275 2223 1293 carmen
2257 1266 2383 1298 Integrat.

1336 1303 1399 1330 Liu.
1416 1310 1439 1335 5,
1451 1310 1479 1335 25
1500 1302 1583 1329 Simul
1597 1303 1629 1330 ab
1642 1303 1773 1336 religione
1785 1302 1888 1328 animos
1901 1303 2210 1336 remiserunt,integrant
2222 1301 2384 1328 seditionem

1337 1338 1461 1365 Tribuni
1476 1337 1569 1372 plebiS.
1663 1338 1777 1364 Caedem
1792 1337 1854 1364 Liu.
1868 1346 1900 1370 9,
1914 1347 1956 1373 43.
1992 1342 2011 1365 i.
2030 1346 2156 1365 renouare.
2262 1337 2303 1364 sic
2311 1335 2385 1362 Cael.

1338 1374 1425 1401 Tard.
1446 1381 1470 1405 3,
1490 1375 1507 1399 6
1529 1374 1546 1398 s.
1560 1378 1592 1408 87
1621 1373 1757 1407 Integrare
1771 1373 1928 1399 exercitium
1944 1373 2088 1406 unffionis,
2107 1371 2140 1406 est
2148 1372 2255 1409 fiibinde
2266 1374 2385 1407 incipwe,

1526 1409 1659 1435 Lacrimas
1680 1410 1740 1436 Liu.
1756 1416 1775 1440 1,
1791 1417 1834 1441 29.
1906 1409 2021 1436 Lucium
2040 1410 2117 1436 Curt.
2133 1417 2169 1440 10,
2183 1411 2209 1442 6,
2222 1417 2264 1442 4.·
2323 1407 2384 1433 Pec-

1338 1452 1424 1472 catum
1456 1443 1533 1478 Apul.
1559 1445 1637 1479 Apol.
1675 1464 1681 1470 .
1719 1463 1726 1470 .
1764 1462 1770 1469 .
1865 1444 1981 1478 Pugnam
2008 1445 2070 1471 Liu.
2087 1453 2108 1477 3,
2127 1452 2171 1478 70.
2266 1442 2385 1469 Vulnera

1338 1481 1398 1507 Stat.
1412 1480 1505 1506 Theb.
1517 1488 1541 1513 5,
1554 1489 1595 1512 29.
1690 1479 1754 1506 Vim
1777 1479 1834 1506 Sen.
1847 1480 1918 1505 Med.
1932 1482 1986 1514 671.
2092 1480 2199 1509 Aciem,
2213 1478 2265 1505 uid.
2285 1483 2386 1505 ACIES.

1337 1516 1438 1543 Bellum
1461 1516 1609 1549 integrabat
1627 1515 1701 1547 Enyo
1729 1516 1791 1541 Stat.
1807 1514 1900 1542 Theb.
1920 1520 1944 1548 8,
1965 1517 2020 1547 658.
2091 1515 2146 1541 Cic.
2161 1514 2193 1540 de
2207 1515 2310 1540 Inuent.
2324 1522 2343 1544 1,
2357 1519 2387 1545 25

1337 1552 1378 1578 Sic
1391 1552 1494 1577 animus
1509 1551 1618 1577 defessus
1632 1550 1765 1577 audiendo
1774 1570 1782 1583 ,
1802 1557 1846 1577 aut
1859 1550 2036 1577 admiratione
2049 1550 2204 1584 integratur,
2220 1555 2268 1576 aut
2279 1548 2333 1575 risu
2345 1556 2388 1575 re-

1535 1586 1609 1623 szf.
1625 1586 1692 1613 Gell.
1712 1594 1745 1619 15,
1758 1595 1779 1612 2.
1817 1594 1841 1612 et
1859 1586 1950 1612 Tacit.
1964 1585 2033 1612 Hist.
2046 1595 2075 1620 4,
2089 1591 2125 1616 81.
2383 1590 2386 1594 ’

1376 1629 1415 1650 1Ν
1425 1628 1446 1648 Τ
1455 1629 1472 1649 E
1482 1628 1503 1649 G
1513 1629 1531 1648 R
1541 1630 1563 1649 A
1572 1629 1583 1648 s
1594 1628 1611 1649 C
1621 1629 1641 1649 0
1649 1641 1657 1654 ‚
1677 1624 1731 1650 ere.
1750 1622 1932 1658 [περοιῖνυμαι]
1968 1622 2107 1656 integrari,
2127 1619 2159 1646 ad
2171 1620 2304 1654 integi-um
2317 1617 2389 1645 redi-

1337 1668 1382 1690 re,
1401 1658 1502 1693 repeti,
1523 1658 1680 1690 instaurari,
1702 1665 1731 1684 vt
1742 1661 1780 1685 ait
1794 1657 1911 1684 Donatus
1924 1656 1958 1683 ad
1980 1658 2049 1684 Ter.
2072 1655 2154 1683 Andr.
2167 1665 2195 1690 4,
2208 1664 2235 1689 2,
2247 1663 2262 1689 5
2284 1654 2389 1688 *videre

1339 1695 1376 1722 ait
1390 1700 1415 1721 te
1428 1702 1531 1729 cupere.
1570 1700 1594 1722 Β.
1612 1693 1644 1719 311
1659 1694 1742 1729 perii,
1762 1693 1812 1719 11οο
1825 1693 1924 1719 malum
1939 1693 2099 1727 integrascit.
2331 1694 2335 1700 ⁴
2353 1717 2359 1725 ,

1375 1737 1386 1756 1
1397 1736 1420 1756 Ν
1431 1735 1625 1757 TEGRATV
1636 1736 1666 1763 s,
1689 1738 1720 1762 a,
1745 1738 1799 1756 um.
1839 1727 1900 1756 Adi.
1937 1729 2035 1755 Auson.
2068 1727 2146 1763 Epist.
2177 1735 2218 1760 14,
2246 1733 2265 1761 7
2301 1725 2390 1760 Vigor

1176 1764 1281 1803 Integer
1288 1775 1321 1801 45
1340 1765 1494 1798 integratus.

1376 1807 1384 1825 1
1395 1806 1417 1825 N
1427 1807 1449 1825 Τ
1460 1806 1475 1824 E
1485 1805 1505 1825 G
1515 1806 1534 1824 R
1543 1800 1566 1825 Ᾱ
1574 1805 1595 1824 Τ
1604 1805 1614 1824 1
1624 1805 1659 1830 0,
1682 1800 1750 1826 onis.
1793 1800 1814 1826 f.
1849 1800 1919 1827 Ter.
1935 1800 2016 1826 Andr.
2030 1807 2052 1831 3,
2066 1808 2087 1830 3,
2099 1808 2129 1831 23
2164 1797 2319 1825 Amantium
2332 1795 2391 1822 irae

1338 1835 1437 1861 amoris
1450 1834 1594 1867 integratio
1607 1833 1642 1860 est
1656 1844 1661 1860 :
1696 1835 1737 1862 SIc
1750 1836 1878 1865 Donatus,
1902 1836 2029 1865 fuemus,
2047 1835 2130 1860 Bentl.
2166 1835 2210 1861 Al.
2223 1832 2330 1861 Redime
2363 1840 2391 1856 a·

1338 1874 1384 1896 tia.
1458 1869 1604 1901 symmach.
1618 1868 1696 1902 Epist.
1711 1878 1734 1901 3,
1747 1877 1777 1904 73
1799 1870 1849 1896 Rei
1862 1869 2005 1896 familiaris
2018 1869 2171 1903 integratio.
2241 1867 2330 1894 Vet.G
2344 1866 2389 1892 oss.

1339 1904 1501 1937 Integratio,
1521 1904 1678 1933 ἐπανάληψις.
2159 1904 2171 1911 s

1379 1945 1389 1964 1
1401 1944 1478 1964 NTE
1487 1943 1507 1963 G
1518 1945 1536 1963 R
1546 1938 1568 1963 Ᾱ
1580 1944 1602 1964 ’1-
1615 1944 1634 1963 o
1644 1944 1662 1962 R
1672 1957 1680 1968 ‚
1702 1936 1766 1962 aris.
1785 1945 1821 1962 in.
1859 1937 1978 1963 Tei-tull.
1993 1938 2069 1971 Apol.
2082 1947 2104 1964 c.
2119 1940 2157 1970 46
2169 1943 2234 1964 extr.

1378 1980 1388 1998 1
1398 1980 1419 1998 N
1429 1979 1450 1998 T
1459 1971 1506 1998 §G
1516 1979 1535 1998 R
1544 1978 1571 1998 E.
1618 1971 1685 1998 Adii.
1708 1964 1895 2006 ’[ὅλοκλήρωε]
1948 1974 2013 1999 Pure
2021 1992 2029 2005 ,
2042 1972 2138 2007 sincere
2148 1992 2156 2005 ‚
2171 1971 2243 2006 caste.

1341 2008 1442 2035 versari
1457 2007 1486 2033 in
1499 2016 1528 2033 rc
1553 2007 1644 2033 Tacit.
1657 2006 1745 2042 Agric.
1759 2013 1785 2041 7,
1798 2015 1826 2040 4.
1897 2007 2064 2034 Prouinciam
2079 2009 2182 2043 integre
2194 2009 2338 2042 seuereque
2350 2015 2391 2034 re·

1342 2052 1403 2078 gere
1424 2042 1464 2068 Id.
1478 2042 1569 2070 Tacit.
1582 2043 1617 2068 H.
1636 2051 1657 2074 1,
1669 2048 1712 2075 43,
1725 2049 1752 2077 7.
1867 2042 2057 2070 Procuratione
2077 2044 2231 2078 prouinciae
2249 2043 2392 2078 integerri-

1341 2088 1384 2105 me
1398 2079 1477 2113 fungi
1501 2078 1567 2105 Plin.
1582 2078 1660 2112 Epist.
1676 2085 1702 2112 7,
1715 2085 1755 2109 25.
1861 2078 1962 2105 Viuere
1981 2079 2036 2106 Cic.
2049 2078 2081 2106 de
2094 2079 2152 2106 Fin.
2165 2089 2195 2113 4,
2232 2099 2239 2105 .
2277 2099 2284 2105 .
2347 2079 2390 2104 In-

1571 2113 1576 2118 '
2235 2114 2310 2142 Caste
2321 2114 2390 2141 inte-

1340 2158 1439 2183 greque
1454 2149 1553 2176 versari
1567 2149 1596 2175 in
1611 2149 1737 2183 periculis
1749 2148 1915 2182 priuatorum
1935 2150 1992 2177 Cic.
2004 2159 2054 2185 pro
2065 2151 2096 2178 L.
2112 2150 2207 2178 Manil.
2220 2159 2240 2177 1.
2323 2149 2390 2176 acia

1342 2185 1514 2219 integerrime
1528 2185 1582 2210 vita
1601 2185 1655 2211 Cic.
1670 2185 1699 2210 in
1712 2183 1812 2210 Sallust.
1827 2194 1854 2217 4.

1376 2227 1385 2245 1
1394 2228 1415 2246 N
1425 2226 1446 2245 T
1456 2226 1471 2245 E
1484 2225 1504 2245 G
1515 2226 1534 2245 R
1544 2221 1553 2245 ἰ’
1561 2227 1583 2246 Τ
1594 2226 1616 2246 A
1627 2227 1639 2246 S
1648 2239 1656 2251 ‚
1676 2220 1733 2246 :itis-
1753 2219 1773 2246 f.
1811 2219 1931 2254 [o‘Jxo'i-nc,
1954 2220 2094 2258 οἷκερκιᾶτης

1340 2261 1382 2281 tus
1400 2258 1428 2289 io
1463 2261 1565 2281 uantum
1583 2255 1693 2281 omnibus
1707 2255 1824 2290 partibus
1829 2256 1887 2292 suis
1901 2255 2011 2289 conflat,
2031 2267 2149 2293 nusquam
2163 2257 2263 2293 defien,
2283 2267 2332 2284 non
2344 2257 2390 2284 hoc

1398 2297 1408 2316 t
1420 2263 1525 2324 officium
1532 2290 1621 2326 suum,
1636 2291 1707 2317 aliud
1717 2293 1873 2317 intermittit.
1922 2293 1978 2318 Cic.
1993 2293 2068 2319 Verr.
2083 2302 2101 2323 1,
2114 2295 2150 2325 64
2175 2293 2318 2319 Mulierem
2332 2292 2388 2318 exi-

1341 2334 1395 2352 mia
1408 2325 1623 2360 pulchritudine,
1632 2325 1676 2352 sed
1688 2335 1745 2352 eam
1759 2326 1859 2353 summa
1874 2326 2025 2361 integritate
2038 2327 2219 2361 pudicitiaque
2231 2327 2388 2354 existimari.

1342 2362 1407 2388 Rem
1421 2366 1447 2387 et
1459 2360 1569 2387 consilio
1581 2370 1688 2395 regere,
1705 2367 1731 2388 et
1744 2362 1895 2396 integritate
1908 2363 1993 2395 tueri,
2009 2369 2034 2388 et
2053 2361 2151 2389 virtute
2171 2361 2300 2388 conficere
2327 2361 2385 2387 Cic.

1343 2405 1392 2430 pro
1407 2397 1436 2422 L.
1450 2397 1542 2423 Manil.
1557 2406 1577 2423 c.
1592 2405 1635 2423 20.
1729 2398 1876 2424 prouinciae
1889 2397 1921 2423 sic
1935 2397 2049 2432 praefuit
2062 2397 2091 2423 in
2104 2395 2182 2431 pace,
2200 2403 2230 2424 vt
2242 2402 2268 2423 et
2281 2396 2386 2422 ciuibus

1341 2438 1367 2457 et
1380 2432 1457 2457 sociis
1471 2432 1609 2465 gratiffima
1625 2432 1683 2458 esset
1698 2432 1754 2458 eius
1768 2433 1905 2467 integritas
1918 2441 1943 2459 et
1956 2433 2019 2459 fides
2040 2433 2094 2459 Cic.
2108 2441 2157 2467 pro
2169 2432 2229 2467 Lig.
2242 2441 2264 2458 c.
2279 2440 2298 2458 i.
2330 2436 2332 2438 ’
2345 2432 2388 2457 In-

1343 2503 1399 2528 Cic.
1414 2502 1446 2528 de
1459 2502 1533 2528 Orat.
1548 2511 1571 2534 2,
1587 2510 1614 2533 35
1650 2501 1746 2528 Eadem
1769 2503 1893 2529 facultate
1911 2509 1937 2529 et
1950 2504 2022 2530 fraus
2034 2503 2175 2530 hominum
2187 2502 2219 2529 ad
2233 2501 2390 2537 perniciem,

1344 2543 1369 2564 et
1392 2538 1529 2571 integritas
1549 2537 1581 2564 ad
1604 2537 1713 2563 salutem
1734 2543 1853 2564 vocatur.

1343 2574 1382 2608 Q
1392 2574 1476 2600 Fratr.
1490 2582 1510 2606 1,
1525 2581 1544 2599 1.

1341 2609 1395 2635 Λα.
1408 2616 1436 2643 7,
1457 2617 1478 2634 2.
2277 2608 2391 2636 Cautio}-

1905 2645 2061 2679 Incorrupta
2073 2645 2200 2671 semionis
2215 2644 2305 2671 Latini
2316 2643 2391 2670 Idem

1343 2680 1374 2706 de
1389 2679 1458 2706 Clar.
1474 2680 1549 2705 Orat.
1566 2687 1606 2710 132
1622 2688 1643 2705 e.
1656 2686 1693 2711 35.
1802 2679 1965 2713 Integritatis
1978 2686 2003 2706 et
2015 2680 2162 2715 elegantiae
2175 2680 2289 2706 alicuius
2303 2678 2391 2706 lauda-

1343 2722 1387 2742 tor
1406 2715 1463 2742 Cic.
1476 2715 1529 2740 Att.
1543 2716 1568 2745 6,
1581 2722 1605 2740 2.
1713 2714 1853 2749 Integritas
1866 2715 2003 2749 corporis,
2029 2715 2158 2742 valetudo.
2212 2716 2269 2742 Cic.
2284 2715 2316 2742 de
2331 2711 2390 2741 Fin'.

1343 2759 1366 2784 ς,
1379 2760 1416 2784 40
1436 2750 1517 2783 Qiod
1536 2749 1686 2776 cumulatur
1701 2758 1734 2776 ex
1753 2750 1904 2786 integritate
1924 2751 2061 2786 corporis,
2079 2758 2106 2778 et
2126 2760 2158 2778 ex
2177 2751 2273 2778 mentis
2286 2751 2391 2778 ratione

1342 2786 1468 2822 perfecta.
1541 2786 1614 2821 Conf.
1635 2785 1702 2811 Gell.
1717 2791 1754 2818 18,
1769 2794 1788 2812 i.

1380 2828 1390 2847 1
1400 2828 1421 2847 N
1432 2829 1453 2848 T
1462 2828 1478 2848 Ε
1489 2827 1511 2847 G
1523 2827 1594 2847 R1‘1·
1607 2827 1675 2847 vno
1685 2840 1692 2852 ‚
1720 2822 1781 2847 inis.
1809 2821 1828 2848 f.
1865 2822 1926 2856 le.
1939 2822 2001 2857 Dig.
2017 2822 2050 2850 de
2063 2823 2183 2850 Testam.
2195 2823 2253 2849 mil.
2268 2830 2390 2858 prooem.

1341 2858 1446 2884 Secutus
1460 2856 1544 2883 animi
1558 2856 1611 2882 mei
1622 2856 1840 2891 iutegritudinem
1855 2866 1915 2892 erga
1929 2859 2134 2886 commilitones.
2283 2870 2287 2879 ·

1380 2900 1389 2918 1
1400 2900 1421 2919 N
1430 2900 1453 2919 T
1462 2891 1479 2919 ἑ
1488 2899 1508 2920 G
1518 2899 1551 2923 Ο,
1572 2892 1616 2924 xi,
1635 2892 1722 2923 cium,
1739 2894 1792 2919 ere.
1833 2893 2015 2928 [ἔγκαλύπτω]
2050 2897 2149 2931 Anger-e
2164 2894 2265 2921 videtur
2277 2893 2389 2927 aliquan-

1343 2935 1395 2956 tum
1408 2927 1611 2964 signficatiovzenx
1617 2926 1740 2963 simplicis
1758 2929 1859 2964 Tegcre.
1915 2929 1997 2955 Plaut.
2011 2930 2078 2956 Rud.
2093 2939 2111 2961 1,
2125 2939 2150 2962 2,
2163 2938 2187 2961 13
2212 2927 2311 2954 Villam
2323 2927 2390 2952 inte-

1345 2963 1459 2999 gundam
1478 2963 1601 2997 intelligo
1621 2969 1703 2990 totam
1722 2963 1800 2990 mihi.
1909 2965 2029 3000 Integere
2050 2964 2209 2992 habitabiles
2221 2964 2288 2989 casas
2319 2962 2390 2989 Plin.

1538 2998 1725 3032 Integebantur
1744 3000 1860 3034 porticus
1878 3000 1958 3034 lignis
1973 3001 2122 3027 coniunctis
2135 3001 2203 3026 inter
2216 3000 2242 3024 se
2270 2998 2342 3025 Caes.
2357 2998 2388 3024 B.

1345 3037 1375 3062 C.
1391 3043 1415 3066 2,
1427 3043 1452 3061 z.
1560 3034 1645 3067 Integi
1663 3034 1734 3060 vallo
1761 3035 1821 3061 Liu.
1841 3043 1868 3069 7,
1906 3056 1912 3062 .
1951 3056 1958 3062 .
1999 3038 2075 3064 Vetus
2088 3036 2207 3070 exemplar
2219 3034 2289 3060 habet
2305 3033 2388 3068 Tegi.

1345 3071 1437 3097 Crines
1452 3070 1546 3104 integit
1558 3069 1647 3095 caffide
1677 3070 1738 3096 Stat.
1752 3070 1844 3096 Theb.
1858 3082 1886 3104 4,
1901 3080 1954 3103 303.
2046 3073 2162 3105 Propert.
2178 3078 2198 3100 2,
2213 3078 2250 3101 19,
2266 3077 2290 3102 15
2327 3069 2389 3102 Qia.

1344 3107 1462 3133 formosa
1479 3107 1525 3132 suo
1538 3104 1686 3132 Clitumnus
1700 3106 1808 3132 fiumina
1824 3106 1883 3132 luco
1921 3107 2028 3141 Integit.
2142 3105 2391 3138 Grui.1nscr.p.1;0

1345 3143 1377 3168 C.
1414 3140 1599 3167 RVSTIVS
1637 3147 1681 3167 cte.

1582 2607 1660 2634 Vitae
1673 2608 1805 2635 3111038130
1817 2609 1954 2643 integritas
1971 2609 2103 2642 Qiine‘fil.
2116 2616 2143 2644 7,
2152 2618 2174 2641 3.

990 3179 1159 3212 integerrimi
1183 3177 1287 3204 diutina
1301 3178 1330 3207 85
1344 3177 1410 3209 RE,
1446 3179 1464 3202 i.
1474 3175 1642 3209 sternendam.

1382 3218 1539 3239 INTECT
1551 3219 1608 3243 vs,
1628 3219 1658 3242 a,
1685 3219 1739 3237 um.
1770 3211 1829 3238 Adi.
1869 3214 1927 3238 Non
1945 3210 2039 3243 reclus,
2062 3218 2171 3246 apertus.
2209 3211 2389 3244 Sensisomnus

1346 3257 1375 3275 ac
1389 3256 1470 3282 prope
1485 3246 1612 3277 intectus,
1639 3249 1657 3272 i.
1681 3246 1779 3273 Nudus.
1851 3247 1942 3274 Tacit.
1956 3247 2022 3273 Hist.
2036 3254 2059 3279 5,
2071 3256 2111 3277 22,
2126 3249 2151 3273 6.
2219 3245 2293 3282 Cous.
2313 3245 2389 3272 Idem

1348 3285 1438 3310 Germ.
1454 3290 1491 3317 17,
1506 3292 1525 3309 1.
1596 3282 1716 3315 Corpore
1732 3281 1832 3308 intec‘io
1850 3283 1940 3309 Tacit.
1955 3282 2021 3308 i-iist.
2035 3291 2062 3314 4,
2076 3290 2120 3316 77,
2132 3291 2153 3314 3.
2224 3281 2337 3308 Pedibus
2349 3281 2390 3308 in-

1348 3319 1424 3345 te&is
1450 3318 1570 3345 incedere
1600 3316 1673 3343 Idem
1698 3317 1765 3343 Arm.
1792 3325 1816 3347 z,
1840 3327 1879 3351 59,
1903 3327 1928 3344 2.
1995 3318 2067 3352 szf.
2089 3318 2162 3344 Ideni
2183 3317 2251 3343 Hist.
2267 3326 2293 3350 4,
2307 3318 2352 3350 46,
2366 3325 2390 3349 3.

750 3360 805 3386 Cic.
819 3360 897 3385 Verr.
912 3367 934 3390 3,
949 3366 989 3383 110
1010 3358 1103 3382 Vtrum
1124 3354 1158 3380 est
1172 3354 1290 3388 aequius,
1301 3363 1336 3387 90
1349 3353 1502 3380 Verticibus
1514 3353 1618 3380 intectis
1636 3351 1724 3378 hieme
1742 3353 1862 3387 pruinam
1876 3352 1993 3388 perferre
2013 3354 2134 3380 Mamert.
2149 3354 2240 3386 Paneg.
2255 3352 2306 3381 Iul.
2318 3361 2339 3378 c.
2355 3360 2390 3384 13.

1351 3390 1471 3421 Trana,
1507 3389 1598 3415 Tacit.
1612 3388 1679 3414 Anu.
1693 3398 1715 3419 4,
1730 3397 1750 3420 1,
1764 3399 1782 3422 4
1802 3389 1907 3414 Seianus
1920 3387 2068 3414 Tiberium
2082 3389 2162 3414 variis
2181 3387 2281 3414 artibus
2296 3387 2390 3414 deuin-

1346 3425 1402 3456 xit,
1422 3424 1489 3452 adeo
1501 3430 1530 3452 vt
1544 3424 1683 3451 obscurum
1697 3423 1833 3450 aduersum
1847 3423 1928 3454 alios,
1938 3423 1985 3449 sibi
1999 3425 2045 3450 vni
2061 3424 2194 3450 incautum
2208 3423 2390 3457 intectumque

1346 3459 1469 3500 efficeret.
1666 3456 1687 3495 q
1708 3467 1724 3485 2.
1760 3461 1824 3486 Bene
1837 3455 1932 3490 teHus,
1952 3460 2013 3485 Liu.
2027 3467 2070 3494 27,
2083 3468 2095 3492 3
2124 3460 2272 3486 Strainento
2291 3458 2390 3486 intecta

1345 3504 1448 3522 omnia.

1387 3538 1397 3558 1
1408 3538 1431 3558 N
1440 3538 1461 3557 Τ
1472 3538 1487 3557 r.
1497 3536 1542 3558 c'r
1552 3536 1604 3557 AM
1614 3534 1631 3555 E
1642 3535 1663 3555 N
1672 3535 1693 3556 T
1702 3535 1723 3555 v
1733 3535 1774 3560 M,
1793 3527 1812 3554 i.
1833 3537 1858 3554 ri.
1896 3529 1974 3555 Glofl‘.
1990 3530 2035 3556 Gr.
2050 3530 2106 3557 Lat.
2121 3531 2253 3563 σκέπασμα
2266 3531 2344 3563 etym.

1387 3574 1396 3593 i
1407 3573 1429 3593 N
1440 3573 1461 3592 'r
1470 3573 1486 3593 E
1497 3571 1518 3593 G
1529 3573 1550 3592 v
1560 3572 1584 3591 M
1593 3569 1609 3590 ε
1619 3571 1641 3590 Ν
1649 3571 1670 3590 Τ
1679 3572 1700 3588 v
1709 3570 1749 3594 M.
1769 3563 1786 3590 i·
1822 3573 1847 3589 1¹-
1883 3564 2077 3600 [ἓνκσέλυμμοε]
2115 3567 2168 3600 Qo
2181 3566 2243 3601 quid
2258 3569 2390 3602 integitur.

1351 3602 1410 3629 Liu.
1424 3611 1460 3636 40
1474 3609 1538 3628 extr.
1559 3601 1675 3627 Deorum
1689 3600 1781 3634 capita,
1790 3607 1856 3631 quae
1870 3600 1897 3625 in
1912 3600 1986 3626 lec‘tis
1999 3608 2088 3633 erant,
2106 3607 2259 3628 auerterunt
2272 3603 2307 3633 se,
2322 3602 2392 3628 lana·
2437 3625 2442 3632 ,

2287 3636 2344 3663 Cic.
2358 3637 2391 3663 de
2418 3639 2422 3650 ¹

1351 3674 1425 3700 Orat.
1443 3682 1462 3704 1,
1476 3675 1516 3699 161
1539 3672 1579 3698 Sic
1591 3670 1671 3697 modo
1686 3671 1713 3695 in
1726 3669 1846 3696 oratione
1860 3670 1938 3697 Crassi
1950 3671 2058 3697 diuitias
2071 3681 2099 3697 ac
2115 3678 2268 3698 ornamenta
2282 3673 2340 3698 eius
2353 3673 2394 3698 in-
2440 3675 2450 3687 '¹

258 3718 322 3742 nihil
334 3717 387 3742 <ium
402 3716 500 3748 aetum,
517 3716 579 3750 quod
592 3716 725 3751 impediat,
745 3725 789 3750 quo
803 3717 883 3740 minus
896 3722 967 3750 agere
978 3711 1042 3752 quod
1054 3711 1153 3746 placeat
1167 3708 1423 3744 pofft'mus.100genii
1437 3717 1483 3742 per
1496 3706 1621 3742 quaedam
1636 3706 1773 3731 inuolucra
1787 3712 1865 3739 atque
1879 3707 2057 3740 integumenta
2070 3708 2198 3741 perspexi.
2211 3711 2228 3733 i.
2242 3708 2393 3734 Velamenta.
2432 3703 2447 3738 -ξ

1351 3647 1403 3671 que
1415 3646 1474 3664 cum
1487 3636 1689 3671 integumentis,
1710 3643 1776 3669 quae
1795 3633 1855 3660 Ioui
1873 3635 1986 3669 apposita
2007 3636 2075 3668 fuit,
2092 3635 2200 3663 decidit.

1352 3744 1408 3770 Cic.
1423 3753 1471 3779 pro
1485 3742 1555 3769 Cael.
1570 3749 1606 3775 47
1626 3741 1683 3766 Huc
1696 3741 1773 3765 vnius
1788 3741 1906 3768 mulieris
1920 3741 2060 3768 libidinem
2074 3742 2298 3783 eire'pi-olapta111,
2316 3748 2344 3770 vt
2363 3751 2393 3769 ea

2295 113 2379 163 1164
2405 90 2409 98 .
2443 106 2455 136 Ψ

2416 107 2455 188 'iffi

2409 177 2456 245 ,Ἕω

1698 200 1771 228 Idem
1786 201 1858 227 Fam.
1873 209 1899 232 2,
1913 210 1923 233 3
1946 200 2004 227 Nee
2016 200 2085 228 inihi
2096 201 2209 237 placuit,
2228 199 2377 237 quidquam
2397 229 2402 243 Ι

1598 1019 1637 1045 De
1660 1019 1765 1053 integro
1787 1016 1902 1044 sci-ibere
1924 1017 2062 1050 epistolam
2091 1017 2166 1043 Idem
2186 1016 2253 1043 ibid.
2276 1024 2318 1049 13,
2335 1023 2380 1051 27.
2422 1038 2426 1040 .

759 1056 902 1092 ὅλόκληρον,
920 1056 983 1089 ὑγιὲς
997 1057 1055 1081 Vet.
1071 1053 1170 1088 Gloffi]
1191 1053 1275 1078 Incor-
1288 1064 1321 1091 25
1337 1055 1375 1080 Ex
1390 1053 1495 1087 integro
1516 1053 1585 1080 Suet.
1600 1055 1668 1089 Aug.
1683 1064 1705 1080 c.
1718 1062 1759 1087 34.

2285 1972 2390 2006 Integre

2101 2222 2114 2256 ]
2150 2223 2309 2252 innocentia,
2329 2221 2389 2248 Vir-

2245 2464 2388 2493 cameraria.
2418 2497 2423 2500 Ι

1959 2539 2099 2573 Integritas
2111 2547 2136 2564 et
2149 2537 2312 2564 continentia
2332 2537 2390 2564 Cic.
2436 2543 2458 2553 '¹‘

1639 2573 1801 2607 Integritatis
1825 2579 1851 2599 et
1874 2573 1937 2599 fidei
1957 2574 2139 2600 testimonium
2158 2573 2232 2600 dedit
2245 2573 2313 2599 Cato
2331 2572 2389 2599 Cic.
2413 2574 2417 2579 “

1724 3142 1834 3168 VIAM
1869 3140 2169 3169 INTEGENDAM
2207 3140 2390 3167 CVRAVE-
2436 3136 2437 3141 ¹

2428 238 2442 282 ³.»

2422 282 2457 305 ,7-

2252 309 2285 335 Vt
2298 316 2378 342 quam
2424 318 2425 321 ¹
2446 313 2447 320 ¹

2305 1121 2382 1158 Conf-
2411 1151 2420 1157 .
2450 1112 2452 1117 Ι

1352 3788 1407 3805 non
1419 3779 1500 3806 modo
1515 3775 1683 3804 solitudinem
1699 3784 1727 3801 ac
1740 3776 1962 3811 tenebras,atque
1976 3777 2038 3803 haec
2053 3777 2215 3811 flagitiorum
2230 3784 2395 3812 integumcn-
2438 3783 2441 3785 ’
2458 3773 2461 3779 ’

1354 3820 1380 3841 ta
1393 3824 1446 3841 non
1460 3818 1581 3848 quaerat,
1602 3809 1643 3836 sed
1658 3810 1685 3836 in
1698 3812 1848 3845 turpissimis
1861 3813 1954 3844 rebus,
1973 3820 2018 3839 etc.
2107 3813 2212 3847 Frontis
2231 3814 2394 3845 integumen-

1352 3856 1409 3876 tum
1434 3850 1489 3876 Cic.
1511 3847 1566 3882 post
1586 3846 1641 3872 red.
1656 3847 1683 3872 in
1699 3847 1756 3873 Scn.
1771 3856 1795 3880 15
1809 3857 1830 3874 c.
1845 3855 1871 3881 7.
1906 3855 1929 3873 et
1943 3848 1971 3873 in
1985 3848 2070 3875 Pison.
2083 3857 2105 3874 c.
2119 3851 2143 3874 6.
2249 3849 2394 3876 Diffiinula-

2213 3884 2395 3918 Integumenta

2276 3920 2396 3951 vocaban-
