2479 4225
20 175 136 247 ,εει
437 186 736 229 HEM

65 285 155 312 Dauus
167 280 272 309 narrat?
302 285 332 306 D.
353 287 438 314 aeque
457 277 604 314 quidquam
621 284 691 303 nunc
709 274 826 311 quidem.
855 278 878 299 S.
898 271 1019 299 nihilne?
1038 272 1108 300 hem.

65 320 118 348 Vb.-
134 319 261 345 Donatus:
289 315 444 342 Interieffio
457 315 493 341 est
506 314 631 340 aduersus
643 321 715 344 eum,
730 311 775 346 qui
789 311 815 336 se
828 316 904 343 neget
918 308 1021 342 aliquid
1039 309 1109 335 locu-

68 361 124 384 tum
138 354 193 380 esse.
262 353 440 378 Exclamantis.
476 350 547 376 Ter.
561 347 642 375 Andr.
656 356 682 379 2,
696 355 718 379 5,
732 350 748 372 6
774 351 802 371 D.
822 344 901 377 Qiali
915 344 945 369 dc
961 345 1109 378 improuiso

67 390 165 425 respice
179 387 210 414 ad
223 396 293 413 eum.-
321 394 346 413 Ρ.
365 386 426 413 hem
439 391 520 421 pater.
581 384 628 410 Vbi
648 384 781 409 Donatus:
804 378 993 406 Interiecnone
1012 381 1107 414 magis,

69 434 146 462 quam
159 423 243 450 verbo
255 422 420 449 exclamauit.
474 418 689 450 Add.1bid.v.9.
760 415 924 443 Exhortantis
948 415 1016 441 Ter.
1027 416 1107 442 Andr.
1135 420 1149 446 ς

69 470 95 494 2,
107 468 129 494 ς,
143 467 163 492 5·
272 460 359 485 Nonas
374 468 430 490 res,
456 464 479 483 et
492 458 581 491 optime
595 454 733 480 audientis:
775 451 844 491 Ter.
860 450 956 490 Heaut.
977 459 1009 482 2,
1028 459 1055 483 3,
1074 459 1109 485 70

70 494 230 524 Adducimus
248 500 321 520 tuam
342 492 507 521 Bacchidem.
538 497 609 517 eLi.
635 489 711 520 hem,
759 484 804 512 uid
825 485 1003 511 Bacchidem?
1039 488 1108 512 Cani.

68 529 180 564 Adelph.
193 538 226 562 4,
241 537 263 562 5,
276 532 317 556 62.
413 530 488 560 Ecce,
510 523 727 559 demonstratiofa
755 525 773 548 ι’.
809 520 878 546 Ter.
893 520 975 547 Andr.
990 529 1020 553 2,
1038 530 1062 551 2,
1085 529 1109 554 ις

68 566 184 594 Obsecro
200 572 225 591 te
239 565 436 599 quamprimum
450 563 500 590 hoc
514 570 556 587 me
572 561 655 587 libera
667 559 792 585 miserum
804 562 884 582 metu.
912 563 941 582 D.
962 556 1032 589 hcm,
1045 557 1109 583 libe-

66 636 212 673 paullulum
224 637 332 671 opsoni,
352 644 398 662 etc.
469 632 707 668 Commiftrationis:
743 627 812 654 Ter.
827 626 908 667 Andr.
921 636 954 660 4,
967 629 998 660 6,
1012 634 1026 657 8
1057 629 1109 654 Sal—

66 682 117 700 vus
129 672 160 699 fis
174 672 259 698 Crito.
290 679 316 698 C.
343 672 414 697 itane
435 668 556 702 Chryfis3
585 666 653 692 hem.
686 671 722 690 M.
745 672 793 690 nos
811 662 919 698 quidem
939 663 982 697 pol
1001 664 1109 690 miseras

67 707 192 744 perdidit.
251 707 299 733 Vbi
319 707 451 733 Donatus:
474 705 538 732 Non
556 710 624 728 nunc
641 701 804 733 interrogat,
833 698 875 725 sed
896 699 1109 726 commiseratur:

67 744 143 770 etita
158 742 330 777 sequebatur,
350 750 379 769 vt
392 742 505 770 diceret,
534 737 623 772 periit.
659 734 702 762 sed
725 735 808 768 magis
831 733 944 768 gemitus
968 733 1109 767 fignificat,

48 816 49 821 ¹
66 820 173 850 oportet
193 814 222 840 in
241 815 387 840 cruciatum
406 811 467 838 hinc
490 808 587 843 abripi.
654 806 809 842 Insperatum
828 804 925 840 aliquid
941 805 1050 831 videntis
1066 813 1109 832 aut

65 850 200 878 audientis.
254 850 323 877 Ter.
338 847 419 875 Andr.
433 855 452 877 1,
467 854 490 878 2,
505 853 530 877 13
557 850 580 869 S.
599 844 690 869 Daue?
711 849 740 869 D.
756 841 832 872 hem,
852 840 917 875 quid
931 840 983 866 est?
1003 848 1026 868 s.
1045 840 1108 868 eho.

67 885 132 913 dum
144 885 177 912 ad
191 894 243 912 me.
304 885 353 911 Vbi
365 884 495 910 Donatus:
519 879 599 913 Qiasi
613 878 747 912 correptio
758 877 841 903 totius
853 876 982 910 corporis.
1049 878 1106 903 Psy-

64 922 162 948 turbati
174 923 261 947 om'mi.
297 920 366 946 Ter.
378 917 458 944 Andr.
473 924 496 948 5,
509 925 530 946 2,
543 922 557 948 5
583 922 605 942 s.
622 915 646 941 Ο
661 913 729 940 salue
744 912 813 938 bone
826 911 877 938 vir.
906 917 933 937 D.
954 910 1014 938 hem
1027 912 1106 938 Simo.

66 993 173 1028 quidem
188 998 216 1018 tu
230 990 325 1017 isthaec
337 998 400 1017 vera
413 987 553 1022 praedicas.
648 982 808 1015 Interiefflo,
828 991 876 1019 qua
888 983 1000 1009 mulieres
1015 986 1041 1009 in
1048 984 1106 1018 flu}

65 1027 283 1055 exclamationibus
296 1028 336 1051 vti
349 1025 440 1061 fidem.
499 1023 568 1049 Ter.
582 1022 680 1053 Hecyr.
694 1028 724 1052 3,
735 1027 768 1050 2,
783 1027 811 1045 12
849 1019 919 1044 Hem
939 1019 1002 1045 istoc
1019 1019 1104 1045 verbo

65 1063 168 1090 animus
185 1061 254 1088 mihi
272 1061 370 1092 rediit,
404 1064 429 1085 et
449 1067 510 1085 cura
529 1066 561 1084 ex
580 1056 659 1082 corde
679 1054 788 1082 exceffit.
879 1056 999 1080 Laetitiae
1035 1055 1064 1080 T
1066 1063 1104 1081 er.

66 1099 161 1126 Heaut.
174 1106 203 1130 4,
215 1104 238 1129 5,
251 1105 275 1128 9.
344 1094 413 1122 Ibid.
427 1103 456 1128 4,
469 1099 492 1126 8,
503 1101 533 1126 25
563 1091 696 1118 Postremo
710 1090 790 1116 etiam
803 1088 821 1116 fi
838 1089 913 1115 voles
922 1109 930 1121 ,
954 1089 1104 1124 desponsam

64 1141 172 1168 quoque
191 1132 240 1158 effe
257 1131 348 1158 dicito.
386 1137 421 1156 M.
444 1130 504 1156 hem
524 1128 589 1154 istuc
605 1126 752 1154 volueram.
843 1125 991 1151 Laborantis
1018 1128 1104 1152 animi.
1119 1131 1151 1158 25

17 1199 19 1202 ,
64 1170 134 1196 Ter.
146 1168 211 1194 Eun.
225 1175 253 1199 4,
266 1175 289 1199 2,
303 1172 316 1195 8
340 1166 457 1200 Occoepi
470 1172 572 1191 mecum
584 1163 713 1196 cogitare,
732 1160 803 1192 hein,
822 1160 935 1187 biduum
948 1160 989 1187 hic
999 1170 1103 1188 manen.

17 1202 20 1214 s
63 1204 127 1230 dum
141 1203 177 1229 est
189 1202 239 1228 soli
252 1202 304 1228 fine
319 1201 382 1228 illa?
418 1201 490 1228 Idem
504 1199 583 1225 Andr.
598 1206 627 1230 3,
647 1206 675 1229 3,
694 1205 738 1230 24.
833 1198 986 1232 Principium
1005 1200 1103 1223 iracun-

17 1255 19 1263 ι
62 1239 128 1266 diae.
182 1238 250 1264 Ter.
265 1237 346 1264 Andr.
360 1245 382 1270 ς,
397 1247 424 1271 4,
439 1238 468 1262 16
489 1242 512 1262 s.
529 1233 701 1268 Sycophanta.
721 1239 774 1259 CR.
796 1232 865 1258 hem.
887 1238 904 1258 c
917 1238 946 1259 H.
965 1232 997 1258 fic
1012 1232 1103 1263 Crito,

62 1273 102 1301 est
112 1273 171 1300 hic:
196 1274 281 1300 mitte.
350 1275 452 1299 Ironica
470 1267 620 1296 interiectio.
665 1268 704 1294 Id.
718 1268 825 1294 Phorm.
839 1277 872 1301 4,
883 1276 917 1300 4,
931 1275 948 1302 7
980 1269 1048 1294 Hem
1058 1288 1065 1300 ,
1085 1268 1102 1295 si

16 1334 19 1343 ,
61 1309 126 1345 quid
140 1308 207 1335 velis
216 1329 224 1341 ‚
243 1308 306 1334 huic
318 1307 424 1334 mandes
438 1305 508 1341 quod
524 1304 633 1340 quidem
645 1304 717 1330 reete
730 1310 850 1330 curatum
865 1304 938 1329 velis.
1008 1305 1105 1340 Singul—
1120 1312 1151 1336 30

10 1343 20 1384 4]
60 1344 222 1380 uentisfletu
238 1351 262 1370 et
299 1343 372 1370 audio
391 1341 495 1368 distum.
549 1341 619 1367 Ter.
629 1340 704 1366 Adel.
718 1348 751 1372 4,
765 1348 793 1372 5,
806 1342 840 1365 62
872 1339 947 1365 Bono
961 1339 1051 1366 animo
1064 1348 1089 1365 es
1098 1359 1105 1370 ‚

14 1391 16 1398 ’
43 1380 139 1410 „duces
153 1388 264 1406 vxorem
297 1388 352 1405 ane.
378 1384 435 1404 AB.
462 1376 531 1403 hem.
555 1383 589 1402 M.
610 1375 683 1402 bono
695 1376 785 1401 animo
800 1384 826 1401 es
841 1374 958 1409 inquam.
1030 1374 1106 1410 Qaeafi

6 1419 16 1440 ι’
44 1405 221 1486 ξιοφίεηεὶς,
241 1412 477 1448 demonstrantisquc
493 1411 590 1447 aliquid
607 1414 666 1437 noui
672 1411 701 1447 fi
714 1410 838 1444 inueniffi.
893 1410 961 1437 Ter.
978 1411 1058 1437 Andr.
1072 1420 1105 1443 4,

16 1455 17 1460 ¹
94 1460 125 1485 59
151 1451 185 1478 At
198 1451 252 1477 iam
264 1449 314 1476 hoc
327 1458 395 1483 opus
408 1449 454 1475 est.
475 1455 504 1474 D.
524 1447 594 1474 hem.
620 1447 664 1472 sed
677 1455 768 1478 mane,
789 1447 943 1480 concrepuit
956 1455 970 1472 a
980 1446 1105 1479 Glycerio

171 1522 178 1527 ·
263 1522 272 1540 ι

58 1522 119 1585 hei?
126 1521 201 1585 ἓξὲξ
212 1522 282 1584 {stris
292 1562 304 1582 1
315 1562 335 1582 Ο
344 1562 357 1582 S
370 1575 379 1587 ,
414 1555 502 1580 Latine
533 1555 657 1580 Diurnus.
718 1551 789 1578 Vnde
802 1545 914 1578 Tabula
934 1551 1090 1580 hemercfios
1097 1572 1106 1586 ‚

57 1594 122 1631 quod
139 1594 195 1620 Vna
207 1592 246 1618 die
258 1590 476 1626 absolutasuerit,
501 1588 568 1624 apud
580 1588 646 1614 Plin.
661 1594 704 1620 35,
720 1596 751 1613 ii.

62 1639 66 1641 “
95 1636 116 1656 H
128 1636 177 1656 EM
188 1634 231 1654 ER
243 1633 276 1652 IS
288 1643 297 1656 ‚
314 1625 374 1652 i'dis.
397 1625 418 1652 f.
453 1622 572 1659 [ἥμερα]
609 1625 689 1653 Genus
719 1622 818 1649 arboris
847 1623 960 1659 glandem
983 1623 1104 1659 ferentis.

15 1719 17 1721 .
96 1706 117 1725 Η
128 1705 144 1724 Ε
153 1705 177 1724 M
189 1704 203 1723 Ε
212 1704 231 1723 R
240 1703 259 1723 Ο
269 1703 285 1723 Β
295 1703 304 1722 1
315 1703 336 1722 ν
345 1703 370 1722 M
378 1715 387 1728 ‚
406 1694 424 1722 i.
450 1703 476 1721 n.
533 1695 613 1721 Vnum
627 1692 690 1720 diem
703 1696 800 1720 vinens.
841 1691 949 1726 Bestiola
964 1695 1037 1719 iuxta
1051 1693 1104 1727 Hy-

3 1737 9 1758 l
53 1737 142 1771 panim
150 1733 267 1769 fluuium.
321 1732 387 1757 Plin.
400 1739 432 1763 11,
445 1732 476 1762 36
501 1730 618 1764 Hypanis
635 1729 733 1756 fluuius
745 1730 773 1755 in
785 1730 869 1755 Ponto
881 1730 950 1755 circa
963 1728 1104 1754 solstitium

59 1770 145 1796 defert
157 1769 295 1794 acinorum
307 1765 394 1800 effigie
412 1772 503 1792 tenues
523 1764 704 1796 membranas,
740 1764 836 1798 quibus
861 1763 977 1796 erumpit
994 1762 1104 1788 volucre

57 1804 205 1838 quadrupes
223 1800 484 1836 (pyraustaefimile)
504 1809 551 1825 nec
565 1799 634 1825 vltra
644 1808 725 1824 vnum
741 1799 811 1824 diem
820 1799 905 1828 viuit,
923 1796 992 1822 vnde
1007 1797 1104 1821 Heme-

56 1875 189 1904 narrauit,
205 1870 312 1902 adiicit,
348 1871 384 1895 Ex
400 1868 441 1894 his
455 1868 537 1901 igitur
551 1867 617 1893 hora
631 1866 742 1898 octaua,
761 1874 827 1901 quae
845 1871 951 1892 mortua
971 1874 984 1890 e
1015 1885 1023 1897 ‚
1042 1874 1103 1899 pro-

55 1908 132 1936 veeta
147 1912 230 1934 aetate
252 1911 358 1931 mortua
377 1904 427 1933 est;
465 1911 531 1937 quae
551 1911 618 1929 vero
637 1902 774 1928 occidente
794 1901 865 1936 sole,
886 1900 1033 1935 decrepita:
1070 1909 1102 1927 eo

49 1945 150 1978 1magss,
170 1942 188 1968 fi
203 1941 283 1968 etiam
295 1939 434 1967 Solstitiali
442 1938 495 1965 die.
569 1938 670 1964 Confer
682 1938 798 1964 nostram
809 1937 982 1971 longiffimam
990 1941 1103 1962 aetatem

55 1989 115 2007 cum
129 1977 300 2008 aeternitate,
322 1976 350 2002 in
364 1975 454 2002 eadem
468 1982 550 2010 prope
564 1973 674 2000 modum
687 1973 833 2004 breuitate,
853 1981 919 2007 quae
934 1971 995 1998 illae
1007 1970 1102 1997 bestio-

18 2045 19 2056 W
33 2016 95 2057 1¹²³
113 2014 286 2048 reperiemur.
1112 2015 1144 2040 50

92 2057 114 2076 Η
126 2057 141 2076 Ε
150 2057 175 2076 Μ
184 2046 200 2075 Ε
209 2055 227 2074 n
235 2054 254 2074 ο
263 2054 280 2074 c
291 2053 314 2074 A
324 2053 339 2072 L
350 2053 367 2072 1.
376 2053 386 2072 1
395 2051 408 2071 s
416 2065 425 2078 ‚
444 2044 475 2071 is.
512 2044 532 2070 f.
582 2041 800 2078 Liliumfiluestre.
861 2041 921 2070 Vid.
935 2041 1001 2068 Plin.
1015 2050 1052 2073 21,
1065 2050 1101 2068 10.

48 2085 139 2122 Diosc.
151 2095 174 2116 3,
195 2090 246 2114 ηις.

41 2127 43 2134 ‘
93 2128 114 2148 H
123 2128 140 2147 Ε
150 2128 174 2146 Μ
182 2127 198 2146 E
208 2126 226 2145 R
236 2125 254 2145 O
264 2124 282 2144 D
292 2124 310 2144 R
320 2115 340 2144 ὅ
348 2124 373 2144 Μ
381 2124 403 2143 V
413 2123 425 2144 s
437 2136 445 2147 ,
464 2115 483 2142 i.
522 2124 558 2142 m.
607 2111 804 2149 [ἡμεροδρόμος]
866 2112 957 2148 Cursor
967 2132 975 2144 ,
1001 2116 1045 2147 qui
1063 2112 1102 2138 die

4 2157 7 2168 '
64 2150 69 2158 Α
121 2160 210 2182 increm-
222 2155 334 2190 spatium
353 2153 424 2188 cursu
443 2153 565 2178 emetitur.
640 2150 701 2176 Liu.
718 2158 757 2181 31,
773 2157 805 2181 24
829 2148 868 2174 Ni
882 2148 1028 2182 speculator
1047 2147 1103 2178 (he-

60 2186 63 2194 ’
78 2182 240 2220 ’ἑῐοάῗοιῃος
254 2194 347 2216 vocant
361 2187 472 2219 Graeci,
491 2187 583 2219 ingens
597 2185 640 2211 die
652 2193 705 2211 vno
719 2184 795 2210 cursu
809 2184 963 2209 emetientcs
977 2182 1102 2215 spatium)
1121 2191 1150 2218 55·

65 2258 68 2260 ,
91 2222 245 2261 ntemplatus
258 2225 362 2258 regium
375 2232 469 2257 agmen
481 2230 494 2247 e
510 2220 610 2255 specula
625 2219 754 2254 quadam,
779 2218 937 2252 praegressus
957 2216 1035 2243 noete
1047 2226 1102 2244 me-

77 2259 98 2291 5εἰ
111 2263 225 2290 Athenas
240 2260 404 2295 peruenisset.
453 2256 520 2284 Add.
534 2257 603 2289 Nep.
619 2264 637 2285 1,
652 2264 680 2288 4,
694 2262 717 2286 3.

13 2322 16 2330 ,
51 2297 70 2323 {i
91 2306 112 2326 H
123 2305 172 2326 EM
182 2296 359 2325 fiROTON‚
378 2294 398 2320 i.
419 2302 445 2318 n.
481 2292 614 2317 Centauria
628 2294 715 2316 maior.
753 2287 830 2324 Apul.
846 2287 878 2314 de
893 2288 976 2314 Herb.
991 2297 1064 2322 234·

91 2340 192 2362 HEM1
214 2335 242 2358 in
265 2328 403 2366 compqfitis
428 2329 531 2356 Graecis
553 2325 684 2352 dimidiam
706 2331 805 2360 partem
826 2330 905 2350 notat.
926 2323 971 2356 ἦμι
990 2333 1018 2350 ex
1033 2324 1102 2358 ἧμισι

92 2413 113 2432 H
124 2412 140 2432 E
149 2412 173 2431 Μ
186 2413 195 2431 1
204 2411 239 2431 CI
249 2410 265 2430 L
275 2409 292 2428 L
300 2408 322 2427 V
331 2407 344 2427 S
352 2420 361 2432 ‚
379 2399 400 2425 ἰ.
418 2408 454 2425 m.
474 2396 602 2424 Dimidius
610 2396 699 2429 afinur.
720 2395 777 2421 Cic.
787 2395 918 2427 Att.13,·*51
931 2394 983 2430 fic.
991 2395 1099 2421 Gronou.

0 2458 11 2470 .,
61 2454 63 2459 ·
91 2447 114 2467 Η
124 2448 140 2468 Ε
151 2448 176 2467 Μ
185 2448 194 2466 1
205 2445 222 2466 e
234 2446 253 2465 R
263 2445 285 2465 A
293 2444 315 2463 N
326 2443 336 2462 1
344 2441 365 2460 V
374 2442 416 2466 M,
437 2434 456 2460 i.
477 2442 504 2459 n.
540 2431 655 2458 Dimidia
668 2433 839 2466 capitispars.
876 2431 953 2466 Apul.
969 2430 1002 2457 de
1015 2430 1099 2457 Herb.

2 2479 23 2509 ,-”·
53 2486 76 2504 e.
88 2484 126 2510 53,
137 2486 158 2502 2.
193 2475 248 2501 Ser.
262 2470 421 2499 Sammonic.
433 2477 455 2494 c.
464 2476 488 2494 2.

91 2519 113 2538 H
123 2519 139 2539 Ε
148 2518 174 2538 Μ
183 2517 192 2536 1
200 2516 217 2536 C
226 2516 246 2535 R
255 2515 277 2534 A
284 2514 307 2534 N
315 2514 325 2532 1
335 2512 356 2532 A
366 2525 375 2537 ,
395 2513 434 2530 ae.
453 2504 474 2530 f.
497 2512 499 2514 ’
510 2501 677 2537 [balneariae]
731 2500 845 2533 Morbus,
858 2501 1048 2537 quo‚dimidium
1060 2510 1101 2527 ca-

51 2551 118 2585 pitis
131 2543 266 2582 infestatur
275 2561 282 2573 ,
307 2542 375 2568 velut
393 2542 466 2566 etiam
478 2539 556 2574 iinsm
567 2546 653 2563 nomen
667 2535 765 2564 indicat
775 2547 791 2563 a
805 2546 861 2563 voce
880 2535 956 2570 ἥμισυ
970 2543 993 2563 et
1012 2536 1101 2571 ‚tadmor
1116 2540 1148 2571 65

35 2569 221 2618 ,l·composiaeiorze
230 2575 318 2614 facta.
371 2574 460 2602 Eadem
473 2578 546 2601 etiam
559 2573 706 2608 ἕτεροκρανὶκ
719 2573 875 2608 appellatur,
893 2572 921 2599 ob
932 2573 1037 2599 alterius
1045 2579 1101 2598 mn.

53 2627 105 2646 tum
120 2619 208 2653 partis
224 2612 389 2647 asfec‘lionem.

90 2661 112 2681 H
119 2660 136 2680 E
145 2659 170 2679 M
179 2658 189 2676 i
197 2657 215 2678 C
223 2657 243 2676 R
252 2657 274 2675 A
283 2655 306 2675 N
316 2655 326 2674 1
337 2654 354 2674 c
362 2654 383 2672 v
392 2654 405 2673 s
414 2665 421 2677 ,
447 2645 467 2672 i.
499 2654 536 2671 m.
571 2645 733 2670 Hemicrania
753 2643 877 2670 laborans.
930 2642 991 2668 06«.
1005 2643 1100 2668 Horat,

55 2699 80 2723 2,
93 2698 118 2716 ει
145 2684 338 2714 Hemicranicis
350 2681 486 2709 adinturio
500 2678 634 2707 adhibere.

92 2731 113 2751 H
122 2730 140 2751 E
150 2730 175 2749 M
185 2729 195 2748 1
204 2728 221 2748 C
229 2729 248 2748 Υ
257 2726 275 2747 C
287 2726 304 2745 L
312 2725 332 2744 v
343 2726 356 2746 s
371 2737 379 2750 ,
408 2717 428 2743 i.
463 2725 500 2742 m.
555 2715 567 2747 [
580 2713 712 2746 ἦμίκυκλος
723 2714 735 2747 ]
824 2711 952 2738 Dimidia:
982 2712 1098 2737 circulus.
1109 2719 1145 2746 70

42 2760 164 2788 ,Vitruu.
179 2765 205 2790 ς,
225 2765 234 2783 1
266 2757 334 2782 Item
349 2751 467 2780 tribunal
481 2750 517 2777 cst
531 2750 559 2776 in
572 2758 602 2776 ea
615 2748 694 2780 aede,
715 2747 854 2780 hemicycli
865 2747 1023 2780 Schemath,
1050 2746 1100 2772 mi-

54 2804 122 2823 nore
139 2799 280 2820 curuatura
293 2791 447 2818 formatum.
503 2786 565 2812 Eius
577 2791 663 2812 autem
677 2783 817 2816 hemicycli
829 2784 858 2809 in
871 2782 960 2810 fronte
968 2782 1003 2808 est
1018 2783 1099 2808 inter-

55 2831 156 2860 vallum
175 2828 270 2863 pedum
292 2834 310 2853 x
320 2831 367 2851 LV
376 2832 403 2856 1,
432 2823 562 2849 introrsus
579 2826 720 2847 curuatura
733 2819 830 2854 pedum
853 2825 871 2844 Χ
883 2826 913 2845 v.
970 2819 1098 2844 Geometra

54 2869 91 2896 ali
109 2869 148 2893 uis
160 2865 252 2891 diceret
261 2863 411 2898 segmentum
423 2859 529 2890 circuli,
548 2855 715 2883 cuiuschorda
723 2855 811 2891 pedum
819 2856 867 2880 XL
874 2855 920 2886 VI,
933 2854 965 2889 sa
984 2857 1098 2880 inanem

50 2910 84 2941 pe
103 2912 140 2928 um
154 2900 218 2927 XV.
270 2897 375 2925 Videtur
388 2901 467 2921 autem
481 2895 612 2919 Genitiuus
621 2889 759 2923 Adiectiui,
770 2901 785 2917 a
798 2892 958 2916 Nominatiuo
990 2889 1100 2920 ermicy-
1115 2896 1147 2924 75

47 2939 126 2966 ⁴cium
141 2935 251 2963 schema.
308 2929 389 2964 Potest
406 2933 479 2957 etiam
492 2931 577 2964 prima
591 2926 682 2963 positio
704 2925 747 2960 effe
770 2926 953 2958 Hemicyclum
975 2923 1098 2957 Substant.

44 2975 96 3003 ,vel
108 2970 256 3004 Hemicycli
269 2967 302 3002 ςίὶ
318 2969 449 2994 Genitiuus
463 2961 608 2991 commestus
621 2972 650 2989 ex
662 2962 865 2994 Hemicyclium.
926 2963 1019 2996 Nempe

92 3009 396 3036 HEMICYCLIVM‚
416 3001 436 3028 i.
468 3009 495 3027 n.
531 3000 571 3026 vel
595 3004 881 3025 HEM1CYCL10N
917 2995 1099 3030 [ἡμικύκλιον]

39 3060 44 3074 2
85 3051 144 3081 rpus
152 3036 475 3080 semicircularefignificat
486 3036 593 3063 Vitrnu.
609 3042 635 3067 9,
648 3040 664 3067 9
692 3043 713 3060 r.
738 3032 932 3065 Hemicyclium
945 3037 1099 3059 excauatum

74 3090 88 3108 x
102 3079 239 3114 quadrato.
305 3074 371 3102 Plin.
385 3072 465 3107 Epist.
479 3079 507 3105 5,
519 3073 549 3102 6,
561 3078 586 3103 33
622 3070 659 3096 Rc
688 3078 717 3096 us
731 3068 774 3096 hic
787 3068 968 3103 Hippodromi
981 3069 1057 3094 limes
1071 3067 1099 3094 in
1114 3072 1147 3096 80

57 3122 174 3143 extrema
187 3118 258 3148 parte
272 3109 431 3143 hemicyclio
456 3109 511 3142 (al.
526 3105 691 3138 hemicyclo)
712 3105 858 3140 frangitur,
883 3107 901 3131 i.
917 3107 944 3130 in
956 3106 1100 3140 semicircu-

58 3152 123 3180 lum,
141 3151 180 3175 vti
193 3152 291 3179 circus,
311 3147 471 3182 theatraque,
491 3142 586 3177 definit.
639 3143 779 3202 Alliiquoties
792 3143 866 3167 etiam
881 3147 929 3176 pro
947 3141 1014 3167 linea
1025 3139 1100 3175 semi-

17 3201 19 3207 ·
59 3185 179 3214 circulari
187 3187 259 3218 ponit
271 3183 379 3209 Viti-uu.
392 3190 425 3215 9,
445 3185 458 3210 8
487 3182 514 3206 in
532 3178 654 3214 horologii
691 3177 835 3213 [scriptione
851 3186 877 3202 v.
891 3186 916 3212 g.
943 3175 983 3202 Ab
1005 3174 1100 3201 iisdem

15 3227 17 3230 ·
61 3219 158 3247 centris
172 3218 278 3244 diducio
292 3218 392 3244 circino
406 3216 439 3243 ad
454 3221 582 3242 extremas
595 3214 737 3240 diametros
749 3212 929 3240 describantur
943 3210 1101 3243 hemicyclia

63 3255 133 3286 duo,
149 3261 263 3288 quorum
274 3262 356 3279 vnum
366 3252 417 3280 erit
430 3252 574 3282 aestiuum,
600 3250 714 3276 alterum
728 3248 877 3275 hibernum.
928 3246 972 3274 Ad
989 3247 1100 3273 balneum
1119 3251 1148 3280 ες

57 3292 171 3327 pertinet
184 3287 272 3314 Sidon.
284 3288 400 3322 Apollin.
412 3288 491 3323 Epist.
506 3297 536 3319 2,
556 3295 569 3313 2
602 3287 716 3320 Excepto
729 3284 791 3311 solii
812 3284 911 3318 capacis
925 3282 1084 3314 hemicyclio
1093 3301 1101 3313 ,

63 3329 84 3352 i.
103 3325 185 3354 alueo,
201 3324 240 3349 vel
253 3322 394 3358 defi-‘eufimie
401 3324 455 3357 fiue
473 3325 527 3351 lacu
541 3322 731 3359 semicirculari.
823 3321 920 3347 Cicero
934 3318 1004 3345 Lael.
1018 3326 1033 3344 2
1055 3326 1077 3343 c.
1090 3326 1101 3343 1

62 3360 202 3390 Scaeuolam
214 3364 330 3384 memorat
343 3358 415 3385 domi
426 3360 455 3386 in
474 3358 642 3390 Hemicyclio
663 3357 810 3389 sedentem,
832 3365 892 3382 cum
912 3363 974 3389 ego,
1001 3356 1100 3389 inquit,

64 3397 141 3423 essem
152 3402 203 3422 Vna
213 3413 220 3424 ν
246 3398 272 3419 et
288 3393 364 3427 pauci
376 3394 515 3421 admodum
528 3394 686 3423 samium-cn
722 3399 745 3418 et
758 3392 787 3418 in
800 3400 860 3418 eum
873 3392 1021 3417 sermonem
1035 3389 1101 3415 inci-

3 3495 4 3498 ,
36 3470 39 3477 ¹
62 3471 118 3496 cari
132 3465 244 3493 arbitror
259 3463 347 3490 let-‘tum
356 3483 364 3495 ,
372 3463 452 3498 fidem
463 3472 526 3492 certe
534 3467 702 3501 puluinatum,
710 3464 892 3500 semicirculari
905 3462 1009 3498 forma,
1030 3464 1104 3487 maio-

34 3520 39 3521 .
61 3513 128 3536 rem,
147 3499 388 3536 coiisabiffatiorzi'bus
398 3500 490 3534 aliquot
495 3501 666 3536 familiarium
678 3509 728 3526 rein
742 3498 895 3534 aptiffimam.
958 3497 1027 3523 Certe
1048 3497 1102 3522 Pol-

63 3542 106 3567 lux
114 3542 143 3569 6,
155 3547 171 3572 9
191 3535 231 3570 ἐφ’
243 3536 269 3561 ὧν
283 3532 340 3561 δ’ἐξ-ι
353 3534 514 3568 mmmmm,
533 3539 625 3572 inquit,
642 3537 739 3565 καλοιής
752 3534 780 3561 ἄν
793 3535 875 3560 κλίναις
894 3547 939 3553 -—-
956 3531 1102 3564 ἧμικύκλιικ,

62 3575 199 3609 κλητῆρας.
255 3567 392 3605 Manifeste
405 3578 459 3604 ergo
471 3573 634 3607 inter-'genera
646 3571 766 3598 leftorum
785 3570 896 3606 refertur
909 3575 932 3595 et
940 3567 1066 3603 sedilium.

62 3646 131 3674 drus.
187 3641 282 3670 Euclid.
301 3644 328 3667 in
347 3637 503 3678 Peispeei'iica
522 3641 598 3668 theor.
611 3649 642 3672 28
676 3643 795 3677 Cylindro
809 3649 929 3676 utcunque
946 3639 1013 3675 inspe
1041 3649 1054 3665 o
1073 3639 1102 3665 ab

62 3683 129 3709 oculo
141 3688 206 3712 vno,
227 3681 308 3704 minus
327 3673 522 3706 hemicylmdro
532 3675 696 3711 speftabitur.
751 3677 820 3706 Add.
840 3678 949 3704 Vitruu.
970 3683 1003 3708 9,
1020 3683 1042 3707 3.
1079 3680 1103 3700 et

61 3716 272 3780 Βζξ-ῗέιῇῗῗᾷω,
292 3757 331 3775 ae.
352 3746 373 3772 f.
409 3744 517 3779 Halm,
531 3745 640 3781 κοτύλη]
675 3749 790 3775 Dimidia
799 3755 864 3784 pars
876 3745 1034 3781 estscxtarii-
1069 3745 1103 3770 At

64 3823 191 3850 sextarius
218 3829 287 3848 vnus
315 3817 429 3845 Fannius
458 3825 485 3842 ν.
503 3818 552 3849 167,
618 3817 675 3843 Vid.
703 3821 796 3855 reliqua
820 3829 877 3847 voce
908 3824 926 3845 C
939 3823 960 3843 Ο
970 3824 991 3843 N
1002 3823 1023 3843 G
1033 3823 1041 3841 1
1052 3822 1071 3840 v
1080 3823 1102 3841 s.

62 3858 176 3886 Hemina
191 3856 263 3883 calda
283 3854 403 3881 Scribon.
412 3857 460 3882 118.
530 3851 597 3877 Cato
610 3858 671 3884 c.57
695 3853 794 3881 Vinum
807 3855 925 3882 familiae
934 3873 941 3884 ‚
957 3851 1005 3880 vbi
1013 3850 1104 3878 vinde.

63 3894 118 3921 mia
132 3892 199 3919 faeta
211 3892 279 3923 erit,
299 3891 383 3917 loram
396 3888 490 3926 bibant
502 3887 601 3913 menses
614 3891 674 3912 tres.
719 3888 806 3916 Mense
819 3898 913 3925 quarto
927 3888 1060 3914 heminam
1077 3887 1105 3912 in

64 3929 120 3955 dies
133 3936 225 3958 vnam,
241 3934 286 3953 etc.
357 3925 439 3952 Plaut.
452 3922 511 3949 Mil.
527 3931 547 3954 3,
562 3930 592 3954 2,
607 3926 632 3950 18
664 3921 760 3956 Neque
774 3926 896 3958 equidem
909 3924 1028 3950 heminas
1042 3922 1104 3949 οξτο

0 1486 1 1489 ’
28 1472 31 1477 l
44 1487 165 1519 mitium.
236 1485 425 1522 Responde-ntis.
476 1483 550 1510 Idem
564 1481 676 1516 Adelph.
690 1490 716 1514 2,
729 1490 757 1514 4,
772 1489 801 1516 17
828 1482 900 1508 Heus
915 1481 979 1508 heus
992 1482 1063 1514 Syre.
1084 1488 1105 1507 s.
1125 1490 1152 1517 35

13 1663 17 1671 “
63 1664 124 1693 vid.
144 1664 211 1690 Plin.
229 1664 273 1693 16,
293 1663 320 1687 6.
1115 1672 1152 1697 40

55 1839 156 1865 robion
169 1842 286 1863 vocatur.
361 1837 414 1860 Hoc
426 1834 489 1859 idem
501 1835 556 1859 Cic.
571 1834 654 1858 Tusc.
670 1841 688 1863 1,
701 1841 737 1864 94
749 1841 771 1858 c.
785 1840 816 1863 39
841 1830 1046 1891 Aristotelis-dide
1061 1830 1104 1856 obi
1117 1843 1152 1870 45

72 3625 73 3628 =
99 3617 121 3636 H
128 3616 145 3636 E
154 3615 178 3635 M
187 3616 196 3634 1
207 3613 224 3634 C
235 3615 253 3633 Υ
262 3614 278 3632 L
288 3612 298 3633 1
310 3612 331 3631 N
342 3611 360 3630 D
368 3611 388 3630 R
396 3609 416 3628 V
424 3611 447 3635 S,
458 3605 476 3631 i.
483 3614 517 3632 in.
535 3607 826 3641 Dimidiatussccundum
834 3604 1013 3642 longitudinem
1023 3613 1036 3629 c
1054 3605 1101 3630 lin-
1118 3607 1150 3634 95

1561 186 1603 226 H
1691 188 1836 237 Ε,Ρ
2143 198 2219 240 885

1171 274 1227 301 fusa
1239 274 1290 306 est,
1309 283 1364 301 non
1387 273 1557 302 dimidiatum
1576 275 1717 303 sextarium
1737 275 1824 302 fusum
1840 277 1978 306 dicendum
2004 280 2040 306 cst
2068 281 2133 317 (Ji-d
2145 282 2220 309 dimi-

1173 310 1272 350 dium).
1344 310 1458 349 Heinina
1478 313 1583 347 (inquit
1597 312 1700 343 Festus)
1722 319 1753 337 cx
1773 312 1875 337 Gracco
1894 312 1982 345 ἥμισυ,
2003 317 2072 350 quod
2088 318 2123 344 cst
2139 318 2218 345 ditni-

1174 345 1217 372 dia
1232 354 1289 379 pars
1303 345 1418 371 sextarii.
1475 348 1548 382 (fimf.
1564 347 1629 373 l'lin.
1646 356 1681 380 ει,
1694 355 1733 380 34.
1765 353 1789 372 et
1801 348 1868 373 Pers.
1884 356 1902 379 ι,
1918 357 1967 380 130.

1212 382 1489 421 H-EMINA'RIVS,
1510 391 1539 414 a,
1558 392 1611 409 um.
1649 382 1709 409 Adi.
1745 381 1887 416 [ἧμιναῖσε]
1941 384 2069 416 Quinctil,
2089 389 2151 420 6,3
2185 396 2216 422 52.

1175 416 1271 442 Fabius
1286 417 1418 456 Maximus
1431 416 1548 442 incusans
1562 418 1670 452 Augusti
1685 418 1883 452 congiariorum
1893 436 1901 449 ,
1927 426 1993 452 qnae
2010 422 2100 447 amicis
2120 408 2214 450 datian-

1173 459 1230 483 tur,
1250 457 1436 486 exiguitatem,
1456 451 1602 479 heminaria
1624 455 1672 480 effe
1695 453 1772 480 dixit.
1835 455 1927 488 Nempe
1945 455 2059 482 Hemina
2077 457 2109 490 est
2129 462 2214 495 congii

1166 494 1231 522 pars
1249 487 1397 514 duodecima.

1209 529 1227 547 Η
1238 529 1284 548 ΕΜ
1295 530 1302 548 i
1313 521 1333 549 6
1345 529 1361 562 ¹:
1374 529 1382 548 1
1394 528 1452 554 vs,
1472 522 1491 548 i.
1512 532 1546 548 m.
1562 557 1567 561 ι
1582 522 1726 557 [ἡμιόλιος]
1761 523 1798 550 est
1817 522 1922 559 (inquit
1936 523 2006 550 Gell.
2021 529 2060 557 ιε,
2075 530 2120 560 ¹4)
2157 529 2213 562 Q.i

1170 566 1311 584 numerum
1324 558 1439 592 aliquem
1453 564 1537 585 totum
1561 566 1589 583 in
1611 559 1634 584 se
1653 558 1747 590 habet,
1775 558 1971 593 dimidiumque
1991 559 2069 586 habet
2088 563 2158 593 cius,
2185 571 2213 590 vt

65 610 107 630 ro.
163 600 236 627 Idem
252 600 319 626 ibid.
333 609 356 633 5,
370 609 394 631 2,
409 608 420 626 1
443 599 513 625 Hem
529 598 632 623 Dauom
646 594 706 621 tibi.
776 591 880 618 Ibidem
895 600 965 624 2,-2,
978 601 1006 624 23
1030 594 1108 624 Hem,
1130 606 1158 625 10
1170 599 1222 619 tres
1235 593 1266 620 ad
1279 593 1351 626 duo,
1370 593 1523 627 quindecim
1535 593 1567 619 ad
1580 593 1685 625 decem,
1707 595 1815 628 triginta
1827 594 1857 620 ad
1872 595 1978 628 viginti.
2050 597 2157 622 Vitruu.
2170 607 2192 630 3,
2203 608 2212 625 1

1170 629 1253 668 Supra
1265 630 1306 655 sex
1333 644 1378 648 —
1403 628 1515 654 dimidia
1537 629 1694 663 (ternario)
1717 630 1831 660 adiecta,
1860 639 1920 656 cum
1936 630 2005 657 facia
2026 632 2084 658 sunt
2103 641 2213 664 nouem,

1170 664 1370 702 sesquialterum
1383 663 1469 690 dicunt
1477 683 1484 695 ‚
1503 665 1550 699 qui
1563 663 1669 696 ἡμιόλιος
1683 666 1836 698 appellatur.
1897 666 2020 701 Frequens
2036 667 2095 694 hacc
2107 675 2214 703 propor-

1169 702 1205 726 tio
1217 699 1284 735 apud
1295 701 1412 739 Alasit-or.
1465 700 1528 726 Sunt
1542 702 1615 726 etiam
1628 700 1780 727 Hemioliae
1794 708 1888 726 naues:
1918 702 1966 736 fid
1978 711 2017 728 ret
2030 704 2125 730 Graeca
2137 704 2180 737 ‘le‘-

1204 742 1224 761 Η
1235 742 1282 761 ΕΜ
1293 741 1300 760 i
1310 741 1328 760 o
1339 742 1359 760 N
1370 741 1407 760 10
1419 741 1440 760 N
1449 755 1458 768 ,
1478 735 1496 760 i.
1518 744 1543 761 n.
1580 735 1720 769 [ἡμιόνων]
1757 736 1849 762 Herba.
1905 737 1984 772 Apul.
1997 737 2029 764 de
2041 739 2123 766 Herb.
2137 749 2159 766 c.
2172 741 2212 774 56.

67 779 140 814 quod
152 779 239 805 minus
252 779 364 804 dixerat.
469 773 572 802 Ibidem
585 781 613 808 4,
629 780 659 805 5,
672 772 708 804 46
747 771 817 796 Hem
837 769 930 796 scelera
939 788 946 800 ‚
971 769 1037 796 hanc
1056 771 1108 796 iam
1128 781 1154 808 ¹3
1168 777 1191 797 et
1203 771 1269 796 Plin.
1284 777 1328 805 27,
1342 777 1355 802 5
1381 772 1424 805 qui
1436 770 1567 805 Asplenon
1579 771 1633 796 dici
1644 772 1723 803 alias,
1740 771 1860 806 obseruat.

1206 811 1468 832 HEMIPLEXIA
1482 825 1490 837 ,
1526 805 1579 833 vid.
1608 812 1840 833 ennarrsts.

1205 847 1491 873 HEMISPHAEMVM‚
1513 841 1531 867 i.
1561 850 1588 867 n.
1623 841 1737 867 Dimidia
1744 842 1873 902 sphaera,
1887 841 1931 868 boc
1944 840 1987 875 est,
2000 845 2061 870 caeli
2073 844 2212 873 dimidium.

1167 877 1256 903 Varro
1271 876 1302 902 de
1317 876 1387 902 R-R.
1403 885 1425 908 3,
1439 884 1452 909 5
1484 877 1641 903 intrinsecus
1654 877 1700 902 sub
1718 876 1765 903 tho
1777 886 1794 903 o
1807 877 1879 902 stella
1892 877 2001 904 Lucifer
2015 879 2147 914 interdiu,
2164 891 2213 908 no-

1168 912 1213 938 ctu
1230 912 1361 946 Hesperus
1373 912 1409 937 ita
1423 912 1586 939 circumeunt
1600 912 1631 938 ad
1651 912 1772 938 infimum
1793 912 2034 947 hemisphaerium,
2059 924 2087 941 ac
2102 926 2212 943 mouen-

67 955 85 984 ὃ
98 957 186 983 noster
197 956 322 983 Chreme.
387 953 461 980 Idem
474 952 539 978 Eun.
553 958 575 984 5,
588 959 609 985 1,
623 958 647 976 11
673 950 742 976 Hem
756 948 852 974 misera
865 947 952 973 occidi
967 948 1069 979 infelix,
1086 949 1103 974 fi
1121 958 1155 976 20
1168 953 1226 979 tur,
1245 953 1275 973 vt
1287 946 1406 974 indicent
1419 954 1485 982 quot
1498 948 1546 975 tint
1560 948 1651 974 horae.
1693 948 1767 983 Cons-
1783 949 1881 982 Hygin.
1896 949 2000 976 Astron.
2014 961 2046 984 4,
2065 960 2099 983 13.
2155 953 2213 979 Ma-

1166 983 1241 1009 crob.
1256 983 1345 1008 Somn.
1360 982 1396 1008 Sc.
1410 992 1443 1016 2,
1457 991 1480 1015 5.

1202 1024 1509 1045 Hammo-xenion
1522 1037 1531 1049 ‚
1550 1017 1569 1043 i.
1590 1026 1617 1043 n.
1653 1017 1783 1043 Dimidius
1799 1018 1893 1078 ocyus.

1203 1059 1224 1079 H
1234 1060 1250 1080 E
1259 1060 1283 1079 M
1295 1061 1304 1079 1
1313 1061 1335 1080 T
1345 1059 1365 1078 H
1374 1060 1391 1079 Ε
1401 1060 1419 1080 o
1429 1061 1440 1080 s
1450 1073 1458 1085 ,
1478 1054 1497 1080 i.
1518 1062 1554 1079 m.
1591 1051 1722 1088 [ἧμίθεος]
1758 1054 1822 1079 Semi
1841 1062 1889 1078 eus.
1924 1053 2003 1081 Mart.
2016 1056 2116 1091 Capell.
2130 1067 2145 1084 2
2173 1068 2212 1093 40

1165 1088 1303 1115 Hemithei
1323 1088 1479 1123 heroesque.
2152 1077 2161 1092 ⁹

1202 1130 1429 1157 HEM1TON1VM,
1449 1125 1468 1151 i.
1488 1133 1515 1150 n.
1540 1121 1954 1158 VoxMaste-orum,quadimidium
1962 1130 2046 1151 tonum
2054 1125 2212 1162 significant.

1169 1160 1201 1187 V.
1213 1170 1239 1196 g.
1255 1160 1363 1186 Vitruu.
1376 1167 1397 1192 5,
1409 1170 1427 1194 4
1443 1169 1468 1194 p.
1481 1165 1514 1193 84
1534 1158 1615 1185 Diefis
1629 1165 1654 1184 et
1668 1158 1727 1184 toni
1743 1167 1801 1192 pars
1814 1164 1914 1192 quarta.
1968 1160 2007 1186 Ita
2022 1161 2050 1186 in
2061 1161 2212 1190 hemitonio

1164 1194 1231 1222 duae
1247 1195 1330 1222 dieses
1344 1196 1403 1222 sunt
1415 1196 1566 1222 collocatae.
1602 1194 1671 1221 Add.
1687 1193 1805 1220 Macrob.
1820 1195 1869 1220 Sat.
1884 1202 1910 1226 2,
1926 1202 1946 1220 i.
1982 1196 2105 1223 Martiam.
2122 1199 2184 1233 Cap.
2193 1208 2212 1232 9

1164 1240 1189 1265 p.
1204 1239 1247 1263 322
1268 1232 1305 1266 sq.
1480 1228 1500 1267 ff
1527 1238 1543 1257 2
1580 1230 1606 1257 Si
1616 1230 1731 1256 audimus
1749 1229 1839 1256 Turn.
1855 1228 1923 1255 Adu.
1938 1238 1959 1261 3,
1973 1239 1992 1264 4
2024 1233 2212 1261 Hemitonium

1164 1270 1237 1293 etiam
1249 1269 1362 1302 antiquis
1375 1266 1501 1293 dicebatur
1516 1267 1629 1296 Neruas,
1655 1274 1700 1300 quo
1716 1264 1908 1291 intendebantur
1925 1264 2088 1299 instrumenta
2102 1270 2212 1305 miffilia.

1165 1304 1264 1330 Neritos
1277 1305 1351 1334 enim,
1364 1305 1412 1334 ait,
1425 1311 1473 1328 non
1481 1301 1561 1337 solum
1572 1300 1649 1333 τόνιςς,
1661 1299 1708 1336 scd
1717 1303 1790 1326 etiam
1806 1299 1952 1327 hemitonia
1966 1299 2138 1337 appellabantf
2159 1307 2212 1332 lau.

1167 1337 1255 1373 datque
1268 1338 1375 1365 Vitruu.
1389 1346 1409 1370 1,
1424 1346 1434 1363 i
1468 1338 1499 1363 ln
1520 1336 1641 1371 capitulis
1661 1336 1731 1362 enim
1748 1335 1839 1362 dextra
1853 1344 1881 1362 ac
1893 1336 1993 1363 sinistra
2008 1339 2066 1365 sunt
2077 1340 2212 1368 foramina

1165 1373 1387 1400 hemitoniorum.
1423 1376 1442 1399 i.
1478 1379 1507 1398 vt
1525 1375 1691 1407 interpretor,
1708 1373 1855 1398 Neruorum.
1933 1372 2017 1399 Addit
2038 1373 2213 1403 auctoritatem

1165 1409 1298 1441 Heronis,
1324 1409 1412 1434 ἓκοίλκν
1432 1406 1458 1434 δὲ
1473 1407 1508 1433 τοὶ
1524 1409 1570 1441 μὲν
1587 1408 1719 1439 συνέχονται
1737 1406 1780 1432 ‘reis
1795 1407 1901 1440 dynam
1918 1408 1984 1443 νευροὶ
2003 1408 2074 1436 τόνον.
2115 1413 2164 1437 ἔνιοι
2185 1411 2212 1438 δὲ

1166 1444 1283 1475 zadram,
1302 1445 1353 1470 ἔνιοι
1366 1441 1391 1470 δὲ
1404 1442 1530 1477 ἡμιτόνιον.
1585 1442 1633 1470 Sed
1645 1442 1711 1477 apud
1729 1443 1870 1469 Vitruuium
1890 1442 1973 1469 editur
1985 1443 2193 1473 homotonorum
2203 1467 2211 1479 ,

1165 1480 1230 1515 quod
1242 1480 1346 1515 pulchre
1363 1489 1417 1506 cum
1436 1488 1462 1506 re
1480 1478 1549 1514 ipsa,
1580 1485 1604 1504 et
1622 1477 1728 1504 eiusdem
1741 1478 1878 1514 scriptoris
1895 1487 1938 1511 ιο,
1955 1485 1984 1509 18
2004 1487 2069 1507 extr.
2088 1486 2211 1510 conuenit.

1165 1517 1203 1542 De
1217 1517 1315 1542 Herone
1325 1514 1411 1541 uidere
1424 1514 1493 1541 modo
1507 1523 1555 1540 non
1567 1515 1635 1540 ltcel.

1203 1557 1224 1577 H
1238 1555 1604 1579 EMlTRiGLYPHVS,
1626 1549 1645 1574 i.
1664 1557 1699 1575 m.
1735 1548 1843 1575 Vitruu.
1857 1558 1890 1582 4,
1905 1557 1927 1582 3.

1204 1592 1226 1612 H
1238 1592 1253 1611 E
1262 1593 1286 1612 Μ
1296 1594 1304 1613 1
1314 1592 1335 1611 T
1345 1593 1364 1612 R
1374 1593 1383 1611 1
1392 1593 1413 1612 T
1423 1592 1443 1611 A
1454 1591 1470 1611 E
1480 1591 1500 1609 v
1511 1592 1523 1611 S
1535 1604 1543 1616 ‚
1569 1584 1647 1610 intell.
1670 1584 1777 1610 morbus.
1834 1585 2007 1612 Semitertiana
2019 1585 2105 1621 febris
2117 1598 2126 1613 .-
2161 1598 2212 1616 non

1166 1621 1219 1647 ideo
1227 1621 1266 1655 sic
1281 1628 1395 1653 vocatur,
1409 1624 1466 1656 quia
1478 1619 1581 1646 dimidio
1594 1623 1684 1651 minor,
1698 1628 1768 1654 quam
1781 1623 1892 1645 tertiana
1897 1619 1944 1653 stt,
1955 1620 2003 1654 fid
2013 1622 2078 1654 quod
2079 1629 2154 1656 parte
2165 1626 2213 1650 ali.

1163 1666 1212 1692 quiz
1224 1661 1358 1683 tertianam
1372 1655 1551 1691 repraryentet,
1570 1658 1645 1681 tertio
1658 1655 1712 1685 die,
1726 1654 1823 1684 ncilla,
1845 1661 1971 1689 repetens:
2007 1664 2055 1681 non
2068 1664 2163 1691 tamen,
2183 1667 2213 1686 ut

1165 1692 1209 1718 illa
1221 1692 1284 1718 diem
1296 1701 1371 1718 vnum
1380 1692 1493 1726 praestat
1505 1693 1628 1724 integrum
1638 1710 1646 1723 ,
1665 1688 1713 1722 sed
1724 1692 1790 1714 inter
1803 1689 1878 1715 horas
1897 1697 1917 1716 x
1927 1695 1945 1714 x
1955 1695 1974 1714 X
1987 1695 2007 1714 v
2018 1697 2028 1715 1
2048 1694 2109 1726 plus
2130 1698 2215 1721 minus·

1160 1729 1317 1787 porrigitur.
1354 1728 1422 1751 Haec
1436 1726 1591 1751 Hermolaus.
1660 1722 1776 1749 Martial.
1792 1731 1874 1755 ¹2‚.92
1903 1723 1955 1750 Cui
1967 1725 2056 1759 grauis
2069 1733 2094 1754 et
2107 1728 2214 1758 feruens

1186 1767 1349 1788 emitritaeos
1362 1765 1427 1785 erat.

1320 1795 1494 1820 Mortiferum
1513 1793 1596 1827 magis
1616 1792 1666 1824 est,
1691 1791 1762 1827 quod
1783 1793 1890 1821 Graccis
1909 1793 2098 1825 hemitritaeon

1320 1829 1450 1863 Vulgatur
1463 1829 1567 1855 verbis:
1604 1828 1654 1854 hoc
1665 1829 1752 1855 nostra
1766 1829 1854 1856 dicere
1866 1830 1956 1863 lingua

1213 1899 1219 1904 ι
1281 1899 1286 1904 ¹
1320 1864 1385 1891 Non
1400 1865 1513 1891 docuere
1527 1864 1591 1896 vlli,
1612 1870 1676 1898 puto
1686 1884 1694 1896 ,
1718 1873 1766 1890 nec
1778 1865 1887 1891 volucre
1901 1873 2020 1899 parentes
2046 1868 2133 1897 Seren.
2143 1880 2163 1897 c.
2176 1879 2200 1905 ‘3

1165 1900 1220 1933 Qn
1235 1908 1338 1926 maiore
1351 1900 1522 1926 hemitritaeo
1537 1900 1659 1926 laborant
1683 1899 1755 1925 Cael.
1769 1899 1857 1926 Aurel.
1872 1901 1947 1926 Acut.
1962 1910 1984 1929 2.
1999 1911 2040 1933 22,
2055 1912 2101 1936 ¹33.
2141 1889 2211 1934 Atia·

1162 1935 1242 1995 IApgbil.
1256 1935 1286 1960 de
1302 1935 1385 1961 Hcrb.
1407 1944 1428 1960 c.
1446 1943 1487 1966 123
1513 1944 1539 1960 n.
1554 1943 1575 1960 2.
1629 1933 1696 1961 Cels.
1710 1942 1739 1967 3,
1758 1943 1771 1966 3
1797 1941 1821 1960 et
1841 1940 1863 1965 8.
1919 1937 1991 1964 Hier.
2011 1939 2123 1967 Mercar.
2149 1928 2213 1970 l'ar:

1185 1979 1195 1995 e
1225 1989 1230 1995 .
1252 1979 1263 1995 1
1275 1989 1284 2001 ,
1302 1979 1343 2004 ²4-

1200 2006 1386 2036 ΗΕΜὸΝΑ,
1405 2005 1542 2036 Humana;
1579 2010 1605 2031 et
1617 2005 1785 2037 Hemonem,
1805 2005 1968 2038 Hominem;
2004 2007 2127 2038 dicebant
2144 2014 2212 2040 anti-

1160 2036 1221 2074 ¹qui,
1241 2039 1338 2067 Festus.

1408 2078 1442 2108 H
1496 2079 1523 2109 E
1577 2078 1609 2109 N
1682 2086 1710 2109 ct
1786 2079 1818 2109 H
1867 2079 1894 2110 E
1942 2080 1964 2111 P

1201 2154 1222 2174 H
1231 2154 1248 2174 E
1258 2154 1280 2173 N
1288 2153 1306 2173 D
1315 2153 1332 2172 Ε
1341 2152 1358 2172 c
1367 2152 1388 2172 A
1397 2153 1409 2174 s
1418 2154 1435 2173 r
1444 2153 1460 2173 1.
1469 2153 1486 2173 L
1496 2144 1519 2173 ,Αἰ
1529 2151 1546 2172 Β
1557 2152 1579 2171 v
1587 2152 1601 2172 s
1609 2165 1617 2179 ‚
1639 2147 1658 2172 i.
1677 2155 1713 2173 m.
1750 2146 1995 2184 [ἕνδεκασύλλαζυς]
2037 2153 2129 2188 Versus
2136 2155 2212 2182 vnde-

1163 2182 1373 2217 cimsyHabarum
1382 2201 1390 2214 ,
1410 2183 1492 2217 qualis
1506 2184 1547 2208 illc
1559 2182 1723 2209 Catullianus
1738 2192 1759 2215 2,
1773 2192 1783 2209 1
1802 2185 1883 2210 Passer
1896 2185 2008 2212 deliciae
2017 2196 2090 2214 meae
2099 2191 2202 2223 puellae

1164 2218 1261 2244 Catull.
1275 2226 1320 2251 42,
1336 2226 1360 2257 1.
1383 2217 1491 2250 Adeste,
1514 2217 1741 2250 hendecasyllabi,
1771 2225 1836 2252 quot
1857 2220 1930 2252 estis,
1962 2222 2061 2248 Omnes
2079 2226 2195 2260 vndique
2204 2212 2212 2219 ·

1163 2259 1298 2289 quotquot
1315 2253 1375 2279 estis
1389 2262 1489 2280 omnes.
1542 2253 1610 2280 Add.
1623 2254 1689 2280 Plin.
1703 2254 1782 2287 Epist.
1791 2263 1820 2287 4,
1834 2263 1873 2289 ¹4·
1909 2256 2116 2293 Atison.Epist.4
2140 2266 2164 2291 81
2202 2247 2213 2261 '

1201 2294 1454 2319 HEND1ADYS,
1489 2288 1775 2315 vid.ENDxA-nits.
2118 2280 2127 2293 '
2167 2282 2174 2288 '

1199 2329 1220 2350 H
1230 2331 1246 2350 E
1257 2331 1279 2350 N
1289 2331 1306 2351 E
1314 2331 1336 2351 Τ
1345 2331 1382 2350 lA
1391 2344 1400 2356 ,
1438 2322 1567 2358 [Ἑνετίνι]
1604 2324 1670 2350 olim
1683 2323 1754 2350 dieta
1768 2324 1821 2357 est,
1840 2333 1906 2360 quac
1919 2335 1987 2353 nunc
2001 2329 2114 2357 Venetia
2125 2333 2213 2367 appel-

0 2341 2 2360 l

0 2333 23 2419 l:
34 2371 110 2399 flat,
125 2376 139 2396 s
151 2375 168 2395 Ε
179 2376 203 2395 Μ
214 2375 246 2395 is
261 2376 287 2393 v.
302 2375 329 2392 υ.
1124 2359 1245 2390 6olatur,
1266 2358 1324 2391 teste
1337 2359 1430 2385 Seruio
1442 2359 1476 2385 ad
1489 2360 1553 2385 Aen.
1568 2368 1588 2391 i,
1602 2367 1670 2394 247,
1705 2367 1777 2395 arque
1795 2363 1858 2387 enim
1877 2362 1994 2396 Heneti,
2013 2368 2059 2400 qui
2078 2376 2142 2393 nunc
2165 2370 2212 2396 Ve-

1162 2398 1224 2421 neti.
1266 2395 1325 2421 Vid.
1339 2395 1405 2421 Plin.
1419 2404 1447 2427 4,
1461 2403 1498 2427 19.
1523 2401 1546 2420 et
1561 2397 1586 2426 6,
1600 2403 1621 2420 2.
1656 2401 1679 2420 et
1693 2395 1752 2421 Liu.
1767 2403 1784 2426 i,
1799 2404 1818 2422 1.

1182 2465 1188 2471 .
1198 2438 1219 2457 Η
1227 2436 1245 2456 E
1255 2438 1278 2456 N
1289 2437 1297 2456 1
1309 2437 1328 2456 O
1337 2437 1354 2457 C
1365 2436 1385 2456 H
1395 2437 1417 2455 V
1426 2438 1439 2457 s
1447 2449 1456 2462 ‚
1480 2430 1499 2456 i.
1530 2439 1566 2456 m.
1606 2429 1684 2459 Sidus
1696 2430 1802 2463 caeleste,
1816 2433 1924 2468 Auriga.
1960 2434 2026 2460 Plin.
2036 2441 2069 2465 18,
2080 2445 2116 2468 31.
2154 2440 2211 2472 Hy-

1163 2474 1218 2500 gin.
1231 2466 1303 2506 Poet.
1318 2465 1422 2492 Astron.
1436 2474 1466 2498 3,
1484 2474 1517 2498 13.
1676 2464 1696 2503 fl
1717 2474 1734 2492 2
1770 2467 1922 2499 Heniochi,
1957 2468 2098 2505 [Ἦνίιιχοι]
2133 2474 2211 2508 Qafi

1161 2508 1188 2527 tu
1204 2502 1270 2528 Auri
1291 2511 1316 2528 as
1330 2501 1416 2532 dicas,
1435 2510 1521 2527 ‘nomm
1529 2501 1619 2536 populi
1632 2503 1732 2527 Pontici
1745 2502 1831 2527 Melae
1841 2510 1862 2534 1,
1875 2511 1913 2528 21.
1985 2505 2089 2532 Truces
2109 2509 2210 2537 Henio-

1161 2537 1205 2563 chi
1232 2538 1270 2563 Va
1283 2546 1320 2563 er.
1334 2538 1434 2571 Argon.
1450 2539 1479 2567 6,
1492 2545 1534 2569 43.
1590 2537 1658 2572 cons.
1673 2535 1743 2562 Vell.
1758 2545 1783 2568 2,
1796 2546 1842 2569 40,
1858 2545 1876 2563 1.
1913 2538 1970 2564 Sen.
1981 2539 2124 2572 Thyest.v.
2134 2553 2179 2577 109

1198 2579 1219 2597 H
1228 2579 1245 2598 Ε
1254 2579 1275 2598 Ν
1285 2580 1295 2598 1
1305 2578 1366 2598 ΡΡΕ
1376 2592 1385 2604 ,
1406 2581 1442 2598 es.
1462 2571 1481 2597 f.
1518 2573 1657 2597 Amazonis
1670 2580 1762 2597 nomen.
1793 2572 1875 2598 Flacc.
1887 2575 1913 2604 6,
1926 2581 1977 2609 377
1996 2575 2131 2605 Illabentis
2144 2555 2210 2615 eqiii

1159 2607 1310 2634 tendentem
1323 2608 1399 2634 frena
1412 2613 1438 2633 et
1452 2606 1611 2640 Henippen..
1658 2605 1706 2633 Sed
1725 2609 1811 2633 variat
1829 2606 1911 2634 IeHio.

1197 2648 1306 2668 HENN
1320 2648 1362 2672 A,
1383 2648 1623 2674 HENNAEVS,
1659 2641 1713 2667 vid.
1735 2649 1855 2669 ENNA.

1198 2682 1219 2701 Η
1229 2683 1245 2702 Ε
1253 2683 1276 2702 N
1285 2682 1304 2702 O
1313 2683 1325 2703 s
1334 2684 1343 2702 1
1355 2684 1367 2703 s
1377 2696 1384 2707 ‚
1403 2677 1433 2702 is.
1465 2677 1485 2704 f.
1521 2676 1628 2712 [ἔνοσις]
1663 2678 1759 2709 Motus,
1778 2677 1906 2714 concuffio.
1941 2680 2010 2707 Aeon
2022 2681 2200 2713 haereticorum

1159 2711 1278 2739 Tertull.
1294 2712 1353 2738 adu.
1367 2712 1470 2738 Valent.
1485 2720 1507 2738 c.
1517 2718 1540 2741 8.
2200 2707 2208 2714 ”

1195 2754 1217 2773 1-1
1226 2754 1243 2773 Ε
1254 2753 1277 2772 Ν
1286 2754 1305 2774 o
1314 2754 1335 2773 T
1344 2754 1361 2773 E
1371 2754 1383 2773 s
1393 2767 1400 2779 ‚
1421 2748 1452 2773 is.
1477 2747 1497 2773 f.
1534 2746 1653 2782 [ἑνότης]
1696 2748 1796 2775 Vnitas.
1830 2748 1918 2776 itidem
1933 2751 2010 2777 Acon.
2046 2753 2119 2780 Idern
2132 2763 2145 2781 c
2167 2764 2200 2791 37

1197 2788 1218 2808 Η
1228 2789 1244 2808 Ε
1252 2789 1275 2808 N
1283 2789 1303 2809 0
1312 2789 1333 2809 T
1343 2789 1352 2808 1
1361 2789 1377 2809 C
1386 2790 1405 2809 O
1414 2790 1435 2809 N
1443 2802 1451 2814 ‚
1470 2783 1489 2809 i.
1510 2792 1536 2809 n.
1571 2782 1710 2817 [ἔνστικὸν]
1764 2785 1870 2811 Zenonis
1890 2787 1953 2821 Imp.
1971 2777 2157 2825 promulgatum
2176 2776 2212 2819 ac}

1160 2818 1328 2854 Eutychianos
1343 2818 1511 2844 conciliandos
1524 2828 1577 2844 cum
1591 2819 1744 2845 orthodoxis.
1788 2819 1845 2846 Vid.
1860 2821 1950 2856 Euagr.
1961 2832 1984 2853 3,
1997 2833 2035 2858 17.

1197 2860 1218 2879 H
1228 2860 1244 2880 Ε
1253 2861 1275 2880 Ν
1284 2860 1305 2879 v
1315 2861 1324 2880 1
1333 2873 1342 2886 ,
1358 2855 1457 2890 Gemma
1470 2853 1568 2880 Indica.
1606 2854 1673 2881 Plin.
1689 2862 1728 2888 37,
1745 2863 1783 2881 10.
1819 2857 1863 2882 AI.
1878 2857 1980 2884 Menui.

1197 2895 1220 2914 Η
1233 2895 1249 2915 Ε
1263 2895 1279 2915 P
1289 2896 1355 2920 AR,
1375 2890 1433 2916 atis.
1456 2898 1483 2916 n.
1518 2888 1617 2925 [ἥπαρ]
1673 2891 1762 2916 Latine
1776 2892 1846 2918 Iecur
1859 2891 1962 2919 dicitur.
1998 2894 2068 2921 Certe
2079 2896 2147 2930 apud
2158 2898 2209 2924 Cel.

1152 2923 1226 2964 fiam,
1247 2925 1355 2951 Plinium
1364 2944 1373 2957 ,
1398 2925 1522 2957 Caelium,
1547 2926 1666 2960 Apicium
1686 2926 1793 2952 nondum
1811 2930 1901 2962 reperi.
1954 2929 2062 2964 Hepatis
2085 2932 2208 2966 suppura-

1158 2965 1245 2986 tiones
1260 2959 1325 2995 sunt
1342 2967 1382 2996 ap.
1402 2960 1521 2987 Marcell.
1540 2961 1641 2995 Empir.
1662 2970 1683 2988 c.
1695 2969 1736 2993 32.
1909 2960 1930 3000 q
1949 2971 1966 2990 2
2001 2965 2103 3000 Hepar,
2127 2968 2208 3004 Pffi-j,

1158 3005 1235 3032 genus
1262 2996 1328 3022 Plin.
1343 3003 1384 3028 32,
1405 3004 1437 3022 11.

1197 3037 1218 3056 H
1228 3038 1244 3057 E
1253 3038 1267 3058 P
1277 3038 1299 3058 A
1307 3037 1327 3056 ‘r
1337 3032 1383 3057 AR
1393 3030 1405 3057 1u
1414 3038 1435 3058 v
1444 3037 1474 3063 s,
1495 3039 1525 3064 a,
1542 3040 1597 3059 um.
1635 3030 1696 3058 Adi.
1731 3031 1884 3067 [ἧπατικός]
1938 3035 2013 3069 ,Quod
2021 3036 2056 3062 ad
2066 3037 2207 3073 heparper-

1160 3069 1233 3108 tiuet.
1287 3066 1369 3093 Plaut.
1385 3067 1463 3093 Cure.
1478 3075 1506 3099 2,
1521 3076 1539 3098 1,
1552 3076 1588 3101 24
1617 3075 1645 3095 Ρ.
1667 3068 1744 3094 Tum
1757 3074 1783 3095 te
1797 3068 1906 3094 morbus
1919 3070 2002 3104 igitur
2014 3072 2095 3106 agitat
2103 3071 2207 3107 hepata-

1159 3111 1226 3130 rius.
1277 3104 1387 3129 Dixerat
1399 3104 1479 3135 alter,
1505 3104 1646 3130 Cruciatur
1659 3103 1741 3129 iecur.

1198 3145 1219 3164 Η
1231 3144 1247 3164 Ε
1257 3145 1272 3165 p
1284 3145 1306 3164 A
1316 3144 1337 3164 T
1349 3137 1384 3165 ic
1395 3144 1416 3166 v
1428 3146 1441 3165 s
1450 3158 1459 3170 ‚
1483 3147 1513 3171 a,
1534 3146 1588 3166 um.
1624 3139 1705 3166 Aliud
1721 3137 1781 3164 Adi.
1838 3136 1990 3173 [inm-luds]
2042 3141 2096 3176 Qui
2107 3142 2208 3178 hepatis

1160 3173 1241 3200 morbo
1256 3173 1360 3201 laborat.
1432 3173 1499 3200 Plin.
1515 3176 1563 3207 26,
1577 3184 1590 3207 7
1620 3175 1704 3201 Datur
1717 3173 1844 3207 hepaticis
1857 3173 1885 3199 in
1906 3175 1976 3201 farre
1993 3176 2075 3203 cocta.
2129 3178 2209 3215 Apud

1161 3210 1228 3237 Cels.
1238 3219 1266 3243 4,
1280 3218 1297 3242 9
1321 3209 1463 3244 Hepaticus
1476 3210 1596 3239 morbus.
1633 3209 1705 3245 Conf.
1722 3209 1786 3235 Plin.
1802 3217 1844 3241 20,
1860 3217 1898 3243 ¹4·

1160 3252 1218 3307 Psi-1
1228 3252 1244 3272 E
1253 3253 1268 3273 P
1277 3253 1298 3272 A
1307 3245 1329 3271 's
1338 3248 1351 3272 1'
1359 3253 1380 3273 T
1388 3252 1404 3272 E
1414 3252 1426 3272 s
1435 3265 1444 3278 ,
1461 3254 1500 3272 ae.
1522 3255 1558 3272 m.
1580 3247 1693 3276 Gemma,
1711 3253 1771 3279 quae
1782 3247 1920 3272 aiecinoris
1926 3245 2018 3283 figura
2029 3257 2114 3274 nomen
2126 3249 2207 3279 habet,

1190 3290 1227 3308 in.
1240 3290 1252 3314 3
1278 3301 1287 3314 ,
1309 3290 1342 3307 11.

1198 3323 1219 3343 Η
1228 3324 1244 3344 Ε
1254 3289 1300 3343 ΞΑ
1309 3324 1331 3343 Τ
1340 3325 1349 3343 1
1359 3324 1380 3343 v
1390 3323 1416 3343 Μ
1428 3336 1437 3348 ,
1457 3316 1476 3343 i.
1501 3324 1528 3341 n.
1565 3314 1664 3341 Dimin.
1703 3313 1779 3348 Apul.
1792 3315 1871 3349 Apol.
1883 3325 1907 3351 p.
1922 3319 1979 3350 164.
2051 3319 2164 3354 Hepatia
2178 3322 2207 3349 in

1162 3353 1259 3380 catillis
1281 3353 1386 3379 Petron.
1401 3354 1474 3379 c.66.
1527 3348 1567 3383 Est
1580 3353 1653 3376 etiam
1667 3350 1752 3376 Lucil.
1764 3351 1832 3385 apud
1847 3351 1919 3378 Non.
1933 3362 1954 3387 2,
1964 3361 2020 3385 390.

1198 3395 1220 3415 H
1231 3395 1248 3415 E
1257 3395 1273 3415 Ρ
1281 3396 1303 3415 Α
1314 3395 1336 3415 Τ
1347 3396 1356 3414 1
1366 3396 1381 3415 z
1391 3394 1410 3414 o
1420 3395 1441 3413 N
1449 3407 1457 3419 ,
1475 3386 1553 3413 ontis.
1588 3386 1682 3412 Partic.
1719 3387 1947 3413 Jecinoriscolorem
1962 3389 2083 3424 reserens.
2139 3393 2206 3420 Plin,

28 3435 31 3437 ’
64 3433 135 3460 dere.
192 3429 322 3456 Falluneur
331 3447 338 3459 ,
351 3435 428 3463 puto,
445 3433 487 3465 qui
499 3431 544 3457 hoc
557 3429 682 3466 adfillam
700 3429 840 3464 auguralem
853 3427 980 3462 referunt,
999 3432 1022 3451 et
1036 3424 1102 3451 indi-
1112 3435 1148 3460 90
1163 3432 1204 3457 34,
1219 3433 1233 3450 2
1258 3426 1309 3451 Aes
1322 3425 1369 3450 suo
1383 3423 1473 3449 colore
1486 3421 1632 3456 pretiosum
1645 3421 1677 3448 ad
1690 3421 1816 3448 iecinoris
1829 3422 1973 3457 imaginem
1988 3433 2114 3459 vergens,
2134 3429 2208 3463 quod

1162 3459 1225 3486 ideo
1241 3460 1393 3494 Hepatizon
1410 3458 1548 3493 appellant.

1200 3502 1221 3521 H
1230 3502 1246 3521 Ε
1255 3503 1299 3522 PH
1308 3503 1330 3522 A
1338 3502 1355 3521 Ε
1363 3501 1376 3520 s
1385 3502 1406 3521 T
1416 3502 1426 3520 1
1436 3501 1456 3521 0
1467 3500 1488 3519 N
1499 3513 1507 3525 ,
1528 3492 1596 3518 onii.
1617 3501 1652 3518 m.
1688 3493 1747 3519 Dux
1760 3493 1833 3519 Alex.
1843 3493 1933 3529 Magn.
1947 3493 2091 3529 carislimus.
2144 3499 2208 3526 Vul-

1163 3531 1268 3557 canium
1277 3532 1365 3557 Latine
1372 3531 1450 3556 dicas.
1493 3528 1618 3562 ‘'quoecs-os
1629 3530 1692 3553 enim
1712 3529 1836 3554 Vulcanus
1848 3526 1889 3560 est.
1931 3529 1990 3556 Vid.
2004 3525 2078 3558 'Curta
2086 3541 2107 3565 3,
2122 3542 2149 3560 12
2171 3538 2207 3562 16,

1162 3573 1186 3592 et
1199 3575 1238 3599 ιο,
1250 3575 1279 3599 4,
1294 3575 1325 3592 11.
1394 3564 1467 3600 Conf.
1481 3565 1580 3591 Aelian.
1601 3564 1660 3589 Var.
1675 3561 1741 3595 Hrst.
1755 3572 1785 3596 7,
1798 3569 1822 3593 8.
2150 3553 2158 3566 '

1199 3608 1221 3627 H
1231 3608 1248 3628 Ε
1256 3609 1272 3629 Ρ
1281 3608 1302 3628 Η
1310 3609 1332 3628 Α
1340 3608 1356 3628 Ε
1366 3608 1378 3628 s
1388 3608 1409 3627 T
1418 3608 1428 3626 1
1437 3607 1457 3626 o
1467 3606 1488 3625 N
1497 3617 1505 3630 ,
1543 3599 1626 3625 Herba
1633 3599 1765 3634 scelerata.
1802 3598 1878 3633 Apul.
1892 3598 1925 3626 de
1938 3600 2020 3628 Hei-b.
2035 3611 2056 3629 c.
2064 3607 2086 3633 8.

1201 3644 1222 3663 H
1231 3644 1247 3664 Ε
1257 3645 1272 3663 P
1280 3644 1301 3663 H
1311 3645 1332 3664 A
1341 3644 1357 3663 Ε
1366 3644 1379 3663 s
1388 3642 1409 3661 Τ
1420 3637 1433 3661 ἰ
1441 3642 1463 3662 Τ
1471 3642 1488 3661 E
1497 3642 1510 3662 s
1519 3654 1527 3667 ‚
1547 3643 1585 3660 ac·
1607 3643 1643 3659 m-
1699 3633 1786 3659 Genus
1796 3633 1899 3668 lapidis,
1918 3645 1984 3670 quae
1997 3643 2116 3664 naturam
2129 3639 2207 3666 habet

1163 3672 1262 3706 speculi
1277 3673 1305 3698 in
1319 3671 1459 3698 reddendis
1473 3668 1650 3704 imaginibus,
1669 3677 1829 3703 quamquam
1843 3670 1924 3697 rutila
1959 3672 2025 3699 Plin.
2037 3681 2084 3707 37,
2100 3683 2136 3700 ιο.

1200 3714 1220 3733 Η
1230 3715 1246 3734 E
1259 3715 1274 3733 Ρ
1286 3715 1298 3734 s
1308 3715 1323 3734 Ε
1332 3714 1357 3733 Μ
1366 3714 1388 3733 Α
1397 3725 1404 3737 ,
1423 3706 1479 3732 atis.
1520 3714 1546 3733 n.
1593 3703 1716 3739 [ἕψημα]
1776 3706 1837 3731 Vim·
1850 3704 1916 3733 cocti
1927 3716 2012 3743 genus.
2046 3709 2111 3734 l’lin.
2125 3717 2164 3740 14,
2181 3717 2206 3740 9.

1169 3743 1227 3769 Vid.
1249 3748 1480 3770 DEFRVTVM
1506 3747 1530 3766 et
1549 3744 1619 3765 SAP
1633 3745 1667 3765 A.

44 3784 45 3787 ¹
63 3787 160 3820 cotylas
170 3806 178 3819 ,
206 3794 287 3820 quas,
313 3783 331 3809 fi
345 3782 459 3817 placeat,
484 3779 576 3807 dixiffe
595 3781 685 3809 licebit
701 3785 844 3817 Heminas,
871 3782 966 3816 recipit
987 3780 1103 3815 geminas
1114 3791 1160 3810 100
1201 3786 1222 3805 H
1232 3786 1248 3805 E
1259 3785 1274 3804 i>
1284 3785 1344 3805 TA.
1387 3776 1489 3811 [ἐπ-τοὶ]
1525 3775 1634 3809 Septem,
1651 3773 1781 3810 composita
1793 3776 1909 3811 quaedam
1921 3777 2071 3813 ingreditur.

1200 3819 1447 3843 HEFTAGONIAF,
1469 3819 1551 3836 arum.
1573 3810 1592 3836 f.
1631 3811 1725 3836 Nomen
1735 3812 1792 3843 laci,
1805 3811 1906 3847 quafitu
1915 3814 2008 3848 septem
2019 3812 2206 3847 angulosdicas.

1165 3849 1225 3876 Liu.
1240 3857 1282 3882 34,
1296 3854 1324 3880 38
1352 3847 1433 3881 Quid
1446 3845 1552 3872 roboris
1565 3845 1594 3885 in
1607 3846 1725 3872 exercitu
1739 3853 1811 3878 erat,
1829 3848 1959 3874 trifariam
1973 3847 2099 3873 diuisum:
2134 3856 2207 3882 parte

1166 3893 1244 3924 vnaa
1257 3883 1395 3915 Phoebeo,
1416 3883 1497 3908 altera
1510 3889 1524 3907 a
1539 3880 1702 3921 Diffiynneoz
1739 3883 1817 3909 tertia
1836 3883 1869 3909 ab
1883 3891 1915 3909 eo
1926 3883 2002 3913 loce,
2017 3890 2096 3916 quem
2110 3883 2208 3918 Hepta-

1167 3929 1258 3956 gonias
1273 3919 1419 3953 appellant,
1440 3916 1546 3951 aggredi
1560 3916 1643 3944 iubet.

62 3962 191 4000 expromfi
203 3963 232 3990 in
243 3970 362 3990 vrceum.
433 3958 502 3986 Geli.
515 3966 536 3990 3,
553 3966 584 3991 14
603 3965 636 3983 ex
649 3957 776 3992 Varrone,
793 3960 822 3986 Si
833 3960 865 3987 de
873 3960 986 3988 sextario
996 3958 1104 3989 hemina
1115 3968 1162 3996 105
1202 3963 1224 3983 H
1233 3961 1249 3982 Ε
1260 3960 1276 3981 r
1286 3961 1307 3982 T
1316 3961 1367 3980 AN
1377 3961 1393 3979 E
1402 3960 1422 3979 v
1430 3960 1449 3979 R
1458 3959 1476 3979 o
1486 3959 1499 3980 s
1508 3972 1518 3985 ,
1538 3952 1558 3979 i.
1577 3961 1612 3981 m.
1650 3951 1825 3989 [ἕπτιίνενροι]
1861 3958 1884 3978 et

1320 3997 1334 4023 5
1354 3988 1385 4016 T
1421 3996 1437 4016 2
2089 3993 2210 4016 nerra·
