<?xml version="1.0" encoding="UTF-8"?>
<!DOCTYPE html PUBLIC "-//W3C//DTD XHTML 1.0 Transitional//EN"
    "http://www.w3.org/TR/xhtml1/DTD/xhtml1-transitional.dtd">
<html xmlns="http://www.w3.org/1999/xhtml" xml:lang="en" lang="en">
 <head>
  <title>
</title>
<meta http-equiv="Content-Type" content="text/html;charset=utf-8" />
  <meta name='ocr-system' content='tesseract 3.04.00' />
  <meta name='ocr-capabilities' content='ocr_page ocr_carea ocr_par ocr_line ocrx_word'/>
</head>
<body>
  <div class='ocr_page' id='page_1' title='image "./novuslinguaeeter02gesn/novuslinguaeeter02gesn_0089.png"; bbox 0 0 2479 4225; ppageno 0'>
   <div class='ocr_carea' id='block_1_1' title="bbox 53 153 707 214">
    <p class='ocr_par' dir='ltr' id='par_1_1' title="bbox 53 153 707 214">
     <span class='ocr_line' id='line_1_1' title="bbox 53 153 707 214; baseline -0.011 -13"><span class='ocrx_word' id='word_1_1' title='bbox 53 173 109 214; x_wconf 82' lang='grc'>153</span> <span class='ocrx_word' id='word_1_2' title='bbox 457 153 707 195; x_wconf 74' lang='lat' dir='ltr'>Dic</span> 
     </span>
    </p>
   </div>
   <div class='ocr_carea' id='block_1_2' title="bbox 51 239 1090 388">
    <p class='ocr_par' dir='ltr' id='par_1_2' title="bbox 51 239 1090 388">
     <span class='ocr_line' id='line_1_2' title="bbox 51 239 1089 279; baseline -0.009 -4"><span class='ocrx_word' id='word_1_3' title='bbox 51 253 80 276; x_wconf 79' lang='lat' dir='ltr'>et</span> <span class='ocrx_word' id='word_1_4' title='bbox 91 245 229 274; x_wconf 85' lang='lat' dir='ltr'>vmbratili</span> <span class='ocrx_word' id='word_1_5' title='bbox 243 244 362 272; x_wconf 82' lang='lat' dir='ltr'>medium</span> <span class='ocrx_word' id='word_1_6' title='bbox 375 243 404 270; x_wconf 87' lang='lat' dir='ltr'>in</span> <span class='ocrx_word' id='word_1_7' title='bbox 418 251 509 279; x_wconf 82' lang='lat' dir='ltr'>agmen</span> <span class='ocrx_word' id='word_1_8' title='bbox 518 263 527 275; x_wconf 90' lang='lat'>,</span> <span class='ocrx_word' id='word_1_9' title='bbox 546 243 574 270; x_wconf 87' lang='lat' dir='ltr'>in</span> <span class='ocrx_word' id='word_1_10' title='bbox 588 243 740 278; x_wconf 85' lang='lat' dir='ltr'>puluerem,</span> <span class='ocrx_word' id='word_1_11' title='bbox 754 241 782 268; x_wconf 85' lang='lat' dir='ltr'>in</span> <span class='ocrx_word' id='word_1_12' title='bbox 795 241 954 273; x_wconf 84' lang='lat' dir='ltr'>clamorem,</span> <span class='ocrx_word' id='word_1_13' title='bbox 967 239 995 267; x_wconf 88' lang='lat' dir='ltr'>in</span> <span class='ocrx_word' id='word_1_14' title='bbox 1009 240 1089 267; x_wconf 83' lang='lat' dir='ltr'>castra</span> 
     </span>
     <span class='ocr_line' id='line_1_3' title="bbox 52 276 1090 319; baseline -0.008 -9"><span class='ocrx_word' id='word_1_15' title='bbox 52 289 131 319; x_wconf 78' lang='lat' dir='ltr'>atque</span> <span class='ocrx_word' id='word_1_16' title='bbox 143 282 227 308; x_wconf 80' lang='lat' dir='ltr'>aciem</span> <span class='ocrx_word' id='word_1_17' title='bbox 241 280 382 315; x_wconf 80' lang='lat' dir='ltr'>forensem.</span> <span class='ocrx_word' id='word_1_18' title='bbox 453 278 547 309; x_wconf 72' lang='lat' dir='ltr'>Diffio</span> <span class='ocrx_word' id='word_1_19' title='bbox 562 278 710 314; x_wconf 83' lang='lat' dir='ltr'>popularis,</span> <span class='ocrx_word' id='word_1_20' title='bbox 729 276 781 303; x_wconf 85' lang='lat' dir='ltr'>vid.</span> <span class='ocrx_word' id='word_1_21' title='bbox 801 282 843 303; x_wconf 81' lang='grc' dir='ltr'>ΡΟ</span> <span class='ocrx_word' id='word_1_22' title='bbox 856 282 871 302; x_wconf 76' lang='lat' dir='ltr'>P</span> <span class='ocrx_word' id='word_1_23' title='bbox 882 284 902 302; x_wconf 93' lang='lat' dir='ltr'>v</span> <span class='ocrx_word' id='word_1_24' title='bbox 911 283 927 303; x_wconf 85' lang='lat'>1.</span> <span class='ocrx_word' id='word_1_25' title='bbox 937 283 985 304; x_wconf 80' lang='lat' dir='ltr'>AR</span> <span class='ocrx_word' id='word_1_26' title='bbox 995 284 1004 303; x_wconf 86' lang='lat'>1</span> <span class='ocrx_word' id='word_1_27' title='bbox 1013 284 1025 303; x_wconf 84' lang='lat' dir='ltr'>s</span> <span class='ocrx_word' id='word_1_28' title='bbox 1034 296 1042 309; x_wconf 93' lang='lat'>,</span> <span class='ocrx_word' id='word_1_29' title='bbox 1062 280 1090 302; x_wconf 82' lang='lat' dir='ltr'>in</span> 
     </span>
     <span class='ocr_line' id='line_1_4' title="bbox 55 311 1089 349; baseline -0.008 -4"><span class='ocrx_word' id='word_1_30' title='bbox 55 323 211 345; x_wconf 63' lang='lat' dir='ltr'>POPVLvs.</span> <span class='ocrx_word' id='word_1_31' title='bbox 280 315 373 343; x_wconf 73' lang='lat' dir='ltr'>Dictio</span> <span class='ocrx_word' id='word_1_32' title='bbox 389 315 536 349; x_wconf 86' lang='lat' dir='ltr'>interrupta</span> <span class='ocrx_word' id='word_1_33' title='bbox 549 314 652 341; x_wconf 74' lang='lat' dir='ltr'>silentio</span> <span class='ocrx_word' id='word_1_34' title='bbox 669 311 799 346; x_wconf 68' lang='lat' dir='ltr'>Qiinffll.</span> <span class='ocrx_word' id='word_1_35' title='bbox 811 319 837 344; x_wconf 92' lang='lat'>9,</span> <span class='ocrx_word' id='word_1_36' title='bbox 851 320 877 342; x_wconf 80' lang='lat'>2,</span> <span class='ocrx_word' id='word_1_37' title='bbox 891 318 929 346; x_wconf 88' lang='lat'>71.</span> <span class='ocrx_word' id='word_1_38' title='bbox 986 312 1089 338; x_wconf 84' lang='lat' dir='ltr'>Extem-</span> 
     </span>
     <span class='ocr_line' id='line_1_5' title="bbox 52 345 1090 388; baseline -0.005 -9"><span class='ocrx_word' id='word_1_39' title='bbox 52 352 154 388; x_wconf 83' lang='lat' dir='ltr'>porales</span> <span class='ocrx_word' id='word_1_40' title='bbox 166 351 297 379; x_wconf 65' lang='lat' dir='ltr'>dictiones</span> <span class='ocrx_word' id='word_1_41' title='bbox 310 351 382 378; x_wconf 86' lang='lat' dir='ltr'>Idem</span> <span class='ocrx_word' id='word_1_42' title='bbox 397 359 423 383; x_wconf 86' lang='lat'>2,</span> <span class='ocrx_word' id='word_1_43' title='bbox 436 359 463 383; x_wconf 88' lang='lat'>4,</span> <span class='ocrx_word' id='word_1_44' title='bbox 478 358 517 384; x_wconf 84' lang='lat'>²7·</span> <span class='ocrx_word' id='word_1_45' title='bbox 590 349 754 377; x_wconf 61' lang='lat' dir='ltr'>maionem,</span> <span class='ocrx_word' id='word_1_46' title='bbox 763 352 812 381; x_wconf 79' lang='lat' dir='ltr'>pro</span> <span class='ocrx_word' id='word_1_47' title='bbox 824 345 932 374; x_wconf 74' lang='lat' dir='ltr'>AHione</span> <span class='ocrx_word' id='word_1_48' title='bbox 946 348 1031 383; x_wconf 83' lang='lat' dir='ltr'>causae</span> <span class='ocrx_word' id='word_1_49' title='bbox 1051 350 1090 374; x_wconf 80' lang='grc' dir='ltr'>υί-</span> 
     </span>
    </p>
   </div>
   <div class='ocr_carea' id='block_1_3' title="bbox 52 381 1652 428">
    <p class='ocr_par' dir='ltr' id='par_1_3' title="bbox 52 381 1652 428">
     <span class='ocr_line' id='line_1_6' title="bbox 52 381 1652 428; baseline -0.003 -13"><span class='ocrx_word' id='word_1_50' title='bbox 52 385 246 428; x_wconf 65' lang='lat' dir='ltr'>deturposuffl.</span> <span class='ocrx_word' id='word_1_51' title='bbox 283 386 353 414; x_wconf 82' lang='lat' dir='ltr'>Dial.</span> <span class='ocrx_word' id='word_1_52' title='bbox 366 386 400 413; x_wconf 86' lang='lat' dir='ltr'>de</span> <span class='ocrx_word' id='word_1_53' title='bbox 413 386 486 412; x_wconf 85' lang='lat' dir='ltr'>Orat.</span> <span class='ocrx_word' id='word_1_54' title='bbox 501 395 522 411; x_wconf 85' lang='lat' dir='ltr'>c.</span> <span class='ocrx_word' id='word_1_55' title='bbox 536 394 567 419; x_wconf 76' lang='grc'>34</span> <span class='ocrx_word' id='word_1_56' title='bbox 583 386 602 412; x_wconf 89' lang='lat' dir='ltr'>s.</span> <span class='ocrx_word' id='word_1_57' title='bbox 615 393 632 411; x_wconf 79' lang='lat'>2</span> <span class='ocrx_word' id='word_1_58' title='bbox 657 381 840 414; x_wconf 80' lang='lat' dir='ltr'>1uu:nisi11e‚</span> <span class='ocrx_word' id='word_1_59' title='bbox 853 383 900 417; x_wconf 90' lang='lat' dir='ltr'>qui</span> <span class='ocrx_word' id='word_1_60' title='bbox 921 382 983 409; x_wconf 88' lang='lat' dir='ltr'>soro</span> <span class='ocrx_word' id='word_1_61' title='bbox 994 389 1018 409; x_wconf 88' lang='lat' dir='ltr'>et</span> <span class='ocrx_word' id='word_1_62' title='bbox 1037 383 1091 410; x_wconf 86' lang='lat' dir='ltr'>elo·</span> <span class='ocrx_word' id='word_1_63' title='bbox 1114 391 1127 416; x_wconf 84' lang='grc' dir='ltr'><strong><em>ς</em></strong></span> <span class='ocrx_word' id='word_1_64' title='bbox 1156 383 1300 417; x_wconf 85' lang='lat' dir='ltr'>Imperiosa</span> <span class='ocrx_word' id='word_1_65' title='bbox 1319 381 1455 410; x_wconf 65' lang='lat' dir='ltr'>Diciatura</span> <span class='ocrx_word' id='word_1_66' title='bbox 1484 384 1543 411; x_wconf 91' lang='lat' dir='ltr'>Liu.</span> <span class='ocrx_word' id='word_1_67' title='bbox 1564 394 1587 417; x_wconf 92' lang='lat'>7,</span> <span class='ocrx_word' id='word_1_68' title='bbox 1607 393 1652 417; x_wconf 80' lang='lat'>40.</span> 
     </span>
    </p>
   </div>
   <div class='ocr_carea' id='block_1_4' title="bbox 51 418 1092 564">
    <p class='ocr_par' dir='ltr' id='par_1_4' title="bbox 51 418 1092 564">
     <span class='ocr_line' id='line_1_7' title="bbox 52 418 1091 459; baseline -0.005 -9"><span class='ocrx_word' id='word_1_69' title='bbox 52 429 176 459; x_wconf 77' lang='lat' dir='ltr'>quenttae</span> <span class='ocrx_word' id='word_1_70' title='bbox 194 421 350 457; x_wconf 80' lang='lat' dir='ltr'>parabatur,</span> <span class='ocrx_word' id='word_1_71' title='bbox 369 420 547 448; x_wconf 78' lang='lat' dir='ltr'>deducebatur</span> <span class='ocrx_word' id='word_1_72' title='bbox 567 419 600 448; x_wconf 80' lang='lat' dir='ltr'>ad</span> <span class='ocrx_word' id='word_1_73' title='bbox 618 427 678 445; x_wconf 85' lang='lat' dir='ltr'>eum</span> <span class='ocrx_word' id='word_1_74' title='bbox 699 418 857 450; x_wconf 84' lang='lat' dir='ltr'>Oratorem,</span> <span class='ocrx_word' id='word_1_75' title='bbox 878 419 925 452; x_wconf 88' lang='lat' dir='ltr'>qui</span> <span class='ocrx_word' id='word_1_76' title='bbox 945 419 1091 453; x_wconf 84' lang='lat' dir='ltr'>principem</span> 
     </span>
     <span class='ocr_line' id='line_1_8' title="bbox 53 452 1092 488; baseline -0.004 -3"><span class='ocrx_word' id='word_1_77' title='bbox 53 459 142 486; x_wconf 86' lang='lat' dir='ltr'>locum</span> <span class='ocrx_word' id='word_1_78' title='bbox 153 458 183 484; x_wconf 91' lang='lat' dir='ltr'>in</span> <span class='ocrx_word' id='word_1_79' title='bbox 195 458 305 485; x_wconf 85' lang='lat' dir='ltr'>ciuitate</span> <span class='ocrx_word' id='word_1_80' title='bbox 323 456 446 488; x_wconf 81' lang='lat' dir='ltr'>haberet,</span> <span class='ocrx_word' id='word_1_81' title='bbox 459 456 527 483; x_wconf 87' lang='lat' dir='ltr'>hunc</span> <span class='ocrx_word' id='word_1_82' title='bbox 545 453 652 486; x_wconf 62' lang='lat' dir='ltr'>sectati,</span> <span class='ocrx_word' id='word_1_83' title='bbox 665 452 734 479; x_wconf 89' lang='lat' dir='ltr'>hunc</span> <span class='ocrx_word' id='word_1_84' title='bbox 751 453 892 488; x_wconf 80' lang='lat' dir='ltr'>prosequi,</span> <span class='ocrx_word' id='word_1_85' title='bbox 914 452 991 481; x_wconf 85' lang='lat' dir='ltr'>huius</span> <span class='ocrx_word' id='word_1_86' title='bbox 1004 455 1092 481; x_wconf 87' lang='lat' dir='ltr'>onmi-</span> 
     </span>
     <span class='ocr_line' id='line_1_9' title="bbox 51 488 1090 528; baseline -0.003 -8"><span class='ocrx_word' id='word_1_87' title='bbox 51 494 100 520; x_wconf 72' lang='lat' dir='ltr'>bus</span> <span class='ocrx_word' id='word_1_88' title='bbox 111 492 278 520; x_wconf 66' lang='lat' dir='ltr'>dictionibus</span> <span class='ocrx_word' id='word_1_89' title='bbox 295 493 316 527; x_wconf 88' lang='lat'><em>(</em></span> <span class='ocrx_word' id='word_1_90' title='bbox 318 495 411 528; x_wconf 83' lang='lat' dir='ltr'>quoties</span> <span class='ocrx_word' id='word_1_91' title='bbox 425 492 573 527; x_wconf 66' lang='lat' dir='ltr'>finientium</span> <span class='ocrx_word' id='word_1_92' title='bbox 591 490 619 514; x_wconf 87' lang='lat' dir='ltr'>in</span> <span class='ocrx_word' id='word_1_93' title='bbox 631 488 777 528; x_wconf 38' lang='lat' dir='ltr'>senatu-in</span> <span class='ocrx_word' id='word_1_94' title='bbox 807 497 849 514; x_wconf 82' lang='lat' dir='ltr'>oro</span> <span class='ocrx_word' id='word_1_95' title='bbox 864 489 961 525; x_wconf 72' lang='lat' dir='ltr'>causam</span> <span class='ocrx_word' id='word_1_96' title='bbox 977 490 1068 517; x_wconf 76' lang='lat' dir='ltr'>diceret</span> <span class='ocrx_word' id='word_1_97' title='bbox 1070 491 1090 524; x_wconf 88' lang='lat'><em>)</em></span> 
     </span>
     <span class='ocr_line' id='line_1_10' title="bbox 52 523 1091 564; baseline -0.004 -9"><span class='ocrx_word' id='word_1_98' title='bbox 52 529 188 560; x_wconf 77' lang='lat' dir='ltr'>interesse,</span> <span class='ocrx_word' id='word_1_99' title='bbox 209 528 336 564; x_wconf 75' lang='lat' dir='ltr'>vtquesic</span> <span class='ocrx_word' id='word_1_100' title='bbox 351 527 481 560; x_wconf 76' lang='lat' dir='ltr'>dixerim,</span> <span class='ocrx_word' id='word_1_101' title='bbox 493 532 605 562; x_wconf 81' lang='lat' dir='ltr'>pugnare</span> <span class='ocrx_word' id='word_1_102' title='bbox 619 523 647 550; x_wconf 92' lang='lat' dir='ltr'>in</span> <span class='ocrx_word' id='word_1_103' title='bbox 666 523 769 558; x_wconf 78' lang='lat' dir='ltr'>praelio</span> <span class='ocrx_word' id='word_1_104' title='bbox 802 525 890 550; x_wconf 78' lang='lat' dir='ltr'>iscerc.</span> <span class='ocrx_word' id='word_1_105' title='bbox 964 527 1012 552; x_wconf 88' lang='lat' dir='ltr'>Pro</span> <span class='ocrx_word' id='word_1_106' title='bbox 1027 526 1091 553; x_wconf 88' lang='lat' dir='ltr'>Ora-</span> 
     </span>
    </p>
   </div>
   <div class='ocr_carea' id='block_1_5' title="bbox 51 557 1138 598">
    <p class='ocr_par' dir='ltr' id='par_1_5' title="bbox 51 557 1138 598">
     <span class='ocr_line' id='line_1_11' title="bbox 51 557 1138 598; baseline -0.004 -8"><span class='ocrx_word' id='word_1_107' title='bbox 51 565 112 590; x_wconf 84' lang='lat' dir='ltr'>culo.</span> <span class='ocrx_word' id='word_1_108' title='bbox 149 564 211 590; x_wconf 89' lang='lat' dir='ltr'>Liu.</span> <span class='ocrx_word' id='word_1_109' title='bbox 226 569 250 596; x_wconf 88' lang='grc'>8,</span> <span class='ocrx_word' id='word_1_110' title='bbox 264 571 297 598; x_wconf 78' lang='grc'>24</span> <span class='ocrx_word' id='word_1_111' title='bbox 317 563 417 590; x_wconf 84' lang='lat' dir='ltr'>Eodem</span> <span class='ocrx_word' id='word_1_112' title='bbox 432 571 500 589; x_wconf 72' lang='lat' dir='ltr'>cumo</span> <span class='ocrx_word' id='word_1_113' title='bbox 509 557 699 588; x_wconf 69' lang='lat' dir='ltr'>Alexandriam</span> <span class='ocrx_word' id='word_1_114' title='bbox 711 559 739 585; x_wconf 90' lang='lat' dir='ltr'>in</span> <span class='ocrx_word' id='word_1_115' title='bbox 748 559 867 594; x_wconf 85' lang='lat' dir='ltr'>Aegypto</span> <span class='ocrx_word' id='word_1_116' title='bbox 879 560 1016 594; x_wconf 86' lang='lat' dir='ltr'>proditum</span> <span class='ocrx_word' id='word_1_117' title='bbox 1031 569 1090 587; x_wconf 90' lang='lat' dir='ltr'>con·</span> <span class='ocrx_word' id='word_1_118' title='bbox 1108 567 1138 586; x_wconf 78' lang='lat' dir='ltr'>ro</span> 
     </span>
    </p>
   </div>
   <div class='ocr_carea' id='block_1_6' title="bbox 47 594 1093 1274">
    <p class='ocr_par' dir='ltr' id='par_1_6' title="bbox 51 594 1092 775">
     <span class='ocr_line' id='line_1_12' title="bbox 52 594 1090 633; baseline -0.003 -8"><span class='ocrx_word' id='word_1_119' title='bbox 52 599 149 626; x_wconf 81' lang='lat' dir='ltr'>ditam:</span> <span class='ocrx_word' id='word_1_120' title='bbox 173 599 421 633; x_wconf 74' lang='lat' dir='ltr'><strong>Alexandrumque,</strong></span> <span class='ocrx_word' id='word_1_121' title='bbox 435 596 506 633; x_wconf 80' lang='lat' dir='ltr'>Epiri</span> <span class='ocrx_word' id='word_1_122' title='bbox 518 602 616 629; x_wconf 86' lang='lat' dir='ltr'>regem,</span> <span class='ocrx_word' id='word_1_123' title='bbox 632 594 665 621; x_wconf 91' lang='lat' dir='ltr'>ab</span> <span class='ocrx_word' id='word_1_124' title='bbox 685 594 761 621; x_wconf 89' lang='lat' dir='ltr'>exule</span> <span class='ocrx_word' id='word_1_125' title='bbox 783 595 890 622; x_wconf 87' lang='lat' dir='ltr'>Lucano</span> <span class='ocrx_word' id='word_1_126' title='bbox 909 595 1090 629; x_wconf 62' lang='lat' dir='ltr'>intersedhun,</span> 
     </span>
     <span class='ocr_line' id='line_1_13' title="bbox 51 628 1091 670; baseline -0.001 -10"><span class='ocrx_word' id='word_1_127' title='bbox 51 635 134 670; x_wconf 78' lang='lat' dir='ltr'>sprtes</span> <span class='ocrx_word' id='word_1_128' title='bbox 149 634 288 662; x_wconf 79' lang='lat' dir='ltr'>Dodonaei</span> <span class='ocrx_word' id='word_1_129' title='bbox 301 635 373 661; x_wconf 87' lang='lat' dir='ltr'>Iouis</span> <span class='ocrx_word' id='word_1_130' title='bbox 387 640 482 661; x_wconf 89' lang='lat' dir='ltr'>euentu</span> <span class='ocrx_word' id='word_1_131' title='bbox 495 628 639 657; x_wconf 76' lang='lat' dir='ltr'>affirmatre.</span> <span class='ocrx_word' id='word_1_132' title='bbox 674 631 768 657; x_wconf 85' lang='lat' dir='ltr'>Accito</span> <span class='ocrx_word' id='word_1_133' title='bbox 779 630 813 657; x_wconf 87' lang='lat' dir='ltr'>ab</span> <span class='ocrx_word' id='word_1_134' title='bbox 828 631 989 658; x_wconf 78' lang='lat' dir='ltr'>Tarentinis</span> <span class='ocrx_word' id='word_1_135' title='bbox 1002 631 1030 658; x_wconf 90' lang='lat' dir='ltr'>in</span> <span class='ocrx_word' id='word_1_136' title='bbox 1043 633 1091 659; x_wconf 86' lang='lat' dir='ltr'>lta-</span> 
     </span>
     <span class='ocr_line' id='line_1_14' title="bbox 52 664 1092 703; baseline -0.003 -7"><span class='ocrx_word' id='word_1_137' title='bbox 52 669 116 696; x_wconf 84' lang='lat' dir='ltr'>liam</span> <span class='ocrx_word' id='word_1_138' title='bbox 133 669 192 697; x_wconf 86' lang='lat' dir='ltr'>data</span> <span class='ocrx_word' id='word_1_139' title='bbox 211 669 296 696; x_wconf 63' lang='lat' dir='ltr'>dictio</span> <span class='ocrx_word' id='word_1_140' title='bbox 310 677 382 703; x_wconf 81' lang='lat' dir='ltr'>erat,</span> <span class='ocrx_word' id='word_1_141' title='bbox 400 670 510 696; x_wconf 77' lang='lat' dir='ltr'>caueret</span> <span class='ocrx_word' id='word_1_142' title='bbox 525 664 693 697; x_wconf 69' lang='lat' dir='ltr'>Acherusiam</span> <span class='ocrx_word' id='word_1_143' title='bbox 708 674 818 700; x_wconf 87' lang='lat' dir='ltr'>aquam,</span> <span class='ocrx_word' id='word_1_144' title='bbox 832 666 1037 702; x_wconf 77' lang='lat' dir='ltr'>Pandosiamque</span> <span class='ocrx_word' id='word_1_145' title='bbox 1050 677 1092 693; x_wconf 91' lang='lat' dir='ltr'>vr-</span> 
     </span>
     <span class='ocr_line' id='line_1_15' title="bbox 51 700 1092 741; baseline -0.003 -9"><span class='ocrx_word' id='word_1_146' title='bbox 51 705 128 732; x_wconf 87' lang='lat' dir='ltr'>bem:</span> <span class='ocrx_word' id='word_1_147' title='bbox 146 705 186 732; x_wconf 87' lang='lat' dir='ltr'>ibi</span> <span class='ocrx_word' id='word_1_148' title='bbox 204 706 266 732; x_wconf 85' lang='lat' dir='ltr'>fatis</span> <span class='ocrx_word' id='word_1_149' title='bbox 286 706 343 732; x_wconf 84' lang='lat' dir='ltr'>eius</span> <span class='ocrx_word' id='word_1_150' title='bbox 363 703 503 741; x_wconf 79' lang='lat' dir='ltr'>terminum</span> <span class='ocrx_word' id='word_1_151' title='bbox 521 700 587 741; x_wconf 75' lang='lat' dir='ltr'>dari.</span> <span class='ocrx_word' id='word_1_152' title='bbox 626 701 704 728; x_wconf 63' lang='lat' dir='ltr'>Auci,</span> <span class='ocrx_word' id='word_1_153' title='bbox 718 701 750 728; x_wconf 87' lang='lat' dir='ltr'>ad</span> <span class='ocrx_word' id='word_1_154' title='bbox 765 702 830 729; x_wconf 84' lang='lat' dir='ltr'>Her.</span> <span class='ocrx_word' id='word_1_155' title='bbox 843 711 859 729; x_wconf 83' lang='lat'>2</span> <span class='ocrx_word' id='word_1_156' title='bbox 876 711 897 729; x_wconf 90' lang='lat' dir='ltr'>c.</span> <span class='ocrx_word' id='word_1_157' title='bbox 911 704 946 728; x_wconf 88' lang='lat'>26</span> <span class='ocrx_word' id='word_1_158' title='bbox 971 711 1001 728; x_wconf 84' lang='lat' dir='ltr'>ex</span> <span class='ocrx_word' id='word_1_159' title='bbox 1012 706 1092 729; x_wconf 74' lang='lat' dir='ltr'>veteri</span> 
     </span>
     <span class='ocr_line' id='line_1_16' title="bbox 51 736 633 775; baseline -0.002 -7"><span class='ocrx_word' id='word_1_160' title='bbox 51 742 141 772; x_wconf 64' lang='lat' dir='ltr'>Poeta,</span> <span class='ocrx_word' id='word_1_161' title='bbox 163 741 254 775; x_wconf 79' lang='lat' dir='ltr'>Apelle</span> <span class='ocrx_word' id='word_1_162' title='bbox 267 741 337 768; x_wconf 87' lang='lat' dir='ltr'>satur</span> <span class='ocrx_word' id='word_1_163' title='bbox 349 739 447 767; x_wconf 62' lang='lat' dir='ltr'>dictio,</span> <span class='ocrx_word' id='word_1_164' title='bbox 459 736 478 762; x_wconf 80' lang='lat' dir='ltr'>fi</span> <span class='ocrx_word' id='word_1_165' title='bbox 492 736 633 771; x_wconf 57' lang='lat' dir='ltr'>Intelllgas·</span> 
     </span>
    </p>

    <p class='ocr_par' dir='ltr' id='par_1_7' title="bbox 47 770 1093 1274">
     <span class='ocr_line' id='line_1_17' title="bbox 88 770 1093 835; baseline -0.006 -34"><span class='ocrx_word' id='word_1_166' title='bbox 88 782 223 808; x_wconf 61' lang='lat' dir='ltr'>mclix,</span> <span class='ocrx_word' id='word_1_167' title='bbox 241 777 302 803; x_wconf 67' lang='lat' dir='ltr'>acis.</span> <span class='ocrx_word' id='word_1_168' title='bbox 338 774 397 802; x_wconf 85' lang='lat' dir='ltr'>Adi.</span> <span class='ocrx_word' id='word_1_169' title='bbox 433 771 563 806; x_wconf 71' lang='lat' dir='ltr'>[anaim-ns</span> <span class='ocrx_word' id='word_1_170' title='bbox 583 771 626 806; x_wconf 60' lang='grc' dir='ltr'>ιρι)</span> <span class='ocrx_word' id='word_1_171' title='bbox 641 770 740 804; x_wconf 64' lang='lat' dir='ltr'>ulls-mos</span> <span class='ocrx_word' id='word_1_172' title='bbox 763 773 822 799; x_wconf 85' lang='lat' dir='ltr'>Vct.</span> <span class='ocrx_word' id='word_1_173' title='bbox 837 772 937 806; x_wconf 72' lang='lat' dir='ltr'>Gloflt]</span> <span class='ocrx_word' id='word_1_174' title='bbox 972 773 1093 835; x_wconf 62' lang='lat' dir='ltr'>Qidfir.</span> 
     </span>
     <span class='ocr_line' id='line_1_18' title="bbox 49 806 1093 848; baseline -0.001 -12"><span class='ocrx_word' id='word_1_175' title='bbox 49 819 118 837; x_wconf 77' lang='lat' dir='ltr'>mone</span> <span class='ocrx_word' id='word_1_176' title='bbox 137 812 241 848; x_wconf 68' lang='lat' dir='ltr'>aliquem</span> <span class='ocrx_word' id='word_1_177' title='bbox 260 821 313 838; x_wconf 79' lang='lat' dir='ltr'>cum</span> <span class='ocrx_word' id='word_1_178' title='bbox 327 810 377 846; x_wconf 71' lang='lat' dir='ltr'>&#39;ffi‘</span> <span class='ocrx_word' id='word_1_179' title='bbox 394 807 489 841; x_wconf 72' lang='lat' dir='ltr'>inceffit</span> <span class='ocrx_word' id='word_1_180' title='bbox 503 814 527 833; x_wconf 84' lang='lat' dir='ltr'>et</span> <span class='ocrx_word' id='word_1_181' title='bbox 539 806 616 834; x_wconf 75' lang='lat' dir='ltr'>ridet.</span> <span class='ocrx_word' id='word_1_182' title='bbox 652 807 709 834; x_wconf 87' lang='lat' dir='ltr'>Cic.</span> <span class='ocrx_word' id='word_1_183' title='bbox 723 807 755 834; x_wconf 91' lang='lat' dir='ltr'>de</span> <span class='ocrx_word' id='word_1_184' title='bbox 768 808 842 835; x_wconf 87' lang='lat' dir='ltr'>Orat.</span> <span class='ocrx_word' id='word_1_185' title='bbox 856 816 882 840; x_wconf 83' lang='lat'>2,</span> <span class='ocrx_word' id='word_1_186' title='bbox 897 816 942 834; x_wconf 86' lang='lat'>221</span> <span class='ocrx_word' id='word_1_187' title='bbox 963 810 1026 841; x_wconf 77' lang='lat' dir='ltr'>Qio</span> <span class='ocrx_word' id='word_1_188' title='bbox 1057 809 1093 835; x_wconf 88' lang='lat' dir='ltr'>est</span> 
     </span>
     <span class='ocr_line' id='line_1_19' title="bbox 50 841 1092 877; baseline -0.001 -5"><span class='ocrx_word' id='word_1_189' title='bbox 50 845 205 873; x_wconf 85' lang='lat' dir='ltr'>hominibus</span> <span class='ocrx_word' id='word_1_190' title='bbox 219 847 309 875; x_wconf 76' lang='lat' dir='ltr'>facetis</span> <span class='ocrx_word' id='word_1_191' title='bbox 327 852 352 873; x_wconf 86' lang='lat' dir='ltr'>et</span> <span class='ocrx_word' id='word_1_192' title='bbox 371 842 505 870; x_wconf 76' lang='lat' dir='ltr'>dicacibus</span> <span class='ocrx_word' id='word_1_193' title='bbox 525 841 726 870; x_wconf 85' lang='lat' dir='ltr'>difficillimum.</span> <span class='ocrx_word' id='word_1_194' title='bbox 797 843 853 876; x_wconf 85' lang='lat' dir='ltr'>Qui</span> <span class='ocrx_word' id='word_1_195' title='bbox 867 847 952 877; x_wconf 86' lang='lat' dir='ltr'>captat</span> <span class='ocrx_word' id='word_1_196' title='bbox 964 845 1031 870; x_wconf 85' lang='lat' dir='ltr'>risus</span> <span class='ocrx_word' id='word_1_197' title='bbox 1046 845 1092 871; x_wconf 87' lang='lat' dir='ltr'>ho-</span> 
     </span>
     <span class='ocr_line' id='line_1_20' title="bbox 48 878 1092 917; baseline 0 -10"><span class='ocrx_word' id='word_1_198' title='bbox 48 882 153 908; x_wconf 82' lang='lat' dir='ltr'>minum</span> <span class='ocrx_word' id='word_1_199' title='bbox 166 882 316 917; x_wconf 76' lang='lat' dir='ltr'>famamque</span> <span class='ocrx_word' id='word_1_200' title='bbox 333 878 427 907; x_wconf 81' lang='lat' dir='ltr'>dicacis</span> <span class='ocrx_word' id='word_1_201' title='bbox 446 879 578 905; x_wconf 78' lang='lat' dir='ltr'>Hor.Sat.</span> <span class='ocrx_word' id='word_1_202' title='bbox 594 887 613 911; x_wconf 94' lang='lat'>1,</span> <span class='ocrx_word' id='word_1_203' title='bbox 626 887 655 912; x_wconf 86' lang='lat'>4,</span> <span class='ocrx_word' id='word_1_204' title='bbox 669 884 706 909; x_wconf 85' lang='grc'>82.</span> <span class='ocrx_word' id='word_1_205' title='bbox 723 878 767 905; x_wconf 77' lang='lat' dir='ltr'>vbi</span> <span class='ocrx_word' id='word_1_206' title='bbox 779 880 832 904; x_wconf 86' lang='lat' dir='ltr'>vid.</span> <span class='ocrx_word' id='word_1_207' title='bbox 848 878 927 905; x_wconf 81' lang='lat' dir='ltr'>Schol.</span> <span class='ocrx_word' id='word_1_208' title='bbox 1000 881 1092 907; x_wconf 84' lang='lat' dir='ltr'>Homo</span> 
     </span>
     <span class='ocr_line' id='line_1_21' title="bbox 49 915 483 946; baseline -0.007 -4"><span class='ocrx_word' id='word_1_209' title='bbox 49 915 125 943; x_wconf 87' lang='lat' dir='ltr'>dicax</span> <span class='ocrx_word' id='word_1_210' title='bbox 139 918 237 946; x_wconf 83' lang='lat' dir='ltr'>Catuli.</span> <span class='ocrx_word' id='word_1_211' title='bbox 248 917 281 945; x_wconf 82' lang='lat' dir='ltr'>ad</span> <span class='ocrx_word' id='word_1_212' title='bbox 295 916 395 944; x_wconf 81' lang='lat' dir='ltr'>Varum</span> <span class='ocrx_word' id='word_1_213' title='bbox 406 922 445 945; x_wconf 76' lang='lat'>22,</span> <span class='ocrx_word' id='word_1_214' title='bbox 458 923 483 940; x_wconf 81' lang='lat'>2..</span> 
     </span>
     <span class='ocr_line' id='line_1_22' title="bbox 48 946 1091 985; baseline 0 -7"><span class='ocrx_word' id='word_1_215' title='bbox 48 952 123 979; x_wconf 85' lang='lat' dir='ltr'>Idem</span> <span class='ocrx_word' id='word_1_216' title='bbox 139 953 167 980; x_wconf 90' lang='lat' dir='ltr'>in</span> <span class='ocrx_word' id='word_1_217' title='bbox 180 953 253 980; x_wconf 84' lang='lat' dir='ltr'>Orat.</span> <span class='ocrx_word' id='word_1_218' title='bbox 284 970 296 978; x_wconf 89' lang='lat'>..</span> <span class='ocrx_word' id='word_1_219' title='bbox 333 969 340 977; x_wconf 93' lang='lat'>.</span> <span class='ocrx_word' id='word_1_220' title='bbox 376 949 406 976; x_wconf 88' lang='lat' dir='ltr'>de</span> <span class='ocrx_word' id='word_1_221' title='bbox 418 946 592 982; x_wconf 83' lang='lat' dir='ltr'>Demosthene,</span> <span class='ocrx_word' id='word_1_222' title='bbox 612 951 675 983; x_wconf 84' lang='lat' dir='ltr'>Q1o</span> <span class='ocrx_word' id='word_1_223' title='bbox 689 949 797 985; x_wconf 87' lang='lat' dir='ltr'>quidem</span> <span class='ocrx_word' id='word_1_224' title='bbox 812 949 881 977; x_wconf 83' lang='lat' dir='ltr'>mihi</span> <span class='ocrx_word' id='word_1_225' title='bbox 901 950 970 976; x_wconf 89' lang='lat' dir='ltr'>nihil</span> <span class='ocrx_word' id='word_1_226' title='bbox 984 951 1091 979; x_wconf 84' lang='lat' dir='ltr'>videtur</span> 
     </span>
     <span class='ocr_line' id='line_1_23' title="bbox 48 984 1091 1021; baseline 0 -7"><span class='ocrx_word' id='word_1_227' title='bbox 48 987 194 1021; x_wconf 84' lang='lat' dir='ltr'>vrbanius,</span> <span class='ocrx_word' id='word_1_228' title='bbox 214 987 256 1015; x_wconf 83' lang='lat' dir='ltr'>sed</span> <span class='ocrx_word' id='word_1_229' title='bbox 270 994 323 1014; x_wconf 90' lang='lat' dir='ltr'>non</span> <span class='ocrx_word' id='word_1_230' title='bbox 335 991 388 1012; x_wconf 86' lang='lat' dir='ltr'>tam</span> <span class='ocrx_word' id='word_1_231' title='bbox 400 984 476 1012; x_wconf 83' lang='lat' dir='ltr'>dicax</span> <span class='ocrx_word' id='word_1_232' title='bbox 491 985 555 1017; x_wconf 88' lang='lat' dir='ltr'>fuit,</span> <span class='ocrx_word' id='word_1_233' title='bbox 571 994 650 1019; x_wconf 85' lang='lat' dir='ltr'>quam</span> <span class='ocrx_word' id='word_1_234' title='bbox 664 985 772 1011; x_wconf 76' lang='lat' dir='ltr'>facetus,</span> <span class='ocrx_word' id='word_1_235' title='bbox 844 985 1020 1012; x_wconf 81' lang='lat' dir='ltr'>Fescenninus</span> <span class='ocrx_word' id='word_1_236' title='bbox 1033 988 1091 1014; x_wconf 89' lang='lat' dir='ltr'>Sen.</span> 
     </span>
     <span class='ocr_line' id='line_1_24' title="bbox 49 1019 1093 1055; baseline -0.004 -4"><span class='ocrx_word' id='word_1_237' title='bbox 49 1023 122 1050; x_wconf 90' lang='lat' dir='ltr'>Med.</span> <span class='ocrx_word' id='word_1_238' title='bbox 136 1033 162 1051; x_wconf 91' lang='lat' dir='ltr'>v.</span> <span class='ocrx_word' id='word_1_239' title='bbox 179 1031 223 1055; x_wconf 85' lang='grc'>113.</span> <span class='ocrx_word' id='word_1_240' title='bbox 260 1042 262 1046; x_wconf 67' lang='grc'>,</span> <span class='ocrx_word' id='word_1_241' title='bbox 292 1021 376 1054; x_wconf 90' lang='lat' dir='ltr'>Satyri</span> <span class='ocrx_word' id='word_1_242' title='bbox 384 1021 451 1047; x_wconf 82' lang='lat' dir='ltr'>Hor.</span> <span class='ocrx_word' id='word_1_243' title='bbox 464 1021 495 1047; x_wconf 89' lang='lat' dir='ltr'>A.</span> <span class='ocrx_word' id='word_1_244' title='bbox 505 1021 529 1047; x_wconf 81' lang='lat' dir='ltr'>P.</span> <span class='ocrx_word' id='word_1_245' title='bbox 542 1027 600 1053; x_wconf 77' lang='lat'>225.</span> <span class='ocrx_word' id='word_1_246' title='bbox 643 1041 646 1043; x_wconf 24' lang='grc' dir='ltr'><strong>Α</strong></span> <span class='ocrx_word' id='word_1_247' title='bbox 669 1019 801 1054; x_wconf 71' lang='lat' dir='ltr'>Qinffil.</span> <span class='ocrx_word' id='word_1_248' title='bbox 816 1023 842 1053; x_wconf 88' lang='lat'>6,</span> <span class='ocrx_word' id='word_1_249' title='bbox 856 1029 878 1053; x_wconf 80' lang='grc'><strong>3,</strong></span> <span class='ocrx_word' id='word_1_250' title='bbox 890 1029 920 1048; x_wconf 83' lang='lat'>21</span> <span class='ocrx_word' id='word_1_251' title='bbox 939 1021 1093 1049; x_wconf 85' lang='lat' dir='ltr'>Demosthe.</span> 
     </span>
     <span class='ocr_line' id='line_1_25' title="bbox 49 1055 1093 1090; baseline 0.001 -6"><span class='ocrx_word' id='word_1_252' title='bbox 49 1066 110 1085; x_wconf 86' lang='lat' dir='ltr'>nem</span> <span class='ocrx_word' id='word_1_253' title='bbox 122 1056 257 1089; x_wconf 71' lang='lat' dir='ltr'>Vrbanu&#39;m</span> <span class='ocrx_word' id='word_1_254' title='bbox 271 1056 347 1083; x_wconf 75' lang='lat' dir='ltr'>fuiss&#39;e</span> <span class='ocrx_word' id='word_1_255' title='bbox 361 1057 467 1088; x_wconf 89' lang='lat' dir='ltr'>dicunt,</span> <span class='ocrx_word' id='word_1_256' title='bbox 483 1055 599 1082; x_wconf 85' lang='lat' dir='ltr'>dicacem</span> <span class='ocrx_word' id='word_1_257' title='bbox 613 1061 717 1090; x_wconf 80' lang='lat' dir='ltr'>negant.</span> <span class='ocrx_word' id='word_1_258' title='bbox 766 1055 836 1082; x_wconf 89' lang='lat' dir='ltr'>Ibid.</span> <span class='ocrx_word' id='word_1_259' title='bbox 852 1065 881 1088; x_wconf 87' lang='lat'>41</span> <span class='ocrx_word' id='word_1_260' title='bbox 906 1057 987 1084; x_wconf 85' lang='lat' dir='ltr'>Siculi</span> <span class='ocrx_word' id='word_1_261' title='bbox 1002 1058 1093 1085; x_wconf 76' lang='lat' dir='ltr'>lasciui</span> 
     </span>
     <span class='ocr_line' id='line_1_26' title="bbox 50 1094 194 1121; baseline 0 -1"><span class='ocrx_word' id='word_1_262' title='bbox 50 1100 76 1120; x_wconf 84' lang='lat' dir='ltr'>et</span> <span class='ocrx_word' id='word_1_263' title='bbox 87 1094 194 1121; x_wconf 84' lang='lat' dir='ltr'>dicaces.</span> 
     </span>
     <span class='ocr_line' id='line_1_27' title="bbox 51 1126 1092 1163; baseline 0 -7"><span class='ocrx_word' id='word_1_264' title='bbox 51 1128 120 1156; x_wconf 80' lang='lat' dir='ltr'>disti.</span> <span class='ocrx_word' id='word_1_265' title='bbox 189 1129 219 1155; x_wconf 91' lang='lat' dir='ltr'>In</span> <span class='ocrx_word' id='word_1_266' title='bbox 231 1127 365 1154; x_wconf 81' lang='lat' dir='ltr'>conuiuiis</span> <span class='ocrx_word' id='word_1_267' title='bbox 381 1133 407 1154; x_wconf 91' lang='lat' dir='ltr'>et</span> <span class='ocrx_word' id='word_1_268' title='bbox 427 1126 595 1153; x_wconf 86' lang='lat' dir='ltr'>sermonibus</span> <span class='ocrx_word' id='word_1_269' title='bbox 613 1126 692 1153; x_wconf 79' lang='lat' dir='ltr'>multi</span> <span class='ocrx_word' id='word_1_270' title='bbox 711 1126 810 1153; x_wconf 82' lang='lat' dir='ltr'>dicaces</span> <span class='ocrx_word' id='word_1_271' title='bbox 829 1127 961 1160; x_wconf 62' lang='lat' dir='ltr'>Quinem.</span> <span class='ocrx_word' id='word_1_272' title='bbox 976 1131 1002 1162; x_wconf 88' lang='lat'>6,</span> <span class='ocrx_word' id='word_1_273' title='bbox 1015 1138 1036 1162; x_wconf 84' lang='lat'>3,</span> <span class='ocrx_word' id='word_1_274' title='bbox 1053 1138 1092 1163; x_wconf 89' lang='lat'>14.</span> 
     </span>
     <span class='ocr_line' id='line_1_28' title="bbox 50 1161 1093 1194; baseline -0.001 -2"><span class='ocrx_word' id='word_1_275' title='bbox 50 1164 150 1192; x_wconf 82' lang='lat' dir='ltr'>Granio</span> <span class='ocrx_word' id='word_1_276' title='bbox 182 1163 270 1194; x_wconf 79' lang='lat' dir='ltr'>uidem</span> <span class='ocrx_word' id='word_1_277' title='bbox 293 1171 372 1189; x_wconf 87' lang='lat' dir='ltr'>nemo</span> <span class='ocrx_word' id='word_1_278' title='bbox 391 1162 509 1189; x_wconf 84' lang='lat' dir='ltr'>dicacior</span> <span class='ocrx_word' id='word_1_279' title='bbox 527 1162 583 1189; x_wconf 86' lang='lat' dir='ltr'>Cic.</span> <span class='ocrx_word' id='word_1_280' title='bbox 598 1161 630 1188; x_wconf 88' lang='lat' dir='ltr'>de</span> <span class='ocrx_word' id='word_1_281' title='bbox 644 1163 720 1189; x_wconf 88' lang='lat' dir='ltr'>Orat.</span> <span class='ocrx_word' id='word_1_282' title='bbox 733 1171 750 1189; x_wconf 80' lang='lat'>2</span> <span class='ocrx_word' id='word_1_283' title='bbox 763 1171 784 1189; x_wconf 89' lang='lat' dir='ltr'>c.</span> <span class='ocrx_word' id='word_1_284' title='bbox 800 1164 844 1189; x_wconf 90' lang='lat'>60.</span> <span class='ocrx_word' id='word_1_285' title='bbox 917 1164 1009 1191; x_wconf 87' lang='lat' dir='ltr'>Homo</span> <span class='ocrx_word' id='word_1_286' title='bbox 1023 1164 1093 1192; x_wconf 86' lang='lat' dir='ltr'>dica-</span> 
     </span>
     <span class='ocr_line' id='line_1_29' title="bbox 48 1173 1092 1234; baseline 0.001 -8"><span class='ocrx_word' id='word_1_287' title='bbox 48 1173 280 1227; x_wconf 53' lang='lat' dir='ltr'>ciffimusietmn..</span> <span class='ocrx_word' id='word_1_288' title='bbox 294 1207 316 1225; x_wconf 88' lang='lat' dir='ltr'>c.</span> <span class='ocrx_word' id='word_1_289' title='bbox 332 1206 377 1231; x_wconf 80' lang='lat'>113.</span> <span class='ocrx_word' id='word_1_290' title='bbox 403 1194 404 1197; x_wconf 36' lang='lat'>¹</span> <span class='ocrx_word' id='word_1_291' title='bbox 449 1198 556 1225; x_wconf 87' lang='lat' dir='ltr'>Dicaces</span> <span class='ocrx_word' id='word_1_292' title='bbox 569 1197 646 1234; x_wconf 81' lang='lat' dir='ltr'>sunt,</span> <span class='ocrx_word' id='word_1_293' title='bbox 665 1199 717 1233; x_wconf 66' lang='lat' dir='ltr'>Qui</span> <span class='ocrx_word' id='word_1_294' title='bbox 733 1201 802 1224; x_wconf 85' lang='lat' dir='ltr'>acuti</span> <span class='ocrx_word' id='word_1_295' title='bbox 814 1198 918 1234; x_wconf 80' lang='lat' dir='ltr'>suntin</span> <span class='ocrx_word' id='word_1_296' title='bbox 931 1199 1047 1231; x_wconf 80' lang='lat' dir='ltr'>dicendo,</span> <span class='ocrx_word' id='word_1_297' title='bbox 1067 1206 1092 1227; x_wconf 79' lang='lat' dir='ltr'>et</span> 
     </span>
     <span class='ocr_line' id='line_1_30' title="bbox 47 1233 1092 1274; baseline 0 -12"><span class='ocrx_word' id='word_1_298' title='bbox 47 1237 140 1262; x_wconf 77' lang='lat' dir='ltr'>acriter</span> <span class='ocrx_word' id='word_1_299' title='bbox 151 1233 418 1274; x_wconf 74' lang='lat' dir='ltr'>aduerfizriosfigunt:</span> <span class='ocrx_word' id='word_1_300' title='bbox 453 1233 544 1260; x_wconf 84' lang='lat' dir='ltr'>Faceti</span> <span class='ocrx_word' id='word_1_301' title='bbox 558 1243 632 1266; x_wconf 82' lang='lat' dir='ltr'>vero,</span> <span class='ocrx_word' id='word_1_302' title='bbox 651 1235 702 1268; x_wconf 77' lang='lat' dir='ltr'>,Qli</span> <span class='ocrx_word' id='word_1_303' title='bbox 716 1242 769 1259; x_wconf 83' lang='lat' dir='ltr'>cum</span> <span class='ocrx_word' id='word_1_304' title='bbox 775 1233 906 1270; x_wconf 83' lang='lat' dir='ltr'>suauitate</span> <span class='ocrx_word' id='word_1_305' title='bbox 919 1235 1022 1270; x_wconf 87' lang='lat' dir='ltr'>quadam</span> <span class='ocrx_word' id='word_1_306' title='bbox 1036 1245 1092 1262; x_wconf 86' lang='lat' dir='ltr'>ora-</span> 
     </span>
    </p>
   </div>
   <div class='ocr_carea' id='block_1_7' title="bbox 1112 736 1409 772">
    <p class='ocr_par' dir='ltr' id='par_1_8' title="bbox 1112 736 1409 772">
     <span class='ocr_line' id='line_1_31' title="bbox 1112 736 1409 772; baseline -0.007 -8"><span class='ocrx_word' id='word_1_307' title='bbox 1112 746 1136 772; x_wconf 84' lang='lat'>15</span> <span class='ocrx_word' id='word_1_308' title='bbox 1156 742 1254 770; x_wconf 80' lang='lat' dir='ltr'>guntur</span> <span class='ocrx_word' id='word_1_309' title='bbox 1273 742 1298 763; x_wconf 90' lang='lat' dir='ltr'>et</span> <span class='ocrx_word' id='word_1_310' title='bbox 1318 736 1409 771; x_wconf 86' lang='lat' dir='ltr'>puppi.</span> 
     </span>
    </p>
   </div>
   <div class='ocr_carea' id='block_1_8' title="bbox 264 1089 1871 1126">
    <p class='ocr_par' dir='ltr' id='par_1_9' title="bbox 264 1089 1871 1126">
     <span class='ocr_line' id='line_1_32' title="bbox 264 1089 1871 1126; baseline 0 -8"><span class='ocrx_word' id='word_1_311' title='bbox 264 1092 320 1119; x_wconf 90' lang='lat' dir='ltr'>Cic.</span> <span class='ocrx_word' id='word_1_312' title='bbox 335 1090 448 1126; x_wconf 81' lang='lat' dir='ltr'>Philipp.</span> <span class='ocrx_word' id='word_1_313' title='bbox 462 1100 488 1123; x_wconf 88' lang='lat'>2,</span> <span class='ocrx_word' id='word_1_314' title='bbox 503 1093 538 1126; x_wconf 89' lang='lat'>76</span> <span class='ocrx_word' id='word_1_315' title='bbox 556 1091 686 1126; x_wconf 82' lang='lat' dir='ltr'>Populum</span> <span class='ocrx_word' id='word_1_316' title='bbox 699 1091 727 1117; x_wconf 88' lang='lat' dir='ltr'>in</span> <span class='ocrx_word' id='word_1_317' title='bbox 740 1096 766 1117; x_wconf 84' lang='lat' dir='ltr'>te</span> <span class='ocrx_word' id='word_1_318' title='bbox 781 1091 896 1118; x_wconf 85' lang='lat' dir='ltr'>dicacem</span> <span class='ocrx_word' id='word_1_319' title='bbox 911 1093 990 1119; x_wconf 88' lang='lat' dir='ltr'>etiam</span> <span class='ocrx_word' id='word_1_320' title='bbox 1004 1093 1092 1121; x_wconf 90' lang='lat' dir='ltr'>reddi·</span> <span class='ocrx_word' id='word_1_321' title='bbox 1106 1100 1137 1126; x_wconf 66' lang='grc' dir='ltr'>ις</span> <span class='ocrx_word' id='word_1_322' title='bbox 1156 1089 1230 1116; x_wconf 77' lang='lat' dir='ltr'>Idem</span> <span class='ocrx_word' id='word_1_323' title='bbox 1251 1089 1315 1116; x_wconf 82' lang='lat' dir='ltr'>dicit</span> <span class='ocrx_word' id='word_1_324' title='bbox 1334 1090 1399 1116; x_wconf 76' lang='lat' dir='ltr'>Plin-</span> <span class='ocrx_word' id='word_1_325' title='bbox 1422 1092 1464 1121; x_wconf 84' lang='lat'>26,</span> <span class='ocrx_word' id='word_1_326' title='bbox 1486 1099 1523 1123; x_wconf 84' lang='lat'>14.</span> <span class='ocrx_word' id='word_1_327' title='bbox 1560 1090 1636 1124; x_wconf 85' lang='lat' dir='ltr'>Apul·</span> <span class='ocrx_word' id='word_1_328' title='bbox 1650 1089 1681 1115; x_wconf 85' lang='lat' dir='ltr'>de</span> <span class='ocrx_word' id='word_1_329' title='bbox 1695 1090 1778 1115; x_wconf 74' lang='lat' dir='ltr'>Herb-</span> <span class='ocrx_word' id='word_1_330' title='bbox 1793 1099 1814 1115; x_wconf 80' lang='lat' dir='ltr'>c·</span> <span class='ocrx_word' id='word_1_331' title='bbox 1829 1092 1871 1116; x_wconf 84' lang='lat'>62.</span> 
     </span>
    </p>
   </div>
   <div class='ocr_carea' id='block_1_9' title="bbox 1565 152 2190 210">
    <p class='ocr_par' dir='ltr' id='par_1_10' title="bbox 1565 152 2190 210">
     <span class='ocr_line' id='line_1_33' title="bbox 1565 152 2190 210; baseline 0.01 -19"><span class='ocrx_word' id='word_1_332' title='bbox 1565 152 1602 191; x_wconf 91' lang='lat' dir='ltr'><strong>D</strong></span> <span class='ocrx_word' id='word_1_333' title='bbox 1683 153 1789 194; x_wconf 81' lang='grc'>11)</span> <span class='ocrx_word' id='word_1_334' title='bbox 2127 174 2190 210; x_wconf 76' lang='lat'>154</span> 
     </span>
    </p>
   </div>
   <div class='ocr_carea' id='block_1_10' title="bbox 1152 240 2199 917">
    <p class='ocr_par' dir='ltr' id='par_1_11' title="bbox 1152 240 2195 525">
     <span class='ocr_line' id='line_1_34' title="bbox 1152 240 2193 280; baseline 0.007 -13"><span class='ocrx_word' id='word_1_335' title='bbox 1152 241 1226 267; x_wconf 80' lang='lat' dir='ltr'>Alter</span> <span class='ocrx_word' id='word_1_336' title='bbox 1241 240 1322 273; x_wconf 83' lang='lat' dir='ltr'>enim,</span> <span class='ocrx_word' id='word_1_337' title='bbox 1336 240 1383 275; x_wconf 87' lang='lat' dir='ltr'>qui</span> <span class='ocrx_word' id='word_1_338' title='bbox 1399 240 1426 268; x_wconf 88' lang='lat' dir='ltr'>in</span> <span class='ocrx_word' id='word_1_339' title='bbox 1441 241 1487 268; x_wconf 88' lang='lat' dir='ltr'>illa</span> <span class='ocrx_word' id='word_1_340' title='bbox 1501 240 1638 268; x_wconf 66' lang='lat' dir='ltr'>metatura</span> <span class='ocrx_word' id='word_1_341' title='bbox 1657 241 1741 269; x_wconf 79' lang='lat' dir='ltr'>scriba</span> <span class='ocrx_word' id='word_1_342' title='bbox 1765 242 1867 277; x_wconf 82' lang='lat' dir='ltr'>suerat,</span> <span class='ocrx_word' id='word_1_343' title='bbox 1888 246 1916 272; x_wconf 89' lang='lat' dir='ltr'>in</span> <span class='ocrx_word' id='word_1_344' title='bbox 1934 246 1981 273; x_wconf 83' lang='lat' dir='ltr'>hac</span> <span class='ocrx_word' id='word_1_345' title='bbox 2000 246 2052 273; x_wconf 82' lang='lat' dir='ltr'>fuit</span> <span class='ocrx_word' id='word_1_346' title='bbox 2065 247 2193 280; x_wconf 76' lang='lat' dir='ltr'>Qlacstor</span> 
     </span>
     <span class='ocr_line' id='line_1_35' title="bbox 1152 274 2192 317; baseline 0.007 -15"><span class='ocrx_word' id='word_1_347' title='bbox 1152 276 1276 303; x_wconf 85' lang='lat' dir='ltr'>vrbanus.</span> <span class='ocrx_word' id='word_1_348' title='bbox 1312 277 1427 303; x_wconf 85' lang='lat' dir='ltr'>Caesaris</span> <span class='ocrx_word' id='word_1_349' title='bbox 1436 287 1484 304; x_wconf 76' lang='lat' dir='ltr'>vox</span> <span class='ocrx_word' id='word_1_350' title='bbox 1496 284 1537 313; x_wconf 82' lang='lat' dir='ltr'>ap.</span> <span class='ocrx_word' id='word_1_351' title='bbox 1549 274 1654 304; x_wconf 83' lang='lat' dir='ltr'>Sueton.</span> <span class='ocrx_word' id='word_1_352' title='bbox 1664 286 1684 303; x_wconf 90' lang='lat' dir='ltr'>c.</span> <span class='ocrx_word' id='word_1_353' title='bbox 1693 285 1728 312; x_wconf 91' lang='lat'>77</span> <span class='ocrx_word' id='word_1_354' title='bbox 1755 278 1851 305; x_wconf 78' lang='lat' dir='ltr'>Sullam</span> <span class='ocrx_word' id='word_1_355' title='bbox 1863 282 1965 308; x_wconf 82' lang='lat' dir='ltr'>nesciss&#39;e</span> <span class='ocrx_word' id='word_1_356' title='bbox 1978 282 2077 315; x_wconf 81' lang='lat' dir='ltr'>literas,</span> <span class='ocrx_word' id='word_1_357' title='bbox 2091 284 2192 317; x_wconf 78' lang='lat' dir='ltr'>quini-</span> 
     </span>
     <span class='ocr_line' id='line_1_36' title="bbox 1153 311 2195 352; baseline 0.007 -14"><span class='ocrx_word' id='word_1_358' title='bbox 1153 311 1281 338; x_wconf 67' lang='lat' dir='ltr'>&amp;atui-am</span> <span class='ocrx_word' id='word_1_359' title='bbox 1294 311 1455 347; x_wconf 83' lang='lat' dir='ltr'>deposuerit:</span> <span class='ocrx_word' id='word_1_360' title='bbox 1487 315 1529 339; x_wconf 80' lang='lat' dir='ltr'>vbi</span> <span class='ocrx_word' id='word_1_361' title='bbox 1547 312 1581 341; x_wconf 87' lang='lat' dir='ltr'>ad</span> <span class='ocrx_word' id='word_1_362' title='bbox 1595 322 1682 340; x_wconf 82' lang='lat' dir='ltr'>munus</span> <span class='ocrx_word' id='word_1_363' title='bbox 1697 315 1861 340; x_wconf 78' lang='lat' dir='ltr'>Grammatici</span> <span class='ocrx_word' id='word_1_364' title='bbox 1877 317 1976 352; x_wconf 75' lang='lat' dir='ltr'>allujum</span> <span class='ocrx_word' id='word_1_365' title='bbox 1997 317 2055 350; x_wconf 62' lang='lat' dir='ltr'>este,</span> <span class='ocrx_word' id='word_1_366' title='bbox 2073 321 2138 344; x_wconf 81' lang='lat' dir='ltr'>uiris</span> <span class='ocrx_word' id='word_1_367' title='bbox 2153 318 2195 344; x_wconf 55' lang='lat' dir='ltr'>do..</span> 
     </span>
     <span class='ocr_line' id='line_1_37' title="bbox 1153 345 2193 387; baseline 0.007 -14"><span class='ocrx_word' id='word_1_368' title='bbox 1153 345 1204 373; x_wconf 75' lang='lat' dir='ltr'>His</span> <span class='ocrx_word' id='word_1_369' title='bbox 1211 349 1310 382; x_wconf 78' lang='lat' dir='ltr'>placet:</span> <span class='ocrx_word' id='word_1_370' title='bbox 1331 354 1361 374; x_wconf 82' lang='lat' dir='ltr'>ut</span> <span class='ocrx_word' id='word_1_371' title='bbox 1373 348 1491 374; x_wconf 88' lang='lat' dir='ltr'>quenal.</span> <span class='ocrx_word' id='word_1_372' title='bbox 1504 357 1528 380; x_wconf 85' lang='lat' dir='ltr'>z,</span> <span class='ocrx_word' id='word_1_373' title='bbox 1541 353 1572 379; x_wconf 87' lang='lat'>28</span> <span class='ocrx_word' id='word_1_374' title='bbox 1591 349 1622 375; x_wconf 91' lang='lat' dir='ltr'>In</span> <span class='ocrx_word' id='word_1_375' title='bbox 1635 347 1846 375; x_wconf 72' lang='lat' dir='ltr'>tabulanxsullae</span> <span class='ocrx_word' id='word_1_376' title='bbox 1862 349 1879 375; x_wconf 82' lang='lat' dir='ltr'>si</span> <span class='ocrx_word' id='word_1_377' title='bbox 1896 352 1981 378; x_wconf 82' lang='lat' dir='ltr'>dicant</span> <span class='ocrx_word' id='word_1_378' title='bbox 1995 347 2118 387; x_wconf 82' lang='lat' dir='ltr'>discipuli</span> <span class='ocrx_word' id='word_1_379' title='bbox 2133 359 2193 380; x_wconf 66' lang='lat' dir='ltr'>tres.</span> 
     </span>
     <span class='ocr_line' id='line_1_38' title="bbox 1723 384 2194 422; baseline 0.013 -13"><span class='ocrx_word' id='word_1_380' title='bbox 1723 384 1887 411; x_wconf 65' lang='lat' dir='ltr'>Dictum-am</span> <span class='ocrx_word' id='word_1_381' title='bbox 1912 387 1967 413; x_wconf 86' lang='lat' dir='ltr'>solo</span> <span class='ocrx_word' id='word_1_382' title='bbox 1989 396 2118 422; x_wconf 75' lang='lat' dir='ltr'>aequare,</span> <span class='ocrx_word' id='word_1_383' title='bbox 2141 390 2194 415; x_wconf 84' lang='lat' dir='ltr'>vid.</span> 
     </span>
     <span class='ocr_line' id='line_1_39' title="bbox 1156 418 2195 462; baseline 0.007 -18"><span class='ocrx_word' id='word_1_384' title='bbox 1156 424 1280 458; x_wconf 58' lang='lat' dir='ltr'>AEQVO.</span> <span class='ocrx_word' id='word_1_385' title='bbox 1351 418 1407 444; x_wconf 88' lang='lat' dir='ltr'>Cic.</span> <span class='ocrx_word' id='word_1_386' title='bbox 1421 418 1473 445; x_wconf 79' lang='lat' dir='ltr'>Off.</span> <span class='ocrx_word' id='word_1_387' title='bbox 1488 428 1509 451; x_wconf 87' lang='grc'><strong>3,</strong></span> <span class='ocrx_word' id='word_1_388' title='bbox 1523 428 1559 445; x_wconf 86' lang='grc'>112</span> <span class='ocrx_word' id='word_1_389' title='bbox 1580 429 1601 446; x_wconf 93' lang='lat' dir='ltr'>c.</span> <span class='ocrx_word' id='word_1_390' title='bbox 1615 428 1641 453; x_wconf 88' lang='grc'>31</span> <span class='ocrx_word' id='word_1_391' title='bbox 1686 420 1767 452; x_wconf 89' lang='lat' dir='ltr'>Q1od</span> <span class='ocrx_word' id='word_1_392' title='bbox 1783 421 1804 446; x_wconf 90' lang='lat' dir='ltr'>is</span> <span class='ocrx_word' id='word_1_393' title='bbox 1818 429 1912 462; x_wconf 83' lang='lat' dir='ltr'>paucos</span> <span class='ocrx_word' id='word_1_394' title='bbox 1926 422 1973 448; x_wconf 81' lang='lat' dir='ltr'>libi</span> <span class='ocrx_word' id='word_1_395' title='bbox 1993 422 2048 449; x_wconf 82' lang='lat' dir='ltr'>dics</span> <span class='ocrx_word' id='word_1_396' title='bbox 2061 424 2091 449; x_wconf 73' lang='lat' dir='ltr'>ad</span> <span class='ocrx_word' id='word_1_397' title='bbox 2107 424 2195 451; x_wconf 61' lang='lat' dir='ltr'>Dion-</span> 
     </span>
     <span class='ocr_line' id='line_1_40' title="bbox 1155 452 2193 494; baseline 0.008 -15"><span class='ocrx_word' id='word_1_398' title='bbox 1155 458 1242 480; x_wconf 81' lang='lat' dir='ltr'>turam</span> <span class='ocrx_word' id='word_1_399' title='bbox 1261 452 1400 489; x_wconf 81' lang='lat' dir='ltr'>gerendam</span> <span class='ocrx_word' id='word_1_400' title='bbox 1420 453 1564 481; x_wconf 72' lang='lat' dir='ltr'>addidisset.</span> <span class='ocrx_word' id='word_1_401' title='bbox 1638 455 1775 489; x_wconf 84' lang='lat' dir='ltr'>Deponerc</span> <span class='ocrx_word' id='word_1_402' title='bbox 1796 456 1960 484; x_wconf 61' lang='lat' dir='ltr'>Didiaturam</span> <span class='ocrx_word' id='word_1_403' title='bbox 1974 458 2106 491; x_wconf 66' lang='lat' dir='ltr'>Qiinc&#39;til.</span> <span class='ocrx_word' id='word_1_404' title='bbox 2121 467 2143 494; x_wconf 83' lang='grc' dir='ltr'><strong>ς,</strong></span> <span class='ocrx_word' id='word_1_405' title='bbox 2156 468 2193 487; x_wconf 90' lang='lat'>10.</span> 
     </span>
     <span class='ocr_line' id='line_1_41' title="bbox 1155 488 1870 525; baseline 0.004 -10"><span class='ocrx_word' id='word_1_406' title='bbox 1155 488 1329 516; x_wconf 83' lang='lat' dir='ltr'>Sumebantur</span> <span class='ocrx_word' id='word_1_407' title='bbox 1340 489 1493 516; x_wconf 65' lang='lat' dir='ltr'>Dieiaturae</span> <span class='ocrx_word' id='word_1_408' title='bbox 1508 490 1540 515; x_wconf 87' lang='lat' dir='ltr'>ad</span> <span class='ocrx_word' id='word_1_409' title='bbox 1559 496 1659 525; x_wconf 86' lang='lat' dir='ltr'>tempus</span> <span class='ocrx_word' id='word_1_410' title='bbox 1673 491 1765 517; x_wconf 84' lang='lat' dir='ltr'>Tacit.</span> <span class='ocrx_word' id='word_1_411' title='bbox 1782 500 1803 524; x_wconf 86' lang='lat'>1,</span> <span class='ocrx_word' id='word_1_412' title='bbox 1818 500 1837 524; x_wconf 89' lang='lat'>1,</span> <span class='ocrx_word' id='word_1_413' title='bbox 1853 500 1870 518; x_wconf 92' lang='lat'>1.</span> 
     </span>
    </p>

    <p class='ocr_par' dir='ltr' id='par_1_12' title="bbox 1191 525 1872 562">
     <span class='ocr_line' id='line_1_42' title="bbox 1191 525 1872 562; baseline 0.003 -11"><span class='ocrx_word' id='word_1_414' title='bbox 1191 531 1436 555; x_wconf 61' lang='lat' dir='ltr'>nxcxnvcvm,</span> <span class='ocrx_word' id='word_1_415' title='bbox 1460 525 1478 550; x_wconf 92' lang='lat' dir='ltr'>i.</span> <span class='ocrx_word' id='word_1_416' title='bbox 1515 534 1541 550; x_wconf 89' lang='lat' dir='ltr'>n.</span> <span class='ocrx_word' id='word_1_417' title='bbox 1585 527 1642 552; x_wconf 66' lang='grc' dir='ltr'>νηί.</span> <span class='ocrx_word' id='word_1_418' title='bbox 1657 526 1736 562; x_wconf 79' lang='lat' dir='ltr'>supra</span> <span class='ocrx_word' id='word_1_419' title='bbox 1749 527 1795 562; x_wconf 85' lang='lat' dir='ltr'>suo</span> <span class='ocrx_word' id='word_1_420' title='bbox 1813 529 1872 553; x_wconf 85' lang='lat' dir='ltr'>loco.</span> 
     </span>
    </p>

    <p class='ocr_par' dir='ltr' id='par_1_13' title="bbox 1190 560 2022 596">
     <span class='ocr_line' id='line_1_43' title="bbox 1190 560 2022 596; baseline 0.004 -10"><span class='ocrx_word' id='word_1_421' title='bbox 1190 565 1337 588; x_wconf 78' lang='lat' dir='ltr'><strong>DICTOR</strong></span> <span class='ocrx_word' id='word_1_422' title='bbox 1347 579 1355 592; x_wconf 94' lang='lat'>,</span> <span class='ocrx_word' id='word_1_423' title='bbox 1372 560 1436 586; x_wconf 73' lang='lat' dir='ltr'>oris.</span> <span class='ocrx_word' id='word_1_424' title='bbox 1457 568 1492 586; x_wconf 82' lang='lat' dir='ltr'>xn-</span> <span class='ocrx_word' id='word_1_425' title='bbox 1529 561 1663 594; x_wconf 81' lang='lat' dir='ltr'>Augustin.</span> <span class='ocrx_word' id='word_1_426' title='bbox 1678 562 1710 588; x_wconf 90' lang='lat' dir='ltr'>de</span> <span class='ocrx_word' id='word_1_427' title='bbox 1725 561 1816 589; x_wconf 64' lang='lat' dir='ltr'>Doctr.</span> <span class='ocrx_word' id='word_1_428' title='bbox 1831 562 1927 589; x_wconf 85' lang='lat' dir='ltr'>Christ.</span> <span class='ocrx_word' id='word_1_429' title='bbox 1941 570 1970 596; x_wconf 86' lang='lat'>4,</span> <span class='ocrx_word' id='word_1_430' title='bbox 1986 570 2022 595; x_wconf 76' lang='lat'>19.</span> 
     </span>
    </p>

    <p class='ocr_par' dir='ltr' id='par_1_14' title="bbox 1155 593 2195 665">
     <span class='ocr_line' id='line_1_44' title="bbox 1192 593 2195 634; baseline 0.005 -13"><span class='ocrx_word' id='word_1_431' title='bbox 1192 602 1210 622; x_wconf 86' lang='lat' dir='ltr'>D</span> <span class='ocrx_word' id='word_1_432' title='bbox 1220 602 1229 621; x_wconf 94' lang='lat'>1</span> <span class='ocrx_word' id='word_1_433' title='bbox 1239 601 1255 621; x_wconf 88' lang='lat' dir='ltr'>C</span> <span class='ocrx_word' id='word_1_434' title='bbox 1269 601 1291 622; x_wconf 86' lang='grc' dir='ltr'><strong><em>Τ</em></strong></span> <span class='ocrx_word' id='word_1_435' title='bbox 1302 593 1323 622; x_wconf 67' lang='lat' dir='ltr'>V&#39;</span> <span class='ocrx_word' id='word_1_436' title='bbox 1332 602 1352 622; x_wconf 85' lang='lat' dir='ltr'>R</span> <span class='ocrx_word' id='word_1_437' title='bbox 1361 602 1370 620; x_wconf 88' lang='lat'>1</span> <span class='ocrx_word' id='word_1_438' title='bbox 1382 601 1401 621; x_wconf 91' lang='grc' dir='ltr'>Ο</span> <span class='ocrx_word' id='word_1_439' title='bbox 1412 615 1420 628; x_wconf 82' lang='grc'>,</span> <span class='ocrx_word' id='word_1_440' title='bbox 1440 597 1488 621; x_wconf 80' lang='lat' dir='ltr'>ire.</span> <span class='ocrx_word' id='word_1_441' title='bbox 1526 597 1613 622; x_wconf 75' lang='lat' dir='ltr'>Dicere</span> <span class='ocrx_word' id='word_1_442' title='bbox 1625 598 1719 624; x_wconf 82' lang='lat' dir='ltr'>molior.</span> <span class='ocrx_word' id='word_1_443' title='bbox 1754 598 1873 624; x_wconf 83' lang='lat' dir='ltr'>Macrob.</span> <span class='ocrx_word' id='word_1_444' title='bbox 1887 599 1989 625; x_wconf 75' lang='lat' dir='ltr'>Satura.</span> <span class='ocrx_word' id='word_1_445' title='bbox 2002 605 2028 633; x_wconf 85' lang='lat'>7,</span> <span class='ocrx_word' id='word_1_446' title='bbox 2041 606 2057 625; x_wconf 82' lang='lat'>2.</span> <span class='ocrx_word' id='word_1_447' title='bbox 2077 598 2125 625; x_wconf 82' lang='lat' dir='ltr'>Sed</span> <span class='ocrx_word' id='word_1_448' title='bbox 2138 609 2195 634; x_wconf 85' lang='lat' dir='ltr'>pcr-</span> 
     </span>
     <span class='ocr_line' id='line_1_45' title="bbox 1155 630 1843 665; baseline 0.006 -9"><span class='ocrx_word' id='word_1_449' title='bbox 1155 638 1186 665; x_wconf 86' lang='lat' dir='ltr'>ge</span> <span class='ocrx_word' id='word_1_450' title='bbox 1199 630 1301 657; x_wconf 85' lang='lat' dir='ltr'>Auiene</span> <span class='ocrx_word' id='word_1_451' title='bbox 1310 650 1318 662; x_wconf 93' lang='lat'>,</span> <span class='ocrx_word' id='word_1_452' title='bbox 1337 639 1370 656; x_wconf 88' lang='lat' dir='ltr'>ne</span> <span class='ocrx_word' id='word_1_453' title='bbox 1383 630 1450 658; x_wconf 87' lang='lat' dir='ltr'>vltra</span> <span class='ocrx_word' id='word_1_454' title='bbox 1465 636 1489 656; x_wconf 84' lang='lat' dir='ltr'>te</span> <span class='ocrx_word' id='word_1_455' title='bbox 1503 630 1688 658; x_wconf 64' lang='lat' dir='ltr'>dicturientem</span> <span class='ocrx_word' id='word_1_456' title='bbox 1704 633 1843 660; x_wconf 74' lang='lat' dir='ltr'>retardent.</span> 
     </span>
    </p>

    <p class='ocr_par' dir='ltr' id='par_1_15' title="bbox 1155 664 2197 840">
     <span class='ocr_line' id='line_1_46' title="bbox 1193 664 2196 705; baseline 0.005 -13"><span class='ocrx_word' id='word_1_457' title='bbox 1193 672 1211 692; x_wconf 91' lang='lat' dir='ltr'><strong>D</strong></span> <span class='ocrx_word' id='word_1_458' title='bbox 1221 671 1230 691; x_wconf 86' lang='lat'>1</span> <span class='ocrx_word' id='word_1_459' title='bbox 1240 666 1314 705; x_wconf 62' lang='lat'>91³6</span> <span class='ocrx_word' id='word_1_460' title='bbox 1324 671 1346 692; x_wconf 84' lang='grc' dir='ltr'>Τ</span> <span class='ocrx_word' id='word_1_461' title='bbox 1358 673 1376 691; x_wconf 88' lang='grc' dir='ltr'><strong><em>ν</em></strong></span> <span class='ocrx_word' id='word_1_462' title='bbox 1386 672 1410 691; x_wconf 85' lang='grc' dir='ltr'>Μ</span> <span class='ocrx_word' id='word_1_463' title='bbox 1425 685 1432 697; x_wconf 84' lang='grc'>,</span> <span class='ocrx_word' id='word_1_464' title='bbox 1455 665 1473 692; x_wconf 89' lang='grc'>1.</span> <span class='ocrx_word' id='word_1_465' title='bbox 1507 675 1532 692; x_wconf 90' lang='grc'>11.</span> <span class='ocrx_word' id='word_1_466' title='bbox 1570 664 1709 702; x_wconf 71' lang='grc' dir='ltr'>[δίκρυτον]</span> <span class='ocrx_word' id='word_1_467' title='bbox 1746 669 1853 695; x_wconf 78' lang='lat' dir='ltr'>Biremis</span> <span class='ocrx_word' id='word_1_468' title='bbox 1871 668 1974 700; x_wconf 82' lang='lat' dir='ltr'>dicitur.</span> <span class='ocrx_word' id='word_1_469' title='bbox 2011 670 2090 696; x_wconf 80' lang='lat' dir='ltr'>Iulius</span> <span class='ocrx_word' id='word_1_470' title='bbox 2111 670 2196 697; x_wconf 69' lang='lat' dir='ltr'>Pollux</span> 
     </span>
     <span class='ocr_line' id='line_1_47' title="bbox 1157 701 2197 740; baseline 0.004 -13"><span class='ocrx_word' id='word_1_471' title='bbox 1157 709 1177 733; x_wconf 92' lang='lat'>1,</span> <span class='ocrx_word' id='word_1_472' title='bbox 1191 709 1208 734; x_wconf 88' lang='lat'>9</span> <span class='ocrx_word' id='word_1_473' title='bbox 1229 701 1338 728; x_wconf 77' lang='lat' dir='ltr'>Dtcrota</span> <span class='ocrx_word' id='word_1_474' title='bbox 1350 701 1408 728; x_wconf 89' lang='lat' dir='ltr'>sunt</span> <span class='ocrx_word' id='word_1_475' title='bbox 1420 709 1498 727; x_wconf 88' lang='lat' dir='ltr'>naues</span> <span class='ocrx_word' id='word_1_476' title='bbox 1507 721 1515 734; x_wconf 88' lang='lat'>‚</span> <span class='ocrx_word' id='word_1_477' title='bbox 1534 710 1601 735; x_wconf 84' lang='lat' dir='ltr'>quae</span> <span class='ocrx_word' id='word_1_478' title='bbox 1614 702 1716 730; x_wconf 84' lang='lat' dir='ltr'>duobus</span> <span class='ocrx_word' id='word_1_479' title='bbox 1730 703 1913 737; x_wconf 77' lang='lat' dir='ltr'>gubernaculis</span> <span class='ocrx_word' id='word_1_480' title='bbox 1928 704 2026 738; x_wconf 86' lang='lat' dir='ltr'>pariter</span> <span class='ocrx_word' id='word_1_481' title='bbox 2038 713 2052 731; x_wconf 85' lang='lat' dir='ltr'>a</span> <span class='ocrx_word' id='word_1_482' title='bbox 2066 713 2144 740; x_wconf 84' lang='lat' dir='ltr'>prora</span> <span class='ocrx_word' id='word_1_483' title='bbox 2156 715 2197 731; x_wconf 83' lang='lat' dir='ltr'>re-</span> 
     </span>
     <span class='ocr_line' id='line_1_48' title="bbox 1464 737 2196 774; baseline 0.007 -12"><span class='ocrx_word' id='word_1_484' title='bbox 1464 737 1521 763; x_wconf 84' lang='lat' dir='ltr'>Cic.</span> <span class='ocrx_word' id='word_1_485' title='bbox 1542 739 1594 763; x_wconf 83' lang='lat' dir='ltr'>Att.</span> <span class='ocrx_word' id='word_1_486' title='bbox 1616 745 1638 770; x_wconf 81' lang='grc' dir='ltr'>ς,</span> <span class='ocrx_word' id='word_1_487' title='bbox 1659 747 1678 764; x_wconf 92' lang='grc'>11</span> <span class='ocrx_word' id='word_1_488' title='bbox 1710 739 1829 774; x_wconf 57' lang='grc' dir='ltr'>ἄφρακτοι</span> <span class='ocrx_word' id='word_1_489' title='bbox 1849 739 2032 770; x_wconf 66' lang='lat' dir='ltr'>Rhodiorum,</span> <span class='ocrx_word' id='word_1_490' title='bbox 2051 747 2076 766; x_wconf 85' lang='lat' dir='ltr'>et</span> <span class='ocrx_word' id='word_1_491' title='bbox 2095 741 2196 767; x_wconf 69' lang='lat' dir='ltr'>dit-rota</span> 
     </span>
     <span class='ocr_line' id='line_1_49' title="bbox 1155 771 2197 810; baseline 0.004 -12"><span class='ocrx_word' id='word_1_492' title='bbox 1155 771 1380 803; x_wconf 88' lang='lat' dir='ltr'>Mitylenaeorum</span> <span class='ocrx_word' id='word_1_493' title='bbox 1392 771 1537 804; x_wconf 72' lang='lat' dir='ltr'>habebam,</span> <span class='ocrx_word' id='word_1_494' title='bbox 1555 779 1580 798; x_wconf 90' lang='lat' dir='ltr'>ct</span> <span class='ocrx_word' id='word_1_495' title='bbox 1594 773 1666 799; x_wconf 89' lang='lat' dir='ltr'>aliud</span> <span class='ocrx_word' id='word_1_496' title='bbox 1680 774 1801 802; x_wconf 70' lang='grc' dir='ltr'><strong>ἐπίκωπον.</strong></span> <span class='ocrx_word' id='word_1_497' title='bbox 1833 775 1907 802; x_wconf 84' lang='lat' dir='ltr'>Idem</span> <span class='ocrx_word' id='word_1_498' title='bbox 1922 777 1961 807; x_wconf 83' lang='lat'>16,</span> <span class='ocrx_word' id='word_1_499' title='bbox 1974 785 1992 808; x_wconf 91' lang='lat'>4</span> <span class='ocrx_word' id='word_1_500' title='bbox 2019 775 2090 802; x_wconf 65' lang='lat' dir='ltr'>Nam</span> <span class='ocrx_word' id='word_1_501' title='bbox 2103 782 2128 802; x_wconf 88' lang='lat' dir='ltr'>ct</span> <span class='ocrx_word' id='word_1_502' title='bbox 2143 776 2197 810; x_wconf 90' lang='lat' dir='ltr'>ipse</span> 
     </span>
     <span class='ocr_line' id='line_1_50' title="bbox 1156 806 1682 840; baseline 0 -6"><span class='ocrx_word' id='word_1_503' title='bbox 1156 807 1291 834; x_wconf 85' lang='lat' dir='ltr'>Domitius</span> <span class='ocrx_word' id='word_1_504' title='bbox 1310 807 1379 833; x_wconf 86' lang='lat' dir='ltr'>bona</span> <span class='ocrx_word' id='word_1_505' title='bbox 1393 808 1468 840; x_wconf 82' lang='lat' dir='ltr'>plane</span> <span class='ocrx_word' id='word_1_506' title='bbox 1481 806 1559 834; x_wconf 86' lang='lat' dir='ltr'>habet</span> <span class='ocrx_word' id='word_1_507' title='bbox 1572 807 1682 835; x_wconf 88' lang='lat' dir='ltr'>dicrota.</span> 
     </span>
    </p>

    <p class='ocr_par' dir='ltr' id='par_1_16' title="bbox 1156 844 2199 917">
     <span class='ocr_line' id='line_1_51' title="bbox 1190 844 2198 882; baseline 0.006 -15"><span class='ocrx_word' id='word_1_508' title='bbox 1190 848 1447 875; x_wconf 76' lang='lat' dir='ltr'>nic&#39;rAMst,</span> <span class='ocrx_word' id='word_1_509' title='bbox 1474 844 1492 868; x_wconf 92' lang='lat' dir='ltr'>i.</span> <span class='ocrx_word' id='word_1_510' title='bbox 1516 852 1550 869; x_wconf 90' lang='lat' dir='ltr'>m.</span> <span class='ocrx_word' id='word_1_511' title='bbox 1577 845 1616 870; x_wconf 80' lang='lat' dir='ltr'>vel</span> <span class='ocrx_word' id='word_1_512' title='bbox 1638 848 1701 870; x_wconf 81' lang='lat' dir='ltr'>Dic</span> <span class='ocrx_word' id='word_1_513' title='bbox 1714 849 1910 877; x_wconf 80' lang='grc' dir='ltr'><strong>ΤΛΜΝνΜ,</strong></span> <span class='ocrx_word' id='word_1_514' title='bbox 1928 846 1946 871; x_wconf 94' lang='lat' dir='ltr'>i.</span> <span class='ocrx_word' id='word_1_515' title='bbox 1970 854 1996 871; x_wconf 90' lang='lat' dir='ltr'>n.</span> <span class='ocrx_word' id='word_1_516' title='bbox 2033 844 2198 882; x_wconf 23' lang='lat' dir='ltr'>[iim-alum]</span> 
     </span>
     <span class='ocr_line' id='line_1_52' title="bbox 1156 877 2199 917; baseline 0.003 -13"><span class='ocrx_word' id='word_1_517' title='bbox 1156 877 1310 913; x_wconf 80' lang='lat' dir='ltr'>Herba‚qua</span> <span class='ocrx_word' id='word_1_518' title='bbox 1327 879 1433 904; x_wconf 81' lang='lat' dir='ltr'>lacertae</span> <span class='ocrx_word' id='word_1_519' title='bbox 1447 878 1476 913; x_wconf 83' lang='lat' dir='ltr'>se</span> <span class='ocrx_word' id='word_1_520' title='bbox 1494 879 1623 914; x_wconf 75' lang='lat' dir='ltr'>resonent,</span> <span class='ocrx_word' id='word_1_521' title='bbox 1649 882 1835 915; x_wconf 73' lang='lat' dir='ltr'>quotiescunque</span> <span class='ocrx_word' id='word_1_522' title='bbox 1853 890 1906 907; x_wconf 80' lang='lat' dir='ltr'>cum</span> <span class='ocrx_word' id='word_1_523' title='bbox 1917 882 2075 917; x_wconf 59' lang='lat' dir='ltr'>strpentibus</span> <span class='ocrx_word' id='word_1_524' title='bbox 2087 889 2199 917; x_wconf 76' lang='lat' dir='ltr'>pugnam</span> 
     </span>
    </p>
   </div>
   <div class='ocr_carea' id='block_1_11' title="bbox 556 913 2199 951">
    <p class='ocr_par' dir='ltr' id='par_1_17' title="bbox 556 913 2199 951">
     <span class='ocr_line' id='line_1_53' title="bbox 556 913 2199 951; baseline 0.002 -11"><span class='ocrx_word' id='word_1_525' title='bbox 556 915 664 940; x_wconf 83' lang='lat' dir='ltr'>Facetus</span> <span class='ocrx_word' id='word_1_526' title='bbox 678 920 703 940; x_wconf 89' lang='lat' dir='ltr'>et</span> <span class='ocrx_word' id='word_1_527' title='bbox 717 913 792 940; x_wconf 87' lang='lat' dir='ltr'>dicax</span> <span class='ocrx_word' id='word_1_528' title='bbox 806 914 861 940; x_wconf 89' lang='lat' dir='ltr'>Cic.</span> <span class='ocrx_word' id='word_1_529' title='bbox 877 923 926 948; x_wconf 90' lang='lat' dir='ltr'>pro</span> <span class='ocrx_word' id='word_1_530' title='bbox 940 915 1035 942; x_wconf 87' lang='lat' dir='ltr'>Caelio</span> <span class='ocrx_word' id='word_1_531' title='bbox 1049 919 1090 951; x_wconf 87' lang='lat'>67.</span> <span class='ocrx_word' id='word_1_532' title='bbox 1101 924 1140 943; x_wconf 82' lang='lat'>20</span> <span class='ocrx_word' id='word_1_533' title='bbox 1153 913 1300 944; x_wconf 80' lang='lat' dir='ltr'>habuerint,</span> <span class='ocrx_word' id='word_1_534' title='bbox 1320 916 1347 939; x_wconf 87' lang='lat' dir='ltr'><em>A</em></span> <span class='ocrx_word' id='word_1_535' title='bbox 1359 913 1436 939; x_wconf 61' lang='lat' dir='ltr'>Dicte</span> <span class='ocrx_word' id='word_1_536' title='bbox 1449 915 1534 940; x_wconf 78' lang='lat' dir='ltr'>Cretae</span> <span class='ocrx_word' id='word_1_537' title='bbox 1548 922 1627 940; x_wconf 83' lang='lat' dir='ltr'>monte</span> <span class='ocrx_word' id='word_1_538' title='bbox 1639 914 1784 949; x_wconf 76' lang='lat' dir='ltr'>appellatam</span> <span class='ocrx_word' id='word_1_539' title='bbox 1804 917 1900 941; x_wconf 84' lang='lat' dir='ltr'>volunt.</span> <span class='ocrx_word' id='word_1_540' title='bbox 1938 918 2011 950; x_wconf 85' lang='lat' dir='ltr'>Virg.</span> <span class='ocrx_word' id='word_1_541' title='bbox 2024 917 2088 942; x_wconf 82' lang='lat' dir='ltr'>Aen.</span> <span class='ocrx_word' id='word_1_542' title='bbox 2104 926 2141 949; x_wconf 90' lang='lat'>12,</span> <span class='ocrx_word' id='word_1_543' title='bbox 2155 926 2199 951; x_wconf 82' lang='lat'>411</span> 
     </span>
    </p>
   </div>
   <div class='ocr_carea' id='block_1_12' title="bbox 1155 948 2200 1229">
    <p class='ocr_par' dir='ltr' id='par_1_18' title="bbox 1155 948 2200 1229">
     <span class='ocr_line' id='line_1_54' title="bbox 1156 948 2198 986; baseline 0.003 -11"><span class='ocrx_word' id='word_1_544' title='bbox 1156 948 1326 975; x_wconf 66' lang='lat' dir='ltr'>Dissamnum</span> <span class='ocrx_word' id='word_1_545' title='bbox 1348 949 1461 982; x_wconf 85' lang='lat' dir='ltr'>genitrix</span> <span class='ocrx_word' id='word_1_546' title='bbox 1478 950 1588 976; x_wconf 87' lang='lat' dir='ltr'>Cretaea</span> <span class='ocrx_word' id='word_1_547' title='bbox 1604 949 1688 983; x_wconf 84' lang='lat' dir='ltr'>carpit</span> <span class='ocrx_word' id='word_1_548' title='bbox 1708 948 1741 974; x_wconf 90' lang='lat' dir='ltr'>ab</span> <span class='ocrx_word' id='word_1_549' title='bbox 1755 948 1809 974; x_wconf 88' lang='lat' dir='ltr'>Ida.</span> <span class='ocrx_word' id='word_1_550' title='bbox 1846 950 1912 976; x_wconf 85' lang='lat' dir='ltr'>Plin.</span> <span class='ocrx_word' id='word_1_551' title='bbox 1927 957 1951 982; x_wconf 80' lang='lat'>8,</span> <span class='ocrx_word' id='word_1_552' title='bbox 1965 959 2006 984; x_wconf 88' lang='lat'>27.</span> <span class='ocrx_word' id='word_1_553' title='bbox 2045 954 2076 978; x_wconf 78' lang='lat' dir='ltr'>Et</span> <span class='ocrx_word' id='word_1_554' title='bbox 2096 961 2139 984; x_wconf 84' lang='lat'>20,</span> <span class='ocrx_word' id='word_1_555' title='bbox 2160 961 2198 986; x_wconf 88' lang='lat'>¹4·</span> 
     </span>
     <span class='ocr_line' id='line_1_55' title="bbox 1156 983 2199 1021; baseline 0.004 -11"><span class='ocrx_word' id='word_1_556' title='bbox 1156 984 1212 1010; x_wconf 89' lang='lat' dir='ltr'>Cic.</span> <span class='ocrx_word' id='word_1_557' title='bbox 1226 983 1258 1010; x_wconf 87' lang='lat' dir='ltr'>de</span> <span class='ocrx_word' id='word_1_558' title='bbox 1272 983 1307 1010; x_wconf 89' lang='lat' dir='ltr'>N.</span> <span class='ocrx_word' id='word_1_559' title='bbox 1321 984 1353 1010; x_wconf 92' lang='lat' dir='ltr'>D.</span> <span class='ocrx_word' id='word_1_560' title='bbox 1367 992 1380 1010; x_wconf 88' lang='lat'><em>2</em></span> <span class='ocrx_word' id='word_1_561' title='bbox 1395 993 1417 1010; x_wconf 88' lang='lat' dir='ltr'>c.</span> <span class='ocrx_word' id='word_1_562' title='bbox 1430 993 1449 1017; x_wconf 84' lang='lat'>4</span> <span class='ocrx_word' id='word_1_563' title='bbox 1481 985 1578 1018; x_wconf 84' lang='lat' dir='ltr'>Capras</span> <span class='ocrx_word' id='word_1_564' title='bbox 1597 984 1716 1010; x_wconf 84' lang='lat' dir='ltr'>auditum</span> <span class='ocrx_word' id='word_1_565' title='bbox 1731 984 1767 1010; x_wconf 82' lang='lat' dir='ltr'>est</span> <span class='ocrx_word' id='word_1_566' title='bbox 1787 985 1815 1010; x_wconf 87' lang='lat' dir='ltr'>in</span> <span class='ocrx_word' id='word_1_567' title='bbox 1830 986 1907 1011; x_wconf 87' lang='lat' dir='ltr'>Creta</span> <span class='ocrx_word' id='word_1_568' title='bbox 1922 987 2005 1018; x_wconf 67' lang='lat' dir='ltr'>feras,</span> <span class='ocrx_word' id='word_1_569' title='bbox 2025 996 2106 1021; x_wconf 89' lang='lat' dir='ltr'>quum</span> <span class='ocrx_word' id='word_1_570' title='bbox 2122 990 2199 1014; x_wconf 74' lang='lat' dir='ltr'>essent</span> 
     </span>
     <span class='ocr_line' id='line_1_56' title="bbox 1156 1018 2200 1054; baseline 0.005 -9"><span class='ocrx_word' id='word_1_571' title='bbox 1156 1018 1273 1046; x_wconf 83' lang='lat' dir='ltr'>confixae</span> <span class='ocrx_word' id='word_1_572' title='bbox 1292 1019 1428 1046; x_wconf 86' lang='lat' dir='ltr'>venenatis</span> <span class='ocrx_word' id='word_1_573' title='bbox 1449 1020 1563 1054; x_wconf 73' lang='lat' dir='ltr'>sagittis,</span> <span class='ocrx_word' id='word_1_574' title='bbox 1583 1019 1692 1046; x_wconf 83' lang='lat' dir='ltr'>herbam</span> <span class='ocrx_word' id='word_1_575' title='bbox 1713 1027 1854 1053; x_wconf 81' lang='lat' dir='ltr'>quaerere,</span> <span class='ocrx_word' id='word_1_576' title='bbox 1869 1029 1936 1053; x_wconf 89' lang='lat' dir='ltr'>quae</span> <span class='ocrx_word' id='word_1_577' title='bbox 1957 1020 2104 1048; x_wconf 66' lang='lat' dir='ltr'>dictamnus</span> <span class='ocrx_word' id='word_1_578' title='bbox 2123 1032 2200 1050; x_wconf 82' lang='lat' dir='ltr'>voca-</span> 
     </span>
     <span class='ocr_line' id='line_1_57' title="bbox 1155 1054 2199 1092; baseline 0.005 -11"><span class='ocrx_word' id='word_1_579' title='bbox 1155 1062 1244 1081; x_wconf 78' lang='lat' dir='ltr'>returt</span> <span class='ocrx_word' id='word_1_580' title='bbox 1268 1063 1347 1089; x_wconf 83' lang='lat' dir='ltr'>quam</span> <span class='ocrx_word' id='word_1_581' title='bbox 1367 1063 1449 1089; x_wconf 86' lang='lat' dir='ltr'>quum</span> <span class='ocrx_word' id='word_1_582' title='bbox 1469 1055 1649 1089; x_wconf 78' lang='lat' dir='ltr'>gussauiffent,</span> <span class='ocrx_word' id='word_1_583' title='bbox 1668 1055 1771 1088; x_wconf 77' lang='lat' dir='ltr'>sagittas</span> <span class='ocrx_word' id='word_1_584' title='bbox 1792 1054 1914 1081; x_wconf 85' lang='lat' dir='ltr'>excidere</span> <span class='ocrx_word' id='word_1_585' title='bbox 1933 1055 2023 1081; x_wconf 88' lang='lat' dir='ltr'>dicunt</span> <span class='ocrx_word' id='word_1_586' title='bbox 2046 1065 2060 1081; x_wconf 88' lang='lat' dir='ltr'>e</span> <span class='ocrx_word' id='word_1_587' title='bbox 2078 1066 2199 1092; x_wconf 87' lang='lat' dir='ltr'>corpore.</span> 
     </span>
     <span class='ocr_line' id='line_1_58' title="bbox 1924 1090 2200 1123; baseline 0.011 -7"><span class='ocrx_word' id='word_1_588' title='bbox 1924 1090 1986 1116; x_wconf 84' lang='lat' dir='ltr'>Stat.</span> <span class='ocrx_word' id='word_1_589' title='bbox 2001 1091 2064 1116; x_wconf 88' lang='lat' dir='ltr'>Silu.</span> <span class='ocrx_word' id='word_1_590' title='bbox 2080 1101 2099 1123; x_wconf 89' lang='lat'>1,</span> <span class='ocrx_word' id='word_1_591' title='bbox 2155 1102 2200 1120; x_wconf 86' lang='lat'>102</span> 
     </span>
     <span class='ocr_line' id='line_1_59' title="bbox 1156 1104 2199 1160; baseline 0.004 -9"><span class='ocrx_word' id='word_1_592' title='bbox 1156 1125 1250 1152; x_wconf 87' lang='lat' dir='ltr'>Idaeae</span> <span class='ocrx_word' id='word_1_593' title='bbox 1263 1125 1366 1160; x_wconf 83' lang='lat' dir='ltr'>profert</span> <span class='ocrx_word' id='word_1_594' title='bbox 1387 1134 1465 1160; x_wconf 88' lang='lat' dir='ltr'>quam</span> <span class='ocrx_word' id='word_1_595' title='bbox 1480 1127 1558 1153; x_wconf 87' lang='lat' dir='ltr'>Creta</span> <span class='ocrx_word' id='word_1_596' title='bbox 1576 1125 1622 1151; x_wconf 88' lang='lat' dir='ltr'>sub</span> <span class='ocrx_word' id='word_1_597' title='bbox 1636 1124 1730 1151; x_wconf 84' lang='lat' dir='ltr'>vmbra</span> <span class='ocrx_word' id='word_1_598' title='bbox 1757 1125 1893 1152; x_wconf 63' lang='lat' dir='ltr'>Diciamni</span> <span class='ocrx_word' id='word_1_599' title='bbox 1907 1126 2026 1153; x_wconf 87' lang='lat' dir='ltr'>florentis</span> <span class='ocrx_word' id='word_1_600' title='bbox 2039 1104 2141 1160; x_wconf 58' lang='lat' dir='ltr'>opens.b</span> <span class='ocrx_word' id='word_1_601' title='bbox 2162 1131 2199 1155; x_wconf 77' lang='lat' dir='ltr'>De</span> 
     </span>
     <span class='ocr_line' id='line_1_60' title="bbox 1155 1159 1849 1195; baseline -0.001 -8"><span class='ocrx_word' id='word_1_602' title='bbox 1155 1160 1298 1187; x_wconf 64' lang='lat' dir='ltr'>Difitanmo</span> <span class='ocrx_word' id='word_1_603' title='bbox 1310 1163 1337 1186; x_wconf 89' lang='lat' dir='ltr'>in</span> <span class='ocrx_word' id='word_1_604' title='bbox 1352 1162 1458 1193; x_wconf 81' lang='lat' dir='ltr'>Numis,</span> <span class='ocrx_word' id='word_1_605' title='bbox 1479 1160 1532 1187; x_wconf 83' lang='lat' dir='ltr'>vid.</span> <span class='ocrx_word' id='word_1_606' title='bbox 1547 1161 1638 1195; x_wconf 79' lang='lat' dir='ltr'>Spanh.</span> <span class='ocrx_word' id='word_1_607' title='bbox 1653 1159 1707 1193; x_wconf 76' lang='lat' dir='ltr'>diff</span> <span class='ocrx_word' id='word_1_608' title='bbox 1723 1164 1741 1187; x_wconf 88' lang='lat'><em>6</em></span> <span class='ocrx_word' id='word_1_609' title='bbox 1755 1169 1780 1194; x_wconf 88' lang='lat' dir='ltr'>p.</span> <span class='ocrx_word' id='word_1_610' title='bbox 1798 1163 1849 1192; x_wconf 86' lang='grc'>361.</span> 
     </span>
     <span class='ocr_line' id='line_1_61' title="bbox 1191 1195 1979 1229; baseline -0.003 -6"><span class='ocrx_word' id='word_1_611' title='bbox 1191 1202 1418 1229; x_wconf 77' lang='lat' dir='ltr'>ch&#39;rATOR,</span> <span class='ocrx_word' id='word_1_612' title='bbox 1441 1202 1506 1223; x_wconf 78' lang='lat' dir='ltr'>mc</span> <span class='ocrx_word' id='word_1_613' title='bbox 1520 1202 1713 1228; x_wconf 77' lang='lat' dir='ltr'>TATVRA,</span> <span class='ocrx_word' id='word_1_614' title='bbox 1738 1195 1789 1221; x_wconf 77' lang='lat' dir='ltr'>vid.</span> <span class='ocrx_word' id='word_1_615' title='bbox 1818 1202 1925 1228; x_wconf 78' lang='lat' dir='ltr'>Dico,</span> <span class='ocrx_word' id='word_1_616' title='bbox 1949 1195 1979 1222; x_wconf 86' lang='lat' dir='ltr'>is.</span> 
     </span>
    </p>
   </div>
   <div class='ocr_carea' id='block_1_13' title="bbox 1191 1229 2202 1268">
    <p class='ocr_par' dir='ltr' id='par_1_19' title="bbox 1191 1229 2202 1268">
     <span class='ocr_line' id='line_1_62' title="bbox 1191 1229 2202 1268; baseline 0.001 -10"><span class='ocrx_word' id='word_1_617' title='bbox 1191 1238 1210 1258; x_wconf 83' lang='lat' dir='ltr'>D</span> <span class='ocrx_word' id='word_1_618' title='bbox 1220 1239 1230 1258; x_wconf 93' lang='lat'>1</span> <span class='ocrx_word' id='word_1_619' title='bbox 1240 1238 1257 1259; x_wconf 89' lang='lat' dir='ltr'>c</span> <span class='ocrx_word' id='word_1_620' title='bbox 1269 1238 1291 1258; x_wconf 87' lang='grc' dir='ltr'><strong>Τ</strong></span> <span class='ocrx_word' id='word_1_621' title='bbox 1302 1239 1336 1263; x_wconf 79' lang='grc' dir='ltr'>Ε,</span> <span class='ocrx_word' id='word_1_622' title='bbox 1356 1240 1390 1258; x_wconf 85' lang='lat' dir='ltr'>es.</span> <span class='ocrx_word' id='word_1_623' title='bbox 1419 1231 1438 1257; x_wconf 89' lang='lat' dir='ltr'>f.</span> <span class='ocrx_word' id='word_1_624' title='bbox 1475 1232 1488 1266; x_wconf 93' lang='lat'>[</span> <span class='ocrx_word' id='word_1_625' title='bbox 1495 1233 1590 1264; x_wconf 70' lang='lat' dir='ltr'>Ainen]</span> <span class='ocrx_word' id='word_1_626' title='bbox 1625 1232 1701 1257; x_wconf 81' lang='lat' dir='ltr'>Mons</span> <span class='ocrx_word' id='word_1_627' title='bbox 1715 1229 1747 1263; x_wconf 78' lang='lat' dir='ltr'>est</span> <span class='ocrx_word' id='word_1_628' title='bbox 1763 1231 1856 1265; x_wconf 81' lang='lat' dir='ltr'>insulae</span> <span class='ocrx_word' id='word_1_629' title='bbox 1869 1232 1970 1264; x_wconf 82' lang='lat' dir='ltr'>Cretae,</span> <span class='ocrx_word' id='word_1_630' title='bbox 1984 1231 2118 1261; x_wconf 75' lang='lat' dir='ltr'>Ptolemaeo</span> <span class='ocrx_word' id='word_1_631' title='bbox 2132 1240 2202 1268; x_wconf 81' lang='grc'>3,17.</span> 
     </span>
    </p>
   </div>
   <div class='ocr_carea' id='block_1_14' title="bbox 46 1265 2203 1309">
    <p class='ocr_par' dir='ltr' id='par_1_20' title="bbox 46 1265 2203 1309">
     <span class='ocr_line' id='line_1_63' title="bbox 46 1265 2203 1309; baseline 0 -14"><span class='ocrx_word' id='word_1_632' title='bbox 46 1272 124 1297; x_wconf 72' lang='lat' dir='ltr'>timis</span> <span class='ocrx_word' id='word_1_633' title='bbox 133 1271 209 1305; x_wconf 73' lang='lat' dir='ltr'>risum</span> <span class='ocrx_word' id='word_1_634' title='bbox 223 1276 326 1297; x_wconf 80' lang='lat' dir='ltr'>mouent.</span> <span class='ocrx_word' id='word_1_635' title='bbox 364 1269 495 1296; x_wconf 87' lang='lat' dir='ltr'>Dicacitas</span> <span class='ocrx_word' id='word_1_636' title='bbox 513 1272 598 1295; x_wconf 82' lang='lat' dir='ltr'>acrius</span> <span class='ocrx_word' id='word_1_637' title='bbox 617 1267 880 1309; x_wconf 42' lang='lat' dir='ltr'>ingenium-postulat,</span> <span class='ocrx_word' id='word_1_638' title='bbox 899 1271 963 1305; x_wconf 86' lang='lat' dir='ltr'>quod</span> <span class='ocrx_word' id='word_1_639' title='bbox 979 1272 1092 1298; x_wconf 66' lang='lat' dir='ltr'>celeriter</span> <span class='ocrx_word' id='word_1_640' title='bbox 1105 1277 1138 1302; x_wconf 79' lang='lat'>30</span> <span class='ocrx_word' id='word_1_641' title='bbox 1155 1273 1179 1293; x_wconf 81' lang='lat' dir='ltr'>et</span> <span class='ocrx_word' id='word_1_642' title='bbox 1192 1267 1309 1294; x_wconf 82' lang='lat' dir='ltr'>Straboni</span> <span class='ocrx_word' id='word_1_643' title='bbox 1320 1276 1356 1293; x_wconf 84' lang='grc' dir='ltr'>ιο.</span> <span class='ocrx_word' id='word_1_644' title='bbox 1391 1267 1433 1294; x_wconf 86' lang='lat' dir='ltr'>Sic</span> <span class='ocrx_word' id='word_1_645' title='bbox 1447 1266 1534 1294; x_wconf 58' lang='lat' dir='ltr'>dietus</span> <span class='ocrx_word' id='word_1_646' title='bbox 1552 1276 1567 1293; x_wconf 88' lang='lat' dir='ltr'>a</span> <span class='ocrx_word' id='word_1_647' title='bbox 1580 1266 1659 1293; x_wconf 60' lang='lat' dir='ltr'>Dicte</span> <span class='ocrx_word' id='word_1_648' title='bbox 1673 1265 1787 1301; x_wconf 81' lang='lat' dir='ltr'>nympha</span> <span class='ocrx_word' id='word_1_649' title='bbox 1797 1286 1805 1299; x_wconf 91' lang='lat'>,</span> <span class='ocrx_word' id='word_1_650' title='bbox 1815 1275 1881 1301; x_wconf 89' lang='lat' dir='ltr'>quae</span> <span class='ocrx_word' id='word_1_651' title='bbox 1893 1266 1950 1293; x_wconf 86' lang='lat' dir='ltr'>illic</span> <span class='ocrx_word' id='word_1_652' title='bbox 1963 1266 2107 1299; x_wconf 87' lang='lat' dir='ltr'>colebatur,</span> <span class='ocrx_word' id='word_1_653' title='bbox 2123 1275 2152 1294; x_wconf 88' lang='lat' dir='ltr'>vt</span> <span class='ocrx_word' id='word_1_654' title='bbox 2165 1272 2203 1295; x_wconf 79' lang='lat' dir='ltr'>aie</span> 
     </span>
    </p>
   </div>
   <div class='ocr_carea' id='block_1_15' title="bbox 33 1304 1093 2324">
    <p class='ocr_par' dir='ltr' id='par_1_21' title="bbox 45 1304 1092 1377">
     <span class='ocr_line' id='line_1_64' title="bbox 46 1304 1092 1340; baseline 0.002 -8"><span class='ocrx_word' id='word_1_655' title='bbox 46 1312 70 1332; x_wconf 74' lang='lat' dir='ltr'>ee</span> <span class='ocrx_word' id='word_1_656' title='bbox 81 1314 111 1332; x_wconf 82' lang='lat' dir='ltr'>ex</span> <span class='ocrx_word' id='word_1_657' title='bbox 121 1311 225 1340; x_wconf 80' lang='lat' dir='ltr'>tempore</span> <span class='ocrx_word' id='word_1_658' title='bbox 234 1304 309 1339; x_wconf 82' lang='lat' dir='ltr'>poffit</span> <span class='ocrx_word' id='word_1_659' title='bbox 328 1305 498 1340; x_wconf 75' lang='lat' dir='ltr'>aduersarium</span> <span class='ocrx_word' id='word_1_660' title='bbox 511 1304 635 1331; x_wconf 81' lang='lat' dir='ltr'>mordere:</span> <span class='ocrx_word' id='word_1_661' title='bbox 663 1305 784 1331; x_wconf 82' lang='lat' dir='ltr'>Facetiae</span> <span class='ocrx_word' id='word_1_662' title='bbox 799 1311 895 1337; x_wconf 79' lang='lat' dir='ltr'>autem,</span> <span class='ocrx_word' id='word_1_663' title='bbox 909 1309 989 1332; x_wconf 79' lang='lat' dir='ltr'>maius</span> <span class='ocrx_word' id='word_1_664' title='bbox 1000 1314 1024 1333; x_wconf 79' lang='lat' dir='ltr'>et</span> <span class='ocrx_word' id='word_1_665' title='bbox 1036 1307 1092 1333; x_wconf 82' lang='lat' dir='ltr'>vbe-</span> 
     </span>
     <span class='ocr_line' id='line_1_65' title="bbox 45 1343 788 1377; baseline -0.004 -9"><span class='ocrx_word' id='word_1_666' title='bbox 45 1343 100 1368; x_wconf 80' lang='lat' dir='ltr'>rius</span> <span class='ocrx_word' id='word_1_667' title='bbox 115 1343 238 1377; x_wconf 76' lang='lat' dir='ltr'>ingenium</span> <span class='ocrx_word' id='word_1_668' title='bbox 250 1347 273 1366; x_wconf 78' lang='lat' dir='ltr'>et</span> <span class='ocrx_word' id='word_1_669' title='bbox 290 1347 368 1367; x_wconf 81' lang='lat' dir='ltr'>artem</span> <span class='ocrx_word' id='word_1_670' title='bbox 379 1343 521 1375; x_wconf 81' lang='lat' dir='ltr'>requirunt.</span> <span class='ocrx_word' id='word_1_671' title='bbox 785 1360 788 1361; x_wconf 50' lang='lat'>.</span> 
     </span>
    </p>

    <p class='ocr_par' dir='ltr' id='par_1_22' title="bbox 42 1373 1091 1472">
     <span class='ocr_line' id='line_1_66' title="bbox 61 1373 1091 1409; baseline 0 -7"><span class='ocrx_word' id='word_1_672' title='bbox 61 1406 65 1407; x_wconf 20' lang='lat'><em>⁷</em></span> <span class='ocrx_word' id='word_1_673' title='bbox 82 1381 118 1402; x_wconf 84' lang='lat' dir='ltr'>DI</span> <span class='ocrx_word' id='word_1_674' title='bbox 127 1381 199 1403; x_wconf 87' lang='lat' dir='ltr'>CAC</span> <span class='ocrx_word' id='word_1_675' title='bbox 208 1373 228 1402; x_wconf 60' lang='grc' dir='ltr'><strong>ὗ</strong></span> <span class='ocrx_word' id='word_1_676' title='bbox 238 1382 253 1401; x_wconf 89' lang='lat' dir='ltr'>L</span> <span class='ocrx_word' id='word_1_677' title='bbox 262 1383 283 1402; x_wconf 91' lang='lat' dir='ltr'>v</span> <span class='ocrx_word' id='word_1_678' title='bbox 293 1383 324 1409; x_wconf 83' lang='lat' dir='ltr'>s,</span> <span class='ocrx_word' id='word_1_679' title='bbox 338 1385 369 1408; x_wconf 86' lang='lat' dir='ltr'>a,</span> <span class='ocrx_word' id='word_1_680' title='bbox 390 1384 444 1402; x_wconf 87' lang='lat' dir='ltr'>um.</span> <span class='ocrx_word' id='word_1_681' title='bbox 480 1375 584 1403; x_wconf 87' lang='lat' dir='ltr'>Dimin.</span> <span class='ocrx_word' id='word_1_682' title='bbox 620 1374 791 1408; x_wconf 74' lang='grc' dir='ltr'><strong>[σκωπτίλσς]</strong></span> <span class='ocrx_word' id='word_1_683' title='bbox 827 1374 910 1401; x_wconf 78' lang='lat' dir='ltr'>Plaut.</span> <span class='ocrx_word' id='word_1_684' title='bbox 924 1375 993 1402; x_wconf 81' lang='lat' dir='ltr'>Afin.</span> <span class='ocrx_word' id='word_1_685' title='bbox 1006 1384 1028 1408; x_wconf 83' lang='grc'><strong>3,</strong></span> <span class='ocrx_word' id='word_1_686' title='bbox 1045 1385 1064 1408; x_wconf 84' lang='grc'>1,</span> <span class='ocrx_word' id='word_1_687' title='bbox 1077 1382 1091 1407; x_wconf 84' lang='lat'>8</span> 
     </span>
     <span class='ocr_line' id='line_1_67' title="bbox 42 1409 1091 1472; baseline 0.001 -35"><span class='ocrx_word' id='word_1_688' title='bbox 42 1409 110 1472; x_wconf 46' lang='lat' dir='ltr'>⁴{atis</span> <span class='ocrx_word' id='word_1_689' title='bbox 135 1409 250 1437; x_wconf 83' lang='lat' dir='ltr'>dicacula</span> <span class='ocrx_word' id='word_1_690' title='bbox 275 1420 302 1438; x_wconf 84' lang='lat' dir='ltr'>es</span> <span class='ocrx_word' id='word_1_691' title='bbox 323 1411 444 1438; x_wconf 86' lang='lat' dir='ltr'>amatrix.</span> <span class='ocrx_word' id='word_1_692' title='bbox 457 1434 459 1436; x_wconf 88' lang='lat'>.</span> <span class='ocrx_word' id='word_1_693' title='bbox 519 1409 609 1438; x_wconf 87' lang='lat' dir='ltr'>Puella</span> <span class='ocrx_word' id='word_1_694' title='bbox 634 1410 713 1445; x_wconf 88' lang='lat' dir='ltr'>Apul.</span> <span class='ocrx_word' id='word_1_695' title='bbox 735 1411 800 1437; x_wconf 83' lang='lat' dir='ltr'>Met.</span> <span class='ocrx_word' id='word_1_696' title='bbox 815 1419 828 1436; x_wconf 88' lang='lat'><em>2</em></span> <span class='ocrx_word' id='word_1_697' title='bbox 846 1420 872 1445; x_wconf 85' lang='lat' dir='ltr'>p.</span> <span class='ocrx_word' id='word_1_698' title='bbox 895 1416 941 1441; x_wconf 85' lang='lat'>118.</span> <span class='ocrx_word' id='word_1_699' title='bbox 998 1412 1091 1439; x_wconf 87' lang='lat' dir='ltr'>Sermo</span> 
     </span>
    </p>

    <p class='ocr_par' dir='ltr' id='par_1_23' title="bbox 76 1454 249 1480">
     <span class='ocr_line' id='line_1_68' title="bbox 76 1454 249 1480; baseline 0.006 -8"><span class='ocrx_word' id='word_1_700' title='bbox 76 1454 117 1472; x_wconf 85' lang='lat' dir='ltr'>em</span> <span class='ocrx_word' id='word_1_701' title='bbox 128 1455 141 1478; x_wconf 83' lang='lat'><em>3</em></span> <span class='ocrx_word' id='word_1_702' title='bbox 160 1455 186 1480; x_wconf 94' lang='lat' dir='ltr'>p.</span> <span class='ocrx_word' id='word_1_703' title='bbox 199 1455 249 1479; x_wconf 78' lang='lat'>133.</span> 
     </span>
    </p>

    <p class='ocr_par' dir='ltr' id='par_1_24' title="bbox 80 1480 1003 1516">
     <span class='ocr_line' id='line_1_69' title="bbox 80 1480 1003 1516; baseline 0.002 -9"><span class='ocrx_word' id='word_1_704' title='bbox 80 1480 300 1511; x_wconf 56' lang='lat' dir='ltr'>chsscV&#39;LE.</span> <span class='ocrx_word' id='word_1_705' title='bbox 320 1481 390 1509; x_wconf 87' lang='lat' dir='ltr'>Adu.</span> <span class='ocrx_word' id='word_1_706' title='bbox 428 1481 506 1509; x_wconf 83' lang='lat' dir='ltr'>Idem.</span> <span class='ocrx_word' id='word_1_707' title='bbox 542 1481 620 1516; x_wconf 87' lang='lat' dir='ltr'>Apul.</span> <span class='ocrx_word' id='word_1_708' title='bbox 632 1480 719 1508; x_wconf 85' lang='lat' dir='ltr'>Miles.</span> <span class='ocrx_word' id='word_1_709' title='bbox 734 1489 743 1508; x_wconf 93' lang='lat'>1</span> <span class='ocrx_word' id='word_1_710' title='bbox 758 1490 781 1515; x_wconf 90' lang='lat' dir='ltr'>p.</span> <span class='ocrx_word' id='word_1_711' title='bbox 798 1483 852 1508; x_wconf 81' lang='lat'>106.</span> <span class='ocrx_word' id='word_1_712' title='bbox 872 1484 901 1508; x_wconf 90' lang='lat' dir='ltr'>it.</span> <span class='ocrx_word' id='word_1_713' title='bbox 922 1487 946 1514; x_wconf 88' lang='lat'>8,</span> <span class='ocrx_word' id='word_1_714' title='bbox 968 1502 974 1509; x_wconf 95' lang='lat'>.</span> <span class='ocrx_word' id='word_1_715' title='bbox 996 1502 1003 1509; x_wconf 97' lang='lat'>.</span> 
     </span>
    </p>

    <p class='ocr_par' dir='ltr' id='par_1_25' title="bbox 41 1515 1093 1824">
     <span class='ocr_line' id='line_1_70' title="bbox 78 1515 1092 1552; baseline 0.002 -9"><span class='ocrx_word' id='word_1_716' title='bbox 78 1521 99 1542; x_wconf 92' lang='lat' dir='ltr'>D</span> <span class='ocrx_word' id='word_1_717' title='bbox 108 1524 118 1543; x_wconf 85' lang='lat'>1</span> <span class='ocrx_word' id='word_1_718' title='bbox 127 1523 143 1544; x_wconf 89' lang='lat' dir='ltr'>c</span> <span class='ocrx_word' id='word_1_719' title='bbox 152 1524 174 1544; x_wconf 86' lang='lat' dir='ltr'>A</span> <span class='ocrx_word' id='word_1_720' title='bbox 182 1523 199 1544; x_wconf 84' lang='lat' dir='ltr'>C</span> <span class='ocrx_word' id='word_1_721' title='bbox 208 1515 222 1544; x_wconf 70' lang='grc' dir='ltr'><strong><em>ἴ</em></strong></span> <span class='ocrx_word' id='word_1_722' title='bbox 232 1523 254 1543; x_wconf 80' lang='grc' dir='ltr'>Τ</span> <span class='ocrx_word' id='word_1_723' title='bbox 265 1524 287 1545; x_wconf 89' lang='grc' dir='ltr'>Α</span> <span class='ocrx_word' id='word_1_724' title='bbox 295 1524 308 1545; x_wconf 86' lang='lat' dir='ltr'>S</span> <span class='ocrx_word' id='word_1_725' title='bbox 316 1537 325 1550; x_wconf 87' lang='lat'>,</span> <span class='ocrx_word' id='word_1_726' title='bbox 351 1518 409 1544; x_wconf 73' lang='lat' dir='ltr'>atis.</span> <span class='ocrx_word' id='word_1_727' title='bbox 442 1518 462 1545; x_wconf 89' lang='lat' dir='ltr'>f.</span> <span class='ocrx_word' id='word_1_728' title='bbox 499 1518 511 1552; x_wconf 97' lang='lat'>[</span> <span class='ocrx_word' id='word_1_729' title='bbox 524 1519 605 1543; x_wconf 74' lang='grc' dir='ltr'>σιλλσι</span> <span class='ocrx_word' id='word_1_730' title='bbox 618 1516 632 1550; x_wconf 83' lang='grc'>]</span> <span class='ocrx_word' id='word_1_731' title='bbox 666 1516 777 1551; x_wconf 86' lang='lat' dir='ltr'>Proprie</span> <span class='ocrx_word' id='word_1_732' title='bbox 796 1516 921 1551; x_wconf 83' lang='lat' dir='ltr'>significat</span> <span class='ocrx_word' id='word_1_733' title='bbox 939 1518 1092 1545; x_wconf 87' lang='lat' dir='ltr'>Sermonem</span> 
     </span>
     <span class='ocr_line' id='line_1_71' title="bbox 42 1551 1091 1587; baseline 0.003 -10"><span class='ocrx_word' id='word_1_734' title='bbox 42 1558 103 1578; x_wconf 87' lang='lat' dir='ltr'>cum</span> <span class='ocrx_word' id='word_1_735' title='bbox 113 1553 170 1580; x_wconf 78' lang='lat' dir='ltr'>risu</span> <span class='ocrx_word' id='word_1_736' title='bbox 183 1553 288 1587; x_wconf 84' lang='lat' dir='ltr'>aliquos</span> <span class='ocrx_word' id='word_1_737' title='bbox 309 1554 493 1585; x_wconf 74' lang='lat' dir='ltr'>incefl&#39;entem,</span> <span class='ocrx_word' id='word_1_738' title='bbox 513 1556 551 1579; x_wconf 84' lang='lat' dir='ltr'>ait</span> <span class='ocrx_word' id='word_1_739' title='bbox 566 1551 698 1585; x_wconf 71' lang='lat' dir='ltr'>Qunffll.</span> <span class='ocrx_word' id='word_1_740' title='bbox 713 1554 739 1584; x_wconf 87' lang='lat'>6,</span> <span class='ocrx_word' id='word_1_741' title='bbox 751 1560 774 1584; x_wconf 78' lang='grc'><strong>3,</strong></span> <span class='ocrx_word' id='word_1_742' title='bbox 787 1561 821 1578; x_wconf 84' lang='lat'>21.</span> <span class='ocrx_word' id='word_1_743' title='bbox 859 1553 915 1579; x_wconf 89' lang='lat' dir='ltr'>Cic.</span> <span class='ocrx_word' id='word_1_744' title='bbox 930 1552 962 1579; x_wconf 86' lang='lat' dir='ltr'>de</span> <span class='ocrx_word' id='word_1_745' title='bbox 976 1554 1050 1580; x_wconf 83' lang='lat' dir='ltr'>Orat.</span> <span class='ocrx_word' id='word_1_746' title='bbox 1065 1563 1091 1587; x_wconf 71' lang='grc' dir='ltr'>ι,</span> 
     </span>
     <span class='ocr_line' id='line_1_72' title="bbox 42 1587 1093 1623; baseline 0.001 -9"><span class='ocrx_word' id='word_1_747' title='bbox 42 1592 87 1617; x_wconf 86' lang='lat'>218</span> <span class='ocrx_word' id='word_1_748' title='bbox 101 1597 121 1614; x_wconf 84' lang='lat' dir='ltr'>c.</span> <span class='ocrx_word' id='word_1_749' title='bbox 138 1596 171 1621; x_wconf 83' lang='lat'>54</span> <span class='ocrx_word' id='word_1_750' title='bbox 192 1587 247 1616; x_wconf 88' lang='lat' dir='ltr'>duo</span> <span class='ocrx_word' id='word_1_751' title='bbox 260 1597 357 1623; x_wconf 80' lang='lat' dir='ltr'>genera</span> <span class='ocrx_word' id='word_1_752' title='bbox 375 1589 532 1615; x_wconf 81' lang='lat' dir='ltr'>facetiarum</span> <span class='ocrx_word' id='word_1_753' title='bbox 549 1590 678 1620; x_wconf 77' lang='lat' dir='ltr'>nominat,</span> <span class='ocrx_word' id='word_1_754' title='bbox 696 1587 902 1614; x_wconf 82' lang='lat' dir='ltr'>Cauillationem</span> <span class='ocrx_word' id='word_1_755' title='bbox 918 1594 944 1614; x_wconf 88' lang='lat' dir='ltr'>et</span> <span class='ocrx_word' id='word_1_756' title='bbox 963 1589 1093 1615; x_wconf 84' lang='lat' dir='ltr'>Dicacita-</span> 
     </span>
     <span class='ocr_line' id='line_1_73' title="bbox 41 1628 105 1649; baseline 0.016 -1"><span class='ocrx_word' id='word_1_757' title='bbox 41 1628 105 1649; x_wconf 74' lang='lat' dir='ltr'>tem.</span> 
     </span>
     <span class='ocr_line' id='line_1_74' title="bbox 42 1657 1092 1693; baseline 0.002 -9"><span class='ocrx_word' id='word_1_758' title='bbox 42 1658 124 1691; x_wconf 81' lang='lat' dir='ltr'>sales,</span> <span class='ocrx_word' id='word_1_759' title='bbox 143 1658 191 1693; x_wconf 89' lang='lat' dir='ltr'>qui</span> <span class='ocrx_word' id='word_1_760' title='bbox 210 1657 239 1686; x_wconf 80' lang='lat' dir='ltr'>in</span> <span class='ocrx_word' id='word_1_761' title='bbox 259 1659 372 1689; x_wconf 85' lang='lat' dir='ltr'>dicendo</span> <span class='ocrx_word' id='word_1_762' title='bbox 389 1662 490 1686; x_wconf 89' lang='lat' dir='ltr'>mirum</span> <span class='ocrx_word' id='word_1_763' title='bbox 509 1664 637 1692; x_wconf 85' lang='lat' dir='ltr'>quantum</span> <span class='ocrx_word' id='word_1_764' title='bbox 658 1658 762 1693; x_wconf 79' lang='lat' dir='ltr'>valent,</span> <span class='ocrx_word' id='word_1_765' title='bbox 789 1666 903 1692; x_wconf 88' lang='lat' dir='ltr'>quorum</span> <span class='ocrx_word' id='word_1_766' title='bbox 925 1658 979 1685; x_wconf 86' lang='lat' dir='ltr'>duo</span> <span class='ocrx_word' id='word_1_767' title='bbox 997 1668 1092 1692; x_wconf 84' lang='lat' dir='ltr'>genera</span> 
     </span>
     <span class='ocr_line' id='line_1_75' title="bbox 41 1693 1091 1728; baseline 0.001 -9"><span class='ocrx_word' id='word_1_768' title='bbox 41 1693 118 1725; x_wconf 81' lang='lat' dir='ltr'>sunt,</span> <span class='ocrx_word' id='word_1_769' title='bbox 143 1702 227 1723; x_wconf 84' lang='lat' dir='ltr'>vnum</span> <span class='ocrx_word' id='word_1_770' title='bbox 245 1695 418 1728; x_wconf 82' lang='lat' dir='ltr'>facetiarum,</span> <span class='ocrx_word' id='word_1_771' title='bbox 437 1695 550 1721; x_wconf 84' lang='lat' dir='ltr'>alterum</span> <span class='ocrx_word' id='word_1_772' title='bbox 571 1693 726 1720; x_wconf 84' lang='lat' dir='ltr'>dicacitatis.</span> <span class='ocrx_word' id='word_1_773' title='bbox 798 1694 929 1723; x_wconf 88' lang='lat' dir='ltr'>Scurrilis‚</span> <span class='ocrx_word' id='word_1_774' title='bbox 943 1700 969 1720; x_wconf 92' lang='lat' dir='ltr'>et</span> <span class='ocrx_word' id='word_1_775' title='bbox 993 1695 1091 1721; x_wconf 88' lang='lat' dir='ltr'>scenica</span> 
     </span>
     <span class='ocr_line' id='line_1_76' title="bbox 43 1728 1091 1762; baseline 0 -9"><span class='ocrx_word' id='word_1_776' title='bbox 43 1728 167 1754; x_wconf 74' lang='lat' dir='ltr'>dicacitas</span> <span class='ocrx_word' id='word_1_777' title='bbox 181 1729 312 1762; x_wconf 64' lang='lat' dir='ltr'>Qii&#39;ndlil.</span> <span class='ocrx_word' id='word_1_778' title='bbox 325 1732 350 1760; x_wconf 89' lang='lat'>6,</span> <span class='ocrx_word' id='word_1_779' title='bbox 363 1738 386 1762; x_wconf 87' lang='grc'>3.</span> <span class='ocrx_word' id='word_1_780' title='bbox 457 1729 582 1756; x_wconf 79' lang='lat' dir='ltr'>scurrilis</span> <span class='ocrx_word' id='word_1_781' title='bbox 602 1729 712 1755; x_wconf 79' lang='lat' dir='ltr'>Oratori</span> <span class='ocrx_word' id='word_1_782' title='bbox 732 1728 854 1754; x_wconf 82' lang='lat' dir='ltr'>dicacitas</span> <span class='ocrx_word' id='word_1_783' title='bbox 873 1737 1034 1761; x_wconf 82' lang='lat' dir='ltr'>magnopere</span> <span class='ocrx_word' id='word_1_784' title='bbox 1050 1729 1091 1759; x_wconf 75' lang='lat' dir='ltr'>fu-</span> 
     </span>
     <span class='ocr_line' id='line_1_77' title="bbox 41 1762 1089 1824; baseline 0 -36"><span class='ocrx_word' id='word_1_785' title='bbox 41 1764 138 1824; x_wconf 61' lang='grc' dir='ltr'>ἓίοηάει</span> <span class='ocrx_word' id='word_1_786' title='bbox 151 1763 188 1789; x_wconf 77' lang='lat' dir='ltr'>est</span> <span class='ocrx_word' id='word_1_787' title='bbox 201 1765 256 1790; x_wconf 89' lang='lat' dir='ltr'>Cic.</span> <span class='ocrx_word' id='word_1_788' title='bbox 270 1764 303 1791; x_wconf 92' lang='lat' dir='ltr'>de</span> <span class='ocrx_word' id='word_1_789' title='bbox 319 1765 394 1792; x_wconf 87' lang='lat' dir='ltr'>Orat.</span> <span class='ocrx_word' id='word_1_790' title='bbox 406 1774 433 1798; x_wconf 85' lang='lat'>2,</span> <span class='ocrx_word' id='word_1_791' title='bbox 447 1773 503 1798; x_wconf 80' lang='lat'>244</span> <span class='ocrx_word' id='word_1_792' title='bbox 515 1773 537 1790; x_wconf 87' lang='lat' dir='ltr'>c.</span> <span class='ocrx_word' id='word_1_793' title='bbox 550 1766 594 1789; x_wconf 85' lang='lat'>60.</span> <span class='ocrx_word' id='word_1_794' title='bbox 665 1763 789 1789; x_wconf 85' lang='lat' dir='ltr'>Tinnula</span> <span class='ocrx_word' id='word_1_795' title='bbox 803 1762 880 1796; x_wconf 86' lang='lat' dir='ltr'>Apul.</span> <span class='ocrx_word' id='word_1_796' title='bbox 895 1764 961 1787; x_wconf 88' lang='lat' dir='ltr'>Met.</span> <span class='ocrx_word' id='word_1_797' title='bbox 977 1770 986 1787; x_wconf 83' lang='lat'>1</span> <span class='ocrx_word' id='word_1_798' title='bbox 1007 1771 1032 1795; x_wconf 89' lang='lat' dir='ltr'>p.</span> <span class='ocrx_word' id='word_1_799' title='bbox 1046 1764 1089 1788; x_wconf 89' lang='lat'>66.</span> 
     </span>
    </p>

    <p class='ocr_par' dir='ltr' id='par_1_26' title="bbox 61 1799 813 1825">
     <span class='ocr_line' id='line_1_78' title="bbox 61 1799 813 1825; baseline 0 -1"><span class='ocrx_word' id='word_1_800' title='bbox 61 1807 91 1824; x_wconf 83' lang='lat' dir='ltr'>on</span> <span class='ocrx_word' id='word_1_801' title='bbox 109 1817 116 1823; x_wconf 88' lang='lat'>.</span> <span class='ocrx_word' id='word_1_802' title='bbox 131 1799 251 1825; x_wconf 75' lang='lat' dir='ltr'>stewech.</span> <span class='ocrx_word' id='word_1_803' title='bbox 812 1810 813 1815; x_wconf 57' lang='lat'>¹</span> 
     </span>
    </p>

    <p class='ocr_par' dir='ltr' id='par_1_27' title="bbox 76 1798 995 1864">
     <span class='ocr_line' id='line_1_79' title="bbox 76 1798 995 1864; baseline -0.001 -7"><span class='ocrx_word' id='word_1_804' title='bbox 76 1798 114 1857; x_wconf 48' lang='grc' dir='ltr'>ἐς</span> <span class='ocrx_word' id='word_1_805' title='bbox 123 1837 164 1857; x_wconf 77' lang='lat' dir='ltr'>GE</span> <span class='ocrx_word' id='word_1_806' title='bbox 173 1838 201 1857; x_wconf 50' lang='lat' dir='ltr'>N.</span> <span class='ocrx_word' id='word_1_807' title='bbox 209 1837 232 1857; x_wconf 77' lang='lat' dir='ltr'>‘r</span> <span class='ocrx_word' id='word_1_808' title='bbox 242 1833 268 1858; x_wconf 73' lang='grc' dir='ltr'><strong><em>Ᾱ</em></strong></span> <span class='ocrx_word' id='word_1_809' title='bbox 275 1839 293 1859; x_wconf 80' lang='lat' dir='ltr'>R</span> <span class='ocrx_word' id='word_1_810' title='bbox 304 1839 314 1858; x_wconf 86' lang='lat'><em>1</em></span> <span class='ocrx_word' id='word_1_811' title='bbox 322 1839 343 1857; x_wconf 87' lang='lat' dir='ltr'><strong>v</strong></span> <span class='ocrx_word' id='word_1_812' title='bbox 353 1840 366 1858; x_wconf 86' lang='lat' dir='ltr'>s</span> <span class='ocrx_word' id='word_1_813' title='bbox 374 1850 383 1864; x_wconf 92' lang='lat'>,</span> <span class='ocrx_word' id='word_1_814' title='bbox 400 1832 419 1858; x_wconf 82' lang='lat' dir='ltr'>i.</span> <span class='ocrx_word' id='word_1_815' title='bbox 439 1841 476 1858; x_wconf 91' lang='lat' dir='ltr'>m.</span> <span class='ocrx_word' id='word_1_816' title='bbox 514 1830 609 1857; x_wconf 81' lang='lat' dir='ltr'>Orator</span> <span class='ocrx_word' id='word_1_817' title='bbox 621 1832 648 1856; x_wconf 86' lang='lat' dir='ltr'>in</span> <span class='ocrx_word' id='word_1_818' title='bbox 668 1830 749 1856; x_wconf 82' lang='lat' dir='ltr'>Gloff.</span> <span class='ocrx_word' id='word_1_819' title='bbox 763 1830 809 1855; x_wconf 85' lang='lat' dir='ltr'>Gr.</span> <span class='ocrx_word' id='word_1_820' title='bbox 821 1830 878 1855; x_wconf 84' lang='lat' dir='ltr'>Lat.</span> <span class='ocrx_word' id='word_1_821' title='bbox 897 1830 995 1859; x_wconf 76' lang='grc' dir='ltr'>λέκτης.</span> 
     </span>
    </p>

    <p class='ocr_par' dir='ltr' id='par_1_28' title="bbox 75 1863 933 1899">
     <span class='ocr_line' id='line_1_80' title="bbox 75 1863 933 1899; baseline -0.001 -7"><span class='ocrx_word' id='word_1_822' title='bbox 75 1867 144 1894; x_wconf 74' lang='lat' dir='ltr'>Dic</span> <span class='ocrx_word' id='word_1_823' title='bbox 154 1864 191 1892; x_wconf 82' lang='lat' dir='ltr'>i&#39;B</span> <span class='ocrx_word' id='word_1_824' title='bbox 201 1864 214 1891; x_wconf 75' lang='grc' dir='ltr'><em>ἶ</em></span> <span class='ocrx_word' id='word_1_825' title='bbox 223 1872 240 1890; x_wconf 86' lang='grc'>1.</span> <span class='ocrx_word' id='word_1_826' title='bbox 250 1873 281 1892; x_wconf 90' lang='lat' dir='ltr'>1s</span> <span class='ocrx_word' id='word_1_827' title='bbox 290 1884 309 1898; x_wconf 94' lang='lat'>‚-</span> <span class='ocrx_word' id='word_1_828' title='bbox 320 1874 344 1891; x_wconf 86' lang='lat' dir='ltr'>e.</span> <span class='ocrx_word' id='word_1_829' title='bbox 380 1866 442 1892; x_wconf 85' lang='lat' dir='ltr'>Adi.</span> <span class='ocrx_word' id='word_1_830' title='bbox 479 1865 560 1891; x_wconf 81' lang='lat' dir='ltr'>Gloss.</span> <span class='ocrx_word' id='word_1_831' title='bbox 577 1864 696 1891; x_wconf 88' lang='lat' dir='ltr'>Dicibile</span> <span class='ocrx_word' id='word_1_832' title='bbox 705 1884 714 1897; x_wconf 87' lang='lat'>,</span> <span class='ocrx_word' id='word_1_833' title='bbox 732 1863 835 1898; x_wconf 75' lang='grc' dir='ltr'><strong>λεκτόν,</strong></span> <span class='ocrx_word' id='word_1_834' title='bbox 852 1864 933 1899; x_wconf 71' lang='grc' dir='ltr'>ῥητὸν.</span> 
     </span>
    </p>

    <p class='ocr_par' dir='ltr' id='par_1_29' title="bbox 76 1898 629 1933">
     <span class='ocr_line' id='line_1_81' title="bbox 76 1898 629 1933; baseline -0.005 -6"><span class='ocrx_word' id='word_1_835' title='bbox 76 1906 96 1928; x_wconf 83' lang='lat' dir='ltr'>n</span> <span class='ocrx_word' id='word_1_836' title='bbox 105 1906 169 1928; x_wconf 75' lang='lat' dir='ltr'>1c‘r</span> <span class='ocrx_word' id='word_1_837' title='bbox 178 1902 203 1928; x_wconf 61' lang='grc' dir='ltr'>,οἱ</span> <span class='ocrx_word' id='word_1_838' title='bbox 211 1907 307 1933; x_wconf 76' lang='grc' dir='ltr'><strong>ΜΕΝ,</strong></span> <span class='ocrx_word' id='word_1_839' title='bbox 327 1900 388 1927; x_wconf 78' lang='lat' dir='ltr'>i&#39;nis.</span> <span class='ocrx_word' id='word_1_840' title='bbox 408 1910 434 1927; x_wconf 91' lang='lat' dir='ltr'>n.</span> <span class='ocrx_word' id='word_1_841' title='bbox 461 1900 542 1927; x_wconf 71' lang='lat' dir='ltr'>Glofl&#39;.</span> <span class='ocrx_word' id='word_1_842' title='bbox 557 1898 629 1933; x_wconf 57' lang='grc' dir='ltr'>φωνή.</span> 
     </span>
    </p>

    <p class='ocr_par' dir='ltr' id='par_1_30' title="bbox 44 1933 1090 2006">
     <span class='ocr_line' id='line_1_82' title="bbox 74 1933 1090 1970; baseline -0.001 -7"><span class='ocrx_word' id='word_1_843' title='bbox 74 1941 94 1963; x_wconf 84' lang='lat' dir='ltr'>D</span> <span class='ocrx_word' id='word_1_844' title='bbox 103 1943 113 1962; x_wconf 87' lang='grc' dir='ltr'>Ι</span> <span class='ocrx_word' id='word_1_845' title='bbox 122 1941 140 1962; x_wconf 91' lang='lat' dir='ltr'>C</span> <span class='ocrx_word' id='word_1_846' title='bbox 153 1942 176 1963; x_wconf 81' lang='grc' dir='ltr'><strong>Τ</strong></span> <span class='ocrx_word' id='word_1_847' title='bbox 187 1943 226 1963; x_wconf 91' lang='lat'>10</span> <span class='ocrx_word' id='word_1_848' title='bbox 235 1943 286 1963; x_wconf 82' lang='lat' dir='ltr'>NA</span> <span class='ocrx_word' id='word_1_849' title='bbox 296 1942 315 1962; x_wconf 85' lang='lat' dir='ltr'>R</span> <span class='ocrx_word' id='word_1_850' title='bbox 326 1943 336 1962; x_wconf 90' lang='lat'>1</span> <span class='ocrx_word' id='word_1_851' title='bbox 345 1943 366 1962; x_wconf 91' lang='lat' dir='ltr'>v</span> <span class='ocrx_word' id='word_1_852' title='bbox 375 1943 400 1963; x_wconf 91' lang='lat' dir='ltr'>M</span> <span class='ocrx_word' id='word_1_853' title='bbox 415 1956 425 1969; x_wconf 89' lang='lat'>,</span> <span class='ocrx_word' id='word_1_854' title='bbox 448 1936 479 1963; x_wconf 85' lang='lat' dir='ltr'>ii.</span> <span class='ocrx_word' id='word_1_855' title='bbox 509 1945 535 1962; x_wconf 90' lang='lat' dir='ltr'>n.</span> <span class='ocrx_word' id='word_1_856' title='bbox 571 1933 705 1969; x_wconf 72' lang='grc' dir='ltr'>[λεξαόν]</span> <span class='ocrx_word' id='word_1_857' title='bbox 748 1934 876 1970; x_wconf 74' lang='lat' dir='ltr'>Improbat</span> <span class='ocrx_word' id='word_1_858' title='bbox 908 1934 973 1961; x_wconf 84' lang='lat' dir='ltr'>banc</span> <span class='ocrx_word' id='word_1_859' title='bbox 1005 1944 1090 1962; x_wconf 78' lang='lat' dir='ltr'>vocem</span> 
     </span>
     <span class='ocr_line' id='line_1_83' title="bbox 44 1970 745 2006; baseline -0.003 -7"><span class='ocrx_word' id='word_1_860' title='bbox 44 1970 110 2005; x_wconf 76' lang='lat' dir='ltr'>Vqff.</span> <span class='ocrx_word' id='word_1_861' title='bbox 127 1971 155 1997; x_wconf 80' lang='lat' dir='ltr'>de</span> <span class='ocrx_word' id='word_1_862' title='bbox 175 1972 229 1998; x_wconf 79' lang='lat' dir='ltr'>Vir.</span> <span class='ocrx_word' id='word_1_863' title='bbox 243 1972 273 1998; x_wconf 86' lang='lat' dir='ltr'>L.</span> <span class='ocrx_word' id='word_1_864' title='bbox 287 1972 317 1998; x_wconf 91' lang='lat' dir='ltr'>L.</span> <span class='ocrx_word' id='word_1_865' title='bbox 335 1982 356 2003; x_wconf 89' lang='lat'>1,</span> <span class='ocrx_word' id='word_1_866' title='bbox 369 1981 408 2006; x_wconf 83' lang='lat'>17.</span> <span class='ocrx_word' id='word_1_867' title='bbox 594 1992 596 1995; x_wconf 93' lang='lat'>.</span> <span class='ocrx_word' id='word_1_868' title='bbox 742 1990 745 1992; x_wconf 36' lang='lat' dir='ltr'>v</span> 
     </span>
    </p>

    <p class='ocr_par' dir='ltr' id='par_1_31' title="bbox 33 2005 1089 2177">
     <span class='ocr_line' id='line_1_84' title="bbox 76 2005 1089 2039; baseline -0.001 -7"><span class='ocrx_word' id='word_1_869' title='bbox 76 2013 173 2034; x_wconf 83' lang='lat' dir='ltr'>n1cT</span> <span class='ocrx_word' id='word_1_870' title='bbox 186 2013 205 2034; x_wconf 95' lang='grc' dir='ltr'>ο</span> <span class='ocrx_word' id='word_1_871' title='bbox 218 2013 438 2039; x_wconf 72' lang='grc' dir='ltr'><strong>-ΑνυιΕΝς,</strong></span> <span class='ocrx_word' id='word_1_872' title='bbox 462 2012 487 2033; x_wconf 80' lang='lat' dir='ltr'>et</span> <span class='ocrx_word' id='word_1_873' title='bbox 506 2011 604 2033; x_wconf 81' lang='lat' dir='ltr'>1&gt;1cT</span> <span class='ocrx_word' id='word_1_874' title='bbox 617 2011 637 2032; x_wconf 93' lang='lat' dir='ltr'>o</span> <span class='ocrx_word' id='word_1_875' title='bbox 652 2021 663 2027; x_wconf 88' lang='lat'>-</span> <span class='ocrx_word' id='word_1_876' title='bbox 678 2010 930 2032; x_wconf 71' lang='lat' dir='ltr'>AvanN&#39;rm.</span> <span class='ocrx_word' id='word_1_877' title='bbox 967 2005 1089 2031; x_wconf 90' lang='lat' dir='ltr'>Vet.1n-</span> 
     </span>
     <span class='ocr_line' id='line_1_85' title="bbox 42 2043 343 2077; baseline -0.007 -7"><span class='ocrx_word' id='word_1_878' title='bbox 42 2047 122 2077; x_wconf 80' lang='lat' dir='ltr'>terpr.</span> <span class='ocrx_word' id='word_1_879' title='bbox 138 2043 241 2069; x_wconf 85' lang='lat' dir='ltr'>Irenaei</span> <span class='ocrx_word' id='word_1_880' title='bbox 257 2051 285 2075; x_wconf 90' lang='lat'>4,</span> <span class='ocrx_word' id='word_1_881' title='bbox 299 2050 343 2077; x_wconf 91' lang='lat'>79.</span> 
     </span>
     <span class='ocr_line' id='line_1_86' title="bbox 40 2073 1089 2111; baseline -0.004 -6"><span class='ocrx_word' id='word_1_882' title='bbox 40 2075 43 2079; x_wconf 53' lang='lat'><strong>⁴</strong></span> <span class='ocrx_word' id='word_1_883' title='bbox 76 2084 140 2105; x_wconf 87' lang='lat' dir='ltr'>DIc</span> <span class='ocrx_word' id='word_1_884' title='bbox 151 2084 311 2110; x_wconf 83' lang='lat' dir='ltr'>Tlosvs,</span> <span class='ocrx_word' id='word_1_885' title='bbox 331 2086 361 2108; x_wconf 85' lang='lat' dir='ltr'>a,</span> <span class='ocrx_word' id='word_1_886' title='bbox 381 2085 436 2103; x_wconf 84' lang='lat' dir='ltr'>um.</span> <span class='ocrx_word' id='word_1_887' title='bbox 473 2075 535 2103; x_wconf 84' lang='lat' dir='ltr'>Adi.</span> <span class='ocrx_word' id='word_1_888' title='bbox 578 2076 629 2102; x_wconf 89' lang='lat' dir='ltr'>Pro</span> <span class='ocrx_word' id='word_1_889' title='bbox 649 2074 746 2102; x_wconf 79' lang='lat' dir='ltr'>Dicace</span> <span class='ocrx_word' id='word_1_890' title='bbox 763 2078 865 2111; x_wconf 80' lang='lat' dir='ltr'>antique</span> <span class='ocrx_word' id='word_1_891' title='bbox 883 2073 978 2101; x_wconf 73' lang='lat' dir='ltr'>diHum</span> <span class='ocrx_word' id='word_1_892' title='bbox 999 2076 1089 2102; x_wconf 86' lang='lat' dir='ltr'>Varro</span> 
     </span>
     <span class='ocr_line' id='line_1_87' title="bbox 33 2108 1088 2148; baseline -0.005 -7"><span class='ocrx_word' id='word_1_893' title='bbox 33 2108 114 2141; x_wconf 78' lang='lat' dir='ltr'>&#39;L.&#39;1..</span> <span class='ocrx_word' id='word_1_894' title='bbox 128 2121 150 2147; x_wconf 75' lang='grc' dir='ltr'><strong>ς,</strong></span> <span class='ocrx_word' id='word_1_895' title='bbox 162 2120 180 2148; x_wconf 89' lang='lat'><strong>7</strong></span> <span class='ocrx_word' id='word_1_896' title='bbox 200 2122 238 2148; x_wconf 42' lang='grc' dir='ltr'>μ,</span> <span class='ocrx_word' id='word_1_897' title='bbox 245 2114 285 2146; x_wconf 83' lang='lat'>56,</span> <span class='ocrx_word' id='word_1_898' title='bbox 298 2120 332 2146; x_wconf 86' lang='lat'>24</span> <span class='ocrx_word' id='word_1_899' title='bbox 357 2112 428 2138; x_wconf 85' lang='lat' dir='ltr'>Hinc</span> <span class='ocrx_word' id='word_1_900' title='bbox 449 2114 482 2144; x_wconf 89' lang='lat' dir='ltr'>(a</span> <span class='ocrx_word' id='word_1_901' title='bbox 495 2110 631 2142; x_wconf 84' lang='lat' dir='ltr'>dicendo)</span> <span class='ocrx_word' id='word_1_902' title='bbox 652 2110 813 2145; x_wconf 84' lang='lat' dir='ltr'>appellatum</span> <span class='ocrx_word' id='word_1_903' title='bbox 832 2110 934 2137; x_wconf 67' lang='lat' dir='ltr'>dietum</span> <span class='ocrx_word' id='word_1_904' title='bbox 947 2111 977 2137; x_wconf 85' lang='lat' dir='ltr'>in</span> <span class='ocrx_word' id='word_1_905' title='bbox 990 2112 1088 2143; x_wconf 85' lang='lat' dir='ltr'>Mimo,</span> 
     </span>
     <span class='ocr_line' id='line_1_88' title="bbox 42 2148 239 2177; baseline -0.005 -2"><span class='ocrx_word' id='word_1_906' title='bbox 42 2154 70 2175; x_wconf 89' lang='lat' dir='ltr'>et</span> <span class='ocrx_word' id='word_1_907' title='bbox 82 2148 222 2177; x_wconf 61' lang='lat' dir='ltr'>dictionis.</span> <span class='ocrx_word' id='word_1_908' title='bbox 236 2176 239 2177; x_wconf 19' lang='lat'><em>⁷</em></span> 
     </span>
    </p>

    <p class='ocr_par' dir='ltr' id='par_1_32' title="bbox 40 2178 1090 2324">
     <span class='ocr_line' id='line_1_89' title="bbox 76 2178 1087 2216; baseline -0.005 -6"><span class='ocrx_word' id='word_1_909' title='bbox 76 2182 391 2215; x_wconf 58' lang='lat' dir='ltr'>DICTETOR‚&lt;&#39;)riS.m.&#39;</span> <span class='ocrx_word' id='word_1_910' title='bbox 402 2179 555 2216; x_wconf 74' lang='grc' dir='ltr'><strong>[ὖφηγητῆς,</strong></span> <span class='ocrx_word' id='word_1_911' title='bbox 569 2178 710 2216; x_wconf 61' lang='grc' dir='ltr'>δικτάτωρ]</span> <span class='ocrx_word' id='word_1_912' title='bbox 731 2183 758 2208; x_wconf 80' lang='lat' dir='ltr'>Is</span> <span class='ocrx_word' id='word_1_913' title='bbox 767 2179 808 2214; x_wconf 72' lang='lat' dir='ltr'>est,</span> <span class='ocrx_word' id='word_1_914' title='bbox 817 2183 860 2216; x_wconf 84' lang='lat' dir='ltr'>qui</span> <span class='ocrx_word' id='word_1_915' title='bbox 872 2178 973 2210; x_wconf 65' lang='grc' dir='ltr'><em>ᾱίξῖαιῑ</em></span> <span class='ocrx_word' id='word_1_916' title='bbox 986 2180 1087 2207; x_wconf 70' lang='lat' dir='ltr'>di&amp;are</span> 
     </span>
     <span class='ocr_line' id='line_1_90' title="bbox 40 2216 1089 2253; baseline -0.005 -7"><span class='ocrx_word' id='word_1_917' title='bbox 40 2225 120 2246; x_wconf 71' lang='lat' dir='ltr'>autem</span> <span class='ocrx_word' id='word_1_918' title='bbox 129 2222 203 2246; x_wconf 78' lang='lat' dir='ltr'>etiam</span> <span class='ocrx_word' id='word_1_919' title='bbox 216 2218 314 2245; x_wconf 86' lang='lat' dir='ltr'>iuberee</span> <span class='ocrx_word' id='word_1_920' title='bbox 334 2227 356 2251; x_wconf 86' lang='lat' dir='ltr'>e,</span> <span class='ocrx_word' id='word_1_921' title='bbox 368 2218 485 2245; x_wconf 82' lang='lat' dir='ltr'>uidimus.</span> <span class='ocrx_word' id='word_1_922' title='bbox 506 2218 593 2253; x_wconf 83' lang='lat' dir='ltr'>Itaque</span> <span class='ocrx_word' id='word_1_923' title='bbox 602 2216 725 2243; x_wconf 63' lang='lat' dir='ltr'>Dictator</span> <span class='ocrx_word' id='word_1_924' title='bbox 732 2218 820 2243; x_wconf 85' lang='lat' dir='ltr'>Romae</span> <span class='ocrx_word' id='word_1_925' title='bbox 827 2216 965 2248; x_wconf 81' lang='lat' dir='ltr'>dicebatur,</span> <span class='ocrx_word' id='word_1_926' title='bbox 973 2219 1015 2251; x_wconf 86' lang='lat' dir='ltr'>qui</span> <span class='ocrx_word' id='word_1_927' title='bbox 1029 2217 1089 2242; x_wconf 85' lang='lat' dir='ltr'>aliis</span> 
     </span>
     <span class='ocr_line' id='line_1_91' title="bbox 40 2250 1090 2294; baseline -0.002 -14"><span class='ocrx_word' id='word_1_928' title='bbox 40 2254 154 2280; x_wconf 79' lang='lat' dir='ltr'>omnibus</span> <span class='ocrx_word' id='word_1_929' title='bbox 166 2253 242 2289; x_wconf 76' lang='lat' dir='ltr'>pqffit</span> <span class='ocrx_word' id='word_1_930' title='bbox 261 2253 288 2279; x_wconf 86' lang='lat' dir='ltr'>di</span> <span class='ocrx_word' id='word_1_931' title='bbox 315 2262 373 2284; x_wconf 82' lang='lat' dir='ltr'>are,</span> <span class='ocrx_word' id='word_1_932' title='bbox 390 2257 408 2280; x_wconf 88' lang='lat' dir='ltr'>i.</span> <span class='ocrx_word' id='word_1_933' title='bbox 428 2256 549 2294; x_wconf 60' lang='lat' dir='ltr'>imperare</span> <span class='ocrx_word' id='word_1_934' title='bbox 565 2262 595 2279; x_wconf 84' lang='grc' dir='ltr'>αι·</span> <span class='ocrx_word' id='word_1_935' title='bbox 608 2255 760 2288; x_wconf 73' lang='lat' dir='ltr'>praecipere.</span> <span class='ocrx_word' id='word_1_936' title='bbox 796 2251 844 2279; x_wconf 83' lang='lat' dir='ltr'>Sed</span> <span class='ocrx_word' id='word_1_937' title='bbox 857 2250 993 2284; x_wconf 69' lang='lat' dir='ltr'>Dictator,</span> <span class='ocrx_word' id='word_1_938' title='bbox 1006 2251 1090 2287; x_wconf 63' lang='lat' dir='ltr'>inquit</span> 
     </span>
     <span class='ocr_line' id='line_1_92' title="bbox 41 2286 1086 2324; baseline -0.002 -8"><span class='ocrx_word' id='word_1_939' title='bbox 41 2289 128 2316; x_wconf 82' lang='lat' dir='ltr'>Varro</span> <span class='ocrx_word' id='word_1_940' title='bbox 135 2297 184 2324; x_wconf 77' lang='lat'>5‚7</span> <span class='ocrx_word' id='word_1_941' title='bbox 197 2289 230 2316; x_wconf 91' lang='lat' dir='ltr'>de</span> <span class='ocrx_word' id='word_1_942' title='bbox 237 2289 267 2315; x_wconf 88' lang='lat' dir='ltr'>L.</span> <span class='ocrx_word' id='word_1_943' title='bbox 275 2289 305 2316; x_wconf 90' lang='lat' dir='ltr'>L.</span> <span class='ocrx_word' id='word_1_944' title='bbox 320 2288 444 2323; x_wconf 85' lang='lat' dir='ltr'>magister</span> <span class='ocrx_word' id='word_1_945' title='bbox 455 2289 559 2323; x_wconf 80' lang='lat' dir='ltr'>populi,</span> <span class='ocrx_word' id='word_1_946' title='bbox 568 2288 640 2323; x_wconf 89' lang='lat' dir='ltr'>quod</span> <span class='ocrx_word' id='word_1_947' title='bbox 648 2288 670 2314; x_wconf 89' lang='lat' dir='ltr'>is</span> <span class='ocrx_word' id='word_1_948' title='bbox 683 2287 821 2315; x_wconf 88' lang='lat' dir='ltr'>aConsule</span> <span class='ocrx_word' id='word_1_949' title='bbox 835 2287 912 2314; x_wconf 87' lang='lat' dir='ltr'>debet</span> <span class='ocrx_word' id='word_1_950' title='bbox 925 2286 988 2314; x_wconf 90' lang='lat' dir='ltr'>dici.</span> <span class='ocrx_word' id='word_1_951' title='bbox 1025 2288 1086 2315; x_wconf 90' lang='lat' dir='ltr'>Liu.</span> 
     </span>
    </p>
   </div>
   <div class='ocr_carea' id='block_1_16' title="bbox 14 2319 1659 2358">
    <p class='ocr_par' dir='ltr' id='par_1_33' title="bbox 14 2319 1659 2358">
     <span class='ocr_line' id='line_1_93' title="bbox 14 2319 1659 2358; baseline -0.004 -6"><span class='ocrx_word' id='word_1_952' title='bbox 14 2319 21 2321; x_wconf 36' lang='lat'>⁷⁷</span> <span class='ocrx_word' id='word_1_953' title='bbox 39 2332 67 2358; x_wconf 87' lang='lat'>9,</span> <span class='ocrx_word' id='word_1_954' title='bbox 77 2330 106 2357; x_wconf 80' lang='lat'>38</span> <span class='ocrx_word' id='word_1_955' title='bbox 125 2324 222 2352; x_wconf 66' lang='lat' dir='ltr'>Noetis</span> <span class='ocrx_word' id='word_1_956' title='bbox 235 2324 341 2352; x_wconf 82' lang='lat' dir='ltr'>fllentio</span> <span class='ocrx_word' id='word_1_957' title='bbox 349 2327 390 2356; x_wconf 90' lang='lat' dir='ltr'>(vt</span> <span class='ocrx_word' id='word_1_958' title='bbox 403 2333 460 2352; x_wconf 83' lang='lat' dir='ltr'>mos</span> <span class='ocrx_word' id='word_1_959' title='bbox 474 2325 522 2356; x_wconf 87' lang='lat' dir='ltr'>est)</span> <span class='ocrx_word' id='word_1_960' title='bbox 537 2324 633 2351; x_wconf 82' lang='lat' dir='ltr'>Fabius</span> <span class='ocrx_word' id='word_1_961' title='bbox 640 2324 671 2351; x_wconf 88' lang='lat' dir='ltr'>L.</span> <span class='ocrx_word' id='word_1_962' title='bbox 684 2324 820 2358; x_wconf 87' lang='lat' dir='ltr'>Papirium</span> <span class='ocrx_word' id='word_1_963' title='bbox 829 2323 994 2350; x_wconf 64' lang='lat' dir='ltr'>Didiatorem</span> <span class='ocrx_word' id='word_1_964' title='bbox 1007 2323 1084 2351; x_wconf 88' lang='lat' dir='ltr'>dixit.</span> <span class='ocrx_word' id='word_1_965' title='bbox 1100 2328 1136 2354; x_wconf 78' lang='lat'>60</span> <span class='ocrx_word' id='word_1_966' title='bbox 1151 2319 1291 2356; x_wconf 64' lang='lat' dir='ltr'>tersa-flur,</span> <span class='ocrx_word' id='word_1_967' title='bbox 1313 2319 1395 2348; x_wconf 90' lang='lat' dir='ltr'>Ouid.</span> <span class='ocrx_word' id='word_1_968' title='bbox 1408 2322 1474 2348; x_wconf 90' lang='lat' dir='ltr'>Met.</span> <span class='ocrx_word' id='word_1_969' title='bbox 1488 2329 1525 2354; x_wconf 86' lang='lat'>12,</span> <span class='ocrx_word' id='word_1_970' title='bbox 1538 2330 1584 2354; x_wconf 81' lang='lat'>334</span> <span class='ocrx_word' id='word_1_971' title='bbox 1598 2329 1644 2347; x_wconf 82' lang='lat' dir='ltr'>etc.</span> <span class='ocrx_word' id='word_1_972' title='bbox 1656 2348 1659 2354; x_wconf 59' lang='grc'><strong>,</strong></span> 
     </span>
    </p>
   </div>
   <div class='ocr_carea' id='block_1_17' title="bbox 37 2359 1087 2682">
    <p class='ocr_par' dir='ltr' id='par_1_34' title="bbox 37 2359 1087 2607">
     <span class='ocr_line' id='line_1_94' title="bbox 40 2359 1086 2395; baseline -0.002 -8"><span class='ocrx_word' id='word_1_973' title='bbox 40 2361 72 2388; x_wconf 86' lang='lat' dir='ltr'>In</span> <span class='ocrx_word' id='word_1_974' title='bbox 80 2360 158 2387; x_wconf 86' lang='lat' dir='ltr'>rebus</span> <span class='ocrx_word' id='word_1_975' title='bbox 165 2359 275 2395; x_wconf 84' lang='lat' dir='ltr'>trepidis</span> <span class='ocrx_word' id='word_1_976' title='bbox 287 2360 412 2387; x_wconf 89' lang='lat' dir='ltr'>vltimum</span> <span class='ocrx_word' id='word_1_977' title='bbox 425 2359 563 2387; x_wconf 84' lang='lat' dir='ltr'>confilium</span> <span class='ocrx_word' id='word_1_978' title='bbox 571 2359 729 2386; x_wconf 62' lang='lat' dir='ltr'>dictatorem</span> <span class='ocrx_word' id='word_1_979' title='bbox 744 2359 796 2386; x_wconf 91' lang='lat' dir='ltr'>dici</span> <span class='ocrx_word' id='word_1_980' title='bbox 810 2359 871 2386; x_wconf 87' lang='lat' dir='ltr'>Liu.</span> <span class='ocrx_word' id='word_1_981' title='bbox 879 2367 907 2393; x_wconf 85' lang='lat'>4,</span> <span class='ocrx_word' id='word_1_982' title='bbox 915 2361 956 2392; x_wconf 79' lang='lat'>56.</span> <span class='ocrx_word' id='word_1_983' title='bbox 991 2360 1086 2386; x_wconf 84' lang='lat' dir='ltr'>quen.</span> 
     </span>
     <span class='ocr_line' id='line_1_95' title="bbox 41 2394 1086 2430; baseline -0.002 -8"><span class='ocrx_word' id='word_1_984' title='bbox 41 2395 93 2423; x_wconf 89' lang='lat' dir='ltr'>Sat.</span> <span class='ocrx_word' id='word_1_985' title='bbox 107 2401 128 2427; x_wconf 86' lang='lat'>8,</span> <span class='ocrx_word' id='word_1_986' title='bbox 142 2401 156 2426; x_wconf 91' lang='lat'>8</span> <span class='ocrx_word' id='word_1_987' title='bbox 185 2396 312 2425; x_wconf 80' lang='lat' dir='ltr'>Fumosos</span> <span class='ocrx_word' id='word_1_988' title='bbox 329 2396 450 2430; x_wconf 87' lang='lat' dir='ltr'>equitum</span> <span class='ocrx_word' id='word_1_989' title='bbox 464 2404 525 2422; x_wconf 91' lang='lat' dir='ltr'>cum</span> <span class='ocrx_word' id='word_1_990' title='bbox 538 2395 677 2422; x_wconf 69' lang='lat' dir='ltr'>Dictatore</span> <span class='ocrx_word' id='word_1_991' title='bbox 694 2395 840 2430; x_wconf 81' lang='lat' dir='ltr'>magistros.</span> <span class='ocrx_word' id='word_1_992' title='bbox 911 2395 966 2421; x_wconf 90' lang='lat' dir='ltr'>Cic.</span> <span class='ocrx_word' id='word_1_993' title='bbox 981 2394 1013 2420; x_wconf 90' lang='lat' dir='ltr'>de</span> <span class='ocrx_word' id='word_1_994' title='bbox 1027 2396 1046 2421; x_wconf 89' lang='lat' dir='ltr'>F</span> <span class='ocrx_word' id='word_1_995' title='bbox 1048 2395 1086 2421; x_wconf 77' lang='lat' dir='ltr'>in.</span> 
     </span>
     <span class='ocr_line' id='line_1_96' title="bbox 37 2430 1087 2466; baseline -0.002 -8"><span class='ocrx_word' id='word_1_996' title='bbox 37 2439 94 2465; x_wconf 42' lang='grc' dir='ltr'>λς.</span> <span class='ocrx_word' id='word_1_997' title='bbox 107 2440 141 2458; x_wconf 89' lang='lat'>22</span> <span class='ocrx_word' id='word_1_998' title='bbox 171 2431 280 2459; x_wconf 62' lang='lat' dir='ltr'>Rectius</span> <span class='ocrx_word' id='word_1_999' title='bbox 300 2431 423 2466; x_wconf 86' lang='lat' dir='ltr'>magister</span> <span class='ocrx_word' id='word_1_1000' title='bbox 441 2430 534 2466; x_wconf 89' lang='lat' dir='ltr'>populi</span> <span class='ocrx_word' id='word_1_1001' title='bbox 552 2431 592 2463; x_wconf 86' lang='lat' dir='ltr'>(is</span> <span class='ocrx_word' id='word_1_1002' title='bbox 610 2431 683 2458; x_wconf 90' lang='lat' dir='ltr'>enim</span> <span class='ocrx_word' id='word_1_1003' title='bbox 699 2431 736 2457; x_wconf 87' lang='lat' dir='ltr'>est</span> <span class='ocrx_word' id='word_1_1004' title='bbox 749 2430 889 2462; x_wconf 67' lang='lat' dir='ltr'>Dictator)</span> <span class='ocrx_word' id='word_1_1005' title='bbox 909 2439 989 2464; x_wconf 90' lang='lat' dir='ltr'>quam</span> <span class='ocrx_word' id='word_1_1006' title='bbox 1007 2430 1087 2456; x_wconf 87' lang='lat' dir='ltr'>Sulla.</span> 
     </span>
     <span class='ocr_line' id='line_1_97' title="bbox 39 2465 1086 2502; baseline -0.003 -8"><span class='ocrx_word' id='word_1_1007' title='bbox 39 2469 71 2502; x_wconf 47' lang='grc' dir='ltr'>ὀὴ</span> <span class='ocrx_word' id='word_1_1008' title='bbox 90 2467 199 2496; x_wconf 84' lang='lat' dir='ltr'>Praetor</span> <span class='ocrx_word' id='word_1_1009' title='bbox 210 2467 359 2498; x_wconf 83' lang='lat' dir='ltr'>Maximus,</span> <span class='ocrx_word' id='word_1_1010' title='bbox 372 2476 398 2498; x_wconf 74' lang='grc' dir='ltr'>υ.</span> <span class='ocrx_word' id='word_1_1011' title='bbox 411 2467 470 2494; x_wconf 87' lang='lat' dir='ltr'>Sen.</span> <span class='ocrx_word' id='word_1_1012' title='bbox 489 2468 536 2501; x_wconf 78' lang='lat' dir='ltr'>Ep.</span> <span class='ocrx_word' id='word_1_1013' title='bbox 550 2471 602 2496; x_wconf 87' lang='lat'>108.</span> <span class='ocrx_word' id='word_1_1014' title='bbox 658 2465 719 2493; x_wconf 84' lang='lat' dir='ltr'>Liu.</span> <span class='ocrx_word' id='word_1_1015' title='bbox 738 2473 766 2501; x_wconf 90' lang='lat'>7,</span> <span class='ocrx_word' id='word_1_1016' title='bbox 785 2474 808 2498; x_wconf 76' lang='lat'>3.</span> <span class='ocrx_word' id='word_1_1017' title='bbox 834 2466 930 2492; x_wconf 77' lang='lat' dir='ltr'>Festus.</span> <span class='ocrx_word' id='word_1_1018' title='bbox 967 2467 1030 2492; x_wconf 81' lang='lat' dir='ltr'>Erat</span> <span class='ocrx_word' id='word_1_1019' title='bbox 1043 2475 1086 2491; x_wconf 83' lang='lat' dir='ltr'>au-</span> 
     </span>
     <span class='ocr_line' id='line_1_98' title="bbox 40 2501 840 2536; baseline -0.001 -8"><span class='ocrx_word' id='word_1_1020' title='bbox 40 2508 90 2528; x_wconf 73' lang='lat' dir='ltr'>tem</span> <span class='ocrx_word' id='word_1_1021' title='bbox 110 2501 232 2529; x_wconf 63' lang='lat' dir='ltr'>Didiator</span> <span class='ocrx_word' id='word_1_1022' title='bbox 250 2501 302 2529; x_wconf 84' lang='lat' dir='ltr'>fine</span> <span class='ocrx_word' id='word_1_1023' title='bbox 320 2503 511 2536; x_wconf 86' lang='lat' dir='ltr'>prouocatione</span> <span class='ocrx_word' id='word_1_1024' title='bbox 538 2502 600 2529; x_wconf 91' lang='lat' dir='ltr'>Liu.</span> <span class='ocrx_word' id='word_1_1025' title='bbox 613 2510 640 2534; x_wconf 88' lang='lat'>2,</span> <span class='ocrx_word' id='word_1_1026' title='bbox 654 2510 694 2534; x_wconf 83' lang='lat'>29.</span> <span class='ocrx_word' id='word_1_1027' title='bbox 712 2504 742 2527; x_wconf 84' lang='lat' dir='ltr'>it.</span> <span class='ocrx_word' id='word_1_1028' title='bbox 761 2510 784 2534; x_wconf 96' lang='grc'><strong>3,</strong></span> <span class='ocrx_word' id='word_1_1029' title='bbox 799 2509 840 2534; x_wconf 85' lang='grc' dir='ltr'>3ο.</span> 
     </span>
     <span class='ocr_line' id='line_1_99' title="bbox 41 2535 1086 2572; baseline 0.001 -10"><span class='ocrx_word' id='word_1_1030' title='bbox 41 2536 164 2563; x_wconf 63' lang='lat' dir='ltr'>Edictum</span> <span class='ocrx_word' id='word_1_1031' title='bbox 179 2546 228 2572; x_wconf 85' lang='lat' dir='ltr'>pro</span> <span class='ocrx_word' id='word_1_1032' title='bbox 241 2539 350 2564; x_wconf 90' lang='lat' dir='ltr'>numine</span> <span class='ocrx_word' id='word_1_1033' title='bbox 364 2537 537 2565; x_wconf 87' lang='lat' dir='ltr'>obseruatum</span> <span class='ocrx_word' id='word_1_1034' title='bbox 558 2537 631 2564; x_wconf 90' lang='lat' dir='ltr'>Idem</span> <span class='ocrx_word' id='word_1_1035' title='bbox 643 2542 667 2569; x_wconf 92' lang='lat'>8,</span> <span class='ocrx_word' id='word_1_1036' title='bbox 682 2545 724 2570; x_wconf 87' lang='grc'>34.</span> <span class='ocrx_word' id='word_1_1037' title='bbox 761 2538 830 2563; x_wconf 82' lang='lat' dir='ltr'>Hinc</span> <span class='ocrx_word' id='word_1_1038' title='bbox 843 2536 986 2563; x_wconf 87' lang='lat' dir='ltr'>Consulem</span> <span class='ocrx_word' id='word_1_1039' title='bbox 1007 2535 1040 2564; x_wconf 88' lang='lat' dir='ltr'>ad</span> <span class='ocrx_word' id='word_1_1040' title='bbox 1060 2537 1086 2563; x_wconf 90' lang='lat' dir='ltr'>se</span> 
     </span>
     <span class='ocr_line' id='line_1_100' title="bbox 41 2568 1087 2607; baseline 0 -9"><span class='ocrx_word' id='word_1_1041' title='bbox 41 2571 134 2599; x_wconf 87' lang='lat' dir='ltr'>venire</span> <span class='ocrx_word' id='word_1_1042' title='bbox 144 2572 219 2600; x_wconf 83' lang='lat' dir='ltr'>iubet</span> <span class='ocrx_word' id='word_1_1043' title='bbox 233 2572 285 2600; x_wconf 84' lang='lat' dir='ltr'>fine</span> <span class='ocrx_word' id='word_1_1044' title='bbox 297 2568 437 2600; x_wconf 60' lang='lat' dir='ltr'>lictoribus</span> <span class='ocrx_word' id='word_1_1045' title='bbox 451 2573 512 2600; x_wconf 90' lang='lat' dir='ltr'>Liu.</span> <span class='ocrx_word' id='word_1_1046' title='bbox 523 2582 561 2606; x_wconf 86' lang='lat'>22,</span> <span class='ocrx_word' id='word_1_1047' title='bbox 577 2582 608 2600; x_wconf 92' lang='lat'>11.</span> <span class='ocrx_word' id='word_1_1048' title='bbox 645 2574 698 2599; x_wconf 78' lang='lat' dir='ltr'>Nec</span> <span class='ocrx_word' id='word_1_1049' title='bbox 704 2571 761 2606; x_wconf 79' lang='lat' dir='ltr'>fine</span> <span class='ocrx_word' id='word_1_1050' title='bbox 773 2575 869 2599; x_wconf 82' lang='lat' dir='ltr'>iniuria</span> <span class='ocrx_word' id='word_1_1051' title='bbox 881 2578 1023 2607; x_wconf 89' lang='lat' dir='ltr'>aequatum</span> <span class='ocrx_word' id='word_1_1052' title='bbox 1029 2573 1087 2599; x_wconf 82' lang='lat' dir='ltr'>Ma-</span> 
     </span>
    </p>

    <p class='ocr_par' dir='ltr' id='par_1_35' title="bbox 61 2607 1086 2644">
     <span class='ocr_line' id='line_1_101' title="bbox 61 2607 1086 2644; baseline 0.001 -11"><span class='ocrx_word' id='word_1_1053' title='bbox 61 2607 123 2634; x_wconf 78' lang='lat' dir='ltr'>&#39;stro</span> <span class='ocrx_word' id='word_1_1054' title='bbox 142 2609 261 2643; x_wconf 88' lang='lat' dir='ltr'>equitum</span> <span class='ocrx_word' id='word_1_1055' title='bbox 276 2617 337 2637; x_wconf 76' lang='lat' dir='ltr'>cum</span> <span class='ocrx_word' id='word_1_1056' title='bbox 355 2608 402 2636; x_wconf 84' lang='lat' dir='ltr'>illo</span> <span class='ocrx_word' id='word_1_1057' title='bbox 419 2609 563 2644; x_wconf 87' lang='lat' dir='ltr'>imperium</span> <span class='ocrx_word' id='word_1_1058' title='bbox 588 2608 661 2635; x_wconf 75' lang='lat' dir='ltr'>idem</span> <span class='ocrx_word' id='word_1_1059' title='bbox 676 2617 720 2640; x_wconf 84' lang='lat'>22,</span> <span class='ocrx_word' id='word_1_1060' title='bbox 733 2610 776 2635; x_wconf 78' lang='lat'>26.</span> <span class='ocrx_word' id='word_1_1061' title='bbox 835 2608 939 2634; x_wconf 77' lang='lat' dir='ltr'>Creatus</span> <span class='ocrx_word' id='word_1_1062' title='bbox 958 2607 1086 2634; x_wconf 80' lang='lat' dir='ltr'>ordinarie</span> 
     </span>
    </p>

    <p class='ocr_par' dir='ltr' id='par_1_36' title="bbox 65 2641 1085 2682">
     <span class='ocr_line' id='line_1_102' title="bbox 65 2641 1085 2682; baseline 0.001 -14"><span class='ocrx_word' id='word_1_1063' title='bbox 65 2641 110 2668; x_wconf 84' lang='lat' dir='ltr'>elli</span> <span class='ocrx_word' id='word_1_1064' title='bbox 125 2643 232 2677; x_wconf 73' lang='lat' dir='ltr'>gerendi</span> <span class='ocrx_word' id='word_1_1065' title='bbox 244 2644 317 2670; x_wconf 88' lang='lat' dir='ltr'>causa</span> <span class='ocrx_word' id='word_1_1066' title='bbox 330 2654 356 2670; x_wconf 88' lang='grc' dir='ltr'>υ.</span> <span class='ocrx_word' id='word_1_1067' title='bbox 369 2654 393 2679; x_wconf 79' lang='lat' dir='ltr'>g.</span> <span class='ocrx_word' id='word_1_1068' title='bbox 408 2645 471 2671; x_wconf 80' lang='lat' dir='ltr'>Liu.</span> <span class='ocrx_word' id='word_1_1069' title='bbox 482 2655 512 2678; x_wconf 85' lang='lat'>4,</span> <span class='ocrx_word' id='word_1_1070' title='bbox 524 2646 567 2671; x_wconf 86' lang='lat'>26.</span> <span class='ocrx_word' id='word_1_1071' title='bbox 588 2647 619 2670; x_wconf 86' lang='lat' dir='ltr'>it.</span> <span class='ocrx_word' id='word_1_1072' title='bbox 638 2651 665 2678; x_wconf 89' lang='lat'>7,</span> <span class='ocrx_word' id='word_1_1073' title='bbox 677 2652 694 2676; x_wconf 91' lang='lat'><em>9</em></span> <span class='ocrx_word' id='word_1_1074' title='bbox 701 2644 804 2682; x_wconf 61' lang='lat' dir='ltr'>saepius</span> <span class='ocrx_word' id='word_1_1075' title='bbox 816 2643 880 2669; x_wconf 85' lang='lat' dir='ltr'>libro</span> <span class='ocrx_word' id='word_1_1076' title='bbox 891 2653 917 2676; x_wconf 86' lang='lat'>9.</span> <span class='ocrx_word' id='word_1_1077' title='bbox 952 2643 1000 2669; x_wconf 83' lang='lat' dir='ltr'>Sed</span> <span class='ocrx_word' id='word_1_1078' title='bbox 1010 2646 1085 2669; x_wconf 77' lang='lat' dir='ltr'>etiam</span> 
     </span>
    </p>
   </div>
   <div class='ocr_carea' id='block_1_18' title="bbox 176 1622 1138 1659">
    <p class='ocr_par' dir='ltr' id='par_1_37' title="bbox 176 1622 1138 1659">
     <span class='ocr_line' id='line_1_103' title="bbox 176 1622 1138 1659; baseline -0.002 -10"><span class='ocrx_word' id='word_1_1079' title='bbox 176 1622 250 1650; x_wconf 89' lang='lat' dir='ltr'>Idem</span> <span class='ocrx_word' id='word_1_1080' title='bbox 270 1624 300 1650; x_wconf 88' lang='lat' dir='ltr'>in</span> <span class='ocrx_word' id='word_1_1081' title='bbox 312 1624 386 1651; x_wconf 84' lang='lat' dir='ltr'>Orat.</span> <span class='ocrx_word' id='word_1_1082' title='bbox 402 1629 434 1659; x_wconf 82' lang='lat'>87</span> <span class='ocrx_word' id='word_1_1083' title='bbox 467 1623 539 1650; x_wconf 86' lang='lat' dir='ltr'>Huic</span> <span class='ocrx_word' id='word_1_1084' title='bbox 560 1623 652 1657; x_wconf 84' lang='lat' dir='ltr'>generi</span> <span class='ocrx_word' id='word_1_1085' title='bbox 665 1623 796 1650; x_wconf 85' lang='lat' dir='ltr'>orationis</span> <span class='ocrx_word' id='word_1_1086' title='bbox 810 1622 997 1657; x_wconf 83' lang='lat' dir='ltr'>adspergentur</span> <span class='ocrx_word' id='word_1_1087' title='bbox 1010 1626 1090 1650; x_wconf 83' lang='lat' dir='ltr'>ctiam</span> <span class='ocrx_word' id='word_1_1088' title='bbox 1101 1630 1138 1655; x_wconf 90' lang='lat'>40</span> 
     </span>
    </p>
   </div>
   <div class='ocr_carea' id='block_1_19' title="bbox 1107 1970 1347 2008">
    <p class='ocr_par' dir='ltr' id='par_1_38' title="bbox 1107 1970 1347 2008">
     <span class='ocr_line' id='line_1_104' title="bbox 1107 1970 1347 2008; baseline 0.013 -15"><span class='ocrx_word' id='word_1_1089' title='bbox 1107 1981 1139 2008; x_wconf 77' lang='lat'>50</span> <span class='ocrx_word' id='word_1_1090' title='bbox 1152 1971 1208 1994; x_wconf 80' lang='lat' dir='ltr'>trix</span> <span class='ocrx_word' id='word_1_1091' title='bbox 1223 1970 1347 2004; x_wconf 79' lang='lat' dir='ltr'>quaedam.</span> 
     </span>
    </p>
   </div>
   <div class='ocr_carea' id='block_1_20' title="bbox 1106 2143 1550 2180">
    <p class='ocr_par' dir='ltr' id='par_1_39' title="bbox 1106 2143 1550 2180">
     <span class='ocr_line' id='line_1_105' title="bbox 1106 2143 1550 2180; baseline 0.002 -11"><span class='ocrx_word' id='word_1_1092' title='bbox 1106 2154 1135 2180; x_wconf 80' lang='lat'>55</span> <span class='ocrx_word' id='word_1_1093' title='bbox 1146 2144 1307 2179; x_wconf 83' lang='lat' dir='ltr'>spiciuntur‚</span> <span class='ocrx_word' id='word_1_1094' title='bbox 1320 2143 1510 2177; x_wconf 76' lang='lat' dir='ltr'>similitudinem</span> <span class='ocrx_word' id='word_1_1095' title='bbox 1523 2153 1550 2170; x_wconf 78' lang='lat' dir='ltr'>re</span> 
     </span>
    </p>
   </div>
   <div class='ocr_carea' id='block_1_21' title="bbox 897 2501 1132 2536">
    <p class='ocr_par' dir='ltr' id='par_1_40' title="bbox 897 2501 1132 2536">
     <span class='ocr_line' id='line_1_106' title="bbox 897 2501 1132 2536; baseline 0.004 -10"><span class='ocrx_word' id='word_1_1096' title='bbox 897 2502 957 2527; x_wconf 84' lang='lat' dir='ltr'>Eius</span> <span class='ocrx_word' id='word_1_1097' title='bbox 978 2501 1086 2536; x_wconf 82' lang='lat' dir='ltr'>proinde</span> <span class='ocrx_word' id='word_1_1098' title='bbox 1099 2501 1132 2534; x_wconf 84' lang='lat'>6,-</span> 
     </span>
    </p>
   </div>
   <div class='ocr_carea' id='block_1_22' title="bbox 1155 1302 2204 1444">
    <p class='ocr_par' dir='ltr' id='par_1_41' title="bbox 1156 1302 1272 1329">
     <span class='ocr_line' id='line_1_107' title="bbox 1156 1302 1272 1329; baseline 0 -1"><span class='ocrx_word' id='word_1_1099' title='bbox 1156 1302 1272 1329; x_wconf 84' lang='lat' dir='ltr'>Seruius.</span> 
     </span>
    </p>

    <p class='ocr_par' dir='ltr' id='par_1_42' title="bbox 1155 1335 2204 1444">
     <span class='ocr_line' id='line_1_108' title="bbox 1193 1335 2202 1371; baseline 0.001 -7"><span class='ocrx_word' id='word_1_1100' title='bbox 1193 1344 1417 1370; x_wconf 73' lang='grc' dir='ltr'><strong>υῑοΤΑΕνς,</strong></span> <span class='ocrx_word' id='word_1_1101' title='bbox 1437 1346 1468 1370; x_wconf 86' lang='lat' dir='ltr'>a,</span> <span class='ocrx_word' id='word_1_1102' title='bbox 1487 1346 1542 1364; x_wconf 87' lang='lat' dir='ltr'>um.</span> <span class='ocrx_word' id='word_1_1103' title='bbox 1577 1336 1638 1363; x_wconf 84' lang='lat' dir='ltr'>Adi.</span> <span class='ocrx_word' id='word_1_1104' title='bbox 1676 1336 1827 1371; x_wconf 74' lang='grc' dir='ltr'><strong><em>[Δικταῖος]</em></strong></span> <span class='ocrx_word' id='word_1_1105' title='bbox 1870 1335 1939 1362; x_wconf 81' lang='lat' dir='ltr'>Vnde</span> <span class='ocrx_word' id='word_1_1106' title='bbox 1959 1337 2059 1371; x_wconf 82' lang='lat' dir='ltr'>Iupiter</span> <span class='ocrx_word' id='word_1_1107' title='bbox 2078 1337 2202 1365; x_wconf 62' lang='lat' dir='ltr'>Didiaeut</span> 
     </span>
     <span class='ocr_line' id='line_1_109' title="bbox 1155 1371 2204 1408; baseline 0.001 -9"><span class='ocrx_word' id='word_1_1108' title='bbox 1155 1372 1243 1400; x_wconf 63' lang='lat' dir='ltr'>dicius</span> <span class='ocrx_word' id='word_1_1109' title='bbox 1257 1373 1309 1406; x_wconf 89' lang='lat' dir='ltr'>est,</span> <span class='ocrx_word' id='word_1_1110' title='bbox 1329 1373 1401 1408; x_wconf 88' lang='lat' dir='ltr'>quod</span> <span class='ocrx_word' id='word_1_1111' title='bbox 1415 1373 1443 1399; x_wconf 87' lang='lat' dir='ltr'>in</span> <span class='ocrx_word' id='word_1_1112' title='bbox 1457 1382 1488 1399; x_wconf 88' lang='lat' dir='ltr'>eo</span> <span class='ocrx_word' id='word_1_1113' title='bbox 1505 1372 1586 1398; x_wconf 84' lang='lat' dir='ltr'>fuerit</span> <span class='ocrx_word' id='word_1_1114' title='bbox 1603 1372 1733 1403; x_wconf 86' lang='lat' dir='ltr'>nutritus,</span> <span class='ocrx_word' id='word_1_1115' title='bbox 1758 1379 1787 1398; x_wconf 73' lang='lat' dir='ltr'>vt</span> <span class='ocrx_word' id='word_1_1116' title='bbox 1799 1371 1880 1398; x_wconf 81' lang='lat' dir='ltr'>tradit</span> <span class='ocrx_word' id='word_1_1117' title='bbox 1892 1372 1999 1398; x_wconf 80' lang='lat' dir='ltr'>Seruius</span> <span class='ocrx_word' id='word_1_1118' title='bbox 2014 1373 2048 1398; x_wconf 85' lang='lat' dir='ltr'>ad</span> <span class='ocrx_word' id='word_1_1119' title='bbox 2062 1373 2135 1407; x_wconf 84' lang='lat' dir='ltr'>Virg.</span> <span class='ocrx_word' id='word_1_1120' title='bbox 2152 1374 2204 1400; x_wconf 89' lang='lat' dir='ltr'>Ge-</span> 
     </span>
     <span class='ocr_line' id='line_1_110' title="bbox 1156 1407 2202 1444; baseline 0.001 -9"><span class='ocrx_word' id='word_1_1121' title='bbox 1156 1417 1214 1443; x_wconf 84' lang='lat' dir='ltr'>org.</span> <span class='ocrx_word' id='word_1_1122' title='bbox 1227 1417 1252 1441; x_wconf 88' lang='lat'>2,</span> <span class='ocrx_word' id='word_1_1123' title='bbox 1267 1411 1313 1441; x_wconf 73' lang='lat'>336</span> <span class='ocrx_word' id='word_1_1124' title='bbox 1338 1410 1406 1435; x_wconf 73' lang='lat' dir='ltr'>Ante</span> <span class='ocrx_word' id='word_1_1125' title='bbox 1427 1409 1507 1435; x_wconf 87' lang='lat' dir='ltr'>etiam</span> <span class='ocrx_word' id='word_1_1126' title='bbox 1532 1409 1662 1442; x_wconf 85' lang='lat' dir='ltr'>sceptrum</span> <span class='ocrx_word' id='word_1_1127' title='bbox 1677 1407 1783 1433; x_wconf 64' lang='lat' dir='ltr'>Dictaei</span> <span class='ocrx_word' id='word_1_1128' title='bbox 1804 1407 1883 1441; x_wconf 81' lang='lat' dir='ltr'>regis,</span> <span class='ocrx_word' id='word_1_1129' title='bbox 1900 1413 1945 1433; x_wconf 78' lang='lat' dir='ltr'>otc.</span> <span class='ocrx_word' id='word_1_1130' title='bbox 2016 1407 2089 1435; x_wconf 83' lang='lat' dir='ltr'>Idem</span> <span class='ocrx_word' id='word_1_1131' title='bbox 2104 1410 2202 1444; x_wconf 86' lang='lat' dir='ltr'>Georg.</span> 
     </span>
    </p>
   </div>
   <div class='ocr_carea' id='block_1_23' title="bbox 1110 1442 2203 1478">
    <p class='ocr_par' dir='ltr' id='par_1_43' title="bbox 1110 1442 2203 1478">
     <span class='ocr_line' id='line_1_111' title="bbox 1110 1442 2203 1478; baseline 0.001 -8"><span class='ocrx_word' id='word_1_1132' title='bbox 1110 1450 1138 1476; x_wconf 76' lang='lat'>35</span> <span class='ocrx_word' id='word_1_1133' title='bbox 1156 1453 1184 1477; x_wconf 79' lang='lat'>4,</span> <span class='ocrx_word' id='word_1_1134' title='bbox 1200 1452 1241 1477; x_wconf 76' lang='lat'>152</span> <span class='ocrx_word' id='word_1_1135' title='bbox 1262 1444 1373 1471; x_wconf 71' lang='lat' dir='ltr'>DiGtaeo</span> <span class='ocrx_word' id='word_1_1136' title='bbox 1386 1443 1453 1470; x_wconf 77' lang='lat' dir='ltr'>caeli</span> <span class='ocrx_word' id='word_1_1137' title='bbox 1466 1452 1554 1478; x_wconf 83' lang='lat' dir='ltr'>regem</span> <span class='ocrx_word' id='word_1_1138' title='bbox 1568 1451 1664 1478; x_wconf 86' lang='lat' dir='ltr'>pauere</span> <span class='ocrx_word' id='word_1_1139' title='bbox 1678 1442 1726 1469; x_wconf 90' lang='lat' dir='ltr'>sub</span> <span class='ocrx_word' id='word_1_1140' title='bbox 1734 1443 1827 1469; x_wconf 81' lang='lat' dir='ltr'>Antro.</span> <span class='ocrx_word' id='word_1_1141' title='bbox 1847 1442 1875 1468; x_wconf 85' lang='lat' dir='ltr'>de</span> <span class='ocrx_word' id='word_1_1142' title='bbox 1888 1442 1974 1477; x_wconf 81' lang='lat' dir='ltr'>apibus</span> <span class='ocrx_word' id='word_1_1143' title='bbox 1986 1444 2105 1478; x_wconf 85' lang='lat' dir='ltr'>quuitur,</span> <span class='ocrx_word' id='word_1_1144' title='bbox 2154 1446 2203 1471; x_wconf 85' lang='lat' dir='ltr'>Ar-</span> 
     </span>
    </p>
   </div>
   <div class='ocr_carea' id='block_1_24' title="bbox 1155 1477 2203 1582">
    <p class='ocr_par' dir='ltr' id='par_1_44' title="bbox 1155 1477 2203 1582">
     <span class='ocr_line' id='line_1_112' title="bbox 1157 1477 2203 1513; baseline 0.002 -8"><span class='ocrx_word' id='word_1_1145' title='bbox 1157 1488 1188 1505; x_wconf 86' lang='lat' dir='ltr'>va</span> <span class='ocrx_word' id='word_1_1146' title='bbox 1204 1479 1313 1506; x_wconf 64' lang='lat' dir='ltr'>Dielaea</span> <span class='ocrx_word' id='word_1_1147' title='bbox 1333 1479 1371 1506; x_wconf 94' lang='lat' dir='ltr'>Id.</span> <span class='ocrx_word' id='word_1_1148' title='bbox 1388 1481 1454 1506; x_wconf 87' lang='lat' dir='ltr'>Aen.</span> <span class='ocrx_word' id='word_1_1149' title='bbox 1467 1488 1489 1511; x_wconf 87' lang='grc'><strong>3,</strong></span> <span class='ocrx_word' id='word_1_1150' title='bbox 1506 1487 1557 1513; x_wconf 87' lang='lat'>171.</span> <span class='ocrx_word' id='word_1_1151' title='bbox 1630 1477 1723 1504; x_wconf 82' lang='lat' dir='ltr'>Claud.</span> <span class='ocrx_word' id='word_1_1152' title='bbox 1745 1479 1774 1504; x_wconf 89' lang='lat' dir='ltr'>in</span> <span class='ocrx_word' id='word_1_1153' title='bbox 1794 1478 1848 1504; x_wconf 77' lang='lat' dir='ltr'>Sec.</span> <span class='ocrx_word' id='word_1_1154' title='bbox 1862 1477 1969 1504; x_wconf 89' lang='lat' dir='ltr'>Consul.</span> <span class='ocrx_word' id='word_1_1155' title='bbox 1993 1478 2051 1505; x_wconf 84' lang='lat' dir='ltr'>Stil.</span> <span class='ocrx_word' id='word_1_1156' title='bbox 2065 1485 2113 1510; x_wconf 83' lang='lat'>208</span> <span class='ocrx_word' id='word_1_1157' title='bbox 2152 1480 2203 1507; x_wconf 89' lang='lat' dir='ltr'>Seu</span> 
     </span>
     <span class='ocr_line' id='line_1_113' title="bbox 1155 1514 1729 1550; baseline -0.005 -9"><span class='ocrx_word' id='word_1_1158' title='bbox 1155 1514 1207 1541; x_wconf 89' lang='lat' dir='ltr'>tibi</span> <span class='ocrx_word' id='word_1_1159' title='bbox 1221 1515 1344 1542; x_wconf 62' lang='lat' dir='ltr'>Dictaeae</span> <span class='ocrx_word' id='word_1_1160' title='bbox 1359 1516 1512 1550; x_wconf 83' lang='lat' dir='ltr'>placuerunt</span> <span class='ocrx_word' id='word_1_1161' title='bbox 1525 1514 1591 1540; x_wconf 76' lang='lat' dir='ltr'>astra</span> <span class='ocrx_word' id='word_1_1162' title='bbox 1606 1522 1729 1540; x_wconf 84' lang='lat' dir='ltr'>coronae.</span> 
     </span>
     <span class='ocr_line' id='line_1_114' title="bbox 1193 1553 2203 1582; baseline 0.001 -6"><span class='ocrx_word' id='word_1_1163' title='bbox 1193 1557 1441 1582; x_wconf 75' lang='lat' dir='ltr'>DlCTERtVM,</span> <span class='ocrx_word' id='word_1_1164' title='bbox 1468 1555 1629 1581; x_wconf 78' lang='lat' dir='ltr'>DICTIO,</span> <span class='ocrx_word' id='word_1_1165' title='bbox 1650 1553 1849 1580; x_wconf 74' lang='lat' dir='ltr'>DiC&#39;ri&#39;ro,</span> <span class='ocrx_word' id='word_1_1166' title='bbox 1866 1553 2009 1580; x_wconf 81' lang='lat' dir='ltr'>DICTO‚</span> <span class='ocrx_word' id='word_1_1167' title='bbox 2027 1555 2203 1582; x_wconf 83' lang='lat' dir='ltr'>D1CTVM‚</span> 
     </span>
    </p>
   </div>
   <div class='ocr_carea' id='block_1_25' title="bbox 1147 1585 2204 1794">
    <p class='ocr_par' dir='ltr' id='par_1_45' title="bbox 1154 1585 1329 1612">
     <span class='ocr_line' id='line_1_115' title="bbox 1154 1585 1329 1612; baseline 0.006 -1"><span class='ocrx_word' id='word_1_1168' title='bbox 1154 1585 1208 1611; x_wconf 74' lang='lat' dir='ltr'>vid.</span> <span class='ocrx_word' id='word_1_1169' title='bbox 1229 1592 1329 1612; x_wconf 80' lang='lat' dir='ltr'>mco.</span> 
     </span>
    </p>

    <p class='ocr_par' dir='ltr' id='par_1_46' title="bbox 1147 1616 2204 1794">
     <span class='ocr_line' id='line_1_116' title="bbox 1190 1616 2204 1652; baseline 0 -8"><span class='ocrx_word' id='word_1_1170' title='bbox 1190 1626 1426 1652; x_wconf 75' lang='lat' dir='ltr'>DICTYNNA,</span> <span class='ocrx_word' id='word_1_1171' title='bbox 1445 1628 1484 1646; x_wconf 82' lang='lat' dir='ltr'>ae.</span> <span class='ocrx_word' id='word_1_1172' title='bbox 1510 1619 1530 1646; x_wconf 86' lang='lat' dir='ltr'>f.</span> <span class='ocrx_word' id='word_1_1173' title='bbox 1568 1618 1725 1652; x_wconf 69' lang='grc' dir='ltr'>[Δίκτυννα]</span> <span class='ocrx_word' id='word_1_1174' title='bbox 1763 1617 1865 1642; x_wconf 89' lang='lat' dir='ltr'>Dianae</span> <span class='ocrx_word' id='word_1_1175' title='bbox 1890 1616 1942 1649; x_wconf 85' lang='lat' dir='ltr'>(vt</span> <span class='ocrx_word' id='word_1_1176' title='bbox 1967 1617 2066 1651; x_wconf 80' lang='lat' dir='ltr'>quidam</span> <span class='ocrx_word' id='word_1_1177' title='bbox 2084 1620 2204 1652; x_wconf 81' lang='lat' dir='ltr'>putant)</span> 
     </span>
     <span class='ocr_line' id='line_1_117' title="bbox 1154 1653 2203 1690; baseline 0 -11"><span class='ocrx_word' id='word_1_1178' title='bbox 1154 1663 1284 1690; x_wconf 71' lang='lat' dir='ltr'>cognomen</span> <span class='ocrx_word' id='word_1_1179' title='bbox 1311 1653 1360 1688; x_wconf 74' lang='lat' dir='ltr'>est,</span> <span class='ocrx_word' id='word_1_1180' title='bbox 1379 1661 1512 1690; x_wconf 74' lang='lat' dir='ltr'>propterea</span> <span class='ocrx_word' id='word_1_1181' title='bbox 1538 1653 1604 1688; x_wconf 87' lang='lat' dir='ltr'>quod</span> <span class='ocrx_word' id='word_1_1182' title='bbox 1628 1655 1693 1679; x_wconf 87' lang='lat' dir='ltr'>retia</span> <span class='ocrx_word' id='word_1_1183' title='bbox 1720 1654 1860 1683; x_wconf 74' lang='lat' dir='ltr'>inuenerit,</span> <span class='ocrx_word' id='word_1_1184' title='bbox 1887 1660 1947 1686; x_wconf 72' lang='lat' dir='ltr'>quaa</span> <span class='ocrx_word' id='word_1_1185' title='bbox 1971 1653 2061 1677; x_wconf 82' lang='lat' dir='ltr'>Graece</span> <span class='ocrx_word' id='word_1_1186' title='bbox 2084 1653 2203 1680; x_wconf 78' lang='lat' dir='ltr'>dicuntur</span> 
     </span>
     <span class='ocr_line' id='line_1_118' title="bbox 1155 1687 2204 1721; baseline -0.002 -8"><span class='ocrx_word' id='word_1_1187' title='bbox 1155 1688 1249 1716; x_wconf 63' lang='grc' dir='ltr'>ὸὲκτυικ.</span> <span class='ocrx_word' id='word_1_1188' title='bbox 1288 1690 1380 1716; x_wconf 81' lang='lat' dir='ltr'>Scribit</span> <span class='ocrx_word' id='word_1_1189' title='bbox 1400 1689 1506 1716; x_wconf 75' lang='lat' dir='ltr'>Dl&#39;odor.</span> <span class='ocrx_word' id='word_1_1190' title='bbox 1526 1693 1543 1714; x_wconf 79' lang='grc' dir='ltr'><em>ό</em></span> <span class='ocrx_word' id='word_1_1191' title='bbox 1563 1687 1723 1720; x_wconf 76' lang='lat' dir='ltr'>Di&amp;ynnatn</span> <span class='ocrx_word' id='word_1_1192' title='bbox 1744 1695 1773 1712; x_wconf 81' lang='lat' dir='ltr'>ex</span> <span class='ocrx_word' id='word_1_1193' title='bbox 1788 1687 1846 1712; x_wconf 81' lang='lat' dir='ltr'>Ioue</span> <span class='ocrx_word' id='word_1_1194' title='bbox 1867 1689 1993 1721; x_wconf 81' lang='lat' dir='ltr'>genitam,</span> <span class='ocrx_word' id='word_1_1195' title='bbox 2011 1689 2038 1712; x_wconf 86' lang='lat' dir='ltr'>in</span> <span class='ocrx_word' id='word_1_1196' title='bbox 2057 1688 2127 1714; x_wconf 81' lang='lat' dir='ltr'>Creta</span> <span class='ocrx_word' id='word_1_1197' title='bbox 2146 1698 2204 1715; x_wconf 86' lang='lat' dir='ltr'>con.</span> 
     </span>
     <span class='ocr_line' id='line_1_119' title="bbox 1147 1721 2204 1760; baseline 0 -11"><span class='ocrx_word' id='word_1_1198' title='bbox 1147 1724 1280 1759; x_wconf 71' lang='lat' dir='ltr'>fitetudine</span> <span class='ocrx_word' id='word_1_1199' title='bbox 1291 1727 1390 1751; x_wconf 84' lang='lat' dir='ltr'>Dianae</span> <span class='ocrx_word' id='word_1_1200' title='bbox 1402 1722 1600 1760; x_wconf 75' lang='lat' dir='ltr'>familiarifflnze</span> <span class='ocrx_word' id='word_1_1201' title='bbox 1619 1721 1663 1754; x_wconf 72' lang='lat' dir='ltr'>este</span> <span class='ocrx_word' id='word_1_1202' title='bbox 1682 1721 1766 1756; x_wconf 79' lang='lat' dir='ltr'>vfizm:</span> <span class='ocrx_word' id='word_1_1203' title='bbox 1792 1729 1852 1756; x_wconf 81' lang='lat' dir='ltr'>quae</span> <span class='ocrx_word' id='word_1_1204' title='bbox 1869 1730 1910 1747; x_wconf 81' lang='lat' dir='ltr'>res</span> <span class='ocrx_word' id='word_1_1205' title='bbox 1928 1722 2024 1757; x_wconf 75' lang='lat' dir='ltr'>caufiim</span> <span class='ocrx_word' id='word_1_1206' title='bbox 2034 1723 2159 1757; x_wconf 82' lang='lat' dir='ltr'>praebuit,</span> <span class='ocrx_word' id='word_1_1207' title='bbox 2174 1730 2204 1751; x_wconf 74' lang='lat' dir='ltr'>vt</span> 
     </span>
     <span class='ocr_line' id='line_1_120' title="bbox 1155 1751 2203 1794; baseline 0.003 -11"><span class='ocrx_word' id='word_1_1208' title='bbox 1155 1759 1254 1792; x_wconf 83' lang='lat' dir='ltr'>quidam</span> <span class='ocrx_word' id='word_1_1209' title='bbox 1276 1760 1451 1792; x_wconf 62' lang='lat' dir='ltr'>Didlynnam,</span> <span class='ocrx_word' id='word_1_1210' title='bbox 1471 1760 1580 1785; x_wconf 77' lang='lat' dir='ltr'>Dianam</span> <span class='ocrx_word' id='word_1_1211' title='bbox 1607 1751 1651 1790; x_wconf 74' lang='lat' dir='ltr'>effi</span> <span class='ocrx_word' id='word_1_1212' title='bbox 1665 1754 1845 1789; x_wconf 73' lang='lat' dir='ltr'>existimarent.</span> <span class='ocrx_word' id='word_1_1213' title='bbox 1902 1757 1957 1782; x_wconf 87' lang='lat' dir='ltr'>Hoc</span> <span class='ocrx_word' id='word_1_1214' title='bbox 1980 1760 2038 1783; x_wconf 85' lang='lat' dir='ltr'>item</span> <span class='ocrx_word' id='word_1_1215' title='bbox 2061 1763 2203 1794; x_wconf 78' lang='lat' dir='ltr'>cognomine</span> 
     </span>
    </p>
   </div>
   <div class='ocr_carea' id='block_1_26' title="bbox 1104 1791 2203 1829">
    <p class='ocr_par' dir='ltr' id='par_1_47' title="bbox 1104 1791 2203 1829">
     <span class='ocr_line' id='line_1_121' title="bbox 1104 1791 2203 1829; baseline 0.002 -12"><span class='ocrx_word' id='word_1_1216' title='bbox 1104 1798 1138 1822; x_wconf 80' lang='lat'>45</span> <span class='ocrx_word' id='word_1_1217' title='bbox 1154 1793 1317 1828; x_wconf 62' lang='grc' dir='ltr'>βριτόμαρτιν</span> <span class='ocrx_word' id='word_1_1218' title='bbox 1330 1795 1400 1821; x_wconf 82' lang='lat' dir='ltr'>deam</span> <span class='ocrx_word' id='word_1_1219' title='bbox 1419 1794 1543 1829; x_wconf 75' lang='lat' dir='ltr'>appellant</span> <span class='ocrx_word' id='word_1_1220' title='bbox 1552 1793 1698 1828; x_wconf 68' lang='lat' dir='ltr'>Cretenses,</span> <span class='ocrx_word' id='word_1_1221' title='bbox 1711 1791 1776 1827; x_wconf 79' lang='lat' dir='ltr'>quod</span> <span class='ocrx_word' id='word_1_1222' title='bbox 1793 1801 1864 1827; x_wconf 86' lang='lat' dir='ltr'>quum</span> <span class='ocrx_word' id='word_1_1223' title='bbox 1878 1792 1965 1817; x_wconf 81' lang='lat' dir='ltr'>Minos</span> <span class='ocrx_word' id='word_1_1224' title='bbox 1980 1793 2007 1818; x_wconf 82' lang='lat' dir='ltr'>ob</span> <span class='ocrx_word' id='word_1_1225' title='bbox 2021 1803 2124 1819; x_wconf 82' lang='lat' dir='ltr'>amorem</span> <span class='ocrx_word' id='word_1_1226' title='bbox 2138 1795 2203 1821; x_wconf 81' lang='lat' dir='ltr'>hanc</span> 
     </span>
    </p>
   </div>
   <div class='ocr_carea' id='block_1_27' title="bbox 1143 1825 2206 2495">
    <p class='ocr_par' dir='ltr' id='par_1_48' title="bbox 1154 1825 2202 1865">
     <span class='ocr_line' id='line_1_122' title="bbox 1154 1825 2202 1865; baseline 0.004 -13"><span class='ocrx_word' id='word_1_1227' title='bbox 1154 1827 1335 1862; x_wconf 62' lang='lat' dir='ltr'>insequeretur,</span> <span class='ocrx_word' id='word_1_1228' title='bbox 1355 1831 1401 1855; x_wconf 82' lang='lat' dir='ltr'>illa</span> <span class='ocrx_word' id='word_1_1229' title='bbox 1411 1830 1518 1865; x_wconf 81' lang='lat' dir='ltr'>fugiens</span> <span class='ocrx_word' id='word_1_1230' title='bbox 1530 1831 1558 1854; x_wconf 90' lang='lat' dir='ltr'>in</span> <span class='ocrx_word' id='word_1_1231' title='bbox 1572 1830 1651 1858; x_wconf 79' lang='lat' dir='ltr'>retia,</span> <span class='ocrx_word' id='word_1_1232' title='bbox 1663 1827 1790 1862; x_wconf 76' lang='lat' dir='ltr'>capiendis</span> <span class='ocrx_word' id='word_1_1233' title='bbox 1806 1825 1904 1859; x_wconf 78' lang='lat' dir='ltr'>demiſja</span> <span class='ocrx_word' id='word_1_1234' title='bbox 1921 1828 2048 1862; x_wconf 70' lang='lat' dir='ltr'>piscibus,</span> <span class='ocrx_word' id='word_1_1235' title='bbox 2063 1829 2093 1863; x_wconf 72' lang='lat' dir='ltr'><em>st</em></span> <span class='ocrx_word' id='word_1_1236' title='bbox 2104 1833 2202 1863; x_wconf 75' lang='lat' dir='ltr'>praeci-</span> 
     </span>
    </p>

    <p class='ocr_par' dir='ltr' id='par_1_49' title="bbox 1148 1861 2202 1969">
     <span class='ocr_line' id='line_1_123' title="bbox 1148 1861 2202 1898; baseline 0.003 -11"><span class='ocrx_word' id='word_1_1237' title='bbox 1148 1865 1229 1897; x_wconf 82' lang='lat' dir='ltr'>pitem</span> <span class='ocrx_word' id='word_1_1238' title='bbox 1242 1862 1347 1890; x_wconf 83' lang='lat' dir='ltr'>dederit.</span> <span class='ocrx_word' id='word_1_1239' title='bbox 1378 1864 1436 1890; x_wconf 86' lang='lat' dir='ltr'>Vid.</span> <span class='ocrx_word' id='word_1_1240' title='bbox 1450 1864 1531 1890; x_wconf 80' lang='lat' dir='ltr'>Etiam</span> <span class='ocrx_word' id='word_1_1241' title='bbox 1545 1862 1621 1890; x_wconf 86' lang='lat' dir='ltr'>Diod.</span> <span class='ocrx_word' id='word_1_1242' title='bbox 1638 1864 1687 1889; x_wconf 87' lang='lat' dir='ltr'>Sic.</span> <span class='ocrx_word' id='word_1_1243' title='bbox 1714 1870 1734 1894; x_wconf 68' lang='lat'>52</span> <span class='ocrx_word' id='word_1_1244' title='bbox 1748 1867 1788 1896; x_wconf 82' lang='lat'>78.</span> <span class='ocrx_word' id='word_1_1245' title='bbox 1862 1861 1992 1893; x_wconf 68' lang='lat' dir='ltr'>Di&amp;ynna</span> <span class='ocrx_word' id='word_1_1246' title='bbox 2006 1863 2105 1895; x_wconf 82' lang='lat' dir='ltr'>Diana,</span> <span class='ocrx_word' id='word_1_1247' title='bbox 2121 1873 2202 1898; x_wconf 82' lang='lat' dir='ltr'>quam</span> 
     </span>
     <span class='ocr_line' id='line_1_124' title="bbox 1153 1897 2202 1933; baseline 0.004 -10"><span class='ocrx_word' id='word_1_1248' title='bbox 1153 1898 1202 1924; x_wconf 80' lang='lat' dir='ltr'>esse</span> <span class='ocrx_word' id='word_1_1249' title='bbox 1215 1899 1318 1925; x_wconf 87' lang='lat' dir='ltr'>Lunam</span> <span class='ocrx_word' id='word_1_1250' title='bbox 1330 1899 1478 1933; x_wconf 76' lang='lat' dir='ltr'>putabant,</span> <span class='ocrx_word' id='word_1_1251' title='bbox 1497 1899 1568 1925; x_wconf 68' lang='lat' dir='ltr'>dieta</span> <span class='ocrx_word' id='word_1_1252' title='bbox 1588 1898 1659 1933; x_wconf 90' lang='lat' dir='ltr'>quod</span> <span class='ocrx_word' id='word_1_1253' title='bbox 1679 1897 1786 1931; x_wconf 82' lang='lat' dir='ltr'>fulgore</span> <span class='ocrx_word' id='word_1_1254' title='bbox 1805 1897 1852 1922; x_wconf 89' lang='lat' dir='ltr'>suo</span> <span class='ocrx_word' id='word_1_1255' title='bbox 1873 1897 1954 1922; x_wconf 61' lang='lat' dir='ltr'>nociu</span> <span class='ocrx_word' id='word_1_1256' title='bbox 1967 1899 2058 1924; x_wconf 88' lang='lat' dir='ltr'>omnia</span> <span class='ocrx_word' id='word_1_1257' title='bbox 2076 1900 2202 1932; x_wconf 78' lang='lat' dir='ltr'>ostendat,</span> 
     </span>
     <span class='ocr_line' id='line_1_125' title="bbox 1153 1928 2201 1969; baseline -0.002 -10"><span class='ocrx_word' id='word_1_1258' title='bbox 1153 1933 1249 1960; x_wconf 76' lang='lat' dir='ltr'>Festus.</span> <span class='ocrx_word' id='word_1_1259' title='bbox 1285 1936 1373 1969; x_wconf 73' lang='lat' dir='ltr'>Itaque</span> <span class='ocrx_word' id='word_1_1260' title='bbox 1391 1945 1406 1961; x_wconf 86' lang='lat' dir='ltr'><strong><em>a</em></strong></span> <span class='ocrx_word' id='word_1_1261' title='bbox 1425 1935 1497 1961; x_wconf 67' lang='lat' dir='ltr'>verbo</span> <span class='ocrx_word' id='word_1_1262' title='bbox 1516 1932 1620 1966; x_wconf 62' lang='grc' dir='ltr'>δάκνυμι</span> <span class='ocrx_word' id='word_1_1263' title='bbox 1639 1933 1751 1963; x_wconf 45' lang='lat' dir='ltr'>defluas,</span> <span class='ocrx_word' id='word_1_1264' title='bbox 1769 1931 1835 1966; x_wconf 79' lang='lat' dir='ltr'>quast</span> <span class='ocrx_word' id='word_1_1265' title='bbox 1849 1930 1905 1964; x_wconf 64' lang='lat' dir='ltr'>{ffel</span> <span class='ocrx_word' id='word_1_1266' title='bbox 1924 1928 2056 1966; x_wconf 57' lang='lat' dir='ltr'>delmona,</span> <span class='ocrx_word' id='word_1_1267' title='bbox 2075 1934 2201 1968; x_wconf 73' lang='lat' dir='ltr'>A&#39;lonstra.</span> 
     </span>
    </p>

    <p class='ocr_par' dir='ltr' id='par_1_50' title="bbox 1418 1966 2201 2000">
     <span class='ocr_line' id='line_1_126' title="bbox 1418 1966 2201 2000; baseline 0 -4"><span class='ocrx_word' id='word_1_1268' title='bbox 1418 1970 1494 1997; x_wconf 86' lang='lat' dir='ltr'>Mitis</span> <span class='ocrx_word' id='word_1_1269' title='bbox 1508 1969 1656 2000; x_wconf 59' lang='lat' dir='ltr'>Dictynna,</span> <span class='ocrx_word' id='word_1_1270' title='bbox 1672 1971 1690 1993; x_wconf 91' lang='lat' dir='ltr'>i.</span> <span class='ocrx_word' id='word_1_1271' title='bbox 1712 1969 1797 1993; x_wconf 70' lang='lat' dir='ltr'>Diana</span> <span class='ocrx_word' id='word_1_1272' title='bbox 1816 1967 1878 1993; x_wconf 88' lang='lat' dir='ltr'>Stat.</span> <span class='ocrx_word' id='word_1_1273' title='bbox 1893 1966 1985 1993; x_wconf 87' lang='lat' dir='ltr'>Theb.</span> <span class='ocrx_word' id='word_1_1274' title='bbox 1999 1976 2025 1999; x_wconf 88' lang='lat'>9,</span> <span class='ocrx_word' id='word_1_1275' title='bbox 2039 1972 2093 2000; x_wconf 86' lang='grc'>632.</span> <span class='ocrx_word' id='word_1_1276' title='bbox 2134 1972 2201 1997; x_wconf 86' lang='lat' dir='ltr'>Hinc</span> 
     </span>
    </p>

    <p class='ocr_par' dir='ltr' id='par_1_51' title="bbox 1153 2001 2201 2073">
     <span class='ocr_line' id='line_1_127' title="bbox 1153 2001 2201 2067; baseline 0.002 -38"><span class='ocrx_word' id='word_1_1277' title='bbox 1153 2001 1175 2067; x_wconf 61' lang='grc' dir='ltr'>Ξ</span> <span class='ocrx_word' id='word_1_1278' title='bbox 1193 2011 1209 2029; x_wconf 87' lang='lat'>2</span> <span class='ocrx_word' id='word_1_1279' title='bbox 1245 2004 1377 2037; x_wconf 66' lang='lat' dir='ltr'>Dictynna</span> <span class='ocrx_word' id='word_1_1280' title='bbox 1386 2024 1394 2036; x_wconf 95' lang='lat'>‚</span> <span class='ocrx_word' id='word_1_1281' title='bbox 1411 2005 1497 2031; x_wconf 79' lang='lat' dir='ltr'>Cretae</span> <span class='ocrx_word' id='word_1_1282' title='bbox 1514 2003 1608 2038; x_wconf 85' lang='lat' dir='ltr'>insulae</span> <span class='ocrx_word' id='word_1_1283' title='bbox 1618 2003 1678 2029; x_wconf 76' lang='lat' dir='ltr'>vrbs</span> <span class='ocrx_word' id='word_1_1284' title='bbox 1687 2013 1694 2027; x_wconf 86' lang='lat'><em>:</em></span> <span class='ocrx_word' id='word_1_1285' title='bbox 1715 2012 1731 2028; x_wconf 84' lang='lat' dir='ltr'>a</span> <span class='ocrx_word' id='word_1_1286' title='bbox 1743 2011 1788 2037; x_wconf 84' lang='lat' dir='ltr'>quo</span> <span class='ocrx_word' id='word_1_1287' title='bbox 1800 2011 1869 2027; x_wconf 83' lang='lat' dir='ltr'>mons</span> <span class='ocrx_word' id='word_1_1288' title='bbox 1881 2001 2060 2033; x_wconf 62' lang='lat' dir='ltr'>Dielynnaeus</span> <span class='ocrx_word' id='word_1_1289' title='bbox 2072 2004 2156 2031; x_wconf 58' lang='lat' dir='ltr'>dzfflas</span> <span class='ocrx_word' id='word_1_1290' title='bbox 2167 2003 2201 2039; x_wconf 71' lang='lat' dir='ltr'>cst</span> 
     </span>
     <span class='ocr_line' id='line_1_128' title="bbox 1171 2037 1726 2073; baseline -0.004 -9"><span class='ocrx_word' id='word_1_1291' title='bbox 1171 2038 1272 2065; x_wconf 86' lang='lat' dir='ltr'>traboni</span> <span class='ocrx_word' id='word_1_1292' title='bbox 1281 2059 1289 2072; x_wconf 90' lang='lat'>,</span> <span class='ocrx_word' id='word_1_1293' title='bbox 1304 2046 1328 2065; x_wconf 87' lang='lat' dir='ltr'>et</span> <span class='ocrx_word' id='word_1_1294' title='bbox 1339 2040 1405 2066; x_wconf 82' lang='lat' dir='ltr'>Plin.</span> <span class='ocrx_word' id='word_1_1295' title='bbox 1418 2048 1446 2073; x_wconf 89' lang='lat'>4,</span> <span class='ocrx_word' id='word_1_1296' title='bbox 1462 2048 1498 2066; x_wconf 86' lang='lat'>12.</span> <span class='ocrx_word' id='word_1_1297' title='bbox 1525 2038 1583 2065; x_wconf 85' lang='lat' dir='ltr'>Vid.</span> <span class='ocrx_word' id='word_1_1298' title='bbox 1598 2037 1726 2064; x_wconf 83' lang='lat' dir='ltr'>Harduin.</span> 
     </span>
    </p>

    <p class='ocr_par' dir='ltr' id='par_1_52' title="bbox 1152 2072 2201 2144">
     <span class='ocr_line' id='line_1_129' title="bbox 1188 2072 2201 2106; baseline 0 -5"><span class='ocrx_word' id='word_1_1299' title='bbox 1188 2081 1208 2101; x_wconf 89' lang='lat' dir='ltr'>D</span> <span class='ocrx_word' id='word_1_1300' title='bbox 1217 2081 1225 2100; x_wconf 91' lang='lat'>1</span> <span class='ocrx_word' id='word_1_1301' title='bbox 1234 2080 1251 2100; x_wconf 90' lang='lat' dir='ltr'>C</span> <span class='ocrx_word' id='word_1_1302' title='bbox 1259 2081 1280 2100; x_wconf 89' lang='lat' dir='ltr'><strong>T</strong></span> <span class='ocrx_word' id='word_1_1303' title='bbox 1288 2081 1307 2100; x_wconf 81' lang='lat' dir='ltr'>Y</span> <span class='ocrx_word' id='word_1_1304' title='bbox 1318 2076 1338 2102; x_wconf 85' lang='lat'><strong>6</strong></span> <span class='ocrx_word' id='word_1_1305' title='bbox 1348 2081 1370 2101; x_wconf 85' lang='lat' dir='ltr'>‘r</span> <span class='ocrx_word' id='word_1_1306' title='bbox 1380 2082 1411 2101; x_wconf 76' lang='lat' dir='ltr'>A.</span> <span class='ocrx_word' id='word_1_1307' title='bbox 1433 2072 1589 2106; x_wconf 62' lang='lat' dir='ltr'>[dix-romei]</span> <span class='ocrx_word' id='word_1_1308' title='bbox 1613 2073 1700 2106; x_wconf 88' lang='lat' dir='ltr'>Opera</span> <span class='ocrx_word' id='word_1_1309' title='bbox 1708 2090 1716 2103; x_wconf 93' lang='lat'>,</span> <span class='ocrx_word' id='word_1_1310' title='bbox 1729 2080 1788 2106; x_wconf 70' lang='lat' dir='ltr'>quaa</span> <span class='ocrx_word' id='word_1_1311' title='bbox 1802 2072 1890 2097; x_wconf 84' lang='lat' dir='ltr'>Latini</span> <span class='ocrx_word' id='word_1_1312' title='bbox 1902 2072 2022 2098; x_wconf 84' lang='lat' dir='ltr'>Reticula</span> <span class='ocrx_word' id='word_1_1313' title='bbox 2038 2081 2145 2100; x_wconf 82' lang='lat' dir='ltr'>vocant:</span> <span class='ocrx_word' id='word_1_1314' title='bbox 2163 2078 2201 2102; x_wconf 84' lang='lat' dir='ltr'>ita</span> 
     </span>
     <span class='ocr_line' id='line_1_130' title="bbox 1152 2105 2201 2144; baseline -0.001 -10"><span class='ocrx_word' id='word_1_1315' title='bbox 1152 2108 1222 2134; x_wconf 67' lang='lat' dir='ltr'>difta</span> <span class='ocrx_word' id='word_1_1316' title='bbox 1230 2128 1239 2141; x_wconf 91' lang='lat'>,</span> <span class='ocrx_word' id='word_1_1317' title='bbox 1263 2109 1328 2144; x_wconf 86' lang='lat' dir='ltr'>quod</span> <span class='ocrx_word' id='word_1_1318' title='bbox 1339 2112 1366 2135; x_wconf 90' lang='lat' dir='ltr'>in</span> <span class='ocrx_word' id='word_1_1319' title='bbox 1380 2110 1425 2136; x_wconf 83' lang='lat' dir='ltr'>hoc</span> <span class='ocrx_word' id='word_1_1320' title='bbox 1437 2109 1548 2144; x_wconf 61' lang='lat' dir='ltr'>aedi-&#39;ficii</span> <span class='ocrx_word' id='word_1_1321' title='bbox 1577 2117 1646 2135; x_wconf 71' lang='lat' dir='ltr'>onere</span> <span class='ocrx_word' id='word_1_1322' title='bbox 1658 2105 1760 2140; x_wconf 59' lang='lat' dir='ltr'>&amp;stellae</span> <span class='ocrx_word' id='word_1_1323' title='bbox 1769 2126 1777 2138; x_wconf 96' lang='lat'>,</span> <span class='ocrx_word' id='word_1_1324' title='bbox 1789 2108 1940 2133; x_wconf 81' lang='lat' dir='ltr'>macularum</span> <span class='ocrx_word' id='word_1_1325' title='bbox 1948 2127 1956 2139; x_wconf 90' lang='lat'>,</span> <span class='ocrx_word' id='word_1_1326' title='bbox 1970 2117 2030 2143; x_wconf 82' lang='lat' dir='ltr'>quae</span> <span class='ocrx_word' id='word_1_1327' title='bbox 2042 2112 2069 2134; x_wconf 86' lang='lat' dir='ltr'>in</span> <span class='ocrx_word' id='word_1_1328' title='bbox 2082 2113 2132 2136; x_wconf 82' lang='lat' dir='ltr'>reti</span> <span class='ocrx_word' id='word_1_1329' title='bbox 2144 2120 2201 2137; x_wconf 81' lang='lat' dir='ltr'>con-</span> 
     </span>
    </p>

    <p class='ocr_par' dir='ltr' id='par_1_53' title="bbox 1151 2117 2201 2251">
     <span class='ocr_line' id='line_1_131' title="bbox 1545 2117 2201 2179; baseline 0.005 -9"><span class='ocrx_word' id='word_1_1330' title='bbox 1545 2117 1648 2179; x_wconf 64' lang='lat' dir='ltr'>Jgerant.</span> <span class='ocrx_word' id='word_1_1331' title='bbox 1684 2142 1750 2169; x_wconf 90' lang='lat' dir='ltr'>Plin.</span> <span class='ocrx_word' id='word_1_1332' title='bbox 1765 2144 1806 2174; x_wconf 79' lang='lat'>36,</span> <span class='ocrx_word' id='word_1_1333' title='bbox 1822 2151 1852 2168; x_wconf 85' lang='lat'>22</span> <span class='ocrx_word' id='word_1_1334' title='bbox 1882 2142 2029 2175; x_wconf 61' lang='lat' dir='ltr'>Dietyoton</span> <span class='ocrx_word' id='word_1_1335' title='bbox 2046 2151 2139 2172; x_wconf 83' lang='lat' dir='ltr'>vocant</span> <span class='ocrx_word' id='word_1_1336' title='bbox 2159 2156 2201 2173; x_wconf 87' lang='lat' dir='ltr'>re·</span> 
     </span>
     <span class='ocr_line' id='line_1_132' title="bbox 1152 2177 2200 2217; baseline 0.003 -12"><span class='ocrx_word' id='word_1_1337' title='bbox 1152 2179 1288 2205; x_wconf 88' lang='lat' dir='ltr'>ticulatam</span> <span class='ocrx_word' id='word_1_1338' title='bbox 1302 2179 1477 2212; x_wconf 67' lang='lat' dir='ltr'>structuram,</span> <span class='ocrx_word' id='word_1_1339' title='bbox 1496 2188 1576 2214; x_wconf 86' lang='lat' dir='ltr'>quam</span> <span class='ocrx_word' id='word_1_1340' title='bbox 1598 2177 1804 2213; x_wconf 81' lang='lat' dir='ltr'>frequentiffime</span> <span class='ocrx_word' id='word_1_1341' title='bbox 1817 2178 1917 2204; x_wconf 86' lang='lat' dir='ltr'>Romae</span> <span class='ocrx_word' id='word_1_1342' title='bbox 1936 2178 2051 2210; x_wconf 83' lang='lat' dir='ltr'>struunt,</span> <span class='ocrx_word' id='word_1_1343' title='bbox 2065 2181 2140 2207; x_wconf 83' lang='lat' dir='ltr'>rimis</span> <span class='ocrx_word' id='word_1_1344' title='bbox 2153 2191 2200 2217; x_wconf 92' lang='lat' dir='ltr'>op-</span> 
     </span>
     <span class='ocr_line' id='line_1_133' title="bbox 1151 2214 2103 2251; baseline 0.001 -10"><span class='ocrx_word' id='word_1_1345' title='bbox 1151 2220 1302 2250; x_wconf 83' lang='lat' dir='ltr'>portunam.</span> <span class='ocrx_word' id='word_1_1346' title='bbox 1346 2215 1394 2242; x_wconf 82' lang='lat' dir='ltr'>Vbi</span> <span class='ocrx_word' id='word_1_1347' title='bbox 1406 2222 1487 2241; x_wconf 85' lang='lat' dir='ltr'>tamen</span> <span class='ocrx_word' id='word_1_1348' title='bbox 1501 2218 1528 2241; x_wconf 90' lang='lat' dir='ltr'>in</span> <span class='ocrx_word' id='word_1_1349' title='bbox 1542 2216 1653 2251; x_wconf 80' lang='lat' dir='ltr'>vulgatis</span> <span class='ocrx_word' id='word_1_1350' title='bbox 1665 2214 1790 2240; x_wconf 85' lang='lat' dir='ltr'>codicibus</span> <span class='ocrx_word' id='word_1_1351' title='bbox 1801 2214 1893 2249; x_wconf 82' lang='lat' dir='ltr'>legitur</span> <span class='ocrx_word' id='word_1_1352' title='bbox 1903 2214 2103 2246; x_wconf 59' lang='lat' dir='ltr'>Didiyotheton.</span> 
     </span>
    </p>

    <p class='ocr_par' dir='ltr' id='par_1_54' title="bbox 1143 2249 2200 2424">
     <span class='ocr_line' id='line_1_134' title="bbox 1186 2249 2200 2285; baseline 0.003 -9"><span class='ocrx_word' id='word_1_1353' title='bbox 1186 2256 1250 2277; x_wconf 74' lang='lat'>1210</span> <span class='ocrx_word' id='word_1_1354' title='bbox 1261 2256 1282 2276; x_wconf 87' lang='lat' dir='ltr'>T</span> <span class='ocrx_word' id='word_1_1355' title='bbox 1293 2258 1312 2278; x_wconf 83' lang='lat' dir='ltr'>Y</span> <span class='ocrx_word' id='word_1_1356' title='bbox 1320 2257 1333 2278; x_wconf 87' lang='lat' dir='ltr'>s</span> <span class='ocrx_word' id='word_1_1357' title='bbox 1340 2270 1349 2284; x_wconf 83' lang='lat'>,</span> <span class='ocrx_word' id='word_1_1358' title='bbox 1369 2251 1418 2284; x_wconf 86' lang='lat' dir='ltr'>yis.</span> <span class='ocrx_word' id='word_1_1359' title='bbox 1437 2260 1472 2277; x_wconf 82' lang='lat' dir='ltr'>m.</span> <span class='ocrx_word' id='word_1_1360' title='bbox 1510 2249 1639 2284; x_wconf 74' lang='lat' dir='ltr'>Cretensis,</span> <span class='ocrx_word' id='word_1_1361' title='bbox 1646 2253 1717 2275; x_wconf 80' lang='lat' dir='ltr'>cuius</span> <span class='ocrx_word' id='word_1_1362' title='bbox 1729 2251 1824 2275; x_wconf 87' lang='lat' dir='ltr'>nomine</span> <span class='ocrx_word' id='word_1_1363' title='bbox 1836 2251 2015 2285; x_wconf 76' lang='lat' dir='ltr'>circumfertur</span> <span class='ocrx_word' id='word_1_1364' title='bbox 2028 2249 2132 2283; x_wconf 70' lang='lat' dir='ltr'>historia</span> <span class='ocrx_word' id='word_1_1365' title='bbox 2144 2252 2200 2279; x_wconf 65' lang='lat' dir='ltr'>belli</span> 
     </span>
     <span class='ocr_line' id='line_1_135' title="bbox 1155 2283 2199 2323; baseline 0.002 -12"><span class='ocrx_word' id='word_1_1366' title='bbox 1155 2287 1272 2312; x_wconf 84' lang='lat' dir='ltr'>Troiani.</span> <span class='ocrx_word' id='word_1_1367' title='bbox 1429 2283 1450 2323; x_wconf 59' lang='lat' dir='ltr'><strong>ff</strong></span> <span class='ocrx_word' id='word_1_1368' title='bbox 1479 2294 1492 2312; x_wconf 87' lang='lat'>2</span> <span class='ocrx_word' id='word_1_1369' title='bbox 1528 2286 1636 2319; x_wconf 75' lang='lat' dir='ltr'>Dic&#39;tys,</span> <span class='ocrx_word' id='word_1_1370' title='bbox 1649 2286 1729 2316; x_wconf 54' lang='lat' dir='ltr'>‚Vnus</span> <span class='ocrx_word' id='word_1_1371' title='bbox 1748 2293 1777 2310; x_wconf 82' lang='lat' dir='ltr'>ex</span> <span class='ocrx_word' id='word_1_1372' title='bbox 1791 2285 1922 2311; x_wconf 80' lang='lat' dir='ltr'>Centauris</span> <span class='ocrx_word' id='word_1_1373' title='bbox 1941 2286 2052 2312; x_wconf 78' lang='lat' dir='ltr'>Pirithoi</span> <span class='ocrx_word' id='word_1_1374' title='bbox 2066 2297 2140 2314; x_wconf 83' lang='lat' dir='ltr'>manu</span> <span class='ocrx_word' id='word_1_1375' title='bbox 2160 2291 2199 2313; x_wconf 85' lang='lat' dir='ltr'>in-</span> 
     </span>
     <span class='ocr_line' id='line_1_136' title="bbox 1716 2320 2199 2357; baseline 0.01 -12"><span class='ocrx_word' id='word_1_1376' title='bbox 1716 2320 1818 2352; x_wconf 85' lang='lat' dir='ltr'>Dictys,</span> <span class='ocrx_word' id='word_1_1377' title='bbox 1834 2321 1947 2356; x_wconf 77' lang='lat' dir='ltr'>Piscator</span> <span class='ocrx_word' id='word_1_1378' title='bbox 1963 2321 2071 2356; x_wconf 79' lang='lat' dir='ltr'>quidam,</span> <span class='ocrx_word' id='word_1_1379' title='bbox 2087 2326 2129 2357; x_wconf 80' lang='lat' dir='ltr'>qui</span> <span class='ocrx_word' id='word_1_1380' title='bbox 2141 2324 2199 2350; x_wconf 83' lang='lat' dir='ltr'>Per-</span> 
     </span>
     <span class='ocr_line' id='line_1_137' title="bbox 1143 2355 2198 2393; baseline 0.004 -11"><span class='ocrx_word' id='word_1_1381' title='bbox 1143 2357 1214 2393; x_wconf 87' lang='lat' dir='ltr'>seum</span> <span class='ocrx_word' id='word_1_1382' title='bbox 1228 2356 1356 2382; x_wconf 64' lang='lat' dir='ltr'>educam.-</span> <span class='ocrx_word' id='word_1_1383' title='bbox 1374 2356 1404 2384; x_wconf 87' lang='lat' dir='ltr'>de</span> <span class='ocrx_word' id='word_1_1384' title='bbox 1415 2365 1462 2393; x_wconf 81' lang='lat' dir='ltr'>quo</span> <span class='ocrx_word' id='word_1_1385' title='bbox 1479 2356 1544 2384; x_wconf 76' lang='lat' dir='ltr'>Stat.</span> <span class='ocrx_word' id='word_1_1386' title='bbox 1559 2357 1625 2383; x_wconf 87' lang='lat' dir='ltr'>Silu.</span> <span class='ocrx_word' id='word_1_1387' title='bbox 1640 2364 1664 2389; x_wconf 85' lang='lat'>2,</span> <span class='ocrx_word' id='word_1_1388' title='bbox 1677 2363 1710 2390; x_wconf 79' lang='lat'>93</span> <span class='ocrx_word' id='word_1_1389' title='bbox 1743 2355 1913 2391; x_wconf 80' lang='lat' dir='ltr'>Fluctiuagus</span> <span class='ocrx_word' id='word_1_1390' title='bbox 1928 2357 2064 2384; x_wconf 83' lang='lat' dir='ltr'>volucrem</span> <span class='ocrx_word' id='word_1_1391' title='bbox 2077 2358 2198 2386; x_wconf 83' lang='lat' dir='ltr'>comebat</span> 
     </span>
     <span class='ocr_line' id='line_1_138' title="bbox 1148 2391 1350 2424; baseline -0.01 -4"><span class='ocrx_word' id='word_1_1392' title='bbox 1148 2393 1238 2420; x_wconf 84' lang='lat' dir='ltr'>Persea</span> <span class='ocrx_word' id='word_1_1393' title='bbox 1250 2391 1350 2424; x_wconf 85' lang='lat' dir='ltr'>Dictys.</span> 
     </span>
    </p>

    <p class='ocr_par' dir='ltr' id='par_1_55' title="bbox 2192 2482 2206 2495">
     <span class='ocr_line' id='line_1_139' title="bbox 2192 2482 2206 2495; baseline 0 0"><span class='ocrx_word' id='word_1_1394' title='bbox 2192 2482 2206 2495; x_wconf 73' lang='lat' dir='ltr'><em>s</em></span> 
     </span>
    </p>
   </div>
   <div class='ocr_carea' id='block_1_28' title="bbox 1147 2492 2195 2672">
    <p class='ocr_par' dir='ltr' id='par_1_56' title="bbox 1147 2492 2195 2602">
     <span class='ocr_line' id='line_1_140' title="bbox 1184 2492 2195 2534; baseline -0.002 -7"><span class='ocrx_word' id='word_1_1395' title='bbox 1184 2495 1450 2531; x_wconf 53' lang='lat' dir='ltr'>nmascssrms,</span> <span class='ocrx_word' id='word_1_1396' title='bbox 1471 2498 1490 2525; x_wconf 93' lang='lat' dir='ltr'>i.</span> <span class='ocrx_word' id='word_1_1397' title='bbox 1516 2507 1552 2525; x_wconf 88' lang='lat' dir='ltr'>m.</span> <span class='ocrx_word' id='word_1_1398' title='bbox 1608 2496 1770 2532; x_wconf 63' lang='grc' dir='ltr'>διδάσκαλος]</span> <span class='ocrx_word' id='word_1_1399' title='bbox 1805 2492 1895 2523; x_wconf 63' lang='lat' dir='ltr'>Latiae</span> <span class='ocrx_word' id='word_1_1400' title='bbox 1923 2496 2018 2522; x_wconf 78' lang='lat' dir='ltr'>dicitur</span> <span class='ocrx_word' id='word_1_1401' title='bbox 2039 2498 2195 2534; x_wconf 74' lang='lat' dir='ltr'>Praeceptor,</span> 
     </span>
     <span class='ocr_line' id='line_1_141' title="bbox 1147 2531 2195 2571; baseline -0.002 -10"><span class='ocrx_word' id='word_1_1402' title='bbox 1147 2533 1279 2571; x_wconf 74' lang='lat' dir='ltr'>magister,</span> <span class='ocrx_word' id='word_1_1403' title='bbox 1296 2544 1312 2560; x_wconf 87' lang='lat' dir='ltr'><em>a</em></span> <span class='ocrx_word' id='word_1_1404' title='bbox 1332 2532 1432 2561; x_wconf 67' lang='grc' dir='ltr'><em>διδάσκω</em></span> <span class='ocrx_word' id='word_1_1405' title='bbox 1450 2533 1530 2560; x_wconf 74' lang='lat' dir='ltr'>doceo.</span> <span class='ocrx_word' id='word_1_1406' title='bbox 1609 2534 1640 2558; x_wconf 87' lang='lat' dir='ltr'>ic.</span> <span class='ocrx_word' id='word_1_1407' title='bbox 1656 2534 1726 2559; x_wconf 77' lang='lat' dir='ltr'>Fam.</span> <span class='ocrx_word' id='word_1_1408' title='bbox 1739 2541 1765 2564; x_wconf 87' lang='lat'>9,</span> <span class='ocrx_word' id='word_1_1409' title='bbox 1778 2539 1795 2565; x_wconf 87' lang='lat'>7</span> <span class='ocrx_word' id='word_1_1410' title='bbox 1827 2531 1923 2557; x_wconf 61' lang='grc' dir='ltr'><strong>Πολλοὶ</strong></span> <span class='ocrx_word' id='word_1_1411' title='bbox 1934 2532 2056 2564; x_wconf 56' lang='lat' dir='ltr'>,toa-‘inrui</span> <span class='ocrx_word' id='word_1_1412' title='bbox 2067 2533 2195 2569; x_wconf 65' lang='grc' dir='ltr'>κρείττονες</span> 
     </span>
     <span class='ocr_line' id='line_1_142' title="bbox 1148 2567 1822 2602; baseline -0.007 -5"><span class='ocrx_word' id='word_1_1413' title='bbox 1148 2569 1305 2598; x_wconf 64' lang='grc' dir='ltr'>διδασκάλων.</span> <span class='ocrx_word' id='word_1_1414' title='bbox 1344 2571 1412 2595; x_wconf 83' lang='lat' dir='ltr'>Hinc</span> <span class='ocrx_word' id='word_1_1415' title='bbox 1426 2568 1650 2602; x_wconf 81' lang='lat' dir='ltr'>Hypodidascalns</span> <span class='ocrx_word' id='word_1_1416' title='bbox 1663 2567 1692 2593; x_wconf 86' lang='lat' dir='ltr'>de</span> <span class='ocrx_word' id='word_1_1417' title='bbox 1710 2576 1755 2601; x_wconf 87' lang='lat' dir='ltr'>quo</span> <span class='ocrx_word' id='word_1_1418' title='bbox 1765 2568 1790 2602; x_wconf 82' lang='lat' dir='ltr'>J&#39;.</span> <span class='ocrx_word' id='word_1_1419' title='bbox 1804 2567 1822 2592; x_wconf 95' lang='lat' dir='ltr'>I.</span> 
     </span>
    </p>

    <p class='ocr_par' dir='ltr' id='par_1_57' title="bbox 1150 2600 2193 2672">
     <span class='ocr_line' id='line_1_143' title="bbox 1186 2600 2193 2637; baseline -0.002 -5"><span class='ocrx_word' id='word_1_1420' title='bbox 1186 2602 1453 2634; x_wconf 81' lang='lat' dir='ltr'>D1DAsCALi&#39;A,</span> <span class='ocrx_word' id='word_1_1421' title='bbox 1478 2611 1517 2628; x_wconf 89' lang='lat' dir='ltr'>ae.</span> <span class='ocrx_word' id='word_1_1422' title='bbox 1549 2602 1568 2628; x_wconf 92' lang='lat' dir='ltr'>f.</span> <span class='ocrx_word' id='word_1_1423' title='bbox 1605 2600 1740 2628; x_wconf 67' lang='lat' dir='ltr'>DoHrina.</span> <span class='ocrx_word' id='word_1_1424' title='bbox 1788 2600 1892 2628; x_wconf 87' lang='lat' dir='ltr'>Caelius</span> <span class='ocrx_word' id='word_1_1425' title='bbox 1913 2600 1945 2627; x_wconf 89' lang='lat' dir='ltr'>ad</span> <span class='ocrx_word' id='word_1_1426' title='bbox 1965 2602 2021 2628; x_wconf 90' lang='lat' dir='ltr'>Cic.</span> <span class='ocrx_word' id='word_1_1427' title='bbox 2044 2603 2115 2630; x_wconf 85' lang='lat' dir='ltr'>Fam.</span> <span class='ocrx_word' id='word_1_1428' title='bbox 2137 2609 2160 2637; x_wconf 87' lang='lat'>8,</span> <span class='ocrx_word' id='word_1_1429' title='bbox 2180 2613 2193 2637; x_wconf 91' lang='grc'>3</span> 
     </span>
     <span class='ocr_line' id='line_1_144' title="bbox 1150 2634 2193 2672; baseline -0.002 -6"><span class='ocrx_word' id='word_1_1430' title='bbox 1150 2641 1256 2666; x_wconf 88' lang='lat' dir='ltr'>Genere</span> <span class='ocrx_word' id='word_1_1431' title='bbox 1275 2645 1379 2669; x_wconf 89' lang='lat' dir='ltr'>tamen,</span> <span class='ocrx_word' id='word_1_1432' title='bbox 1397 2636 1468 2672; x_wconf 90' lang='lat' dir='ltr'>quod</span> <span class='ocrx_word' id='word_1_1433' title='bbox 1490 2637 1522 2663; x_wconf 91' lang='lat' dir='ltr'>ad</span> <span class='ocrx_word' id='word_1_1434' title='bbox 1540 2646 1589 2663; x_wconf 88' lang='lat' dir='ltr'>nos</span> <span class='ocrx_word' id='word_1_1435' title='bbox 1611 2638 1760 2672; x_wconf 87' lang='lat' dir='ltr'>pertineat,</span> <span class='ocrx_word' id='word_1_1436' title='bbox 1781 2643 1806 2663; x_wconf 90' lang='lat' dir='ltr'>et</span> <span class='ocrx_word' id='word_1_1437' title='bbox 1824 2634 1979 2662; x_wconf 67' lang='grc' dir='ltr'>διδασκαλίου</span> <span class='ocrx_word' id='word_1_1438' title='bbox 1999 2639 2145 2672; x_wconf 89' lang='lat' dir='ltr'>quandam,</span> <span class='ocrx_word' id='word_1_1439' title='bbox 2164 2647 2193 2667; x_wconf 87' lang='lat' dir='ltr'>vt</span> 
     </span>
    </p>
   </div>
   <div class='ocr_carea' id='block_1_29' title="bbox 43 2671 2193 2712">
    <p class='ocr_par' dir='ltr' id='par_1_58' title="bbox 43 2671 2193 2712">
     <span class='ocr_line' id='line_1_145' title="bbox 43 2671 2193 2712; baseline -0 -9"><span class='ocrx_word' id='word_1_1440' title='bbox 43 2678 224 2705; x_wconf 75' lang='lat' dir='ltr'>comitiorum</span> <span class='ocrx_word' id='word_1_1441' title='bbox 235 2679 324 2709; x_wconf 86' lang='lat' dir='ltr'>eausa,</span> <span class='ocrx_word' id='word_1_1442' title='bbox 336 2685 365 2704; x_wconf 84' lang='lat' dir='ltr'>vt</span> <span class='ocrx_word' id='word_1_1443' title='bbox 380 2679 440 2706; x_wconf 83' lang='lat' dir='ltr'>Liu.</span> <span class='ocrx_word' id='word_1_1444' title='bbox 452 2684 478 2710; x_wconf 84' lang='lat'>8,</span> <span class='ocrx_word' id='word_1_1445' title='bbox 491 2687 530 2710; x_wconf 83' lang='lat'>23.</span> <span class='ocrx_word' id='word_1_1446' title='bbox 550 2687 577 2710; x_wconf 89' lang='lat'>9,</span> <span class='ocrx_word' id='word_1_1447' title='bbox 592 2686 609 2712; x_wconf 91' lang='lat'>7</span> <span class='ocrx_word' id='word_1_1448' title='bbox 621 2685 667 2704; x_wconf 84' lang='lat' dir='ltr'>etc.</span> <span class='ocrx_word' id='word_1_1449' title='bbox 686 2683 716 2704; x_wconf 83' lang='lat' dir='ltr'>it.</span> <span class='ocrx_word' id='word_1_1450' title='bbox 738 2679 876 2704; x_wconf 74' lang='lat' dir='ltr'>Feriarum</span> <span class='ocrx_word' id='word_1_1451' title='bbox 893 2677 1084 2704; x_wconf 80' lang='lat' dir='ltr'>constituenda·</span> <span class='ocrx_word' id='word_1_1452' title='bbox 1098 2683 1134 2710; x_wconf 84' lang='lat'>70</span> <span class='ocrx_word' id='word_1_1453' title='bbox 1148 2675 1267 2701; x_wconf 81' lang='lat' dir='ltr'>versetur</span> <span class='ocrx_word' id='word_1_1454' title='bbox 1280 2674 1349 2699; x_wconf 85' lang='lat' dir='ltr'>inter</span> <span class='ocrx_word' id='word_1_1455' title='bbox 1369 2682 1476 2705; x_wconf 85' lang='lat' dir='ltr'>manus,</span> <span class='ocrx_word' id='word_1_1456' title='bbox 1488 2672 1591 2699; x_wconf 86' lang='lat' dir='ltr'>habeat.</span> <span class='ocrx_word' id='word_1_1457' title='bbox 1627 2674 1696 2699; x_wconf 82' lang='lat' dir='ltr'>Petit</span> <span class='ocrx_word' id='word_1_1458' title='bbox 1716 2679 1776 2709; x_wconf 74' lang='lat' dir='ltr'>opus</span> <span class='ocrx_word' id='word_1_1459' title='bbox 1789 2671 1890 2707; x_wconf 84' lang='lat' dir='ltr'>aliquod</span> <span class='ocrx_word' id='word_1_1460' title='bbox 1904 2673 2044 2700; x_wconf 84' lang='lat' dir='ltr'>literarium</span> <span class='ocrx_word' id='word_1_1461' title='bbox 2051 2675 2103 2708; x_wconf 77' lang='lat' dir='ltr'>sibi</span> <span class='ocrx_word' id='word_1_1462' title='bbox 2120 2685 2135 2701; x_wconf 87' lang='lat' dir='ltr'>a</span> <span class='ocrx_word' id='word_1_1463' title='bbox 2148 2676 2193 2702; x_wconf 87' lang='lat' dir='ltr'>Ci-</span> 
     </span>
    </p>
   </div>
   <div class='ocr_carea' id='block_1_30' title="bbox 37 2710 1086 3033">
    <p class='ocr_par' dir='ltr' id='par_1_59' title="bbox 40 2710 1086 2880">
     <span class='ocr_line' id='line_1_146' title="bbox 42 2710 1085 2747; baseline -0.002 -8"><span class='ocrx_word' id='word_1_1464' title='bbox 42 2721 103 2739; x_wconf 86' lang='lat' dir='ltr'>rum</span> <span class='ocrx_word' id='word_1_1465' title='bbox 118 2710 227 2747; x_wconf 73' lang='lat' dir='ltr'>ibid.&#39;7‚</span> <span class='ocrx_word' id='word_1_1466' title='bbox 242 2718 269 2743; x_wconf 83' lang='lat'>28</span> <span class='ocrx_word' id='word_1_1467' title='bbox 290 2719 317 2739; x_wconf 66' lang='lat' dir='ltr'>vc</span> <span class='ocrx_word' id='word_1_1468' title='bbox 337 2713 544 2745; x_wconf 68' lang='lat' dir='ltr'>Quaestionibus</span> <span class='ocrx_word' id='word_1_1469' title='bbox 556 2711 708 2738; x_wconf 81' lang='lat' dir='ltr'>exercendis</span> <span class='ocrx_word' id='word_1_1470' title='bbox 720 2711 753 2738; x_wconf 86' lang='lat' dir='ltr'>de</span> <span class='ocrx_word' id='word_1_1471' title='bbox 765 2712 911 2737; x_wconf 82' lang='lat' dir='ltr'>coniuratis</span> <span class='ocrx_word' id='word_1_1472' title='bbox 924 2720 951 2744; x_wconf 89' lang='lat'>9,</span> <span class='ocrx_word' id='word_1_1473' title='bbox 964 2714 1005 2737; x_wconf 85' lang='lat'>26.</span> <span class='ocrx_word' id='word_1_1474' title='bbox 1037 2713 1085 2738; x_wconf 85' lang='lat' dir='ltr'>De-</span> 
     </span>
     <span class='ocr_line' id='line_1_147' title="bbox 41 2746 1086 2783; baseline 0 -10"><span class='ocrx_word' id='word_1_1475' title='bbox 41 2750 115 2782; x_wconf 83' lang='lat' dir='ltr'>nique</span> <span class='ocrx_word' id='word_1_1476' title='bbox 131 2748 201 2774; x_wconf 90' lang='lat' dir='ltr'>claui</span> <span class='ocrx_word' id='word_1_1477' title='bbox 220 2747 318 2782; x_wconf 84' lang='lat' dir='ltr'>figendi</span> <span class='ocrx_word' id='word_1_1478' title='bbox 336 2748 426 2780; x_wconf 82' lang='lat' dir='ltr'>causa,</span> <span class='ocrx_word' id='word_1_1479' title='bbox 444 2748 473 2774; x_wconf 85' lang='lat' dir='ltr'>de</span> <span class='ocrx_word' id='word_1_1480' title='bbox 487 2757 535 2783; x_wconf 86' lang='lat' dir='ltr'>qua</span> <span class='ocrx_word' id='word_1_1481' title='bbox 552 2757 579 2774; x_wconf 88' lang='lat' dir='ltr'>re</span> <span class='ocrx_word' id='word_1_1482' title='bbox 593 2747 654 2773; x_wconf 88' lang='lat' dir='ltr'>Liu.</span> <span class='ocrx_word' id='word_1_1483' title='bbox 666 2754 694 2781; x_wconf 88' lang='lat'>7,</span> <span class='ocrx_word' id='word_1_1484' title='bbox 707 2755 729 2779; x_wconf 85' lang='lat'>3.</span> <span class='ocrx_word' id='word_1_1485' title='bbox 753 2751 776 2777; x_wconf 84' lang='lat'>8,</span> <span class='ocrx_word' id='word_1_1486' title='bbox 792 2752 824 2776; x_wconf 78' lang='lat'>18.</span> <span class='ocrx_word' id='word_1_1487' title='bbox 862 2746 1008 2773; x_wconf 66' lang='lat' dir='ltr'>metatoris</span> <span class='ocrx_word' id='word_1_1488' title='bbox 1026 2747 1086 2773; x_wconf 81' lang='lat' dir='ltr'>Per-</span> 
     </span>
     <span class='ocr_line' id='line_1_148' title="bbox 40 2781 1085 2818; baseline -0.002 -9"><span class='ocrx_word' id='word_1_1489' title='bbox 40 2783 115 2818; x_wconf 75' lang='lat' dir='ltr'>petui</span> <span class='ocrx_word' id='word_1_1490' title='bbox 128 2787 223 2809; x_wconf 82' lang='lat' dir='ltr'>noniine</span> <span class='ocrx_word' id='word_1_1491' title='bbox 236 2793 289 2809; x_wconf 87' lang='lat' dir='ltr'>cum</span> <span class='ocrx_word' id='word_1_1492' title='bbox 301 2790 377 2818; x_wconf 75' lang='lat' dir='ltr'>remp.</span> <span class='ocrx_word' id='word_1_1493' title='bbox 393 2783 481 2818; x_wconf 71' lang='lat' dir='ltr'>Caqfizr</span> <span class='ocrx_word' id='word_1_1494' title='bbox 494 2792 506 2809; x_wconf 88' lang='lat' dir='ltr'>o</span> <span class='ocrx_word' id='word_1_1495' title='bbox 521 2781 656 2817; x_wconf 72' lang='lat' dir='ltr'>prffſjet,</span> <span class='ocrx_word' id='word_1_1496' title='bbox 676 2783 713 2808; x_wconf 91' lang='lat' dir='ltr'>M.</span> <span class='ocrx_word' id='word_1_1497' title='bbox 728 2782 859 2808; x_wconf 80' lang='lat' dir='ltr'>Antonius</span> <span class='ocrx_word' id='word_1_1498' title='bbox 874 2782 963 2808; x_wconf 83' lang='lat' dir='ltr'>consul</span> <span class='ocrx_word' id='word_1_1499' title='bbox 981 2783 1032 2818; x_wconf 81' lang='lat' dir='ltr'>lege</span> <span class='ocrx_word' id='word_1_1500' title='bbox 1050 2783 1085 2808; x_wconf 88' lang='grc' dir='ltr'>Ια-</span> 
     </span>
     <span class='ocr_line' id='line_1_149' title="bbox 40 2816 1082 2880; baseline -0.002 -36"><span class='ocrx_word' id='word_1_1501' title='bbox 40 2825 80 2880; x_wconf 79' lang='lat' dir='ltr'>tah</span> <span class='ocrx_word' id='word_1_1502' title='bbox 87 2817 150 2879; x_wconf 47' lang='lat' dir='ltr'>&#39;illud</span> <span class='ocrx_word' id='word_1_1503' title='bbox 169 2827 253 2844; x_wconf 78' lang='lat' dir='ltr'>nomen</span> <span class='ocrx_word' id='word_1_1504' title='bbox 272 2822 298 2843; x_wconf 79' lang='lat' dir='ltr'>in</span> <span class='ocrx_word' id='word_1_1505' title='bbox 314 2825 458 2854; x_wconf 72' lang='lat' dir='ltr'>perpetuum</span> <span class='ocrx_word' id='word_1_1506' title='bbox 470 2818 513 2854; x_wconf 82' lang='lat' dir='ltr'>suJ</span> <span class='ocrx_word' id='word_1_1507' title='bbox 525 2819 588 2847; x_wconf 83' lang='lat' dir='ltr'>ulit,</span> <span class='ocrx_word' id='word_1_1508' title='bbox 606 2817 670 2852; x_wconf 90' lang='lat' dir='ltr'>quod</span> <span class='ocrx_word' id='word_1_1509' title='bbox 689 2817 840 2843; x_wconf 78' lang='lat' dir='ltr'>vehementer</span> <span class='ocrx_word' id='word_1_1510' title='bbox 854 2817 945 2851; x_wconf 83' lang='lat' dir='ltr'>probat</span> <span class='ocrx_word' id='word_1_1511' title='bbox 961 2820 1011 2852; x_wconf 79' lang='lat' dir='ltr'>ipse</span> <span class='ocrx_word' id='word_1_1512' title='bbox 1026 2816 1082 2842; x_wconf 88' lang='lat' dir='ltr'>Cic.</span> 
     </span>
     <span class='ocr_line' id='line_1_150' title="bbox 42 2854 309 2880; baseline 0.004 -1"><span class='ocrx_word' id='word_1_1513' title='bbox 42 2854 60 2880; x_wconf 88' lang='lat' dir='ltr'><strong>P</strong></span> <span class='ocrx_word' id='word_1_1514' title='bbox 81 2854 135 2880; x_wconf 85' lang='grc'>1-1,</span> <span class='ocrx_word' id='word_1_1515' title='bbox 154 2859 269 2880; x_wconf 80' lang='lat' dir='ltr'>c.1et2</span> <span class='ocrx_word' id='word_1_1516' title='bbox 289 2863 309 2880; x_wconf 89' lang='lat' dir='ltr'>c.</span> 
     </span>
    </p>

    <p class='ocr_par' dir='ltr' id='par_1_60' title="bbox 37 2862 1085 3033">
     <span class='ocr_line' id='line_1_151' title="bbox 41 2862 1085 2924; baseline -0.004 -8"><span class='ocrx_word' id='word_1_1517' title='bbox 41 2889 161 2916; x_wconf 84' lang='lat' dir='ltr'>PETVO</span> <span class='ocrx_word' id='word_1_1518' title='bbox 183 2886 266 2924; x_wconf 73' lang='lat' dir='ltr'>saliis</span> <span class='ocrx_word' id='word_1_1519' title='bbox 279 2862 404 2924; x_wconf 47' lang='lat' dir='ltr'>fi-rsstum</span> <span class='ocrx_word' id='word_1_1520' title='bbox 423 2888 490 2924; x_wconf 78' lang='lat' dir='ltr'>apud</span> <span class='ocrx_word' id='word_1_1521' title='bbox 501 2889 558 2916; x_wconf 91' lang='lat' dir='ltr'>Cic.</span> <span class='ocrx_word' id='word_1_1522' title='bbox 571 2887 637 2914; x_wconf 84' lang='lat' dir='ltr'>Phil.</span> <span class='ocrx_word' id='word_1_1523' title='bbox 651 2896 670 2916; x_wconf 80' lang='grc'>2,</span> <span class='ocrx_word' id='word_1_1524' title='bbox 685 2897 706 2913; x_wconf 86' lang='lat' dir='ltr'>c.</span> <span class='ocrx_word' id='word_1_1525' title='bbox 719 2895 761 2922; x_wconf 79' lang='lat'>34.</span> <span class='ocrx_word' id='word_1_1526' title='bbox 796 2888 835 2913; x_wconf 81' lang='lat' dir='ltr'>De</span> <span class='ocrx_word' id='word_1_1527' title='bbox 852 2887 899 2913; x_wconf 79' lang='lat' dir='ltr'>hae.-</span> <span class='ocrx_word' id='word_1_1528' title='bbox 917 2886 1042 2923; x_wconf 77' lang='lat' dir='ltr'>dignitate</span> <span class='ocrx_word' id='word_1_1529' title='bbox 1060 2894 1085 2914; x_wconf 82' lang='lat' dir='ltr'>et</span> 
     </span>
     <span class='ocr_line' id='line_1_152' title="bbox 45 2921 1084 2960; baseline -0.004 -8"><span class='ocrx_word' id='word_1_1530' title='bbox 45 2922 149 2959; x_wconf 83' lang='lat' dir='ltr'>Officio,</span> <span class='ocrx_word' id='word_1_1531' title='bbox 166 2933 192 2950; x_wconf 88' lang='grc' dir='ltr'>υ.</span> <span class='ocrx_word' id='word_1_1532' title='bbox 203 2924 343 2959; x_wconf 76' lang='lat' dir='ltr'>scriptores</span> <span class='ocrx_word' id='word_1_1533' title='bbox 362 2924 391 2950; x_wconf 86' lang='lat' dir='ltr'>de</span> <span class='ocrx_word' id='word_1_1534' title='bbox 407 2923 611 2960; x_wconf 70' lang='lat' dir='ltr'>Magis&#39;iratibus.</span> <span class='ocrx_word' id='word_1_1535' title='bbox 652 2921 739 2956; x_wconf 76' lang='lat' dir='ltr'>Exstat</span> <span class='ocrx_word' id='word_1_1536' title='bbox 759 2921 788 2948; x_wconf 79' lang='lat' dir='ltr'>de</span> <span class='ocrx_word' id='word_1_1537' title='bbox 807 2932 834 2949; x_wconf 78' lang='lat' dir='ltr'>ea</span> <span class='ocrx_word' id='word_1_1538' title='bbox 851 2922 1046 2957; x_wconf 72' lang='lat' dir='ltr'>accuratiffimus</span> <span class='ocrx_word' id='word_1_1539' title='bbox 1061 2929 1084 2948; x_wconf 83' lang='lat' dir='ltr'>et</span> 
     </span>
     <span class='ocr_line' id='line_1_153' title="bbox 37 2958 1084 2995; baseline -0.002 -9"><span class='ocrx_word' id='word_1_1540' title='bbox 37 2959 190 2995; x_wconf 78' lang='lat' dir='ltr'>plemffimus</span> <span class='ocrx_word' id='word_1_1541' title='bbox 207 2961 274 2986; x_wconf 80' lang='lat' dir='ltr'>locus</span> <span class='ocrx_word' id='word_1_1542' title='bbox 293 2959 359 2994; x_wconf 81' lang='lat' dir='ltr'>apud</span> <span class='ocrx_word' id='word_1_1543' title='bbox 371 2959 468 2986; x_wconf 85' lang='lat' dir='ltr'>Vellei.</span> <span class='ocrx_word' id='word_1_1544' title='bbox 487 2969 509 2992; x_wconf 84' lang='lat'>2,</span> <span class='ocrx_word' id='word_1_1545' title='bbox 523 2965 562 2990; x_wconf 85' lang='lat'>28,</span> <span class='ocrx_word' id='word_1_1546' title='bbox 576 2967 601 2985; x_wconf 82' lang='lat'>2.</span> <span class='ocrx_word' id='word_1_1547' title='bbox 621 2961 648 2984; x_wconf 86' lang='lat' dir='ltr'>in</span> <span class='ocrx_word' id='word_1_1548' title='bbox 665 2967 732 2994; x_wconf 83' lang='lat' dir='ltr'>quem</span> <span class='ocrx_word' id='word_1_1549' title='bbox 748 2958 805 2984; x_wconf 85' lang='lat' dir='ltr'>vide</span> <span class='ocrx_word' id='word_1_1550' title='bbox 823 2958 915 2994; x_wconf 75' lang='lat' dir='ltr'>copiose</span> <span class='ocrx_word' id='word_1_1551' title='bbox 930 2959 1036 2985; x_wconf 82' lang='lat' dir='ltr'>Boecler.</span> <span class='ocrx_word' id='word_1_1552' title='bbox 1050 2958 1084 2984; x_wconf 89' lang='lat' dir='ltr'>ib.</span> 
     </span>
     <span class='ocr_line' id='line_1_154' title="bbox 37 2992 1082 3033; baseline -0.001 -12"><span class='ocrx_word' id='word_1_1553' title='bbox 37 3002 67 3031; x_wconf 79' lang='lat' dir='ltr'>p.</span> <span class='ocrx_word' id='word_1_1554' title='bbox 83 3005 125 3030; x_wconf 78' lang='lat'>¹4¹</span> <span class='ocrx_word' id='word_1_1555' title='bbox 133 2995 185 3031; x_wconf 83' lang='lat' dir='ltr'>seq.</span> <span class='ocrx_word' id='word_1_1556' title='bbox 205 3001 228 3021; x_wconf 84' lang='lat' dir='ltr'>et</span> <span class='ocrx_word' id='word_1_1557' title='bbox 241 2996 350 3033; x_wconf 66' lang='lat' dir='ltr'>Zeilecot.</span> <span class='ocrx_word' id='word_1_1558' title='bbox 363 2995 397 3020; x_wconf 80' lang='lat' dir='ltr'>ad</span> <span class='ocrx_word' id='word_1_1559' title='bbox 409 2995 478 3022; x_wconf 91' lang='lat' dir='ltr'>Flor.</span> <span class='ocrx_word' id='word_1_1560' title='bbox 494 3005 521 3030; x_wconf 76' lang='lat' dir='ltr'>p.</span> <span class='ocrx_word' id='word_1_1561' title='bbox 533 3002 594 3028; x_wconf 88' lang='lat'>207.</span> <span class='ocrx_word' id='word_1_1562' title='bbox 610 2999 668 3023; x_wconf 79' lang='lat'>208.</span> <span class='ocrx_word' id='word_1_1563' title='bbox 703 2993 776 3029; x_wconf 87' lang='lat' dir='ltr'>Conf.</span> <span class='ocrx_word' id='word_1_1564' title='bbox 795 2993 811 3020; x_wconf 93' lang='lat' dir='ltr'>l.</span> <span class='ocrx_word' id='word_1_1565' title='bbox 826 3003 842 3020; x_wconf 87' lang='lat'>2</span> <span class='ocrx_word' id='word_1_1566' title='bbox 856 2992 879 3031; x_wconf 56' lang='grc' dir='ltr'>ᾗ.</span> <span class='ocrx_word' id='word_1_1567' title='bbox 894 3002 923 3020; x_wconf 87' lang='lat'>10</span> <span class='ocrx_word' id='word_1_1568' title='bbox 935 2994 962 3020; x_wconf 89' lang='lat' dir='ltr'>ff.</span> <span class='ocrx_word' id='word_1_1569' title='bbox 975 2993 1007 3019; x_wconf 87' lang='lat' dir='ltr'>de</span> <span class='ocrx_word' id='word_1_1570' title='bbox 1019 2995 1082 3020; x_wconf 84' lang='lat' dir='ltr'>O.1.</span> 
     </span>
    </p>
   </div>
   <div class='ocr_carea' id='block_1_31' title="bbox 360 2851 1129 2886">
    <p class='ocr_par' dir='ltr' id='par_1_61' title="bbox 360 2851 1129 2886">
     <span class='ocr_line' id='line_1_155' title="bbox 360 2851 1129 2886; baseline -0.004 -6"><span class='ocrx_word' id='word_1_1571' title='bbox 360 2874 366 2880; x_wconf 94' lang='lat'>.</span> <span class='ocrx_word' id='word_1_1572' title='bbox 411 2854 536 2880; x_wconf 81' lang='lat' dir='ltr'>Caeterum</span> <span class='ocrx_word' id='word_1_1573' title='bbox 568 2852 714 2880; x_wconf 81' lang='lat' dir='ltr'>CAESARI</span> <span class='ocrx_word' id='word_1_1574' title='bbox 756 2851 967 2878; x_wconf 77' lang='lat' dir='ltr'>DICTATORI</span> <span class='ocrx_word' id='word_1_1575' title='bbox 1008 2852 1083 2878; x_wconf 80' lang='lat' dir='ltr'><strong>PER·</strong></span> <span class='ocrx_word' id='word_1_1576' title='bbox 1096 2858 1129 2886; x_wconf 73' lang='lat'>75</span> 
     </span>
    </p>
   </div>
   <div class='ocr_carea' id='block_1_32' title="bbox 1145 2706 2191 3027">
    <p class='ocr_par' dir='ltr' id='par_1_62' title="bbox 1145 2706 2191 2772">
     <span class='ocr_line' id='line_1_156' title="bbox 1147 2706 2191 2744; baseline 0.001 -8"><span class='ocrx_word' id='word_1_1577' title='bbox 1147 2718 1243 2736; x_wconf 83' lang='lat' dir='ltr'>cetone</span> <span class='ocrx_word' id='word_1_1578' title='bbox 1259 2708 1388 2740; x_wconf 82' lang='lat' dir='ltr'>dedicari,</span> <span class='ocrx_word' id='word_1_1579' title='bbox 1407 2709 1497 2734; x_wconf 79' lang='lat' dir='ltr'>celebre</span> <span class='ocrx_word' id='word_1_1580' title='bbox 1516 2707 1612 2744; x_wconf 83' lang='lat' dir='ltr'>quidem</span> <span class='ocrx_word' id='word_1_1581' title='bbox 1626 2706 1689 2733; x_wconf 79' lang='lat' dir='ltr'>illud</span> <span class='ocrx_word' id='word_1_1582' title='bbox 1697 2726 1707 2740; x_wconf 88' lang='lat'>‚</span> <span class='ocrx_word' id='word_1_1583' title='bbox 1726 2714 1750 2733; x_wconf 81' lang='lat' dir='ltr'>et</span> <span class='ocrx_word' id='word_1_1584' title='bbox 1763 2707 1939 2743; x_wconf 72' lang='lat' dir='ltr'>quodpropter</span> <span class='ocrx_word' id='word_1_1585' title='bbox 1952 2708 2092 2736; x_wconf 68' lang='lat' dir='ltr'>doHrinam</span> <span class='ocrx_word' id='word_1_1586' title='bbox 2106 2711 2191 2737; x_wconf 87' lang='lat' dir='ltr'>crebro</span> 
     </span>
     <span class='ocr_line' id='line_1_157' title="bbox 1145 2742 1666 2772; baseline -0.01 0"><span class='ocrx_word' id='word_1_1587' title='bbox 1145 2745 1175 2772; x_wconf 81' lang='lat' dir='ltr'>ab</span> <span class='ocrx_word' id='word_1_1588' title='bbox 1192 2744 1331 2771; x_wconf 76' lang='lat' dir='ltr'>hominibus</span> <span class='ocrx_word' id='word_1_1589' title='bbox 1344 2742 1478 2770; x_wconf 69' lang='lat' dir='ltr'>trchtur.</span> <span class='ocrx_word' id='word_1_1590' title='bbox 1662 2757 1666 2759; x_wconf 92' lang='lat'><em>-</em></span> 
     </span>
    </p>

    <p class='ocr_par' dir='ltr' id='par_1_63' title="bbox 1146 2777 2191 2849">
     <span class='ocr_line' id='line_1_158' title="bbox 1183 2777 2191 2814; baseline 0.001 -8"><span class='ocrx_word' id='word_1_1591' title='bbox 1183 2787 1219 2807; x_wconf 77' lang='lat' dir='ltr'>DI</span> <span class='ocrx_word' id='word_1_1592' title='bbox 1229 2787 1247 2806; x_wconf 88' lang='lat' dir='ltr'>D</span> <span class='ocrx_word' id='word_1_1593' title='bbox 1256 2785 1323 2806; x_wconf 78' lang='lat' dir='ltr'>Asc</span> <span class='ocrx_word' id='word_1_1594' title='bbox 1332 2786 1354 2805; x_wconf 82' lang='lat' dir='ltr'>A</span> <span class='ocrx_word' id='word_1_1595' title='bbox 1363 2785 1379 2805; x_wconf 84' lang='lat' dir='ltr'>L</span> <span class='ocrx_word' id='word_1_1596' title='bbox 1391 2777 1426 2805; x_wconf 80' lang='lat' dir='ltr'>ic</span> <span class='ocrx_word' id='word_1_1597' title='bbox 1435 2785 1454 2802; x_wconf 89' lang='grc' dir='ltr'><strong>ν</strong></span> <span class='ocrx_word' id='word_1_1598' title='bbox 1464 2785 1493 2810; x_wconf 90' lang='lat' dir='ltr'>s,</span> <span class='ocrx_word' id='word_1_1599' title='bbox 1512 2786 1536 2809; x_wconf 87' lang='lat' dir='ltr'>a,</span> <span class='ocrx_word' id='word_1_1600' title='bbox 1557 2786 1612 2804; x_wconf 89' lang='lat' dir='ltr'>um.</span> <span class='ocrx_word' id='word_1_1601' title='bbox 1649 2777 1711 2804; x_wconf 86' lang='lat' dir='ltr'>Adi.</span> <span class='ocrx_word' id='word_1_1602' title='bbox 1747 2778 1845 2804; x_wconf 87' lang='lat' dir='ltr'>Auson.</span> <span class='ocrx_word' id='word_1_1603' title='bbox 1858 2777 1936 2813; x_wconf 86' lang='lat' dir='ltr'>Epist.</span> <span class='ocrx_word' id='word_1_1604' title='bbox 1950 2786 1979 2814; x_wconf 87' lang='lat'>17</span> <span class='ocrx_word' id='word_1_1605' title='bbox 1998 2778 2191 2807; x_wconf 83' lang='lat' dir='ltr'>Didascalicum</span> 
     </span>
     <span class='ocr_line' id='line_1_159' title="bbox 1146 2813 1556 2849; baseline -0.005 -8"><span class='ocrx_word' id='word_1_1606' title='bbox 1146 2814 1257 2849; x_wconf 88' lang='lat' dir='ltr'>aliquod</span> <span class='ocrx_word' id='word_1_1607' title='bbox 1271 2813 1427 2848; x_wconf 86' lang='lat' dir='ltr'>opusculum</span> <span class='ocrx_word' id='word_1_1608' title='bbox 1440 2814 1556 2840; x_wconf 85' lang='lat' dir='ltr'>mittere.</span> 
     </span>
    </p>

    <p class='ocr_par' dir='ltr' id='par_1_64' title="bbox 1146 2848 2191 3027">
     <span class='ocr_line' id='line_1_160' title="bbox 1183 2848 2191 2886; baseline 0 -9"><span class='ocrx_word' id='word_1_1609' title='bbox 1183 2857 1329 2880; x_wconf 81' lang='lat' dir='ltr'>D1D1A‚ae.</span> <span class='ocrx_word' id='word_1_1610' title='bbox 1340 2850 1359 2875; x_wconf 91' lang='lat' dir='ltr'>f.</span> <span class='ocrx_word' id='word_1_1611' title='bbox 1376 2850 1450 2881; x_wconf 75' lang='lat' dir='ltr'>Gens,</span> <span class='ocrx_word' id='word_1_1612' title='bbox 1464 2859 1474 2875; x_wconf 78' lang='lat' dir='ltr'>e</span> <span class='ocrx_word' id='word_1_1613' title='bbox 1484 2858 1531 2885; x_wconf 83' lang='lat' dir='ltr'>qua</span> <span class='ocrx_word' id='word_1_1614' title='bbox 1544 2858 1570 2875; x_wconf 86' lang='grc' dir='ltr'>υ.</span> <span class='ocrx_word' id='word_1_1615' title='bbox 1577 2858 1603 2885; x_wconf 84' lang='lat' dir='ltr'>g.</span> <span class='ocrx_word' id='word_1_1616' title='bbox 1621 2848 1661 2875; x_wconf 68' lang='lat' dir='ltr'>T.</span> <span class='ocrx_word' id='word_1_1617' title='bbox 1669 2848 1774 2879; x_wconf 78' lang='lat' dir='ltr'>Didius,</span> <span class='ocrx_word' id='word_1_1618' title='bbox 1781 2851 1824 2883; x_wconf 81' lang='lat' dir='ltr'>qui</span> <span class='ocrx_word' id='word_1_1619' title='bbox 1837 2857 1868 2875; x_wconf 83' lang='lat' dir='ltr'>ex</span> <span class='ocrx_word' id='word_1_1620' title='bbox 1878 2849 2033 2876; x_wconf 80' lang='lat' dir='ltr'>Macedonia</span> <span class='ocrx_word' id='word_1_1621' title='bbox 2047 2851 2191 2886; x_wconf 87' lang='lat' dir='ltr'>triumpha-</span> 
     </span>
     <span class='ocr_line' id='line_1_161' title="bbox 1146 2881 2190 2921; baseline 0.001 -9"><span class='ocrx_word' id='word_1_1622' title='bbox 1146 2885 1187 2912; x_wconf 89' lang='lat' dir='ltr'>vit</span> <span class='ocrx_word' id='word_1_1623' title='bbox 1199 2885 1255 2912; x_wconf 90' lang='lat' dir='ltr'>Cic.</span> <span class='ocrx_word' id='word_1_1624' title='bbox 1269 2886 1297 2911; x_wconf 91' lang='lat' dir='ltr'>in</span> <span class='ocrx_word' id='word_1_1625' title='bbox 1310 2885 1394 2911; x_wconf 89' lang='lat' dir='ltr'>Pison.</span> <span class='ocrx_word' id='word_1_1626' title='bbox 1413 2894 1433 2912; x_wconf 90' lang='lat' dir='ltr'>c.</span> <span class='ocrx_word' id='word_1_1627' title='bbox 1448 2893 1488 2917; x_wconf 74' lang='lat'>25.</span> <span class='ocrx_word' id='word_1_1628' title='bbox 1645 2881 1665 2921; x_wconf 58' lang='lat' dir='ltr'><strong>ff</strong></span> <span class='ocrx_word' id='word_1_1629' title='bbox 1687 2893 1702 2910; x_wconf 84' lang='lat'>2</span> <span class='ocrx_word' id='word_1_1630' title='bbox 1738 2883 1816 2910; x_wconf 87' lang='lat' dir='ltr'>Didia</span> <span class='ocrx_word' id='word_1_1631' title='bbox 1830 2885 1883 2911; x_wconf 86' lang='lat' dir='ltr'>Lex</span> <span class='ocrx_word' id='word_1_1632' title='bbox 1898 2885 1953 2911; x_wconf 83' lang='lat' dir='ltr'>Cic.</span> <span class='ocrx_word' id='word_1_1633' title='bbox 1970 2894 2017 2919; x_wconf 89' lang='lat' dir='ltr'>pro</span> <span class='ocrx_word' id='word_1_1634' title='bbox 2031 2887 2098 2912; x_wconf 85' lang='lat' dir='ltr'>Sext.</span> <span class='ocrx_word' id='word_1_1635' title='bbox 2115 2897 2136 2912; x_wconf 88' lang='lat' dir='ltr'>c.</span> <span class='ocrx_word' id='word_1_1636' title='bbox 2146 2889 2190 2920; x_wconf 81' lang='lat'>64.</span> 
     </span>
     <span class='ocr_line' id='line_1_162' title="bbox 1146 2919 2190 2954; baseline 0.001 -6"><span class='ocrx_word' id='word_1_1637' title='bbox 1146 2923 1185 2948; x_wconf 82' lang='lat' dir='ltr'>De</span> <span class='ocrx_word' id='word_1_1638' title='bbox 1200 2921 1246 2947; x_wconf 84' lang='lat' dir='ltr'>hac</span> <span class='ocrx_word' id='word_1_1639' title='bbox 1264 2920 1382 2948; x_wconf 84' lang='lat' dir='ltr'>Macrob.</span> <span class='ocrx_word' id='word_1_1640' title='bbox 1398 2920 1449 2947; x_wconf 87' lang='lat' dir='ltr'>Sat.</span> <span class='ocrx_word' id='word_1_1641' title='bbox 1462 2929 1485 2952; x_wconf 90' lang='grc'>2,</span> <span class='ocrx_word' id='word_1_1642' title='bbox 1501 2928 1524 2952; x_wconf 88' lang='grc'>13</span> <span class='ocrx_word' id='word_1_1643' title='bbox 1555 2919 1680 2946; x_wconf 76' lang='lat' dir='ltr'>Fanniam</span> <span class='ocrx_word' id='word_1_1644' title='bbox 1696 2919 1779 2953; x_wconf 77' lang='lat' dir='ltr'>legem</span> <span class='ocrx_word' id='word_1_1645' title='bbox 1800 2920 1856 2954; x_wconf 89' lang='lat' dir='ltr'>post</span> <span class='ocrx_word' id='word_1_1646' title='bbox 1875 2929 1955 2946; x_wconf 80' lang='lat' dir='ltr'>annos</span> <span class='ocrx_word' id='word_1_1647' title='bbox 1976 2921 2065 2947; x_wconf 81' lang='lat' dir='ltr'>decem</span> <span class='ocrx_word' id='word_1_1648' title='bbox 2082 2929 2107 2948; x_wconf 89' lang='lat' dir='ltr'>et</span> <span class='ocrx_word' id='word_1_1649' title='bbox 2128 2929 2190 2949; x_wconf 76' lang='lat' dir='ltr'>octo</span> 
     </span>
     <span class='ocr_line' id='line_1_163' title="bbox 1147 2955 2189 2990; baseline 0.001 -7"><span class='ocrx_word' id='word_1_1650' title='bbox 1147 2957 1188 2983; x_wconf 88' lang='lat' dir='ltr'>lex</span> <span class='ocrx_word' id='word_1_1651' title='bbox 1205 2955 1285 2983; x_wconf 87' lang='lat' dir='ltr'>Didia</span> <span class='ocrx_word' id='word_1_1652' title='bbox 1299 2957 1445 2983; x_wconf 87' lang='lat' dir='ltr'>Consecuta</span> <span class='ocrx_word' id='word_1_1653' title='bbox 1459 2956 1504 2981; x_wconf 86' lang='lat' dir='ltr'>est.</span> <span class='ocrx_word' id='word_1_1654' title='bbox 1542 2955 1604 2981; x_wconf 87' lang='lat' dir='ltr'>Eius</span> <span class='ocrx_word' id='word_1_1655' title='bbox 1624 2955 1748 2982; x_wconf 83' lang='lat' dir='ltr'>ferendae</span> <span class='ocrx_word' id='word_1_1656' title='bbox 1767 2955 1862 2989; x_wconf 87' lang='lat' dir='ltr'>duplex</span> <span class='ocrx_word' id='word_1_1657' title='bbox 1882 2957 1954 2982; x_wconf 80' lang='lat' dir='ltr'>causa</span> <span class='ocrx_word' id='word_1_1658' title='bbox 1972 2957 2038 2982; x_wconf 77' lang='lat' dir='ltr'>fuit:</span> <span class='ocrx_word' id='word_1_1659' title='bbox 2066 2958 2150 2990; x_wconf 81' lang='lat' dir='ltr'>prima</span> <span class='ocrx_word' id='word_1_1660' title='bbox 2163 2965 2189 2984; x_wconf 88' lang='lat' dir='ltr'>et</span> 
     </span>
     <span class='ocr_line' id='line_1_164' title="bbox 1147 2990 2189 3027; baseline 0.001 -9"><span class='ocrx_word' id='word_1_1661' title='bbox 1147 2992 1292 3027; x_wconf 75' lang='lat' dir='ltr'>potiffima,</span> <span class='ocrx_word' id='word_1_1662' title='bbox 1312 2998 1340 3018; x_wconf 84' lang='lat' dir='ltr'>vt</span> <span class='ocrx_word' id='word_1_1663' title='bbox 1353 2991 1474 3018; x_wconf 87' lang='lat' dir='ltr'>vniuersa</span> <span class='ocrx_word' id='word_1_1664' title='bbox 1488 2990 1579 3022; x_wconf 87' lang='lat' dir='ltr'>Italia,</span> <span class='ocrx_word' id='word_1_1665' title='bbox 1599 2999 1653 3017; x_wconf 86' lang='lat' dir='ltr'>non</span> <span class='ocrx_word' id='word_1_1666' title='bbox 1668 2990 1722 3017; x_wconf 88' lang='lat' dir='ltr'>sola</span> <span class='ocrx_word' id='word_1_1667' title='bbox 1735 2991 1797 3016; x_wconf 83' lang='lat' dir='ltr'>vrbs</span> <span class='ocrx_word' id='word_1_1668' title='bbox 1817 2992 1874 3025; x_wconf 83' lang='lat' dir='ltr'>lege</span> <span class='ocrx_word' id='word_1_1669' title='bbox 1889 2992 2029 3017; x_wconf 73' lang='lat' dir='ltr'>sumtum-ia</span> <span class='ocrx_word' id='word_1_1670' title='bbox 2047 2997 2189 3025; x_wconf 82' lang='lat' dir='ltr'>teneretur,</span> 
     </span>
    </p>
   </div>
   <div class='ocr_carea' id='block_1_33' title="bbox 44 3026 2187 3067">
    <p class='ocr_par' dir='ltr' id='par_1_65' title="bbox 44 3026 2187 3067">
     <span class='ocr_line' id='line_1_165' title="bbox 44 3026 2187 3067; baseline -0.001 -10"><span class='ocrx_word' id='word_1_1671' title='bbox 44 3031 137 3057; x_wconf 81' lang='lat' dir='ltr'>Muret.</span> <span class='ocrx_word' id='word_1_1672' title='bbox 156 3030 190 3057; x_wconf 86' lang='lat' dir='ltr'>ad</span> <span class='ocrx_word' id='word_1_1673' title='bbox 207 3030 298 3057; x_wconf 86' lang='lat' dir='ltr'>Tacit.</span> <span class='ocrx_word' id='word_1_1674' title='bbox 317 3040 342 3065; x_wconf 87' lang='lat' dir='ltr'>p.</span> <span class='ocrx_word' id='word_1_1675' title='bbox 357 3038 393 3063; x_wconf 86' lang='lat'>19.</span> <span class='ocrx_word' id='word_1_1676' title='bbox 405 3031 555 3067; x_wconf 79' lang='lat' dir='ltr'>praesertim</span> <span class='ocrx_word' id='word_1_1677' title='bbox 574 3030 665 3064; x_wconf 81' lang='lat' dir='ltr'>Spanh.</span> <span class='ocrx_word' id='word_1_1678' title='bbox 680 3030 708 3056; x_wconf 82' lang='lat' dir='ltr'>de</span> <span class='ocrx_word' id='word_1_1679' title='bbox 728 3030 776 3065; x_wconf 76' lang='lat' dir='ltr'>Vfit</span> <span class='ocrx_word' id='word_1_1680' title='bbox 789 3036 813 3055; x_wconf 79' lang='lat' dir='ltr'>et</span> <span class='ocrx_word' id='word_1_1681' title='bbox 827 3028 921 3062; x_wconf 76' lang='lat' dir='ltr'>praest.</span> <span class='ocrx_word' id='word_1_1682' title='bbox 937 3031 1013 3056; x_wconf 71' lang='lat' dir='ltr'>Num.</span> <span class='ocrx_word' id='word_1_1683' title='bbox 1027 3028 1083 3062; x_wconf 71' lang='lat' dir='ltr'>diff</span> <span class='ocrx_word' id='word_1_1684' title='bbox 1100 3034 1132 3060; x_wconf 84' lang='lat'>80</span> <span class='ocrx_word' id='word_1_1685' title='bbox 1146 3029 1244 3056; x_wconf 78' lang='lat' dir='ltr'>Italicis</span> <span class='ocrx_word' id='word_1_1686' title='bbox 1258 3026 1470 3059; x_wconf 79' lang='lat' dir='ltr'>aestimantibus,</span> <span class='ocrx_word' id='word_1_1687' title='bbox 1490 3027 1616 3053; x_wconf 85' lang='lat' dir='ltr'>Fanniam</span> <span class='ocrx_word' id='word_1_1688' title='bbox 1630 3026 1714 3060; x_wconf 84' lang='lat' dir='ltr'>legem</span> <span class='ocrx_word' id='word_1_1689' title='bbox 1727 3035 1779 3052; x_wconf 86' lang='lat' dir='ltr'>non</span> <span class='ocrx_word' id='word_1_1690' title='bbox 1799 3026 1826 3052; x_wconf 92' lang='lat' dir='ltr'>in</span> <span class='ocrx_word' id='word_1_1691' title='bbox 1841 3029 1880 3058; x_wconf 86' lang='lat' dir='ltr'>se,</span> <span class='ocrx_word' id='word_1_1692' title='bbox 1895 3027 1936 3052; x_wconf 84' lang='lat' dir='ltr'>sed</span> <span class='ocrx_word' id='word_1_1693' title='bbox 1951 3028 1977 3052; x_wconf 86' lang='lat' dir='ltr'>iu</span> <span class='ocrx_word' id='word_1_1694' title='bbox 1991 3027 2059 3052; x_wconf 90' lang='lat' dir='ltr'>solos</span> <span class='ocrx_word' id='word_1_1695' title='bbox 2074 3030 2187 3054; x_wconf 82' lang='lat' dir='ltr'>vrbanos</span> 
     </span>
    </p>
   </div>
   <div class='ocr_carea' id='block_1_34' title="bbox 44 3064 1084 3138">
    <p class='ocr_par' dir='ltr' id='par_1_66' title="bbox 44 3064 1084 3138">
     <span class='ocr_line' id='line_1_166' title="bbox 44 3064 1084 3101; baseline -0.002 -8"><span class='ocrx_word' id='word_1_1696' title='bbox 44 3075 70 3093; x_wconf 76' lang='grc' dir='ltr'>ιο</span> <span class='ocrx_word' id='word_1_1697' title='bbox 77 3072 105 3100; x_wconf 81' lang='lat' dir='ltr'>p.</span> <span class='ocrx_word' id='word_1_1698' title='bbox 117 3066 217 3101; x_wconf 85' lang='lat' dir='ltr'>171seq.</span> <span class='ocrx_word' id='word_1_1699' title='bbox 253 3065 300 3093; x_wconf 77' lang='lat' dir='ltr'>Sed</span> <span class='ocrx_word' id='word_1_1700' title='bbox 312 3064 345 3099; x_wconf 74' lang='lat' dir='ltr'>eft</span> <span class='ocrx_word' id='word_1_1701' title='bbox 358 3069 431 3093; x_wconf 84' lang='lat' dir='ltr'>etiam</span> <span class='ocrx_word' id='word_1_1702' title='bbox 445 3069 472 3093; x_wconf 90' lang='lat' dir='ltr'>in</span> <span class='ocrx_word' id='word_1_1703' title='bbox 486 3068 523 3094; x_wconf 86' lang='lat' dir='ltr'>Io.</span> <span class='ocrx_word' id='word_1_1704' title='bbox 537 3066 611 3100; x_wconf 71' lang='lat' dir='ltr'>lensii</span> <span class='ocrx_word' id='word_1_1705' title='bbox 626 3065 726 3101; x_wconf 86' lang='lat' dir='ltr'>ferculo</span> <span class='ocrx_word' id='word_1_1706' title='bbox 739 3068 853 3092; x_wconf 81' lang='lat' dir='ltr'>literaria</span> <span class='ocrx_word' id='word_1_1707' title='bbox 867 3065 896 3092; x_wconf 77' lang='lat' dir='ltr'>de</span> <span class='ocrx_word' id='word_1_1708' title='bbox 909 3065 1084 3091; x_wconf 60' lang='lat' dir='ltr'>dictatoribus</span> 
     </span>
     <span class='ocr_line' id='line_1_167' title="bbox 45 3098 1084 3138; baseline -0.001 -11"><span class='ocrx_word' id='word_1_1709' title='bbox 45 3101 137 3135; x_wconf 89' lang='lat' dir='ltr'>Populi</span> <span class='ocrx_word' id='word_1_1710' title='bbox 153 3102 230 3128; x_wconf 89' lang='lat' dir='ltr'>Rom.</span> <span class='ocrx_word' id='word_1_1711' title='bbox 249 3101 393 3138; x_wconf 75' lang='lat' dir='ltr'>disputatio.</span> <span class='ocrx_word' id='word_1_1712' title='bbox 404 3130 411 3136; x_wconf 29' lang='grc' dir='ltr'><em>ν</em></span> <span class='ocrx_word' id='word_1_1713' title='bbox 457 3114 461 3122; x_wconf 75' lang='lat'><strong>¹</strong></span> <span class='ocrx_word' id='word_1_1714' title='bbox 589 3098 610 3138; x_wconf 61' lang='lat' dir='ltr'><strong>ff</strong></span> <span class='ocrx_word' id='word_1_1715' title='bbox 628 3109 644 3127; x_wconf 89' lang='lat'>2</span> <span class='ocrx_word' id='word_1_1716' title='bbox 680 3103 761 3128; x_wconf 82' lang='lat' dir='ltr'>Etiam</span> <span class='ocrx_word' id='word_1_1717' title='bbox 774 3101 879 3127; x_wconf 81' lang='lat' dir='ltr'>Latinae</span> <span class='ocrx_word' id='word_1_1718' title='bbox 899 3100 1017 3136; x_wconf 71' lang='lat' dir='ltr'>quaedam</span> <span class='ocrx_word' id='word_1_1719' title='bbox 1036 3102 1084 3127; x_wconf 81' lang='lat' dir='ltr'>Vr-</span> 
     </span>
    </p>
   </div>
   <div class='ocr_carea' id='block_1_35' title="bbox 45 3135 1093 3172">
    <p class='ocr_par' dir='ltr' id='par_1_67' title="bbox 45 3135 1093 3172">
     <span class='ocr_line' id='line_1_168' title="bbox 45 3135 1093 3172; baseline 0.001 -11"><span class='ocrx_word' id='word_1_1720' title='bbox 45 3135 84 3162; x_wconf 69' lang='lat' dir='ltr'>bes</span> <span class='ocrx_word' id='word_1_1721' title='bbox 95 3143 118 3162; x_wconf 84' lang='lat' dir='ltr'>et</span> <span class='ocrx_word' id='word_1_1722' title='bbox 131 3137 271 3172; x_wconf 77' lang='lat' dir='ltr'>Municipia</span> <span class='ocrx_word' id='word_1_1723' title='bbox 284 3136 432 3164; x_wconf 66' lang='lat' dir='ltr'>Didtatores</span> <span class='ocrx_word' id='word_1_1724' title='bbox 444 3144 566 3164; x_wconf 83' lang='lat' dir='ltr'>vocarunt</span> <span class='ocrx_word' id='word_1_1725' title='bbox 578 3135 747 3172; x_wconf 74' lang='lat' dir='ltr'>Magistratus</span> <span class='ocrx_word' id='word_1_1726' title='bbox 759 3137 836 3172; x_wconf 85' lang='lat' dir='ltr'>suos,</span> <span class='ocrx_word' id='word_1_1727' title='bbox 855 3143 885 3162; x_wconf 86' lang='lat' dir='ltr'>vt</span> <span class='ocrx_word' id='word_1_1728' title='bbox 902 3136 1023 3163; x_wconf 63' lang='lat' dir='ltr'>Dictator</span> <span class='ocrx_word' id='word_1_1729' title='bbox 1036 3136 1093 3163; x_wconf 79' lang='lat' dir='ltr'>La-.</span> 
     </span>
    </p>
   </div>
   <div class='ocr_carea' id='block_1_36' title="bbox 46 3171 1084 3207">
    <p class='ocr_par' dir='ltr' id='par_1_68' title="bbox 46 3171 1084 3207">
     <span class='ocr_line' id='line_1_169' title="bbox 46 3171 1084 3207; baseline 0.002 -11"><span class='ocrx_word' id='word_1_1730' title='bbox 46 3171 160 3198; x_wconf 71' lang='lat' dir='ltr'>muninus</span> <span class='ocrx_word' id='word_1_1731' title='bbox 177 3171 232 3198; x_wconf 90' lang='lat' dir='ltr'>Cic.</span> <span class='ocrx_word' id='word_1_1732' title='bbox 248 3181 297 3206; x_wconf 89' lang='lat' dir='ltr'>pro</span> <span class='ocrx_word' id='word_1_1733' title='bbox 315 3173 410 3199; x_wconf 85' lang='lat' dir='ltr'>Milon.</span> <span class='ocrx_word' id='word_1_1734' title='bbox 430 3183 452 3199; x_wconf 90' lang='lat' dir='ltr'>c.</span> <span class='ocrx_word' id='word_1_1735' title='bbox 468 3182 496 3199; x_wconf 87' lang='lat'>10</span> <span class='ocrx_word' id='word_1_1736' title='bbox 509 3180 532 3199; x_wconf 86' lang='lat' dir='ltr'>et</span> <span class='ocrx_word' id='word_1_1737' title='bbox 548 3180 584 3206; x_wconf 89' lang='lat'>17.</span> <span class='ocrx_word' id='word_1_1738' title='bbox 628 3173 669 3200; x_wconf 79' lang='lat' dir='ltr'>sic</span> <span class='ocrx_word' id='word_1_1739' title='bbox 688 3173 815 3207; x_wconf 86' lang='lat' dir='ltr'>Spartian.</span> <span class='ocrx_word' id='word_1_1740' title='bbox 833 3172 916 3198; x_wconf 87' lang='lat' dir='ltr'>Hadr.</span> <span class='ocrx_word' id='word_1_1741' title='bbox 937 3181 958 3198; x_wconf 92' lang='lat' dir='ltr'>c.</span> <span class='ocrx_word' id='word_1_1742' title='bbox 979 3181 1007 3204; x_wconf 86' lang='lat'>¹9</span> <span class='ocrx_word' id='word_1_1743' title='bbox 1035 3173 1084 3199; x_wconf 86' lang='lat' dir='ltr'>Per</span> 
     </span>
    </p>
   </div>
   <div class='ocr_carea' id='block_1_37' title="bbox 1146 3061 2187 3133">
    <p class='ocr_par' dir='ltr' id='par_1_69' title="bbox 1146 3061 2187 3133">
     <span class='ocr_line' id='line_1_170' title="bbox 1146 3061 2185 3096; baseline -0.001 -7"><span class='ocrx_word' id='word_1_1744' title='bbox 1146 3064 1218 3089; x_wconf 87' lang='lat' dir='ltr'>ciues</span> <span class='ocrx_word' id='word_1_1745' title='bbox 1228 3064 1276 3089; x_wconf 89' lang='lat' dir='ltr'>esse</span> <span class='ocrx_word' id='word_1_1746' title='bbox 1289 3063 1471 3096; x_wconf 85' lang='lat' dir='ltr'>conscriptam.</span> <span class='ocrx_word' id='word_1_1747' title='bbox 1508 3061 1612 3088; x_wconf 88' lang='lat' dir='ltr'>Deinde</span> <span class='ocrx_word' id='word_1_1748' title='bbox 1625 3067 1653 3088; x_wconf 90' lang='lat' dir='ltr'>vt</span> <span class='ocrx_word' id='word_1_1749' title='bbox 1665 3071 1719 3088; x_wconf 91' lang='lat' dir='ltr'>non</span> <span class='ocrx_word' id='word_1_1750' title='bbox 1735 3061 1793 3092; x_wconf 85' lang='lat' dir='ltr'>soli,</span> <span class='ocrx_word' id='word_1_1751' title='bbox 1806 3063 1853 3096; x_wconf 87' lang='lat' dir='ltr'>qui</span> <span class='ocrx_word' id='word_1_1752' title='bbox 1868 3062 1978 3095; x_wconf 83' lang='lat' dir='ltr'>prandia</span> <span class='ocrx_word' id='word_1_1753' title='bbox 1991 3071 2117 3088; x_wconf 74' lang='lat' dir='ltr'>coenasuc</span> <span class='ocrx_word' id='word_1_1754' title='bbox 2135 3072 2185 3089; x_wconf 85' lang='lat' dir='ltr'>ma-</span> 
     </span>
     <span class='ocr_line' id='line_1_171' title="bbox 1148 3097 2187 3133; baseline -0.002 -7"><span class='ocrx_word' id='word_1_1755' title='bbox 1148 3100 1206 3126; x_wconf 81' lang='lat' dir='ltr'>iore</span> <span class='ocrx_word' id='word_1_1756' title='bbox 1228 3100 1315 3125; x_wconf 88' lang='lat' dir='ltr'>sumtu</span> <span class='ocrx_word' id='word_1_1757' title='bbox 1340 3099 1472 3130; x_wconf 76' lang='lat' dir='ltr'>fecissent,</span> <span class='ocrx_word' id='word_1_1758' title='bbox 1492 3097 1536 3124; x_wconf 87' lang='lat' dir='ltr'>sed</span> <span class='ocrx_word' id='word_1_1759' title='bbox 1563 3098 1643 3123; x_wconf 88' lang='lat' dir='ltr'>etiam</span> <span class='ocrx_word' id='word_1_1760' title='bbox 1667 3098 1713 3132; x_wconf 86' lang='lat' dir='ltr'>qui</span> <span class='ocrx_word' id='word_1_1761' title='bbox 1740 3097 1772 3123; x_wconf 87' lang='lat' dir='ltr'>ad</span> <span class='ocrx_word' id='word_1_1762' title='bbox 1800 3106 1841 3123; x_wconf 81' lang='lat' dir='ltr'>cas</span> <span class='ocrx_word' id='word_1_1763' title='bbox 1861 3098 1971 3124; x_wconf 88' lang='lat' dir='ltr'>vocitati</span> <span class='ocrx_word' id='word_1_1764' title='bbox 1997 3099 2089 3131; x_wconf 71' lang='lat' dir='ltr'>essent,</span> <span class='ocrx_word' id='word_1_1765' title='bbox 2108 3105 2187 3133; x_wconf 87' lang='lat' dir='ltr'>atque</span> 
     </span>
    </p>
   </div>
   <div class='ocr_carea' id='block_1_38' title="bbox 1146 3132 2186 3203">
    <p class='ocr_par' dir='ltr' id='par_1_70' title="bbox 1146 3132 2186 3203">
     <span class='ocr_line' id='line_1_172' title="bbox 1146 3132 1823 3168; baseline -0.004 -7"><span class='ocrx_word' id='word_1_1766' title='bbox 1146 3136 1258 3161; x_wconf 88' lang='lat' dir='ltr'>omnino</span> <span class='ocrx_word' id='word_1_1767' title='bbox 1271 3134 1445 3161; x_wconf 74' lang='lat' dir='ltr'>interfuissent</span> <span class='ocrx_word' id='word_1_1768' title='bbox 1454 3154 1462 3166; x_wconf 93' lang='lat'>‚</span> <span class='ocrx_word' id='word_1_1769' title='bbox 1482 3132 1574 3167; x_wconf 85' lang='lat' dir='ltr'>poenis</span> <span class='ocrx_word' id='word_1_1770' title='bbox 1588 3133 1653 3168; x_wconf 86' lang='lat' dir='ltr'>legis</span> <span class='ocrx_word' id='word_1_1771' title='bbox 1666 3139 1823 3159; x_wconf 85' lang='lat' dir='ltr'>tenerentur.</span> 
     </span>
     <span class='ocr_line' id='line_1_173' title="bbox 1184 3166 2186 3203; baseline -0.006 -5"><span class='ocrx_word' id='word_1_1772' title='bbox 1184 3178 1202 3198; x_wconf 85' lang='lat' dir='ltr'>D</span> <span class='ocrx_word' id='word_1_1773' title='bbox 1212 3172 1225 3197; x_wconf 77' lang='grc' dir='ltr'><em>ἱ</em></span> <span class='ocrx_word' id='word_1_1774' title='bbox 1234 3178 1253 3197; x_wconf 86' lang='lat' dir='ltr'>D</span> <span class='ocrx_word' id='word_1_1775' title='bbox 1264 3176 1283 3196; x_wconf 95' lang='lat' dir='ltr'>O</span> <span class='ocrx_word' id='word_1_1776' title='bbox 1293 3190 1301 3203; x_wconf 88' lang='lat'>,</span> <span class='ocrx_word' id='word_1_1777' title='bbox 1321 3170 1389 3196; x_wconf 72' lang='lat' dir='ltr'>onis.</span> <span class='ocrx_word' id='word_1_1778' title='bbox 1411 3170 1429 3195; x_wconf 87' lang='lat' dir='ltr'>f.</span> <span class='ocrx_word' id='word_1_1779' title='bbox 1467 3166 1566 3203; x_wconf 71' lang='grc' dir='ltr'>[Διδώ]</span> <span class='ocrx_word' id='word_1_1780' title='bbox 1602 3171 1642 3195; x_wconf 74' lang='lat' dir='ltr'>vel</span> <span class='ocrx_word' id='word_1_1781' title='bbox 1654 3176 1700 3203; x_wconf 77' lang='lat' dir='ltr'>per</span> <span class='ocrx_word' id='word_1_1782' title='bbox 1721 3168 1906 3194; x_wconf 76' lang='lat' dir='ltr'>declinationem</span> <span class='ocrx_word' id='word_1_1783' title='bbox 1920 3168 2036 3193; x_wconf 65' lang='lat' dir='ltr'>Graecam</span> <span class='ocrx_word' id='word_1_1784' title='bbox 2056 3167 2126 3194; x_wconf 90' lang='lat' dir='ltr'>Dido</span> <span class='ocrx_word' id='word_1_1785' title='bbox 2140 3167 2186 3194; x_wconf 86' lang='lat' dir='ltr'>Di.</span> 
     </span>
    </p>
   </div>
   <div class='ocr_carea' id='block_1_39' title="bbox 48 3202 2176 3243">
    <p class='ocr_par' dir='ltr' id='par_1_71' title="bbox 48 3202 2176 3243">
     <span class='ocr_line' id='line_1_174' title="bbox 48 3202 2176 3243; baseline -0.001 -12"><span class='ocrx_word' id='word_1_1786' title='bbox 48 3204 139 3232; x_wconf 79' lang='lat' dir='ltr'>Latina</span> <span class='ocrx_word' id='word_1_1787' title='bbox 155 3207 250 3241; x_wconf 85' lang='lat' dir='ltr'>oppida</span> <span class='ocrx_word' id='word_1_1788' title='bbox 266 3214 291 3235; x_wconf 87' lang='lat' dir='ltr'>et</span> <span class='ocrx_word' id='word_1_1789' title='bbox 303 3208 425 3235; x_wconf 55' lang='lat' dir='ltr'>Dictator</span> <span class='ocrx_word' id='word_1_1790' title='bbox 443 3214 469 3235; x_wconf 89' lang='lat' dir='ltr'>et</span> <span class='ocrx_word' id='word_1_1791' title='bbox 484 3208 600 3240; x_wconf 84' lang='lat' dir='ltr'>Aedilis,</span> <span class='ocrx_word' id='word_1_1792' title='bbox 614 3215 639 3235; x_wconf 90' lang='lat' dir='ltr'>et</span> <span class='ocrx_word' id='word_1_1793' title='bbox 654 3208 789 3235; x_wconf 88' lang='lat' dir='ltr'>Duumuir</span> <span class='ocrx_word' id='word_1_1794' title='bbox 804 3208 864 3234; x_wconf 89' lang='lat' dir='ltr'>fuit.</span> <span class='ocrx_word' id='word_1_1795' title='bbox 901 3209 939 3234; x_wconf 84' lang='lat' dir='ltr'>De</span> <span class='ocrx_word' id='word_1_1796' title='bbox 951 3207 1084 3243; x_wconf 80' lang='lat' dir='ltr'>Carthagi—</span> <span class='ocrx_word' id='word_1_1797' title='bbox 1101 3209 1130 3239; x_wconf 79' lang='lat'>85</span> <span class='ocrx_word' id='word_1_1798' title='bbox 1146 3206 1194 3233; x_wconf 87' lang='lat' dir='ltr'>dus</span> <span class='ocrx_word' id='word_1_1799' title='bbox 1204 3227 1211 3239; x_wconf 94' lang='lat'>‚</span> <span class='ocrx_word' id='word_1_1800' title='bbox 1223 3205 1406 3241; x_wconf 82' lang='lat' dir='ltr'>inAccusatiuo</span> <span class='ocrx_word' id='word_1_1801' title='bbox 1415 3204 1517 3236; x_wconf 85' lang='lat' dir='ltr'>Didoa,</span> <span class='ocrx_word' id='word_1_1802' title='bbox 1532 3212 1554 3230; x_wconf 86' lang='lat' dir='ltr'>et</span> <span class='ocrx_word' id='word_1_1803' title='bbox 1564 3211 1611 3239; x_wconf 80' lang='lat' dir='ltr'>per</span> <span class='ocrx_word' id='word_1_1804' title='bbox 1627 3203 1818 3230; x_wconf 63' lang='lat' dir='ltr'>contrafflionem</span> <span class='ocrx_word' id='word_1_1805' title='bbox 1834 3202 1913 3229; x_wconf 87' lang='lat' dir='ltr'>Dido.</span> <span class='ocrx_word' id='word_1_1806' title='bbox 1951 3203 2017 3228; x_wconf 78' lang='lat' dir='ltr'>Elisa</span> <span class='ocrx_word' id='word_1_1807' title='bbox 2026 3207 2129 3237; x_wconf 77' lang='lat' dir='ltr'>proprio</span> <span class='ocrx_word' id='word_1_1808' title='bbox 2145 3212 2176 3229; x_wconf 80' lang='lat' dir='ltr'>no</span> 
     </span>
    </p>
   </div>
   <div class='ocr_carea' id='block_1_40' title="bbox 44 3242 1085 3740">
    <p class='ocr_par' dir='ltr' id='par_1_72' title="bbox 50 3242 1085 3448">
     <span class='ocr_line' id='line_1_175' title="bbox 50 3242 1084 3280; baseline 0.006 -16"><span class='ocrx_word' id='word_1_1809' title='bbox 50 3243 78 3265; x_wconf 72' lang='lat' dir='ltr'>ni</span> <span class='ocrx_word' id='word_1_1810' title='bbox 93 3275 98 3279; x_wconf 47' lang='lat'>-</span> <span class='ocrx_word' id='word_1_1811' title='bbox 116 3249 161 3268; x_wconf 82' lang='lat' dir='ltr'>tum</span> <span class='ocrx_word' id='word_1_1812' title='bbox 178 3252 267 3278; x_wconf 82' lang='lat' dir='ltr'>quoque</span> <span class='ocrx_word' id='word_1_1813' title='bbox 287 3242 479 3280; x_wconf 81' lang='lat' dir='ltr'>Magistratibus</span> <span class='ocrx_word' id='word_1_1814' title='bbox 491 3244 597 3279; x_wconf 81' lang='lat' dir='ltr'>summis</span> <span class='ocrx_word' id='word_1_1815' title='bbox 616 3244 645 3270; x_wconf 89' lang='lat' dir='ltr'>id</span> <span class='ocrx_word' id='word_1_1816' title='bbox 663 3247 770 3270; x_wconf 84' lang='lat' dir='ltr'>nominis</span> <span class='ocrx_word' id='word_1_1817' title='bbox 789 3244 948 3279; x_wconf 82' lang='lat' dir='ltr'>vsurpatum,</span> <span class='ocrx_word' id='word_1_1818' title='bbox 974 3244 1041 3269; x_wconf 88' lang='lat' dir='ltr'>Cato</span> <span class='ocrx_word' id='word_1_1819' title='bbox 1056 3245 1084 3270; x_wconf 89' lang='lat' dir='ltr'>iu</span> 
     </span>
     <span class='ocr_line' id='line_1_176' title="bbox 51 3274 1085 3316; baseline 0.001 -13"><span class='ocrx_word' id='word_1_1820' title='bbox 51 3274 125 3308; x_wconf 75' lang='lat' dir='ltr'>Orig.</span> <span class='ocrx_word' id='word_1_1821' title='bbox 141 3276 173 3316; x_wconf 40' lang='lat' dir='ltr'>de.</span> <span class='ocrx_word' id='word_1_1822' title='bbox 180 3278 316 3305; x_wconf 82' lang='lat' dir='ltr'>Hannibale</span> <span class='ocrx_word' id='word_1_1823' title='bbox 328 3286 351 3305; x_wconf 82' lang='lat' dir='ltr'>et</span> <span class='ocrx_word' id='word_1_1824' title='bbox 364 3280 524 3310; x_wconf 82' lang='lat' dir='ltr'>Maharbale,</span> <span class='ocrx_word' id='word_1_1825' title='bbox 537 3279 604 3315; x_wconf 85' lang='lat' dir='ltr'>apud</span> <span class='ocrx_word' id='word_1_1826' title='bbox 621 3279 689 3306; x_wconf 88' lang='lat' dir='ltr'>Gell.</span> <span class='ocrx_word' id='word_1_1827' title='bbox 706 3288 745 3312; x_wconf 89' lang='lat'>10,</span> <span class='ocrx_word' id='word_1_1828' title='bbox 759 3288 794 3312; x_wconf 78' lang='lat'>24</span> <span class='ocrx_word' id='word_1_1829' title='bbox 823 3280 908 3313; x_wconf 84' lang='lat' dir='ltr'>Igitur</span> <span class='ocrx_word' id='word_1_1830' title='bbox 926 3278 1085 3313; x_wconf 60' lang='lat' dir='ltr'>dictatorem</span> 
     </span>
     <span class='ocr_line' id='line_1_177' title="bbox 54 3309 1084 3350; baseline 0.003 -13"><span class='ocrx_word' id='word_1_1831' title='bbox 54 3309 301 3350; x_wconf 63' lang='lat' dir='ltr'>Karthaginiensium</span> <span class='ocrx_word' id='word_1_1832' title='bbox 318 3315 441 3349; x_wconf 80' lang='lat' dir='ltr'>magister</span> <span class='ocrx_word' id='word_1_1833' title='bbox 459 3316 579 3350; x_wconf 87' lang='lat' dir='ltr'>equitum</span> <span class='ocrx_word' id='word_1_1834' title='bbox 600 3315 719 3342; x_wconf 81' lang='lat' dir='ltr'>monuit:</span> <span class='ocrx_word' id='word_1_1835' title='bbox 756 3315 835 3342; x_wconf 87' lang='lat' dir='ltr'>Mitte</span> <span class='ocrx_word' id='word_1_1836' title='bbox 854 3323 956 3340; x_wconf 89' lang='lat' dir='ltr'>mecum</span> <span class='ocrx_word' id='word_1_1837' title='bbox 972 3314 1084 3340; x_wconf 85' lang='lat' dir='ltr'>Romam</span> 
     </span>
     <span class='ocr_line' id='line_1_178' title="bbox 50 3350 1082 3386; baseline 0.007 -17"><span class='ocrx_word' id='word_1_1838' title='bbox 50 3350 194 3385; x_wconf 62' lang='lat' dir='ltr'>equitatum</span> <span class='ocrx_word' id='word_1_1839' title='bbox 204 3354 247 3386; x_wconf 71' lang='lat' dir='ltr'>etc.</span> <span class='ocrx_word' id='word_1_1840' title='bbox 281 3350 349 3376; x_wconf 86' lang='lat' dir='ltr'>Add.</span> <span class='ocrx_word' id='word_1_1841' title='bbox 361 3351 421 3377; x_wconf 92' lang='lat' dir='ltr'>Liu.</span> <span class='ocrx_word' id='word_1_1842' title='bbox 436 3359 476 3384; x_wconf 84' lang='lat'>23,</span> <span class='ocrx_word' id='word_1_1843' title='bbox 490 3359 523 3383; x_wconf 85' lang='lat'>13.</span> <span class='ocrx_word' id='word_1_1844' title='bbox 544 3351 635 3377; x_wconf 87' lang='lat' dir='ltr'>lustin.</span> <span class='ocrx_word' id='word_1_1845' title='bbox 649 3359 686 3384; x_wconf 86' lang='lat'>19,</span> <span class='ocrx_word' id='word_1_1846' title='bbox 703 3360 724 3377; x_wconf 93' lang='lat'>1.</span> <span class='ocrx_word' id='word_1_1847' title='bbox 760 3351 881 3377; x_wconf 86' lang='lat' dir='ltr'>Frontin.</span> <span class='ocrx_word' id='word_1_1848' title='bbox 897 3350 1005 3383; x_wconf 74' lang='lat' dir='ltr'>Strateg.</span> <span class='ocrx_word' id='word_1_1849' title='bbox 1020 3359 1045 3382; x_wconf 87' lang='lat'>2,</span> <span class='ocrx_word' id='word_1_1850' title='bbox 1055 3360 1082 3384; x_wconf 87' lang='lat'>4.</span> 
     </span>
     <span class='ocr_line' id='line_1_179' title="bbox 50 3380 739 3422; baseline 0.01 -16"><span class='ocrx_word' id='word_1_1851' title='bbox 50 3381 174 3422; x_wconf 75' lang='lat' dir='ltr'>Vitiosus</span> <span class='ocrx_word' id='word_1_1852' title='bbox 189 3380 311 3418; x_wconf 67' lang='lat' dir='ltr'>dictator,</span> <span class='ocrx_word' id='word_1_1853' title='bbox 333 3388 352 3412; x_wconf 85' lang='lat' dir='ltr'>i.</span> <span class='ocrx_word' id='word_1_1854' title='bbox 381 3387 449 3413; x_wconf 84' lang='lat' dir='ltr'>Vitio</span> <span class='ocrx_word' id='word_1_1855' title='bbox 465 3393 563 3413; x_wconf 82' lang='lat' dir='ltr'>creatus</span> <span class='ocrx_word' id='word_1_1856' title='bbox 581 3387 642 3413; x_wconf 90' lang='lat' dir='ltr'>Liu.</span> <span class='ocrx_word' id='word_1_1857' title='bbox 658 3395 695 3418; x_wconf 79' lang='lat'>22,</span> <span class='ocrx_word' id='word_1_1858' title='bbox 732 3405 739 3412; x_wconf 92' lang='lat'>.</span> 
     </span>
     <span class='ocr_line' id='line_1_180' title="bbox 50 3415 362 3448; baseline 0.019 -6"><span class='ocrx_word' id='word_1_1859' title='bbox 50 3425 123 3448; x_wconf 88' lang='lat' dir='ltr'>rem,</span> <span class='ocrx_word' id='word_1_1860' title='bbox 146 3415 199 3441; x_wconf 85' lang='lat' dir='ltr'>vid.</span> <span class='ocrx_word' id='word_1_1861' title='bbox 220 3423 362 3448; x_wconf 77' lang='lat' dir='ltr'>ARROGO.</span> 
     </span>
    </p>

    <p class='ocr_par' dir='ltr' id='par_1_73' title="bbox 44 3450 1084 3558">
     <span class='ocr_line' id='line_1_181' title="bbox 73 3450 1083 3493; baseline 0.004 -15"><span class='ocrx_word' id='word_1_1862' title='bbox 73 3458 107 3493; x_wconf 75' lang='lat'>¹1)</span> <span class='ocrx_word' id='word_1_1863' title='bbox 115 3458 125 3476; x_wconf 89' lang='lat'>1</span> <span class='ocrx_word' id='word_1_1864' title='bbox 136 3457 153 3477; x_wconf 89' lang='lat' dir='ltr'>c</span> <span class='ocrx_word' id='word_1_1865' title='bbox 168 3456 190 3476; x_wconf 88' lang='lat' dir='ltr'>T</span> <span class='ocrx_word' id='word_1_1866' title='bbox 200 3450 223 3477; x_wconf 75' lang='grc' dir='ltr'><strong>Ᾰ</strong></span> <span class='ocrx_word' id='word_1_1867' title='bbox 235 3457 256 3477; x_wconf 84' lang='grc' dir='ltr'>Τ</span> <span class='ocrx_word' id='word_1_1868' title='bbox 265 3459 300 3479; x_wconf 85' lang='lat' dir='ltr'>Rl</span> <span class='ocrx_word' id='word_1_1869' title='bbox 308 3461 326 3480; x_wconf 87' lang='lat' dir='ltr'>x</span> <span class='ocrx_word' id='word_1_1870' title='bbox 335 3475 343 3488; x_wconf 87' lang='lat'>‚</span> <span class='ocrx_word' id='word_1_1871' title='bbox 367 3455 423 3483; x_wconf 61' lang='lat' dir='ltr'>teis.</span> <span class='ocrx_word' id='word_1_1872' title='bbox 448 3456 468 3483; x_wconf 90' lang='lat' dir='ltr'>f.</span> <span class='ocrx_word' id='word_1_1873' title='bbox 504 3455 661 3492; x_wconf 68' lang='grc' dir='ltr'><strong><em>[ὖφηγητίς]</em></strong></span> <span class='ocrx_word' id='word_1_1874' title='bbox 696 3458 765 3493; x_wconf 68' lang='lat' dir='ltr'>Quae</span> <span class='ocrx_word' id='word_1_1875' title='bbox 779 3456 842 3482; x_wconf 86' lang='lat' dir='ltr'>dicit</span> <span class='ocrx_word' id='word_1_1876' title='bbox 859 3455 954 3493; x_wconf 74' lang='lat' dir='ltr'>agenda</span> <span class='ocrx_word' id='word_1_1877' title='bbox 963 3476 972 3489; x_wconf 96' lang='lat'>,</span> <span class='ocrx_word' id='word_1_1878' title='bbox 985 3459 1083 3491; x_wconf 78' lang='lat' dir='ltr'>praeci-</span> 
     </span>
     <span class='ocr_line' id='line_1_182' title="bbox 46 3489 1084 3528; baseline 0.005 -15"><span class='ocrx_word' id='word_1_1879' title='bbox 46 3492 89 3522; x_wconf 74' lang='lat' dir='ltr'>pit</span> <span class='ocrx_word' id='word_1_1880' title='bbox 105 3493 128 3512; x_wconf 88' lang='lat' dir='ltr'>et</span> <span class='ocrx_word' id='word_1_1881' title='bbox 141 3492 254 3528; x_wconf 67' lang='lat' dir='ltr'>imperat.</span> <span class='ocrx_word' id='word_1_1882' title='bbox 287 3489 364 3517; x_wconf 76' lang='lat' dir='ltr'>Plaut.</span> <span class='ocrx_word' id='word_1_1883' title='bbox 377 3492 442 3518; x_wconf 85' lang='lat' dir='ltr'>Pers.</span> <span class='ocrx_word' id='word_1_1884' title='bbox 456 3499 479 3525; x_wconf 80' lang='grc' dir='ltr'><strong>ς,</strong></span> <span class='ocrx_word' id='word_1_1885' title='bbox 494 3501 514 3524; x_wconf 87' lang='grc'>1,</span> <span class='ocrx_word' id='word_1_1886' title='bbox 527 3498 552 3523; x_wconf 87' lang='grc'>18</span> <span class='ocrx_word' id='word_1_1887' title='bbox 587 3493 637 3520; x_wconf 89' lang='lat' dir='ltr'>Tu</span> <span class='ocrx_word' id='word_1_1888' title='bbox 653 3492 698 3519; x_wconf 90' lang='lat' dir='ltr'>hic</span> <span class='ocrx_word' id='word_1_1889' title='bbox 717 3492 769 3519; x_wconf 87' lang='lat' dir='ltr'>eris</span> <span class='ocrx_word' id='word_1_1890' title='bbox 788 3491 913 3519; x_wconf 68' lang='lat' dir='ltr'>diclatrix</span> <span class='ocrx_word' id='word_1_1891' title='bbox 932 3491 1024 3518; x_wconf 83' lang='lat' dir='ltr'>nobis:</span> <span class='ocrx_word' id='word_1_1892' title='bbox 1049 3491 1084 3518; x_wconf 88' lang='lat' dir='ltr'>ad</span> 
     </span>
     <span class='ocr_line' id='line_1_183' title="bbox 44 3522 585 3558; baseline 0.013 -10"><span class='ocrx_word' id='word_1_1893' title='bbox 44 3522 151 3558; x_wconf 81' lang='lat' dir='ltr'>puellam</span> <span class='ocrx_word' id='word_1_1894' title='bbox 172 3531 199 3547; x_wconf 83' lang='lat' dir='ltr'>m</span> <span class='ocrx_word' id='word_1_1895' title='bbox 211 3524 336 3556; x_wconf 84' lang='lat' dir='ltr'>conuiuio,</span> <span class='ocrx_word' id='word_1_1896' title='bbox 350 3530 390 3552; x_wconf 85' lang='lat' dir='ltr'>cui</span> <span class='ocrx_word' id='word_1_1897' title='bbox 406 3527 450 3553; x_wconf 82' lang='lat' dir='ltr'>dat</span> <span class='ocrx_word' id='word_1_1898' title='bbox 461 3523 585 3555; x_wconf 75' lang='lat' dir='ltr'>corollam.</span> 
     </span>
    </p>

    <p class='ocr_par' dir='ltr' id='par_1_74' title="bbox 49 3561 1083 3740">
     <span class='ocr_line' id='line_1_184' title="bbox 87 3561 821 3598; baseline 0.008 -15"><span class='ocrx_word' id='word_1_1899' title='bbox 87 3562 381 3598; x_wconf 58' lang='lat' dir='ltr'>nicTa&#39;romvs,</span> <span class='ocrx_word' id='word_1_1900' title='bbox 399 3571 429 3594; x_wconf 83' lang='lat' dir='ltr'>a,</span> <span class='ocrx_word' id='word_1_1901' title='bbox 447 3572 500 3589; x_wconf 90' lang='lat' dir='ltr'>um.</span> <span class='ocrx_word' id='word_1_1902' title='bbox 536 3563 597 3591; x_wconf 84' lang='lat' dir='ltr'>Adi.</span> <span class='ocrx_word' id='word_1_1903' title='bbox 633 3561 821 3598; x_wconf 60' lang='grc' dir='ltr'>[ἕικτατώριος]</span> 
     </span>
     <span class='ocr_line' id='line_1_185' title="bbox 50 3592 1082 3633; baseline 0.005 -14"><span class='ocrx_word' id='word_1_1904' title='bbox 50 3598 126 3633; x_wconf 79' lang='lat' dir='ltr'>torem</span> <span class='ocrx_word' id='word_1_1905' title='bbox 141 3599 248 3633; x_wconf 72' lang='lat' dir='ltr'>pertinet</span> <span class='ocrx_word' id='word_1_1906' title='bbox 257 3612 264 3625; x_wconf 83' lang='lat'>,</span> <span class='ocrx_word' id='word_1_1907' title='bbox 278 3592 336 3628; x_wconf 76' lang='lat' dir='ltr'>seu,</span> <span class='ocrx_word' id='word_1_1908' title='bbox 350 3596 410 3629; x_wconf 81' lang='lat' dir='ltr'>quod</span> <span class='ocrx_word' id='word_1_1909' title='bbox 420 3596 453 3630; x_wconf 79' lang='lat' dir='ltr'>est</span> <span class='ocrx_word' id='word_1_1910' title='bbox 466 3597 618 3625; x_wconf 76' lang='lat' dir='ltr'>Dic&#39;latoris.</span> <span class='ocrx_word' id='word_1_1911' title='bbox 643 3598 844 3625; x_wconf 84' lang='lat' dir='ltr'>Animaduerfio</span> <span class='ocrx_word' id='word_1_1912' title='bbox 858 3597 953 3625; x_wconf 90' lang='lat' dir='ltr'>Vellei.</span> <span class='ocrx_word' id='word_1_1913' title='bbox 966 3607 992 3631; x_wconf 83' lang='lat'>2,</span> <span class='ocrx_word' id='word_1_1914' title='bbox 1007 3601 1048 3630; x_wconf 86' lang='lat'>68,</span> <span class='ocrx_word' id='word_1_1915' title='bbox 1061 3605 1082 3630; x_wconf 76' lang='grc' dir='ltr'>ς.</span> 
     </span>
     <span class='ocr_line' id='line_1_186' title="bbox 50 3628 1082 3669; baseline 0.005 -15"><span class='ocrx_word' id='word_1_1916' title='bbox 50 3628 170 3669; x_wconf 66' lang='lat' dir='ltr'>Maiestas</span> <span class='ocrx_word' id='word_1_1917' title='bbox 182 3628 244 3654; x_wconf 74' lang='lat' dir='ltr'>Liu.</span> <span class='ocrx_word' id='word_1_1918' title='bbox 256 3637 284 3660; x_wconf 90' lang='lat'>4,</span> <span class='ocrx_word' id='word_1_1919' title='bbox 297 3637 338 3668; x_wconf 70' lang='lat'>14.</span> <span class='ocrx_word' id='word_1_1920' title='bbox 373 3630 444 3657; x_wconf 84' lang='lat' dir='ltr'>Idem</span> <span class='ocrx_word' id='word_1_1921' title='bbox 458 3634 484 3665; x_wconf 89' lang='lat'>6,</span> <span class='ocrx_word' id='word_1_1922' title='bbox 496 3642 526 3666; x_wconf 87' lang='grc'>39</span> <span class='ocrx_word' id='word_1_1923' title='bbox 551 3635 684 3661; x_wconf 82' lang='lat' dir='ltr'>Postremo</span> <span class='ocrx_word' id='word_1_1924' title='bbox 698 3634 876 3661; x_wconf 70' lang='lat' dir='ltr'>Diciatorium</span> <span class='ocrx_word' id='word_1_1925' title='bbox 891 3634 993 3660; x_wconf 85' lang='lat' dir='ltr'>fulmen</span> <span class='ocrx_word' id='word_1_1926' title='bbox 1009 3634 1036 3659; x_wconf 92' lang='lat' dir='ltr'>in</span> <span class='ocrx_word' id='word_1_1927' title='bbox 1057 3634 1082 3659; x_wconf 89' lang='lat' dir='ltr'>se</span> 
     </span>
     <span class='ocr_line' id='line_1_187' title="bbox 49 3664 1083 3705; baseline 0.006 -16"><span class='ocrx_word' id='word_1_1928' title='bbox 49 3669 216 3704; x_wconf 39' lang='lat' dir='ltr'>intentatum..</span> <span class='ocrx_word' id='word_1_1929' title='bbox 272 3664 328 3690; x_wconf 69' lang='lat' dir='ltr'>Cic.</span> <span class='ocrx_word' id='word_1_1930' title='bbox 343 3672 390 3705; x_wconf 77' lang='lat' dir='ltr'>pro</span> <span class='ocrx_word' id='word_1_1931' title='bbox 402 3666 503 3694; x_wconf 87' lang='lat' dir='ltr'>Cluent.</span> <span class='ocrx_word' id='word_1_1932' title='bbox 516 3677 538 3696; x_wconf 83' lang='lat' dir='ltr'>c.</span> <span class='ocrx_word' id='word_1_1933' title='bbox 551 3679 589 3704; x_wconf 86' lang='lat'>44</span> <span class='ocrx_word' id='word_1_1934' title='bbox 623 3670 788 3696; x_wconf 63' lang='lat' dir='ltr'>Dietatorius</span> <span class='ocrx_word' id='word_1_1935' title='bbox 801 3670 911 3704; x_wconf 80' lang='lat' dir='ltr'>gladius.</span> <span class='ocrx_word' id='word_1_1936' title='bbox 965 3668 1083 3695; x_wconf 64' lang='lat' dir='ltr'>Dictato-</span> 
     </span>
     <span class='ocr_line' id='line_1_188' title="bbox 50 3697 771 3740; baseline 0.012 -16"><span class='ocrx_word' id='word_1_1937' title='bbox 50 3708 105 3727; x_wconf 82' lang='lat' dir='ltr'>nus</span> <span class='ocrx_word' id='word_1_1938' title='bbox 121 3707 224 3725; x_wconf 84' lang='lat' dir='ltr'>iuuems</span> <span class='ocrx_word' id='word_1_1939' title='bbox 233 3719 241 3731; x_wconf 90' lang='lat'>,</span> <span class='ocrx_word' id='word_1_1940' title='bbox 255 3706 304 3734; x_wconf 83' lang='lat' dir='ltr'>pro</span> <span class='ocrx_word' id='word_1_1941' title='bbox 319 3697 447 3726; x_wconf 67' lang='lat' dir='ltr'>DzHarora</span> <span class='ocrx_word' id='word_1_1942' title='bbox 454 3708 526 3736; x_wconf 74' lang='lat' dir='ltr'>patre</span> <span class='ocrx_word' id='word_1_1943' title='bbox 541 3713 613 3731; x_wconf 81' lang='lat' dir='ltr'>natus</span> <span class='ocrx_word' id='word_1_1944' title='bbox 630 3706 691 3732; x_wconf 88' lang='lat' dir='ltr'>Liu.</span> <span class='ocrx_word' id='word_1_1945' title='bbox 705 3713 732 3740; x_wconf 90' lang='lat'>7,</span> <span class='ocrx_word' id='word_1_1946' title='bbox 744 3714 771 3738; x_wconf 87' lang='lat'>4.</span> 
     </span>
    </p>
   </div>
   <div class='ocr_carea' id='block_1_41' title="bbox 86 3733 1596 3776">
    <p class='ocr_par' dir='ltr' id='par_1_75' title="bbox 86 3733 1596 3776">
     <span class='ocr_line' id='line_1_189' title="bbox 86 3733 1596 3776; baseline -0.001 -9"><span class='ocrx_word' id='word_1_1947' title='bbox 86 3740 105 3760; x_wconf 88' lang='lat' dir='ltr'><strong>D</strong></span> <span class='ocrx_word' id='word_1_1948' title='bbox 115 3740 210 3761; x_wconf 85' lang='lat' dir='ltr'>1CTA</span> <span class='ocrx_word' id='word_1_1949' title='bbox 221 3740 242 3760; x_wconf 89' lang='lat' dir='ltr'>T</span> <span class='ocrx_word' id='word_1_1950' title='bbox 254 3743 263 3761; x_wconf 93' lang='lat'>1</span> <span class='ocrx_word' id='word_1_1951' title='bbox 273 3741 308 3767; x_wconf 88' lang='lat' dir='ltr'>O,</span> <span class='ocrx_word' id='word_1_1952' title='bbox 328 3735 395 3760; x_wconf 60' lang='lat' dir='ltr'>smis-</span> <span class='ocrx_word' id='word_1_1953' title='bbox 419 3735 438 3761; x_wconf 89' lang='lat' dir='ltr'>f·</span> <span class='ocrx_word' id='word_1_1954' title='bbox 473 3737 552 3765; x_wconf 70' lang='lat' dir='ltr'>Aflus</span> <span class='ocrx_word' id='word_1_1955' title='bbox 571 3741 619 3776; x_wconf 84' lang='lat' dir='ltr'>ipse</span> <span class='ocrx_word' id='word_1_1956' title='bbox 638 3740 761 3767; x_wconf 65' lang='lat' dir='ltr'>diffundi.</span> <span class='ocrx_word' id='word_1_1957' title='bbox 796 3740 899 3767; x_wconf 85' lang='lat' dir='ltr'>Paullus</span> <span class='ocrx_word' id='word_1_1958' title='bbox 913 3739 940 3765; x_wconf 89' lang='lat' dir='ltr'>in</span> <span class='ocrx_word' id='word_1_1959' title='bbox 954 3739 971 3765; x_wconf 95' lang='lat' dir='ltr'>l.</span> <span class='ocrx_word' id='word_1_1960' title='bbox 985 3738 1082 3765; x_wconf 89' lang='lat' dir='ltr'>Lucius</span> <span class='ocrx_word' id='word_1_1961' title='bbox 1091 3749 1138 3767; x_wconf 86' lang='lat'>100</span> <span class='ocrx_word' id='word_1_1962' title='bbox 1146 3739 1236 3769; x_wconf 87' lang='lat' dir='ltr'>Didit,</span> <span class='ocrx_word' id='word_1_1963' title='bbox 1250 3740 1268 3765; x_wconf 92' lang='lat' dir='ltr'>i.</span> <span class='ocrx_word' id='word_1_1964' title='bbox 1282 3737 1395 3764; x_wconf 89' lang='lat' dir='ltr'>Diuidit.</span> <span class='ocrx_word' id='word_1_1965' title='bbox 1428 3733 1596 3768; x_wconf 66' lang='lat' dir='ltr'>Porphyrius·</span> 
     </span>
    </p>
   </div>
   <div class='ocr_carea' id='block_1_42' title="bbox 51 3767 1083 3974">
    <p class='ocr_par' dir='ltr' id='par_1_76' title="bbox 51 3767 1083 3911">
     <span class='ocr_line' id='line_1_190' title="bbox 51 3767 1082 3810; baseline 0.006 -16"><span class='ocrx_word' id='word_1_1966' title='bbox 51 3767 136 3810; x_wconf 33' lang='lat' dir='ltr'>D.‘de</span> <span class='ocrx_word' id='word_1_1967' title='bbox 154 3769 262 3796; x_wconf 89' lang='lat' dir='ltr'>militari</span> <span class='ocrx_word' id='word_1_1968' title='bbox 282 3769 381 3810; x_wconf 78' lang='lat' dir='ltr'>testam.</span> <span class='ocrx_word' id='word_1_1969' title='bbox 410 3772 421 3810; x_wconf 44' lang='lat'>⁴·</span> <span class='ocrx_word' id='word_1_1970' title='bbox 440 3770 534 3799; x_wconf 82' lang='lat' dir='ltr'>Lucius</span> <span class='ocrx_word' id='word_1_1971' title='bbox 553 3775 647 3802; x_wconf 86' lang='lat' dir='ltr'>Titius</span> <span class='ocrx_word' id='word_1_1972' title='bbox 668 3777 744 3802; x_wconf 86' lang='lat' dir='ltr'>miles</span> <span class='ocrx_word' id='word_1_1973' title='bbox 768 3776 873 3802; x_wconf 88' lang='lat' dir='ltr'>notario</span> <span class='ocrx_word' id='word_1_1974' title='bbox 901 3775 1082 3801; x_wconf 85' lang='lat' dir='ltr'>testamentum</span> 
     </span>
     <span class='ocr_line' id='line_1_191' title="bbox 53 3805 1083 3846; baseline 0.006 -16"><span class='ocrx_word' id='word_1_1975' title='bbox 53 3805 216 3831; x_wconf 81' lang='lat' dir='ltr'>scribendum</span> <span class='ocrx_word' id='word_1_1976' title='bbox 234 3813 305 3832; x_wconf 81' lang='lat' dir='ltr'>notis</span> <span class='ocrx_word' id='word_1_1977' title='bbox 324 3805 451 3837; x_wconf 61' lang='lat' dir='ltr'>dibiauit,</span> <span class='ocrx_word' id='word_1_1978' title='bbox 475 3811 500 3831; x_wconf 87' lang='lat' dir='ltr'>et</span> <span class='ocrx_word' id='word_1_1979' title='bbox 518 3815 575 3834; x_wconf 80' lang='lat' dir='ltr'>ante</span> <span class='ocrx_word' id='word_1_1980' title='bbox 588 3820 667 3845; x_wconf 70' lang='lat' dir='ltr'>quam</span> <span class='ocrx_word' id='word_1_1981' title='bbox 687 3812 772 3838; x_wconf 74' lang='lat' dir='ltr'>literis</span> <span class='ocrx_word' id='word_1_1982' title='bbox 791 3811 1010 3846; x_wconf 81' lang='lat' dir='ltr'>perscriberetur,</span> <span class='ocrx_word' id='word_1_1983' title='bbox 1027 3810 1083 3837; x_wconf 85' lang='lat' dir='ltr'>vita</span> 
     </span>
     <span class='ocr_line' id='line_1_192' title="bbox 54 3837 1083 3882; baseline 0.008 -18"><span class='ocrx_word' id='word_1_1984' title='bbox 54 3837 190 3867; x_wconf 56' lang='lat' dir='ltr'>defunctus</span> <span class='ocrx_word' id='word_1_1985' title='bbox 203 3841 254 3867; x_wconf 85' lang='lat' dir='ltr'>est:</span> <span class='ocrx_word' id='word_1_1986' title='bbox 272 3849 370 3875; x_wconf 87' lang='lat' dir='ltr'>quaero</span> <span class='ocrx_word' id='word_1_1987' title='bbox 379 3862 388 3874; x_wconf 90' lang='lat'>,</span> <span class='ocrx_word' id='word_1_1988' title='bbox 400 3850 432 3867; x_wconf 91' lang='lat' dir='ltr'>an</span> <span class='ocrx_word' id='word_1_1989' title='bbox 450 3840 513 3868; x_wconf 88' lang='lat' dir='ltr'>haec</span> <span class='ocrx_word' id='word_1_1990' title='bbox 532 3842 639 3872; x_wconf 62' lang='lat' dir='ltr'>diffiatio</span> <span class='ocrx_word' id='word_1_1991' title='bbox 651 3848 739 3874; x_wconf 86' lang='lat' dir='ltr'>valere</span> <span class='ocrx_word' id='word_1_1992' title='bbox 753 3847 842 3882; x_wconf 70' lang='lat' dir='ltr'>ponit?</span> <span class='ocrx_word' id='word_1_1993' title='bbox 860 3846 1003 3879; x_wconf 78' lang='lat' dir='ltr'>Synunach,</span> <span class='ocrx_word' id='word_1_1994' title='bbox 1017 3849 1042 3877; x_wconf 89' lang='lat'>6,</span> <span class='ocrx_word' id='word_1_1995' title='bbox 1055 3856 1083 3880; x_wconf 89' lang='lat'>4.</span> 
     </span>
     <span class='ocr_line' id='line_1_193' title="bbox 53 3874 404 3911; baseline 0.009 -11"><span class='ocrx_word' id='word_1_1996' title='bbox 53 3874 125 3909; x_wconf 77' lang='lat' dir='ltr'>Cous.</span> <span class='ocrx_word' id='word_1_1997' title='bbox 144 3875 232 3903; x_wconf 84' lang='lat' dir='ltr'>Sidon.</span> <span class='ocrx_word' id='word_1_1998' title='bbox 247 3876 325 3911; x_wconf 86' lang='lat' dir='ltr'>Epist.</span> <span class='ocrx_word' id='word_1_1999' title='bbox 340 3886 367 3910; x_wconf 90' lang='lat'>9,</span> <span class='ocrx_word' id='word_1_2000' title='bbox 378 3886 404 3910; x_wconf 90' lang='lat'>9.</span> 
     </span>
    </p>

    <p class='ocr_par' dir='ltr' id='par_1_77' title="bbox 88 3905 1055 3974">
     <span class='ocr_line' id='line_1_194' title="bbox 88 3905 1055 3974; baseline 0.006 -37"><span class='ocrx_word' id='word_1_2001' title='bbox 88 3915 108 3937; x_wconf 79' lang='lat'>1&gt;</span> <span class='ocrx_word' id='word_1_2002' title='bbox 116 3916 245 3973; x_wconf 53' lang='lat' dir='ltr'>103·ng</span> <span class='ocrx_word' id='word_1_2003' title='bbox 257 3915 336 3974; x_wconf 52' lang='lat' dir='ltr'>VKRIA</span> <span class='ocrx_word' id='word_1_2004' title='bbox 345 3932 353 3944; x_wconf 91' lang='lat'>,</span> <span class='ocrx_word' id='word_1_2005' title='bbox 361 3921 405 3947; x_wconf 20' lang='lat' dir='ltr'>hae.</span> <span class='ocrx_word' id='word_1_2006' title='bbox 426 3912 445 3939; x_wconf 76' lang='lat' dir='ltr'>F.</span> <span class='ocrx_word' id='word_1_2007' title='bbox 481 3912 539 3949; x_wconf 74' lang='lat' dir='ltr'>1pr</span> <span class='ocrx_word' id='word_1_2008' title='bbox 551 3905 694 3944; x_wconf 63' lang='lat' dir='ltr'>Diffmoris</span> <span class='ocrx_word' id='word_1_2009' title='bbox 704 3917 826 3954; x_wconf 69' lang='lat' dir='ltr'>dignum.</span> <span class='ocrx_word' id='word_1_2010' title='bbox 860 3917 917 3944; x_wconf 86' lang='lat' dir='ltr'>Cic.</span> <span class='ocrx_word' id='word_1_2011' title='bbox 928 3916 982 3943; x_wconf 83' lang='lat' dir='ltr'>Off.</span> <span class='ocrx_word' id='word_1_2012' title='bbox 995 3925 1023 3949; x_wconf 83' lang='lat'>2,</span> <span class='ocrx_word' id='word_1_2013' title='bbox 1049 3936 1055 3943; x_wconf 93' lang='lat'>.</span> 
     </span>
    </p>
   </div>
   <div class='ocr_carea' id='block_1_43' title="bbox 778 3380 1904 3420">
    <p class='ocr_par' dir='ltr' id='par_1_78' title="bbox 778 3380 1904 3420">
     <span class='ocr_line' id='line_1_195' title="bbox 778 3380 1904 3420; baseline -0.007 -7"><span class='ocrx_word' id='word_1_2014' title='bbox 778 3406 785 3412; x_wconf 91' lang='lat'>.</span> <span class='ocrx_word' id='word_1_2015' title='bbox 820 3387 952 3420; x_wconf 81' lang='lat' dir='ltr'>Arrogare</span> <span class='ocrx_word' id='word_1_2016' title='bbox 972 3385 1083 3412; x_wconf 67' lang='lat' dir='ltr'>dictato·</span> <span class='ocrx_word' id='word_1_2017' title='bbox 1096 3393 1132 3416; x_wconf 92' lang='lat'>90</span> <span class='ocrx_word' id='word_1_2018' title='bbox 1145 3394 1198 3410; x_wconf 72' lang='lat' dir='ltr'>nem</span> <span class='ocrx_word' id='word_1_2019' title='bbox 1217 3383 1338 3410; x_wconf 81' lang='lat' dir='ltr'>condidit.</span> <span class='ocrx_word' id='word_1_2020' title='bbox 1376 3383 1484 3409; x_wconf 83' lang='lat' dir='ltr'>Hiarbae</span> <span class='ocrx_word' id='word_1_2021' title='bbox 1498 3384 1565 3417; x_wconf 78' lang='lat' dir='ltr'>regis</span> <span class='ocrx_word' id='word_1_2022' title='bbox 1579 3382 1794 3411; x_wconf 75' lang='lat' dir='ltr'>Mauritanorum,</span> <span class='ocrx_word' id='word_1_2023' title='bbox 1814 3380 1847 3406; x_wconf 87' lang='lat' dir='ltr'>ad</span> <span class='ocrx_word' id='word_1_2024' title='bbox 1859 3380 1904 3414; x_wconf 69' lang='lat' dir='ltr'>po]</span> 
     </span>
    </p>
   </div>
   <div class='ocr_carea' id='block_1_44' title="bbox 856 3561 1313 3598">
    <p class='ocr_par' dir='ltr' id='par_1_79' title="bbox 856 3561 1313 3598">
     <span class='ocr_line' id='line_1_196' title="bbox 856 3561 1313 3598; baseline -0.004 -9"><span class='ocrx_word' id='word_1_2025' title='bbox 856 3562 931 3598; x_wconf 75' lang='lat' dir='ltr'>Qod</span> <span class='ocrx_word' id='word_1_2026' title='bbox 947 3562 982 3589; x_wconf 80' lang='lat' dir='ltr'>ad</span> <span class='ocrx_word' id='word_1_2027' title='bbox 992 3561 1082 3589; x_wconf 55' lang='lat' dir='ltr'>Dikta-</span> <span class='ocrx_word' id='word_1_2028' title='bbox 1098 3566 1131 3592; x_wconf 78' lang='lat'>95</span> <span class='ocrx_word' id='word_1_2029' title='bbox 1148 3562 1212 3588; x_wconf 90' lang='lat' dir='ltr'>Aen.</span> <span class='ocrx_word' id='word_1_2030' title='bbox 1230 3570 1258 3594; x_wconf 91' lang='lat'>4,</span> <span class='ocrx_word' id='word_1_2031' title='bbox 1273 3564 1313 3591; x_wconf 84' lang='grc'>68.</span> 
     </span>
    </p>
   </div>
   <div class='ocr_carea' id='block_1_45' title="bbox 1078 3909 1506 3947">
    <p class='ocr_par' dir='ltr' id='par_1_80' title="bbox 1078 3909 1506 3947">
     <span class='ocr_line' id='line_1_197' title="bbox 1078 3909 1506 3947; baseline -0.016 -4"><span class='ocrx_word' id='word_1_2032' title='bbox 1078 3936 1084 3942; x_wconf 85' lang='grc'><strong>.</strong></span> <span class='ocrx_word' id='word_1_2033' title='bbox 1094 3921 1137 3947; x_wconf 76' lang='lat'>105</span> <span class='ocrx_word' id='word_1_2034' title='bbox 1147 3914 1305 3943; x_wconf 86' lang='lat' dir='ltr'>mortalibus</span> <span class='ocrx_word' id='word_1_2035' title='bbox 1328 3912 1411 3947; x_wconf 75' lang='lat' dir='ltr'>aegris</span> <span class='ocrx_word' id='word_1_2036' title='bbox 1442 3909 1506 3937; x_wconf 85' lang='lat' dir='ltr'>Didi</span> 
     </span>
    </p>
   </div>
   <div class='ocr_carea' id='block_1_46' title="bbox 1145 3236 2186 3314">
    <p class='ocr_par' dir='ltr' id='par_1_81' title="bbox 1145 3236 2186 3314">
     <span class='ocr_line' id='line_1_198' title="bbox 1145 3236 2186 3277; baseline -0.003 -9"><span class='ocrx_word' id='word_1_2037' title='bbox 1145 3245 1210 3268; x_wconf 82' lang='lat' dir='ltr'>minc</span> <span class='ocrx_word' id='word_1_2038' title='bbox 1222 3242 1371 3273; x_wconf 82' lang='lat' dir='ltr'>vocabatur,</span> <span class='ocrx_word' id='word_1_2039' title='bbox 1385 3241 1432 3277; x_wconf 84' lang='lat' dir='ltr'>sed</span> <span class='ocrx_word' id='word_1_2040' title='bbox 1449 3247 1603 3276; x_wconf 81' lang='lat' dir='ltr'>cognomento</span> <span class='ocrx_word' id='word_1_2041' title='bbox 1618 3239 1687 3265; x_wconf 92' lang='lat' dir='ltr'>Dido</span> <span class='ocrx_word' id='word_1_2042' title='bbox 1700 3238 1769 3265; x_wconf 64' lang='lat' dir='ltr'>dil-la</span> <span class='ocrx_word' id='word_1_2043' title='bbox 1784 3236 1833 3271; x_wconf 63' lang='lat' dir='ltr'>cst,</span> <span class='ocrx_word' id='word_1_2044' title='bbox 1847 3243 1865 3265; x_wconf 80' lang='lat' dir='ltr'>i.</span> <span class='ocrx_word' id='word_1_2045' title='bbox 1893 3240 2000 3274; x_wconf 60' lang='lat' dir='ltr'>lsirago,</span> <span class='ocrx_word' id='word_1_2046' title='bbox 2021 3239 2083 3272; x_wconf 87' lang='lat' dir='ltr'>quia</span> <span class='ocrx_word' id='word_1_2047' title='bbox 2107 3239 2186 3265; x_wconf 79' lang='lat' dir='ltr'>virile</span> 
     </span>
     <span class='ocr_line' id='line_1_199' title="bbox 1146 3274 2186 3314; baseline -0.004 -10"><span class='ocrx_word' id='word_1_2048' title='bbox 1146 3277 1249 3312; x_wconf 84' lang='lat' dir='ltr'>aliquid</span> <span class='ocrx_word' id='word_1_2049' title='bbox 1265 3277 1345 3309; x_wconf 85' lang='lat' dir='ltr'>fecit,</span> <span class='ocrx_word' id='word_1_2050' title='bbox 1366 3277 1391 3303; x_wconf 91' lang='lat' dir='ltr'>se</span> <span class='ocrx_word' id='word_1_2051' title='bbox 1411 3277 1438 3302; x_wconf 89' lang='lat' dir='ltr'>in</span> <span class='ocrx_word' id='word_1_2052' title='bbox 1458 3276 1545 3310; x_wconf 78' lang='lat' dir='ltr'>ignem</span> <span class='ocrx_word' id='word_1_2053' title='bbox 1561 3274 1772 3314; x_wconf 71' lang='lat' dir='ltr'>praecipitando,</span> <span class='ocrx_word' id='word_1_2054' title='bbox 1785 3277 1868 3310; x_wconf 79' lang='lat' dir='ltr'>inquit</span> <span class='ocrx_word' id='word_1_2055' title='bbox 1886 3274 1999 3300; x_wconf 86' lang='lat' dir='ltr'>Seruius.</span> <span class='ocrx_word' id='word_1_2056' title='bbox 2056 3274 2111 3300; x_wconf 84' lang='lat' dir='ltr'>Beli</span> <span class='ocrx_word' id='word_1_2057' title='bbox 2125 3274 2186 3310; x_wconf 77' lang='lat' dir='ltr'>fuit</span> 
     </span>
    </p>
   </div>
   <div class='ocr_carea' id='block_1_47' title="bbox 1138 3308 2185 3350">
    <p class='ocr_par' dir='ltr' id='par_1_82' title="bbox 1138 3308 2185 3350">
     <span class='ocr_line' id='line_1_200' title="bbox 1138 3308 2185 3350; baseline -0.004 -11"><span class='ocrx_word' id='word_1_2058' title='bbox 1138 3313 1214 3350; x_wconf 82' lang='lat' dir='ltr'>filia,</span> <span class='ocrx_word' id='word_1_2059' title='bbox 1229 3320 1253 3339; x_wconf 78' lang='lat' dir='ltr'>et</span> <span class='ocrx_word' id='word_1_2060' title='bbox 1277 3313 1333 3339; x_wconf 78' lang='lat' dir='ltr'>oror</span> <span class='ocrx_word' id='word_1_2061' title='bbox 1349 3313 1527 3348; x_wconf 50' lang='lat' dir='ltr'>Pigmalfflmt,</span> <span class='ocrx_word' id='word_1_2062' title='bbox 1542 3312 1717 3345; x_wconf 72' lang='lat' dir='ltr'>cuiutjcclur,</span> <span class='ocrx_word' id='word_1_2063' title='bbox 1732 3309 1795 3345; x_wconf 79' lang='lat' dir='ltr'>quod</span> <span class='ocrx_word' id='word_1_2064' title='bbox 1806 3313 1922 3335; x_wconf 79' lang='lat' dir='ltr'>maritum</span> <span class='ocrx_word' id='word_1_2065' title='bbox 1933 3309 2004 3343; x_wconf 82' lang='lat' dir='ltr'>suum</span> <span class='ocrx_word' id='word_1_2066' title='bbox 2018 3308 2142 3335; x_wconf 68' lang='lat' dir='ltr'>sichaeum</span> <span class='ocrx_word' id='word_1_2067' title='bbox 2157 3312 2185 3335; x_wconf 84' lang='lat' dir='ltr'>vi</span> 
     </span>
    </p>
   </div>
   <div class='ocr_carea' id='block_1_48' title="bbox 1140 3343 2185 3975">
    <p class='ocr_par' dir='ltr' id='par_1_83' title="bbox 1145 3343 2185 3404">
     <span class='ocr_line' id='line_1_201' title="bbox 1145 3343 2185 3404; baseline -0.004 -29"><span class='ocrx_word' id='word_1_2068' title='bbox 1145 3349 1254 3384; x_wconf 72' lang='lat' dir='ltr'>oppreffiv</span> <span class='ocrx_word' id='word_1_2069' title='bbox 1268 3348 1307 3380; x_wconf 70' lang='lat' dir='ltr'>et,</span> <span class='ocrx_word' id='word_1_2070' title='bbox 1326 3352 1452 3382; x_wconf 72' lang='lat' dir='ltr'>auersam,</span> <span class='ocrx_word' id='word_1_2071' title='bbox 1481 3347 1550 3381; x_wconf 83' lang='lat' dir='ltr'>Tyro</span> <span class='ocrx_word' id='word_1_2072' title='bbox 1572 3344 1661 3371; x_wconf 57' lang='lat' dir='ltr'>relicia</span> <span class='ocrx_word' id='word_1_2073' title='bbox 1685 3348 1711 3371; x_wconf 85' lang='lat' dir='ltr'>in</span> <span class='ocrx_word' id='word_1_2074' title='bbox 1729 3343 1995 3404; x_wconf 53' lang='lat' dir='ltr'>Asl&#39;ifflmfflfflsuglss</span> <span class='ocrx_word' id='word_1_2075' title='bbox 2010 3350 2034 3369; x_wconf 86' lang='lat' dir='ltr'>et</span> <span class='ocrx_word' id='word_1_2076' title='bbox 2052 3344 2185 3381; x_wconf 77' lang='lat' dir='ltr'>Carthagi-</span> 
     </span>
    </p>

    <p class='ocr_par' dir='ltr' id='par_1_84' title="bbox 1140 3383 2185 3665">
     <span class='ocr_line' id='line_1_202' title="bbox 1916 3383 2185 3416; baseline 0.007 -12"><span class='ocrx_word' id='word_1_2077' title='bbox 1916 3387 2005 3404; x_wconf 85' lang='lat' dir='ltr'>remum</span> <span class='ocrx_word' id='word_1_2078' title='bbox 2024 3383 2124 3414; x_wconf 79' lang='lat' dir='ltr'>nuptias</span> <span class='ocrx_word' id='word_1_2079' title='bbox 2137 3385 2185 3416; x_wconf 80' lang='lat' dir='ltr'>ju-</span> 
     </span>
     <span class='ocr_line' id='line_1_203' title="bbox 1144 3414 2185 3457; baseline -0.004 -11"><span class='ocrx_word' id='word_1_2080' title='bbox 1144 3423 1229 3457; x_wconf 78' lang='lat' dir='ltr'>giem,</span> <span class='ocrx_word' id='word_1_2081' title='bbox 1243 3419 1328 3456; x_wconf 84' lang='lat' dir='ltr'>gladio</span> <span class='ocrx_word' id='word_1_2082' title='bbox 1351 3421 1430 3444; x_wconf 80' lang='lat' dir='ltr'>vitam</span> <span class='ocrx_word' id='word_1_2083' title='bbox 1448 3417 1548 3452; x_wconf 80' lang='lat' dir='ltr'>finiuit.</span> <span class='ocrx_word' id='word_1_2084' title='bbox 1598 3418 1663 3442; x_wconf 85' lang='lat' dir='ltr'>Nam</span> <span class='ocrx_word' id='word_1_2085' title='bbox 1681 3425 1740 3452; x_wconf 80' lang='lat' dir='ltr'>quae</span> <span class='ocrx_word' id='word_1_2086' title='bbox 1759 3417 1880 3451; x_wconf 52' lang='lat' dir='ltr'>birgilias</span> <span class='ocrx_word' id='word_1_2087' title='bbox 1900 3414 1928 3440; x_wconf 83' lang='lat' dir='ltr'>de</span> <span class='ocrx_word' id='word_1_2088' title='bbox 1947 3414 2015 3440; x_wconf 68' lang='lat' dir='ltr'>illitas</span> <span class='ocrx_word' id='word_1_2089' title='bbox 2033 3424 2086 3440; x_wconf 87' lang='lat' dir='ltr'>cum</span> <span class='ocrx_word' id='word_1_2090' title='bbox 2101 3418 2185 3442; x_wconf 78' lang='lat' dir='ltr'>Aenea</span> 
     </span>
     <span class='ocr_line' id='line_1_204' title="bbox 1146 3449 2185 3489; baseline -0.005 -7"><span class='ocrx_word' id='word_1_2091' title='bbox 1146 3455 1268 3482; x_wconf 85' lang='lat' dir='ltr'>amoribus</span> <span class='ocrx_word' id='word_1_2092' title='bbox 1283 3454 1414 3489; x_wconf 81' lang='lat' dir='ltr'>prodidit,</span> <span class='ocrx_word' id='word_1_2093' title='bbox 1435 3451 1541 3488; x_wconf 65' lang='lat' dir='ltr'>confit-&#39;ta</span> <span class='ocrx_word' id='word_1_2094' title='bbox 1555 3455 1635 3478; x_wconf 82' lang='lat' dir='ltr'>omnia</span> <span class='ocrx_word' id='word_1_2095' title='bbox 1649 3452 1719 3487; x_wconf 66' lang='lat' dir='ltr'>fiant.</span> <span class='ocrx_word' id='word_1_2096' title='bbox 1759 3452 1840 3485; x_wconf 81' lang='lat' dir='ltr'>Neque</span> <span class='ocrx_word' id='word_1_2097' title='bbox 1853 3449 1956 3484; x_wconf 82' lang='lat' dir='ltr'>enimse</span> <span class='ocrx_word' id='word_1_2098' title='bbox 1969 3449 2035 3475; x_wconf 89' lang='lat' dir='ltr'>Dido</span> <span class='ocrx_word' id='word_1_2099' title='bbox 2048 3458 2071 3476; x_wconf 86' lang='lat' dir='ltr'>et</span> <span class='ocrx_word' id='word_1_2100' title='bbox 2088 3454 2185 3477; x_wconf 67' lang='lat' dir='ltr'>Aeneas·</span> 
     </span>
     <span class='ocr_line' id='line_1_205' title="bbox 1140 3485 2185 3526; baseline -0.005 -9"><span class='ocrx_word' id='word_1_2101' title='bbox 1140 3499 1188 3526; x_wconf 79' lang='lat' dir='ltr'>per</span> <span class='ocrx_word' id='word_1_2102' title='bbox 1201 3498 1305 3517; x_wconf 82' lang='lat' dir='ltr'>aetatem</span> <span class='ocrx_word' id='word_1_2103' title='bbox 1313 3495 1449 3524; x_wconf 82' lang='lat' dir='ltr'>potuerunt</span> <span class='ocrx_word' id='word_1_2104' title='bbox 1463 3488 1562 3519; x_wconf 73' lang='lat' dir='ltr'>uidere,</span> <span class='ocrx_word' id='word_1_2105' title='bbox 1582 3497 1634 3513; x_wconf 83' lang='lat' dir='ltr'>cum</span> <span class='ocrx_word' id='word_1_2106' title='bbox 1647 3488 1677 3512; x_wconf 86' lang='lat' dir='ltr'>ab</span> <span class='ocrx_word' id='word_1_2107' title='bbox 1692 3488 1736 3513; x_wconf 91' lang='lat' dir='ltr'>Ilii</span> <span class='ocrx_word' id='word_1_2108' title='bbox 1748 3485 1842 3511; x_wconf 55' lang='lat' dir='ltr'>accidia</span> <span class='ocrx_word' id='word_1_2109' title='bbox 1854 3485 1888 3510; x_wconf 85' lang='lat' dir='ltr'>ad</span> <span class='ocrx_word' id='word_1_2110' title='bbox 1899 3485 2003 3511; x_wconf 78' lang='lat' dir='ltr'>natalem</span> <span class='ocrx_word' id='word_1_2111' title='bbox 2021 3486 2185 3522; x_wconf 69' lang='lat' dir='ltr'>Carthaginis</span> 
     </span>
     <span class='ocr_line' id='line_1_206' title="bbox 1146 3520 2183 3560; baseline -0.004 -8"><span class='ocrx_word' id='word_1_2112' title='bbox 1146 3525 1275 3560; x_wconf 80' lang='lat' dir='ltr'>annifint.</span> <span class='ocrx_word' id='word_1_2113' title='bbox 1288 3535 1345 3560; x_wconf 82' lang='lat'>299.</span> <span class='ocrx_word' id='word_1_2114' title='bbox 1372 3524 1428 3551; x_wconf 85' lang='lat' dir='ltr'>Vid.</span> <span class='ocrx_word' id='word_1_2115' title='bbox 1448 3522 1511 3556; x_wconf 60' lang='lat' dir='ltr'>Vossss</span> <span class='ocrx_word' id='word_1_2116' title='bbox 1528 3521 1611 3555; x_wconf 82' lang='lat' dir='ltr'>Instit.</span> <span class='ocrx_word' id='word_1_2117' title='bbox 1630 3524 1702 3549; x_wconf 85' lang='lat' dir='ltr'>Orat.</span> <span class='ocrx_word' id='word_1_2118' title='bbox 1716 3532 1726 3547; x_wconf 94' lang='lat'><em>1</em></span> <span class='ocrx_word' id='word_1_2119' title='bbox 1740 3529 1768 3555; x_wconf 75' lang='lat' dir='ltr'>p.</span> <span class='ocrx_word' id='word_1_2120' title='bbox 1784 3530 1834 3546; x_wconf 71' lang='lat'>122.</span> <span class='ocrx_word' id='word_1_2121' title='bbox 1906 3520 2002 3546; x_wconf 84' lang='lat' dir='ltr'>Infelix</span> <span class='ocrx_word' id='word_1_2122' title='bbox 2016 3520 2087 3546; x_wconf 91' lang='lat' dir='ltr'>Dido</span> <span class='ocrx_word' id='word_1_2123' title='bbox 2108 3523 2183 3556; x_wconf 85' lang='lat' dir='ltr'>Virg.</span> 
     </span>
     <span class='ocr_line' id='line_1_207' title="bbox 1384 3554 2182 3593; baseline -0.003 -7"><span class='ocrx_word' id='word_1_2124' title='bbox 1384 3559 1484 3593; x_wconf 81' lang='lat' dir='ltr'>Regina</span> <span class='ocrx_word' id='word_1_2125' title='bbox 1499 3558 1569 3584; x_wconf 84' lang='lat' dir='ltr'>Dido</span> <span class='ocrx_word' id='word_1_2126' title='bbox 1584 3558 1655 3584; x_wconf 89' lang='lat' dir='ltr'>Idem</span> <span class='ocrx_word' id='word_1_2127' title='bbox 1670 3558 1732 3582; x_wconf 80' lang='lat' dir='ltr'>Aen.</span> <span class='ocrx_word' id='word_1_2128' title='bbox 1749 3565 1766 3586; x_wconf 91' lang='lat'>1,</span> <span class='ocrx_word' id='word_1_2129' title='bbox 1781 3557 1843 3588; x_wconf 87' lang='lat'>496.</span> <span class='ocrx_word' id='word_1_2130' title='bbox 1912 3554 2046 3582; x_wconf 82' lang='lat' dir='ltr'>Phoenifla</span> <span class='ocrx_word' id='word_1_2131' title='bbox 2061 3557 2129 3583; x_wconf 88' lang='lat' dir='ltr'>Dido</span> <span class='ocrx_word' id='word_1_2132' title='bbox 2143 3558 2182 3584; x_wconf 90' lang='lat' dir='ltr'>Id.</span> 
     </span>
     <span class='ocr_line' id='line_1_208' title="bbox 1147 3591 2183 3629; baseline -0.004 -6"><span class='ocrx_word' id='word_1_2133' title='bbox 1147 3599 1210 3624; x_wconf 88' lang='lat' dir='ltr'>Aen.</span> <span class='ocrx_word' id='word_1_2134' title='bbox 1226 3605 1246 3628; x_wconf 88' lang='lat'>1,</span> <span class='ocrx_word' id='word_1_2135' title='bbox 1259 3599 1320 3629; x_wconf 83' lang='lat'>670.</span> <span class='ocrx_word' id='word_1_2136' title='bbox 1369 3603 1371 3605; x_wconf 77' lang='grc'><strong>’</strong></span> <span class='ocrx_word' id='word_1_2137' title='bbox 1391 3594 1569 3621; x_wconf 84' lang='lat' dir='ltr'>Pulcherrima</span> <span class='ocrx_word' id='word_1_2138' title='bbox 1582 3593 1651 3619; x_wconf 85' lang='lat' dir='ltr'>Dido</span> <span class='ocrx_word' id='word_1_2139' title='bbox 1671 3593 1744 3625; x_wconf 88' lang='lat' dir='ltr'>Virg.</span> <span class='ocrx_word' id='word_1_2140' title='bbox 1759 3592 1822 3617; x_wconf 88' lang='lat' dir='ltr'>Aen.</span> <span class='ocrx_word' id='word_1_2141' title='bbox 1843 3599 1870 3624; x_wconf 90' lang='lat'>4,</span> <span class='ocrx_word' id='word_1_2142' title='bbox 1880 3593 1946 3624; x_wconf 86' lang='lat'>496.</span> <span class='ocrx_word' id='word_1_2143' title='bbox 2016 3591 2123 3618; x_wconf 81' lang='lat' dir='ltr'>Sidonia</span> <span class='ocrx_word' id='word_1_2144' title='bbox 2137 3593 2183 3619; x_wconf 86' lang='lat' dir='ltr'>Di-</span> 
     </span>
     <span class='ocr_line' id='line_1_209' title="bbox 1144 3631 1992 3665; baseline -0.009 -6"><span class='ocrx_word' id='word_1_2145' title='bbox 1144 3633 1179 3659; x_wconf 90' lang='lat' dir='ltr'>do</span> <span class='ocrx_word' id='word_1_2146' title='bbox 1193 3631 1264 3658; x_wconf 80' lang='lat' dir='ltr'>Idem</span> <span class='ocrx_word' id='word_1_2147' title='bbox 1280 3632 1342 3658; x_wconf 87' lang='lat' dir='ltr'>Aen.</span> <span class='ocrx_word' id='word_1_2148' title='bbox 1358 3639 1377 3664; x_wconf 82' lang='lat'>1,</span> <span class='ocrx_word' id='word_1_2149' title='bbox 1390 3633 1453 3664; x_wconf 85' lang='lat'>446.</span> <span class='ocrx_word' id='word_1_2150' title='bbox 1984 3660 1992 3665; x_wconf 76' lang='lat'>.</span> 
     </span>
    </p>

    <p class='ocr_par' dir='ltr' id='par_1_85' title="bbox 1143 3658 2182 3913">
     <span class='ocr_line' id='line_1_210' title="bbox 1183 3658 2182 3699; baseline -0.005 -6"><span class='ocrx_word' id='word_1_2151' title='bbox 1183 3674 1201 3693; x_wconf 92' lang='lat' dir='ltr'><em>D</em></span> <span class='ocrx_word' id='word_1_2152' title='bbox 1211 3668 1222 3693; x_wconf 80' lang='lat' dir='ltr'>i</span> <span class='ocrx_word' id='word_1_2153' title='bbox 1231 3674 1249 3694; x_wconf 93' lang='lat' dir='ltr'>D</span> <span class='ocrx_word' id='word_1_2154' title='bbox 1258 3673 1277 3693; x_wconf 91' lang='lat'>0</span> <span class='ocrx_word' id='word_1_2155' title='bbox 1287 3686 1294 3699; x_wconf 91' lang='lat'>,</span> <span class='ocrx_word' id='word_1_2156' title='bbox 1315 3666 1400 3692; x_wconf 82' lang='lat' dir='ltr'>dididi</span> <span class='ocrx_word' id='word_1_2157' title='bbox 1410 3686 1416 3697; x_wconf 94' lang='lat'>‚</span> <span class='ocrx_word' id='word_1_2158' title='bbox 1437 3668 1520 3696; x_wconf 79' lang='lat' dir='ltr'>itum,</span> <span class='ocrx_word' id='word_1_2159' title='bbox 1541 3665 1592 3689; x_wconf 66' lang='lat' dir='ltr'>ere.</span> <span class='ocrx_word' id='word_1_2160' title='bbox 1629 3658 1769 3696; x_wconf 67' lang='grc' dir='ltr'>[διανέμω]</span> <span class='ocrx_word' id='word_1_2161' title='bbox 1805 3659 2096 3697; x_wconf 67' lang='lat' dir='ltr'>Distribuerestgnificat</span> <span class='ocrx_word' id='word_1_2162' title='bbox 2110 3669 2133 3688; x_wconf 84' lang='lat' dir='ltr'>et</span> <span class='ocrx_word' id='word_1_2163' title='bbox 2146 3662 2182 3689; x_wconf 89' lang='lat' dir='ltr'>di-</span> 
     </span>
     <span class='ocr_line' id='line_1_211' title="bbox 1145 3696 2182 3738; baseline -0.007 -9"><span class='ocrx_word' id='word_1_2164' title='bbox 1145 3712 1237 3738; x_wconf 79' lang='lat' dir='ltr'>gerere.</span> <span class='ocrx_word' id='word_1_2165' title='bbox 1284 3703 1350 3728; x_wconf 87' lang='lat' dir='ltr'>Hor.</span> <span class='ocrx_word' id='word_1_2166' title='bbox 1369 3702 1419 3728; x_wconf 86' lang='lat' dir='ltr'>Sat.</span> <span class='ocrx_word' id='word_1_2167' title='bbox 1434 3710 1459 3732; x_wconf 88' lang='lat'>2,</span> <span class='ocrx_word' id='word_1_2168' title='bbox 1474 3709 1495 3732; x_wconf 77' lang='grc'>2,</span> <span class='ocrx_word' id='word_1_2169' title='bbox 1510 3702 1544 3733; x_wconf 86' lang='grc'>67</span> <span class='ocrx_word' id='word_1_2170' title='bbox 1578 3696 1670 3723; x_wconf 85' lang='lat' dir='ltr'>Albuti</span> <span class='ocrx_word' id='word_1_2171' title='bbox 1689 3697 1755 3721; x_wconf 84' lang='lat' dir='ltr'>senis</span> <span class='ocrx_word' id='word_1_2172' title='bbox 1775 3696 1896 3730; x_wconf 82' lang='lat' dir='ltr'>exemplo</span> <span class='ocrx_word' id='word_1_2173' title='bbox 1915 3696 1977 3722; x_wconf 90' lang='lat' dir='ltr'>dum</span> <span class='ocrx_word' id='word_1_2174' title='bbox 1996 3698 2087 3723; x_wconf 88' lang='lat' dir='ltr'>munia</span> <span class='ocrx_word' id='word_1_2175' title='bbox 2106 3697 2182 3723; x_wconf 86' lang='lat' dir='ltr'>didit.</span> 
     </span>
     <span class='ocr_line' id='line_1_212' title="bbox 1667 3731 2181 3766; baseline 0 -9"><span class='ocrx_word' id='word_1_2176' title='bbox 1667 3731 1775 3758; x_wconf 82' lang='lat' dir='ltr'>Diditur</span> <span class='ocrx_word' id='word_1_2177' title='bbox 1798 3741 1844 3766; x_wconf 91' lang='lat' dir='ltr'>per</span> <span class='ocrx_word' id='word_1_2178' title='bbox 1863 3733 1966 3766; x_wconf 80' lang='lat' dir='ltr'>agmina</span> <span class='ocrx_word' id='word_1_2179' title='bbox 1987 3742 2079 3758; x_wconf 86' lang='lat' dir='ltr'>rumor</span> <span class='ocrx_word' id='word_1_2180' title='bbox 2105 3734 2181 3766; x_wconf 85' lang='lat' dir='ltr'>Virg.</span> 
     </span>
     <span class='ocr_line' id='line_1_213' title="bbox 1143 3766 2181 3808; baseline -0.007 -8"><span class='ocrx_word' id='word_1_2181' title='bbox 1143 3776 1209 3801; x_wconf 85' lang='lat' dir='ltr'>Aen.</span> <span class='ocrx_word' id='word_1_2182' title='bbox 1223 3782 1249 3808; x_wconf 87' lang='lat'>7,</span> <span class='ocrx_word' id='word_1_2183' title='bbox 1265 3782 1322 3805; x_wconf 88' lang='lat'>144.</span> <span class='ocrx_word' id='word_1_2184' title='bbox 1394 3772 1475 3799; x_wconf 83' lang='lat' dir='ltr'>Cibus</span> <span class='ocrx_word' id='word_1_2185' title='bbox 1489 3771 1517 3795; x_wconf 90' lang='lat' dir='ltr'>in</span> <span class='ocrx_word' id='word_1_2186' title='bbox 1530 3776 1607 3794; x_wconf 82' lang='lat' dir='ltr'>venas</span> <span class='ocrx_word' id='word_1_2187' title='bbox 1620 3766 1722 3793; x_wconf 86' lang='lat' dir='ltr'>diditur</span> <span class='ocrx_word' id='word_1_2188' title='bbox 1742 3767 1846 3794; x_wconf 79' lang='lat' dir='ltr'>Lucre-t.</span> <span class='ocrx_word' id='word_1_2189' title='bbox 1861 3776 1884 3799; x_wconf 86' lang='lat'>2,</span> <span class='ocrx_word' id='word_1_2190' title='bbox 1899 3775 1964 3800; x_wconf 77' lang='lat'>1134.</span> <span class='ocrx_word' id='word_1_2191' title='bbox 2034 3768 2129 3794; x_wconf 84' lang='lat' dir='ltr'>Solatia</span> <span class='ocrx_word' id='word_1_2192' title='bbox 2142 3768 2181 3793; x_wconf 90' lang='lat' dir='ltr'>di-</span> 
     </span>
     <span class='ocr_line' id='line_1_214' title="bbox 1145 3803 2180 3844; baseline -0.008 -8"><span class='ocrx_word' id='word_1_2193' title='bbox 1145 3810 1198 3837; x_wconf 88' lang='lat' dir='ltr'>dita</span> <span class='ocrx_word' id='word_1_2194' title='bbox 1214 3818 1258 3844; x_wconf 86' lang='lat' dir='ltr'>per</span> <span class='ocrx_word' id='word_1_2195' title='bbox 1271 3815 1359 3842; x_wconf 80' lang='lat' dir='ltr'>gentes</span> <span class='ocrx_word' id='word_1_2196' title='bbox 1378 3808 1449 3833; x_wconf 76' lang='lat' dir='ltr'>lde-m</span> <span class='ocrx_word' id='word_1_2197' title='bbox 1465 3813 1486 3836; x_wconf 63' lang='grc' dir='ltr'>ς,</span> <span class='ocrx_word' id='word_1_2198' title='bbox 1500 3812 1541 3829; x_wconf 74' lang='lat'>20.</span> <span class='ocrx_word' id='word_1_2199' title='bbox 1556 3812 1577 3828; x_wconf 73' lang='lat' dir='ltr'>et</span> <span class='ocrx_word' id='word_1_2200' title='bbox 1592 3815 1618 3837; x_wconf 84' lang='lat'>4,</span> <span class='ocrx_word' id='word_1_2201' title='bbox 1633 3811 1680 3836; x_wconf 87' lang='lat'>241</span> <span class='ocrx_word' id='word_1_2202' title='bbox 1709 3803 1787 3829; x_wconf 84' lang='lat' dir='ltr'>Nunc</span> <span class='ocrx_word' id='word_1_2203' title='bbox 1803 3812 1832 3829; x_wconf 89' lang='lat' dir='ltr'>ea</span> <span class='ocrx_word' id='word_1_2204' title='bbox 1846 3812 1911 3837; x_wconf 87' lang='lat' dir='ltr'>quae</span> <span class='ocrx_word' id='word_1_2205' title='bbox 1930 3803 1989 3829; x_wconf 85' lang='lat' dir='ltr'>dico</span> <span class='ocrx_word' id='word_1_2206' title='bbox 2002 3812 2089 3828; x_wconf 79' lang='lat' dir='ltr'>rerum</span> <span class='ocrx_word' id='word_1_2207' title='bbox 2103 3803 2180 3828; x_wconf 77' lang='lat' dir='ltr'>simu-</span> 
     </span>
     <span class='ocr_line' id='line_1_215' title="bbox 1146 3838 2180 3876; baseline -0.009 -4"><span class='ocrx_word' id='word_1_2208' title='bbox 1146 3845 1230 3876; x_wconf 87' lang='lat' dir='ltr'>lacra,</span> <span class='ocrx_word' id='word_1_2209' title='bbox 1245 3845 1369 3870; x_wconf 86' lang='lat' dir='ltr'>feruntur</span> <span class='ocrx_word' id='word_1_2210' title='bbox 1386 3840 1522 3874; x_wconf 82' lang='lat' dir='ltr'>Vndique:</span> <span class='ocrx_word' id='word_1_2211' title='bbox 1541 3839 1605 3865; x_wconf 86' lang='lat' dir='ltr'>etin</span> <span class='ocrx_word' id='word_1_2212' title='bbox 1625 3845 1728 3864; x_wconf 84' lang='lat' dir='ltr'>cunctas</span> <span class='ocrx_word' id='word_1_2213' title='bbox 1741 3839 1874 3864; x_wconf 80' lang='lat' dir='ltr'>iaciuntur</span> <span class='ocrx_word' id='word_1_2214' title='bbox 1888 3839 1970 3864; x_wconf 84' lang='lat' dir='ltr'>didita</span> <span class='ocrx_word' id='word_1_2215' title='bbox 1991 3844 2082 3871; x_wconf 83' lang='lat' dir='ltr'>partes.</span> <span class='ocrx_word' id='word_1_2216' title='bbox 2135 3838 2180 3863; x_wconf 86' lang='lat' dir='ltr'>Di-</span> 
     </span>
     <span class='ocr_line' id='line_1_216' title="bbox 1145 3873 2180 3913; baseline -0.01 -6"><span class='ocrx_word' id='word_1_2217' title='bbox 1145 3881 1284 3911; x_wconf 75' lang='lat' dir='ltr'>diderunt,</span> <span class='ocrx_word' id='word_1_2218' title='bbox 1301 3886 1349 3913; x_wconf 83' lang='lat' dir='ltr'>pro</span> <span class='ocrx_word' id='word_1_2219' title='bbox 1363 3876 1507 3911; x_wconf 46' lang='lat' dir='ltr'>Diui-&#39;jerunt</span> <span class='ocrx_word' id='word_1_2220' title='bbox 1538 3874 1600 3909; x_wconf 47' lang='lat' dir='ltr'>afuit</span> <span class='ocrx_word' id='word_1_2221' title='bbox 1613 3874 1715 3900; x_wconf 83' lang='lat' dir='ltr'>Lucret.</span> <span class='ocrx_word' id='word_1_2222' title='bbox 1730 3876 1755 3906; x_wconf 84' lang='grc'>6,</span> <span class='ocrx_word' id='word_1_2223' title='bbox 1770 3882 1783 3899; x_wconf 89' lang='lat'><em>2</em></span> <span class='ocrx_word' id='word_1_2224' title='bbox 1811 3874 1913 3900; x_wconf 74' lang='lat' dir='ltr'>Primae</span> <span class='ocrx_word' id='word_1_2225' title='bbox 1932 3873 2075 3906; x_wconf 77' lang='lat' dir='ltr'>frugiferos</span> <span class='ocrx_word' id='word_1_2226' title='bbox 2094 3873 2180 3898; x_wconf 75' lang='lat' dir='ltr'>foetus</span> 
     </span>
    </p>

    <p class='ocr_par' dir='ltr' id='par_1_86' title="bbox 1300 3882 2180 3975">
     <span class='ocr_line' id='line_1_217' title="bbox 1508 3882 2179 3968; baseline -0.004 -32"><span class='ocrx_word' id='word_1_2227' title='bbox 1508 3882 1602 3937; x_wconf 57' lang='lat' dir='ltr'>‹iper-unt</span> <span class='ocrx_word' id='word_1_2228' title='bbox 1623 3909 1756 3945; x_wconf 78' lang='lat' dir='ltr'>quondam</span> <span class='ocrx_word' id='word_1_2229' title='bbox 1778 3909 1912 3944; x_wconf 73' lang='lat' dir='ltr'>praeclaro</span> <span class='ocrx_word' id='word_1_2230' title='bbox 1930 3908 2039 3934; x_wconf 84' lang='lat' dir='ltr'>nomine</span> <span class='ocrx_word' id='word_1_2231' title='bbox 2054 3907 2179 3968; x_wconf 33' lang='lat' dir='ltr'>Athenae.</span> 
     </span>
     <span class='ocr_line' id='line_1_218' title="bbox 1300 3948 2180 3975; baseline -0.009 0"><span class='ocrx_word' id='word_1_2232' title='bbox 1300 3949 1324 3975; x_wconf 84' lang='lat' dir='ltr'>V</span> <span class='ocrx_word' id='word_1_2233' title='bbox 2146 3948 2180 3968; x_wconf 85' lang='lat' dir='ltr'>et.</span> 
     </span>
    </p>
   </div>
  </div>
 </body>
</html>
