2479 4225
27 171 96 216 925
119 176 122 179 -
416 157 460 198 H
538 157 576 198 o
659 156 686 197 s
1508 149 1552 190 H
1633 148 1672 188 v
1754 149 1803 190 M
2099 158 2175 206 926

28 248 128 277 hostem
148 247 245 274 Lucan.
259 254 286 282 7,
307 247 365 281 276.
456 247 596 273 Penetrare
614 246 644 273 in
667 244 771 272 medios
793 242 878 271 hostes
903 242 948 269 Sil.
969 249 993 275 ς,
1012 251 1067 276 ¹99-
1131 242 1252 279 quidquid
1264 242 1372 271 homini,
1391 243 1476 267 vicino
1490 238 1637 275 praesertim
1653 242 1764 277 ctytoto,
1778 237 1836 263 bom·
1849 239 1889 265 vel
1905 239 1965 266 mali
1982 241 2092 273 accidit,
2110 242 2174 269 illud

2 307 3 310 ,
28 283 179 319 Pmpulsare
193 282 293 309 hostem
306 282 368 309 Stat.
382 280 474 308 Theb.
491 291 525 314 11,
538 284 595 308 261.
649 282 727 316 Rapti
740 289 772 307 ex
786 279 859 306 hoste
873 283 977 315 penates
992 279 1067 313 Virg.
1131 279 1165 305 all
1177 288 1251 305 mcum
1271 280 1344 304 etiam
1358 275 1455 311 ftnstnn
1470 278 1598 314 pertinet,
1619 273 1684 309 quasi
1702 273 1763 298 mihi
1781 273 1920 311 accidiffit..
1972 277 2037 302 Haec
2049 276 2081 309 est
2096 277 2173 312 spstm

30 320 93 348 Aen.
108 323 190 352 1‚382.
261 318 416 352 Reprimere
430 317 542 351 impetus
557 316 689 349 hostium,
709 325 738 342 ac
757 314 888 342 retardare
904 313 961 340 cic.
976 322 1023 348 pro
1038 315 1067 340 L.
1132 314 1269 340 Ciceronis
1289 314 1462 347 interpretatio
1477 310 1552 337 Olhc.
1570 318 1595 341 1,
1609 317 1638 341 30
1657 317 1678 334 c.
1695 315 1722 340 9.
1763 308 1842 348 lsalgo
1855 308 1998 344 detorquent
2014 315 2039 337 in
2055 321 2106 338 eum
2113 314 2173 349 sen-

26 354 159 386 Manil.13
180 362 202 380 c·
216 360 238 386 ς.
309 352 522 380 Perniciofiffima
536 352 682 379 studiorum
695 351 777 378 hostis
795 349 903 383 Qiinci.
918 357 937 379 2,
953 357 974 374 2.
1125 350 1198 385 Jimi,
1217 356 1245 374 vt
1259 356 1370 378 errores,
1383 353 1530 382 peccataque
1543 345 1700 379 intelligant,
1719 348 1749 382 v'.
1761 351 1788 367 m
1802 343 1844 368 illo
1857 343 1924 369 Ter.
1939 344 2047 380 Adelph.
2062 356 2081 379 3,
2096 358 2122 380 4,
2139 357 2172 382 23

67 395 89 417 Η
99 389 270 421 οεΤῖιιε,
288 397 311 415 e.
338 389 399 415 Adi.
424 387 604 449 [πολεμικόςζιι
627 387 702 423 Qcod
710 389 818 422 pertinet
829 384 863 412 ad
873 382 970 416 hostem.
993 384 1069 419 Virg.
1092 391 1106 417 ς
1133 384 1255 411 Fcrsualit
1268 391 1320 409 nox
1331 402 1338 412 ‚
1358 390 1448 413 amor,
1469 383 1577 410 vinum,
1596 378 1768 406 adolescentia
1782 388 1787 403 :
1809 376 1958 417 ‘humanum
1972 381 2013 405 cst.
2057 383 2103 409 Vbs
2116 385 2170 411 Do,

30 427 96 454 Aen.
108 432 140 455 ιι,
152 428 180 456 83
199 424 363 459 Indutosquc
378 423 452 450 iubet
466 430 573 450 truncos
605 422 727 449 ostilibus
740 420 820 448 armis
856 420 927 453 Ipsos
940 418 1011 445 ferre
1024 421 1070 446 du.
1132 427 1222 446 natus:
1244 419 1302 445 Hoc
1321 418 1408 444 dicere
1421 416 1547 448 solemus,
1563 415 1609 442 vbi
1625 420 1756 449 peccatum
1770 412 1876 448 quidem
1897 421 1949 453 non
1967 424 2106 450 negamus,
2127 419 2170 446 sed

29 470 84 492 ces,
103 462 125 486 i.
136 465 246 494 tropaea.
318 460 400 486 l'laut.
409 459 498 486 Pseud.
511 467 535 492 ς,
550 467 569 490 ι,
581 467 615 492 24
633 457 801 485 Occafionem
815 454 935 489 reperisti
949 455 1070 487 verbero,
1131 454 1269 482 tolerabile
1288 454 1337 479 effe
1350 452 1471 479 dicimus.
1543 451 1597 477 Cic.
1611 452 1685 476 Verr.
1703 456 1777 489 5559
1803 448 1904 474 Mecum
1919 456 2052 483 vu‘garum
2069 453 2171 482 Nauar-

31 496 78 524 vbi
91 495 252 529 perconteris
270 504 313 522 me
335 495 436 522 infidiis
450 493 612 521 hostilibus?
698 492 774 520 Acies
795 491 886 517 Tacit.
900 490 967 516 Hist.
986 499 1012 522 3,
1033 500 1069 517 21.
1135 491 1198 517 chus
1215 488 1390 516 nobiliffimae
1409 486 1525 513 ciuitatis
1540 486 1626 520 pretio
1641 484 1754 511 redeunt
1770 494 1774 509 :
1801 483 1959 523 humanum.
2008 486 2044 513 ld,
2058 488 2170 517 'rust-111,

31 532 131 566 Agmen
149 530 230 556 Ouid.
246 531 310 557 Met.
324 535 354 564 8,
373 539 411 563 39.
483 529 594 556 Animus
614 526 810 559 Senensoetau.
834 526 853 552 s.
867 534 885 552 ι.
959 527 1069 552 Animus
1134 535 1146 559 3
1172 535 1193 552 c.
1207 528 1223 551 6
1249 526 1401 552 Humanum
1421 522 1449 548 id
1469 520 1598 556 quidem:
1624 529 1676 546 uon
1697 521 1768 558 eni-ni
1789 519 1887 546 efilice
1907 525 1961 545 nati
1979 520 2075 548 sumus.
2129 526 2171 551 512-

29 567 59 593 in
72 565 272 600 Rempublicam
287 566 343 593 Cic.
356 566 388 593 ad
401 566 474 592 Brut.
488 574 515 599 4.
608 563 781 591 Condiciones
794 561 981 596 pactionesque
997 562 1070 589 belli-
1094 572 1124 590 ιο
1133 560 1305 596 euphemismus
1319 558 1351 592 est
1370 558 1398 584 de
1411 564 1488 583 morte
1505 556 1571 591 apud
1585 556 1702 582 Paullum
1715 556 1806 581 Ictum
1826 555 1854 580 in
1869 555 1899 581 L.
1913 555 2004 582 Publia
2018 558 2122 587 Maeuia
2141 562 2173 587 26

31 609 71 628 can
84 606 111 628 et
123 601 230 627 hostiles
245 601 401 636 perturbare
415 601 488 627 Idem
501 599 554 628 Off.
568 608 597 633 3,
611 604 663 629 108-
758 598 855 624 Dextra
875 597 931 623 Cic.
946 597 1028 624 Tuse.
1043 607 1069 629 z,
1132 596 1295 631 ffiDepoliti,
1313 595 1340 622 Si
1352 592 1453 627 aliquid
1467 591 1533 618 mihi
1547 591 1689 617 humanum
1703 591 1862 630 contigerit,A
1874 593 1892 616 i.
1900 589 1926 624 fi
1936 593 2038 617 moriar.
2120 591 2139 629 ‘J
2158 603 2172 620 2

30 655 41 664 .
156 637 290 664 Exercitus
309 638 400 664 Tacit.
416 636 483 663 Hist.
499 646 519 669 3,
532 641 570 666 82.
641 634 807 668 Expugnatio
824 631 927 658 hostilis
946 633 1001 659 Cic.
1021 642 1070 668 pro
1131 632 1179 659 Sed
1189 639 1309 666 ponamus·
1321 628 1478 663 Substantiua
1493 627 1579 653 ordine
1590 628 1764 652 elementorum.
1782 661 1786 665 ¹
1813 628 1923 651 Amnius
1938 625 2064 653 humanus
2077 629 2174 655 Horat.

22 667 62 699 ‘'L.
80 672 172 698 Manil.
196 681 229 705 13.
324 672 456 699 Hostilem
478 672 507 698 in
532 669 641 697 modum
663 668 774 695 cruciati
797 667 870 694 Idem
885 669 960 695 Verr.
983 677 1010 701 ς,
1030 677 1069 702 73.
1133 668 1215 694 Scrm.
1234 676 1252 697 1,
1273 671 1295 697 8,
1314 674 1357 692 20.
1430 663 1522 690 Animi
1540 661 1658 688 aduerlio
1681 660 1860 687 humamssima
1880 662 1935 688 Cic.
1949 670 1998 696 pro
2012 662 2090 690 Arch.
2110 673 2131 690 c.
2145 672 2173 699 7.

31 707 132 734 Odium
150 708 241 734 Tacit.
255 708 324 734 Ann.
339 715 378 741 ις,
393 713 432 738 28.
507 706 610 733 Hostile
629 704 722 735 odium
741 710 767 730 et
788 702 927 730 crudelitas
946 704 1002 729 Cic.
1023 713 1071 738 pro
1132 706 1149 729 i.
1164 703 1258 729 homme
1271 699 1419 736 digvziffi'ma.
1490 698 1627 729 Calculus,
1646 699 1726 732 quiin
1740 697 1834 736 bomine
1845 704 1987 732 generatur.
2022 699 2175 733 Plin.11,49

24 743 135 769 Cluent.
149 752 182 769 12.
253 743 369 778 Rapinae
390 744 484 770 Lucan.
501 751 527 774 1,
539 743 593 768 162.
663 739 753 768 Tacit.
767 739 835 765 Hist.
848 747 881 771 4,
897 747 926 773 57
953 739 1071 770 Galbam,
1098 740 1195 772 15Sunt
1210 738 1243 765 iis
1257 737 1336 763 etiam
1351 734 1460 762 Calculo
1473 733 1587 760 humano
1600 731 1716 759 remedia
1731 739 1877 766 praecipua.
1948 734 2032 767 Caput
2054 735 2121 761 Hor.
2142 735 2176 761 de

22 784 57 805 ‘et
74 778 185 805 infracta
198 779 298 805 tributa
311 778 418 806 hostiles
431 778 542 811 Spiritus
555 775 675 802 induisse.
747 775 836 802 Terra
855 774 911 801 Cic.
925 774 956 800 de
969 775 1070 801 Inucnt.
1134 775 1198 800 Arte
1211 775 1281 800 Poe't.
1297 780 1316 798 1.
1387 770 1450 796 Cibi
1472 769 1580 795 humani
1600 767 1670 794 Flor.
1685 776 1710 799 3,
1728 775 1756 799 ς,
1777 776 1813 793 10.
1846 770 1864 793 ι’.
1884 767 1936 802 {sut
1947 769 2066 795 humanae
2079 773 2175 797 carnis.

27 820 55 846 ¹¹,
69 819 113 844 108
133 822 155 840 c.
171 821 208 846 55.
279 815 374 841 Facere
388 813 494 840 hostilia
507 811 598 839 Tacit.
613 812 680 838 Ann.
695 819 727 844 ις,
743 819 776 843 13.
833 809 905 836 Idem
920 809 984 835 Hist.
1000 819 1023 842 3,
1037 818 1071 845 70
1133 809 1206 836 Fecit
1226 814 1252 835 et
1267 807 1382 833 humano
1395 804 1484 832 Corde
1503 805 1593 831 volare
1608 804 1692 829 Deum
1707 804 1824 842 Propert.
1839 811 1867 835 2,
1883 811 1910 828 12
1931 803 2082 835 (Brouckh.
2097 809 2130 838 9)
2150 807 2175 833 6.

31 848 117 876 Etiam
130 848 253 876 aduersus
266 859 314 876 nos
328 849 432 876 hostilia
445 847 575 876 Induerat.
609 847 678 874 Add.
692 848 764 873 Idem
778 845 845 872 Hist.
858 853 879 877 3,
894 853 937 878 42,
951 856 972 877 4.
1008 853 1030 872 et
1049 855 1070 872 c.
1133 848 1151 871 i.
1170 847 1269 871 leuitate
1285 841 1424 868 hominibus
1436 843 1553 876 propria.
1624 838 1715 865 Cultus
1728 839 1783 864 Cic.
1794 846 1843 872 pro
1857 837 1934 864 Arch.
1954 848 1975 865 c.
1991 847 2017 874 7.
2090 841 2176 876 Dapeg

30 886 76 918 46,
89 893 114 910 2.
170 886 230 911 Liu.
246 894 279 916 21,
293 887 322 912 16
340 885 433 920 Legati
446 883 599 911 Retulerunt
612 882 703 910 omnia
716 881 820 908 hostilia
833 881 881 906 effe
895 891 899 906 :
925 886 951 907 ct
964 881 1071 916 Sagunti
1133 881 1198 907 Plin.
1218 882 1236 905 i.
1244 878 1333 914 faeces
1346 878 1408 903 alui.
1451 876 1509 902 l‘al.
1530 873 1593 915 l'offi
1611 873 1694 906 Iustis.
1709 874 1782 900 Orat.
1793 884 1810 908 4
1821 880 1850 908 p.
1865 883 1915 907 ¹¹7·
1987 875 2075 901 Facies
2093 876 2175 904 Ouid.

31 919 166 946 excidium
180 921 331 947 nuntiatum
343 921 387 947 est.
459 919 600 946 Resumere
614 917 720 945 hostilia
732 917 799 944 Tac.
812 917 880 943 Ann.
896 925 930 948 12,
946 924 979 949 ις.
1079 931 1114 949 20
1134 917 1198 942 Met.
1212 924 1235 945 2,
1248 916 1303 940 661.
1374 912 1512 946 Fragilitas
1532 911 1615 937 Solm.
1629 919 1650 935 c.
1666 911 1708 935 66.
1720 944 1726 949 .
1779 909 1847 934 Gens
1861 908 1984 942 humana,
2000 918 2047 945 pro
2063 913 2177 939 Humano

70 961 91 981 H
102 962 219 983 OSTIL
230 958 331 983 i'TER.
366 955 433 982 Adu.
471 955 640 987 [πολεμικῶς]
673 957 692 980 i.
709 951 819 986 hostilem
831 954 859 977 in
875 951 978 978 modum.
1014 953 1071 979 Cic.
1134 959 1228 987 genere.
1264 949 1322 975 Cic.
1336 947 1368 973 de
1382 948 1440 974 Fin.
1459 955 1487 980 ς,
1506 956 1524 980 4
1556 944 1658 972 Deinde
1677 950 1758 984 totius
1776 944 1916 978 complexu
1934 947 2018 979 gentis
2038 946 2176 974 humanae.

32 990 146 1026 Philipp.
162 998 184 1024 ς,
197 999 227 1024 23
247 991 320 1025 Quid
334 991 380 1017 ille
393 990 455 1016 fecit
473 989 614 1016 hostiliter.
685 988 743 1014 Liu.
756 995 783 1020 2,
797 995 826 1020 14
840 994 884 1022 pr.
909 988 978 1014 Bona
993 987 1073 1015 hosti-
1135 986 1215 1013 Genti
1227 984 1365 1014 humanae,
1383 986 1512 1009 contraria
1525 980 1557 1014 est
1572 982 1696 1019 Immanis
1710 985 1736 1019 et
1749 979 1860 1021 barbara
1875 981 1950 1020 [deni
1963 981 1994 1007 de
2004 982 2096 1008 Diuin.
2112 992 2130 1015 1,
2139 991 2175 1015 33.

31 1026 95 1053 liter
107 1026 247 1053 vendendi.
307 1026 379 1053 Idem
394 1035 415 1058 1,
430 1034 452 1052 11
473 1025 614 1052 Hostiliter
627 1024 654 1050 in
668 1023 731 1050 fines
745 1023 879 1050 Romanos
896 1023 1071 1050 incurfionem
1135 1022 1192 1049 Cic.
1208 1022 1283 1046 Verr.
1297 1028 1321 1050 2,
1336 1023 1376 1048 168
1396 1028 1417 1044 c.
1433 1021 1467 1051 69
1492 1016 1572 1051 Quod
1586 1016 1622 1042 est
1634 1014 1706 1041 aliud
1724 1023 1752 1053 in
1772 1014 1817 1040 illa
1830 1015 1967 1041 Prou1nc1a
1981 1017 2070 1043 Genus
2085 1018 2178 1045 huma-

31 1062 106 1089 facit.
141 1062 210 1088 Add.
224 1062 261 1088 Id.
275 1070 301 1095 9,
311 1067 347 1094 38.
400 1061 524 1088 Nimium
537 1059 671 1086 hostiliter
687 1059 768 1086 Ouid.
780 1059 844 1085 Met.
859 1068 898 1092 14,
911 1061 950 1089 68.
1005 1059 1072 1087 Ster.
1133 1057 1221 1083 num3
1252 1058 1271 1082 i.
1292 1055 1423 1082 hominum.
1482 1055 1632 1079 Nominarat
1655 1055 1849 1089 negot1atores‚
1873 1056 2005 1083 aratores,
2032 1061 2176 1080 commune

32 1097 74 1123 nit
89 1097 221 1124 hostiliter
237 1106 329 1123 omnes
343 1096 417 1123 Idem
431 1097 495 1123 Met.
511 1104 542 1126 11,
556 1103 613 1129 372.
1078 1108 1107 1135 23
1134 1092 1249 1119 Siciliae.
1321 1089 1487 1116 Humaniore
1512 1087 1674 1122 cogitatione
1701 1085 1808 1118 sepolna
1821 1083 1899 1124 rebus
1913 1086 2004 1112 auditu
2024 1089 2118 1122 asperis
2134 1098 2178 1115 va-

70 1138 92 1158 Η
103 1138 143 1157 os
154 1138 176 1158 Τ
189 1139 196 1157 1
208 1134 302 1159 Li‘TA
312 1139 341 1164 s,
364 1133 421 1158 fitis.
456 1132 477 1158 f.
513 1127 685 1164 [ἔχθοδοπία]
720 1129 816 1155 Seneca
836 1128 868 1155 de
881 1130 943 1156 Vita
956 1129 1030 1157 beata
1050 1141 1071 1157 c.
1135 1136 1193 1155 care
1207 1126 1294 1153 Valer.
1309 1126 1419 1151 Maxim.
1432 1127 1457 1157 6,
1471 1132 1484 1156 3
1499 1130 1543 1159 pr.
1613 1122 1683 1148 Deus
1697 1121 1744 1147 sub
1758 1121 1875 1154 lmagme
1889 1119 2002 1146 humana
2016 1123 2096 1149 Ouid.
2111 1125 2179 1151 Met.

30 1174 63 1198 32
91 1166 223 1193 Aduersus
249 1166 336 1194 hostes
354 1167 499 1195 inhumana
521 1164 677 1198 crudelitas,
704 1164 828 1191 aduersus
847 1165 906 1191 suos
927 1167 1006 1193 etiam
1025 1166 1072 1193 ho-
1136 1173 1156 1196 1,
1169 1171 1217 1195 213.
1287 1162 1355 1188 Tac.
1370 1162 1436 1186 Ann.
1451 1169 1478 1193 4,
1490 1164 1519 1191 38
1543 1157 1670 1192 Qiietam
1687 1162 1713 1182 et
1728 1155 1920 1189 intelligentem
1934 1155 2059 1190 humani,
2079 1159 2180 1186 diuini-

28 1200 122 1229 stilitas
139 1202 184 1228 est.
1137 1208 1188 1235 que
1202 1198 1270 1225 Iuris
1288 1202 1402 1223 mentem
1419 1196 1503 1222 duint.
1559 1193 1620 1220 Liu.
1640 1200 1679 1224 39.
1753 1190 1869 1217 Labores
1889 1191 1983 1226 Virgil.
1995 1193 2060 1219 Aen.
2076 1201 2099 1226 ς,
2118 1198 2177 1227 689.

71 1243 92 1262 H
104 1243 311 1271 osTxLivs,
331 1247 361 1271 a,
384 1246 438 1264 um.
473 1235 534 1263 Adi.
583 1236 632 1267 Vt,
657 1235 736 1262 Lares
757 1234 861 1262 hostilii
879 1236 943 1272 apud
960 1237 1073 1271 Festum,
1136 1236 1240 1261 Montes
1261 1231 1342 1260 Ouid.
1356 1233 1420 1258 Met.
1436 1240 1462 1263 1,
1475 1238 1512 1263 53·
1583 1229 1686 1255 Natura
1707 1227 1802 1253 Horat.
1822 1227 1854 1267 de
1868 1226 1932 1253 Arte
1946 1228 2016 1254 Poet.
2031 1236 2083 1261 353·
2137 1231 2180 1256 In-

30 1272 118 1308 quibus
132 1272 325 1315 immolabant,
344 1273 416 1308 quod
430 1271 463 1299 ab
475 1270 515 1297 his
529 1270 615 1313 hostes
629 1271 715 1298 arceri
730 1271 865 1312 putabant.
1019 1272 1039 1311 q
1059 1282 1074 1300 2
1086 1288 1119 1313 30
1137 1270 1300 1310 quiruntque
1317 1268 1398 1294 sacras
1416 1266 1533 1306 humano
1545 1264 1654 1290 Pectore
1670 1264 1757 1289 causas
1774 1262 1866 1302 Maml.
1881 1271 1900 1297 1,
1914 1264 1967 1294 716.
2038 1266 2116 1291 Porus
2132 1265 2180 1306 hu-

31 1306 74 1341 Est*
88 1315 171 1344 gentis
184 1310 306 1335 Romanae
323 1318 424 1340 nomen,
448 1316 464 1334 a
476 1306 580 1339 Tullo,
598 1306 655 1333 unde
670 1307 797 1334 Hosttl1o.
1137 1314 1209 1332 mani
1222 1309 1417 1331 excrementum
1436 1301 1501 1327 Phn.
1516 1309 1541 1333 9,
1555 1308 1584 1332 39
1602 1300 1621 1326 s.
1635 1302 1680 1332 64.
1751 1298 1830 1324 Ratio
1844 1297 1957 1324 humana
1973 1305 1999 1325 et
2013 1299 2103 1326 vsitata
2122 1302 2180 1327 Cic.

52 1365 54 1367 .
70 1349 91 1369 Η
102 1349 121 1369 O
132 1344 284 1376 sTicvs,
313 1353 346 1375 a,
375 1352 429 1370 um.
475 1342 537 1368 Adi.
580 1343 731 1377 [πολέμιος]
777 1342 861 1375 Idem,
880 1343 944 1378 quod
959 1342 1074 1377 Hostius.
1137 1343 1214 1368 Verr.
1229 1349 1241 1372 3
1261 1349 1283 1366 c·
1298 1348 1339 1372 97·
1410 1337 1536 1365 Rationes
1552 1336 1656 1362 LUCset·
1670 1343 1694 1364 2⁵
1709 1336 1765 1366 ¹⁶9·
1834 1334 1884 1360 ReS
1898 1333 2040 1367 humanae,
2061 1345 2119 1371 quae
2137 1337 2180 1363 ho·

31 1377 112 1413 Rlaut.
125 1379 198 1414 Capt.
212 1388 233 1410 2,
247 1388 266 1410 1,
278 1388 315 1412 49
332 1380 433 1413 Perque
445 1377 636 1404 conseruitium
653 1386 805 1411 commune,
819 1380 891 1413 quod
904 1378 1003 1406 hostica
1016 1388 1076 1406 eue-
1137 1376 1245 1403 minibus
1262 1374 1394 1406 accidunt,
1417 1381 1501 1408 eosque
1521 1375 1688 1410 murramque
1702 1375 1801 1404 partem
1819 1378 1912 1410 mouere
1924 1369 2022 1404 salem,
2042 1380 2105 1406 quas
2122 1381 2181 1398 con-

25 1414 32 1423 ”
52 1413 72 1441 't
85 1422 173 1440 manu.
246 1415 313 1442 Hor.
327 1415 408 1440 Serm.
422 1423 440 1444 1,
451 1421 478 1446 9,
491 1422 516 1446 31
540 1415 619 1440 Hunc
631 1422 717 1448 neque
732 1414 789 1440 dira
802 1423 919 1449 venena,
937 1424 984 1441 nec
998 1415 1077 1441 hosti·
1137 1420 1256 1441 temnere,
1282 1413 1301 1437 1⁴-
1314 1419 1363 1436 ⁷2⁰²2
1382 1409 1518 1438 admirari>
1534 1407 1690 1442 Phil⁰J⁰Phsa
1709 1404 1786 1431 ΛΜΝ·
1828 1405 1883 1431 ΕΚ·
1899 1403 1975 1431 Offic-
1993 1414 2009 1437 (ι
2024 1414 2047 1438 ¹3
2067 1415 2089 1432 c·
2103 1414 2116 1439 5
2141 1407 2180 1434 Eat

24 1447 25 1451 ¹
64 1458 75 1476 s
90 1450 194 1476 auferet
206 1449 280 1476 ensis.
348 1449 480 1476 Columel.
493 1450 521 1475 in
534 1449 616 1483 praef.
633 1457 643 1475 ι
670 1451 838 1484 Quamquam
851 1450 921 1477 inter
935 1451 1037 1477 ferrum
1051 1457 1110 1491 αὖ.
1138 1457 1192 1482 quo
1208 1446 1291 1473 animi
1305 1444 1459 1479 magnitudo
1474 1442 1581 1474 exfistit,
1592 1440 1819 1480 humanarumque
1832 1440 1931 1467 Rerum
1946 1442 2099 1468 contemtio.
2137 1443 2180 1469 Sic

36 1514 40 1519 ,
69 1482 103 1511 ‘es
123 1484 230 1511 hosticis
250 1484 444 1511 incursionibus
465 1484 577 1511 vastatae
596 1484 696 1518 fruges.
763 1486 835 1520 Ager
851 1487 937 1513 Varro
956 1485 988 1513 de
1003 1487 1031 1512 L.
1045 1487 1075 1513 L.
1097 1475 1109 1492 ³
1138 1482 1249 1510 Tuscul.
1265 1490 1284 1512 ι,
1297 1489 1329 1514 9)·
1348 1490 1369 1507 C·
1380 1489 1417 1514 40
1437 1480 1539 1506 Totam
1554 1478 1610 1503 Vim
1624 1476 1689 1502 bene
1704 1475 1814 1502 V¹¹¹c¹¹d¹
1834 1476 1863 1502 3¹¹
1874 1476 1957 1502 ‘mimi
1971 1476 2070 1503 ¹‘0b01'0
2085 1483 2111 1504 et
2125 1487 2180 1504 ¹¹¹³·

31 1523 60 1553 4,
73 1529 99 1554 4.
167 1521 246 1547 Fama
264 1520 345 1547 Ouid.
360 1520 446 1546 Trist.
461 1527 491 1552 3,
506 1528 541 1550 10,
555 1521 598 1545 66.
1139 1518 1293 1554 gnitudine,
1317 1522 1342 1543 et
1360 1516 1389 1542 in
1409 1516 1529 1541 omnium
1545 1514 1644 1539 Rerum
1657 1511 1831 1538 humanarum
1851 1512 2030 1538 contemtione
2048 1522 2076 1539 ac
2097 1513 2181 1548 despi-

39 1571 41 1574 <
67 1557 238 1583 HOSTi'CV
248 1562 274 1582 M
285 1575 293 1586 ,
319 1555 337 1581 i.
373 1564 400 1580 n.
441 1556 523 1580 Terra
535 1553 641 1587 hostilis.
678 1554 739 1581 Liu.
753 1560 782 1586 8,
797 1563 829 1588 34
853 1556 914 1583 Sine
928 1562 1077 1583 commeatu
1140 1555 1245 1586 cientia,
1260 1560 1285 1579 et
1301 1553 1329 1578 in
1347 1551 1422 1578 onmi
1437 1551 1535 1577 virtute
1551 1556 1686 1583 ponamus.
1742 1548 1841 1573 Rerum
1856 1553 2024 1574 externarum
2038 1548 2182 1582 despicien-

30 1592 92 1626 vagi
106 1592 205 1618 milites
217 1591 246 1617 in
259 1596 366 1625 pacato,
385 1590 415 1616 in
433 1589 536 1617 hostico
552 1596 649 1617 errent.
685 1591 754 1617 Atia.
768 1591 841 1617 Idem
856 1594 880 1623 6,
894 1600 929 1624 31-
956 1599 979 1618 et
999 1597 1026 1624 8,
1040 1598 1076 1624 38.
1139 1591 1205 1617 tiam
1217 1595 1290 1616 vocat
1304 1586 1379 1614 Offic.
1397 1596 1422 1618 1,
1436 1588 1470 1613 66
1491 1595 1511 1611 c.
1528 1593 1566 1611 20.
1639 1583 1712 1610 Idem
1724 1582 1837 1609 Tuscul.
1856 1591 1885 1614 3,
1905 1587 1932 1615 58
1955 1592 1977 1608 c.
1993 1591 2028 1615 24
2052 1584 2089 1609 Hi
2109 1585 2183 1611 enim

30 1627 97 1653 Plin.
112 1628 203 1660 Paneg.
223 1635 244 1652 c.
257 1634 297 1658 29.
1084 1644 1121 1669 40
1138 1634 1229 1652 omnes
1243 1624 1289 1651 diu
1306 1623 1449 1657 cogitantes
1464 1620 1495 1647 de
1508 1620 1597 1647 Rebus
1611 1618 1733 1645 humanis
1744 1617 1939 1651 intelligebant,
1956 1626 1999 1643 eas
2013 1626 2183 1652 nequaquam

70 1668 91 1688 H
103 1667 124 1688 0
135 1669 148 1688 S
157 1669 178 1688 T
187 1669 196 1688 1
205 1668 221 1688 C
231 1660 275 1687 (31.
284 1668 305 1687 v
314 1668 326 1688 s
335 1680 342 1692 ‚
360 1669 385 1693 a,
405 1669 460 1687 um.
495 1659 555 1687 Adi.
592 1660 674 1691 Idem,
694 1660 759 1696 quod
772 1659 896 1695 Hosticus.
937 1663 992 1689 Vox
1011 1662 1077 1697 apud
1139 1670 1189 1696 pro
1209 1660 1337 1694 opinione
1350 1658 1425 1692 vulgi
1432 1658 1480 1683 effe
1494 1654 1707 1683 extimescendas.
1743 1654 1784 1680 Sic
1791 1653 1863 1686 Virg.
1872 1653 1936 1692 Aen.
1947 1661 2034 1689 10‚1;a
2052 1654 2184 1680 Humanis

31 1697 106 1723 1010:
125 1696 142 1723 l.
155 1705 199 1722 vn.
214 1696 240 1724 ff.
261 1695 293 1722 de
307 1696 369 1722 bon.
382 1697 444 1730 poss.
458 1705 489 1722 ex
502 1696 558 1722 test.
573 1696 630 1723 mil.
651 1697 706 1730 Qu
719 1696 747 1722 in
760 1697 890 1724 hostieolo
904 1698 1022 1731 suprema
1035 1699 1076 1724 iu·
1139 1705 1206 1731 quae
1219 1696 1249 1722 tit
1263 1694 1358 1720 fiducia
1375 1693 1464 1719 Rebus
1476 1691 1591 1722 Edocet,
1610 1693 1629 1716 ί.
1642 1697 1713 1724 quam
1730 1694 1818 1722 parum
1832 1687 2052 1721 iisfldcndumstt.
2093 1689 2185 1715 Totam

0 1757 2 1765 k
32 1731 101 1757 dicia
115 1732 157 1758 sua
172 1741 282 1766 quoquo
296 1731 376 1758 modo
393 1732 559 1759 ordinass'ent.
612 1733 644 1758 Et
657 1742 729 1764 mox,
750 1733 775 1758 Si
790 1734 818 1759 in
837 1732 966 1759 hosticolo
985 1733 1076 1766 depre-
1138 1731 1241 1757 uiuendi
1254 1729 1417 1755 conditionem
1430 1733 1502 1753 notat
1514 1730 1541 1752 in
1555 1726 1597 1751 illo
1611 1725 1678 1750 Pers.
1693 1732 1714 1755 3,
1726 1731 1762 1756 71.
1819 1723 1906 1754 Qiem
1919 1727 1946 1748 te
1959 1722 2028 1748 Deus
2042 1724 2089 1751 ess'e
2102 1724 2184 1757 Iuffit,

29 1766 187 1794 hendantur.
243 1767 291 1794 Sed
309 1776 357 1793 non
374 1767 545 1802 improbabilis
562 1765 596 1799 tsz‘
615 1766 757 1794 comestura
776 1771 888 1794 virorum
902 1766 1029 1793 doflorum
1047 1768 1076 1793 in
1138 1772 1165 1792 et
1179 1765 1294 1791 humana
1309 1772 1361 1798 qua
1369 1768 1441 1796 parte
1454 1762 1553 1787 locatus
1567 1768 1593 1785 es
1613 1759 1640 1784 in
1654 1759 1702 1790 Re,
1723 1757 1800 1783 disce.
1853 1758 1893 1784 Sic
1907 1758 1936 1783 In
1951 1758 2037 1784 Rebus
2050 1758 2184 1792 humanis,

29 1799 132 1827 hostico
147 1802 182 1828 lo.
211 1802 257 1828 hoc
268 1800 302 1835 ‹st
314 1802 385 1828 loco.
1080 1809 1115 1836 45
1138 1803 1157 1826 ι’.
1178 1803 1205 1825 in
1221 1808 1302 1825 rerum
1323 1804 1423 1823 natzara.
1459 1795 1588 1830 leianus
1606 1794 1635 1820 in
1654 1793 1670 1819 l.
1689 1793 1716 1820 Si
1728 1792 1787 1827 quis
1808 1801 1867 1818 cum
1893 1790 1915 1829 §.
1937 1793 1976 1819 De
1991 1794 2124 1820 fruffibus
2148 1796 2181 1821 D.

68 1842 90 1862 Η
103 1842 122 1862 0
134 1844 177 1863 s'r
188 1843 197 1861 1
209 1843 226 1862 c
236 1834 255 1862 Ᾰ
264 1843 309 1862 ΡΛ
318 1843 336 1862 x
345 1856 353 1868 ,
370 1835 433 1862 acis.
469 1835 529 1861 Adi.
567 1835 670 1866 Festus,
691 1834 817 1861 Hostium
832 1841 931 1869 captor.
1140 1835 1173 1860 de
1186 1839 1286 1868 except.
1299 1833 1354 1859 iud.
1375 1833 1415 1858 De
1429 1831 1509 1858 fruft.
1529 1830 1624 1856 Eadem
1638 1829 1756 1864 quaestio
1768 1828 1814 1860 est,
1837 1834 1863 1854 et
1876 1828 1908 1854 de
1923 1834 2012 1862 partu.-
2032 1829 2095 1855 haec
2110 1832 2184 1857 enim

67 1877 90 1897 H
101 1874 196 1898 ORTi
207 1877 223 1896 F
235 1877 252 1897 Ε
263 1877 297 1900 R,
319 1874 378 1902 era,
399 1872 483 1896 erum.
520 1868 581 1895 Adi.
619 1867 735 1901 Hostius.
772 1870 868 1896 Manil.
881 1879 901 1902 1,
915 1879 965 1903 419
985 1869 1076 1897 Hosti.
1138 1869 1258 1896 nondum
1272 1874 1347 1894 erant
1366 1868 1394 1894 in
1407 1867 1496 1894 Rebus
1513 1865 1643 1892 humanis.
1727 1864 1809 1889 Sortis
1828 1862 1956 1889 humanae
1974 1873 2079 1890 memor
2098 1863 2183 1891 Ouid.

20 1905 117 1933 *ferum
132 1905 245 1932 necdum
258 1905 306 1931 fibi
320 1913 479 1939 quemquam
491 1905 601 1931 numina
613 1910 721 1931 norunt.
1138 1905 1225 1932 Trist.
1240 1914 1262 1937 3,
1275 1913 1305 1933 11,
1320 1906 1364 1938 67.
1432 1903 1488 1928 Cic.
1503 1902 1577 1927 Orat.
1592 1909 1640 1932 209
1659 1909 1681 1925 c.
1692 1901 1724 1925 62
1743 1898 1772 1924 de
1790 1901 1900 1924 oratione
1913 1902 2020 1925 numeris
2039 1907 2063 1925 et
2069 1900 2185 1935 periodis

38 1955 52 1964 ==
68 1947 89 1968 Η
102 1948 121 1968 0
131 1948 143 1968 s
155 1948 177 1968 T
189 1949 198 1968 1
208 1948 224 1967 Γ
234 1943 243 1966 ἰ’
253 1947 270 1967 C
284 1947 304 1966 v
318 1947 332 1968 s
345 1961 353 1972 ,
373 1950 396 1971 a,
416 1950 470 1966 um.
505 1939 565 1967 Adi.
602 1941 696 1966 Accius
712 1940 779 1975 apud
793 1940 866 1968 Non.
880 1945 905 1973 8,
919 1947 952 1973 ις.
1140 1940 1267 1975 conclusa,
1285 1938 1407 1964 Detrahit
1420 1937 1532 1963 aetionis
1546 1936 1678 1967 dolorem,
1698 1933 1785 1960 aufert
1799 1933 1942 1959 humanum
1957 1934 2063 1961 Sensum
2076 1935 2184 1968 afloris,

32 1988 44 1998 ἐ
70 1984 91 2004 Η
101 1984 140 2004 os
149 1984 170 2003 Τ
179 1985 188 2003 1
200 1983 218 2002 F
230 1975 266 2002 ic
276 1982 292 2002 Ε
301 1995 308 2002 .
345 1976 412 2002 Adu.
447 1975 520 2002 Idem
534 1975 600 2011 apud
611 1977 684 2002 Non.
698 1983 720 2007 3,
733 1984 786 2007 303.
1081 1987 1115 2013 50
1139 1975 1212 2002 tollit
1231 1974 1351 2000 funditus
1365 1973 1503 1999 veritatem
1517 1977 1542 1998 et
1555 1971 1651 2002 fidem,
1679 1973 1696 1996 i.
1715 1968 1834 2004 impedit,
1853 1978 1898 2004 quo
1911 1972 1992 1995 msam
2005 1968 2141 2004 afficiatur,
2155 1978 2186 1998 ut

69 2019 90 2038 H
99 2019 118 2039 0
128 2020 140 2039 s
151 2018 172 2037 T
182 2019 190 2037 1
200 2020 220 2038 *r
230 2019 249 2038 o
258 2018 276 2037 n
287 2030 295 2043 ‚
320 2017 341 2036 H
353 2017 373 2037 o
384 2018 396 2038 s
405 2018 427 2037 'r
436 2018 445 2037 1
455 2018 475 2037 v
484 2017 510 2037 M
520 2030 528 2042 ‚
563 2011 617 2036 vid.
638 2017 657 2037 o
668 2017 680 2037 s
690 2016 711 2036 T
723 2017 732 2035 1
744 2017 764 2035 v
773 2017 808 2036 Μ.
1133 2011 1217 2047 solent
1236 2010 1354 2036 homines.
1411 2007 1457 2034 Sed
1475 2008 1546 2033 Fam.
1567 2015 1612 2038 ιο,
1632 2014 1664 2038 24
1695 2003 1895 2031 Moderatiffimi
1915 2010 1993 2038 atque
2008 2005 2186 2034 humaniffimi

28 2047 38 2073 .'
68 2054 88 2074 Η
98 2055 118 2075 o
127 2055 139 2074 S
152 2055 171 2074 Τ
182 2053 202 2074 0
214 2054 233 2073 R
242 2055 251 2073 1
261 2053 281 2073 V
290 2053 331 2079 M,
363 2046 410 2073 vid
427 2045 475 2082 sub
497 2052 518 2071 H
529 2053 547 2072 O
557 2054 569 2072 s
578 2052 599 2071 T
609 2052 619 2071 1
628 2051 647 2072 O
656 2065 664 2077 ,
683 2048 732 2072 ire.
1140 2046 1231 2073 Sensus
1248 2044 1300 2070 fuit
1308 2064 1316 2076 ,
1334 2043 1369 2070 ad
1379 2042 1571 2078 misericordiam
1584 2048 1607 2067 et
1620 2043 1775 2075 aequitatem.
1831 2040 1887 2066 Cic.
1903 2048 1951 2074 pro
1967 2041 2042 2067 Rose.
2053 2038 2142 2069 Amer.
2154 2045 2184 2075 63

23 2083 53 2115 ,ἦγ’
69 2089 117 2110 ΗΟ
126 2091 138 2110 s
147 2090 168 2110 Τ
177 2090 198 2108 v
207 2090 220 2110 S
229 2102 236 2115 ,
259 2083 278 2108 i.
313 2090 349 2108 m.
387 2081 507 2117 Mensura
521 2081 638 2117 quaedam
652 2083 680 2108 in
693 2090 719 2107 re
731 2081 832 2111 olearia,
850 2080 880 2107 ab
894 2081 998 2113 Hostio,
1013 2080 1078 2116 quod
1141 2083 1295 2108 Portentum
1309 2085 1387 2113 atque
1400 2078 1546 2104 monstrum
1560 2075 1726 2102 certissimum
1741 2075 1792 2105 cst,
1806 2075 1855 2101 esse
1867 2075 1984 2110 aliquem
1997 2076 2110 2104 humana
2124 2078 2186 2113 Spe·

30 2137 31 2140 η
77 2119 189 2154 aequales
201 2116 417 2153 menfierasfieret.
453 2118 538 2144 Varro
552 2117 583 2144 R.
592 2117 624 2143 R.
637 2125 657 2149 1,
668 2125 713 2150 24,
727 2125 742 2142 2
762 2116 876 2142 Hostum
889 2123 992 2146 vocant,
1005 2115 1077 2149 quod
1141 2117 1181 2143 cie
1196 2122 1222 2141 et
1238 2114 1330 2147 figura,
1347 2114 1393 2147 qui
1407 2118 1509 2139 tantum
1528 2112 1692 2138 immanitate
1705 2110 1798 2137 bestias
1812 2110 1924 2143 vicerit,
1943 2118 1988 2137 etc.
2044 2113 2187 2147 Voluptate

79 2163 134 2181 vno
147 2153 219 2180 faeto
232 2154 286 2180 olei
299 2153 427 2180 reficitur.
463 2152 572 2179 Fae'tum
585 2152 693 2184 dicunt,
713 2151 785 2186 quod
798 2160 852 2177 vno
865 2157 983 2185 tempore
997 2150 1111 2190 confi-33
1141 2150 1320 2176 hnmanissima
1335 2148 1482 2181 completur
1501 2147 1614 2181 animus,
1638 2150 1656 2172 i.
1670 2146 1765 2172 homine
1777 2145 1918 2182 dignzffima
1930 2147 1986 2173 Cic.
1994 2146 2098 2181 Acad.4
2115 2157 2187 2181 c.41.

97 2196 106 2216 t
120 2201 125 2216 ε
151 2198 231 2224 quem
245 2189 292 2215 alii
306 2189 376 2216 CLX
394 2189 470 2215 aiunt
481 2189 528 2214 effe
542 2187 711 2218 modiorum,
728 2187 778 2213 alii
791 2186 828 2212 ita
841 2186 927 2212 minus
940 2193 1076 2218 magnum,
1140 2185 1237 2211 Vultus
1254 2183 1364 2210 humani
1383 2184 1476 2210 Horat.
1493 2183 1524 2208 de
1537 2183 1600 2209 Arte
1614 2183 1685 2208 Post.
1701 2189 1756 2208 102.
1930 2179 1951 2218 ff
1971 2191 1983 2214 3
2018 2183 2077 2208 Cum
2094 2183 2128 2209 ad
2139 2193 2189 2210 mo*

20 2247 21 2254 ,
97 2225 112 2252 d
132 2226 200 2252 CXX
220 2224 368 2251 descendat.
439 2224 506 2250 Cato
527 2223 559 2249 de
571 2224 602 2249 R.
615 2223 646 2248 R.
667 2231 689 2247 c.
705 2222 723 2247 6
752 2221 796 2247 Sin
816 2222 844 2246 in
861 2221 922 2247 loco
938 2222 1018 2246 crafl'o
1033 2225 1078 2246 aut
1140 2230 1181 2247 res·
1197 2220 1324 2256 refertur,
1339 2218 1471 2255 fignificat
1488 2227 1553 2251 eum,
1573 2221 1617 2254 qui
1633 2220 1765 2244 communis
1786 2223 1889 2243 naturae
1906 2226 2011 2249 memor,
2031 2220 2068 2243 ita
2088 2218 2188 2246 trasiae

32 2267 35 2279 ²
53 2290 55 2293 ¹
73 2261 107 2287 do
121 2260 228 2293 seueris,
238 2260 332 2286 «hostus
345 2267 460 2293 nequam
476 2265 540 2290 erat,
554 2264 580 2284 et
594 2257 710 2283 ferundo
722 2257 804 2282 arbor
815 2255 922 2290 peribit.
1025 2253 1045 2293 Ἲ
1066 2264 1079 2281 2
1141 2258 1219 2287 alios,
1238 2261 1267 2282 vt
1283 2255 1334 2290 ipſs
1349 2258 1379 2281 ab
1391 2255 1431 2280 his
1444 2253 1555 2280 ιναέῗανι·
1569 2260 1650 2289 optet,
1670 2251 1822 2283 commodus,
1838 2255 1917 2282 mitis,
1936 2261 2043 2287 aequus,
2063 2253 2187 2286 affabilis,

61 2296 129 2323 ostus
148 2297 310 2326 Praenomen
323 2295 376 2320 fuit
388 2295 417 2320 in
430 2302 472 2324 eo,
485 2293 533 2327 qui
548 2293 686 2327 peregrine
700 2292 768 2326 apud
782 2291 912 2326 hospitem
925 2296 999 2317 natus
1014 2297 1080 2324 erat,
1140 2291 1246 2318 blandus
1266 2292 1340 2321 adeo,
1359 2290 1503 2325 indulgens,
1523 2288 1744 2324 misericorssetc.
1774 2288 1835 2321 plur
1857 2286 1916 2313 adeo
1938 2296 2011 2322 quam
2035 2288 2127 2322 iustus,
2147 2293 2190 2317 cui

32 2329 113 2366 'idque
133 2331 227 2357 habuit
240 2329 378 2356 Lucretius
390 2328 589 2363 Tricipitinus,
603 2327 704 2362 collega
720 2328 749 2354 L.
759 2327 853 2362 Sergii.
890 2328 960 2353 Haec
966 2326 1035 2362 Epir.
1047 2326 1080 2352 de
1087 2331 1122 2356 60
1136 2326 1218 2363 potest
1231 2330 1304 2353 etiam
1313 2327 1402 2362 fiaes-a
1415 2326 1533 2360 quaedam
1547 2325 1654 2350 durities
1667 2319 1789 2348 adiunHa
1802 2321 1853 2356 eſje.
1908 2322 1976 2349 Ter.
1991 2324 2071 2351 Andr.
2093 2334 2113 2357 1,
2134 2333 2156 2359 ς,
2176 2334 2189 2352 ι

34 2368 105 2394 imm.
117 2366 222 2394 ratione
233 2365 281 2402 sub
294 2365 382 2392 Valer.
396 2364 468 2391 Max.
487 2373 512 2400 p.
527 2369 577 2399 879
601 2365 709 2391 Torren.
1142 2363 1264 2389 Hoccme
1278 2362 1314 2388 est
1327 2361 1471 2387 humanum
1485 2360 1584 2386 factum
1598 2364 1642 2385 aut
1656 2359 1806 2392 inceptum!
1835 2357 1944 2384 hoccine
1959 2357 2077 2386 officium
2091 2361 2189 2395 patries

141 2403 145 2406 '
1143 2400 1175 2425 Et
1191 2407 1210 2429 1,
1225 2406 1245 2430 1,
1260 2400 1292 2428 86
1316 2398 1387 2423 Haec
1402 2405 1451 2430 ego
1472 2395 1596 2430 putabam
1615 2394 1706 2420 omnia
1719 2395 1768 2420 ess'e
1787 2392 1897 2420 humani
1910 2393 2028 2428 ingenii,
2049 2396 2190 2423 mansueti-

290 2438 324 2470 H
372 2437 401 2467 V
450 2437 473 2468 Β
544 2445 579 2468 et
652 2436 685 2467 H
733 2435 764 2466 V
812 2436 828 2466 1
1143 2442 1196 2469 que
1209 2433 1292 2459 animi
1303 2431 1400 2458 officia.
1494 2431 1586 2457 Homo
1600 2429 1745 2456 facillimus
1764 2434 1842 2463 atque
1857 2428 2052 2456 humanissimus
2065 2432 2112 2458 Cic
2133 2433 2188 2459 Att.

1145 2471 1184 2501 16,
1200 2475 1234 2498 18.
1304 2468 1378 2494 Idem
1394 2466 1426 2493 de
1439 2465 1513 2493 Orat.
1530 2475 1550 2498 1,
1568 2474 1594 2500 33
1623 2466 1697 2499 Qiae
1710 2465 1750 2491 vis
1770 2464 1818 2490 alia
1833 2464 1921 2498 potuit
1938 2471 1983 2490 aut
2000 2466 2127 2499 dispersos
2141 2467 2188 2493 ho-

14 2524 16 2530 =
69 2517 90 2536 H
101 2517 120 2535 v
131 2515 147 2535 Β
159 2516 175 2535 Ε
185 2516 203 2534 R
215 2524 224 2537 ‚
261 2513 282 2532 H
295 2512 316 2532 v
327 2513 343 2533 Β
352 2513 369 2533 E
378 2512 425 2534 Ro
437 2525 446 2538 ,
483 2511 505 2532 H
515 2512 586 2533 VBE
595 2511 644 2532 ΚΤ
653 2511 715 2539 AS,
750 2504 804 2532 vid.
831 2511 852 2532 v
861 2512 944 2538 BER,
967 2511 1013 2532 etc.
1093 2511 1124 2542 65
1143 2505 1228 2531 mines
1241 2513 1324 2530 vnum
1342 2504 1369 2530 in
1384 2503 1472 2529 locum
1485 2509 1660 2535 congregare,
1679 2506 1724 2526 aut
1738 2508 1752 2526 a
1767 2500 1823 2526 fera
1843 2499 1990 2534 agrestique
2002 2501 2055 2527 vita
2070 2501 2102 2527 ad
2116 2501 2187 2528 hune

25 2548 35 2594 Ι
69 2553 90 2572 H
100 2551 119 2569 v
131 2552 147 2571 c
157 2564 164 2576 ‚
200 2541 253 2569 vid.
280 2549 301 2568 H
312 2549 319 2567 1
330 2548 362 2569 c.
1143 2540 1291 2568 humanum
1305 2539 1404 2565 cultum
1418 2538 1582 2571 ciuilemque
1596 2536 1739 2566 deducere,
1755 2541 1801 2561 etc.
1870 2536 2018 2562 Humanius
2037 2536 2106 2563 nihil
2128 2537 2189 2565 fieri

72 2586 94 2606 n
106 2588 125 2606 v
136 2586 182 2606 nv
192 2585 232 2609 M,
268 2577 322 2604 vid.
346 2582 493 2608 svnvm,
522 2582 546 2602 et
570 2583 648 2603 νυν
658 2584 680 2604 s.
1143 2575 1228 2610 potest
1245 2575 1300 2601 Cic.
1315 2576 1385 2601 Fam.
1401 2576 1437 2604 16,
1452 2582 1470 2598 1.
1627 2569 1647 2607 ἦ
1669 2580 1687 2603 4
1723 2570 1877 2602 Humanus,
1897 2570 2029 2602 Eruditus,
2049 2579 2071 2598 et
2083 2583 2131 2599 non
2144 2583 2188 2600 ru-

38 2626 40 2628 ·
73 2621 93 2641 H
105 2622 143 2640 Vi
153 2634 159 2640 .
195 2611 313 2647 [βαέαἱ]
347 2611 501 2638 Interieffio
518 2611 679 2639 admirantis.
714 2613 783 2640 Ter.
797 2611 908 2646 Adelph.
922 2620 945 2643 3,
959 2619 981 2643 3,
995 2616 1008 2639 8
1029 2609 1081 2636 Sal·
1143 2611 1183 2636 dis
1195 2612 1334 2636 literarum.
1387 2610 1479 2635 Homo
1495 2605 1705 2635 humaniss'unus,
1731 2605 1830 2631 Aculeo
1847 2606 1902 2632 Cic.
1916 2606 1948 2632 de
1961 2607 2035 2633 Orat.
2051 2616 2069 2639 1,
2083 2617 2105 2640 3.
2145 2608 2186 2635 Id.

35 2660 83 2678 vos
98 2650 142 2680 fit,
163 2650 238 2683 spero
259 2648 296 2674 est
314 2647 406 2674 limilis
421 2648 553 2673 maiorum
568 2647 652 2673 susim.
689 2655 711 2674 S.
741 2648 798 2675 hui,
870 2648 926 2673 Cic.
942 2647 995 2671 Att.
1009 2653 1036 2677 ς,
1056 2654 1079 2670 11
1143 2647 1222 2670 Verr.
1237 2653 1255 2677 4
1273 2653 1295 2670 c.
1311 2654 1349 2678 44
1368 2645 1438 2670 Haec
1451 2642 1540 2676 Scipio
1557 2651 1611 2668 non
1629 2640 1811 2675 intelligebat,
1829 2640 1911 2667 homo
1928 2642 2087 2669 doffiffmus
2108 2649 2188 2678 atque

34 2685 110 2717 Hui,
129 2686 242 2711 totiesne
254 2693 297 2710 me
316 2683 406 2709 literas
419 2682 515 2709 dedisse
528 2683 638 2709 Romam
647 2702 655 2713 ,
674 2691 757 2716 quum
778 2682 810 2708 ad
824 2687 850 2708 te
868 2681 954 2707 nullas
968 2681 1057 2705 darem
1071 2680 1122 2718 370
1142 2679 1348 2707 humanissimus.
1402 2681 1487 2705 Varro
1501 2677 1568 2713 apud
1581 2678 1654 2704 Non.
1668 2686 1687 2709 1,
1701 2678 1753 2703 260
1772 2676 1911 2703 Praxiteles
1925 2684 2032 2712 propter
2043 2679 2188 2707 artificium

36 2722 109 2748 Idem
122 2721 194 2747 Fam.
210 2725 234 2751 8,
248 2727 272 2751 13
292 2719 349 2744 Hui
362 2727 467 2750 vereor,
486 2726 527 2748 ne,
548 2725 594 2743 etc.
665 2718 730 2748 Hui,
745 2718 823 2749 Hem,
837 2722 862 2743 et
876 2723 976 2742 caetera
990 2715 1080 2741 huius·
1143 2716 1277 2750 egregium
1287 2735 1295 2747 ,
1313 2714 1416 2741 nemini
1433 2714 1468 2740 est
1481 2713 1569 2748 paullo
1586 2712 1739 2738 humaniori
1760 2712 1876 2745 ignotus.
1919 2713 2020 2740 Laudat
2031 2717 2104 2741 ctiam
2118 2716 2188 2742 Geli.

36 2756 110 2783 modi
120 2776 127 2788 ,
147 2756 245 2782 Sannae
261 2755 319 2781 sunt
332 2753 456 2780 aduersus
470 2761 524 2785 eos,
545 2752 642 2788 quibus
657 2753 804 2785 irascimur,
825 2756 959 2787 interprete
972 2752 1079 2777 Donato
1145 2760 1181 2784 13,
1196 2753 1224 2777 16
1250 2758 1274 2777 et
1287 2750 1376 2783 addit,
1395 2748 1575 2780 Humaniori,
1595 2749 1700 2782 inquit,
1720 2756 1774 2774 non
1787 2748 1840 2779 ita,
1861 2753 1890 2774 vt
1906 2749 1988 2784 vulgo
2002 2749 2101 2776 dicitur
2113 2751 2190 2778 facili

36 2792 69 2818 ad
82 2792 332 2824 'ser.E11n.4,7,3;
357 2789 449 2822 Scibis,
470 2789 603 2823 principio
619 2797 677 2815 eam
690 2789 748 2821 effe,
768 2789 829 2814 dico
844 2787 964 2814 liberam.
1000 2793 1079 2813 THR.
1144 2793 1170 2813 et
1184 2786 1331 2817 tra&abili‚
1349 2793 1375 2812 et
1387 2785 1536 2817 beneuolo,
1555 2784 1655 2810 tametsi
1671 2783 1744 2810 rudis
1764 2783 1902 2810 literarum
1921 2783 1952 2810 fit
1985 2781 2036 2804 —J
2066 2785 2110 2812 sed
2128 2795 2189 2813 eru-

35 2828 97 2855 hem
112 2826 117 2853 !
145 2834 201 2854 CH.
223 2827 311 2852 ciuem
324 2825 448 2851 Atticam.
485 2831 535 2850 TH
546 2831 574 2850 R.
599 2823 654 2850 hui.
722 2824 896 2851 Plaut.Truc.
912 2831 932 2855 1,
948 2827 989 2855 1,8
1012 2822 1079 2853 Hui,
1145 2822 1240 2849 ditiori
1253 2822 1433 2856 dositioriquc.
1486 2822 1543 2847 Huc
1557 2822 1639 2851 etiam,
1656 2826 1721 2850 certe
1732 2818 1872 2855 adsciendz'
1884 2819 2054 2854 cupiditatem,
2067 2821 2092 2856 s
2109 2825 2191 2848 curio..

35 2869 65 2892 vt
78 2863 122 2890 hic
142 2861 248 2896 agrestis
263 2861 299 2887 est
318 2860 483 2892 adolescens,
503 2860 550 2894 qui
566 2859 609 2886 hie
624 2859 720 2886 habet?
1093 2864 1125 2893 73
1136 2857 1238 2892 sitatem
1257 2858 1339 2893 refero
1357 2857 1419 2883 illud
1438 2856 1493 2883 Cic.
1509 2857 1588 2883 Verr.
1601 2863 1629 2889 ς,
1649 2862 1678 2889 71
1700 2864 1722 2880 c.
1737 2860 1768 2884 28
1799 2855 1951 2886 Syracusani
1968 2855 2090 2883 homines
2109 2857 2190 2891 periti

36 2901 40 2909 ·
72 2905 123 2926 nv
135 2907 142 2925 1
153 2904 170 2924 c
181 2918 189 2929 ‚
228 2903 247 2922 H
261 2903 279 2920 v
291 2904 300 2922 1
310 2904 330 2922 v
341 2904 353 2923 s
364 2916 373 2928 ‚
409 2902 429 2921 H
440 2902 460 2921 V
471 2903 478 2921 1
489 2903 508 2922 v
518 2902 530 2922 s
540 2902 556 2922 c
566 2902 581 2921 E
591 2915 599 2928 ,
633 2895 686 2922 vid.
713 2901 789 2922 1-11c.
1147 2899 1173 2920 et
1186 2893 1312 2923 humani,
1332 2893 1380 2928 qui
1394 2902 1448 2919 non
1462 2891 1543 2918 modo
1558 2899 1604 2923 ea,
1626 2899 1693 2925 quae
1707 2890 1844 2925 perspicua
1856 2891 1948 2921 errent,
1968 2890 2075 2924 videre,
2095 2901 2189 2919 verum

26 2933 29 2938 '
45 2935 49 2946 ·“
73 2941 95 2960 H
106 2940 127 2959 v
140 2941 177 2960 iv
187 2941 199 2959 s
210 2940 233 2959 Μ
243 2931 289 2959 (31)
299 2940 323 2959 1.
360 2931 489 2965 [τοιέτος]
531 2932 625 2957 Nomen
641 2930 794 2966 compofitum
813 2939 842 2956 ex
860 2929 951 2956 duobus
969 2929 1082 2964 obliquis,
1145 2929 1227 2955 etiam
1240 2929 1341 2955 occulta
1355 2928 1479 2962 suspicari
1493 2927 1605 2961 poffent,
1623 2934 1667 2952 ete.
1852 2924 1872 2962 q
1892 2934 1905 2959 ς
1941 2927 2094 2958 Humanus,
2111 2927 2189 2961 Subst.

31 2965 125 2997 -Fuius
140 2976 163 2996 et
177 2968 269 3000 Modi,
291 2977 354 2993 omn.
366 2976 421 3003 gen.
441 2964 510 3002 quasi
521 2967 604 2993 Simile
622 2973 645 2992 et
662 2975 687 2993 eo
704 2965 841 3001 modofieri
859 2966 900 2992 vel
923 2964 965 2998 effe
984 2963 1083 3000 aliquid
1139 2971 1189 3000 pro
1205 2966 1318 2990 Homine.
1355 2964 1455 2990 Polsum
1475 2963 1548 2993 falli,
1565 2968 1594 2988 vt
1614 2961 1744 2988 humanus
1762 2961 1815 2987 Cic.
1831 2961 1908 2988 Attic.
1928 2970 1967 2994 13,
1987 2971 2031 2995 ιο,
2057 2963 2101 2989 vbi
2118 2963 2189 3000 conf.

32 3000 48 3016 ¹¹
61 3009 156 3032 bamus.
206 3005 278 3030 Haec
298 3008 323 3029 et
342 3002 495 3029 huiusmodi
514 3011 581 3036 quae
595 3002 654 3028 sunt
672 3002 791 3028 scribon.
805 3010 860 3035 ¹04·
916 3000 1079 3027 Huiusmodi
1146 3002 1235 3027 Graeu.
1250 3006 1279 3034 p.
1293 3006 1348 3034 438.
1403 3000 1434 3025 Et
1447 3000 1521 3033 saepe
1534 3006 1618 3032 vsque
1630 2997 1697 3024 adeo
1708 2998 1803 3023 mortis
1815 2996 1959 3023 formidine
1972 2998 2043 3024 vitae
2076 2999 2192 3035 Percipit

54 3043 110 3068 asus
130 3048 177 3073 173.
222 3038 385 3065 Huiusmodi
406 3042 442 3067 118
467 3037 505 3073 sc.
520 3038 627 3064 vitium.
683 3038 749 3064 Ter.
765 3038 894 3070 Heaut.2,
906 3045 929 3069 3,
940 3041 970 3069 98
992 3036 1080 3067 Mane,
1093 3044 1125 3069 80
1145 3035 1274 3062 humanos
1288 3035 1382 3061 odium
1400 3035 1504 3061 Lucrct.
1519 3043 1540 3067 3,
1553 3041 1597 3067 79.
1669 3033 1773 3059 Natura
1791 3031 1913 3058 humanis
1932 3033 2022 3059 onmia
2039 3033 2097 3059 sunt
2117 3035 2190 3068 paria

59 3077 126 3103 abeo
143 3074 230 3107 aliud,
251 3074 269 3101 fi
289 3074 353 3100 istuc
371 3073 482 3105 metuis,
501 3072 572 3107 quod
588 3071 667 3099 ambo
681 3072 875 3102 confiteamini,
892 3072 945 3098 sme
959 3071 1079 3106 periculo
1144 3073 1231 3098 Varro
1245 3071 1311 3106 apud
1325 3071 1397 3105 Non.
1416 3079 1449 3103 z,
1468 3076 1508 3103 98.
1551 3068 1625 3104 Conf.
1647 3067 1781 3094 Drakenb.
1802 3068 1834 3093 ad
1854 3068 1898 3095 Sil.
1911 3077 1932 3099 7,
1953 3075 1974 3100 5.
2019 3069 2139 3095 Gronou.
2155 3069 2190 3096 ad

40 3113 98 3139 ess'e.
134 3117 231 3137 CL1T.
258 3109 412 3136 huiusmodi
426 3109 535 3134 obsecro
555 3109 658 3143 aliquid
676 3109 789 3144 repperi.
860 3107 929 3134 Ibid.
944 3109 1008 3134 Eun.
1022 3116 1044 3140 ς,
1058 3115 1080 3137 2,
1144 3107 1204 3133 Liu.
1218 3112 1246 3139 8,
1265 3116 1290 3139 9.
1444 3102 1465 3143 fl
1485 3108 1501 3132 6
1533 3105 1702 3134 Humanum,
1715 3102 1885 3140 sacrificium,
1899 3109 1949 3138 pro
1969 3110 2064 3130 mortuo
2072 3102 2188 3140 fastum.

0 3173 1 3177 ,
41 3157 76 3181 34
99 3146 178 3178 Saepe
196 3154 228 3171 ex
240 3145 394 3172 huiusmodi
407 3153 436 3171 rc
449 3145 581 3178 quapiam,
596 3151 642 3171 etc.
714 3145 769 3171 Cic.
783 3145 854 3170 Fam.
869 3152 909 3176 14,
923 3152 939 3170 2
958 3144 1016 3170 Nec
1031 3143 1081 3168 mi-
1144 3142 1239 3169 Festus.

43 3191 107 3213 ror,
125 3180 167 3205 sed
180 3188 287 3206 moereo
300 3182 386 3207 casum
402 3180 565 3207 huiusmodi.
619 3181 723 3216 Legitur
734 3187 758 3206 et
769 3179 915 3206 Eiusmodi.
985 3179 1014 3204 Id
1033 3178 1081 3204 hu-
1181 3184 1325 3208 HVMAN
1336 3184 1345 3203 1
1355 3183 1428 3203 TAs
1438 3196 1446 3207 ,
1466 3176 1524 3202 atis.
1560 3175 1580 3202 f.
1617 3173 1807 3208 [dvaewndrm]
1845 3173 1949 3207 Proprie
1967 3173 2098 3200 humanam
2116 3181 2190 3202 natu-

43 3214 163 3244 iusmodi
177 3220 230 3239 crat
246 3215 313 3248 Nep.
327 3225 365 3248 10,
378 3224 404 3251 7,
416 3225 442 3242 2.
513 3217 562 3242 Pro
575 3215 753 3246 Huiusmodi,
771 3215 866 3242 Cicero
886 3214 1017 3248 aliquando
1031 3214 1082 3240 Ge·
1105 3219 1134 3248 85
1144 3224 1198 3241 ram
1206 3212 1344 3250 fignificat.
1382 3212 1512 3238 Homines
1533 3210 1642 3245 quidem
1660 3214 1769 3244 pereunt
1783 3219 1788 3234 :
1813 3208 1868 3242 ipsa
1884 3207 2043 3241 humanitas,
2064 3209 2096 3235 ad
2108 3219 2189 3245 quam

1 3267 6 3285 ς
44 3251 116 3278 neris
128 3248 260 3280 eiusdem,
279 3251 406 3285 aliquando
421 3251 451 3278 Id
465 3260 545 3286 genus
560 3251 641 3277 dixit:
668 3258 705 3281 vt,
720 3252 773 3278 Att.
789 3259 823 3284 13,
836 3259 860 3282 13
886 3250 938 3276 Scis
951 3259 994 3275 me
1008 3255 1084 3276 antea
1145 3250 1228 3277 homo
1243 3248 1392 3283 effingitur,
1411 3253 1546 3282 permanet
1565 3247 1652 3272 Senec.
1668 3244 1745 3279 Epist.
1761 3246 1802 3276 65.
1870 3244 1927 3270 Cic.
1948 3253 1996 3278 pro
2010 3245 2084 3271 Rosc.
2099 3246 2189 3273 Amer.

8 3316 9 3321 Ἰ
45 3285 195 3316 orationes,
214 3290 258 3309 aut
271 3284 371 3324 aliquid
382 3287 410 3313 id
423 3296 504 3322 genus
518 3287 626 3314 solitum
639 3286 762 3313 scribere.
831 3287 905 3312 Idem
917 3286 948 3311 de
957 3285 1014 3311 Pin.
1027 3295 1054 3319 4,
1063 3293 1082 3317 4
1148 3288 1178 3317 63
1200 3286 1295 3319 Magna
1308 3284 1343 3310 est
1358 3285 1430 3310 enim
1444 3284 1484 3309 vis
1499 3281 1668 3308 humanitatis
1681 3291 1686 3306 τ
1713 3279 1826 3306 multum
1839 3279 1909 3306 valet
1921 3280 2075 3307 communio
2089 3282 2191 3316 sangui-

47 3323 78 3348 Et
92 3326 189 3348 caetera
203 3327 305 3354 genens
319 3321 441 3349 eiusdem.
1146 3322 1201 3353 nis,
1220 3321 1313 3347 natur'a
1326 3320 1388 3353 ipsa.
1460 3318 1533 3344 Idem
1547 3325 1595 3351 pro
1608 3316 1691 3342 flacc.
1708 3324 1742 3348 24
1765 3316 1795 3341 Et
1809 3324 1857 3349 pro
1870 3315 1950 3347 Sulla,
1968 3316 2085 3342 Peterem
2100 3324 2189 3344 errato

85 3363 106 3383 H
115 3363 136 3382 V
147 3362 158 3382 1
168 3362 189 3381 V
199 3363 211 3382 S
220 3361 236 3381 C
245 3361 260 3381 E
271 3361 294 3380 M
304 3360 349 3380 OD
358 3363 382 3388 1,
416 3358 490 3385 Idem.
526 3359 563 3385 Ex
584 3356 769 3384 huiuscemodi
783 3357 916 3391 principio
933 3356 989 3382 Cic.
1003 3356 1081 3381 Verr.
1145 3357 1252 3383 veniam
1272 3357 1302 3382 L.
1315 3355 1400 3381 Caelii
1414 3363 1446 3381 ex
1459 3353 1561 3380 intimis
1577 3351 1668 3378 vestris
1686 3350 1907 3385 cogitationibus,
1925 3357 2004 3385 atque
2021 3360 2054 3377 ex
2066 3351 2191 3380 humani-

48 3402 61 3425 3
82 3401 104 3419 c.
117 3397 156 3420 82.
228 3391 335 3416 Fecerat
353 3390 403 3417 alia
419 3393 604 3421 huiuscemodi
620 3393 720 3420 Sallust.
734 3393 811 3420 Catil.
832 3402 854 3420 c.
872 3400 906 3425 15.
974 3391 1082 3418 Oratio·
1088 3403 1125 3429 90
1146 3398 1199 3419 tate
1212 3391 1359 3418 communi.
1429 3390 1486 3416 Cic.
1501 3388 1531 3414 de
1543 3389 1616 3414 Orat.
1626 3396 1644 3418 1,
1659 3394 1684 3419 53
1705 3396 1727 3412 c.
1741 3395 1769 3412 12
1790 3386 1847 3413 Nisi
1862 3387 1908 3420 qui
1921 3392 2025 3412 naturas
2037 3386 2190 3425 hominum,

0 3446 7 3463 s
46 3433 107 3455 nem
120 3425 305 3454 huiuscemodi
323 3422 496 3456 habuitslbi'd.
512 3439 534 3457 e.
548 3438 582 3456 20
594 3429 642 3466 fi‘b
656 3431 714 3455 init.
1146 3429 1257 3462 vimque
1271 3435 1379 3453 omnem
1393 3424 1580 3455 humanitatis,
1599 3423 1737 3456 causasque
1756 3431 1813 3454 eas,
1830 3420 1926 3455 quibus
1946 3428 2046 3448 mentes
2066 3430 2111 3450 aut
2123 3424 2189 3452 inci-

1145 3469 1243 3495 tantur,
1261 3469 1306 3489 aut
1318 3461 1502 3492 refle&untur‚
1521 3460 1625 3494 penitus
1640 3457 1814 3492 perspexerit,
1832 3456 1944 3483 dicendo
1958 3457 2030 3491 quod
2044 3460 2119 3486 volet
2131 3469 2190 3494 per.

301 3498 334 3530 H
382 3499 411 3528 V
458 3500 483 3531 L
552 3511 588 3534 et
644 3503 678 3533 H
725 3502 755 3533 V
802 3501 841 3534 M
1146 3500 1224 3525 ficere
1241 3508 1295 3525 non
1310 3497 1418 3532 poterit.
1455 3495 1524 3522 Adcl-
1543 3504 1568 3521 n.
1584 3497 1608 3520 6.
1821 3490 1840 3528 Ἴ
1860 3500 1876 3518 2
1913 3493 2039 3527 Latiffime
2052 3504 2108 3531 ergo
2116 3502 2190 3531 patet

500 3540 509 3548 ⁷
1146 3535 1190 3561 hoc
1204 3544 1306 3566 nomen,
1326 3540 1349 3559 ct
1361 3531 1559 3567 comprehendit,
1575 3528 1745 3563 interdumque
1761 3527 1819 3553 adeo
1839 3527 1874 3554 ad
1889 3527 2065 3564 defigvzandum
2073 3530 2098 3565 s
2108 3533 2191 3558 eciali-

84 3576 253 3601 HVLCVS‚
287 3566 342 3594 vid·
368 3573 414 3593 VI.
425 3573 515 3606 CVS.·
1091 3581 1123 3607 93
1146 3577 1185 3597 ter
1202 3570 1349 3599 adhibetur,
1369 3567 1492 3603 quidquid
1504 3567 1608 3598 homini,
1624 3571 1741 3600 quatenus
1760 3563 1828 3590 homo
1848 3560 1897 3595 est,
1911 3567 2046 3599 propritim
2061 3538 2111 3598 esf,
2130 3567 2192 3602 quid

82 3613 104 3633 H
114 3614 134 3633 v
143 3614 160 3633 L
169 3613 190 3632 v
200 3612 217 3632 t.
227 3612 250 3631 A
258 3624 266 3636 ,
287 3612 317 3630 ae
328 3623 337 3636 ,
373 3602 426 3628 vid.
452 3611 473 3630 v
482 3611 499 3630 L
507 3612 528 3631 v
537 3613 553 3633 1.
561 3614 594 3634 A.
1146 3620 1193 3625 -—-
1209 3605 1356 3632 attributum
1368 3601 1411 3636 cst‘,
1427 3601 1547 3638 quidquid
1558 3601 1626 3628 homo
1638 3600 1741 3630 homini,
1760 3604 1880 3633 quatenus
1892 3602 1992 3635 utrique
2004 3600 2112 3627 homines
2119 3604 2190 3638 Jimt,

81 3648 133 3668 HV
142 3648 159 3667 L
170 3648 190 3666 V
203 3648 218 3667 L
227 3648 248 3667 Α
257 3647 275 3666 R
285 3646 317 3672 E,
353 3637 407 3665 vid.
437 3643 457 3664 V
466 3645 578 3674 LVLO,
598 3650 633 3668 as.
1147 3640 1225 3673 debet,
1244 3639 1367 3676 quidquid
1380 3639 1498 3665 hominem
1511 3638 1604 3664 homini
1616 3635 1748 3666 conciliat,
1765 3633 1887 3669 quidquid
1891 3634 1979 3670 facit,
1994 3643 2023 3662 vt
2035 3638 2127 3672 aliquis
2140 3647 2190 3663 ma-

81 3683 104 3703 H
114 3678 135 3704 Χῖ
143 3684 167 3703 Μ
177 3678 198 3703 Ᾱ
209 3684 231 3703 Ν
241 3683 261 3702 V
271 3683 284 3702 S
293 3695 301 3708 ,
319 3683 343 3704 ἃ,
362 3682 417 3700 um·
455 3673 515 3700 Adi·
548 3676 713 3712 [02799u57t5105‚
727 3677 883 3713 ἀνθρώπινος,
896 3674 1084 3711 φιλάνθρωπος]
1146 3678 1188 3711 gis
1204 3676 1273 3702 homo
1280 3675 1327 3708 fit,
1340 3674 1368 3700 id
1381 3673 1414 3707 est
1427 3676 1507 3709 magis
1524 3672 1623 3698 excellat
1635 3673 1669 3695 iis
1680 3668 1761 3703 rebus,
1775 3678 1836 3704 quae
1848 3669 1968 3697 hominem
1982 3671 2013 3697 ab
2024 3673 2084 3698 aliis
2096 3675 2188 3697 anima-

0 3745 2 3749 ·
45 3714 261 3740 Derzominatiuum
274 3711 304 3737 ab
318 3711 424 3740 Homo,
443 3715 537 3735 mutata
553 3712 609 3737 licet
624 3716 777 3748 quantitate,
796 3723 849 3739 cum
865 3716 936 3748 prior
951 3715 977 3736 in
994 3712 1084 3736 Homo
1148 3711 1213 3736 libus
1234 3709 1401 3747 distinguunt.
1465 3711 1505 3735 Sic
1521 3708 1577 3733 Cic.
1598 3714 1646 3739 pro
1664 3704 1733 3731 Sext.
1758 3713 1779 3730 c.
1795 3713 1831 3737 42.
1868 3706 1932 3732 Vita
1947 3705 2111 3733 humanitate
2130 3715 2187 3739 pcr-

45 3748 126 3775 breuis
134 3747 185 3782 fit,
202 3750 288 3782 pr1‘ma
307 3748 335 3772 in
348 3746 487 3771 Humanus
501 3746 582 3779 longa.
636 3747 676 3780 fist
693 3756 776 3784 nempe
790 3749 943 3775 Humanum
955 3745 1137 3782 quidquid,100
1149 3746 1242 3780 polita,
1264 3748 1281 3772 i.
1294 3749 1371 3777 culta,
1387 3754 1432 3780 qao
1440 3744 1589 3780 separentur
1601 3750 1616 3766 a
1627 3738 1718 3772 bestiis.
1756 3741 1788 3766 Et
1800 3740 1833 3766 de
1846 3741 1921 3768 Orat.
1936 3750 1948 3774 3
1969 3751 2023 3775 e.15
2044 3743 2080 3767 Vt
2093 3750 2187 3774 puero>

45 3785 85 3810 ²1⁴⁷!
94 3791 170 3818 ΡΔΠ,
189 3785 230 3809 vel
240 3781 386 3808 attributum
395 3800 403 3812 ,
424 3781 464 3805 vel
476 3786 535 3814 opus
547 3780 652 3806 hominis
664 3781 704 3814 est,
719 3786 759 3811 vel
770 3784 804 3810 ad
815 3785 934 3810 hominem
947 3790 1085 3817 quocunque
1147 3790 1208 3808 rum
1223 3787 1322 3816 mentes
1336 3781 1369 3807 ad
1382 3780 1572 3806 humanitatem
1586 3782 1611 3802 et
1625 3775 1751 3802 virtutem
1763 3775 1932 3810 fingerentur.
2034 3777 2098 3802 Plin.
2114 3785 2149 3808 13,
2164 3785 2186 3802 11

5 3844 8 3850 ,
45 3819 113 3845 modo
126 3819 247 3854 refertur.
269 3818 337 3844 Ter.
347 3818 442 3842 Heaut.
458 3823 505 3845 1‚¹‚
515 3822 541 3853 25
561 3824 613 3840 cum
621 3817 772 3844 Menrdemus
786 3818 1083 3854 avicinosuoChremeee,
1150 3818 1240 3849 Quum
1260 3815 1364 3843 chartae
1386 3816 1433 3842 vsu
1460 3813 1574 3840 maxime
1597 3812 1745 3838 humanitas
1769 3812 1840 3838 vitae
1861 3812 1976 3843 constet,
2004 3817 2029 3836 et
2049 3811 2188 3837 memoria.

45 3862 75 3879 ’ω’
88 3853 133 3885 fibi
144 3860 270 3888 parceret,
291 3849 555 3883 admonitus,a'sxfſjet,
569 3849 682 3889 Chreme
694 3857 828 3880 tantumne
840 3855 873 3881 ab
885 3864 914 3881 re
927 3861 970 3881 tua
984 3853 1018 3879 est
1032 3852 1084 3878 otii
1150 3854 1312 3885 frequentius
1324 3854 1433 3877 virtutis
1448 3858 1531 3875 nomen
1545 3846 1586 3880 qli.
1622 3847 1805 3873 Humanitatis
1817 3848 1954 3881 praecipua
1971 3855 2026 3879 pars
2040 3846 2090 3877 est,
2108 3845 2189 3872 hone-

4 3907 8 3924 ἵ
45 3888 113 3921 tibi,
137 3889 244 3921 Aliena,
264 3895 292 3915 vt
306 3896 394 3918 cures,
416 3894 514 3920 eaque,
533 3885 603 3911 nih1l
619 3885 652 3911 ad
665 3891 690 3911 te
708 3895 772 3919 quae
789 3889 898 3916 attinent
912 3891 921 3916 3
944 3890 986 3916 hic
1000 3889 1083 3915 huma·
1150 3887 1283 3913 stiffimum
1297 3895 1428 3921 quemque
1442 3883 1579 3918 completi'ti
1590 3903 1597 3915 ‚
1617 3890 1696 3917 atque
1709 3883 1745 3910 ita
1760 3892 1774 3908 a
1788 3883 1937 3909 minoribus
1954 3881 2053 3912 amari,
2069 3887 2097 3906 vt
2113 3880 2188 3906 fimui

0 3946 2 3949 .
46 3923 138 3960 mffime
150 3924 277 3960 respondet
284 3944 294 3957 ,
321 3924 411 3950 Homo
431 3922 486 3948 sum
501 3932 506 3947 ι
531 3919 643 3947 humani
658 3919 727 3948 nihil
741 3930 756 3948 a
768 3932 811 3950 me
828 3925 947 3952 alienum
960 3930 1039 3960 puto,
1064 3927 1083 3950 i.
1094 3932 1138 3959 105
1152 3931 1166 3950 a
1179 3922 1343 3956 principibus
1356 3920 1476 3982 ‹giliAgaris
1488 3920 1553 3947 Plin.
1566 3920 1610 3954 Ep.
1620 3927 1646 3952 9,
1655 3927 1678 3951 5.
1749 3918 1805 3945 Cic.
1819 3919 1889 3945 Fam.
1902 3924 1926 3948 5,
1938 3924 1953 3941 2
1974 3915 2108 3976 cognoffe
2121 3924 2191 3956 nune

1455 3964 1472 3982 2
2088 3959 2190 3977 umam-
