2479 4225
52 161 107 196 161
300 149 303 152 .
439 155 475 194 D
564 154 580 194 Ι
670 155 702 194 F
824 176 825 179 ¹
1552 157 1588 196 D
1682 159 1698 197 l
1793 161 1824 198 F
2119 165 2183 201 162

53 242 139 272 Fama,
209 243 322 270 Differre
335 252 470 270 rumorem
479 263 486 276 ,
501 250 550 279 pro
564 243 723 278 Diuulgare,
742 242 825 276 inquit
839 241 956 280 Donatus
969 239 1003 266 ad
1013 240 1083 266 Ter.
1147 241 1267 269 docitrina
1277 241 1414 275 differens,
1434 243 1551 271 discendi
1564 244 1672 280 quidem
1688 246 1811 273 facultate
1825 256 1878 282 par.
1950 250 1980 276 In
1992 249 2123 277 dialeHica
2133 258 2182 286 pro

50 280 79 306 in
93 279 158 314 prol.
166 279 260 305 Heaut.
270 287 294 312 15
316 279 385 305 Nam
399 278 471 314 quod
486 288 605 305 rumores
617 278 769 305 distulerunt
782 276 977 315 maleuolunctc.
1014 275 1083 315 Tac.
1148 278 1303 311 differentia.
1340 278 1443 312 Genus,
1462 281 1575 315 specics,
1596 281 1734 314 differens,
1753 284 1891 317 proprium
1907 285 2037 318 Quicni.
2051 293 2079 318 5,
2098 295 2135 318 10,
2161 294 2185 312 et

52 316 119 342 Anu.
134 323 153 345 1,
168 322 220 346 4‚2
240 316 298 341 Pars
311 315 395 341 multo
410 315 523 340 maxima
537 313 712 341 imminenteis
730 311 851 337 dominos
865 312 954 337 Variis
969 319 1084 337 rumori·
1141 313 1180 347 sic
1188 313 1290 349 sapius
1308 312 1341 339 ib.

53 349 101 377 bus
122 348 285 376 differebant,
381 350 508 376 Diffi-rtur
521 350 617 386 impcffl
632 347 721 375 Tacit.
741 347 808 386 Anu.
829 354 857 377 3,
877 355 910 385 ¹.2·
951 353 973 371 et
993 356 1027 380 4,
1046 354 1084 379 ις.
1186 354 1474 377 DIFFERENTER.
1510 350 1578 378 Adu.
1613 350 1717 378 Solinus
1736 361 1757 378 c.
1773 360 1782 377 1
1803 352 1961 381 inseruimus
1974 356 2098 391 pleraque
2112 356 2185 384 diffe-

52 384 169 415 Gaudes,
195 393 277 419 quum
296 384 328 411 de
340 394 381 412 me
400 385 446 411 ista
461 386 526 411 foris
545 382 706 412 sermonibus
720 380 808 407 diflers
821 382 905 407 Lucil.
924 381 990 416 apud
1010 382 1082 408 Non.
1109 387 1122 414 5
1149 390 1236 410 tenter
1254 384 1433 418 congruentia.
1924 418 1929 421 .

52 428 139 453 4,131.
314 418 335 458 ff
354 429 370 447 2.
406 420 534 453 Differre,
559 418 689 453 Diucrficm
707 415 766 449 effi,
787 414 880 449 distare
893 427 900 441 .·
929 420 969 442 cui
987 424 1084 443 contra-
1187 425 1246 445 nir
1258 426 1473 452 FEREN'rm,
1493 429 1530 447 ae.
1561 422 1582 448 f.
1618 418 1758 456 [διαφοραὶ]
1794 422 1849 448 Cic.
1864 423 1943 449 Acad.
1953 433 1981 456 4,
2018 445 2024 452 ,
2061 445 2068 452 ,
2103 426 2183 460 de

51 458 116 482 rium
128 451 176 486 est,
197 454 345 488 Conuenire,
366 455 428 482 idem
446 458 541 483 vali-rc:
575 454 628 480 Cic.
644 453 726 479 Tusc.
739 460 767 484 4,
782 460 800 484 4
827 452 913 483 Haec,
933 458 999 486 quae
1013 453 1085 484 dic0,
1150 454 1286 481 videretur
1307 454 1354 480 eise
1367 454 1493 489 quaedam
1517 457 1543 481 in
1561 457 1620 483 visis
1639 457 1796 484 differentia.
1870 458 2024 486 Differentia
2042 469 2184 495 corporum

52 489 213 524 cogitatione
228 491 336 525 quidem
350 491 419 518 inter
431 492 455 518 se
469 491 607 519 differunt,
625 496 654 513 re
671 495 736 513 vero
751 486 950 527 copulataaesimt.
1047 487 1086 513 Id.
1150 489 1270 516 Scribon.
1283 491 1328 524 Ep.
1368 509 1374 516 .
1412 506 1418 515 .
1490 491 1659 519 Distcrcntiae
1675 499 1802 524 aetatum,
1823 498 1989 527 temporum,
2006 502 2051 521 aut
2063 496 2185 524 locorum

52 524 84 551 de
97 525 198 551 Inuent.
215 532 235 558 1,
248 535 284 560 40
308 535 329 552 c.
343 534 377 560 27
402 528 491 560 Qiare
504 533 584 560 quum
601 531 695 557 genere
713 521 784 548 idem
797 524 841 561 lit,
863 524 891 548 tit
904 522 993 554 aliud,
1013 522 1085 556 quod
1116 525 1117 528 ’
1153 525 1192 551 Id.
1208 527 1322 552 l'crorat.
1394 525 1450 551 Cic.
1466 525 1498 551 dc
1513 527 1570 552 Fin.
1590 537 1612 559 5,
1633 537 1659 560 19
1679 538 1702 554 c.
1715 536 1732 563 7
1759 530 1797 554 Ita
1814 528 1858 561 fit,
1878 535 1906 555 vt
1923 536 2019 564 quanta
2038 531 2186 559 differentia

52 566 125 595 parte
138 560 250 594 quadam
263 567 288 587 et
302 562 400 595 specie,
419 570 447 588 vt
460 561 584 590 dicimus,
603 557 715 583 differat.
811 558 864 584 Cic.
878 557 909 583 de
922 560 996 584 Orat.
1011 566 1034 597 2,
1051 566 1086 590 94
1105 572 1133 591 10
1153 561 1187 586 est
1203 561 1229 586 in
1244 560 1381 594 principiis
1394 561 1565 592 naturalibus,
1582 569 1651 589 tanta
1665 564 1695 590 lit
1707 564 1735 590 in
1747 563 1843 590 finibus
1857 564 1989 591 bonorum
2003 566 2186 601 malorumque

50 596 142 629 Itaque
163 601 188 621 et
205 596 247 622 illi
265 595 455 632 Theopompi,
480 594 593 629 Ephori,
618 592 738 624 Philisti,
760 592 924 625 Naucratae,
951 593 1083 627 inultique
1151 595 1350 622 diffinulitudo..
1413 595 1569 623 Differcntia
1583 598 1683 625 honesti
1697 605 1721 625 et
1736 598 1889 626 decoriCic.
1903 600 1954 626 Off.
1973 608 1981 626 1
2001 606 2073 635 c.27.
2129 603 2186 629 Mo-

51 630 99 656 alii
118 631 218 657 naturis
237 630 381 659 differunt:
406 632 538 659 voluntate
551 635 638 655 autem
657 628 752 654 similes
773 628 830 654 suut
845 629 915 655 inter
930 629 989 654 sese.
1047 628 1085 654 Id.
1152 640 1212 657 rum
1233 633 1334 658 Petron.
1355 640 1375 656 c.
1388 636 1429 664 84.
1502 632 1567 658 Plin.
1581 640 1618 664 21,
1634 643 1645 665 5
1672 636 1708 660 Ira
1724 634 1791 662 odor
1806 635 1933 670 colorque
1946 636 2056 670 duplex,
2080 641 2105 662 et
2120 637 2186 664 alius

51 665 152 700 Topic.
165 674 197 700 34
223 667 389 701 Qmmquam
402 667 471 694 enim
489 664 617 691 vocabula
637 672 718 698 prope
734 663 804 689 idem
823 664 912 690 valere
931 663 1085 690 videantur:
1152 667 1262 698 calycis,
1283 667 1351 692 alius
1367 666 1498 698 staminis,
1519 667 1666 695 differentia
1681 669 1800 704 angusta,
1825 674 1844 697 i.
1852 677 1945 706 parua.
2016 671 2188 700 Differentia,

51 706 138 727 tamen
151 702 212 736 quia
225 711 266 728 res
280 703 447 733 diflercbant,
466 700 575 726 nomina
587 708 677 725 rerum
689 699 790 725 Distat-e
804 699 954 725 voluerunt.
1032 699 1087 725 Cic.
1146 704 1337 737 proDilatione
1352 701 1460 734 Qun&
1475 710 1491 736 7
1511 702 1553 736 effi)
1567 703 1669 731 dicitur.

51 736 84 762 de
97 736 170 763 Orat.
183 745 205 768 3,
218 745 260 770 195
281 738 405 765 Mirabile
416 736 467 768 est,
487 744 570 769 quum
589 734 733 769 plurimum
753 735 781 760 iu
796 733 917 760 faciendo
932 733 1035 760 Intersit
1049 735 1087 760 iu-
1108 746 1130 772 ¹3
1188 743 1272 763 DlFF
1282 744 1297 763 Ε
1307 744 1325 763 R
1336 744 1344 762 ι
1357 744 1377 763 Τ
1387 744 1428 763 As
1438 757 1446 769 ,
1462 738 1519 764 atis.
1551 739 1570 764 f.
1609 739 1683 766 Idem.
1720 741 1824 767 Lucret.
1836 747 1864 774 4,
1879 742 1933 775 640
1951 741 2094 776 Tantaque
2106 741 2134 768 in
2147 741 2188 768 hia

50 777 91 797 ter
103 771 211 798 doctum
225 780 249 799 et
264 773 369 805 rudem,
385 779 462 806 quam
475 779 530 797 non
541 771 654 797 multum
669 770 774 796 differat
791 770 820 795 in
833 768 986 796 iudicando.
1031 770 1088 795 Dif-
1153 772 1231 799 rebus
1244 772 1382 804 distantia,
1401 771 1579 808 differitasque
1596 775 1640 801 est.
1677 776 1744 801 Atia.
1759 776 1858 803 Arnob.
1874 785 1886 802 2
1911 786 1936 811 p.
1953 784 1993 809 54.

50 806 121 833 ferre
139 815 154 833 a
173 807 372 836 Plaut.Trucul.
387 815 410 838 3,
426 811 498 838 2,18.
593 806 649 832 Cic.
662 815 711 840 pro
725 805 838 832 Caecina
856 813 887 836 39
911 803 965 837 Qui
987 804 1037 844 hoc
1055 805 1087 831 ab
1189 814 1254 834 1211.
1266 809 1384 839 ᾹΤνε,
1405 817 1428 838 a,
1449 817 1503 835 um.
1540 811 1630 836 l’artic.
1668 809 1905 846 [οἱναζεὲῖλημένος]
1941 812 1996 838 Cic.
2005 813 2079 838 Verr.
2093 811 2149 838 A&
2168 821 2188 845 1,

49 841 98 868 illo
112 841 219 870 differt?
272 842 393 870 Hominis
407 847 501 868 natura
513 849 527 867 a
540 841 652 876 reliquis
671 840 848 867 animantibus
863 839 951 866 differt
963 841 1018 866 Cic.
1034 840 1086 867 Off.
1154 849 1185 877 75
1206 842 1285 876 Quali
1298 848 1444 875 metueret,
1464 853 1497 870 nc
1510 845 1616 871 Petilius
1631 847 1736 880 priuato
1750 846 1799 872 illo
1813 847 1912 873 iudicio
1925 847 2069 878 transa&o,
2089 853 2133 874 aut
2151 848 2189 874 di-

49 885 60 904 ι
89 886 110 902 c·
133 885 173 911 27.
244 879 285 906 Sic
303 877 414 904 Differre
432 876 578 910 plurimum
600 885 615 903 a
634 877 725 903 bestiis
745 876 819 902 Idem
837 874 869 901 de
891 876 948 901 Fin.
969 884 1000 906 2,
1036 893 1042 901 .
1080 893 1087 902 .
1154 878 1223 908 lato,
1243 887 1303 904 cum
1318 879 1425 904 caeteris
1438 880 1465 905 iu
1479 881 1615 906 confilium
1629 886 1815 907 reuerterctur.
1922 882 2024 909 Merces
2038 883 2118 909 dilata
2133 882 2190 910 offi-

48 913 91 939 Sic
104 913 218 939 Differre
230 913 324 940 vestitu
336 912 368 938 ab
381 912 473 946 aliquo
488 912 544 938 Cic·
558 911 625 938 Phil·
635 917 658 944 8,
674 921 709 944 32·
744 910 836 944 Efstne
850 910 1039 945 PMFPOfltl'fflle,
1060 918 1088 937 ut
1106 925 1138 943 20
1152 913 1215 946 ciis,
1237 912 1327 948 Officia
1341 912 1485 946 nonstatim
1499 917 1649 952 compensata
1663 915 1753 942 Claud.
1767 916 1840 942 Mall.
1855 916 1961 944 Theod.
1975 920 2031 951 236.
2104 920 2190 946 Poena

48 948 172 975 Conchae
185 948 286 975 conchis
299 947 575 980 differuntPlin.;9,3;.
612 949 641 973 In
649 947 770 974 Candore
778 946 902 973 differunt
912 946 949 972 Id.
958 945 995 972 ib.
1032 947 1088 973 Cic.
1152 949 1233 975 dilata
1246 949 1274 975 in
1287 954 1390 983 teinpus
1405 951 1497 976 mortis
1512 952 1593 978 Ouid.
1602 951 1687 977 Trist.
1696 960 1718 982 3,
1726 959 1747 983 3,
1756 959 1791 982 33.
1861 952 1910 977 Res
1926 953 1952 977 in
1966 953 2097 987 posterum
2110 954 2191 981 dilata

50 984 127 1009 Verr.
139 992 159 1016 1,
179 1003 186 1010 .
201 1003 208 1010 .
241 984 275 1009 Ea
282 991 331 1015 τες,
339 991 418 1017 quain
431 991 480 1017 ego
493 981 562 1013 dico,
570 988 595 1009 et
607 991 732 1017 ea‚quam
739 987 767 1008 tu
781 982 875 1014 fecisti,
883 983 954 1008 Inter
963 982 987 1007 se
995 990 1090 1015 genere
1153 985 1209 1010 Cic.
1231 984 1263 1013 ad
1288 985 1412 1017 Qi-'i-atr.
1434 994 1462 1016 z,
1482 995 1504 1018 3.
1580 986 1704 1012 νιηάιᾶει
1722 985 1802 1012 dilata
1815 986 1896 1012 Ouid.
1912 988 1975 1013 Met.
1990 997 2023 1020 ιε,
2043 993 2064 1018 8.
2130 990 2191 1016 Pars

49 1017 173 1051 iniuriae,
185 1027 237 1045 non
250 1018 431 1052 magnitudine
444 1018 571 1053 pecuniae
585 1018 697 1044 differat.
733 1017 770 1043 Id.
780 1017 939 1049 deFin.3,33
960 1026 980 1043 c.
990 1025 1017 1042 10
1039 1017 1088 1044 Sed
1151 1019 1275 1046 laborum
1288 1019 1367 1046 dilata
1384 1020 1455 1046 Idem
1468 1023 1531 1047 Met.
1544 1030 1567 1053 3,
1580 1028 1637 1055 174.
1743 1020 1831 1047 Celeri
1846 1030 1953 1047 rumore
1969 1022 2052 1049 dilato
2068 1024 2134 1059 Nep.
2152 1034 2191 1057 ιο,

48 1061 144 1080 eorum
161 1053 324 1080 definitiones
338 1054 455 1088 paullum
468 1053 567 1088 oppido
578 1055 650 1080 Inter
661 1054 686 1080 se
699 1052 834 1080 differunt.
883 1052 1033 1079 .Cacs.B.G.
1043 1062 1062 1086 1,
1078 1062 1087 1079 1
1154 1064 1190 1089 10,
1205 1063 1224 1081 1.
1273 1055 1341 1082 Add.
1360 1056 1428 1081 Suet.
1443 1058 1508 1091 Aug.
1530 1066 1551 1082 c.
1566 1065 1603 1088 14.

51 1089 89 1116 Hi
101 1097 189 1115 omnes
203 1089 307 1123 lingua,
322 1089 447 1116 institutis
457 1109 465 1121 ,
485 1089 588 1123 legibus
600 1090 673 1115 Inter
685 1089 711 1114 se
724 1088 857 1115 differunt.
912 1088 967 1114 Cic.
980 1088 1011 1114 de
1025 1089 1089 1114 Fato
1107 1094 1135 1122 ις
1188 1097 1207 1117 D
1217 1098 1225 1116 1
1237 1096 1312 1117 LAT
1322 1098 1331 1116 1
1341 1097 1376 1123 0,
1403 1091 1468 1117 finis.
1506 1092 1526 1117 f.
1562 1090 1710 1125 [οἶναέῗολῆ]
1752 1092 1909 1126 prorogatio.
1946 1091 2011 1118 Plin.
2033 1098 2073 1125 18,
2095 1103 2107 1119 2
2132 1094 2190 1122 Nee

50 1131 68 1158 7
89 1126 160 1151 Inter
171 1123 290 1150 locorum
301 1131 406 1151 naturas
419 1131 545 1159 quantum
558 1123 660 1150 intersit
672 1123 807 1155 videmus,
824 1124 891 1150 alios
904 1123 952 1149 esse
965 1122 1088 1154 salubrcS‚
1151 1124 1206 1152 vlla
1226 1125 1350 1160 segetum
1363 1127 1450 1152 minus
1471 1127 1628 1153 dilationem
1647 1127 1753 1160 patitur.
1859 1126 2039 1153 Comitiorum
2061 1129 2116 1154 Cic.
2138 1131 2190 1157 Att.

51 1159 118 1186 alios
129 1160 176 1185 esse
188 1158 351 1193 pestilentes,
369 1161 397 1186 in
410 1161 470 1187 aliis
483 1160 638 1194 pituitosos,
658 1165 683 1186 et
698 1159 769 1194 quali
784 1158 969 1191 redundantes,
988 1160 1015 1184 in
1028 1159 1087 1185 aliis
1153 1169 1181 1193 2,
1202 1169 1241 1193 3ο.
1301 1162 1332 1187 Et
1351 1169 1399 1195 pro
1419 1163 1487 1196 Lege
1506 1161 1598 1189 Manil.
1635 1181 1641 1188 .
1680 1179 1687 1188 .
1725 1178 1731 1187 .
1803 1162 1949 1188 Maximum
1968 1162 2115 1189 remedium
2137 1165 2191 1191 irae

50 1195 172 1222 excitatos
183 1200 261 1228 atque
273 1194 379 1229 aridos,
396 1196 531 1230 multaque
544 1196 602 1221 sunt
615 1195 674 1226 alia,
695 1204 762 1229 quae
775 1195 844 1221 inter
860 1195 947 1220 locum
960 1200 985 1220 et
998 1195 1088 1221 locum
1151 1196 1246 1223 dilatio
1260 1196 1296 1222 est
1308 1196 1394 1223 Senec.
1410 1198 1441 1223 de
1456 1199 1497 1224 Ira
1511 1206 1533 1230 3,
1548 1204 1585 1224 12.
1679 1197 1735 1223 Cic.
1748 1195 1860 1231 Philipp.
1874 1206 1901 1229 3,
1918 1206 1935 1223 2
1960 1200 2035 1232 Qiae
2053 1199 2089 1224 est
2109 1200 2193 1233 igitur

49 1230 191 1265 plurimum
205 1229 334 1257 differant.
442 1231 539 1262 Nihil,
554 1237 600 1257 aut
613 1239 667 1256 non
681 1230 738 1257 fere
752 1231 866 1256 multum
880 1229 1005 1256 differunt
1020 1236 1088 1256 aeta·
1152 1231 1327 1265 exspectatio,
1346 1237 1390 1258 aut
1404 1242 1469 1267 quae
1482 1233 1594 1259 minima
1608 1230 1702 1258 dilatio
1715 1233 1860 1266 Temporis
1878 1233 1887 1258 ἰ
1958 1234 2121 1260 Dilationem
2139 1244 2192 1264 non

49 1272 88 1292 tes
99 1265 196 1292 vestrae
211 1266 267 1292 Cic.
282 1266 314 1292 de
327 1266 398 1293 Clar.
411 1268 485 1293 Orat.
501 1275 553 1299 150.
625 1265 789 1293 Nominibus
804 1265 909 1292 differre
921 1265 993 1292 Idem
1006 1264 1086 1292 Acad.
1104 1281 1136 1305 30
1152 1268 1252 1302 patitur
1263 1267 1324 1293 Liu.
1339 1277 1375 1300 21,
1390 1276 1428 1300 52.
1500 1269 1566 1295 Plin.
1575 1267 1654 1302 Epist.
1664 1276 1684 1300 1,
1696 1272 1721 1297 18
1741 1267 1837 1307 Scribis
1851 1274 1876 1293 te
1889 1270 2059 1302 perterritum
2075 1271 2193 1297 somnio:

49 1309 60 1327 1
108 1302 111 1304 '
221 1301 340 1327 Paullum
353 1302 475 1334 differre,
500 1301 554 1328 vid.
571 1308 645 1328 PAV
655 1308 670 1327 ι.
680 1309 767 1328 LVM.
803 1302 859 1328 Cic.
875 1303 965 1335 Agrar.
981 1310 993 1326 2
1013 1311 1034 1327 c.
1050 1310 1084 1333 31.
1151 1303 1249 1335 vereri,
1262 1311 1295 1328 ne
1313 1303 1378 1338 quid
1389 1303 1489 1330 aduersi
1504 1304 1532 1330 in
1544 1304 1650 1330 actione
1666 1303 1782 1337 patiaris.
1818 1303 1888 1329 Hinc
1900 1312 1985 1338 rogas,
1995 1311 2022 1331 vt
2035 1305 2192 1334 dilationem

62 1321 70 1331 ‚
105 1320 112 1327 .

46 1335 163 1362 Paullum
175 1336 285 1371 pedibus
300 1337 389 1364 simiae
402 1337 527 1364 differunt
541 1337 609 1363 Plin.
624 1345 657 1369 ιι,
668 1345 715 1370 44.
815 1338 871 1363 Cic.
893 1337 926 1362 de
939 1338 1042 1363 Inuent.
1060 1345 1086 1369 2,
1151 1345 1253 1373 petam,
1273 1342 1298 1364 et
1310 1340 1435 1373 pauculos
1449 1338 1512 1365 dies.
1587 1340 1634 1365 Per
1648 1339 1786 1364 dilationes
1802 1338 1901 1364 bellum
1916 1348 2021 1373 gerere,
2046 1344 2063 1367 i.
2077 1342 2193 1376 pedeten-

48 1376 81 1401 82
100 1380 121 1398 c.
135 1379 173 1405 44
198 1372 301 1399 Deinde
319 1373 384 1407 quid
397 1373 446 1399 Res
465 1382 524 1398 cum
543 1381 571 1398 re
592 1372 712 1405 differat,
729 1371 965 1404 demonstrabitur,
985 1378 1014 1398 vt
1033 1381 1087 1398 non
1151 1377 1197 1400 tim
1212 1380 1289 1408 etper
1302 1375 1435 1401 interualla
1452 1375 1512 1401 Liu.
1525 1382 1547 1407 5,
1584 1393 1590 1401 .
1628 1394 1634 1400 .
1706 1374 1767 1400 Sine
1782 1373 1909 1400 dilatione
1924 1375 1990 1407 vell.
2005 1384 2030 1408 2,
2046 1385 2085 1409 50.

46 1406 118 1432 idem
136 1407 259 1435 videatur
279 1408 311 1434 de
331 1414 442 1443 vtraque
454 1408 609 1435 'existimari
627 1414 759 1442 oportere.
838 1408 880 1434 Ab
898 1407 1030 1434 indisertis
1050 1408 1088 1433 Re
1191 1415 1210 1435 D
1222 1417 1388 1442 1LATOR,
1400 1411 1478 1436 oris.
1515 1419 1550 1436 m.
1587 1407 1769 1443 [ἅναέλητῆς]
1815 1410 1909 1436 Horat.
1928 1410 1956 1436 in
1976 1412 2039 1438 Arte
2055 1413 2126 1438 Poet.
2147 1420 2192 1448 172.

44 1441 133 1475 potius
153 1451 232 1476 quarn
250 1444 378 1478 opinione
394 1443 516 1470 differens
536 1443 592 1470 Cic.
606 1444 679 1470 Orat.
705 1453 726 1472 c,
740 1452 778 1476 23.
850 1443 931 1470 Ouid.
953 1452 984 1469 ex
1004 1444 1087 1469 Ponto
1104 1451 1133 1478 35
1152 1444 1306 1480 descnibus‚
1324 1443 1445 1476 Dilator,
1463 1447 1506 1480 spe
1519 1445 1623 1479 longus,
1643 1445 1727 1475 iners,
1744 1444 1891 1479 auidusque
1905 1445 1998 1472 futuri.

42 1484 54 1502 1
80 1485 91 1503 1
116 1477 203 1505 Rebus
216 1478 305 1512 idem,
323 1480 424 1506 Titulo
438 1480 535 1506 differt.
612 1479 727 1506 Differre
745 1479 826 1505 alicui
843 1479 959 1506 Latiiant.
976 1488 1001 1511 ι,
1016 1484 1045 1511 8,
1064 1487 1086 1511 3.
1187 1487 1206 1506 D
1219 1487 1227 1505 1
1239 1487 1456 1513 LATOR1VS‚
1477 1490 1508 1513 a,
1528 1490 1582 1507 um.
1615 1480 1675 1506 Adi.
1717 1481 1769 1511 Vt,
1790 1481 1959 1514 Exceptiones
1980 1481 2120 1509 dilatoriae
2148 1483 2194 1510 Vl-

45 1494 67 1549 ἦ
94 1520 107 1544 3
143 1512 185 1546 Est
207 1517 279 1541 etiam
298 1515 427 1547 Differre,
463 1513 657 1549 [εἰναξοὲλλειν]
698 1516 853 1550 Prorogare,
880 1521 903 1541 et
923 1514 957 1540 ad
974 1515 1088 1550 spatium
1152 1515 1221 1550 pian.
1237 1515 1265 1542 in
1279 1516 1296 1542 l.
1311 1525 1323 1542 2
1344 1517 1375 1542 D.
1388 1516 1420 1542 de
1433 1516 1580 1550 exception.
1622 1523 1645 1541 et
1658 1515 1736 1541 Caius
1751 1515 1808 1541 inl.
1822 1523 1833 1546 3
1852 1515 1903 1541 eod.
1920 1519 1963 1542 tit.

43 1551 163 1582 temporis
181 1550 316 1577 extendere.
370 1551 474 1577 Differ:
504 1550 600 1576 habent
619 1559 716 1585 paruae
734 1550 872 1576 commoda
890 1559 983 1584 magua
996 1557 1088 1576 morae
1188 1557 1206 1576 D
1218 1558 1226 1576 1
1238 1558 1298 1577 FFI
1309 1557 1325 1576 B
1337 1549 1385 1578 571.
1399 1558 1418 1577 o
1429 1571 1438 1583 ‚
1460 1557 1511 1577 fire.
1548 1550 1724 1585 [oin-wopaina]
1763 1550 1856 1576 Fibulis
1887 1550 2034 1583 affin-islam
2055 1550 2196 1584 vestimenti

45 1582 126 1609 Ouid.
141 1584 206 1611 Fast.
221 1594 244 1618 3,
256 1594 316 1619 394.
387 1586 504 1613 Martial.
528 1594 564 1617 to,
582 1594 621 1619 44
647 1585 750 1612 Gaudia
769 1591 797 1611 tu
817 1585 923 1617 differs,
943 1591 970 1611 at
988 1594 1044 1611 non
1063 1590 1088 1610 et
1146 1593 1245 1620 partem
1258 1585 1392 1618 dr'ſjbluere.
1428 1587 1490 1612 Stat.
1503 1584 1595 1612 Theb.
1610 1589 1635 1617 6,
1650 1593 1699 1620 570
1718 1584 1842 1611 Tandem
1857 1586 2016 1619 exspectatus
2036 1587 2140 1612 volucri
2153 1588 2193 1612 su-

44 1617 156 1645 ssamina
168 1619 257 1647 differt
293 1622 416 1656 Atropos.
489 1621 544 1648 Cic.
557 1630 606 1655 pro
621 1622 696 1647 Rosc.
707 1622 796 1647 Amer.
810 1624 844 1647 26
864 1621 953 1646 Primo
967 1629 1023 1646 rem
1037 1619 1132 1662 dis-‘40
1150 1629 1198 1654 per
1210 1621 1314 1654 agmina
1329 1622 1394 1647 saltu
1447 1622 1562 1653 Emicat,
1579 1627 1604 1647 et
1617 1627 1689 1646 torto
1703 1619 1866 1651 chlamydem
1880 1619 2011 1646 diffibulat
2024 1629 2099 1647 auro.
2154 1623 2194 1658 De

43 1653 115 1680 ferre
127 1656 250 1689 quotidie
269 1665 297 1682 ac
313 1657 502 1690 procrastinare
520 1656 562 1682 isti
582 1661 733 1690 coeperunt.
801 1655 875 1681 Idem
889 1657 925 1689 Q
935 1656 1018 1681 Fratr.
1034 1663 1057 1686 2,
1070 1662 1087 1686 9
1150 1656 1333 1692 Parthenopaeo
1346 1657 1480 1683 Atalantes
1492 1657 1631 1682 Maenaliae
1638 1655 1714 1690 filio,
1734 1658 1777 1689 qui
1789 1652 1885 1680 abiet‘sa
1904 1655 2029 1690 chlamyde
2050 1656 2085 1682 ad
2106 1658 2194 1686 curlus

44 1689 94 1714 Sed
111 1697 211 1717 caetera
235 1694 280 1722 (vt
301 1692 411 1724 scribis)
432 1692 562 1726 praesenti
579 1691 694 1717 sermoni
712 1692 881 1717 reserucntur
895 1701 900 1717 :
926 1690 977 1716 hoc
1000 1695 1088 1716 tamen
1150 1697 1271 1717 certamen
1279 1692 1308 1727 se
1319 1691 1437 1726 parabat.
1473 1691 1546 1727 Conf.
1562 1691 1617 1716 Alc.
1632 1690 1704 1716 Auit.
1719 1700 1753 1723 4,
1764 1691 1819 1721 386.

45 1732 101 1749 non
114 1733 185 1758 queo
199 1725 314 1753 differre.
386 1728 443 1754 Cic.
457 1728 486 1753 in
501 1727 590 1753 Vatin.
605 1732 635 1756 28
656 1735 677 1751 c.
691 1735 714 1752 ιι
735 1726 798 1752 Tua
812 1727 899 1757 fraus,
919 1730 995 1750 tuum
1008 1723 1087 1749 male·
1186 1731 1221 1750 DI
1232 1732 1247 1751 F
1258 1733 1273 1752 F
1284 1734 1293 1752 1
1303 1733 1318 1753 Β
1328 1734 1347 1753 ν
1357 1733 1464 1765 ιΑᾞν
1474 1733 1504 1758 S,
1524 1735 1554 1757 a,
1573 1734 1627 1751 um.
1648 1725 1740 1751 Partic.
1777 1723 1898 1750 Tertull.
1935 1743 1941 1751 .
1979 1745 1986 1752 .

46 1758 153 1792 ficium,
171 1766 246 1787 tuum
264 1762 343 1788 scelus
359 1762 426 1789 illud
439 1762 490 1794 est,
504 1768 529 1788 te
543 1761 586 1792 id,
601 1761 674 1794 quod
686 1761 870 1794 promulgasses
889 1757 1088 1796 misericordiae
1187 1765 1205 1784 D
1215 1767 1223 1785 1
1233 1766 1249 1785 F
1259 1767 1275 1786 F
1286 1768 1294 1786 1
1305 1768 1351 1788 CA
1362 1770 1391 1794 x,
1409 1765 1427 1787 i.
1436 1758 1549 1795 difficilis
1558 1771 1565 1785 .·
1586 1767 1604 1786 D
1613 1768 1622 1786 1
1632 1766 1648 1786 F
1658 1767 1691 1786 ΡΙ
1702 1765 1718 1785 C
1728 1767 1747 1786 Α
1761 1765 1777 1785 C
1790 1767 1840 1792 ιΑ,
1861 1766 2194 1793 ΒιΡΡιεΑΕιΤΑς,οσι-ην-

44 1795 170 1826 nomine,
187 1795 220 1820 ad
233 1796 395 1822 crudelitatis
408 1803 509 1829 tempus
522 1794 654 1821 distuliffe.
716 1796 747 1819 In
760 1794 872 1819 alicuius
884 1793 1026 1818 aduentum
1039 1791 1087 1817 ali·
1097 1804 1132 1830 43
1148 1800 1209 1818 runt
1222 1800 1262 1828 ap.
1276 1796 1313 1820 Io.
1331 1795 1363 1821 de
1381 1798 1469 1827 Ianua,
1483 1795 1551 1831 fiH'a
1570 1795 1604 1822 ad
1616 1804 1726 1821 normam
1743 1795 1913 1821 vocabulorum
1924 1795 2017 1822 Efficax
2031 1803 2054 1822 et
2061 1795 2191 1823 Efficacia.

44 1826 110 1860 quid
125 1828 179 1854 Cic.
194 1830 246 1855 Att.
263 1838 297 1860 13,
311 1838 343 1863 37
363 1837 428 1856 extr.
498 1830 529 1855 In
542 1827 613 1854 diem
632 1829 689 1853 Sen.
702 1827 748 1861 Ep.
763 1832 785 1856 8.
859 1827 972 1853 Differre
992 1826 1022 1852 in
1041 1835 1086 1860 po·
1185 1833 1204 1852 D
1218 1835 1225 1853 Ι
1239 1835 1280 1855 FF
1290 1837 1297 1854 1
1308 1837 1324 1856 C
1335 1830 1346 1856 '1'
1356 1838 1389 1856 LI
1400 1839 1412 1857 S
1422 1852 1430 1863 ,
1462 1840 1484 1857 e.
1522 1830 1581 1857 Adi.
1619 1830 1765 1864 [χαλεπᾶς,
1782 1830 1915 1865 αἶργαλέος,
1936 1829 2052 1867 δυχερὴς,
2070 1830 2192 1864 δύσκολος,

42 1861 139 1888 sterum
153 1861 238 1896 diem,
256 1863 284 1888 in
297 1863 367 1889 aliud
383 1869 501 1897 tempus,
522 1863 550 1889 in
562 1863 678 1888 mensem
693 1863 768 1889 Caes.
782 1863 810 1888 B.
824 1862 855 1888 G.
871 1870 897 1897 7,
913 1871 943 1888 11.
1014 1862 1084 1888 Mar·
1149 1861 1299 1902 οἷμρχανος]
1337 1866 1418 1892 Facili
1432 1870 1594 1893 contrarium.
1637 1868 1665 1891 V.
1679 1876 1704 1902 g.
1727 1866 1809 1892 Nulla
1822 1866 1858 1892 est
1871 1872 1924 1891 tam
1943 1866 2029 1892 facilis
2049 1875 2103 1898 res,
2125 1868 2191 1901 quin

41 1896 98 1925 tial.
110 1905 136 1932 7,
150 1906 193 1932 94.
265 1899 319 1925 Cic.
334 1899 404 1925 Fam.
420 1907 458 1930 10,
471 1907 504 1925 12.
532 1905 555 1924 et
575 1907 596 1931 ς,
612 1906 646 1924 12.
715 1898 832 1924 Martial.
850 1906 891 1930 [3,
912 1905 939 1930 55
967 1896 1084 1924 Musteus
1149 1897 1265 1925 difficilis
1285 1900 1345 1932 fiat,
1366 1901 1383 1926 si
1399 1901 1499 1928 inuitus
1514 1902 1592 1928 facias
1610 1902 1678 1928 Ter.
1692 1902 1787 1927 Heaut.
1801 1909 1835 1932 4,
1848 1902 1916 1935 6pr.
1989 1901 2192 1935 1d.ibid.4,:,8

43 1932 94 1963 est,
110 1942 237 1968 propera,
258 1943 331 1960 caros
345 1943 391 1960 nec
405 1933 482 1960 differ
493 1934 607 1965 amicos,
632 1936 650 1959 i.
667 1932 794 1968 expcc‘lare
811 1942 877 1969 coge.
914 1935 952 1959 De
961 1933 1086 1968 petasone.
1147 1933 1225 1959 Nihil
1241 1941 1294 1961 tam
1308 1935 1433 1969 difficile,
1452 1938 1516 1971 quin
1531 1936 1683 1971 quaerendo
1696 1936 1849 1969 inuestigari
1865 1935 1945 1969 possit.
2015 1937 2087 1963 Idem
2109 1938 2192 1964 Andr.

43 1968 100 1994 Cic.
117 1969 187 1995 Fam.
202 1976 223 2001 ς,
237 1978 263 1995 12
283 1977 346 1996 extr.
380 1970 424 1996 Sin
446 1975 534 1996 autem
551 1969 640 1995 differs
660 1977 702 1994 me
724 1969 753 1994 in
770 1974 871 2003 tempus
889 1967 978 2000 aliud,
996 1976 1085 1994 coram
1102 1981 1133 2008 50
1150 1976 1170 1999 ι,
1183 1977 1195 2000 3
1218 1970 1270 1996 Cui
1284 1970 1365 1997 verba
1379 1972 1440 1998 dare
1455 1971 1561 1998 difficile
1576 1971 1620 1997 est.
1712 1971 1768 1997 Cic.
1789 1971 1819 1996 de
1832 1972 1934 1996 Inuent.
1948 1979 1971 2002 ρ,
1986 1980 2027 2003 ι3ο
2044 1972 2100 1997 Nec
2115 1973 2192 1999 fuisse

43 2009 130 2030 tecum
143 2004 244 2039 loquar.
316 2005 431 2032 Differre
445 2006 474 2031 in
487 2005 569 2031 alium
582 2005 729 2031 sermonem
741 2004 798 2031 Cic.
812 2005 843 2030 de
859 2003 990 2030 Vniuersa
1023 2022 1030 2029 .
1078 2022 1084 2028 -
1147 2004 1173 2029 ei
1186 2013 1282 2038 graue,
1303 2015 1349 2031 nec
1365 2005 1488 2039 difficile,
1507 2017 1563 2033 eam
1579 2007 1679 2033 causam
1695 2008 1829 2040 excipere,
1849 2014 1929 2039 quam
1947 2006 2091 2034 aduersarii
2105 2009 2193 2041 profe-

42 2039 74 2066 In
87 2039 218 2073 posterum
233 2040 379 2067 sermonem
391 2040 497 2067 differre
511 2040 583 2066 Idem
595 2040 648 2066 Att.
661 2044 683 2069 8,
697 2047 754 2072 205.
826 2039 936 2065 Distulit
954 2039 982 2064 in
1001 2039 1085 2064 seram
1147 2045 1215 2065 rant.
1286 2041 1380 2068 Aditus
1394 2041 1513 2068 difficiles
1532 2042 1613 2069 Ouid.
1629 2042 1661 2066 de
1674 2042 1748 2066 Rem.
1762 2042 1853 2068 Amor.
1869 2049 1920 2066 120.
1992 2043 2076 2069 Amor
2089 2042 2193 2069 difficil-

42 2075 175 2101 commissa
190 2075 291 2109 piacula
304 2082 419 2102 mortem
433 2077 508 2110 Virg.
521 2076 586 2101 Aen.
601 2083 634 2107 ιι,
654 2077 711 2107 569.
782 2075 814 2101 In
832 2075 957 2101 vltimum
976 2074 1084 2099 differre
1148 2075 1228 2100 limus
1241 2082 1267 2101 et
1280 2077 1420 2103 carissimus
1434 2077 1466 2103 ab
1480 2077 1618 2107 meretrice
1631 2084 1709 2102 auara
1729 2076 1797 2102 Ter.
1812 2077 1878 2102 Eun.
1893 2085 1915 2108 5,
1929 2085 1957 2109 4,
1971 2086 1997 2111 4.
2067 2079 2132 2104 Bilis
2140 2080 2192 2105 dif-

44 2109 149 2144 aliquid
171 2110 302 2144 Quinetil.
317 2118 348 2145 7,
367 2119 392 2137 2.
499 2110 627 2136 Animum
641 2109 766 2142 differre,
795 2113 814 2136 i.
825 2113 894 2137 -iram
913 2117 936 2135 et
955 2112 1086 2144 impetum:
1149 2109 1226 2135 ficilis
1244 2112 1313 2137 Hor.
1327 2111 1377 2138 Od.
1393 2121 1412 2144 1,
1428 2120 1462 2144 13,
1476 2121 1503 2145 4.
1581 2112 1672 2137 Homo
1685 2109 1819 2144 difficilis,
1835 2112 1965 2148 Morofixr,
1983 2113 2080 2147 vechi
2092 2115 2192 2150 nonfa-

44 2145 105 2172 Stat.
119 2145 210 2172 Theb.
225 2155 247 2179 5,
283 2167 290 2172 .
318 2166 324 2172 .
361 2145 472 2173 Differte
485 2146 607 2177 Animos,
626 2145 773 2179 festinaque
786 2145 836 2172 tela
871 2146 972 2171 Ponite.
1030 2143 1086 2170 Bel·
1104 2152 1132 2179 55
1148 2146 1194 2171 εἰΙε
1207 2145 1346 2181 obfiquitur
1358 2150 1469 2182 rog-anti.
1504 2147 1573 2173 Ter.
1587 2147 1682 2173 Heaut.
1697 2155 1719 2179 3,
1733 2156 1759 2179 2,
1773 2156 1805 2181 24
1823 2148 1909 2182 Atque
1924 2147 1992 2174 hunc
2005 2148 2138 2175 difficilem
2152 2151 2193 2176 in-

44 2180 101 2207 Ium
114 2180 221 2208 differre
240 2182 336 2208 Lucan.
348 2191 360 2214 3
370 2202 379 2214 ,
395 2190 432 2215 59..
523 2181 675 2208 Certamina
695 2181 802 2207 differre
822 2180 902 2207 Ouid.
915 2181 980 2206 Met.
994 2181 1027 2212 6,
1048 2187 1084 2211 53.
1148 2179 1236 2206 vitum
1249 2181 1366 2208 seruaret
1381 2184 1477 2209 senem.
1549 2183 1603 2209 Cic.
1619 2182 1650 2208 de
1663 2182 1762 2209 Sene&
1777 2190 1793 2216 7
1812 2184 1946 2209 Moderati
1965 2184 2053 2216 enim,
2073 2194 2120 2211 nec
2141 2185 2193 2217 dis-

45 2216 106 2242 Liu.
122 2225 149 2249 25
181 2218 271 2250 Quini
288 2218 310 2243 is
321 2218 401 2244 Diem
419 2216 452 2243 de
465 2217 509 2243 die
522 2216 649 2243 differret.
720 2217 790 2243 Posse
807 2217 886 2243 Diem
904 2215 1006 2241 differri
1028 2215 1084 2241 Cic.
1149 2214 1232 2242 ficiles
1246 2217 1325 2244 senes.
1396 2218 1518 2244 Habebat
1530 2218 1688 2244 auunculum
1701 2216 1860 2245 difficillima
1872 2225 1974 2251 natura,
1985 2220 2059 2245 cuius
2074 2220 2106 2246 sic
2120 2222 2190 2255 aspe-

43 2251 116 2278 Fam.
130 2260 154 2282 2,
167 2260 188 2283 3.
224 2254 330 2279 Gronau.
342 2255 413 2280 malit
425 2252 543 2279 Differri.
617 2253 672 2279 Cic.
686 2251 799 2287 Philipp.
814 2260 836 2284 3,
850 2260 883 2278 20
903 2252 982 2277 Diem
1002 2249 1084 2276 edicti
1148 2251 1255 2278 ritatem
1269 2253 1370 2279 veritus
1385 2253 1430 2284 est,
1449 2260 1487 2286 vt,
1504 2255 1677 2288 quemnemo
1689 2254 1759 2280 ferre
1778 2255 1871 2288 posset,
1892 2254 1970 2280 huius
1985 2255 2036 2281 fine
2048 2256 2191 2283 offensione

42 2286 120 2312 obire
135 2286 258 2321 neglexit,
277 2294 303 2314 et
321 2294 381 2315 ante
393 2288 463 2314 diem
478 2294 600 2323 quartum
616 2287 791 2315 Calendarum
805 2287 959 2314 Decembris
973 2286 1084 2312 distulit.
1146 2286 1178 2312 ad
1191 2287 1318 2314 summam
1332 2289 1491 2315 seneffiitem
1505 2290 1649 2317 retinuerit,
1659 2289 1873 2316 beneuolentiam
1896 2290 1964 2325 Nep.
1978 2298 2018 2323 25,
2033 2299 2055 2324 5,
2071 2301 2090 2318 ι.
2134 2293 2191 2319 Cic.

42 2321 116 2349 Idem
129 2323 200 2349 Fam.
213 2331 239 2355 2,
252 2331 268 2349 2
288 2324 378 2357 Qiare
391 2333 497 2350 omnem
509 2324 575 2350 hanc
589 2324 800 2358 Disputationem
815 2323 843 2349 in
856 2322 997 2349 aduentum
1010 2328 1084 2348 tuum
1093 2334 1128 2359 60
1147 2322 1177 2348 in
1191 2323 1265 2350 Orat.
1275 2332 1324 2358 104
1342 2325 1377 2350 Vt
1390 2334 1473 2359 vsque
1486 2333 1518 2351 eo
1532 2323 1654 2359 difficiles
1668 2334 1697 2351 ac
1710 2325 1807 2351 morosi
1821 2325 1907 2352 fimus.
1978 2327 2057 2353 Ianua
2072 2326 2189 2354 difficilis

45 2357 150 2384 differo.
220 2359 318 2385 Lucan.
331 2368 355 2391 2,
369 2369 399 2393 39
418 2360 496 2386 Nunc
510 2359 605 2386 laniate
626 2369 730 2392 comas,
750 2368 817 2386 neue
833 2359 902 2385 hunc
916 2358 1019 2384 differte
1033 2358 1085 2383 Do·
1147 2357 1194 2384 filo
1221 2358 1257 2384 est
1280 2359 1387 2386 inuenta
1409 2360 1522 2392 relicto,
1543 2361 1572 2387 de
1594 2361 1749 2395 Labyrintho
1767 2360 1848 2387 Ouid.
1862 2362 1925 2387 Met.
1941 2367 1964 2393 8,
1980 2370 2031 2396 173.
2103 2363 2193 2390 Labor

41 2392 135 2420 lorem.
206 2394 308 2421 Gaudia
327 2396 372 2422 sua
389 2395 496 2422 differre
515 2395 595 2422 Ouid.
609 2396 674 2422 Met.
689 2397 715 2428 6,
730 2403 784 2428 514.
857 2395 923 2420 Plin.
944 2394 973 2420 iu
992 2395 1084 2427 Paneg.
1147 2392 1263 2433 difficilis
1286 2394 1368 2421 Ouid.
1383 2395 1414 2421 de
1428 2397 1491 2422 Arte
1506 2397 1565 2422 Am.
1582 2405 1604 2429 2,
1618 2401 1668 2429 538.
1758 2397 1843 2423 Locus
1857 2397 2008 2431 scopulosus
2022 2396 2191 2432 difficilisque

43 2448 51 2455 .
90 2448 97 2455 .
134 2449 141 2456 .
177 2430 305 2464 Magnum
319 2431 355 2457 est
368 2431 475 2458 differre
489 2432 645 2463 Honorem,
662 2430 776 2465 gloriam
790 2430 884 2456 maius.
947 2429 1002 2455 Cic.
1016 2428 1083 2454 Phil.
1146 2428 1203 2455 Cic.
1216 2429 1277 2455 Diu.
1291 2430 1320 2455 in
1333 2431 1411 2457 Verr.
1427 2434 1465 2463 36.
1538 2432 1628 2466 Nugas
1644 2430 1763 2458 difficiles
1775 2431 1871 2458 habere
1886 2438 1962 2466 turpe
1974 2433 2010 2458 est
2034 2433 2147 2458 Martial.
2163 2441 2190 2466 2,

41 2465 141 2490 6⁷extr.
160 2465 242 2491 Venit
259 2471 361 2499 tempus
380 2467 417 2492 ita
437 2472 569 2492 maturum
579 2486 586 2498 ,
609 2472 638 2492 vt
657 2466 760 2492 differri
776 2466 827 2492 iam
841 2467 916 2492 Hora
935 2473 989 2490 non
1001 2463 1083 2498 possit.
1147 2466 1187 2494 86.
1258 2465 1355 2492 Obitus
1369 2465 1503 2499 difficilis,
1520 2470 1538 2493 ἰ.
1558 2469 1632 2493 Mors
1650 2467 1724 2501 Virg.
1739 2468 1802 2493 Aen.
1815 2476 1844 2499 4,
1858 2469 1920 2506 694.
1991 2466 2046 2492 Cic.
2061 2467 2092 2492 de
2106 2468 2141 2494 N.
2155 2469 2188 2495 D.

42 2499 97 2525 Iter
115 2499 221 2526 differre
239 2500 376 2528 Claudian.
397 2501 430 2527 de
443 2501 512 2527 Sext.
526 2502 604 2528 Cous.
618 2502 690 2528 Hon.
705 2509 764 2535 459.
869 2502 986 2534 Propert.
1005 2507 1034 2531 3,
1054 2501 1082 2525 16
1097 2506 1128 2538 63
1146 2508 1170 2532 3,
1184 2507 1218 2534 72
1232 2509 1252 2526 c.
1268 2509 1298 2534 29
1318 2502 1454 2528 Pal-entem
1468 2502 1564 2529 habere
1578 2512 1702 2533 auarum,
1721 2501 1868 2535 illepidum,
1883 2511 1911 2526 in
1923 2500 2023 2527 liberos
2042 2500 2189 2536 difficilem,

44 2533 111 2560 ΛΗί
126 2533 252 2562 distulero
266 2536 355 2563 nostro
369 2536 491 2564 Mandata
505 2536 619 2569 timore,
640 2544 686 2563 ete.
771 2537 888 2563 Mortem
910 2535 1017 2561 differre
1037 2543 1084 2569 per
1148 2535 1195 2569 qui
1210 2542 1236 2562 te
1248 2545 1294 2562 nec
1309 2543 1395 2569 amet,
1415 2547 1462 2563 nec
1475 2537 1576 2563 studeat
1588 2538 1636 2563 tui.
1674 2538 1711 2562 Ex
1726 2538 1810 2562 Paa‘ta.
1882 2537 1932 2562 Res
1945 2536 2041 2563 arduae
2054 2544 2079 2564 et
2093 2537 2188 2565 diffici-

44 2569 126 2596 multa
137 2571 247 2604 saecula,
270 2574 288 2598 i.
302 2575 385 2600 viuere
398 2574 476 2599 multa
485 2572 584 2608 saecula
599 2571 715 2599 quenal.
730 2580 767 2603 10,
805 2592 811 2598 .
849 2591 856 2598 .
893 2572 966 2606 Opus
980 2570 1086 2597 differre
1147 2571 1184 2597 les
1203 2571 1258 2597 Cic.
1274 2571 1305 2597 de
1319 2573 1422 2598 Inuent.
1437 2581 1459 2604 2,
1474 2575 1510 2598 16.
1580 2573 1631 2597 Res
1645 2576 1779 2596 contortae
1792 2576 1817 2597 et
1829 2569 1950 2598 difficiles
1973 2572 2029 2598 Cic.
2043 2572 2075 2598 de
2087 2574 2160 2600 Orat.
2170 2583 2188 2605 1,

4 2626 8 2630 .
46 2604 127 2632 Ouid.
147 2606 211 2632 Fast.
233 2616 258 2637 1,
276 2615 321 2642 74.
414 2608 557 2642 Paullisper
582 2608 704 2640 differre,
742 2607 795 2634 vid.
821 2614 865 2634 ΡΑ
875 2613 895 2632 V
907 2614 964 2633 LL1
975 2604 1038 2633 spi:
1048 2613 1065 2632 R
1076 2626 1082 2631 .
1146 2613 1203 2638 250.
1276 2607 1326 2631 Res
1340 2606 1461 2632 difficiles
1475 2613 1499 2632 et
1514 2605 1640 2632 obscurae
1672 2605 1710 2632 Id.
1725 2606 1777 2632 Off.
1792 2615 1818 2638 1,
1832 2615 1868 2639 19.
1916 2608 1918 2612 '
1964 2608 2013 2633 Res
2027 2606 2143 2635 difficilis
2163 2616 2189 2636 et

43 2639 156 2675 Poenam
172 2641 278 2668 differre
296 2640 433 2669 Claudian.
455 2643 486 2669 de
501 2643 564 2669 Bell.
578 2644 636 2670 Get.
652 2652 710 2676 394.
782 2643 813 2668 Se
832 2641 938 2667 differre
957 2642 985 2666 in
1004 2641 1082 2666 horas
1145 2640 1259 2666 multum
1286 2641 1361 2674 saepe
1395 2640 1507 2675 quaesita
1546 2641 1601 2667 Cic.
1624 2641 1655 2667 de
1669 2641 1761 2675 Legib.
1777 2650 1798 2673 3,
1811 2650 1847 2673 33.
1918 2642 1957 2668 Id.
1972 2642 2004 2669 dc
2020 2643 2055 2669 N.
2071 2644 2101 2669 D.
2116 2653 2137 2676 3,
2151 2653 2189 2678 94

42 2682 166 2701 venturas
180 2676 260 2702 Ouid.
274 2676 306 2702 de
320 2678 394 2702 Rem.
409 2679 500 2703 Amor.
511 2686 577 2708 ι,93.
627 2678 693 2703 Plin.
707 2677 784 2710 Epist.
800 2686 819 2708 1,
832 2685 865 2703 22
890 2676 1045 2706 Mirareris,
1063 2675 1080 2700 fi
1090 2691 1125 2716 70
1145 2676 1215 2700 Haec
1228 2675 1284 2701 fere
1297 2675 1385 2702 dicere
1395 2676 1475 2702 habui
1488 2675 1617 2702 denatura
1625 2677 1745 2708 deorum,
1754 2685 1807 2702 non
1816 2683 1843 2702 vt
1855 2677 2100 2711 eamtollerem,sed
2111 2681 2186 2706 vtin-

42 2710 188 2743 interesses,
209 2720 261 2745 qua
280 2711 405 2745 patientia
424 2711 489 2737 hanc
510 2712 590 2745 ipsam
611 2712 791 2737 valetudinem
810 2711 921 2742 toleret,
944 2717 972 2736 vt
992 2710 1081 2735 dolori
1146 2709 1317 2744 telligeretis,
1334 2720 1414 2745 quam
1427 2712 1486 2737 esset
1498 2711 1625 2743 obscura,
1646 2716 1673 2737 et
1686 2721 1764 2745 quam
1777 2710 1897 2738 difficiles
1911 2714 2054 2748 explicatus
2069 2714 2186 2742 haberet.

41 2745 155 2777 resistat,
176 2751 204 2772 vt
217 2746 294 2772 Sitim
307 2746 426 2779 differat5
445 2754 473 2773 vt
488 2745 672 2772 incredibilem
686 2746 803 2772 febrium
820 2746 941 2771 ardorem
955 2746 1080 2771 immotus
1145 2745 1221 2779 Virg.
1237 2747 1300 2772 Aen.
1316 2753 1337 2778 5,
1348 2749 1393 2779 863
1410 2748 1520 2780 Iamque
1532 2747 1598 2773 adeo
1610 2747 1736 2781 Scopulos
1749 2747 1869 2774 Sirenum
1882 2748 1989 2775 aduecta
2004 2750 2108 2776 subibat
2128 2751 2186 2777 Dif-

39 2786 201 2814 opertusque
224 2783 390 2808 transmittat.
507 2782 584 2807 Sitim
602 2781 703 2807 distulit
720 2782 759 2808 ira
787 2782 868 2807 Ouid.
889 2782 951 2806 Met.
966 2783 999 2812 6,
1022 2782 1079 2812 366.
1143 2779 1225 2806 ficiles
1238 2782 1380 2815 quondam.
1452 2782 1668 2816 Tempestatibus
1682 2781 1878 2809 difficilioribus
1891 2785 1931 2810 vti
1951 2786 2021 2812 Caes.
2036 2787 2063 2811 B.
2078 2787 2107 2812 C.
2117 2794 2136 2817 3,
2152 2794 2184 2819 15.

40 2816 96 2842 Cic.
110 2815 222 2849 Philipp.
237 2822 260 2848 8,
282 2825 311 2848 23
335 2827 356 2844 c.
369 2823 382 2847 8
415 2817 484 2842 Cum
498 2817 619 2850 Tempus
639 2816 685 2841 ille
703 2816 836 2848 differret,
856 2815 959 2849 virgula
971 2815 1079 2841 stantem
1143 2815 1265 2849 Tempus
1279 2816 1354 2850 Reip.
1369 2815 1556 2844 difficillimum
1578 2818 1633 2845 Cic.
1648 2817 1760 2853 Philipp.
1775 2827 1797 2852 ς,
1805 2821 1835 2851 36
1847 2829 1867 2845 c.
1878 2828 1910 2851 ι3.
1947 2821 1977 2846 Et
1991 2819 2186 2848 Difficillimum

40 2851 254 2885 circumscripsit,
273 2859 319 2877 etc.
391 2853 484 2878 Horat.
498 2851 575 2886 Epist.
589 2860 607 2881 1,
626 2859 649 2881 2,
668 2859 697 2883 39
722 2850 819 2877 Differs
837 2850 946 2877 curandi
959 2850 1080 2884 Tempus
1093 2861 1124 2888 75
1142 2851 1284 2878 solutionis
1316 2857 1418 2886 tempus
1449 2852 1488 2879 Id.
1511 2862 1559 2887 pro
1577 2854 1682 2880 Caecin.
1703 2863 1735 2880 11.
1804 2855 1909 2881 Terrae
1924 2854 2044 2882 difficiles
2058 2857 2184 2891 primum,

41 2887 70 2914 in
83 2895 189 2913 annum.
261 2888 353 2913 Iterum
371 2888 428 2913 Cic.
441 2886 473 2913 de
487 2888 563 2913 Prou.
576 2888 654 2913 Cons.
668 2891 697 2916 28
718 2895 739 2912 c.
755 2895 778 2912 ιι
803 2886 858 2912 Alii
871 2886 992 2920 Tempus
1007 2885 1080 2911 diffe.
1143 2885 1274 2920 collesque
1286 2887 1396 2922 maligni
1417 2888 1492 2923 Virg.
1507 2890 1604 2923 Georg.
1619 2898 1645 2921 2,
1683 2909 1689 2916 .
1726 2910 1733 2916 .
1769 2889 1794 2916 h.
1815 2899 1835 2916 e.
1874 2891 2032 2917 contumaces
2058 2899 2081 2917 et
2101 2892 2184 2919 darae.

42 2922 143 2949 rebant.
214 2921 294 2948 Ouid.
307 2923 371 2948 Met.
385 2931 411 2955 9,
425 2925 474 2956 763
499 2922 581 2949 Modo
595 2930 712 2956 tempora
726 2921 834 2948 differt:
863 2930 931 2947 nunc
951 2921 1013 2947 ficto
1027 2921 1080 2947 lan·
1143 2921 1216 2947 Caes.
1230 2923 1257 2948 B.
1271 2923 1303 2949 G.
1317 2925 1343 2955 6,
1364 2926 1380 2949 6
1404 2924 1465 2950 Erat
1485 2925 1554 2950 inter
1573 2924 1719 2951 Labienum
1738 2931 1816 2960 atque
1836 2925 1937 2952 hostem
1956 2925 2059 2953 difficili
2077 2928 2183 2954 transitu

42 2966 124 2992 guore
136 2966 237 2984 moram
250 2957 338 2984 trahit.
353 2979 356 2982 ,
410 2958 466 2984 Cic.
480 2957 583 2984 de‘Fin.
598 2967 624 2990 4,
639 2966 648 2983 1
671 2958 739 2984 Cum
759 2966 809 2991 ego
829 2963 855 2983 te
874 2957 920 2983 hac
938 2966 1009 2983 noua
1024 2957 1080 2991 lege
1142 2957 1256 2990 flumen,
1278 2959 1395 2993 ripisque
1408 2960 1562 2994 praeruptis.
1615 2961 1656 2987 sic
1670 2959 1786 2986 difficilis
1806 2961 1878 2987 locus
1906 2962 2006 2988 Sallust.
2021 2963 2048 2988 in
2063 2963 2181 2997 Iugurth.

41 2992 146 3020 videam
165 2992 259 3019 eodem
278 2992 322 3019 die
343 2994 487 3020 accusatori
506 2993 678 3028 respondere,
699 2999 724 3019 ct
744 2993 828 3020 tribus
848 2993 921 3019 horis
938 3001 1079 3027 perorare,
1143 3012 1150 3019 .
1189 3013 1195 3019 .
1234 3014 1239 3020 .
1276 2995 1347 3020 Caes.
1363 2995 1391 3020 B.
1406 2996 1437 3021 G.
1455 3000 1477 3027 8,
1491 3005 1535 3029 40.
1609 2996 1661 3022 Via
1686 2994 1802 3022 difficilis
1831 2997 1913 3023 Ouid.
1934 2998 2024 3024 Amor.
2040 3006 2063 3030 3,
2079 3007 2114 3029 12,
2127 3006 2181 3033 227.

43 3028 72 3055 in
85 3028 131 3054 hac
151 3037 193 3055 me
206 3029 280 3055 causa
293 3029 415 3062 Tempus
437 3028 580 3055 dilaturum
599 3035 671 3064 putas
686 3030 694 3055 ἓ
764 3028 955 3055 Vadimonium
973 3029 1079 3055 differre
1093 3040 1125 3064 80
1143 3029 1208 3054 Vsus
1223 3030 1250 3055 in
1263 3029 1367 3056 dicendi
1380 3029 1466 3057 studio
1479 3030 1651 3058 difficillimus
1671 3032 1727 3058 Cic.
1742 3032 1773 3059 de
1790 3033 1863 3058 Orat.
1878 3041 1889 3063 3
1903 3042 1924 3058 c.
1939 3040 1975 3065 55.
2165 3042 2181 3059 2

43 3072 101 3090 cum
113 3063 203 3098 aliquo
218 3064 273 3090 Cic.
288 3064 341 3090 Att.
354 3073 379 3096 2,
394 3072 426 3090 22
449 3064 477 3090 de
489 3065 601 3100 consensu
610 3067 776 3099 priuatorum.
830 3067 868 3090 At
887 3066 978 3090 quen.
994 3064 1044 3090 Sat.
1059 3073 1082 3096 3,
1144 3065 1270 3091 formulae
1285 3076 1292 3090 .·
1328 3066 1448 3092 Alicuius
1463 3067 1584 3101 precibus
1597 3068 1644 3093 else
1659 3066 1792 3093 difficilem
1813 3066 1893 3094 Ouid.
1908 3076 1939 3093 ex
1955 3069 2037 3093 Ponto
2049 3076 2080 3100 2,
2093 3077 2123 3100 2,
2138 3077 2180 3094 20.

28 3102 30 3108 '
46 3107 85 3125 ιη
110 3100 137 3127 Si
151 3108 242 3133 magna
255 3099 369 3126 Asturici
384 3099 479 3126 cecidit
492 3100 601 3132 domus,
618 3100 727 3126 horrida
743 3106 842 3132 mater,
877 3100 971 3126 Pullati
991 3108 1081 3134 proce·
1143 3099 1225 3126 Aditu
1238 3099 1353 3127 difficilis
1365 3102 1504 3135 prouincia
1526 3103 1617 3129 Tacit.
1632 3112 1666 3134 11,
1704 3123 1710 3128 .
1748 3123 1754 3129 .
1790 3103 1855 3128 Plin.
1873 3111 1907 3134 12,
1923 3111 1950 3135 19
1974 3104 2029 3137 Ipse
2042 3104 2129 3129 frutex
2143 3103 2180 3137 gi-

23 3144 26 3145 *
42 3143 102 3166 ses,
122 3134 208 3161 differt
216 3134 374 3161 Vadimonia
386 3136 502 3162 Praetor.
574 3137 611 3161 De
627 3136 813 3172 litigatoribus:
833 3135 889 3162 Cic.
904 3145 952 3170 pro
965 3136 1080 3169 Qiintio
1143 3136 1233 3169 gnitur
1245 3137 1274 3162 iu
1287 3136 1384 3170 planis,
1405 3137 1446 3163 sed
1460 3137 1608 3164 denfiffimis
1623 3139 1651 3164 in
1664 3138 1788 3172 vepribus
1802 3138 1944 3172 rubisque,
1970 3137 2084 3164 difficilis
2100 3138 2179 3164 colle-

46 3177 79 3197 22.
98 3169 198 3196 Deinde
210 3171 309 3196 Romae
327 3171 381 3197 dies
402 3179 476 3198 xxx
498 3171 554 3198 fere
569 3171 694 3204 Qiintius
713 3177 894 3199 commoratur
909 3182 914 3198 ε
947 3181 1006 3197 cum
1027 3179 1081 3197 cae-
1145 3168 1196 3196 em.
1287 3172 1342 3199 Cic.
1357 3173 1428 3199 Fam.
1443 3182 1462 3205 ι,
1475 3181 1492 3208 7
1525 3174 1603 3207 Qiod
1618 3173 1683 3200 scire
1696 3174 1746 3205 vis,
1761 3182 1812 3207 qua
1821 3174 1932 3208 quisque
1945 3174 1973 3200 in
1986 3180 2011 3200 te
2027 3173 2076 3199 fide
2090 3173 2135 3205 sit,
2154 3179 2180 3200 et

47 3204 124 3236 teris,
144 3214 210 3239 quae
230 3205 340 3233 habebat
359 3206 517 3233 Vadimonia
539 3207 635 3233 differt.
711 3208 759 3234 Per
776 3209 963 3233 translationem
977 3217 985 3231 .·
1011 3207 1080 3233 Mar·
1096 3213 1131 3242 85
1143 3207 1295 3240 voluntate,
1313 3206 1420 3235 difficile
1435 3209 1507 3235 dictu
1523 3210 1566 3236 est.
1659 3210 1714 3236 Cic.
1730 3207 1808 3235 Acad.
1822 3218 1850 3242 4,
1888 3229 1893 3235 .
1930 3229 1936 3234 .
1973 3229 1979 3235 .
2017 3210 2050 3234 Vt
2069 3207 2178 3235 difficile

49 3237 103 3264 fial-
116 3245 138 3271 8,
152 3243 185 3275 67
209 3241 275 3267 Cum
290 3241 370 3268 modo
385 3242 541 3269 Distulerint
558 3251 650 3269 raucae
658 3241 817 3269 Vadimonia
831 3242 950 3274 chartae,
974 3246 992 3268 i.
1005 3241 1079 3275 caust-
1141 3242 1172 3268 lit
1186 3242 1218 3268 de
1230 3244 1379 3270 temeritate
1392 3253 1483 3271 eorum
1493 3265 1500 3277 ,
1523 3244 1632 3279 perinde
1645 3251 1673 3271 vt
1686 3246 1758 3270 causa
1772 3244 1895 3278 postulat,
1908 3243 2002 3270 dicere.
2073 3244 2113 3270 Est
2127 3243 2180 3270 dif-

48 3272 164 3308 dIcisuas
175 3275 274 3303 chartas
286 3275 416 3303 iactantes.
491 3279 571 3304 Etiam
586 3277 704 3313 personae
717 3278 834 3304 dicuntur
850 3277 967 3310 differri,
984 3281 1078 3303 cumin
1142 3277 1211 3304 ficile
1229 3279 1262 3304 ad
1282 3279 1362 3306 fidem
1380 3286 1433 3306 tam
1453 3281 1481 3306 in
1498 3281 1607 3314 antiqua
1623 3289 1667 3312 re,
1691 3286 1756 3314 quot
1776 3280 1966 3314 pugnauerint,
1991 3278 2179 3313 ceciderintue,

47 3310 123 3347 aliurn
135 3309 217 3343 locum,
234 3312 277 3339 vel
290 3319 382 3347 tempus
399 3315 555 3339 reiiciuntur.
604 3314 662 3339 Liu.
678 3316 717 3345 26,
732 3322 756 3346 51
779 3314 987 3349 delegationibus,
1006 3314 1077 3346 Qias
1141 3313 1233 3340 exacto
1247 3312 1376 3341 affirmare
1391 3324 1502 3342 numero
1521 3317 1580 3342 Liu.
1595 3324 1618 3347 3,
1655 3336 1661 3341 .
1699 3335 1705 3341 .
1778 3316 1827 3341 Res
1845 3314 1958 3341 difficilis
1973 3314 2004 3340 ad
2020 3315 2178 3342 credendum

47 3350 145 3378 partun
163 3344 221 3371 dato
235 3349 357 3382 responso
376 3357 407 3374 ex
421 3348 516 3375 itinere
529 3349 642 3381 dimilit,
663 3349 758 3383 partim
773 3349 872 3375 distulit
885 3349 1078 3381 Tarraconem,
1141 3350 1246 3375 Lucret.
1262 3359 1286 3381 2,
1301 3352 1368 3376 1026.
1440 3352 1496 3377 Cic.
1509 3351 1560 3378 Off.
1576 3360 1595 3382 1,
1610 3353 1655 3377 126
1673 3349 1812 3376 Difficilius
1826 3351 1861 3376 est
1873 3350 1904 3376 ad
1921 3349 2114 3383 eloquendum,
2134 3350 2177 3377 sed

49 3388 103 3413 quo
123 3394 168 3398 —
185 3380 297 3409 edixerat
315 3390 480 3410 conuentum.
554 3384 627 3411 Idem
647 3393 687 3417 39,
700 3393 730 3416 32
755 3386 784 3411 Et
797 3385 818 3410 ii
833 3383 926 3418 repulfi
937 3404 945 3416 ,
963 3385 991 3410 in
1006 3385 1076 3418 spem
1085 3400 1120 3424 90
1141 3385 1200 3410 satis
1213 3386 1264 3412 erit
1278 3386 1401 3420 intelligi.
1487 3385 1506 3424 Ἴ
1522 3395 1533 3418 3
1555 3385 1953 3420 Difficulantiquidicebantpro
1961 3384 2084 3411 Difficile.
2108 3386 2178 3412 Vnde

49 3413 208 3454 impetrandi
219 3417 318 3445 tandem
328 3419 472 3454 aliquando
485 3419 594 3446 honoris
606 3420 691 3446 dilati.
760 3422 791 3447 Et
810 3429 851 3453 41,
865 3425 877 3449 8
893 3423 951 3451 (12)
974 3421 1080 3447 Postero
1140 3419 1285 3447 Difficultas
1300 3421 1408 3448 videtur
1420 3422 1504 3448 dueta.
1561 3420 1658 3449 Auctor
1671 3420 1703 3455 est
1718 3422 1822 3447 Nonius
1836 3429 1859 3451 2,
1872 3429 1921 3451 33¹·
1941 3424 1984 3455 qui
1997 3420 2098 3447 adducit
2111 3420 2179 3454 testi-

48 3450 93 3476 die
111 3450 190 3489 legati
208 3449 359 3487 Sardorum,
377 3456 425 3489 qui
445 3455 476 3482 ad
489 3465 573 3482 nouos
591 3455 752 3489 magistratus
770 3455 846 3482 dilati
862 3461 952 3488 erant,
972 3456 1026 3490 (et)
1048 3457 1077 3482 L.
1139 3460 1245 3482 monium
1265 3458 1394 3484 Varronis
1418 3458 1558 3492 Bimargo,
1579 3457 1660 3491 Qlod
1678 3463 1767 3483 vtrum
1785 3456 1831 3488 lit,
1850 3464 1989 3490 magnum,
2009 3464 2042 3482 an
2055 3465 2178 3491 paruum,

48 3486 181 3524 Minucius
195 3484 327 3523 Thermus
354 3504 399 3509 —-
428 3491 456 3516 in
469 3491 590 3517 Senatum
603 3491 685 3518 venit.
882 3488 902 3527 fl
923 3500 941 3524 4
968 3491 1076 3526 PaJJiue:
1137 3492 1207 3518 facul
1220 3491 1369 3519 andifficul.
2041 3520 2042 3525 ¹

48 3521 129 3561 Plaut-
145 3519 233 3546 ΘΗΜ·
247 3529 272 3552 2,
286 3529 304 3551 1,
317 3531 328 3555 ς
351 3525 431 3552 Miser
446 3527 598 3558 exanimor,
619 3527 702 3559 feror,
723 3525 848 3557 differor,
868 3526 1015 3559 distrahor,
1035 3527 1078 3553 de·
1180 3533 1198 3553 D
1209 3535 1217 3553 1
1227 3535 1242 3554 F
1252 3535 1267 3554 F
1277 3536 1285 3554 1
1295 3535 1341 3555 cv
1352 3535 1397 3555 LT
1407 3535 1465 3560 As,
1486 3528 1541 3554 atis.
1559 3528 1578 3554 f.
1599 3526 1769 3562 [zotha-drus,
1782 3523 1904 3561 δυσεργία,
1918 3523 2040 3558 hamme,
2050 3524 2177 3562 ὃυφςὲρεια]

47 3565 150 3595 τιμιοῐ,
168 3556 244 3582 intell.
261 3556 407 3597 doloribus:
422 3561 495 3596 ,quod
505 3562 608 3589 additur
620 3563 688 3588 Ter.
704 3562 779 3588 Adel.
798 3571 827 3594 3,
839 3571 874 3594 4,
889 3572 925 3596 40
951 3563 1075 3589 Miseram
1091 3572 1122 3597 95
1142 3563 1223 3589 Plaut.
1237 3564 1311 3598 Epid.
1325 3573 1345 3593 2,
1360 3573 1382 3596 2,
1398 3572 1439 3596 103
1458 3564 1500 3590 Ne
1514 3572 1563 3598 qua
1578 3563 1613 3589 ob
1632 3572 1687 3588 eam
1707 3562 1880 3595 suspicionem
1903 3560 2041 3588 difficultas
2063 3563 2176 3589 eueniat.

48 3601 106 3624 me,
127 3590 235 3617 dlffesffl'
249 3591 398 3627 dOlOFlbtss,
424 3600 441 3622 i.
457 3596 586 3628 d‘iuellor,
607 3597 766 3630 discrucior,
786 3597 931 3630 dilaceror,
951 3599 1076 3624 Donatus.
1143 3598 1199 3624 Cic.
1209 3599 1260 3625 Att.
1276 3604 1298 3629 8,
1312 3608 1324 3631 3
1343 3601 1374 3626 In
1388 3606 1499 3633 Vtraque
1512 3608 1584 3624 enim
1597 3607 1625 3624 re
1638 3599 1735 3623 summa
1750 3595 1888 3623 difficultas
1902 3598 1970 3629 erit,
1987 3598 2100 3623 summus
2121 3598 2176 3624 ani-

47 3627 156 3654 Differri
173 3635 262 3653 amore
276 3627 317 3653 vel
331 3629 483 3664 cupiditate,
499 3639 542 3659 aut
560 3633 660 3659 laetitia
675 3633 756 3659 Plaut.
771 3633 829 3659 Mil.
845 3643 873 3666 4,
885 3643 913 3666 4,
929 3642 967 3668 27.
1004 3633 1076 3660 Idem
1143 3633 1180 3659 mi
1194 3632 1280 3660 dolor.
1385 3634 1422 3661 Id.
1439 3644 1486 3669 pro
1500 3635 1602 3661 Cluent.
1617 3641 1632 3658 2
1670 3633 1802 3667 Prospicio
1815 3638 1941 3667 quantum
1955 3633 1982 3658 in
1994 3633 2097 3667 agendo
2109 3631 2176 3659 diffi-

48 3663 77 3689 in
90 3662 205 3702 'nsum-l·
220 3671 286 3702 4,,1,
302 3671 314 3694 3
339 3663 384 3688 Dii
395 3667 494 3699 magni,
513 3675 542 3695 vt
554 3677 603 3703 ego
617 3669 698 3695 laetus
713 3669 783 3700 sum,
804 3675 830 3695 et
843 3668 944 3695 laetitia
958 3668 1076 3695 differor.
1141 3668 1261 3699 cultatiS,
1281 3675 1306 3695 et
1319 3677 1444 3704 quantum
1459 3670 1556 3696 laboris
1571 3668 1600 3694 sit
1614 3667 1744 3694 habitura.
1813 3669 1869 3694 Cic.
1883 3668 1914 3694 de
1927 3669 2001 3695 Orat·
2018 3678 2036 3699 1,
2049 3671 2076 3695 16
2100 3666 2174 3702 Qlid

44 3698 150 3726 Inuidffl
163 3697 280 3729 dlffffi‘ss,
305 3701 321 3723 ι’.
336 3697 433 3725 traduci
449 3701 560 3736 Propert.
570 3713 588 3736 1,
605 3707 642 3736 16,
662 3709 703 3737 48.
747 3704 804 3730 Vid.
822 3713 847 3730 ιι.
863 3713 880 3730 ι.
1143 3705 1215 3730 enim
1229 3705 1302 3730 aliud
1314 3705 1342 3731 in
1354 3707 1466 3732 maxima
1475 3704 1629 3731 discentium
1643 3703 1828 3736 multitudine,
1850 3711 1894 3730 etc.
1931 3704 1979 3730 effe
1991 3705 2079 3730 causae
2092 3709 2175 3738 putet,

83 3740 118 3760 DI
129 3740 169 3760 FF
180 3732 248 3773 ξιξ-Ε
258 3741 279 3760 N
290 3739 317 3764 S,
342 3734 416 3760 entis.
452 3736 542 3764 Partic.
556 3744 559 3748 ’
577 3738 728 3774 [διαφέρων]
772 3740 828 3766 Cic.
849 3739 880 3765 de
901 3739 965 3764 Fato
978 3743 991 3769 8
1015 3747 1036 3765 c.
1056 3748 1074 3772 4
1085 3751 1132 3769 100
1141 3739 1189 3765 nisi
1204 3740 1242 3766 rei
1255 3740 1384 3774 quandam
1400 3739 1583 3767 incredibilem
1596 3739 1802 3772 magnitudinem
1815 3748 1843 3765 ac
1857 3738 2035 3765 difficultatem
2050 3741 2059 3765 3
2107 3738 2174 3765 Adai.

45 3770 179 3802 Ql‘ffliflffl
193 3775 288 3802 lgllffl',
307 3772 404 3803 snqffl'ss
424 3775 522 3797 tantum
535 3781 625 3801 natura
644 3784 658 3801 a
677 3782 769 3801 natura
782 3775 872 3805 distat,
893 3774 957 3809 quid
975 3775 1074 3800 mirum
1143 3775 1204 3801 Diu.
1218 3776 1246 3801 in
1259 3777 1334 3802 Verr.
1348 3786 1368 3802 c.
1384 3786 1418 3802 12.
1490 3775 1546 3800 Cic.
1560 3780 1698 3808 antequam
1713 3775 1765 3801 iret
1777 3775 1805 3801 in
1818 3775 1880 3801 exil.
1895 3784 1916 3801 11
1942 3775 1968 3800 Si
1982 3775 2100 3808 Qiirites
2112 3782 2174 3799 eun-

45 3804 90 3836 est,
103 3804 148 3830 has
162 3804 380 3830 diffimilitudines
393 3813 423 3830 ex
437 3804 616 3835 differentibus
630 3810 708 3837 causis
727 3811 775 3836 esse
789 3810 869 3836 saetas
882 3811 890 3835 3
959 3809 1032 3836 Idem
1045 3810 1077 3836 de
1142 3810 1200 3837 dem
1228 3811 1255 3837 in
1275 3818 1436 3838 caeterorum
1456 3809 1579 3844 periculis
1599 3808 1753 3836 haberemus
1772 3811 1905 3842 animum,
1925 3819 2001 3844 quem
2029 3810 2056 3835 in
2079 3808 2173 3834 uostris

46 3838 136 3873 Legib·
149 3849 168 3872 ¹,
187 3845 214 3871 38
238 3840 403 3866 Aristotelem
425 3846 449 3866 et
465 3840 675 3876 Theophrastum
695 3855 754 3872 cum
772 3846 832 3872 illis‘
845 3852 1016 3879 congruentes
1036 3855 1075 3878 re,
1140 3845 1353 3878 difficultatibus,
1374 3855 1418 3872 etc.
1514 3846 1569 3871 Cic.
1584 3845 1611 3870 in
1628 3845 1704 3872 Catil.
1721 3855 1739 3878 1,
1756 3855 1784 3879 14
1815 3845 1855 3872 Ad
1868 3846 1913 3871 illa
1932 3847 2024 3871 venio,
2040 3853 2107 3878 quae
2120 3851 2172 3868 non

46 3882 138 3907 genere
152 3875 263 3901 docendi
277 3876 392 3910 paullum
406 3875 571 3909 differentes,
590 3880 669 3906 secuti
681 3882 747 3907 sunt.
826 3882 882 3907 Cic.
900 3881 932 3907 de
946 3881 1036 3915 Legib.
1054 3890 1074 3914 1,
1141 3881 1172 3908 acl
1187 3883 1316 3915 priuatam
1330 3880 1503 3915 ignominiam
1517 3881 1645 3907 vitiorum
1658 3888 1779 3909 tuorum.
1798 3890 1851 3907 non
1865 3881 1897 3907 ad
1916 3879 2081 3906 domesticam
2101 3885 2171 3904 tuam

45 3917 77 3941 30
97 3909 198 3936 Etenim
195 3911 289 3974 ντῑὸιὲο,
297 3920 355 3974 illua
367 3920 419 3939 vna
431 3911 585 3946 praestamus
597 3912 680 3942 beluis
689 3935 698 3949 ,
714 3923 759 3944 etc.
786 3922 855 3946 certe
870 3916 906 3943 est
917 3917 1072 3949 communis,
1087 3932 1128 3959 ¹05
1140 3917 1320 3944 difficultatem
1332 3926 1360 3944 ac
1373 3914 1575 3978 turpiffdiuem,
1586 3916 1628 3943 sed
1639 3916 1672 3943 ad
1685 3918 1812 3944 summam
1825 3915 1947 3950 Reipubl.
1961 3921 2038 3947 atque
2051 3913 2171 3974 οηηιιῐιὶιὲη
