2479 4225
659 122 904 163 DIF

270 218 387 247 nosti-sim
399 217 478 242 vitam
490 232 498 245 ‚
518 213 678 246 salutemque
691 210 828 245 pertinent.
862 242 867 247 ι
934 206 998 231 Plin.
1013 203 1091 238 Epis-t.
1106 210 1150 238 157
1169 203 1242 232 Vna,
1253 199 1296 239 scd

272 255 384 281 maxima
395 249 539 279 difficultas,
559 247 629 281 quod
644 247 704 273 haec
718 253 828 278 aequare
842 240 951 268 dicendo
962 239 1083 265 arduum.
1156 236 1237 263 Nulla
1244 234 1295 274 d¹.f·

271 288 368 315 ficultas
399 294 412 310 a
431 292 471 309 me
495 283 545 308 erit
570 282 663 314 vobis,
682 288 725 307 etc.
752 280 818 305 Ter.
849 277 911 302 Hec.
935 283 961 315 43
974 283 1002 307 4,
1015 282 1056 308 4³⁶·
1071 310 1077 314 ἱ
1164 272 1295 310 Numaria

271 320 422 349 difficultas,
439 324 462 343 et
474 318 514 343 rei
527 318 674 346 numariae,
695 318 712 340 i.
725 316 873 346 Paupertas,
892 315 921 334 vt
933 316 971 349 <uf
984 310 1110 348 Asconius
1120 327 1127 338 ,
1154 312 1179 332 et
1193 314 1292 345 inopia.

273 358 325 383 Cic.
341 357 415 380 Verr.
428 362 442 379 2
468 361 489 379 ιι
513 353 586 378 Num
603 357 671 377 tanta
688 347 823 374 difficultas
849 353 909 369 eum
929 353 969 370 rei
1002 352 1137 371 numanae
1163 346 1293 381 tenuerit.

270 391 343 417 idem
360 372 524 414 Verr.³Ac·”t.1
543 389 577 417 69
590 395 610 411 c.
627 390 655 414 28
673 384 703 409 Et
716 382 789 409 simul
802 378 930 411 ostendit,
951 381 977 406 se
990 380 1018 406 in
1033 381 1131 406 summa
1143 376 1294 416 difficultate

271 425 318 451 esse
348 423 481 456 numaria,
517 407 569 448 did.
603 425 724 445 NVMVS.
829 412 995 441 Ditiicultatis
1008 414 1154 450 patrocinia
1168 414 1296 446 praetexi-

270 468 328 486 mus
342 458 464 492 segnitiae
483 454 589 489 Quin&
604 462 622 483 1,
636 462 669 479 12.
739 450 809 477 Caes.
824 449 851 475 B.
866 450 897 475 G.
911 459 939 483 4,
952 459 988 483 24
1028 451 1087 476 Erat
1100 448 1136 475 ob
1148 447 1293 487 ‘has—causas

269 496 368 521 siunma
392 491 543 522 difficultas,
567 488 637 522 quod
654 495 731 514 naues
753 490 860 519 propter
879 484 1103 519 magnitudinem,
1128 482 1174 509 tufi
1194 491 1222 508 in
1242 482 1296 508 alto

269 529 391 555 constitui
403 537 456 554 non
470 532 595 560 poterant.
1227 552 1234 557 .

268 564 454 591 frumentariae
489 561 543 586 cic.
562 567 609 592 pro
627 558 714 584 Domo
733 556 777 581 sua
790 564 817 581 12
830 565 851 581 c.
872 564 893 589 ς.
999 556 1088 583 Celsus
1102 563 1127 587 2,
1142 562 1158 580 2
1172 553 1296 588 adfinem,

269 600 342 626 Num
357 597 420 633 quid
433 595 530 629 saepius
546 593 642 620 horum
655 590 753 624 aliquid
767 591 881 623 eueniat,
890 600 918 618 ac
931 599 1017 625 neque
1030 591 1092 617 ideo
1111 589 1230 624 corporis
1243 587 1297 613 vlia

268 633 403 661 difficultas
417 631 590 663 subsequatur.
660 626 747 652 Celsus
761 635 784 658 2,
799 635 805 651 1
820 626 854 651 ad
862 627 957 660 finem,
976 626 1054 653 Obesi
1068 625 1223 660 plerumque
1237 631 1295 649 acu-

268 670 302 697 tis
314 668 420 695 morbis·
429 672 453 691 et
474 663 624 690 difficultate
638 661 757 696 Spirandi
777 661 984 696 strangulantur,
1002 662 1143 695 subitoque
1156 660 1230 694 saepe
1241 667 1298 684 mo-

268 706 380 732 riuntur.
420 698 499 732 Qiod
535 700 562 725 in
588 705 697 730 corpore
728 696 849 722 tenuiore
874 697 919 723 vix
940 698 1037 724 euenit.
1074 698 1115 724 Sic
1129 695 1195 722 Plin.
1209 701 1297 727 20,17.

268 739 333 766 Cels.
348 748 367 769 ς,
379 743 408 767 25
428 736 488 761 Siue
500 740 586 760 autem
599 732 690 765 capitis
704 731 824 762 dolores,
845 731 897 758 flue
910 732 1011 764 Vlcera,
1028 732 1080 759 siue
1093 729 1237 766 lippitudo,
1245 729 1297 756 siue

267 775 368 803 dentes,
388 771 440 796 siue
453 769 562 803 Spiritus
576 766 729 798 difficultas,
752 767 805 793 siue
821 767 1005 795 intestinorum
1017 773 1155 798 tormenta,
1163 773 1207 793 etc.
1250 765 1299 790 Va-

264 806 385 834 letudinis
399 805 520 831 aduersae
533 802 698 829 difficultates
713 802 831 829 Scribon.
845 803 891 837 Ep.
927 823 934 829 .
974 824 980 830 .
1031 803 1168 829 Vitiorum
1188 799 1297 827 difficul-

263 850 300 869 tas
314 840 437 867 naturalis
456 838 575 864 Scribon.
591 846 646 873 ¹07-
751 838 817 864 Plin.
831 846 874 870 20,
890 846 910 864 11
931 838 1136 866 Difficultatibus
1149 837 1248 863 Vrinae
1262 835 1298 861 se-

263 886 323 903 men
340 877 395 902 cius
414 873 552 900 decoctum
574 882 604 900 ex
623 873 708 900 mulso
727 879 818 908 potum
831 873 960 900 medetur.
1064 874 1122 900 Cic.
1141 874 1214 899 Verr.
1230 880 1252 903 3,
1266 878 1297 910 ςρ
1313 887 1329 906 2

261 911 340 944 Quod
354 917 408 936 tum
421 910 569 936 recentibus
583 910 633 936 suis
646 908 756 942 officiis,
775 909 876 943 integra
888 918 933 941 re,
959 909 1050 936 Nullis
1063 910 1124 944 Pop.
1138 909 1215 935 Rom.
1229 905 1296 933 diffi-

259 946 398 973 cultatibus
422 954 437 972 a
462 944 609 971 maioribus
629 945 724 971 nostris
741 944 848 971 foedere
869 944 967 978 assequi
993 951 1153 978 potuerunt,
1179 944 1205 970 id
1227 951 1295 967 nunc

258 982 334 1008 nullo
347 979 437 1007 officio
451 980 498 1006 suo
512 986 552 1006 tot
564 981 638 1007 annis
651 980 722 1015 post,
742 980 800 1007 iure
814 980 921 1014 imperii
935 979 1017 1006 nostri
1031 980 1171 1014 quotannis
1190 978 1296 1012 vsurpa-

259 1023 317 1044 tum
335 1025 362 1043 ac
383 1017 484 1050 semper
504 1022 652 1049 retentum,
671 1016 771 1042 summa
788 1016 818 1042 in
832 1013 986 1042 difficultate
999 1017 1123 1048 nauium,
1139 1024 1153 1041 a
1167 1015 1197 1040 C.
1212 1015 1296 1040 Verre

257 1052 345 1087 pretio
360 1052 461 1078 assecuti
475 1052 540 1077 sunt.
736 1048 756 1088 ff
776 1060 793 1077 2
829 1051 955 1077 formulae
977 1051 1104 1077 verborum
1119 1062 1126 1076 .·
1162 1049 1261 1076 Absunt
1280 1057 1294 1074 a

255 1088 335 1114 nobis
348 1087 396 1113 hae
408 1085 572 1114 difficultates
582 1106 591 1118 ,
609 1085 662 1112 vid.
678 1092 795 1113 ABSVM.
902 1086 1027 1113 Affectata
1045 1085 1183 1113 difficultas
1209 1084 1294 1118 Qun-

258 1123 314 1150 &iL
330 1132 350 1156 1,
370 1131 389 1149 1.
462 1122 562 1148 Affcrre
589 1119 770 1148 difficultatem
791 1130 910 1156 magnam
928 1122 1060 1149 voluntati
1084 1131 1114 1148 ac
1138 1120 1293 1155 diligentiae

257 1159 367 1186 alicuius
387 1157 444 1184 Cic.
459 1159 496 1191 Q
507 1157 589 1183 Fratr.
608 1165 626 1187 1,
640 1165 658 1183 1.
701 1157 758 1184 th.
773 1164 906 1184 AFFERO.
1012 1157 1095 1184 Affert
1109 1158 1236 1183 summam
1250 1155 1291 1182 rei

257 1193 438 1221 difficultatem
465 1191 595 1226 Qiinffil.
616 1194 640 1222 6,
654 1200 676 1224 3.
767 1191 877 1219 Afficcrc
890 1191 1058 1226 difficultate,
1078 1193 1132 1219 vid.
1149 1196 1292 1219 AFF1010.

257 1230 314 1257 Cic.
328 1238 375 1264 pro
389 1229 482 1262 Qiint.
497 1236 526 1254 to
540 1236 561 1253 c.
573 1235 586 1252 2
603 1226 662 1253 Tot
676 1227 808 1260 tantisque
821 1227 1018 1254 difficultatibus
1031 1228 1138 1255 affee‘tus
1157 1235 1235 1263 atque
1255 1227 1292 1253 af-

255 1265 357 1295 fliehis,
382 1271 427 1290 etc.
499 1263 701 1289 circumuentus
733 1263 949 1296 difficultatibus,
977 1264 1030 1290 vid.
1054 1269 1290 1291 cmcvmvrmo.

256 1299 428 1327 conflictatus
442 1297 530 1325 multis
545 1306 590 1332 per
604 1306 648 1324 eos
663 1298 717 1324 dies
731 1298 930 1326 difficultatibus
950 1299 1064 1334 Liu.40,
1101 1320 1108 1327 .
1147 1320 1153 1326 .
1224 1299 1291 1325 Cru-

254 1336 320 1362 ciari
335 1333 485 1361 difficultate
504 1333 624 1360 Scribon.
639 1341 689 1368 171.
709 1334 738 1360 de
748 1335 921 1370 hydrophobis.
977 1335 1031 1362 Cic.
1046 1334 1078 1361 de
1091 1336 1156 1362 Fato
1169 1342 1199 1368 59
1219 1334 1292 1360 Dum

253 1377 341 1397 autem
355 1368 444 1396 verbis
459 1369 544 1395 vtitur
558 1369 624 1401 suis,
650 1369 783 1396 delabitur
795 1371 824 1396 in
838 1379 879 1397 eas
894 1369 1067 1397 difficultates.
1174 1371 1228 1397 Cic.
1242 1378 1291 1404 pro

253 1407 373 1433 Muraen.
386 1413 414 1437 19
432 1404 534 1431 Praesto
544 1404 597 1430 fuit
608 1403 714 1436 multis,
734 1406 880 1432 multorum
888 1405 1026 1432 stultitiam
1045 1407 1173 1441 perpessus
1188 1406 1234 1437 est,
1252 1414 1292 1432 ar-

252 1441 401 1476 rogantiam
414 1439 537 1473 pertulit,
557 1437 738 1466 difficultatem
752 1441 902 1467 Exsorbuit.
974 1443 1030 1468 Cic.
1039 1444 1090 1468 Att.
1098 1450 1133 1474 13,
1144 1450 1171 1474 33
1191 1442 1230 1467 De
1244 1450 1290 1467 no-

252 1477 325 1503 mine
338 1483 366 1501 tu
379 1474 482 1501 videbis
496 1483 555 1500 cum
568 1474 667 1507 Cuspio
683 1484 688 1499 :
725 1474 769 1500 sed
788 1475 805 1500 si
829 1476 936 1502 Plancus
956 1476 1080 1509 destinat,
1099 1483 1154 1503 tum
1181 1477 1290 1503 haberes

253 1511 444 1538 difficultatem.
551 1509 607 1535 Cic.
624 1510 694 1535 Fam.
707 1518 734 1543 4,
748 1518 764 1536 2
783 1509 861 1535 Nihil
876 1511 947 1536 enim
961 1512 1085 1537 constitui
1103 1512 1203 1545 potest,
1219 1512 1291 1546 quod

254 1556 308 1574 non
334 1548 452 1573 incurrat
481 1544 510 1570 in
534 1553 655 1578 magnam
680 1544 796 1579 aliquam
818 1543 1007 1571 difficultatem.
1049 1545 1107 1572 Vici.
1131 1552 1292 1572 INCVRRO.

253 1582 402 1616 infringere
415 1578 595 1606 difficultatem
611 1579 722 1605 alicuius
735 1580 792 1611 rei,
808 1580 861 1606 vid.
881 1586 1056 1607 INFRINGO.

255 1627 315 1653 pere
340 1615 534 1647 difficultatem,
567 1614 620 1640 vid.
646 1621 827 1642 PERRVMPO.
932 1616 987 1642 Cic.
1009 1615 1041 1642 de
1062 1616 1137 1642 Orat.
1161 1623 1180 1648 1,
1195 1624 1240 1642 120
1258 1617 1293 1642 Vt

255 1648 327 1680 enim
340 1652 450 1687 quisque
465 1650 564 1685 optime
583 1649 663 1682 dicit,
681 1651 717 1677 ita
731 1651 846 1677 maxime
866 1650 972 1677 dicendi
989 1650 1167 1678 difficultatem
1193 1651 1293 1677 varios-

255 1698 307 1723 que
322 1693 429 1714 euentus
449 1686 576 1713 orationis
592 1685 784 1721 hominumque
795 1687 965 1714 Pertimescit.
1072 1687 1133 1714 Erat
1145 1695 1186 1713 res
1200 1687 1228 1713 in
1240 1695 1294 1713 ma-

254 1733 304 1759 gna
317 1721 469 1750 difficultate
488 1721 560 1747 Caes.
574 1721 601 1748 B.
617 1721 646 1747 C.
662 1730 691 1753 3,
707 1730 739 1755 ις.

267 137 329 183 163

1318 708 1328 727 1

290 1765 353 1784 ΜΡ
363 1764 502 1784 r1C1LE.
523 1756 590 1783 Adu.
626 1757 638 1790 [
645 1758 778 1790 χαλεπᾶς]
814 1757 879 1784 Plin.
893 1765 937 1792 27,
952 1766 986 1785 12.
1022 1757 1078 1784 Cic.
1091 1757 1123 1784 de
1142 1758 1244 1784 Inucnt.
1265 1765 1291 1789 2,
1307 1769 1340 1796 45
1359 1765 1402 1784 tur
1414 1761 1468 1784 viri
1480 1756 1548 1783 doHi
1564 1758 1592 1784 ob
1604 1762 1751 1785 varietatem
1762 1758 1886 1785 temonis.

254 1795 300 1825 169
313 1802 334 1818 c.
349 1794 379 1824 56
398 1790 513 1817 Difficile
528 1797 614 1817 autem
627 1791 702 1824 fieri,
723 1792 794 1827 quod
809 1802 958 1828 quanquam
970 1792 1082 1824 laboris,
1103 1793 1217 1824 sumtus,
1233 1801 1290 1819 nio-

253 1828 355 1857 iestiae,
375 1826 577 1860 longinquitatis
599 1826 716 1860 indiget,
736 1834 782 1854 etc.
819 1828 947 1863 Praeceffit
971 1828 1057 1855 Facile
1080 1826 1147 1854 fieri.
1183 1828 1252 1854 Vell.
1264 1836 1291 1860 2,

251 1867 293 1896 63,
308 1872 320 1895 3
339 1861 396 1888 Sibi
410 1860 517 1887 difficile
529 1861 701 1887 consentiens.
807 1863 949 1890 Difficilius
963 1864 1138 1898 concoquitur
1161 1863 1228 1889 Plin.
1248 1871 1290 1895 22,

253 1908 289 1926 21.
393 1895 556 1923 Difficillime
571 1906 576 1921 ³
611 1895 676 1922 Plin·
693 1898 735 1927 ¹6,
749 1904 777 1928 33
811 1899 950 1932 Cupressus
963 1899 1079 1930 aduena,
1093 1904 1118 1924 et
1132 1897 1292 1924 difficillime

252 1933 413 1961 nascentium
429 1932 490 1957 fuit.
524 1930 590 1958 Add.
610 1939 648 1962 19,
661 1939 687 1966 7.

290 1975 308 1995 D
318 1976 328 1994 1
336 1975 352 1994 F
362 1974 377 1994 F
388 1973 465 1993 1C1L
476 1974 485 1992 1
496 1972 517 1993 T
526 1972 579 1992 ER·
600 1966 667 1992 Adu-
704 1964 845 2002 [dvxsfd‘s]
882 1970 967 1994 rarius
979 1978 986 1992 :
1022 1968 1114 2003 legitur
1129 1973 1210 1993 tamen
1228 1966 1295 2002 apud

253 2002 429 2031 Columellam
443 2011 465 2034 ς,
479 2010 501 2033 3,
517 2010 526 2027 1
549 2000 598 2027 His
611 2001 693 2034 igitur
708 2001 780 2026 velut
799 2002 953 2034 primordiis
971 2001 1036 2030 talis.
1048 2002 1185 2029 ratiocinii
1207 2011 1294 2037 perce-

254 2040 306 2074 ptis
315 2059 323 2071 ,
342 2047 395 2064 non
409 2036 553 2063 difficiliter
567 2036 697 2062 mensuras
710 2035 838 2061 inibimus
857 2045 991 2070 agrorum.
1095 2038 1171 2064 Asiae
1185 2038 1293 2065 arbores

255 2071 629 2106 difficilitercomprehendunt
648 2070 821 2105 Id.ib.c.7,1.
856 2072 924 2107 Qin
938 2073 988 2107 ipse
1001 2073 1057 2099 Cic.
1066 2073 1145 2099 Acad.
1154 2083 1183 2106 4,
1191 2082 1227 2105 49
1234 2082 1255 2098 c.
1265 2075 1293 2098 16

1314 1066 1343 1092 ²5

1312 1245 1344 1269 30

1311 1420 1340 1446 35
1361 1407 1465 1440 Acron,
1483 1406 1626 1441 DiffingaS,
1646 1409 1785 1434 confusum
1797 1408 1935 1434 reformes.

1748 116 1785 156 D
1873 117 1889 156 1
1983 117 2015 156 F

1362 209 1448 231 metus
1461 213 1569 240 quoque
1584 204 1619 231 est
1636 203 1779 231 diffidentia
1793 205 1931 240 aspediati
1945 210 1971 232 et
1985 205 2159 240 impendentis
2174 206 2247 234 mali.
2283 203 2356 233 Idem
2366 204 2398 232 de

1362 239 1465 266 Inuent.
1478 249 1498 273 1,
1513 243 1555 273 16,-
1569 250 1589 266 c.
1608 249 1646 273 54.
1684 239 1809 266 Simulata
1827 239 1916 267 lustin.
1933 250 1959 274 ι,
1973 246 1996 273 8,
2012 250 2047 267 ιο.

1400 281 1419 300 D
1428 282 1438 301 1
1448 282 1463 302 F
1472 282 1488 302 1³
1500 282 1508 301 l
1522 284 1542 302 Ν
1552 283 1571 302 D
1581 282 1601 302 O
1611 295 1619 307 ‚
1638 275 1685 306 idi,
1706 275 1796 306 issum,
1817 278 1869 301 ere.
1905 275 2049 312 [δὶαιχιζω]
2087 277 2117 302 In
2130 276 2242 312 diuersas
2251 275 2398 312 par-tufin-

1363 308 1427 335 dere.
1462 312 1536 345 Virg.
1551 312 1614 337 Aen.
1627 319 1653 343 9,
1669 315 1714 343 589
1733 311 1763 336 Et
1779 310 1866 335 media
1877 311 1974 338 aduersi
1990 311 2134 345 liquefaeto
2148 317 2268 345 tempora
2285 311 2399 349 plumbo

1363 342 1484 377 Diffidit,
1501 355 1529 372 ac
1552 346 1634 372 multa
1657 345 1808 380 porrcc'imn
1831 346 1946 372 extendit
1968 356 2054 374 arena.
2127 347 2192 377 Hor.
2213 347 2264 373 Od.
2278 355 2300 379 3,
2315 350 2353 379 16,
2369 348 2398 373 16

1363 393 1407 398 —-
1443 379 1545 407 Diffidit
1557 381 1665 408 vrbium
1703 382 1789 407 Portas
1803 380 1845 406 vir
1859 381 1974 408 Macedo.
2033 383 2088 408 cic.
2101 381 2132 408 dc
2146 382 2266 408 Vniuers.
2279 390 2307 409 21
2324 383 2399 407 Hanc

1363 413 1446 447 igitur
1458 423 1563 442 omnem
1575 416 1787 442 coniumffloncm
1801 415 1946 449 duplicem,
1965 417 1992 443 in
2005 417 2197 452 longitudinem
2214 415 2325 448 diffidit,
2344 425 2400 443 me-

1364 449 1423 475 diae
1444 458 1477 474 ue
1498 452 1695 478 accommodans
1716 452 1844 482 mediam,
1862 450 1931 485 quasi
1953 450 2097 479 decussauit.
2170 452 2248 479 Diem
2260 450 2399 479 diffindere

1365 483 1397 517 {ft
1410 487 1421 510 i
1439 494 1472 510 cm
1482 485 1555 520 fere,
1573 487 1636 521 quod
1646 489 1778 521 ampliare,
1796 486 1900 519 diffirre
1915 486 2033 513 iudicium
2045 491 2071 514 in
2085 490 2159 514 alium
2173 487 2244 513 diem.
2280 488 2399 520 Gell.14‚

2290 132 2297 140 ’
2327 121 2399 170 164

681 523 806 548 Annonae
817 518 968 552 difficultas,
987 522 1139 554 summaque
1151 517 1241 551 inopia
1256 517 1297 543 rei
1316 530 1345 548 10
1365 528 1382 546 2
1402 520 1460 546 Iussi
1474 520 1556 553 igitur
1568 522 1637 548 diem
1652 521 1768 554 diffindi,
1781 528 1886 557 propter
1903 521 2090 556 dubitationem,
2109 530 2137 549 vt
2151 524 2261 558 Spatium
2274 521 2329 555 qffet
2342 532 2399 548 con-

1359 555 1460 590 fidendi
1477 557 1602 582 Fauorini.
1637 558 1698 584 Liu.
1722 567 1748 591 9,
1771 564 1798 589 38
1830 559 1859 583 C.
1881 558 2005 591 Papyrius
2026 557 2129 584 Iunium
2150 557 2297 585 Bubulcum
2316 557 2400 591 magi-

1365 589 1447 616 strum
1467 591 1592 625 Equitum
1611 591 1694 625 dixit,
1714 600 1792 627 atque
1808 592 1833 619 ei
1853 593 1938 627 legem
1958 591 2094 618 Curiatam
2110 594 2142 620 de
2162 594 2276 627 imperio
2290 592 2400 625 ferenti,

1365 626 1438 651 triste
1456 634 1550 657 omen,
1570 626 1640 652 diem
1662 627 1766 655 diffidit.
1802 629 1896 663 Quibus
1919 637 1948 654 ex
1971 628 2031 654 locis
2052 630 2257 665 coniicerefacile
2266 626 2400 663 pofficmus,

1365 659 1505 688 diffindere
1519 662 1589 688 diem
1604 662 1633 687 id
1645 661 1695 695 effi,
1710 671 1753 690 aut
1767 665 1823 690 olim
1831 662 1927 699 suff,
1944 662 2007 698 quod
2018 671 2061 688 nos
2072 671 2122 688 rem
2135 666 2162 689 in
2174 662 2309 698 crastinum
2321 665 2400 689 conti-

1330 707 1344 734 >¹
1365 705 1441 723 tiuare
1453 697 1572 729 dicimus,
1592 698 1633 724 vel
1643 701 1773 725 remittere.
1835 701 1900 726 Tria
1920 701 1982 725 enim
2000 704 2071 724 erant
2089 698 2155 732 apud
2165 703 2279 735 antiquos
2287 705 2401 734 pronun·

1364 732 1449 758 tiandi
1461 741 1550 768 genera
1563 743 1571 757 :
1603 740 1647 758 aut
1662 735 1724 759 enim
1739 734 1793 760 dies
1806 733 2007 766 diffindebatur,
2026 732 2055 759 id
2065 731 2098 765 ‹3st
2111 742 2151 758 res
2160 736 2187 758 in
2199 733 2325 769 posterum
2336 733 2402 760 diem

1364 768 1523 794 reiiciebatur
1538 778 1545 793 :
1579 774 1622 794 aut
1636 770 1933 802 comperendinabatur,
1952 768 1981 795 id
1993 767 2025 802 cst
2039 771 2066 794 in
2083 771 2183 794 tertium
2195 770 2257 796 diem
2269 768 2402 803 dffreba-

1366 808 1409 829 tur
1425 813 1432 827 :
1467 810 1510 830 aut
1522 802 1594 829 iudex
1607 812 1660 829 non
1675 803 1776 837 liquere
1786 805 1975 839 pronuntiabat.
2011 804 2115 838 leian.
2129 803 2169 830 l.2
2188 804 2215 830 Si
2227 805 2286 839 quis
2299 804 2402 830 cautio-

1365 837 1459 870 nibus,
1479 844 1505 865 et
1518 838 1579 865 ideo
1592 839 1670 865 etiam
1685 839 1739 864 Lex
1759 846 1803 865 xii
1817 846 1889 867 TAB.
1902 840 1920 866 si
1934 841 2028 872 iudex,
2050 839 2092 865 vel
2104 839 2171 865 alter
2188 846 2247 865 vter
2264 848 2295 866 ex
2314 840 2402 874 litiga-

1331 888 1348 905 0
1364 873 1468 900 toribus
1480 873 1577 900 morbo
1598 874 1699 900 sontico
1720 874 1894 908 impediatur,
1918 876 1992 902 iubet
2012 875 2082 901 diem
2102 874 2196 900 iudicii
2208 875 2256 900 esse
2269 874 2401 901 diffissum.

1364 908 1423 934 Cum
1437 909 1549 944 allusione
1562 909 1596 935 ad
1609 910 1672 936 banc
1679 909 1834 945 formulam,
1845 910 1891 946 sed
1898 910 1971 946 fi‘nsu
1985 912 2035 937 alio
2049 908 2192 936 Diffindere
2206 909 2277 936 diem
2290 910 2402 937 insititio

1364 944 1457 970 somno
1471 945 1583 972 meridie
1602 946 1688 971 Varro
1702 945 1734 971 R.
1751 945 1782 971 R.
1796 953 1815 976 1,
1828 952 1881 977 2,5.
1899 949 1917 971 i.
1931 950 2084 981 interponere
2091 946 2202 981 somnum
2215 947 2323 981 negotiis
2333 945 2404 971 diur-

1364 981 1415 1006 nis.
1450 982 1554 1016 Proprie
1570 981 1637 1006 Cato
1652 989 1674 1006 c.
1688 989 1720 1013 41
1739 980 1828 1006 Vitem
1841 980 1874 1006 iic
1888 980 2014 1013 inserite,
2032 981 2176 1015 praecidite
2185 1000 2193 1013 ‚
2202 989 2282 1015 quam
2294 980 2404 1012 inseres,

1364 1022 1474 1050 eamque
1487 1017 1602 1042 mediam
1616 1014 1749 1042 diffindito
1763 1025 1809 1050 per
1821 1015 1972 1042 medullam.
2044 1016 2172 1043 Columel.
2188 1025 2212 1047 z,
2225 1025 2254 1049 4,
2268 1018 2285 1042 6
2304 1015 2332 1041 de
2346 1025 2404 1042 ara-

1364 1056 1418 1081 tro,
1437 1052 1502 1078 Non
1523 1052 1624 1078 minute
1648 1050 1763 1077 diffindit
1789 1051 1916 1082 humum,
1934 1051 1977 1077 sed
2001 1052 2086 1078 vastos
2111 1052 2233 1086 caespites
2263 1051 2401 1077 conuenit.

1362 1086 1410 1112 Sed
1423 1087 1537 1113 edendum
1550 1089 1645 1114 curaui.
1699 1086 1826 1122 Qcacdnm
1845 1088 1992 1121 exemplaria
2003 1088 2087 1123 legunt
2099 1086 2233 1114 diffundit.
2304 1087 2402 1113 Ramus

1363 1120 1466 1149 diffissus
1484 1124 1570 1149 Varro
1579 1122 1610 1149 de
1619 1123 1649 1148 R.
1659 1123 1690 1148 R.
1699 1131 1770 1155 ¹³40-
1807 1123 1902 1148 Saxum
1911 1121 2034 1148 diffissum
2052 1123 2108 1149 Cic.
2117 1123 2148 1148 de
2156 1123 2247 1148 Diuin.
2257 1131 2279 1153 1,
2287 1130 2313 1154 23
2320 1130 2381 1153 c.13.

1397 1164 1416 1183 D
1427 1165 1437 1183 1
1449 1165 1466 1184 p
1474 1164 1491 1184 r
1501 1165 1510 1183 1
1521 1164 1534 1183 s
1543 1165 1556 1185 s
1566 1166 1575 1184 1
1585 1165 1603 1185 o
1613 1178 1621 1190 ‚
1642 1158 1708 1184 onis.
1729 1158 1748 1184 f.
1787 1159 1949 1193 prorogatio,
1967 1157 2064 1184 dilatio.
2100 1158 2167 1184 Gell.
2182 1166 2222 1192 14,
2231 1166 2247 1184 2
2266 1158 2297 1183 ln
2311 1165 2402 1184 rerum

1360 1191 1549 1220 Diffiffionibus
1562 1199 1588 1219 et
1601 1193 1934 1228 comperendinationibus.
1974 1192 2032 1219 Vici.
2055 1191 2199 1221 Diffindere
2218 1192 2298 1220 diem.

1399 1235 1609 1262 DlFFPNGO,
1625 1230 1709 1261 inxi,
1736 1229 1854 1262 mesum,
1879 1231 1932 1256 ere.
1970 1226 2146 1264 [διαμορφόω]
2182 1230 2267 1257 Aliter
2293 1227 2403 1264 fingere,

1352 1263 1466 1302 figuram
1477 1271 1579 1292 mutare.
1614 1265 1682 1292 Hor.
1695 1265 1745 1292 Od.
1761 1274 1781 1298 ι,
1793 1274 1830 1298 5ς,
1843 1273 1878 1298 29

1717 1315 1761 1321 —
1797 1300 1814 1328 ὁ
1829 1301 1930 1327 vtinam
1943 1308 2014 1326 noua

1607 1335 1703 1363 Incude
1718 1335 1836 1371 diffingas
1849 1336 1965 1363 retusum
1981 1336 2010 1362 in

1608 1373 1775 1406 Massagetas,
1797 1371 1950 1406 Arabasque
1970 1372 2081 1398 ferrum.
2229 1383 2232 1384 ⁷
2365 1383 2368 1385 *

1976 1407 2047 1434 Nam
2067 1406 2132 1432 sicut
2151 1404 2266 1439 fingere,
2285 1404 2403 1430 formare

1361 1443 1472 1470 dicitur:
1502 1443 1534 1469 fic
1548 1450 1574 1470 et
1587 1442 1741 1477 diffingere,
1761 1443 1797 1470 est
1811 1444 1961 1477 Qiassatum
1975 1440 2130 1469 reformare.
2167 1441 2232 1467 Non
2244 1440 2361 1466 retusum
2374 1439 2404 1465 in

1360 1480 1510 1513 Massagetas
1533 1479 1592 1512 (ait
1623 1478 1789 1513 Porphyrio)
1821 1478 2002 1513 acc1pienduin
2010 1497 2018 1510 ,
2038 1478 2080 1504 sed
2113 1477 2142 1502 in
2175 1476 2326 1509 Massagetas
2352 1473 2404 1500 dif-

1360 1514 1450 1548 fingas.
1509 1515 1600 1540 Sensus
1632 1515 1705 1540 enim
1739 1514 1775 1540 est
1783 1534 1791 1546 ‚
1809 1520 1838 1540 vt
1875 1514 1976 1540 ferrum
2009 1513 2081 1548 quod
2114 1511 2262 1538 retudimus
2290 1510 2319 1536 in
2345 1518 2404 1536 cor-

1361 1549 1470 1583 poribus
1492 1549 1644 1575 nostrorum
1672 1549 1743 1575 bello
1769 1549 1861 1581 ciuili,
1880 1548 2014 1583 diffingas,
2036 1548 2062 1574 id
2087 1547 2123 1572 est
2148 1545 2292 1573 refabrices
2310 1544 2405 1572 aduer-

1173 1581 1294 1606 Perrum·
1303 1593 1341 1618 40
1362 1585 1404 1610 sus
1415 1583 1551 1609 barbaros.
1588 1585 1729 1617 Retusum,
1749 1585 1877 1616 ciuilibus
1889 1584 1966 1611 bellis
1979 1584 2141 1611 hebetatum.
2177 1582 2244 1607 Haec
2254 1581 2310 1606 bene
2318 1580 2348 1615 se
2360 1581 2405 1607 ha-

1362 1619 1416 1645 bere
1428 1617 1559 1649 videntur,
1580 1625 1603 1644 et
1616 1628 1664 1644 non
1678 1619 1733 1645 bene
1747 1623 1839 1645 mutari
1859 1629 1874 1645 a
1887 1621 1995 1647 Bentleio
2009 1626 2032 1645 et
2049 1618 2198 1653 Cuningamo
2221 1619 2249 1642 in
2272 1616 2403 1648 Detingas.

1364 1654 1410 1681 Sed
1420 1654 1502 1680 Sei-m.
1515 1662 1536 1688 1,
1553 1662 1590 1685 10,
1603 1661 1634 1688 37
1653 1653 1754 1680 videtur
1769 1655 1855 1680 melius
1863 1653 1984 1688 Defingit
1998 1652 2085 1681 Rheni
2098 1652 2197 1678 luteum
2219 1657 2312 1685 caput,
2332 1659 2404 1685 quam
2433 1649 2438 1659 ¹

1362 1688 1492 1722 Diffingit.
1568 1690 1636 1715 Hor.
1650 1689 1700 1715 Sat.
1717 1697 1739 1720 2,
1753 1697 1763 1715 1
1789 1688 1919 1724 Equidem
1931 1689 2000 1715 nihil
2012 1689 2074 1715 hinc
2088 1686 2225 1722 diffingere
2240 1686 2347 1720 possum.
2383 1687 2402 1710 ι’.

1363 1725 1422 1750 Νοη
1430 1722 1525 1758 pqffum
1537 1730 1631 1750 mutare
1646 1724 1778 1759 quidquam
1791 1728 1817 1750 in
1831 1725 1877 1750 hac
1885 1725 2021 1760 sententia.
2066 1725 2147 1750 Etiam
2160 1724 2201 1749 hic
2213 1724 2289 1747 multa
2301 1721 2406 1759 moliunj

1947 1760 2055 1786 Minime
2073 1758 2160 1785 dubius
2173 1755 2206 1790 <sl
2218 1759 2285 1783 locus
2299 1754 2406 1782 eiusdem

1360 1795 1428 1821 Hor.
1441 1792 1492 1819 Od.
1505 1801 1529 1825 3,
1543 1801 1586 1826 29,
1600 1801 1638 1827 47

1765 1842 1810 1849 ———
1850 1829 1947 1864 Neque

1555 1862 1682 1897 Difflnget
1690 1883 1699 1895 ‚
1717 1863 1899 1899 infefihimque
1911 1863 2017 1896 reddet,

1556 1899 1637 1930 Quod
1649 1898 1754 1932 fugiens
1769 1900 1849 1925 semel
1863 1900 1929 1925 hora
1944 1900 2026 1925 vexit.

1311 1946 1343 1972 50
1359 1936 1379 1960 ι’.
1399 1931 1571 1964 Immutabit,
1590 1933 1642 1958 siue
1656 1933 1797 1959 conuellet.
1834 1935 1931 1960 Acron.
1967 1933 2041 1968 Conf.
2069 1935 2231 1959 DISCINGO.

1397 1974 1416 1995 D
1424 1975 1434 1995 1
1444 1974 1461 1994 F
1470 1974 1486 1994 F
1495 1975 1505 1993 1
1513 1974 1534 1993 N
1544 1973 1554 1992 1
1566 1974 1585 1993 o
1596 1986 1603 1998 ‚
1621 1971 1669 1993 Ire.
1705 1966 1899 2000 Disterminare,
1912 1968 1980 2007 fines
1993 1966 2150 2002 distinguere.
2188 1965 2235 1993 Sed
2243 1969 2408 2000 propter-per-

1357 2011 1457 2039 petuam
1472 2001 1679 2037 Praepositionum
1688 2002 1727 2029 De
1740 2010 1763 2029 et
1776 2003 1811 2029 Di
1824 2003 1990 2039 confusionem
2000 2006 2096 2029 incerta
2109 1999 2295 2034 estaufflrms.
2317 2001 2406 2033 Qiem

1362 2039 1489 2066 Arcticon
1506 2037 1681 2065 diffiniuimus
1700 2039 1799 2072 Hygin.
1814 2039 1916 2066 Astron.
1933 2047 1954 2070 ι,
1968 2040 1993 2064 6.
2054 2036 2180 2064 Zodiacus
2192 2036 2224 2062 sic
2238 2036 2339 2070 optime
2354 2035 2407 2061 dif-

1362 2074 1436 2101 finiri
1449 2074 1547 2108 poterit
1564 2073 1626 2100 ibid.
1680 2074 1722 2101 Sic
1734 2073 1852 2108 Schqffer.
1866 2073 1965 2100 edidit:
2001 2072 2118 2100 Munker.
2137 2078 2216 2098 autem
2234 2078 2337 2106 utroque
2354 2071 2407 2097 Ioco

255 2111 312 2137 Cur
331 2119 385 2135 non
404 2108 483 2135 etiam
500 2114 529 2134 vt
548 2107 624 2133 valde
643 2106 808 2133 verifimise3
843 2115 890 2133 cur
904 2107 1000 2133 deinde
1011 2116 1064 2133 non
1077 2114 1106 2134 vt
1121 2107 1267 2134 difficiliter
1279 2116 1293 2133 a
1313 2115 1342 2142 ςς
1363 2109 1484 2136 definire.
1521 2109 1594 2144 Conf.
1612 2118 1641 2142 ρ,
1653 2118 1686 2141 13.

255 2153 321 2173 vero
336 2144 550 2171 internoscatur?
587 2139 726 2174 Etstatim,
747 2142 891 2175 Qiomodo
910 2149 998 2169 autem
1017 2143 1113 2175 fiunis,
1136 2149 1165 2169 vt
1185 2143 1203 2169 si
1236 2142 1293 2175 uid,

256 2181 300 2208 cui
314 2180 396 2207 fimise
409 2180 457 2206 esse
473 2178 560 2213 possit,
581 2179 711 2212 sequatur,
723 2183 751 2203 vt
766 2178 845 2204 etiam
860 2176 1003 2204 difficiliter
1015 2179 1157 2205 internosci
1169 2187 1202 2213 po
1222 2179 1258 2205 it?

292 2222 310 2242 D
320 2223 329 2242 1
339 2222 355 2242 Ρ
366 2222 424 2242 r1c
433 2222 453 2240 v
462 2221 507 2240 LT
516 2220 531 2239 E
543 2220 577 2244 R,
596 2211 730 2238 difficilius
739 2232 747 2244 ‚
765 2211 931 2239 difficillime.
952 2213 1020 2240 Adu.
1045 2212 1201 2247 [δυσκόλως]
1225 2214 1292 2240 Plin.

257 2259 290 2284 n,
303 2259 330 2284 53
349 2249 496 2276 Difficulter
514 2254 600 2275 autem
620 2247 790 2282 perficiuntur
807 2249 897 2275 omnia
917 2249 944 2275 in
963 2248 1030 2275 cibis
1048 2249 1134 2281 acria,
1152 2249 1252 2281 nimia,
1268 2254 1294 2275 et

257 2287 334 2313 auide
348 2286 452 2317 hausta,
473 2290 498 2310 et
519 2285 547 2310 in
561 2283 654 2310 aestate
667 2292 745 2317 quam
761 2283 847 2310 hieme
859 2283 1002 2310 difficilius.

256 2323 316 2348 Huc
329 2322 381 2347 iam
395 2330 452 2347 rem
464 2320 622 2350 deduxerat,
642 2324 669 2344 vt
683 2319 788 2353 Equites
797 2338 803 2349 ‚
816 2319 860 2345 etsi
874 2317 1014 2346 difficulter
1027 2325 1105 2354 atque
1118 2329 1194 2354 aegre
1207 2319 1296 2351 flebat,

257 2358 355 2391 possent
367 2363 454 2382 tamen
465 2362 544 2390 atque
557 2354 682 2380 auderent
695 2355 791 2380 flumen
806 2353 921 2381 transire.
993 2353 1142 2381 Difficulter
1160 2355 1295 2381 ambulare

256 2392 320 2418 Plin.
334 2399 419 2423 ·10,19.
489 2390 701 2416 Adolescentium
717 2389 800 2415 animi
814 2389 883 2415 dolis
906 2388 974 2415 haud
992 2388 1133 2415 difficulter
1151 2391 1295 2423 cupiuntur

255 2427 314 2454 Sall.
345 2427 402 2452 Cat.
433 2434 455 2451 c.
484 2432 518 2457 15.

258 2472 267 2490 ι
317 2481 323 2488 .
362 2482 368 2487 .
406 2481 412 2487 .

271 2483 280 2496 ,
292 2503 312 2523 D
321 2504 356 2524 112
365 2503 381 2523 F
391 2504 399 2522 I
410 2502 426 2522 C
435 2502 455 2521 V
464 2502 480 2520 L
490 2499 511 2519 Τ
520 2499 539 2520 Ο
547 2513 556 2527 ‚
577 2496 630 2519 ΞΝ.
666 2493 744 2519 Gloffi
759 2494 804 2520 Gr.
818 2494 875 2520 Lat.
894 2492 1045 2521 δυσκολαίνων.

295 2538 330 2558 1η
341 2539 356 2558 F
367 2534 474 2560 FI'DO,
501 2530 552 2555 isus
571 2529 626 2554 sum
643 2530 683 2554 vel
699 2528 754 2558 fui,
781 2529 866 2560 isum,
885 2530 938 2555 ere.
975 2530 1101 2563 [οἱπιςέω]
1140 2528 1295 2570 Nonfidere,

260 2568 325 2594 nihil
336 2568 392 2593 boni
400 2567 511 2602 sperare.
548 2564 627 2590 Plaut.
642 2563 710 2590 Rud.
726 2563 793 2589 Prol.
807 2569 838 2593 82
857 2563 968 2595 Valere,
986 2570 1015 2590 vt
1036 2564 1119 2590 hostes
1133 2564 1212 2591 vestri
1229 2565 1296 2591 diffi-

259 2603 388 2630 dantssbi.
459 2601 531 2626 Seru.
545 2600 614 2634 Sulp.
629 2600 684 2625 Cic.
698 2599 770 2625 Fam.
785 2609 813 2631 4,
828 2606 840 2631 ς
860 2598 937 2625 Plura
949 2607 992 2625 me
1005 2598 1037 2625 ad
1049 2605 1074 2626 te
1088 2599 1120 2625 de
1134 2599 1180 2625 hac
1195 2609 1223 2626 re
1236 2601 1296 2626 scri-

259 2639 321 2666 bere
338 2637 433 2672 pudet,
453 2645 485 2661 ne
503 2634 596 2662 videar
615 2634 768 2668 prudentiae
788 2640 848 2660 tuae
863 2632 990 2660 diffidere.
1062 2635 1118 2661 Cic.
1134 2635 1205 2661 Fam.
1218 2637 1254 2665 16,
1268 2643 1296 2669 17

260 2675 305 2700 Te
317 2674 411 2700 Cicero
433 2680 499 2705 rogo
521 2677 599 2704 atque
615 2671 725 2702 hortor,
746 2678 779 2695 ne
794 2669 954 2703 defatigere,
974 2678 1026 2695 neu
1040 2669 1142 2696 diffidas
1155 2670 1255 2705 semper
1269 2671 1297 2696 in

261 2708 437 2744 praesentibus
452 2706 526 2732 malis
542 2705 722 2740 prohibendis.
793 2704 848 2731 Cic.
864 2704 896 2730 de
915 2704 1006 2731 Diuin.
1025 2713 1051 2737 2,
1066 2710 1079 2735 8
1093 2714 1114 2731 c.
1129 2714 1142 2736 3
1164 2707 1297 2739 Qiaeram

263 2745 367 2776 omnia,
385 2743 504 2769 dubitans
516 2742 690 2776 plerumque,
706 2747 730 2766 et
744 2739 812 2766 mihi
827 2739 881 2774 ipsc
893 2738 1019 2765 diflidens.
1080 2739 1184 2772 Iacssre,
1207 2747 1232 2766 et
1246 2741 1297 2766 dif-

263 2779 358 2812 fidere,
379 2777 527 2810 Dqsiitutum
535 2777 580 2813 spe
596 2776 646 2810 effi».
682 2777 794 2810 Cic.pro
808 2776 966 2807 Muraen.4;
988 2773 1102 2801 Videsne
1112 2781 1141 2800 tu
1156 2775 1234 2801 illum
1248 2776 1295 2801 tri-

265 2815 343 2847 stem,
363 2814 518 2840 demissum?
555 2814 634 2843 iacet,
654 2810 767 2843 diffidit,
786 2810 883 2837 abiecit
903 2810 992 2836 hastas.

265 2848 383 2876 diffidere
405 2850 506 2875 Lucret.
523 2857 543 2880 1,
556 2850 612 2877 268.
714 2847 830 2881 ingeniis
845 2844 963 2873 diffidere
986 2844 1042 2872 Cic.
1058 2854 1106 2879 pro
1121 2846 1195 2871 Rosc.
1209 2846 1297 2871 Anser.

268 2905 274 2912 .
310 2905 316 2911 .
355 2905 361 2911 .
406 2884 551 2910 Memoriae
565 2881 682 2909 diffidere
704 2881 834 2915 Quinffil.
848 2884 874 2913 6,
890 2890 908 2908 1.
979 2880 1076 2907 Cic.de
1089 2881 1147 2907 Fin.
1160 2890 1181 2912 2,
1190 2883 1220 2911 86
1241 2880 1296 2913 Qii

265 2927 353 2947 autem
366 2918 464 2945 diffidet
476 2919 643 2953 perpetuitati
657 2918 788 2944 bonorum
803 2918 925 2947 suorum,
944 2917 1035 2942 timeat
1046 2917 1142 2942 necesse
1155 2916 1239 2949 cst‚ne
1253 2916 1298 2941 ali-

267 2956 372 2990 quando
386 2954 474 2981 amissis
489 2954 540 2979 illis
554 2953 583 2979 sit
599 2954 685 2980 miser.
756 2952 843 2979 Rebus
856 2953 907 2979 suis
922 2950 1040 2978 diffidere
1060 2952 1120 2978 Liu.
1135 2961 1152 2983 ι,
1168 2960 1191 2978 2.
1238 2951 1298 2978 Sen-

266 2992 362 3018 tentiae
378 2990 456 3015 alicui
472 2988 590 3015 diffidere
606 2991 661 3016 Cic.
676 2989 758 3015 Tusc.
772 2997 795 3021 ς,
811 2997 831 3020 3.

267 3026 337 3053 tuuis
356 3025 517 3051 Pseudo-Cic.
533 3031 670 3060 antequam
685 3025 734 3050 iret
751 3024 779 3049 in
793 3023 854 3050 exil.
870 3031 905 3049 12.
999 3023 1054 3049 Cic.
1069 3024 1121 3049 Att.
1137 3031 1180 3054 12,
1193 3031 1228 3055 42
1260 3023 1299 3049 De

267 3061 373 3089 Othone
388 3059 478 3086 diffido
491 3060 606 3092 fortasse,
625 3060 687 3094 quia
699 3060 786 3093 cupio.
872 3057 911 3084 Id.
926 3058 953 3084 in
967 3058 1040 3084 Orat.
1055 3065 1090 3092 97
1107 3058 1154 3084 Sed
1168 3058 1234 3084 hanc
1245 3058 1300 3084 elo-

268 3097 418 3131 quentiam,
439 3104 504 3129 quae
519 3097 594 3121 cursu
608 3104 718 3129 magno,
737 3094 878 3128 sonituque
897 3094 1025 3124 ferretur,
1041 3102 1120 3127 quam
1143 3094 1299 3128 suspicerent

269 3139 374 3163 omnes,
393 3140 470 3165 quam
484 3129 691 3163 admirarentur,
711 3139 787 3164 quam
802 3130 826 3156 se
840 3130 936 3163 assequi
950 3129 1016 3163 posse
1029 3127 1204 3190 dlffidgrem'A
1227 3129 1301 3191 lgent

1089 3166 1100 3190 I
1121 3174 1162 3190 em
1207 3173 1234 3191 ca
1255 3173 1328 3201 .4‚g

622 2425 703 2451 Haud
730 2423 871 2452 difficulter
902 2425 1057 2459 persuadere
1094 2425 1194 2451 Latinis
1235 2425 1296 2451 Liu.

271 3168 307 3200 Q
321 3169 388 3194 Frat.
404 3175 423 3197 ι,
440 3174 448 3192 ι
469 3166 504 3191 Vt
519 3174 575 3191 rem
590 3167 656 3200 posse
669 3165 763 3191 confici
778 3174 830 3191 non
845 3163 999 3200 diffiderem.

273 3221 281 3227 .
317 3222 323 3228 .
360 3221 366 3227 .
401 3200 524 3227 inuenire
536 3202 563 3226 <se
577 3202 644 3234 posse
659 3201 728 3235 quod
741 3201 865 3235 cuperent
884 3198 958 3226 diffisi
974 3200 1030 3225 sint.
1080 3200 1147 3227 Add.
1160 3199 1232 3226 Idem
1252 3209 1300 3234 pro

273 3237 364 3268 Qiint.
387 3246 408 3262 c.
428 3245 470 3268 24.
509 3237 538 3261 Et
559 3239 585 3261 in
604 3237 677 3262 Orat.
695 3245 716 3262 c.
731 3245 750 3262 ι.
821 3234 924 3262 Diffidit
932 3242 981 3270 pro
993 3232 1097 3270 Diffi'fiis
1109 3234 1157 3268 est,
1175 3239 1301 3262 inuenitur

274 3271 337 3305 aput!
349 3271 474 3303 Qiinchs.
489 3271 561 3297 Deci.
574 3275 618 3305 287
637 3273 705 3297 Cum
720 3273 808 3297 causae
824 3272 903 3305 patris
918 3269 1046 3297 diffidisset
1060 3271 1103 3296 vir
1115 3271 1201 3296 fortis.

312 3307 505 3338 1)11⁵1÷isvs‚
526 3315 556 3338 a,
573 3315 625 3332 um.
647 3307 738 3333 Par-tic.
774 3306 926 3340 [ἅπιςήσας]
968 3308 1012 3338 Vt,
1032 3304 1136 3332 Diffis‘us
1151 3306 1212 3332 fidei
1224 3306 1302 3332 alicu-

278 3340 316 3365 ius
336 3340 391 3366 Cic.
410 3341 464 3366 Aci.
478 3342 504 3367 in
519 3343 595 3367 Verr.
633 3361 639 3366 .
677 3361 682 3367 .
739 3341 777 3367 ld.
793 3351 839 3375 pro
852 3343 970 3368 Muraen.
980 3344 1009 3374 63
1024 3351 1044 3367 c.
1056 3350 1086 3373 30
1108 3341 1221 3368 Fatebor
1232 3342 1302 3368 enim

276 3375 342 3413 Cato
357 3384 397 3399 mc
412 3384 513 3409 quoquc
534 3378 561 3403 in
579 3376 750 3403 adolescentia
771 3376 882 3403 diffisum
904 3378 1011 3411 ingenio
1025 3385 1103 3409 mco,
1123 3377 1243 3412 quaesisse
1262 3377 1304 3403 ad-

279 3416 392 3434 iumenta
406 3409 544 3437 doctrinae.
615 3411 721 3438 Vitibus
734 3411 831 3438 diffisus
852 3413 948 3438 Lucan.
962 3422 990 3445 4,
1007 3420 1058 3445 145.

316 3450 352 3469 Dl
368 3450 380 3469 F
391 3450 421 3469 Ρ]
433 3449 539 3483 ζἾΕΝΞ,
559 3447 633 3473 entis.
664 3447 756 3473 Partic.
794 3447 923 3482 [imvm]
959 3449 1029 3474 Caes.
1048 3448 1076 3473 B.
1097 3448 1128 3474 G.
1143 3449 1168 3480 6,
1184 3455 1211 3479 33
1230 3445 1304 3473 Diffi-

281 3477 356 3506 dens,
375 3480 508 3504 Caesarem
521 3480 551 3505 de
562 3491 674 3508 numero
688 3482 791 3509 dierum
809 3482 886 3508 fidem
900 3486 1072 3509 seruaturum.
1134 3483 1303 3509 Plaut.Merc.

281 3518 304 3543 5,
319 3520 343 3543 2,
359 3520 390 3544 ¹5·

283 3546 356 3579 tipus.
387 3555 407 3578 t,
437 3555 461 3575 2,
489 3555 514 3579 9.

282 3582 335 3607 son.
349 3586 376 3609 88
392 3591 412 3606 c.
426 3584 463 3611 36.

319 3621 598 3642 Dis-‘1³11)ENTF.R.
624 3619 687 3646 Adu.
722 3622 849 3657 [οἷπίςως]
885 3622 941 3650 Cic.
976 3632 1024 3657 pro
1047 3624 1151 3651 Cluent.
1172 3633 1190 3658 4
1216 3624 1304 3651 Altera

283 3650 464 3676 tantummodo
478 3651 667 3678 confisetudinis
683 3658 753 3682 causa
769 3659 860 3684 timide
874 3665 899 3684 et
912 3657 1059 3685 diffidenter
1074 3661 1208 3693 attingere.
1246 3660 1305 3685 Liu.

285 3694 324 3716 32,
361 3705 367 3710 .
405 3704 410 3710 .

581 3550 703 3579 Diffidens
735 3560 759 3579 ct
788 3552 924 3587 desperans
956 3553 1034 3580 rebus
1062 3555 1114 3580 suis
1146 3554 1201 3581 Cic.
1221 3554 1250 3580 in
1264 3554 1303 3580 Pi—

286 3729 333 3754 ΡΠ)
347 3728 406 3752 sege
420 3727 663 3757 asum-capercmuS,
677 3725 755 3749 modo
767 3729 857 3758 egerit.

285 3756 336 3781 tius
350 3755 415 3780 belsa
429 3755 531 3779 Pontica
546 3755 666 3787 ingressus
686 3757 772 3784 lustin.
787 3766 823 3791 38,
836 3769 868 3794 7,
882 3772 909 3795 4.

296 3825 313 3831 μ
323 3796 339 3814 r)
351 3798 356 3815 s
368 3796 409 3828 1-11‘
419 3796 427 3813 1
437 3795 453 3814 D
464 3795 507 3813 s·N
518 3795 538 3813 Ἴ
549 3796 555 3812 1
566 3796 584 3813 Λ
594 3808 601 3819 ,
622 3798 659 3816 ae.
685 3791 703 3815 f.
736 3793 860 3828 [inciae]
897 3799 940 3823 Cui
960 3798 1066 3833 opposita
1088 3797 1120 3832 ist
1141 3799 1248 3826 Fiducia
1266 3801 1307 3826 vd

286 3824 412 3850 sidentia.
450 3824 504 3848 (ic.
528 3823 600 3848 susc.
614 3833 641 3856 4,
656 3829 686 3853 80
699 3834 719 3850 c.
734 3835 762 3860 37
778 3828 826 3853 Etsi
842 3830 961 3864 sidentia,
979 3835 1005 3859 id
1018 3835 1053 3860 est
1065 3834 1141 3861 firma
1152 3835 1234 3861 animi
1246 3845 1306 3861 con-

910 3730 997 3755 Multo
1011 3729 1129 3756 timidius
1141 3739 1170 3756 ac
1188 3729 1306 3756 diffiden-

1071 2285 1145 2312 Caes.
1158 2285 1186 2311 B.
1195 2285 1224 2311 C.
1233 2293 1252 2316 1,
1261 2287 1294 2311 62
1313 2296 1348 2321 60

1317 2468 1347 2499 65
1365 2462 1445 2489 Ouid.
1460 2464 1550 2488 Amor.
1564 2471 1586 2494 3,
1602 2471 1636 2493 13,
1649 2468 1679 2492 28
1700 2464 1730 2489 Et
1743 2464 1830 2497 pudor
1845 2465 1988 2491 obscenum
2000 2462 2143 2491 diffiteatur
2156 2471 2230 2497 opus.

1314 2650 1349 2678 70
1366 2637 1449 2663 Cuius
1465 2642 1493 2662 tu
1510 2637 1624 2671 legiones
1638 2637 1742 2663 difflasti
1754 2639 1862 2671 spiritu,
1880 2637 1949 2671 quasi
1964 2642 2058 2663 ventus
2071 2637 2146 2662 folia.

1081 2810 1165 2836 Dictis
1186 2810 1296 2836 alicuius
1314 2827 1346 2854 75

479 3513 591 3541 Eundem
604 3526 634 3542 cx
648 3518 793 3544 confidente
809 3517 926 3544 achitum
941 3516 1102 3544 diffidentem
1121 3518 1207 3544 denuo
1232 3518 1304 3544 Idem
1319 3527 1352 3553 93

449 3684 583 3710 Miramini
603 3694 648 3712 cur
666 3688 809 3718 diffidenter
829 3694 992 3720 Cleomedon
1010 3694 1108 3727 legatus
1127 3695 1257 3728 Philippi,
1278 3701 1305 3720 vt
1317 3702 1362 3720 100

1399 2151 1418 2172 D
1428 2152 1437 2170 1
1447 2151 1462 2171 F
1472 2151 1506 2171 1²1
1517 2151 1537 2170 N
1551 2151 1559 2169 1
1571 2151 1592 2171 'r
1605 2152 1613 2170 1
1627 2151 1646 2170 0
1655 2163 1662 2175 ‚
1681 2144 1748 2171 onis.
1769 2143 1788 2170 f.
1809 2144 1866 2170 Hac
1880 2142 2040 2171 diffinitione
2055 2142 2178 2178 sphaerae
2195 2141 2405 2176 Hygin.Astron.

1364 2190 1393 2208 ex
1406 2179 1466 2206 edit.
1480 2179 1572 2212 Scheffi
1609 2180 1644 2206 Vt
1658 2179 1705 2206 hac
1717 2178 1879 2206 diffinitione
1891 2180 1982 2206 volens
1996 2189 2011 2207 a
2023 2179 2131 2205 nolente
2148 2178 2341 2204 discerneretur
2353 2178 2408 2203 Au·

1364 2215 1458 2250 gustin.
1471 2215 1584 2242 Retraft.
1600 2222 1619 2246 1,
1634 2222 1667 2247 ις.
1703 2215 1777 2250 Conf.
1791 2216 1869 2242 Mart.
1883 2216 2010 2250 Capella5
2023 2224 2047 2250 p.
2057 2223 2107 2248 ¹50·
2144 2213 2216 2241 Caes.
2231 2212 2406 2239 Aurel.Acut.

1364 2251 1446 2278 Praef.
1461 2259 1481 2282 1,
1497 2259 1530 2283 13.
1566 2250 1648 2277 Addit
1664 2249 1765 2283 Falster.
1780 2251 1962 2283 Symmachum
1972 2272 1981 2284 ‚
1999 2253 2116 2286 aliosque.

1399 2292 1669 2313 DIFFINITIVE.
1706 2286 1773 2312 Adu.
1811 2287 1904 2313 Ascon.
1930 2287 1989 2314 Ped.
2013 2296 2038 2322 p.
2062 2294 2104 2321 117
2129 2283 2180 2317 (ad
2198 2285 2274 2311 Verr.
2292 2291 2309 2310 2.
2321 2292 2344 2309 c.
2359 2284 2407 2314 ιο)

1356 2320 1424 2356 ficut
1441 2323 1502 2357 legit
1517 2319 1618 2354 Falster.
1655 2321 1701 2348 Sed
1714 2323 1790 2348 Gron.
1804 2322 1953 2350 definitiue.
2117 2328 2126 2332 ”

1401 2362 1420 2383 D
1431 2363 1441 2382 1
1450 2364 1466 2382 F
1475 2363 1491 2383 F
1500 2364 1509 2382 1
1518 2364 1540 2383 T
1548 2363 1564 2383 E
1572 2363 1591 2383 Ο
1599 2363 1617 2383 R
1627 2376 1633 2386 ,
1655 2357 1703 2383 fri.
1739 2357 1920 2393 [οἶποςρνὲμαι]
1958 2359 2065 2394 Negare.
2103 2356 2160 2383 Cic·
2174 2355 2245 2383 Fam.
2263 2363 2291 2382 10
2299 2374 2308 2387 ‚
2320 2361 2338 2388 7
2356 2354 2408 2381 Ita-

1366 2401 1417 2426 que
1436 2400 1572 2426 nunquam
1596 2390 1748 2424 diffitebor,
1763 2393 1846 2420 multa
1865 2402 1923 2426 ine,
1944 2400 1972 2421 vt
1991 2394 2023 2420 ad
2037 2393 2158 2419 effe&um
2173 2391 2270 2418 horum
2284 2389 2408 2416 consilio-

1365 2436 1425 2453 rum
1439 2428 1621 2461 peruenirem,
1642 2434 1667 2454 et
1688 2427 1812 2454 simulasse
1833 2429 1965 2460 inuitum,
1984 2435 2010 2455 et
2039 2428 2201 2455 dissimulasse
2225 2435 2284 2453 cum
2272 2425 2407 2495 α(1.()Ιτ>ἃιζιῖ.

2300 2469 2347 2487 um
2376 2468 2385 2486 ι
2398 2478 2406 2486 .
2421 2466 2423 2468 ·

1365 2499 1391 2528 6,
1470 2516 1477 2523 .
1515 2497 1586 2530 Quid
1598 2496 1781 2524 diffitendum?

1401 2538 1636 2563 D1FFLL³TVS‚
1657 2541 1688 2564 a,
1707 2541 1762 2558 um.
1784 2531 1844 2558 Adi.
1883 2533 1951 2558 Fletu
1970 2539 2111 2567 corruptus.
2147 2531 2224 2566 Apus.
2245 2530 2331 2557 Miles.
2352 2537 2362 2554 ι
2381 2538 2408 2563 p.

1367 2576 1416 2600 104
1435 2567 1547 2593 Diffletis
1561 2575 1642 2601 paene
1656 2567 1688 2593 ad
1703 2573 1846 2594 extremam
1859 2568 2009 2594 caecitatem
2026 2567 2118 2594 oculis.

1403 2608 1421 2627 D
1431 2610 1440 2628 1
1449 2609 1465 2628 r
1475 2609 1491 2629 F
1501 2609 1516 2627 ι
1527 2609 1545 2629 o
1555 2622 1563 2634 ‚
1584 2606 1636 2629 are.
1673 2600 1808 2639 [διαπνὲω]
1848 2604 1918 2629 Flatu
1934 2601 2079 2636 dfflurbare.
2115 2601 2198 2628 Plaut.
2217 2600 2283 2669 Iltghlly.
2294 2608 2304 2626 1
2302 2618 2322 2661 S,
2335 2607 2364 2660 i,
2377 2605 2408 2632 17

1784 2639 1788 2642 ”
1810 2638 1815 2642 ’
2241 2645 2255 2661 a
2278 2655 2284 2662 .
2320 2642 2336 2660 o
2348 2638 2404 2660 mut

1367 2681 1389 2698 c.
1406 2680 1430 2703 13
1447 2672 1500 2699 Ara
1512 2672 1547 2698 est
1560 2673 1588 2697 in
1603 2671 1737 2698 cacumine
1750 2672 1812 2698 Ioui
1825 2672 1908 2698 dicata
1918 2691 1925 2704 ,
1943 2673 2017 2698 cuius
2039 2671 2166 2698 altaribus
2189 2670 2207 2697 fi
2227 2679 2280 2706 qua
2294 2669 2326 2696 de
2340 2667 2407 2695 extis

1366 2706 1535 2739 inferuntur,
1554 2716 1601 2733 nec
1615 2707 1750 2733 difflantur
1770 2707 1883 2733 ventosis
1902 2707 2056 2741 spiritibus,
2075 2716 2122 2733 nec
2141 2706 2239 2741 pluuiis
2259 2705 2406 2732 diluuntur.

1367 2743 1497 2768 Ausonius
1509 2741 1566 2768 Eid.
1583 2751 1623 2775 14,
1634 2750 1668 2767 20
1680 2751 1705 2776 p.
1720 2750 1759 2774 521
1779 2743 1876 2768 Forsan
1890 2749 1914 2767 et
1928 2751 1994 2768 vnus
2008 2742 2076 2770 odor
2092 2751 2098 2767 ε
2135 2741 2178 2768 sed
2198 2740 2289 2767 celsior
2301 2738 2346 2765 ille
2360 2744 2407 2772 per

1365 2785 1440 2802 auras
1476 2777 1614 2808 Difflatur‚
1631 2777 1710 2809 spirat
1723 2777 1859 2810 proximus
1872 2776 1918 2802 iste
1931 2777 2021 2811 magis.
2057 2779 2102 2805 AI.
2115 2776 2234 2808 Difflust,
2247 2774 2369 2808 exspirat.

1402 2816 1420 2836 D
1429 2818 1438 2836 1
1448 2817 1464 2838 F
1474 2817 1490 2836 Ρ
1500 2817 1515 2835 1.
1527 2817 1547 2835 v
1559 2817 1578 2836 o
1587 2830 1596 2841 ‚
1616 2811 1660 2842 xi,
1680 2819 1759 2841 xum,
1777 2813 1830 2837 ere.
1868 2809 2016 2847 [δὶαρρυέω]
2054 2814 2084 2839 In
2098 2810 2207 2846 diuersas
2218 2816 2305 2845 partes
2314 2809 2405 2845 fluere.

1366 2845 1430 2871 Plin.
1445 2853 1482 2877 21,
1497 2853 1520 2876 13
1541 2845 1595 2878 Qii
1609 2844 1702 2877 edere,
1720 2845 1849 2872 abiiciunt
1867 2847 1893 2872 se
1913 2847 2003 2878 humi,
2025 2847 2258 2880 refrigerationem
2278 2853 2406 2880 quaeren-

1366 2886 1404 2907 tes
1418 2891 1423 2907 :
1458 2889 1518 2906 nani
1532 2886 1558 2907 ct
1574 2880 1667 2906 sudore
1683 2880 1815 2907 diffluunt.
1850 2883 1887 2908 De
1906 2880 1971 2908 melle
1991 2889 2117 2910 venenato.
2189 2882 2295 2907 Humor
2308 2879 2407 2907 diffluit

1366 2917 1470 2942 Luci-et.
1483 2924 1506 2947 3,
1518 2917 1577 2948 436.
1646 2916 1758 2951 Metaph.
1778 2917 1834 2943 Cic.
1848 2916 1900 2943 Off.
1916 2925 1936 2949 1,
1950 2919 1996 2943 106
2009 2927 2030 2943 c.
2046 2925 2077 2949 30
2109 2914 2305 2952 IntelligamuS,
2324 2923 2406 2950 quarn

1368 2951 1397 2978 sit
1412 2957 1488 2985 turpe
1501 2950 1619 2977 diffluere
1631 2950 1735 2977 luxuria
1744 2971 1751 2983 ,
1771 2958 1795 2977 et
1809 2952 1916 2978 delicate
1929 2961 1958 2979 ac
1972 2953 2090 2979 molliter
2102 2953 2203 2979 viuere.
2275 2951 2406 2978 Diffiuunt

911 2987 983 3019 Sibi,
1003 2996 1030 3013 ac
1044 2987 1095 3013 suis
1113 2985 1233 3013 diffidere
1244 2987 1299 3013 for·
1320 2996 1351 3022 80
1364 2990 1482 3022 proprie,
1503 2995 1562 3022 quae
1575 2986 1669 3022 Jitmmo
1689 2987 1769 3023 gradu
1786 2988 1868 3014 mollia
1874 2988 1937 3023 sunt
1943 3008 1952 3020 ‚
1975 2995 2018 3014 aut
2032 2991 2122 3023 putria
2137 2988 2210 3020 adro,
2229 2996 2289 3023 quae
2302 2994 2406 3022 viraque

1367 3023 1502 3048 tramlatio
1520 3028 1575 3057 apte
1587 3030 1712 3058 congr-ute.
1781 3023 1854 3049 Idem
1870 3024 1902 3050 de
1914 3024 1988 3050 Orat.
2003 3032 2026 3056 3,
2039 3032 2082 3056 129
2095 3032 2116 3049 c.
2131 3032 2161 3056 32
2180 3023 2223 3050 Illi
2237 3023 2293 3049 nati
2306 3022 2334 3048 in
2347 3022 2407 3048 lite-

1370 3058 1406 3084 ris
1420 3057 1592 3091 ardentesque
1606 3056 1646 3084 his
1658 3057 1766 3090 studiis,
1785 3059 1843 3085 otio
1856 3058 2020 3092 diffluentes,
2040 3067 2094 3085 non
2112 3057 2192 3085 modo
2208 3058 2278 3085 nihil
2297 3056 2405 3091 acquisi-

1370 3093 1456 3125 erint,
1474 3093 1516 3118 sed
1529 3101 1562 3118 ne
1575 3092 1697 3119 relietum
1718 3093 1823 3127 quidem
1843 3102 1867 3121 et
1889 3095 2015 3121 traditum
2037 3100 2063 3120 ct
2085 3095 2160 3121 suum
2183 3093 2405 3121 conseruauerint.

1370 3128 1439 3155 Ter.
1455 3129 1549 3154 Heaut.
1565 3137 1587 3160 ς,
1603 3136 1623 3160 ι,
1637 3135 1665 3162 71
1685 3130 1720 3154 Vt
1740 3130 1797 3154 cius
1816 3130 1946 3160 animuin,
1963 3130 2010 3164 qui
2033 3136 2101 3156 nunc
2120 3130 2224 3156 luxuria
2250 3135 2276 3155 et
2298 3128 2405 3154 lasciuia

1333 3177 1346 3203 ς
1370 3164 1487 3196 Diffluit,
1507 3162 1644 3190 retundam
1653 3183 1661 3195 ‚
1681 3163 1814 3198 redigam,
1828 3172 1858 3192 vt
1871 3175 1924 3200 quo
1937 3166 1961 3191 se
1975 3171 2078 3198 vortat,
2098 3166 2203 3191 nesciat.
2287 3164 2343 3190 Cic.
2356 3171 2405 3197 pro

1370 3200 1451 3225 Marc.
1469 3207 1497 3231 23
1511 3208 1531 3225 c.
1547 3204 1559 3228 8
1578 3200 1676 3225 Omnia
1701 3209 1767 3234 quac
1787 3200 1885 3235 dilapsa
1909 3201 1962 3227 iam
1976 3201 2161 3233 diffluxerunt,
2187 3199 2284 3226 seueris
2303 3199 2405 3234 legibus

1368 3235 1508 3261 vincienda
1521 3235 1586 3260 sunt.
1621 3236 1662 3261 Sic
1674 3235 1785 3261 Lambin.
1822 3236 1868 3263 Sed
1878 3238 1910 3263 al.
1925 3237 2065 3262 fluxerunt.

1407 3277 1516 3296 DIFI-’L
1526 3277 1545 3296 v
1556 3277 1572 3296 E
1582 3277 1602 3296 N
1613 3277 1642 3303 s,
1661 3271 1736 3297 entis.
1754 3271 1845 3297 Partic.
1882 3269 2028 3307 [bix'f‘uffir]
2064 3270 2119 3297 Cic.
2133 3271 2160 3297 in
2173 3272 2247 3298 Orat.
2263 3279 2302 3303 133
2321 3270 2372 3296 Aut
2385 3268 2404 3295 si

1370 3305 1482 3331 alicuius
1496 3305 1625 3332 inconditi
1638 3306 1747 3340 arripias
1766 3305 1907 3341 dissipatam
1922 3315 1935 3333 a
1948 3309 2036 3341 iquam
2049 3306 2216 3338 sententiam,
2238 3314 2348 3340 eamque
2362 3313 2406 3331 or-

1338 3358 1355 3375 0
1371 3340 1432 3367 dine
1446 3341 1589 3367 verborum
1604 3340 1718 3375 paullum
1739 3348 1920 3374 commutato,
1940 3342 1967 3368 in
1986 3341 2114 3376 quadrum
2141 3343 2259 3377 redigas,
2277 3341 2405 3368 efficiatur

1369 3382 1459 3410 aptum
1474 3376 1538 3402 illud
1551 3376 1621 3410 quod
1636 3377 1718 3403 fuerit
1736 3383 1810 3403 antea
1824 3378 1945 3404 diffluens
1964 3386 1992 3403 ac
2013 3376 2135 3403 solutum.
2206 3379 2330 3404 Oratores
2343 3375 2403 3402 red-

1371 3411 1495 3438 undantes
1510 3418 1534 3437 et
1548 3411 1618 3445 quasi
1633 3419 1705 3438 extra
1718 3412 1786 3446 ripas
1801 3412 1947 3439 diffluentes
1960 3413 2080 3438 coercere
2100 3412 2137 3439 Id.
2153 3413 2181 3439 in
2188 3414 2269 3440 Bruto
2283 3419 2349 3445 c.91.

1408 3453 1425 3472 D
1436 3454 1444 3472 1
1455 3453 1470 3473 F
1480 3453 1496 3473 F
1506 3453 1521 3471 1.
1531 3454 1551 3472 v
1561 3454 1579 3472 v
1589 3455 1601 3473 s
1610 3467 1618 3479 ,
1638 3456 1668 3479 a,
1687 3456 1740 3475 um.
1767 3447 1828 3474 Adi.
1864 3448 1930 3474 Idem
1943 3447 2009 3482 apud
2020 3447 2153 3475 Attilium.

1406 3488 1574 3508 D1FFLVE
1587 3488 1705 3514 NT1A‚
1724 3491 1762 3508 ae.
1784 3484 1803 3508 t’.
1837 3483 2019 3518 apudAugust.
2057 3503 2064 3509 .
2101 3504 2108 3510 .
2145 3503 2152 3511 .

1407 3524 1426 3544 D
1437 3524 1444 3542 1
1454 3524 1470 3543 F
1481 3524 1523 3543 FR
1533 3524 1540 3542 1
1552 3524 1572 3542 N
1584 3523 1603 3543 G
1613 3524 1647 3548 O,
1661 3518 1718 3551 (gi,
1738 3517 1842 3550 actum,
1861 3521 1913 3544 ere.
1951 3518 2116 3553 [καταγνύω]
2154 3520 2190 3545 In.
2208 3519 2295 3543 varias
2315 3523 2405 3553 partes

1366 3551 1499 3588 frangere.
1534 3551 1616 3578 Plaut.
1631 3551 1699 3578 Asin.
1712 3561 1738 3584 2,
1752 3562 1780 3586 4,
1793 3556 1823 3582 68
1842 3554 1925 3579 Crura
1939 3553 2026 3579 hercle
2040 3554 2231 3588 diffringentur.

1408 3594 1425 3614 D
1435 3596 1443 3613 1
1453 3594 1468 3614 F
1479 3593 1521 3614 FR
1532 3593 1577 3613 Ac
1589 3594 1610 3612 T
1625 3594 1645 3614 v
1656 3595 1686 3620 s,
1704 3597 1734 3619 a,
1753 3597 1806 3614 um.
1823 3589 1889 3614 Part.
1925 3589 2006 3614 Paene
2026 3598 2105 3616 curru
2124 3589 2215 3616 effiisus
2233 3587 2269 3613 est
2284 3595 2332 3613 axe
2353 3587 2405 3613 dif-

1373 3623 1458 3650 frac‘io
1479 3623 1545 3649 Suet.
1558 3623 1628 3648 Caes.
1642 3632 1663 3648 c.
1672 3630 1711 3657 37.

1372 3658 1491 3685 diffracta
1511 3658 1616 3684 Vitruu.
1629 3666 1672 3689 10,
1685 3660 1711 3684 6.

1411 3700 1428 3720 D
1439 3700 1472 3720 1F
1482 3700 1498 3721 F
1507 3691 1527 3721 x7
1536 3700 1557 3720 G
1569 3700 1606 3720 10
1616 3713 1624 3725 ,
1645 3694 1689 3726 ugi
1698 3712 1704 3723 ,
1722 3693 1788 3718 l'tum
1797 3712 1805 3724 ‚
1826 3694 1879 3720 ere.
1915 3691 2074 3729 [διαφεύγω]
2105 3693 2210 3728 Diueaefii
2223 3694 2276 3720 loca
2282 3693 2351 3729 fuga
2359 3699 2403 3728 pe-

1373 3736 1439 3761 tere,
1459 3739 1506 3755 non
1516 3727 1597 3763 potest
1608 3731 1687 3764 igitur
1701 3728 1752 3753 dici
1762 3728 1809 3760 nist
1821 3728 1849 3754 de
1858 3730 1979 3763 pluribus.
2015 3731 2070 3757 Cic.
2084 3727 2148 3754 Phil.
2164 3737 2179 3754 2
2200 3740 2221 3754 c.
2234 3737 2270 3762 42
2294 3730 2360 3754 Cum
2374 3730 2404 3754 in

1373 3765 1496 3791 Senatum
1508 3764 1599 3790 venire
1614 3764 1754 3794 vellemus,
1773 3770 1845 3789 metu
1860 3765 1992 3799 perterriti
2010 3769 2115 3798 repente
2132 3763 2292 3798 diffugimus.
2364 3764 2404 3790 Id.

1376 3801 1446 3825 Fam.
1461 3807 1494 3831 ις,
1511 3807 1520 3825 1
1539 3799 1633 3833 Neque
1646 3799 1721 3825 musti
1740 3799 1812 3830 sunt,
1832 3806 1856 3825 ct
1877 3800 2034 3834 diffugiunt,
2051 3799 2097 3832 qui
2117 3798 2190 3831 sunt,
2211 3806 2283 3826 metu
2303 3797 2404 3826 oblato.

1375 3835 1413 3861 Id.
1427 3834 1478 3861 Off.
1491 3843 1513 3866 3,
1529 3842 1571 3866 114
1585 3843 1605 3860 c.
1620 3842 1647 3865 32
1674 3835 1725 3860 Aut
1739 3835 1784 3867 qui
1800 3837 1916 3868 periculo
1931 3836 2022 3862 mortis
2034 3833 2199 3867 diffugissent.
2289 3834 2358 3860 Caes.
2375 3836 2402 3861 Β.

1780 3622 1902 3649 Coloslici
1915 3624 2044 3658 Apollinis
2058 3625 2086 3651 in
2099 3625 2160 3651 sano
2174 3623 2236 3649 basis
2251 3631 2266 3648 a
2278 3623 2404 3650 vetustate

286 3860 355 3891 ‘islo’
375 3859 479 3886 sticum
499 3858 625 3892 ‘iufledam
645 3859 680 3886 est
699 3865 723 3885 ἓ(
742 3863 834 3895 0Pi¹³l0
852 3866 954 3898 gwm,
978 3877 1032 3896 nou
1052 3876 1150 3898 temere
1162 3871 1306 3904 assentiens,
1320 3879 1363 3906 ¹05
1375 3871 1406 3897 G.
1418 3875 1442 3903 8,
1454 3877 1481 3904 35
1500 3870 1524 3897 Ii
1536 3870 1674 3904 repentino
1687 3868 1756 3899 nialo
1769 3871 1905 3904 perterriti
1917 3870 2056 3904 diffugiunt
2068 3870 2100 3896 ad
2113 3870 2157 3898 sua
2168 3871 2302 3905 praesidia·
2344 3871 2404 3897 Dif-

2294 3904 2402 3943 fugiunt
