2479 4225
660 129 697 169 D
790 127 823 167 E
913 125 938 164 S

292 225 330 252 sui
343 223 458 256 Reliquit
479 218 545 253 apud
558 217 683 251 Populum
697 218 851 243 Romanum.
903 211 956 250 Cic.
969 211 996 235 in
1010 209 1090 235 Bruto
1102 214 1141 243 pr.
1161 206 1189 232 de
1201 207 1308 247 Horten·

291 260 319 291 fii
331 265 405 284 morti⁷
417 258 529 290 loquens,
549 253 600 279 Vir
612 253 729 287 egregius
741 248 893 276 alieniffimo
906 248 979 285 Rejp.
991 241 1266 284 tcmporezextincius,
1284 244 1310 266 et

285 290 450 320 ‘auc'toritatis
463 295 487 314 et
500 288 650 322 prudentiae
665 288 721 312 suae
735 285 806 311 triste
818 279 1054 321 nobisdesidcrunn
1064 279 1222 321 Reliquerat.
1259 275 1308 301 Re-

290 335 387 354 nouarc
401 324 553 350 desiderium
562 323 598 349 Id.
608 323 662 348 Post
669 321 744 347 redit.
753 320 783 345 ad
792 318 890 353 Q1irit.
905 320 927 344 8.
961 316 1022 340 bum
1032 325 1037 340 x
1046 315 1067 354 'I
1077 324 1112 340 cr.
1122 314 1214 350 Heaut.
1223 321 1250 349 4,
1258 320 1285 343 4,
1294 318 1306 342 ς

290 365 327 388 Ita
339 368 431 393 magno
445 358 571 384 desiderio
584 358 635 382 suit
647 357 670 382 ei
688 355 773 386 tilius,
792 357 809 378 ι’.
823 350 976 389 dejltderatuf.
1032 350 1086 376 Cic.
1101 348 1131 373 de
1146 349 1250 386 Amictt.
1269 365 1276 371 .
1299 364 1305 371 .

289 396 391 423 Diutius
406 395 433 420 in
447 394 495 420 hoc
508 393 634 419 desiderio
650 391 696 416 esl'e
709 398 761 415 non
777 387 881 421 possum.
936 385 961 410 Si
976 394 1029 411 non
1044 386 1118 410 ess‘em
1133 383 1239 417 quidem
1254 387 1306 407 tam

289 431 333 456 diu
348 431 373 455 in
387 429 514 455 desiderio
527 436 613 454 rerum
628 425 694 451 mihi
707 423 888 450 cai-inimatum
909 420 980 446 Idem
997 421 1066 446 Fam.
1083 428 1104 451 2,
1119 428 1143 444 12
1157 425 1219 442 extr.
1276 418 1306 442 Et

288 465 398 498 Philipp.
417 473 454 496 10,
470 473 499 496 14
529 464 588 488 Erat
602 461 672 486 enim
688 460 715 485 in
729 457 855 484 desiderio
873 456 1004 487 ciuitatis,
1022 456 1049 480 in
1063 463 1126 486 ore,
1147 454 1172 478 iu
1188 452 1306 477 sermone

287 501 415 527 omnium.
435 501 471 525 De
487 500 570 524 Bruto.
616 495 763 521 Tabescere
777 489 905 517 desiderio
925 491 980 517 Cic.
996 493 1023 516 in
1037 490 1115 515 Catil.
1130 496 1149 520 t,
1164 490 1188 513 6.
1235 487 1306 512 Idem

291 153 350 179 111

286 535 319 561 de
332 534 429 561 Sene&
444 542 469 565 33
490 530 635 558 Moderatio
649 529 727 556 modo
742 526 839 553 vtrium
852 526 924 558 adsit,
943 534 968 552 et
982 532 1091 556 tantum,
1102 529 1227 559 quantum
1237 523 1304 556 quis·
1324 527 1352 545 10
1371 527 1444 548 natus
1465 521 1497 547 ad
1515 522 1582 548 Ter.
1602 514 1675 549 AdET.
1697 532 1717 554 1,
1730 531 1755 555 2,
1769 531 1785 557 7

287 579 337 605 que
356 569 451 604 potest,
472 568 581 593 nitatur:
601 573 632 591 ne
653 565 697 591 ille
720 561 828 596 quidem
853 571 948 595 magno
966 560 1094 587 desiderio
1115 560 1222 584 virium.
1278 559 1308 583 Ει

286 605 342 632 Post
355 605 429 631 redit.
443 602 473 629 ad
487 601 585 634 Qnirit.
622 619 628 626 .
665 618 671 624 .
705 599 739 623 Vt
751 597 891 631 aliquando
905 606 966 626 vos,
983 597 1118 629 Patresque
1132 594 1308 627 Consti-iptos,

284 641 436 673 Italiamque
449 637 596 663 vniuersam
610 632 735 660 memoria
748 633 817 663 mei,
836 632 1026 663 misericordia,
1034 629 1307 663 defiderimnqueTe—

284 681 366 702 neret.
401 672 471 706 Conf.
491 671 528 697 ld.
543 672 613 697 Fam.
627 679 647 699 2,
661 677 693 699 13-
889 668 909 704 “j
931 677 943 699 3
980 667 1118 702 Obseruatt.
1138 667 1227 691 Meum
1246 663 1307 689 defi-

1765 117 1801 155 D
1890 117 1923 158 E
2009 117 2036 157 S
2342 129 2394 155 112

1369 211 1430 232 nota
1446 205 1622 240 ignominiae,
1636 211 1684 240 pro
1697 205 1858 240 Ignominiam
1871 209 1980 233 inurere:
1996 205 2056 232 Liu.
2078 214 2119 238 24,
2156 225 2163 231 .
2199 223 2206 232 .
2242 206 2316 232 Hanc
2329 204 2396 230 rnul-

1369 247 1421 267 tam
1437 241 1471 267 ita
1485 250 1569 276 aequo
1582 242 1670 267 animo
1683 241 1788 271 feretis,
1810 239 1827 265 si
1841 242 2006 275 reputabitis,
2023 241 2094 267 nulla
2109 241 2270 274 ignominiae
2285 247 2347 267 nota
2361 240 2395 266 le-

1367 276 1443 302 viore
1458 277 1585 311 designari
1603 285 1649 302 vos
1664 276 1779 310 potuisse.
2260 273 2261 276 ¹

1404 318 1422 338 D
1431 318 1446 337 Ε
1456 318 1467 337 s
1477 320 1485 338 1
1496 319 1516 338 G
1529 318 1549 337 N
1561 320 1581 338 A
1590 319 1610 338 T
1620 319 1645 338 E.
1665 311 1731 337 Adu.
1752 312 1838 343 Quam
1853 309 1937 343 lepide
1949 311 2130 346 designateqne
2143 309 2240 338 dixerit
2258 310 2325 337 Gell.
2340 320 2364 342 2,
2374 318 2395 343 ς.

1405 351 1687 378 υιῑειῦΝΑΤοιῐ,
1706 348 1745 373 uel
1765 351 2057 378 DISSXGNATOR‚
2077 346 2140 372 oris.
2161 355 2195 372 m.
2225 345 2395 381 [βραέευτὴς]

1369 381 1410 407 Sic
1421 389 1550 415 vocantur,
1563 386 1605 418 qui
1620 381 1798 415 constituendae
1805 380 1911 416 funebri
1920 387 2029 417 pompae,
2046 389 2088 408 aut
2101 385 2173 407 etiam
2184 384 2314 416 cuicunque
2323 388 2396 416 prae·-

1363 416 1440 451 sunt,
1468 421 1595 453 unicuique
1615 417 1740 443 incedendi
1753 419 1845 449 locum,
1871 415 2022 451 orditzcmque
2029 418 2238 453 praeycrIbc›1tes:
2251 420 2330 451 erilt
2339 418 2398 453 fere

1369 460 1465 477 munere
1477 457 1565 485 eorum,
1579 456 1619 487 qui
1629 454 1717 479 Romae
1731 451 1843 488 magr-*stri
1854 453 2052 478 caerimoniarum
2066 452 2256 484 vocabantur-,et
2286 456 2311 479 ui
2324 455 2399 489 vulgo

1370 486 1440 512 hodic
1451 487 1606 521 Marschalli.
1642 488 1714 514 Ouod
1726 491 1787 513 enim
1800 487 1832 513 ad
1846 486 1920 512 ludos
1934 486 2055 514 funebres
2071 487 2218 524 restringere
2230 462 2329 514 vidqctm
2342 489 2395 514 Do-

1410 558 1414 561 <
1490 557 1494 561 .
1814 532 1848 548 cre
1855 522 1884 548 do
1897 521 1963 547 1Hum
1983 530 2030 547 non
2044 522 2116 550 ludos
2126 525 2227 558 proprie
2245 522 2340 553 dictos,
2351 524 2398 559 sed

1370 560 1436 592 ipjas
1448 560 1572 592 exsequias
1585 557 1734 591 intellexisse.
1773 559 1802 584 Et
1816 564 1881 583 totus
1901 557 1940 582 ille
1959 558 2025 582 locus
2045 566 2172 594 corruptus
2190 561 2397 585 contaminatusue

1370 596 1411 625 cst.
1466 593 1547 618 Plaut.
1566 592 1642 618 Poen.
1660 593 1728 619 Prol.
1750 602 1778 626 19
1814 593 1875 619 Neu
1895 591 2041 626 designator
2060 595 2214 626 praeteriens
2236 592 2396 620 obambulet.

1371 629 1425 655 Cic.
1447 629 1498 654 Att.
1518 638 1546 660 4,
1560 635 1572 659 3
1600 628 1720 654 Desertus
1735 637 1747 654 a
1765 629 1816 654 suis
1831 629 1876 654 vix
1896 629 1948 654 iam
1969 627 2108 653 Decimum
2127 629 2329 664 designatorem,
2350 631 2396 656 vix

1370 663 1486 690 Gellium
1503 663 1606 689 retinet.
1663 664 1792 696 Qinciil.
1807 664 1878 690 Decl.
1892 665 1907 689 6
1930 663 2062 689 Lacrimas
2075 663 2140 697 ipsas
2151 665 2286 691 nouiffime
2300 665 2396 699 perdo:

283 711 400 739 derium,
420 706 576 734 Blandientis
589 714 650 731 vox:
686 703 740 729 Cic.
755 703 825 728 Fam.
840 711 879 736 14,
892 711 908 729 2
930 702 1017 728 Valete
1030 711 1087 728 mea
1099 701 1240 731 desideria,
1260 700 1308 724 Va·
1327 705 1350 730 13
1370 699 1455 725 inanis
1474 699 1548 725 domi
1568 697 1687 724 Libitina
1706 699 1851 733 plangitur,
1880 699 1979 724 derisus
1999 697 2145 732 designator
2168 701 2251 732 redit,
2283 701 2398 726 refertur

284 746 342 772 lete.
378 742 459 769 Paullo
473 748 543 772 ante,
559 741 625 766 Hem
640 747 697 764 mea
710 738 769 770 luit,
789 746 876 763 meum
891 737 1056 763 desiderium.
1127 738 1174 762 Pro
1190 737 1309 762 Pctitzone

282 781 339 813 le.
354 779 381 804 in
399 777 415 803 l.
431 786 439 803 1
455 775 477 817 §.
493 784 501 802 1
529 777 560 801 D.
578 774 610 800 de
628 773 795 808 postulando,
820 773 967 805 Postulat-e,
995 773 1029 799 est
1047 772 1202 798 desiderium
1222 772 1307 801 suum,

279 816 320 842 vel
334 813 411 839 amici
423 814 476 841 sui,
495 811 521 835 in
536 811 593 835 iure
606 810 673 844 apud
690 818 766 841 eum,
780 809 827 843 qui
841 808 1022 834 iurisdietioni
1038 807 1144 842 praeest,
1165 814 1308 840 exponere:

278 850 319 876 vel
339 848 444 874 alterius
463 845 589 871 desiderio
608 844 794 871 contradicere.
863 843 934 869 Idem
954 844 1011 869 inl.
1032 844 1058 869 Si
1073 846 1130 877 quis
1149 841 1171 875 θ’.
1192 852 1200 868 ι
1220 843 1249 867 D.
1269 842 1307 866 De

280 882 444 918 agnoscendis
458 881 500 908 vel
520 879 618 907 alendis
636 880 744 912 liberis,
769 879 936 913 Singulorum
950 879 1076 905 desideria
1096 876 1254 912 perpendere
1270 877 1306 902 iu-
1318 884 1352 902 20
1370 878 1518 908 sacrorum,
1541 875 1711 909 Dissignatore
1729 881 1754 900 et
1773 876 1897 909 aruspice.

278 920 361 945 dicem
380 922 494 951 oportet.
555 917 596 943 Sic
613 916 732 942 Proferre
748 916 791 941 sua
809 914 934 941 desideria
949 915 978 940 L.
999 915 1149 948 Necquidg.
1197 926 1201 938 ι
1223 914 1252 938 D.
1275 912 1306 937 de

276 951 350 980 offic.
364 952 483 978 Procons.
498 949 531 984 est
543 951 646 978 libellum
654 954 792 987 porrigere.
829 950 1029 985 ‚Qecmadmodum
1043 950 1148 976 Desitizr
1221 950 1307 973 ”itum

276 990 379 1015 Sueton.
393 987 460 1013 dixit
473 987 538 1021 Aug.
553 997 574 1013 c.
590 995 626 1021 ¹7-
658 987 699 1012 vbi
712 987 794 1012 videre
812 986 895 1012 licebit
915 986 1014 1021 Castmb.
1045 987 1093 1011 Pro
1109 987 1145 1019 Nn)
1155 1007 1162 1019 Δ
1175 1004 1177 1008 ι
1193 1004 1201 1009 „
1240 984 1307 1009 :bebo

275 1023 335 1050 ibid.
344 1023 429 1058 posuit
454 1031 475 1048 c.
491 1030 517 1055 53
530 1030 553 1048 et
565 1031 609 1055 94.
680 1022 744 1048 Plin.
758 1023 848 1061 Paneg:
872 1031 892 1047 c.
908 1028 942 1055 79
979 1021 1103 1047 Videmus
1118 1029 1143 1046 vt
1160 1020 1307 1054 ,maincia-

275 1068 336 1086 rum
349 1058 482 1084 desideriis
496 1066 521 1084 et
536 1057 692 1091 singularum
705 1058 783 1083 etiam
795 1057 932 1084 ciuitatum
948 1056 1067 1091 precibus
1082 1063 1210 1082 occurrat.
1239 1054 1306 1081 Add.
1319 1057 1349 1083 23
1368 1063 1437 1080 cram
1451 1060 1580 1080 exercent.

274 1094 347 1121 Idem
361 1094 404 1128 Ep.
420 1102 456 1126 ιο,
469 1101 501 1127 34
514 1100 536 1119 et
550 1101 587 1125 ὃς.

311 1136 393 1155 DESI
403 1135 473 1154 DER
483 1136 503 1154 A
513 1135 595 1159 T1o,
624 1127 689 1154 finis.
714 1128 733 1154 f.
770 1127 920 1162 [ἓπιποθία]
957 1127 1012 1153 Cic.
1028 1126 1059 1152 de
1074 1126 1172 1152 Sencfl.
1194 1133 1229 1160 47
1243 1134 1263 1150 c.
1278 1133 1308 1157 ¹4

274 1165 309 1191 At
320 1174 373 1191 non
386 1164 420 1190 est
435 1164 598 1197 voluptatum
617 1169 687 1189 tanta
700 1163 769 1197 quasi
784 1163 902 1189 titillatio
923 1163 949 1188 in
964 1163 1074 1188 senibus.
1099 1162 1190 1188 credo:
1220 1160 1261 1187 scd
1275 1169 1307 1186 ne

274 1199 429 1226 desideratio
443 1199 557 1233 quidem.
577 1197 645 1224 nihil
658 1205 745 1224 autem
762 1199 797 1224 cst
812 1198 964 1230 molestum,
980 1197 1052 1232 quod
1065 1207 1119 1224 non
1133 1196 1268 1223 desideres.

310 1240 562 1262 DESIDERATO
574 1241 609 1265 R,
634 1235 752 1260 6ris.1n.
789 1234 955 1267 ICt.1'nDig.

311 1278 328 1297 D
337 1277 352 1297 E
361 1277 373 1296 s
385 1277 392 1295 1
403 1277 420 1296 D
430 1276 446 1295 E
455 1276 472 1295 R
482 1270 501 1295 Ᾱ
514 1275 535 1294 'r
548 1270 588 1295 1‘v
599 1277 618 1295 v
629 1276 641 1295 s
650 1289 658 1302 ,
685 1278 709 1302 a,
735 1278 788 1295 um.
827 1269 885 1302 Adi.
934 1270 985 1301 Vt,
1010 1268 1097 1295 Verba
1116 1266 1304 1298 Desideratiua,

273 1315 338 1340 quae
352 1305 524 1331 terminantur
538 1304 564 1330 in
579 1306 648 1331 vrio.
666 1311 693 1331 vt
706 1305 852 1331 Moriturio
862 1325 869 1336 ‚
885 1304 912 1330 id
925 1304 969 1336 esi,
991 1305 1062 1330 Mori
1079 1302 1204 1338 desidero.
1247 1301 1304 1328 1711.

272 1341 406 1375 Augustin.
420 1340 451 1366 de
465 1340 607 1366 Granimat.
626 1349 652 1374 p.
666 1349 743 1366 2002.
764 1351 777 1366 α
791 1341 921 1366 prisciano
935 1347 1055 1366 vocantur
1070 1339 1234 1365 Meditatiua.

309 1382 325 1401 D
335 1383 351 1402 Ε
361 1382 372 1402 S
383 1382 418 1402 ID
428 1383 443 1401 E
453 1382 470 1401 R
481 1382 501 1401 Α
511 1375 548 1401 131⁰
558 1382 573 1400 L
585 1383 593 1401 l
605 1383 617 1401 S
627 1395 635 1407 ‚
665 1384 686 1401 e.
723 1376 783 1402 Adi.
821 1375 948 1409 [ποθεινὸς
958 1395 965 1407 ,
986 1374 1158 1408 ἕπιθυμητὲς]
1200 1374 1256 1400 Cic.
1272 1371 1303 1398 de

271 1411 327 1437 Fin.
348 1419 367 1443 1,
405 1431 409 1436 .
449 1431 453 1435 .
493 1410 570 1436 Nihil
591 1412 663 1436 euim
683 1410 852 1436 desiderabile
867 1411 1059 1444 concupiscunt.

270 1446 358 1472 Tacit.
375 1445 442 1471 Hist.
463 1454 487 1476 z,
507 1447 549 1478 76.
621 1446 731 1479 Compar.
760 1446 864 1472 Sueton.
877 1446 945 1471 Tib.
962 1456 983 1472 c.
1000 1454 1024 1472 21

270 1482 322 1515 ipse
336 1480 534 1506 desiderabilior
549 1479 706 1514 quandoque
720 1480 803 1505 fieret.

304 1523 322 1542 D
333 1523 348 1542 E
358 1524 370 1543 s
380 1524 389 1542 1
399 1523 416 1542 D
426 1523 442 1541 E
453 1522 469 1541 R
480 1522 501 1541 A
511 1522 526 1541 Β
536 1513 545 1540 i
557 1522 570 1540 ιΔ
583 1523 590 1540 1
600 1522 620 1541 T
631 1521 646 1540 E
657 1521 685 1540 R.
727 1514 795 1540 Adu.
830 1514 907 1540 Idem.
943 1514 1079 1548 Augustin.
1093 1514 1172 1548 Epist.
1192 1523 1235 1547 ¹43
1254 1514 1304 1540 De-

269 1551 439 1577 siderabiliter
456 1549 696 1584 concupiscendum.
944 1554 946 1556 ’

306 1592 323 1612 D
334 1593 349 1612 E
358 1593 370 1612 S
382 1587 420 1612 1’1)
432 1591 451 1611 Ο
461 1605 469 1617 ,
500 1586 543 1611 cdi
552 1604 560 1617 ,
587 1587 637 1610 ere.
687 1584 752 1611 Idem
766 1584 830 1620 quod
841 1584 925 1611 Sedere
934 1603 942 1615 ‚
953 1583 1001 1619 fid
1013 1592 1065 1609 cum
1078 1589 1152 1608 motu.

270 1622 360 1647 Diuin.
376 1630 393 1651 ι,
405 1626 436 1655 78
452 1630 472 1647 c.
486 1628 513 1652 35·
532 1622 566 1646 Vt
580 1620 662 1645 multa
675 1621 771 1654 oppida
785 1620 942 1651 corruerint,
955 1619 1043 1644 multis
1058 1618 1122 1644 locis
1137 1616 1205 1643 labes
1220 1615 1304 1642 factae

270 1656 333 1689 sint,
354 1663 488 1690 terraeque
508 1655 667 1687 desederint,
692 1656 853 1689 lluminaque
874 1655 900 1680 in
916 1655 1058 1680 contrarias
1073 1660 1156 1687 partes
1171 1652 1302 1678 fluxerint.

269 1693 311 1719 Sic
320 1693 402 1727 pizul-lo
411 1690 481 1727 post,
501 1691 667 1722 Desedcrint,
687 1694 704 1716 i.
719 1690 809 1723 Pqffian
823 1694 911 1720 ierint,
931 1698 953 1715 ct
967 1692 1033 1716 velut
1046 1689 1231 1725 rlzjcendermt,
1246 1687 1304 1721 Jiaeb-

262 1727 382 1763 fiderirzt.
452 1727 551 1752 Possum
565 1735 734 1758 enumerare,
755 1727 858 1760 quoties
877 1726 1017 1760 repentinis
1037 1725 1164 1759 quassatae
1183 1722 1301 1748 motibus

1060 1447 1093 1471 Vt
1107 1445 1152 1471 tali
1167 1445 1304 1471 successore

268 1762 309 1787 vel
323 1761 456 1787 hiauerint
473 1769 556 1787 terrae
566 1781 573 1793 ‚
596 1762 638 1788 vel
654 1761 800 1787 desederint
820 1763 846 1787 in
858 1761 998 1795 abruptum
1033 1759 1150 1786 Laetam.
1164 1757 1223 1784 Inst.
1238 1766 1265 1791 7,
1280 1765 1300 1788 3.
1315 1762 1349 1788 45
1366 1759 1504 1792 Portisque
1523 1757 1556 1784 ab
1570 1765 1641 1791 equo
1655 1757 1745 1789 regina
1759 1756 1806 1782 sub
1820 1756 1879 1790 ipsis
1915 1757 2034 1784 Desiluit.

266 1797 309 1822 vbi
321 1798 381 1821 male
395 1797 427 1821 al.
441 1796 628 1822 descenderint.
698 1797 754 1823 Cic.
768 1797 799 1823 de
812 1798 901 1823 Diuin.
919 1806 926 1823 1
942 1807 963 1822 c.
979 1805 1005 1828 :3
1030 1795 1121 1821 Delata
1134 1793 1165 1820 ad
1180 1794 1302 1819 Senatum

266 1831 335 1857 labes
349 1831 405 1865 agri
421 1830 596 1863 Priuernatis,
623 1840 682 1856 cum
696 1832 728 1857 ad
743 1832 872 1858 infinitam
893 1832 1059 1858 altitudinem
1074 1837 1142 1856 terra
1160 1828 1301 1854 desedisset.

268 1867 356 1892 Valer.
371 1868 468 1899 Argon.
482 1870 503 1895 8,
520 1874 565 1897 329
603 1865 681 1891 Vasto
696 1868 784 1892 rursus
800 1867 898 1892 desedit
913 1867 987 1893 hiatu
1025 1866 1142 1899 Abrupta
1164 1863 1302 1889 reuolutus

267 1910 342 1936 aqua.
412 1900 478 1927 Cels.
494 1906 507 1930 8
521 1910 542 1926 c.
556 1908 568 1933 ς
605 1901 636 1926 In
654 1900 763 1926 naribus
786 1910 867 1933 vero,
890 1908 916 1927 et
936 1911 965 1927 os
985 1908 1010 1926 et
1024 1901 1150 1933 cartilago
1162 1899 1247 1931 frangi
1264 1899 1302 1922 so-

269 1937 320 1968 let,
337 1942 361 1962 et
375 1935 481 1970 quidem
495 1935 575 1961 modo
589 1935 709 1967 aduersa,
730 1935 812 1962 modo
833 1945 846 1961 a
862 1936 959 1967 latere,
980 1936 996 1961 si
1011 1936 1117 1961 aduersa
1138 1933 1220 1958 fracia
1235 1933 1302 1963 sunt,
1316 1937 1348 1962 50
1368 1933 1486 1966 scapham
1506 1931 1587 1958 Plaut,
1599 1931 1668 1958 Rud,
1681 1938 1721 1964 75.

267 1972 412 1999 alterumue
425 1980 455 1996 ex
469 1970 508 1996 his
518 1990 526 2002 ‚
544 1978 617 1996 nares
637 1971 768 2003 desidunt,
788 1969 927 1997 difficulter
946 1970 1050 2005 spiritus
1064 1969 1186 1995 trahitur.
1242 1967 1303 1992 Liu.

268 2016 308 2040 32,
322 2016 339 2040 9
364 2007 453 2033 Terra
465 2006 573 2032 Velitris
590 2005 670 2031 trium
686 2006 805 2039 iugerum
826 2007 909 2039 spatio
923 2014 1033 2032 cauerna
1047 2004 1146 2039 ingenti
1162 2002 1304 2029 desederat.

269 2044 305 2070 Ex
320 2042 396 2068 vrina
410 2040 481 2076 quod
497 2040 589 2066 desidit
617 2040 682 2066 Cels.
698 2049 723 2073 2,
736 2048 762 2075 7.
831 2040 929 2068 Defidit
944 2050 1025 2066 ouum
1044 2041 1151 2074 plenum
1182 2040 1257 2064 Varr.
1270 2038 1302 2063 R.

269 2079 300 2104 R.
316 2086 335 2109 3,
350 2086 376 2110 9,
393 2085 421 2103 ιι.
475 2075 574 2102 Desidit
585 2083 688 2106 tumor,
713 2075 817 2110 quando
832 2075 1003 2102 imminuitur
1022 2075 1088 2101 Cels.
1103 2082 1129 2108 7,
1143 2078 1177 2102 18.
1230 2072 1303 2099 Vada

269 2113 387 2140 desidunt
405 2113 466 2138 Stat.
479 2111 542 2138 Silu.
557 2121 577 2143 3,
591 2120 616 2143 2,
631 2119 685 2144 109.

303 2154 510 2179 DESlDENs,
528 2147 570 2175 tis.
607 2147 700 2173 Partic.
737 2145 862 2180 [α’φις-ὼ]
905 2147 955 2177 Vt,
974 2143 1124 2171 Defidentes
1136 2150 1238 2174 mores,
1251 2148 1301 2176 pro

268 2183 471 2219 Disctfientibus.
508 2182 567 2208 Liu.
583 2182 609 2207 in
630 2181 739 2208 Praefat.
759 2181 873 2208 Labente
894 2180 988 2207 deinde
1002 2179 1157 2214 disciplina,
1173 2178 1245 2204 velut
1261 2177 1303 2203 de-

270 2219 377 2245 sidentes
395 2218 483 2252 primo
500 2226 587 2244 mores
607 2218 729 2252 sequatur
745 2217 848 2244 animo:
873 2216 968 2243 deinde
988 2221 1017 2241 vt
1037 2215 1135 2249 magis,
1167 2213 1303 2247 magisque

271 2254 330 2289 lapsi
344 2254 406 2280 lint:
438 2259 492 2279 tum
507 2254 545 2279 ire
561 2253 695 2287 coeperint
707 2252 870 2287 praecipites.
941 2250 1080 2283 Desidere,
1100 2250 1150 2276 labi
1162 2251 1241 2284 magis
1254 2257 1304 2273 ma—

267 2294 367 2327 gisque,
385 2292 420 2315 [re
430 2291 588 2324 praecipites.

305 2333 322 2351 D
332 2332 348 2351 E
357 2333 369 2350 s
379 2332 386 2350 1
398 2331 415 2350 D
424 2332 445 2350 V
454 2330 472 2349 O
483 2343 490 2353 ,
517 2332 565 2358 pro
578 2323 718 2350 Diuturne.
754 2322 819 2349 Adu.
839 2322 979 2355 antiquum
993 2327 1018 2347 et
1032 2320 1188 2347 obsoletum.
1225 2319 1301 2344 Varr.

268 2360 398 2386 Corollar.
419 2359 542 2385 Diuidiae
561 2358 629 2385 mihi
642 2359 762 2391 fuerunt,
783 2364 835 2384 tam
850 2357 957 2384 desiduo
971 2356 1080 2383 abfuisse
1095 2362 1127 2382 te.
1182 2354 1302 2388 Fulgent.

268 2394 299 2421 de
313 2395 397 2428 prisco
413 2395 486 2420 serm.
499 2403 523 2420 n.
537 2402 577 2428 37.

303 2435 491 2460 DESIGNO,
516 2433 569 2454 are.

261 2463 361 2498 strare,
387 2464 414 2489 de
427 2466 501 2494 inire,
527 2461 648 2495 destinare
662 2470 684 2489 et
697 2466 778 2488 animo
791 2464 933 2489 attribuere.

269 2501 352 2527 Notat
366 2505 391 2525 et
423 2499 516 2533 efignat
529 2498 612 2524 oculis
627 2497 658 2523 ad
672 2497 775 2524 caedem
796 2506 1008 2532 vnumquemque
1027 2496 1153 2523 nostrum.

268 2536 343 2569 vulgi
355 2534 482 2568 designari
515 2532 596 2560 Ouid.
610 2535 701 2559 Amor.
724 2541 746 2564 3,
759 2534 785 2563 6,
798 2539 842 2566 77.
928 2532 984 2558 Cic.
998 2532 1028 2558 de
1041 2533 1114 2558 Orat.
1133 2541 1152 2563 1,
1174 2539 1220 2564 109
1239 2540 1260 2556 c.
1274 2539 1303 2562 23

269 2572 340 2597 Haec
360 2570 391 2596 ab
406 2569 560 2596 hominibus
579 2568 679 2594 callidis
693 2577 721 2594 ac
735 2568 826 2602 peritis
845 2566 1026 2592 animaduersa
1045 2576 1072 2593 ac
1086 2573 1188 2599 notata,
1209 2565 1305 2592 Verbis

271 2606 408 2640 designata.
480 2604 551 2630 Idem
567 2604 597 2630 de
611 2605 712 2630 [nuent.
728 2611 747 2635 1,
761 2611 784 2634 31
814 2603 850 2628 Ex
865 2611 914 2636 qua
928 2603 1036 2628 Certum
1051 2602 1176 2636 quiddam
1190 2601 1303 2636 designa-

271 2649 313 2668 tur
325 2640 457 2672 auditori,
478 2640 505 2666 in
524 2649 578 2674 quo
591 2640 707 2665 animum
719 2638 812 2664 debeat
825 2637 922 2663 habere
935 2644 1100 2671 occupatum.

271 2686 314 2703 cus
328 2676 469 2710 designatus
483 2675 518 2701 est
537 2676 595 2702 Liu.
611 2684 631 2707 1,
646 2682 680 2707 ὃς.
737 2671 903 2709 Msgtstratus
916 2673 984 2698 Rom.
999 2672 1142 2707 designari,
1162 2673 1186 2699 h.
1194 2682 1212 2699 e.
1223 2676 1305 2698 creari

263 2712 375 2748 solebant
389 2715 414 2737 in
431 2721 521 2737 annum
534 2714 689 2746 proximum,
709 2708 886 2742 defignatique
905 2707 1062 2737 dicebantur,
1082 2707 1155 2732 donec
1173 2706 1303 2742 magrstra-

271 2754 321 2772 tum
336 2745 446 2779 inrffcnt:
466 2746 594 2781 quodficri
601 2746 695 2781 solebat
708 2745 760 2771 Cal.
777 2746 831 2770 lan.
845 2742 993 2774 Sallustius,
1012 2742 1038 2767 B.
1055 2742 1132 2768 Catil.
1147 2751 1167 2767 c.
1182 2744 1214 2766 26
1233 2742 1304 2766 Cati-

272 2783 324 2808 lina
344 2782 519 2808 nihilominus
539 2783 565 2807 in
580 2782 730 2815 proximum
746 2788 843 2806 annum
862 2777 1031 2805 Consulatum
1050 2776 1165 2811 petebat:
1190 2776 1303 2809 sperans,

273 2818 290 2844 si
305 2817 445 2851 designatus
459 2817 541 2847 foret,
558 2817 634 2843 facile
649 2818 673 2842 se
688 2825 719 2842 ex
733 2815 868 2841 voluntate
883 2813 1000 2840 Antonio
1015 2813 1132 2838 vsurum.

273 2854 343 2879 Fam.
359 2862 389 2884 ιι,
403 2855 427 2878 6.
446 2859 469 2877 et
482 2853 551 2878 alibi.
601 2852 670 2877 Vell.
688 2860 709 2883 2,
724 2856 758 2883 58.
804 2849 861 2876 Cic.
875 2849 958 2875 Tusc.
976 2857 987 2880 3
1020 2847 1172 2882 Designatus
1187 2847 1303 2871 Praetor.

274 2890 304 2914 Et
316 2889 346 2914 ad
355 2889 461 2914 Brutum
479 2897 488 2914 1
509 2887 660 2921 Designatus
667 2886 808 2913 Tribunus
821 2884 914 2920 plebis.
948 2883 1130 2919 Conf.Vell.2,
1141 2889 1184 2908 ιιι.
1220 2882 1306 2914 Qiae—

274 2923 326 2949 sior
349 2923 385 2949 ld.
400 2923 431 2949 ib.
444 2932 469 2949 n.
485 2932 506 2955 3.
539 2924 594 2949 Cic.
609 2924 660 2949 Att.
676 2931 698 2954 3,
714 2931 747 2954 13.
819 2919 950 2947 Columel.
966 2919 997 2945 de
1010 2918 1073 2945 Arb.
1089 2927 1107 2950 1,
1124 2926 1136 2951 ς
1163 2917 1246 2950 Ipsum
1261 2925 1305 2941 au-

272 2964 323 2985 tem
338 2959 530 2993 Agrun1‚queut
544 2959 683 2984 seminario
694 2956 883 2991 defiguaueris,
902 2955 1008 2989 planum
1024 2961 1049 2981 et
1062 2953 1203 2980 succosum.
1249 2952 1304 2978 Cic.

604 2425 781 2462 [dri-aimuh]
816 2427 972 2463 Describcre,
991 2425 1058 2462 quiz-Ji
1066 2424 1194 2466 Pfrfig'la
1210 2424 1304 2450 demon-

1208 2494 1306 2529 Digiti:

1131 1410 1191 1435 Liu.
1213 1418 1263 1441 24,
1283 1416 1304 1440 ς.
1322 1417 1349 1443 35
1367 1419 1417 1436 mea
1438 1409 1567 1445 digeratur
1586 1417 1600 1433 α
1616 1409 1785 1442 Tyrannione.

1198 1581 1254 1607 Cic.
1272 1581 1303 1606 de
1312 1592 1348 1616 40

1357 2178 1489 2212 struendis
1508 2178 1653 2211 Ἀμφίππκς
1668 2177 1788 2212 appellat,
1815 2176 1844 2203 de
1856 2175 1985 2210 arztfflomo
1993 2177 2119 2214 phalange
2131 2179 2240 2213 loquens.

1174 2810 1231 2836 Vul.
1246 2810 1302 2836 Cic.
1317 2815 1349 2843 73
1366 2816 1424 2836 tur:
1451 2809 1478 2835 de
1498 2819 1543 2844 quo
1551 2811 1597 2845 fico
1617 2811 1676 2835 loco.

1369 743 1458 769 rogus,
1513 735 1579 760 Hor.
1594 733 1670 767 Epist.
1689 742 1707 764 1,
1721 742 1746 768 7,
1759 737 1774 760 6
1806 735 1875 760 Dum
1889 734 1952 760 ficus
1965 734 2050 768 prima
2064 733 2186 768 calorque
2203 736 2397 770 Designatorem

1370 769 1475 796 decorat
1494 769 1633 795 li&oribus
1654 769 1726 794 atris.
1772 768 1811 802 Est
1828 773 1838 795 i
1857 772 1908 795 itur
1926 768 2040 806 magtster
2054 777 2076 795 et
2088 770 2155 795 velut
2173 770 2291 807 choragus
2309 781 2399 805 eorum,

1370 809 1412 841 qui
1420 806 1525 841 funeris
1541 805 1664 840 exsequias
1675 811 1772 830 curant.
1863 805 1947 831 ertull.
1962 808 1993 831 de
2007 804 2118 839 SpeElac.
2132 814 2152 830 c.
2165 813 2193 830 10
2223 806 2243 831 A
2256 807 2358 841 templis
2373 813 2399 833 et

1370 841 1421 867 aris
1441 841 1508 867 inter
1525 840 1609 866 tribus
1626 846 1651 865 et
1669 839 1747 865 tibias
1760 839 1862 865 duobus
1880 840 2090 875 inquinatissimis
2111 839 2217 866 arbitris
2236 840 2359 868 funerum
2374 848 2400 869 et

1966 876 2023 902 Sen.
2037 876 2069 902 de
2080 875 2167 902 Bencf.
2181 878 2207 908 6,
2221 881 2248 907 38
2268 876 2296 902 de
2307 877 2398 904 heredi-

1365 915 1450 947 petis,
1468 912 1530 938 Non
1545 918 1617 946 putas
1632 911 1721 937 eadem
1734 909 1840 942 habere,
1857 919 1924 945 quae
1937 910 2109 945 designatores
2121 917 2146 937 et
2159 911 2319 937 libitinarios
2330 913 2400 940 vota.

1371 949 1406 973 Ex
1420 950 1468 973 alio
1480 948 1632 984 genes-ejicnt
1655 946 1713 980 le.
1728 946 1754 971 in
1770 946 1787 971 l.
1808 946 1923 972 Athletas
1936 947 1967 972 D.
1980 946 2011 972 de
2023 946 2073 979 his,
2085 948 2132 981 qui
2146 952 2270 973 notantur
2281 947 2400 981 infamia,

1369 982 1548 1017 Designatores
1567 989 1671 1013 autem,
1700 990 1765 1016 quos
1786 981 1879 1007 Graeci
1903 980 2040 1016 βραζευηὶς
2060 982 2205 1017 appellant,
2232 989 2314 1008 artem
2333 983 2402 1010 ludi.

1369 1027 1438 1044 cram
1456 1027 1509 1044 non
1528 1018 1612 1044 facere
1633 1017 1723 1044 Celsus
1744 1017 1850 1051 probat:
1870 1016 1930 1051 quia
1948 1017 2139 1049 ministerium,
2169 1027 2221 1044 non
2235 1023 2318 1044 artem
2332 1019 2400 1045 ludi-

1626 1052 1781 1086 Diffignator
1793 1052 1882 1087 probat
1896 1053 1962 1088 Lips.
1975 1055 2063 1088 Antiq.
2078 1052 2145 1080 Leti.
2159 1064 2181 1085 2,
2194 1064 2210 1089 9
2231 1056 2288 1080 item
2301 1054 2330 1079 de
2341 1056 2402 1080 Am-

1365 1090 1509 1125 phitheatro
1523 1099 1544 1115 c.
1563 1099 1595 1123 ¹5-
1633 1089 1704 1124 Conf.
1726 1090 1777 1114 Pet.
1796 1088 1851 1114 Fab.
1865 1086 1978 1123 Agomst.
1998 1098 2017 1119 1,
2032 1098 2067 1119 23.
2263 1086 2283 1126 ff
2304 1098 2320 1116 2
2356 1089 2403 1117 Sed

1371 1125 1489 1151 DESIG
1499 1125 1523 1150 N
1534 1125 1623 1150 ATO
1632 1124 1653 1150 R
1685 1124 1754 1150 SCE
1763 1124 1817 1150 NA
1826 1124 1846 1150 R
1855 1124 1914 1149 VM
1935 1124 2000 1157 apud
2013 1124 2119 1150 Gruter.
2132 1125 2249 1159 Inscript.
2264 1134 2288 1159 p.
2302 1131 2401 1152 CCLxx

1369 1161 1405 1187 est
1419 1160 1593 1192 Architeehts,
1606 1160 1652 1193 qui
1666 1160 1750 1186 scenas
1764 1159 1839 1185 struit
1858 1164 1883 1184 et
1896 1158 2011 1184 ordinat.
2047 1159 2086 1185 Sic
2100 1162 2127 1184 in
2139 1161 2189 1185 alia
2201 1160 2317 1194 inscript.
2337 1160 2410 1196 apud>

1369 1196 1473 1223 Fabret.
1509 1195 1797 1222 DESIGNATOR
1832 1194 2003 1220 OPERVM
2039 1194 2332 1222 PVBLICORVM.

1390 1238 1526 1272 'Dt÷S1G.
1556 1239 1585 1258 x.
1617 1231 1643 1256 P.
1664 1231 1689 1256 P.
1731 1230 1836 1266 Vrsarus
1853 1231 1959 1265 explicat
1976 1229 2130 1264 Defignasor
2153 1229 2267 1257 decimae
2286 1239 2332 1266 per
2344 1239 2405 1266 pro-

1369 1276 1479 1294 vmcias.

1404 1309 1448 1329 DE
1459 1307 1673 1333 stcNA'rro,
1694 1301 1762 1326 onis.
1782 1300 1801 1326 f.
1829 1298 2014 1334 [ὑποτύπωσις]
2049 1300 2104 1326 Cic.
2120 1300 2173 1326 Att.
2188 1309 2215 1333 4,
2230 1310 2248 1335 4
2271 1301 2297 1327 Si
2310 1300 2341 1327 ad
2353 1309 2403 1328 nos

1367 1338 1488 1370 veneris,
1520 1335 1635 1363 offendes
1653 1335 1858 1371 designationem
1878 1335 2079 1370 Tyrannionis,
2110 1336 2251 1362 mirificam
2268 1335 2402 1363 librorum

1366 1382 1486 1400 meorum
1506 1371 1704 1398 bibliothecam.
1750 1371 1980 1406 Defignationem‚
2005 1373 2024 1397 i.
2044 1371 2176 1402 Ordinem,
2212 1381 2241 1398 uo
2260 1372 2406 1401 bibliotheca

1526 1443 1533 1449 .
1602 1444 1606 1448 .
1855 1406 1927 1432 Idem
1942 1406 1973 1432 de
1994 1406 2029 1432 N.
2043 1407 2074 1433 D.
2089 1415 2108 1439 1,
2121 1415 2155 1433 20
2212 1416 2300 1433 mnem
2322 1408 2404 1434 totius

1368 1454 1470 1507 ‘affl
1483 1442 2405 1512 {35³2{ssssg'ssfssisfflssffs{52¹siglis..1...¹²'..‘.¹⁶q..‘³..‡²}{·.0¹.3.¹³s.⁸..{·d{f

1366 1516 1510 1549 signatione
1530 1515 1700 1548 personarum
1719 1520 1745 1540 et
1766 1519 1931 1548 temporum,
1956 1519 2000 1539 aut
2018 1512 2050 1539 de
2064 1522 2093 1539 re
2105 1514 2182 1540 certis
2200 1513 2228 1540 in
2247 1514 2363 1548 personis
2375 1512 2405 1541 ac

1367 1549 1532 1584 temporibus
1548 1549 1640 1575 locata.

1403 1590 1447 1610 DE
1456 1592 1468 1610 s
1479 1583 1491 1610 1⁹
1501 1590 1563 1609 1.1o
1573 1603 1581 1615 ,
1602 1584 1641 1608 iui
1654 1589 1677 1608 et
1689 1583 1726 1613 ui,
1741 1582 1837 1614 vitum,
1856 1586 1914 1617 tre„
1941 1581 2129 1618 [καταπηδαὶω]
2151 1584 2219 1610 Saltu
2226 1584 2256 1619 fi>
2269 1583 2404 1612 demittere.

1368 1618 1439 1645 Vici.
1453 1619 1484 1644 de
1499 1618 1572 1644 Viris
1585 1618 1682 1644 Illustr.
1696 1620 1726 1648 65
1754 1618 1823 1642 Dum
1838 1626 1852 1642 a
1865 1618 1964 1652 templo
1977 1619 2077 1645 Dianae
2092 1619 2204 1651 desiliit,
2227 1619 2309 1645 talum
2322 1619 2405 1645 intor-

1367 1654 1413 1686 sit,
1433 1654 1460 1680 de
1480 1653 1601 1680 Graccho.
1674 1651 1784 1678 Defllire
1797 1652 1828 1677 ad
1848 1653 1925 1685 pedes
1955 1654 2027 1679 Caes.
2048 1654 2076 1679 B.
2091 1654 2124 1680 G.
2146 1663 2173 1686 4,
2188 1662 2212 1680 2.
2284 1654 2406 1680 Fulmina

1368 1690 1490 1715 desiliunt
1502 1688 1574 1714 caelo
1595 1688 1671 1721 Prop.
1687 1696 1707 1717 2,
1728 1695 1762 1718 13,
1776 1694 1815 1718 50.
1877 1686 1990 1714 Aethere
2003 1688 2107 1714 desiluit
2119 1689 2186 1714 Iuno
2203 1687 2291 1714 Valer.
2305 1689 2405 1722 Argon.

1367 1734 1394 1757 4,
1416 1732 1466 1756 355.
1537 1722 1619 1748 Lecto
1639 1722 1742 1748 desilire
1770 1722 1837 1748 Hor.
1851 1722 1901 1749 Sat.
1924 1730 1943 1754 1,
1961 1731 1987 1755 2,
2009 1731 2060 1755 130.
2131 1723 2205 1757 Virg.
2218 1724 2282 1749 Aen.
2301 1731 2333 1756 11,
2351 1731 2406 1756 499
2438 1748 2439 1751 ,

2087 1758 2127 1783 De
2139 1758 2260 1789 nauibus,
2280 1757 2312 1783 de
2324 1758 2406 1784 rheda

1366 1795 1439 1821 Caes.
1454 1794 1482 1820 B.
1496 1793 1528 1819 G.
1541 1802 1569 1826 4,
1584 1800 1605 1824 5.
1677 1792 1713 1817 Ex
1728 1790 1818 1816 essedis
1845 1792 1901 1817 Cic.
1915 1800 1964 1825 pro
1977 1792 2073 1818 Milon.
2087 1800 2126 1824 29.
2197 1793 2234 1817 Ex
2253 1800 2324 1826 equo
2343 1792 2403 1819 Liu.

1366 1839 1382 1862 9
1396 1836 1419 1855 et
1433 1837 1471 1861 35,
1484 1837 1525 1861 34.
1574 1827 1647 1854 Caes.
1662 1827 1690 1853 B.
1704 1827 1735 1852 G.
1754 1835 1781 1859 4,
1796 1834 1822 1852 2.
1890 1827 1970 1861 Equis
1990 1827 2078 1853 Iustin.
2098 1835 2117 1858 1,
2133 1835 2170 1860 10,
2182 1835 2207 1859 9.
2276 1829 2306 1854 In
2322 1827 2404 1854 vndas

1366 1866 1485 1898 Corpore
1499 1862 1604 1889 desiluit
1622 1861 1703 1888 Ouid.
1717 1862 1780 1887 Met.
1793 1869 1816 1893 3,
1829 1863 1888 1890 680.
1950 1862 1980 1887 In
1993 1862 2109 1893 arbium,
2133 1865 2150 1887 i.
2166 1860 2334 1897 Angustit'sfi
2344 1871 2406 1888 com-

1365 1903 1476 1924 mittere:
1509 1897 1638 1923 Horatius
1651 1897 1814 1931 metaphorice
1827 1896 1895 1921 dixit
1907 1900 1934 1922 in
1964 1898 2026 1923 Arte
2040 1898 2111 1923 Poet.
2126 1905 2179 1930 134.
2251 1897 2290 1922 De
2301 1897 2364 1923 naui
2378 1897 2407 1924 in

1794 1931 1825 1956 Et
1837 1931 1903 1964 apud
1917 1931 1981 1957 Plin.
1999 1937 2043 1963 8,8
2062 1932 2126 1957 Inde
2138 1931 2220 1956 totius
2234 1932 2346 1965 agminis
2360 1941 2407 1959 no-

1366 1968 1497 1994 viffimum
1517 1966 1659 2002 speculati,
1676 1971 1804 1991 extremas
1822 1965 1850 1990 in
1868 1965 1956 1991 clunes
1977 1966 2106 1992 desiliunt.
2126 1965 2230 2001 subaud.
2252 1967 2423 2002 Elephanto-'

1369 2013 1439 2030 rum.
1476 2003 1505 2029 de
1529 2001 1702 2038 Troglodytis.
1756 2000 1900 2027 Perniciter
1914 2000 2031 2035 desilire,
2051 2001 2104 2029 vid.
2125 2008 2277 2029 PERle.
2331 2003 2407 2038 Aqua

1367 2039 1487 2065 desiliens
1500 2046 1531 2064 ex
1545 2038 1599 2064 alto
1624 2035 1706 2063 Ouid.
1722 2034 1787 2062 Fast.
1801 2045 1829 2068 4,
1843 2043 1905 2069 427.
2156 2056 2159 2057 .

1403 2081 1422 2100 D
1431 2080 1448 2100 E
1458 2080 1470 2099 S
1479 2079 1524 2106 VJ.
1534 2079 1555 2098 T
1564 2079 1582 2098 Ο
1590 2079 1608 2099 R
1617 2092 1625 2104 ,
1652 2072 1716 2098 fisis.
1736 2080 1772 2096 m.
1809 2070 1974 2105 [μετάβατης
1982 2090 1989 2103 ,
2007 2069 2131 2105 ζιῦξιππσς
2146 2071 2205 2097 Vet.
2220 2072 2282 2106 GL]
2317 2073 2407 2101 Desul-

1320 2110 1348 2136 55
1366 2114 1436 2135 tores
1451 2107 1610 2140 dicebantur,
1631 2108 1681 2142 Qui
1695 2106 1753 2133 duos
1766 2114 1836 2141 equos
1849 2105 1936 2145 absque
1950 2105 2073 2141 ephippiis
2084 2109 2226 2143 agitantes,
2247 2117 2276 2134 ex
2288 2110 2367 2136 altero
2379 2112 2408 2136 in

2021 2143 2074 2168 Hos
2085 2143 2207 2169 Aelianus
2220 2143 2248 2169 de
2261 2144 2357 2171 aciebus
2368 2148 2408 2172 in·

2281 2181 2354 2206 Valet
2365 2189 2407 2206 au—

1364 2222 1411 2240 tem
1424 2215 1468 2241 hoc
1487 2213 1615 2249 (inquit)
1633 2211 1789 2245 irfiruendae
1801 2215 1863 2238 aciei
1874 2222 1950 2248 genus
1958 2212 2110 2247 pottſjt'mum
2124 2220 2211 2240 contra
2223 2214 2351 2248 barbaros,
2365 2218 2408 2251 qui

1365 2251 1418 2277 loca
1438 2249 1525 2282 Htstro
1543 2252 1611 2275 amni
1623 2251 1708 2274 vicina
1725 2249 1851 2280 incolum,
1871 2257 1931 2283 quos
1943 2248 2097 2284 Amphippos
2116 2249 2289 2285 cognominant
2301 2260 2317 2276 a
2330 2258 2408 2277 muta—

1364 2145 1468 2171 alterum
1475 2143 1579 2179 subinde
1594 2146 1658 2168 mira
1667 2144 1816 2177 pernicitate
1830 2140 1976 2175 desiliebant.

1312 2289 1347 2313 60
1366 2289 1432 2312 tione
1445 2293 1557 2321 equorum
1565 2295 1573 2309 :
1592 2294 1620 2310 ex
1632 2285 1691 2310 aliis
1703 2286 1764 2309 enim
1778 2286 1804 2310 in
1816 2285 1879 2310 alios
1891 2282 2049 2316 tranffidtttre
2060 2284 2241 2320 consueuerant.
2278 2287 2346 2312 Haec
2359 2287 2407 2313 Bu-

1368 2321 1451 2346 daeus.
1506 2319 1565 2346 Isid.
1580 2326 1615 2352 ιε,
1630 2328 1660 2352 39
1684 2319 1835 2345 Detultores
1847 2319 1995 2350 nominati,
2016 2319 2087 2354 quod
2098 2319 2182 2352 olim,
2203 2326 2281 2354 prout
2295 2322 2408 2356 quisque

1367 2355 1400 2382 ad
1414 2355 1501 2381 cursus
1514 2354 1593 2380 finem
1611 2360 1734 2387 venerat,
1753 2353 1888 2380 desiliebat
1901 2360 1926 2380 et
1939 2354 2076 2387 currebat,
2096 2354 2148 2381 siue
2162 2355 2235 2389 quod
2249 2355 2280 2382 de
2295 2366 2364 2391 equo
2377 2358 2406 2384 in

1368 2399 1465 2425 equum
1485 2389 1661 2416 transsiliebat.
1750 2391 1829 2416 Varr.
1844 2389 1876 2415 de
1898 2390 1930 2416 R.
1944 2390 1975 2416 R.
1998 2398 2023 2422 2,
2037 2397 2062 2424 7,
2078 2398 2101 2422 ις
2129 2390 2230 2417 Peritus
2252 2391 2316 2418 belli
2336 2392 2404 2420 alios

1368 2435 1434 2460 quos
1452 2425 1542 2459 eligit,
1562 2430 1640 2460 atque
1652 2424 1715 2457 alit,
1739 2432 1766 2450 ac
1781 2424 1874 2451 docet:
1909 2424 1986 2451 aliter
2008 2424 2207 2460 quadrigarius,
2231 2435 2261 2454 ac
2279 2427 2405 2456 desultor.

1013 2462 1069 2488 Cic.
1085 2470 1112 2487 tn
1129 2460 1207 2487 Catil.
1222 2469 1230 2486 1
1246 2462 1304 2485 init.
1319 2458 1350 2490 65
1367 2461 1461 2488 Manu,
1486 2469 1515 2493 5,
1532 2465 1560 2492 ες

1494 2496 1551 2522 Nec
1563 2503 1617 2521 non
1630 2494 1733 2521 alterno
1745 2493 1862 2520 desultor
1874 2493 1956 2520 fidere
1969 2494 2048 2521 dorso

1490 2529 1715 2565 Qtadrupedum,
1733 2535 1759 2555 et
1771 2529 1874 2555 stabiles
1888 2530 1986 2563 poterit
2000 2529 2113 2563 defigere
2134 2529 2248 2564 plantas;

1491 2567 1591 2601 Perque
1603 2564 1706 2592 volabit
1718 2573 1813 2599 equos,
1831 2564 1922 2590 ludens
1942 2573 1988 2598 per
2000 2571 2071 2599 terga
2085 2565 2230 2591 volantum.

1368 2602 1464 2628 Notari
1476 2603 1549 2628 velim
1566 2601 1669 2628 stabiles
1683 2600 1789 2635 plantas.
1829 2600 1888 2626 Cum
1901 2599 2099 2635 cnimstapcdum
2113 2599 2173 2634 usus
2192 2609 2240 2626 non
2253 2598 2324 2632 effiaet,
2344 2606 2404 2635 opus

1172 2637 1251 2664 Circo
1266 2636 1303 2662 lo·
1312 2641 1348 2669 70
1366 2644 1420 2663 erat
1431 2635 1503 2670 stare
1521 2645 1578 2664 ante=
1598 2640 1625 2663 in
1645 2636 1715 2670 dorso
1733 2638 1788 2671 equi
1807 2638 1896 2667 unius,
1920 2644 1990 2670 quam
2010 2634 2145 2669 tranffilire
2153 2634 2232 2669 poſjirs
2251 2638 2278 2660 in
2291 2636 2405 2663 alterum.

1367 2672 1441 2708 Conf.
1456 2673 1522 2700 Scali
1540 2682 1573 2699 εν.
1587 2673 1686 2707 Hygin.
1699 2670 1762 2698 Fab.
1776 2676 1808 2700 80
1831 2680 1883 2696 cum
1897 2670 1926 2696 de
1938 2671 2035 2696 alterna
2051 2676 2128 2696 morte
2142 2669 2250 2703 Castoris
2263 2677 2285 2696 et
2299 2671 2405 2697 Pollucis

1367 2707 1449 2739 dixit,
1475 2709 1518 2734 Vn
1538 2718 1552 2735 e
1567 2716 1592 2734 et
1605 2708 1718 2734 Romani
1733 2707 1835 2733 seruant
1849 2705 2014 2736 institutum,
2038 2714 2097 2731 cum
2111 2704 2270 2732 desultorem
2284 2706 2403 2737 mittunt,

1367 2751 1434 2767 vnus
1450 2742 1516 2768 duos
1532 2752 1613 2776 equos
1627 2742 1721 2773 habet,
1749 2741 1847 2774 pileum
1862 2741 1890 2765 in
1903 2741 2005 2773 capite,
2029 2749 2099 2774 equo
2118 2741 2145 2766 in
2160 2749 2255 2775 equum
2271 2739 2404 2772 transfilit,

1367 2776 1438 2808 quod
1453 2776 1499 2801 ille
1519 2777 1561 2801 sua
1575 2783 1600 2801 et
1614 2777 1702 2801 fratris
1722 2775 1779 2800 vice
1800 2775 1931 2807 fungatur.
2004 2775 2081 2801 Iidem
2094 2782 2117 2802 et
2133 2775 2271 2801 Vertumni
2291 2775 2403 2801 diceban-

1717 2808 1777 2842 le.
1791 2808 1807 2834 l.
1821 2817 1851 2834 20
1863 2807 1895 2835 de
1917 2810 2082 2844 praescriptis
2095 2809 2198 2842 verbis,
2217 2810 2243 2836 Si
2256 2809 2306 2836 tibi
2321 2819 2403 2845 equos

1368 2844 1472 2871 venales
1486 2844 1657 2878 experiendos
1671 2843 1783 2874 deder0,
1800 2849 1845 2876 vt,
1864 2844 1881 2870 si
1899 2845 1926 2870 in
1939 2845 2029 2871 triduo
2043 2845 2245 2879 displicuissent,
2265 2845 2403 2878 redderes;

1367 2885 1449 2914 tuque
1462 2879 1579 2906 desultor
1592 2879 1619 2905 in
1635 2879 1676 2905 his
1688 2879 1832 2905 cucurreris
1841 2899 1850 2912 ‚
1877 2886 1901 2906 et
1913 2880 2008 2906 viceris
2017 2900 2024 2911 ‚
2055 2886 2080 2906 et
2093 2879 2188 2906 deinde
2205 2889 2293 2907 emere
2311 2881 2403 2908 nolue-

1369 2916 1421 2942 ris:
1440 2924 1473 2941 an
1487 2915 1516 2941 sit
1529 2915 1652 2941 aduersus
1666 2920 1691 2940 te
1704 2922 1735 2940 ex
1751 2914 1859 2941 vendito
1871 2915 1959 2941 aGtio?
1977 2923 2103 2950 quaerere
2115 2916 2180 2941 solet
2194 2915 2299 2949 Labeo,
2319 2922 2345 2943 et
2356 2926 2401 2952 pu·

1367 2956 1422 2977 tare
1436 2951 1460 2976 se
1473 2950 1636 2985 praescriptis
1649 2949 1737 2976 verbis
1750 2949 1887 2984 agendum.
1946 2952 2097 2977 Translate:
2116 2950 2195 2977 Ouid.
2209 2952 2300 2978 Amor.
2315 2961 2334 2984 1,
2348 2960 2404 2986 3,1;

274 3003 321 3028 pro
335 2994 437 3020 Cluent.
450 3002 476 3025 32
506 2994 637 3020 Memoria
657 2999 735 3019 teneo
755 2991 883 3018 Milesiam
903 2990 1048 3025 quandam,
1074 2996 1119 3015 etc.
1148 2996 1213 3023 quae
1235 2988 1302 3021 spen:
1318 2990 1350 3017 80
1370 2986 1435 3013 Non
1448 2987 1503 3012 sum
1519 2986 1633 3012 desultor
1646 2985 1758 3016 amoris,
1776 2984 1956 3018 i.1'nconstans.
1993 2985 2039 3013 sed
2049 2988 2081 3013 al.
2096 2986 2228 3013 Desertor.

274 3030 402 3063 parcum,
422 3030 576 3055 memoriam
590 3028 720 3061 nominis,
739 3027 880 3053 subsidium
893 3026 1011 3060 generis,
1029 3024 1166 3051 haeredem
1179 3023 1307 3055 familiae,

274 3064 440 3098 Designatum
458 3064 568 3098 Reipub.
588 3064 674 3091 ciuem
693 3063 838 3090 sustulisset.
909 3062 959 3087 Res
979 3060 1117 3087 constituta
1128 3065 1153 3085 et
1167 3058 1305 3092 designata,

274 3109 344 3134 qnam
360 3098 564 3131 Praedfflinamm
578 3109 705 3125 vocamus:
751 3098 807 3124 Cic.
820 3097 851 3123 de
864 3097 954 3123 Diuin.
971 3106 991 3129 1,
1006 3102 1036 3126 82
1068 3096 1163 3130 Neque
1179 3103 1232 3120 non
1245 3093 1305 3119 dili-

275 3142 337 3168 gunt
351 3144 398 3161 nos
411 3135 464 3165 dii,
484 3143 568 3168 neque
581 3135 701 3168 ignorant
714 3143 753 3167 ea,
768 3142 834 3168 quae
848 3133 879 3159 ab
898 3132 958 3167 ipsis
976 3131 1113 3158 constituta
1132 3136 1157 3156 et
1176 3130 1305 3163 designata

277 3171 341 3196 sunt.

277 3206 347 3230 tione
367 3205 477 3238 quadam
496 3211 521 3231 et
541 3204 676 3239 disciplina
695 3204 823 3239 designata
841 3203 977 3236 videatur,
998 3203 1015 3229 fi
1033 3203 1060 3229 in
1081 3211 1110 3228 ea
1124 3211 1170 3227 nec
1184 3200 1254 3227 recte
1267 3200 1304 3225 fa-

278 3238 324 3264 &is
337 3241 448 3272 praemia
463 3246 549 3266 extent
564 3240 631 3272 vlla,
651 3249 696 3266 nec
711 3240 837 3274 supplicio
851 3239 969 3274 peccatis.
1043 3239 1073 3264 Et
1088 3237 1119 3263 de
1133 3238 1207 3263 Orat.
1222 3244 1247 3268 2,
1260 3237 1304 3267 236

279 3273 348 3298 Haec
366 3275 432 3300 enim
452 3275 569 3301 ridentur
588 3275 630 3301 vel
652 3276 718 3307 sola,
738 3276 780 3301 vel
803 3275 916 3302 maxime
933 3282 999 3309 quae
1019 3279 1111 3300 notant
1130 3278 1155 3298 et
1174 3271 1303 3305 designant

279 3309 464 3341 turpitudinem
479 3311 593 3345 aliquam
608 3319 660 3336 non
674 3311 794 3344 turpiter.
965 3307 985 3346 ff
1007 3318 1022 3335 2
1057 3308 1205 3342 Designare‚
1224 3309 1308 3342 inquit

410 3169 482 3196 Idem
502 3169 532 3195 de
549 3170 583 3195 N.
599 3171 629 3195 D.
651 3178 673 3201 3,
691 3175 719 3202 85
755 3170 789 3195 Vt
805 3169 876 3194 enim
894 3177 940 3194 nec
955 3167 1063 3199 domus,
1078 3176 1124 3193 nec
1141 3164 1251 3200 Respub.
1264 3173 1302 3190 ra-—
1320 3169 1349 3198 85
1365 3164 1441 3190 latum
1453 3173 1467 3189 α
1481 3162 1663 3189 Desultoribus
1684 3162 1832 3197 equitibus,
1845 3198 1851 3202 ⁴
1864 3162 1924 3188 Liu.
1938 3171 1977 3194 23,
1990 3171 2032 3195 29.

1403 3027 1421 3047 D
1431 3028 1498 3083 El‘sg'
1507 3028 1523 3048 1.
1532 3029 1553 3048 Τ
1562 3028 1581 3048 R
1590 3029 1600 3048 1
1608 3028 1626 3049 x
1635 3040 1644 3054 ,
1677 3021 1733 3048 icis.
1763 3021 1783 3047 f.
1819 3021 1951 3048 Desultrix
1970 3021 2062 3048 Virtus
2094 3022 2213 3049 Tertull.
2226 3021 2258 3048 ad
2270 3022 2402 3051 valentin.

1366 3062 1430 3083 extr.
1461 3066 1470 3083 1
1490 3065 1531 3083 ro.

1403 3098 1422 3118 D
1432 3099 1448 3119 E
1456 3099 1469 3119 s
1478 3099 1498 3119 v
1509 3099 1525 3118 ι.
1534 3099 1555 3119 Τ
1564 3098 1610 3118 OR
1619 3099 1629 3118 1
1637 3098 1658 3117 V
1666 3098 1680 3118 s
1689 3111 1697 3124 ,
1726 3100 1750 3123 a,
1780 3101 1834 3117 um.
1871 3090 1931 3118 Adi.
1966 3091 2154 3126 [κελητιςικός]
2189 3092 2237 3118 Per
2257 3093 2403 3119 translativ-

1365 3137 1428 3160 nm,
1440 3128 1484 3154 hoc
1496 3126 1539 3160 est,
1553 3127 1684 3153 identidem
1698 3127 1737 3153 Ab
1749 3128 1798 3152 alio
1810 3130 1836 3152 in
1850 3127 1920 3153 aliud
1930 3136 2073 3159 commeans,
2086 3134 2109 3153 ec
2122 3125 2254 3160 instabilis.
2306 3128 2403 3153 Trans-

2103 3163 2159 3188 Cic.
2169 3170 2217 3196 pro
2226 3162 2345 3188 Muraen.
2360 3170 2402 3197 37,

1366 3207 1386 3224 c.
1401 3206 1434 3233 27
1459 3198 1631 3233 Respondebo
1645 3198 1726 3232 igitur
1738 3197 1872 3223 Postumio
1885 3198 2015 3232 primum,
2035 3197 2082 3231 qui
2096 3197 2182 3223 nescio
2214 3205 2250 3222 uo
2264 3197 2339 3231 pacto
2353 3199 2402 3225 mi.

1367 3233 1396 3260 hi
1410 3234 1517 3261 videtur
1530 3234 1678 3261 Praetorius
1692 3232 1842 3259 candidatus
1856 3233 1882 3259 in
1899 3233 2084 3264 Consularem,
2110 3231 2179 3266 quasi
2196 3206 2356 3259 desultorius
2374 3234 2402 3260 in

1366 3268 1553 3304 quadrigarum
1573 3268 1734 3295 curriculum
1754 3269 1897 3295 incurrere.
1968 3268 2073 3294 Sueten.
2090 3267 2162 3294 Caes.
2184 3276 2214 3299 39
2244 3267 2402 3303 derigaS,

1365 3304 1491 3339 bigasque
1503 3311 1528 3331 et
1542 3313 1622 3339 equos
1631 3304 1795 3330 Desultorios
1804 3305 1971 3338 agitauerunt
1984 3302 2135 3328 nobiliffimi
2149 3302 2266 3329 iuuenes.
2330 3305 2400 3338 Apu-

280 3342 394 3368 Donatus
404 3363 410 3374 ,
427 3345 461 3370 est
476 3347 538 3371 Rem
560 3355 656 3372 nouam
671 3346 755 3371 facere
768 3346 795 3371 in
814 3351 951 3378 Vtramque
964 3351 1079 3379 partem,
1099 3344 1195 3370 bonam
1213 3347 1238 3368 et
1250 3347 1347 3372 nia-90
1366 3340 1431 3366 leius
1446 3341 1509 3367 Met.
1531 3349 1540 3366 1
1557 3348 1598 3375 pr.
1628 3341 1683 3366 Iam
1701 3339 1763 3366 haec
1778 3339 1885 3373 quidem
1898 3339 1951 3373 ipsa
1965 3338 2038 3364 vocis
2052 3338 2219 3369 immutatio,
2242 3338 2400 3365 desultoriae

282 3377 341 3402 lam.
376 3378 405 3403 Et
418 3378 557 3413 designata,
584 3381 654 3407 recia
673 3387 697 3407 et
718 3390 797 3415 praue
817 3380 884 3407 faeta
905 3379 1074 3407 dicebantur:
1098 3379 1132 3405 ad
1145 3379 1213 3405 Ter.
1228 3376 1301 3403 Adel.

284 3419 303 3442 ¹,
316 3420 341 3443 2²

281 3446 334 3470 vit!
364 3446 420 3485 ,Sed
427 3446 471 3481 sub
484 3449 577 3476 Donati
588 3455 681 3477 nomine
700 3452 735 3477 ibi
747 3458 770 3477 et
782 3453 861 3477 altera
875 3451 1009 3486 obfirmatio
1022 3449 1062 3483 est.
1119 3451 1183 3476 Puto
1198 3457 1246 3482 ego
1261 3448 1303 3474 de-

283 3479 465 3513 signationem,
490 3486 708 3519 contractionem,
732 3493 776 3512 aut
794 3486 998 3512 conduCIioncm
1019 3485 1110 3521 populi
1130 3486 1157 3511 in
1171 3493 1252 3510 vnum
1266 3484 1304 3509 in-

356 3419 372 3445 7
391 3412 459 3437 Nam
473 3414 523 3446 illa,
537 3425 601 3450 quae
613 3416 718 3442 antehac
732 3416 799 3442 facia
813 3417 878 3445 sunt,
886 3416 994 3442 omitto:
1018 3415 1100 3441 modo
1113 3414 1177 3449 quid
1191 3413 1303 3447 designa·
1328 3422 1333 3427 *

1363 3375 1485 3437 rsepentiae
1495 3375 1584 3436 Cstilo,
1609 3384 1687 3410 quem
1713 3374 1874 3406 acoessimus,
1900 3372 2045 3408 respondet.
2136 3373 2285 3400 Desultoria
2305 3374 2399 3400 leuitas

1394 3417 1501 3472 annbasmv
1512 3419 1558 3472 ξε*
1566 3420 1643 3472 xi-RA
1653 3465 1662 3478 ,
1682 3453 1720 3471 ae.
1742 3446 1761 3471 f.
1798 3443 1932 3478 Defiliendi
1942 3441 2022 3469 aetus.
2059 3442 2140 3469 Plaut.
2155 3443 2213 3469 Mil.
2228 3451 2252 3475 2,
2265 3451 2287 3475 3,
2301 3451 2317 3474 9
2342 3444 2399 3470 Me-

1366 3487 1413 3508 tuo
1447 3495 1492 3500 —
1527 3489 1559 3506 ne
1594 3495 1639 3500 ——
1674 3481 1821 3507 Maximum
1841 3479 1978 3506 inmalum
1998 3478 2142 3504 cruciatum
2157 3478 2304 3504 insiliamus.
2342 3486 2397 3506 PA.

282 3514 375 3547 tclligi.
411 3517 468 3541 Hoc
482 3517 551 3542 cnitn
566 3523 690 3555 contingit
704 3522 744 3555 ei,
768 3523 814 3556 qui
829 3522 921 3555 aliquo
944 3522 1044 3556 flagitio
1059 3521 1149 3555 populi
1165 3521 1191 3546 in
1206 3520 1230 3545 se
1243 3528 1302 3545 ocu-
1317 3524 1349 3551 95
1368 3517 1417 3544 Tu
1435 3516 1482 3542 sali
1504 3516 1588 3547 solus3
1617 3524 1677 3542 nam
1697 3525 1746 3550 ego
1773 3515 1845 3542 istam
1865 3514 2018 3541 insulturam
2046 3520 2070 3539 et
2096 3514 2251 3540 desulturam
2269 3513 2336 3539 nihil
2356 3513 2400 3541 hic

282 3549 320 3574 los
337 3555 361 3574 et
381 3558 425 3575 ora
443 3551 588 3591 conuertit,
606 3562 630 3579 et
648 3557 791 3589 speOEiaculo
809 3557 845 3583 est
864 3557 954 3591 vulgo.
1014 3555 1243 3590 Qtenvadmodum
1262 3554 1305 3580 de-

283 3583 438 3617 signatores,
466 3594 511 3624 qui
526 3586 594 3612 ludis
610 3589 760 3618 funebribus
779 3592 975 3618 multitudinem
989 3593 1112 3618 retinent.
1185 3590 1259 3625 Apul.
1277 3599 1305 3616 ιο

285 3627 307 3658 p·
323 3625 364 3657 9338
390 3619 444 3643 Post
465 3620 518 3659 dies
541 3621 666 3654 plusculos
683 3625 779 3652 ibidem
799 3627 958 3662 designatum
977 3627 1108 3654 scelestum
1127 3633 1153 3653 et
1171 3627 1304 3652 nefarium

286 3656 383 3693 tarmus
405 3663 522 3692 tuemini.
576 3657 641 3681 Aila.
658 3658 725 3685 Idem
746 3666 758 3690 8
772 3671 794 3694 p.
810 3672 864 3696 214.
901 3662 983 3696 Dcfld.
1001 3662 1100 3688 Herald.
1113 3662 1179 3688 Adn.
1195 3672 1208 3688 2
1222 3672 1243 3687 c.
1257 3663 1304 3687 vlt.

285 3689 350 3714 lior.
366 3688 440 3720 laptst.
462 3697 481 3720 1,
494 3697 516 3728 7¹,
534 3693 560 3714 16
596 3691 667 3723 Quid
683 3701 732 3719 non
748 3695 856 3723 ebrietas
870 3698 1001 3729 denarrat?

285 3724 445 3762 l‘tuvaxagoras
461 3732 558 3763 prunus
572 3727 688 3751 omnium
709 3737 794 3755 rerum
808 3729 1005 3766 descriptionem
1024 3738 1049 3759 et
1068 3732 1191 3763 modum,
1211 3732 1307 3756 mentis

285 3760 402 3799 intinitac
416 3767 441 3782 νι
457 3767 492 3799 uc*
502 3765 601 3798 ratione
622 3760 745 3794 designari
759 3770 783 3789 et
805 3767 896 3792 contici
912 3769 1006 3794 voluit.
1076 3768 1186 3793 Vitruu.
1199 3775 1218 3798 ι,
1234 3775 1242 3792 ¹
1264 3766 1307 3791 Ubi

285 3793 312 3818 d.-
326 3802 453 3832 ¹.'s.’..‘l²“¹¹'
472 3792 620 3832 Cat-‘yattdes
640 3797 803 3830 vocabantur,
822 3799 883 3825 Ideo
897 3803 942 3835 qui
956 3810 1016 3830 mne
1032 3802 1176 3829 Architecti
1189 3802 1306 3833 fuerunt,

285 3828 410 3852 ardincus
424 3828 534 3867 publicis
554 3828 747 3862 designauerunt
767 3842 855 3859 carum
869 3834 992 3870 imagines
1006 3838 1081 3865 oncri
1096 3836 1209 3864 ferundo
1222 3836 1304 3862 collo-

285 3869 365 3891 ratas,
386 3866 556 3897 afluat-rum,
573 3864 731 3898 formarunt.
745 3866 905 3903 sculpstrum.

1365 3561 1494 3614 mod-iirsv
1505 3592 1520 3611 L
1531 3591 1552 3611 'r
1563 3591 1583 3611 o
1593 3604 1602 3617 ‚
1618 3588 1670 3611 are.
1707 3584 1826 3611 Tertull.
1838 3584 1869 3610 de
1883 3584 1978 3610 Anima
1991 3593 2012 3610 c.
2024 3592 2051 3616 32
2085 3583 2217 3610 Desultare
2234 3583 2312 3609 mari.
2348 3583 2398 3610 De-

1365 3623 1430 3650 salto
1443 3624 1494 3649 alia
1503 3621 1606 3657 forma,
1626 3620 1678 3646 vid.
1691 3621 1737 3655 suo
1752 3621 1811 3646 Ioco.
2328 3653 2358 3680 T

2360 3662 2397 3680 er.

1403 3657 1520 3685 DEsiN
1533 3662 1570 3687 0,
1602 3656 1641 3681 illi
1659 3663 1682 3681 ct
1703 3656 1733 3687 ii,
1760 3657 1837 3686 itum,
1863 3657 1916 3680 ere.
1962 3653 2130 3689 [καταλῆγω,
2158 3650 2286 3687 παύομαι]

1056 3698 1111 3723 Cic.
1129 3697 1161 3723 de
1174 3697 1210 3723 N.
1225 3697 1256 3722 D.
1272 3699 1359 3722 26100
1368 3694 1473 3721 Phorm.
1487 3701 1512 3725 2,
1525 3701 1547 3724 3,
1561 3699 1595 3725 72
1614 3691 1701 3716 Immo
1715 3690 1782 3716 haud
1795 3689 1923 3721 desinam,
1944 3690 2026 3716 donec
2039 3689 2171 3724 perfecero
2185 3686 2242 3713 hoc.
2279 3687 2371 3721 Ceffizre
2382 3696 2399 3714 a

1361 3729 1482 3766 faciendo
1496 3730 1534 3753 vel
1546 3726 1654 3762 agendo,
1663 3726 1742 3761 finem
1750 3726 1845 3760 fatere.
1882 3724 2051 3758 Desino,cum
2060 3725 2182 3753 Genium,
2198 3724 2264 3749 Hor.
2273 3724 2323 3749 Od.
2334 3732 2358 3752 2,
2371 3732 2398 3755 9,

1368 3772 1397 3799 17
1418 3763 1510 3790 Desine
1525 3762 1647 3788 mollium
1684 3760 1806 3787 Tandem
1822 3761 1996 3795 querelarum.
2022 3787 2026 3791 ,
2065 3757 2160 3784 Consul
2175 3766 2228 3783 non
2240 3757 2332 3784 desinit
2344 3759 2399 3784 irae

1368 3800 1413 3826 Sil.
1429 3808 1466 3830 ιο,
1482 3802 1522 3831 84.
1545 3797 1587 3822 vbi
1601 3796 1652 3822 vid.
1667 3796 1849 3822 Drakenborch.
1916 3798 1949 3822 Vt
1963 3796 2091 3823 Genitiuus
2104 3793 2144 3818 hic
2158 3794 2303 3819 Graecorum
2315 3796 2399 3820 imita-

1367 3838 1433 3861 tione
1445 3832 1560 3866 aſjimztus
1580 3830 1629 3864 qs),
1656 3834 1693 3857 ita
1707 3832 1814 3857 Lamias
1830 3840 1877 3857 non
1896 3840 2019 3867 nunquam
2037 3828 2167 3855 Ablarmus
2182 3836 2230 3862 pro
2248 3837 2272 3854 eo
2287 3832 2399 3863 ponitur,

1077 3871 1098 3911 fl
1118 3882 1130 3906 3
1167 3871 1357 3907 Designarc105
1366 3876 1395 3897 vt
1407 3870 1463 3896 Cic.
1478 3867 1555 3893 Acad.
1570 3876 1597 3899 4,
1611 3872 1642 3896 80
1656 3876 1677 3892 c.
1694 3874 1724 3898 25
1757 3866 1849 3893 Desine
1867 3864 2050 3893 communibus
2065 3862 2141 3889 locis:
2165 3863 2242 3889 nobis
2263 3862 2335 3889 domi
2352 3864 2397 3890 ista

2292 3900 2396 3926 nascun—
