2479 4225
18 167 20 195 ³
38 175 103 228 561
435 170 567 210 Litera
624 171 664 210 F.
1502 167 1534 208 F
1622 168 1660 207 A
1747 168 1776 207 Β
2102 172 2167 219 562

39 262 112 291 toris.
197 257 224 285 F·
244 258 315 285 CAS·
351 258 423 285 Fecit
437 259 528 286 Caffio.
601 258 630 286 F.
649 259 680 286 C.
702 258 730 285 E.
751 257 788 284 T.
810 257 838 284 Ρ.
858 257 879 283 1.
904 253 1065 293 Faciundum
1169 254 1288 289 ΡᾹΒΑ,
1306 265 1344 283 ae.
1365 256 1384 282 f.
1420 256 1550 291 [κύαμος]
1587 256 1703 292 Legumrn
1717 255 1900 290 rzobilffmisrn,
1912 257 1960 293 fid
1971 258 2049 294 ncjfitio
2062 257 2168 293 ansatic

39 295 146 326 curauit
159 294 189 320 Et
202 294 328 320 Titulum
343 294 415 320 Fieri
428 295 505 323 luffit.
574 295 602 321 F.
624 295 654 321 C.
674 295 702 320 F.
736 293 808 320 Fecit
822 290 969 319 Carissimae
981 290 1067 315 cht-
1133 291 1202 318 hodie
1215 299 1304 318 notum.
1360 292 1428 318 Certe
1442 292 1537 318 Fabam
1551 299 1655 318 vetorum
1669 301 1715 317 non
1730 290 1773 324 effi·
1787 300 1853 323 eam,
1866 302 1923 327 quat·
1936 295 2009 329 vulgo
2021 293 2091 319 hodie
2105 293 2167 318 dici-

39 342 102 365 nae,
127 330 211 361 Filio,
237 329 337 359 Filiae,
362 330 455 358 Fratri.
552 331 581 356 F.
609 331 639 356 C.
665 331 699 356 H.
753 328 825 354 Fieri
844 326 956 353 Curauit
975 325 1067 351 Heres.
1134 333 1192 359 tur,
1205 324 1492 363 ftdfrut‘hcsrotundi,
1511 335 1533 354 et
1547 328 1626 353 Bonis
1639 327 1747 353 omnibus
1760 325 1981 359 nostrismmoris,
2000 328 2105 361 ostcudit
2118 330 2168 354 Do-

0 388 2 391 .
42 370 69 397 F.
88 367 116 393 C.
136 367 156 392 Ι.
175 366 212 398 Q
229 365 256 390 P.
293 364 453 392 Faciundum
468 366 577 392 Curauit
592 366 717 400 Idemque
732 362 879 400 Probauit3
935 361 963 387 F.
985 361 1015 386 C.
1037 360 1066 385 L.
1135 362 1239 389 domem
1251 373 1278 397 4,
1291 372 1315 396 2,
1328 369 1437 398 ¹P·5¹4·
1493 363 1617 390 Hardm'n.
1631 362 1664 389 ad
1675 362 1740 389 Plin.
1754 369 1788 395 18,
1802 370 1829 388 12
1849 362 1866 387 s.
1880 371 1911 394 30
1943 365 2010 397 Qun·
2023 364 2089 399 faba
2105 369 2168 389 vete-

39 402 112 432 Fecit
126 402 221 428 Contra
240 400 346 434 Legem.
418 402 446 428 F.
471 402 501 428 C.
528 403 565 428 M.
602 397 763 428 Faciundum
782 399 893 424 Curault
914 397 1069 423 Momuuen-
1094 403 1107 429 ς
1135 407 1188 424 rum
1196 401 1297 432 jucrit,
1321 398 1386 425 haud
1398 400 1435 423 ita
1445 400 1554 432 procliue
1568 397 1726 432 tststatuere.
1781 397 1884 424 Habam
1901 397 1994 423 dietam
2013 408 2028 424 α
2047 399 2169 425 ueteribus

40 446 96 467 tum
109 431 148 463 uel
159 436 296 467 Moerens,
313 437 354 463 vel
365 437 436 463 Fecit
450 437 555 463 Coniux
571 437 677 463 Marito.
753 435 782 460 F.
809 433 838 458 C.
865 433 894 458 R.
931 430 1003 458 Fieri
1018 431 1068 456 Cu·
1136 433 1203 459 modo
1217 433 1364 469 obstruatum
1377 435 1404 458 in
1418 434 1491 459 litera
1506 434 1531 459 F.
1558 443 1582 459 n.
1597 443 1614 460 1.
1694 433 1752 460 lfid.
1765 433 1840 467 Orig.
1855 440 1884 467 17
1909 432 2005 458 Fabam
2021 434 2089 467 quasi
2105 434 2168 460 Pha.

40 473 109 503 rauit
127 470 335 505 Requietoriuni.
421 473 449 498 F.
472 473 503 499 C.
527 473 602 499 SVO.
628 472 656 497 B.
692 469 763 496 Fecit
781 468 896 501 Coniugi
914 467 966 493 Suo
985 467 1070 492 ssono.
1136 477 1193 502 gam
1209 468 1301 495 dietam
1314 472 1365 499 ait,
1397 477 1411 494 cz
1427 468 1527 501 (pelvem,
1549 468 1683 495 vescendo.
1753 469 1871 495 Primum
1892 468 1964 494 enim
1982 467 2101 494 homines
2118 469 2168 496 hoc

41 510 70 537 F.
93 508 123 534 D.
159 505 266 532 Fac‘lum
286 506 440 539 Dedicauit,
472 506 547 534 Fides
568 508 647 538 Data,
675 505 742 531 Filia
771 504 830 534 (uel
847 502 947 534 Filius)
974 501 1069 532 Dedit,
1135 504 1268 538 legumine
1281 503 1316 530 vsi
1330 504 1396 530 sunt.
1466 503 1578 534 Fun-18,
1594 513 1620 530 12
1649 504 1770 539 Sequitur
1790 510 1881 531 natura
1898 503 2076 538 leguminum,
2099 504 2169 532 inter

0 569 3 573 ,
40 544 146 573 Flamen
164 541 257 568 Dialis.
341 543 369 569 Ρ.
397 544 454 570 DD.
490 543 597 569 Factum
618 540 825 571 Dedicauerunt,
850 538 922 564 Fieri
943 537 1070 563 Decrcue-
1135 548 1201 574 quae
1214 540 1343 566 maximus
1358 538 1442 564 honos
1455 537 1545 569 fabae,
1575 541 1671 574 quippe
1690 549 1721 566 ex
1740 549 1791 575 qua
1812 545 1924 567 tentatus
1945 537 1975 565 fit
1994 539 2073 564 etiam
2087 539 2168 572 panis.

41 583 110 607 runt.
179 577 206 604 F.
225 578 256 603 D.
276 578 309 603 D.
346 578 454 605 Fabium
470 580 582 605 Decreto
596 576 784 603 Decurionum.
856 574 884 600 F.
904 574 935 599 D.
956 573 979 599 S.
999 572 1069 598 Fecit
1097 584 1124 602 ιο
1136 575 1293 601 Lomentum
1313 574 1457 608 appellatur
1475 574 1561 600 farina
1585 575 1649 601 eius.
1707 590 1753 595 -
1784 576 1926 602 Frumento
1945 574 2025 600 etiam
2045 574 2168 600 miscetur

3 620 5 624 ’
41 615 78 642 De
93 613 154 639 Suo.
226 613 253 639 F.
273 613 306 639 D.
327 615 365 640 M.
401 614 507 640 Fac‘ium
520 612 566 640 Dis
586 611 724 641 Manibus,
743 610 827 636 Filiae
858 610 915 641 (uel
926 608 1014 640 Filio,
1032 609 1072 633 vc!
1135 611 1202 644 apud
1218 611 1352 645 plerasque
1367 615 1461 644 gentes.
1511 623 1555 628 —
1574 610 1726 636 Praeualens
1739 609 1898 644 pulmentari
1911 609 1988 642 cibo,
2006 615 2032 636 et
2045 608 2169 635 hebetare

40 648 143 678 Fratri)
161 647 240 674 Dedit
254 649 465 677 Monumentum.
535 649 563 674 F.
583 648 614 673 Ι).
635 648 673 680 Q
686 647 724 672 M.
759 646 865 671 Flamen
880 644 964 670 Dialis
979 643 1071 676 Qniri-
1136 646 1220 672 sensus
1233 646 1395 677 existimata,
1421 645 1550 671 insomnia
1569 654 1677 680 quoque
1703 647 1797 673 facere.
1851 645 1894 672 Ob
1917 645 1978 672 haec
1999 644 2168 679 Pythagorica

0 700 2 712 ι
40 684 106 712 118115
132 683 268 710 Martialis.
356 685 382 711 F·
408 686 435 713 Ε.
478 683 550 711 Fecit
570 683 658 715 Erigi,
691 681 766 707 Fides
790 681 869 712 Eius,
894 679 978 705 Filius
1001 679 1071 704 Eius-
1135 681 1262 708 sententia
1280 681 1414 707 damnata:
1449 687 1476 706 vt
1491 681 1537 706 alii
1560 680 1708 712 credidere,
1738 682 1864 716 quoniam
1882 686 2050 707 mortuorum
2066 679 2169 706 animae

41 721 71 747 F.
91 719 118 745 E.
139 718 168 745 C.
203 719 363 746 Faciundum
378 721 408 747 Ei
421 719 546 749 Curauit,
566 718 649 744 Filiae
667 717 812 749 (vchilio,
824 717 863 742 vel
875 714 978 745 Fratri)
999 714 1071 747 Erigi
1135 717 1182 743 fint
1197 716 1224 742 in
1237 725 1275 743 ea.
1330 717 1389 748 Qua
1410 715 1441 741 de
1454 716 1526 742 causa
1545 716 1704 750 parentando
1721 717 1814 751 vtique
1827 717 1971 744 assumitur.
2039 716 2125 742 Varro
2144 721 2170 740 et

30 753 159 782 'Curauit.
250 755 278 781 F.
305 756 334 781 F.
361 756 392 782 D.
428 754 533 782 FaCium
547 753 600 779 Effe
614 753 727 779 Dicitur.
819 752 846 779 F.
874 751 926 776 ΕΙ).
962 749 1070 775 Fabium
1100 759 1124 784 ις
1136 753 1172 778 ob
1188 752 1250 778 hacc
1263 752 1407 778 Flaminem
1423 759 1452 776 ea
1464 760 1516 778 non
1531 752 1597 778 vesci
1609 752 1698 783 tradit,
1718 759 1743 779 et
1755 753 1881 787 quoniam
1895 753 1923 778 in
1936 752 2001 778 flore
2013 751 2169 778 eiusliterae

32 788 143 818 <Edicta
214 790 241 815 F.
260 791 289 817 Ε.
309 791 343 817 Η.
379 790 460 818 Filius
480 789 510 815 Et
530 790 622 815 Heres.
693 786 831 814 FELicitas
844 784 937 820 Populi
949 785 1071 811 Romani.
1136 787 1259 822 lugubres
1279 787 1452 820 reperiantur.
1514 788 1544 813 In
1561 787 1652 814 eadem
1672 788 1811 822 peculiaris
1830 788 1927 822 religio
1946 794 1991 813 etc.
2028 786 2090 823 sunt
2107 788 2171 812 enim

41 826 70 853 F·
88 824 241 857 EQVOR·
262 826 375 852 PROB.
411 824 503 851 Feriae
518 825 654 859 Equorum
666 823 874 850 Probandorum.
946 820 1071 846 FERalia.
1130 823 1251 859 plaja-ula.
1293 821 1350 848 Vid.
1365 829 1383 847 R
1394 827 1410 847 E
1422 828 1463 847 FR
1474 829 1481 847 1
1491 829 1512 848 N
1522 828 1555 849 A.
1610 824 1694 849 Varro
1707 831 1746 858 ap.
1762 824 1834 850 Non.
1848 832 1874 855 2,
1887 831 1935 856 513.
2007 821 2109 854 Festus,
2125 822 2170 848 Fa-

40 859 193 887 FERiarum
211 861 391 888 LATinarum
403 860 493 886 Causa.
571 860 600 886 F.
626 860 654 886 E.
676 859 699 885 S.
736 858 807 885 Fecit
828 858 846 883 Ρ.
866 857 928 888 suo,
949 856 1022 882 Fecit
1042 856 1072 882 Et
1137 860 1195 885 bam
1208 867 1255 885 nec
1268 863 1373 891 tangere
1392 866 1439 883 nec
1459 858 1596 884 nominare
1614 859 1688 885 Diali
1706 859 1807 885 flamini
1827 859 1902 889 licet,
1929 857 2002 892 quod
2016 866 2046 884 ea
2063 863 2172 892 putatur

7 899 8 903 ’
40 894 106 922 Sibi.
179 896 206 921 F.
234 897 292 923 ET.
320 897 342 922 S.
376 896 447 922 Fecit
461 896 491 921 Et
507 895 639 927 Sacrauit,
664 894 736 922 Fecit
756 895 786 920 Et
804 893 867 919 Sibi.
939 892 990 917 FF.
1027 892 1072 917 Fa·
1136 893 1167 920 ad
1183 900 1301 920 mortuos
1315 893 1454 926 pertinere.
1510 893 1580 920 Nam
1593 901 1618 920 et
1632 894 1803 920 lemuralibus
1816 894 1911 921 iacitur
1924 893 2019 925 laruis,
2038 898 2063 920 et
2082 901 2172 927 paren-

39 929 202 961 brefflffflssh
221 932 439 962 Fabricauefflnt,
458 931 602 963 Fecerunt,
622 931 740 960 Fratres,
758 928 952 956 Fundfissesunt·
1003 927 1070 953 ΑΜ·
1081 938 1114 955 20
1135 929 1231 956 talibus
1245 928 1386 956 adhibetur
1397 928 1547 961 sacrificiis,
1574 935 1599 956 et
1619 930 1647 956 in
1669 931 1735 955 flore
1753 931 1811 956 eius
1830 929 1917 955 lucius
1934 929 2027 955 literae
2047 936 2173 963 apparere

38 974 65 992 n.
81 973 103 998 ς.
180 967 208 993 F.
229 968 255 993 F.
298 965 516 998 Fabricaucrunt,
544 966 678 992 Fabricari
700 966 842 996 Fecerunt,
874 963 966 989 Fidem
987 963 1072 993 Fecit,
1134 965 1268 991 videntur.
1322 963 1394 998 Cous.
1409 964 1489 990 Ouid.
1499 964 1562 991 Fast.
1577 974 1603 998 2,
1616 967 1673 1000 576.
1693 973 1717 997 ς,
1730 967 1790 998 436.
1825 967 1856 990 it.
1871 967 1902 995 6,
1916 972 1962 998 170
1987 963 2172 999 etsupefflitio.

39 1000 112 1028 Fieri
128 1001 214 1033 Fecit,
231 1001 298 1029 Filia
309 1001 395 1033 Fecit,
416 1001 662 1033 Filius-Familifis,
681 1001 746 1027 Filii
759 1000 826 1031 duo,
846 1000 958 1030 Fratres,
972 997 1070 1024 Flando
1135 1010 1193 1027 num
1205 1000 1306 1034 affatim
1320 1001 1359 1025 uel
1367 999 1417 1034 'Pfi'
1430 1001 1469 1026 vel
1482 1003 1629 1036 interpretes
1641 1000 1741 1026 dabunt.
1800 999 1844 1026 Ad
1854 999 1975 1025 modulum
1984 999 2000 1025 S
1993 1000 2092 1032 yllabae
2102 1002 2174 1034 prio-

39 1037 182 1064 Feriundo.
253 1037 280 1063 F.
301 1037 354 1063 FA.
371 1037 401 1064 F.
421 1038 503 1064 FAM.
539 1035 775 1063 Filius-Familias.
848 1035 878 1062 F.
899 1035 927 1060 F.
949 1034 979 1059 C.
1001 1034 1071 1059 Filio
1134 1039 1173 1063 ris
1184 1035 1353 1068 retinendum,
1376 1038 1553 1062 meminerimus
1581 1034 1662 1062 Ouid.
1677 1034 1741 1062 Fast.
1758 1042 1789 1068 ς,
1807 1036 1860 1068 267
1889 1034 1966 1060 Flore
1985 1034 2063 1060 semel
2083 1035 2173 1066 laeso,

38 1071 199 1099 Faciundum
213 1071 331 1098 Curauit.
402 1073 431 1099 F.
452 1074 479 1100 F.
500 1076 531 1102 D.
552 1074 583 1100 C.
610 1072 764 1099 Flauiorum
778 1071 900 1097 Duorum
907 1069 1070 1096 conliberta.
1136 1078 1245 1106 pereunt
1257 1070 1394 1104 viciacque
1409 1070 1546 1106 fabaeque.
1736 1067 1757 1107 ff
1776 1078 1793 1096 2.
1828 1070 1896 1096 Ter.
1910 1070 1975 1095 Eun.
1988 1077 2013 1101 2,
2026 1078 2055 1101 3,
2069 1074 2100 1101 89
2136 1070 2172 1095 At

39 1107 69 1134 F.
88 1107 115 1133 Ρ.
135 1108 164 1133 Ε.
200 1107 257 1133 Fiat
276 1107 350 1133 Fides
364 1107 434 1134 Eius.
505 1109 533 1134 F.
555 1108 603 1134 ΡΕ.
637 1109 768 1134 Fortunae
782 1106 874 1133 Felici.
947 1106 974 1131 F.
995 1105 1022 1131 F.
1043 1105 1069 1131 F.
1081 1111 1108 1137 Ως
1134 1107 1207 1133 enim
1221 1105 1316 1133 isthaec
1330 1107 1357 1131 in
1369 1115 1410 1132 me
1424 1108 1533 1133 cudetur
1546 1105 1624 1138 faba,
1653 1108 1671 1132 i.
1693 1109 1721 1131 in
1743 1114 1779 1132 me
1799 1110 1910 1140 expetet,
1929 1104 2048 1140 quidquid
2060 1105 2100 1130 hic
2113 1106 2174 1130 mali

39 1142 137 1174 Ferro,
168 1142 300 1175 Flamma,
326 1143 403 1169 Fame
419 1154 425 1170 :
465 1143 579 1175 Flando,
604 1142 755 1174 Faciundo,
780 1140 928 1168 Feriundo:
965 1140 1069 1166 Flauius
1128 1142 1186 1177 fiet.
1241 1142 1339 1168 Donati
1359 1143 1542 1175 explicationem
1561 1142 1671 1168 dedimus
1685 1144 1713 1168 in
1735 1146 1752 1167 C
1766 1145 1864 1166 VDO:
1901 1149 1972 1175 quam
1992 1142 2063 1165 iuuat
2082 1139 2173 1165 Turn.

5 1180 7 1183 ⁴
37 1176 119 1204 Filius
131 1177 218 1210 Fecit,
246 1178 354 1204 Fortior
367 1179 482 1205 Fortuna
498 1180 569 1206 Fato.
642 1179 670 1205 F.
690 1179 739 1204 FF.
776 1178 914 1204 Fabricare
935 1177 1071 1202 Fecerunt.
1136 1187 1177 1210 30,
1193 1187 1212 1204 1.
1248 1177 1291 1203 vbi
1304 1177 1369 1203 Plin.
1385 1182 1425 1207 ¹8,
1442 1186 1476 1212 27
1490 1184 1554 1204 extr.
1581 1187 1610 1204 ex
1623 1174 1779 1211 vetulliffimo
1797 1175 1860 1203 libro
1873 1175 1993 1211 profert,
2018 1174 2086 1200 Faba
2099 1174 2175 1200 meti-

40 1213 69 1240 F.
89 1212 130 1239 ΡΙ.
149 1219 175 1238 et
192 1213 220 1239 F.
243 1213 294 1239 ΡΙ..
331 1215 428 1241 Fratris
444 1215 536 1241 Filius.
609 1214 659 1240 FF.
676 1214 722 1240 PP.
743 1213 793 1240 FF.
829 1211 983 1242 Fordffimi,
1008 1212 1071 1237 Piis·
1136 1219 1196 1246 tur‚
1215 1212 1310 1239 deinde
1318 1212 1438 1245 cuditur,
1453 1221 1501 1249 pro
1515 1214 1615 1250 uulgato
1627 1213 1786 1239 concutitur.
1842 1211 1907 1237 Idem
1922 1210 2023 1237 dederat
2032 1212 2174 1237 Pintianus.

39 1247 113 1281 fimi,
131 1248 287 1275 Feliciffimi.
359 1250 388 1276 F.
409 1251 474 1284 FQ
505 1249 581 1276 Filiis
590 1249 768 1284 Filiabusque.
841 1249 869 1274 F·
889 1249 907 1274 F
916 1248 939 1273 S·
977 1247 1072 1274 Filius·
1134 1249 1182 1277 Sed
1194 1249 1287 1275 retinet
1297 1249 1448 1275 concutitur
1464 1248 1544 1274 Hard.
1598 1248 1686 1284 Nescio
1704 1249 1792 1283 quanti
1801 1249 1882 1282 pretii
1891 1245 1930 1280 fit
1948 1246 2060 1273 Scholion
2079 1244 2158 1278 Persii
2165 1264 2175 1278 ,

40 1283 104 1311 fam.
171 1284 199 1310 F.
217 1285 252 1310 H.
288 1285 416 1312 Fecerunt
436 1286 509 1318 Hoc,
541 1285 614 1312 Fecit
630 1286 729 1317 Heres,
756 1284 864 1311 Femina
878 1282 1005 1313 Honesta.
1029 1284 1048 1308 F
1051 1283 1070 1308 i·
1080 1296 1110 1321 30
1152 1284 1199 1311 uod
1213 1294 1242 1311 cx
1256 1287 1334 1310 veteri
1347 1284 1404 1311 MS.
1416 1284 1501 1311 laudat
1514 1284 1621 1320 Btsciola
1632 1294 1661 1318 5,
1676 1293 1705 1310 22
1738 1283 1840 1309 Scutica
1852 1287 1907 1309 erat
1919 1281 2046 1316 quaedam
2059 1280 2176 1315 corrigia

41 1318 92 1345 lius
112 1318 204 1347 Heres.
272 1320 301 1347 F.
324 1321 387 1347 HC.
423 1321 550 1347 Familiae
563 1320 765 1347 Herciscundae.
837 1320 865 1346 F.
886 1320 921 1345 H.
942 1319 968 1344 F.
1000 1318 1071 1344 Fieri
1135 1294 1234 1347 itabens
1253 1320 1281 1346 in
1300 1320 1448 1346 summitate
1466 1319 1551 1346 nodos
1569 1320 1696 1354 quosdam
1716 1318 1744 1345 in
1762 1317 1871 1344 modum
1889 1317 1981 1348 fabae,
2003 1316 2101 1344 ssmiles
2119 1317 2185 1342 fere‘

41 1355 124 1382 Heres
142 1354 219 1382 Fecit.
298 1355 325 1381 F.
346 1357 381 1382 H.
402 1357 446 1382 IV.
481 1356 553 1383 Fieri
567 1357 650 1382 Heres
666 1355 742 1382 Iussit.
812 1356 840 1381 F.
861 1356 881 1382 I.
901 1353 966 1380 Fide
980 1355 1073 1385 Iullbr,
1136 1356 1282 1382 caestuum:
1319 1355 1351 1381 de
1368 1364 1420 1390 qua
1437 1355 1600 1388 Terentius,
1624 1356 1695 1381 Haec
1715 1353 1776 1380 faba
1794 1353 1903 1380 cudetur
1922 1353 1950 1378 in
1969 1361 2020 1378 me.
2076 1353 2107 1379 Et
2118 1357 2175 1378 erat

41 1388 113 1416 Fieri
127 1389 252 1424 Instituit,
270 1389 342 1417 Fieri
354 1391 431 1418 Inffit.
507 1392 536 1418 F.
556 1392 578 1418 1.
603 1393 634 1418 A.
659 1393 684 1418 P.
721 1390 794 1417 Felix
809 1390 876 1417 Iulia
890 1389 1004 1424 Augusta
1018 1390 1072 1415 Pia.
1136 1400 1221 1426 poena
1234 1392 1379 1418 seruorum.
1448 1391 1528 1417 Plaut.
1541 1390 1601 1417 Aul.
1617 1397 1638 1423 ς,
1652 1399 1673 1423 1,
1686 1398 1708 1416 11
1734 1389 1807 1422 Quid
1818 1388 1955 1423 reperisti?
1992 1394 2084 1415 STRO.
2109 1388 2175 1423 (qui

41 1424 107 1451 Fide
118 1425 195 1452 Bona.
247 1426 331 1452 FIDes
344 1427 473 1453 Militum.
545 1428 572 1454 F.
592 1428 613 1453 1.
635 1428 666 1454 D.
688 1427 714 1453 P.
734 1427 758 1453 S.
795 1426 866 1452 Fieri
885 1426 954 1452 Iullit
972 1426 1011 1451 De
1029 1426 1072 1450 Pc-
1134 1428 1206 1453 ollam
1219 1425 1513 1463 aurificratusfuerat)
1539 1426 1604 1453 Non
1618 1425 1690 1460 quod
1709 1425 1785 1460 pueri
1803 1424 1937 1451 clamitant
1948 1424 1977 1449 in
1991 1423 2052 1450 saba
2065 1423 2090 1449 se
2103 1431 2176 1457 repe-

39 1460 116 1485 cunia
128 1459 186 1487 Sua.
254 1462 282 1487 F.
301 1463 323 1488 Ι.
342 1463 371 1488 L.
392 1463 447 1490 IN.
469 1463 497 1489 F.
534 1463 606 1488 Fieri
619 1463 688 1489 Iuffit
706 1463 805 1488 Locum
821 1463 850 1488 ln
864 1463 970 1487 Fronte.
1042 1460 1109 1500 ΕΞ)-
1137 1462 1211 1494 risse,
1236 1465 1254 1488 i.
1269 1463 1425 1488 vermiculant
1437 1462 1548 1493 nudam,
1571 1471 1621 1488 rem
1635 1461 1718 1488 nihili.
1871 1457 1892 1498 ff
1911 1467 1924 1491 3
1960 1460 2068 1491 Genera²
2088 1460 2177 1485 Nomi-

37 1495 59 1520 1.
80 1494 103 1520 S.
134 1496 207 1524 -Fieri
226 1497 294 1524 Iussit
311 1497 376 1525 Sibi.
457 1498 484 1523 F.
512 1499 711 1532 ITEMQVE
736 1498 768 1524 D.
787 1498 819 1524 D.
861 1497 933 1523 Fecit
952 1498 1072 1530 Itemque
1137 1507 1186 1530 na,
1207 1497 1336 1533 Epitheta:
1373 1498 1499 1532 Aegyptia
1511 1497 1573 1524 faba
1578 1497 1617 1531 fic
1628 1496 1775 1533 describitur
1787 1495 1854 1521 Plin.
1863 1500 1897 1528 18,
1911 1503 1939 1522 12
1961 1495 2072 1529 Spinoso
2087 1494 2176 1520 caule:

36 1528 183 1558 Dedicauit.
253 1532 281 1558 F.
299 1533 328 1559 L.
363 1533 436 1559 Fecit
450 1534 564 1563 Locum,
582 1534 654 1559 Fecit
667 1533 772 1559 Libens.
845 1532 941 1558 Fauete
956 1532 1074 1565 Linguis,
1139 1542 1190 1568 qua
1203 1533 1234 1559 de
1248 1534 1322 1559 causa
1335 1534 1463 1559 crocodili
1483 1533 1567 1559 oculis
1586 1533 1706 1559 timentes
1729 1531 1876 1565 refugiunt.
1917 1529 2082 1565 Longitudo
2099 1530 2177 1563 scapo

35 1564 158 1604 Feminae
183 1567 353 1594 Lefflssimae.
431 1568 487 1594 ΡΙ..
530 1569 631 1601 FiliuS,
657 1569 741 1599 Filia,
767 1568 887 1597 Flamen,
913 1567 1073 1598 Flaminica,
1138 1575 1254 1604 quatuor
1267 1568 1418 1595 cubitorum
1443 1568 1494 1601 est,
1523 1567 1674 1603 ampliffima
1697 1566 1847 1597 crassitud03
1883 1573 1930 1591 nec
1951 1565 2072 1600 genicula
2097 1564 2177 1590 habet

37 1598 196 1638 Flaminius,
215 1603 307 1629 Flauia
318 1603 401 1634 tribu,
421 1603 537 1629 Flauius.
615 1604 643 1630 F.
663 1604 693 1629 L.
715 1604 743 1629 B.
781 1603 853 1629 Fecit
867 1602 977 1628 Liberto
988 1603 1072 1628 Bono.
1138 1604 1215 1630 molli
1234 1605 1350 1630 calamo:
1385 1603 1468 1630 simile
1490 1610 1566 1638 caput
1584 1603 1721 1639 papaueri.
1745 1602 1835 1628 colore
1854 1601 1941 1627 roseo.
2000 1601 2030 1626 In
2050 1608 2083 1625 eo
2100 1599 2177 1625 fabae

33 1635 118 1665 ffcA
142 1636 267 1664 Falcidia.
360 1637 389 1664 F.
417 1638 447 1664 L.
471 1639 500 1664 Ρ.
541 1638 613 1665 Fieri
637 1638 734 1665 Libens
766 1640 823 1669 (uel
842 1639 964 1672 Lugens)
993 1638 1073 1663 Fecit.
1083 1651 1119 1676 40
1137 1649 1191 1665 non
1205 1640 1279 1673 supra
1293 1640 1418 1669 tricenas,
1438 1640 1506 1666 folia
1516 1639 1617 1674 ampla,
1635 1638 1737 1665 fruesslus
1752 1637 1805 1670 ipse
1818 1644 1939 1669 amarus,
1955 1640 1980 1660 et
1997 1634 2096 1660 odore:
2134 1633 2178 1659 sed

0 1693 3 1699 >
34 1673 64 1699 F·
83 1674 114 1700 L·
134 1674 156 1699 Ῑ-
181 1673 218 1699 Ν·
242 1673 282 1699 T·
308 1673 338 1699 Α·
364 1673 395 1698 L·
418 1674 517 1700 COM·
547 1674 642 1700 ORD·
663 1674 720 1700 PR·
757 1673 829 1700 Felix
843 1673 923 1699 Liber
934 1672 1073 1698 Ιῐῑὶῑῑῐὶἃυὸ
1137 1675 1213 1702 radix
1233 1684 1358 1710 perquam
1381 1674 1450 1701 lauta
1471 1675 1619 1701 incolarum
1645 1673 1728 1704 cibis,
1759 1670 1853 1700 cruda,
1879 1675 1905 1696 et
1927 1670 2040 1695 omnino
2061 1668 2178 1695 decofih.

35 1708 158 1734 Notariis
182 1707 317 1734 Tribunis
344 1707 365 1733 A
385 1709 524 1735 Laterculo
543 1710 687 1736 Continens
710 1708 832 1735 Mandata
852 1708 961 1735 Ordinis
981 1708 1073 1734 Primi.
1137 1710 1210 1745 Conf.
1226 1718 1260 1740 21,
1276 1718 1309 1742 ις.
1329 1709 1357 1735 de
1371 1710 1512 1736 Colocasia.
1526 1718 1552 1735 v.
1564 1719 1589 1734 v.
1660 1708 1777 1740 Cognata
1792 1704 1953 1738 Pythagorae
1977 1705 2045 1730 Hor.
2058 1703 2108 1730 Sat.
2117 1712 2138 1734 2,
2151 1705 2179 1736 6,

35 1742 65 1769 F.
83 1743 114 1769 L.
133 1743 209 1769 LIB.
228 1743 448 1770 LIBERTAB.
468 1746 507 1777 Q
524 1744 612 1771 SVIS
632 1744 782 1771 OMNIB.
819 1744 892 1770 Fecit
909 1743 1005 1769 Libens
1028 1742 1071 1768 Li·
1137 1747 1176 1775 63.
1214 1745 1343 1769 Samrnon.
1358 1751 1451 1777 v.741.
1504 1743 1571 1770 Add.
1582 1742 1649 1768 Gell.
1659 1750 1727 1774 4³1¹-
1764 1740 1820 1766 Cic.
1835 1739 1926 1765 Diuin.
1939 1748 1959 1771 1,
1973 1742 2015 1766 62.
2052 1745 2075 1765 ct
2089 1748 2114 1769 2,
2128 1747 2178 1779 119.

0 1803 1 1806 ,
35 1777 118 1804 bertis
131 1778 338 1812 Libertabusque
350 1778 407 1804 Suis
421 1779 561 1805 Omnibus.
669 1780 695 1804 F.
718 1779 747 1803 l..
772 1779 802 1803 L.
828 1779 855 1803 P.
879 1778 902 1802 S.
940 1778 1010 1802 Fecit
1028 1777 1072 1801 Li-
1136 1779 1204 1803 Plin.
1221 1780 1262 1808 16,
1275 1787 1307 1809 30
1340 1779 1407 1803 Faba
1421 1779 1535 1809 Graeca,
1558 1786 1637 1811 quam
1651 1777 1751 1802 Romae
1763 1784 1777 1801 a
1792 1775 1920 1801 suauitate
1935 1774 2036 1801 studius
2056 1773 2179 1800 filuestrn

0 1815 9 1834 Ἃ
34 1811 178 1838 bentiffime
191 1813 303 1838 Pecunia
317 1813 381 1844 Sua,
411 1815 451 1838 vel
474 1814 544 1838 Fecit
562 1812 680 1838 Libertis
698 1812 856 1837 Libertabus
875 1811 985 1836 Posteris
1005 1810 1071 1835 Suis.
1080 1819 1113 1845 45
1138 1811 1261 1845 quidem,
1289 1812 1332 1837 sed
1350 1813 1499 1839 cerasorum
1511 1820 1593 1847 paene
1606 1817 1714 1842 natura,
1735 1810 1812 1836 loton
1827 1810 1965 1845 appellant.
2017 1809 2084 1836 Add.
2098 1818 2143 1843 24,
2156 1818 2178 1836 2.

33 1846 62 1873 F.
82 1848 112 1873 L.
131 1848 169 1872 M.
204 1847 276 1872 Fecit
288 1847 384 1871 Libens
396 1847 505 1872 Merito.
597 1846 732 1872 FLoralia.
825 1846 853 1870 F.
876 1845 906 1870 L.
928 1845 960 1869 V.
988 1845 1019 1869 A.
1039 1844 1070 1869 L.
1138 1845 1248 1872 Martica
1280 1846 1385 1877 Colum.
1401 1854 1431 1878 2,
1451 1855 1477 1879 9.
1568 1847 1664 1874 Molita
1688 1855 1747 1872 cum
1770 1846 1822 1872 suis
1841 1845 1955 1872 valuulis
1985 1845 2106 1871 Scribon.
2127 1849 2178 1877 158.

26 1881 95 1908 CO.
116 1882 139 1907 S.
160 1881 198 1906 T.
219 1881 251 1906 R.
274 1881 302 1905 L.
318 1880 383 1905 IVS
393 1881 415 1906 S.
436 1881 468 1906 D.
504 1880 578 1906 Felix
593 1880 674 1906 Liber
687 1879 868 1906 Vindicandus
886 1880 910 1905 A
929 1878 1071 1905 Laterculo
1137 1879 1253 1907 Martial.
1268 1889 1296 1914 ς,
1316 1890 1351 1916 79
1376 1883 1407 1908 Et
1421 1882 1518 1916 pallens
1532 1882 1593 1909 faba
1607 1892 1665 1908 cum
1685 1881 1797 1908 rubente
1817 1881 1901 1907 lardo.
1971 1881 2097 1912 Porcina,
2121 1880 2177 1906 vid.

31 1916 175 1944 continens
189 1916 277 1941 Sacros
290 1914 401 1940 Titulos
414 1915 512 1941 Rerum
526 1915 711 1950 Largitionum
727 1915 794 1941 Iussu
807 1915 918 1941 Diuino.
991 1915 1019 1940 F.
1041 1915 1070 1940 L.
1139 1923 1159 1942 1-1
1170 1924 1187 1942 γ
1197 1924 1215 1943 o
1226 1924 1238 1943 s
1248 1923 1264 1943 c
1276 1923 1292 1942 ‘t
1305 1923 1359 1943 AM
1369 1924 1389 1941 v
1400 1923 1421 1943 s.
1493 1918 1635 1950 Rcfcrina,
1655 1917 1707 1943 vid.
1723 1923 1767 1943 RE
1777 1923 1793 1942 F
1803 1923 1821 1941 R
1832 1923 1840 1941 1
1850 1922 1871 1941 N
1882 1923 1912 1942 A.
1985 1915 2073 1941 Solida
2082 1934 2089 1947 ‚
2121 1914 2177 1941 vid.

32 1953 67 1979 V.
88 1952 118 1978 A.
137 1951 167 1977 L.
191 1951 218 1976 Ε.
239 1951 294 1976 MA
304 1950 335 1975 G.
355 1950 384 1976 M
394 1951 411 1976 E
421 1951 457 1976 M.
476 1952 517 1977 IV
527 1951 572 1977 SS.
593 1951 624 1978 D.
662 1950 733 1976 Felix
755 1951 836 1977 Liber
851 1950 932 1976 Venit
947 1951 968 1975 A
982 1950 1071 1975 Later·
1139 1958 1155 1978 Ρ
1165 1959 1181 1977 R
1192 1958 1228 1978 Es
1238 1958 1292 1983 SA,
1364 1952 1522 1979 Trimestris
1554 1953 1659 1979 Colum.
1670 1961 1696 1984 2,
1712 1960 1748 1977 ιο.
1820 1951 1908 1977 Durae
1921 1951 2033 1977 Culmen
2047 1951 2125 1977 inane
2138 1951 2179 1976 fa-

32 1988 91 2014 culo
103 1985 220 2013 Edendus
234 1985 360 2019 Magistro
377 1986 526 2012 Memoriae
544 1985 655 2012 Iuffione
673 1986 781 2012 Diuina.
886 1986 913 2011 F.
934 1986 964 2010 L.
985 1985 1017 2010 V.
1039 1987 1069 2010 A.
1080 1996 1112 2021 50
1137 1986 1185 2012 bae
1200 1984 1415 2022 enterfiaeffimenta
1435 1987 1517 2014 Ouid.
1527 1987 1592 2014 Fast.
1602 1997 1630 2020 4,
1644 1995 1704 2022 734.
1759 1986 1874 2013 Corium
1888 1986 1965 2013 fabae
1989 1985 2177 2021 Veg.Mulom.

0 2038 5 2054 ,ι
33 2023 94 2050 LL.
118 2023 144 2048 P.
171 2022 206 2048 N.
234 2021 340 2047 EIVS.
370 2022 465 2047 IVSS.
490 2022 554 2047 DD.
593 2021 665 2048 Felix
688 2021 770 2048 Liber
790 2020 869 2047 Venit
890 2021 911 2046 A
931 2019 1070 2046 Laterculo
1137 2030 1163 2053 2,
1177 2029 1217 2055 57.
1230 2029 1253 2047 2.
1325 2022 1428 2056 Liquor
1441 2023 1531 2049 coeiae
1554 2023 1659 2050 Colum.
1675 2030 1702 2057 7,
1718 2030 1759 2054 12,
1775 2030 1812 2048 10.
1987 2020 2007 2059 ff
2034 2031 2053 2055 4
2087 2020 2178 2056 Paffl'm

0 2066 5 2083 τ
34 2056 179 2085 Primicerii
192 2056 368 2083 Notariorum
382 2056 442 2083 Eius
456 2057 521 2083 Iuffu
537 2057 724 2084 Dominorum.
830 2056 856 2082 F.
878 2056 907 2082 L.
928 2057 960 2082 V.
984 2056 1014 2081 A.
1040 2056 1069 2081 L.
1137 2057 1205 2083 Faba
1216 2057 1340 2093 mensurae
1349 2059 1374 2093 s.
1387 2058 1453 2084 modi
1465 2067 1549 2084 nomen
1562 2057 1604 2091 est,
1623 2065 1652 2084 vt
1664 2055 1757 2090 nostris
1768 2066 1874 2093 granum
1886 2055 1980 2083 hordei.
2015 2066 2071 2093 ug.
2085 2058 2179 2091 Veget-

1 2096 3 2106 ¹
36 2094 131 2121 MAG.
150 2093 201 2119 ΕΡ.
222 2091 316 2118 IVSS.
337 2092 400 2118 DD.
436 2092 509 2119 Felix
523 2092 604 2119 Liber
618 2092 798 2120 Vindicandus
813 2093 834 2118 A
854 2091 994 2118 Laterculo
1014 2091 1070 2116 Ma-
1137 2092 1280 2124 Mulom.3‚
1297 2101 1334 2125 12,
1348 2101 1369 2124 3.
1425 2093 1561 2128 Saeplffime
1574 2096 1612 2119 ita
1626 2092 1796 2124 Scribonius,
1821 2098 1850 2118 vt
1868 2091 2080 2126 Magnitudinem
2095 2095 2178 2127 Aegy.

37 2129 108 2163 gistri
121 2127 293 2162 Epistolarum
311 2127 378 2153 Iuss'u
392 2127 579 2155 Dominorum.
687 2128 714 2154 F.
736 2128 766 2154 L.
787 2128 819 2155 V.
838 2130 868 2153 A.
890 2128 919 2153 L.
938 2128 963 2153 P.
985 2127 1021 2152 N.
1042 2126 1069 2152 E.
1136 2128 1206 2162 ptiae
1220 2128 1296 2154 fabae
1311 2134 1430 2162 aequent.
1446 2137 1496 2154 110.
1568 2128 1780 2163 Magnitudinem
1792 2127 1869 2154 fabae
1883 2127 1945 2153 dare
1960 2135 2005 2162 74.
2076 2128 2180 2162 Magni-

37 2164 74 2191 N.
91 2164 181 2190 IVSS.
200 2164 221 2189 A
231 2163 292 2189 VG.
329 2163 404 2189 Felix
424 2163 506 2190 Liber
518 2164 632 2190 Veniens
646 2164 667 2190 A
682 2163 822 2189 Laterculo
835 2163 963 2195 Principis
976 2161 1069 2188 Nostri
1080 2175 1107 2199 53
1137 2163 1227 2189 tudine
1241 2162 1318 2189 fabae
1331 2163 1430 2195 solidae
1454 2172 1486 2195 13.
1564 2178 1610 2184 —
1638 2163 1715 2190 fabae
1727 2163 1870 2198 Aegyptiae
1889 2170 1929 2195 93.
1951 2170 2006 2197 170.
2076 2163 2179 2197 Magni-

39 2199 99 2226 Eius
111 2198 230 2225 Numinis
244 2199 312 2225 Iussu
325 2198 468 2233 Augustali.
559 2199 586 2225 F.
608 2199 645 2225 M.
681 2199 737 2225 Fati
751 2199 847 2225 Munus
861 2217 867 2228 ‚
887 2197 957 2224 Fecit
972 2198 1069 2223 Monu-
1137 2198 1237 2224 tudinis
1251 2198 1328 2224 fabae
1358 2206 1398 2233 73.
1413 2203 1451 2230 89.
1466 2203 1514 2230 138.
1529 2207 1580 2232 139.
1668 2199 1859 2233 Magnitudinis
1880 2198 1957 2224 fabae
1978 2197 2100 2225 nostratis
2122 2206 2179 2233 ¹70·

11 2234 13 2265 Ι
39 2240 151 2261 mentum
176 2235 237 2269 (vel
253 2234 426 2265 Memoriam,
447 2235 586 2268 Moerens,
605 2235 738 2266 Merenti)
771 2234 844 2260 Fieri
855 2232 1008 2264 Mandanst,
1030 2232 1070 2257 Fi·
1137 2236 1272 2267 Quantum
1286 2233 1347 2260 faba
1360 2235 1486 2268 Aegyptia
1502 2242 1551 2266 ¹25·
1624 2236 1758 2268 Qiantum
1773 2234 1849 2261 fabae
1864 2233 2008 2268 Aegyptiae
2030 2242 2087 2267 144-

12 2280 13 2285 *
38 2269 87 2297 lius
104 2270 196 2302 Matri,
216 2270 324 2296 Flamen
344 2270 483 2296 Martialis.
585 2270 614 2296 F.
636 2270 768 2296 MART.
789 2269 878 2295 CAR.
901 2267 1069 2295 MONET-
1173 2268 1348 2300 ΡΑΒῢΙ-Α,
1367 2278 1406 2295 ae.
1424 2270 1443 2296 f.
1481 2270 1582 2296 Dimin.
1619 2269 1756 2305 [κυάμων]
1811 2269 1892 2296 Plaut.
1906 2268 1985 2295 Stich.
1998 2276 2026 2302 ς’
2039 2278 2067 2302 42
2081 2274 2095 2299 8
2126 2270 2177 2298 Pro

34 2304 124 2332 Feriae
149 2306 241 2332 Martis
263 2306 364 2332 Carnae
382 2306 516 2332 Monetae.
619 2305 648 2332 F.
677 2305 832 2332 MAXSV.
868 2304 965 2330 Fabius
984 2303 1069 2330 Maxi·
1136 2304 1232 2340 opibus
1245 2305 1341 2331 nostris
1354 2305 1413 2331 satis
1426 2305 1611 2338 commodule,
1630 2305 1757 2335 nucibus,
1779 2304 1893 2335 fabulis,
1912 2304 1996 2330 siculis
2011 2312 2055 2331 etc.

34 2348 101 2367 mus.
175 2341 204 2367 F.
222 2341 260 2367 M.
280 2341 311 2367 D.
331 2341 363 2366 D.
382 2341 414 2367 D.
450 2341 523 2367 Fecit
542 2341 749 2368 Monumentum
767 2341 865 2367 Datum
885 2341 998 2366 Decreto
1019 2340 1069 2365 Dc·
1079 2341 1115 2367 60
1172 2347 1272 2367 FABV
1284 2347 1384 2371 LVM,
1405 2341 1423 2366 i.
1444 2350 1470 2367 n.
1507 2341 1636 2374 [κύαμος]
1689 2351 1716 2367 ro
1734 2340 1814 2373 Faba,
1833 2339 1901 2375 apud
1913 2340 2014 2372 Ge11.4,
2029 2349 2052 2366 11
2075 2339 2178 2374 Opinio

10 2393 13 2403 ,
34 2376 179 2402 curionum.
251 2377 279 2402 F.
300 2377 338 2402 M.
359 2377 380 2403 I.
417 2377 476 2403 Fati
497 2377 593 2403 Munus
612 2376 751 2411 Impleuit,
778 2375 851 2402 Fieri
864 2376 1070 2402 Monumentum
1134 2382 1210 2403 vetus
1223 2376 1287 2402 falsa
1301 2376 1440 2410 occupauit
1455 2382 1480 2402 et
1493 2376 1644 2407 conualuit,
1666 2348 1842 2410 Fythagoram
1859 2375 2047 2410 Philosophum
2065 2384 2121 2401 non
2132 2375 2178 2401 efi-

10 2411 12 2439 Ξ
31 2410 109 2438 Iuffit.
195 2411 223 2437 F.
248 2412 286 2437 M.
314 2412 338 2437 S.
381 2412 454 2438 Fecit
473 2413 676 2439 Monumentum
697 2411 763 2438 Sibi.
861 2411 889 2437 F.
917 2411 955 2437 N.
999 2410 1071 2436 Fecit
1137 2412 1227 2438 tauiss'e
1241 2420 1273 2437 ex
1285 2411 1452 2438 animalibus.
1506 2412 1573 2438 Item
1587 2411 1735 2438 abstinuisse
1750 2411 1859 2444 fabulo,
1882 2419 1960 2446 quem
1977 2410 2070 2443 κύαμον
2083 2410 2178 2438 Graeci

10 2443 12 2473 l
30 2446 133 2477 Nobis,
150 2446 225 2472 Fides
239 2446 347 2473 Nostra.
440 2447 468 2472 F.
489 2447 525 2472 N.
546 2447 578 2473 C.
614 2447 692 2472 Fidei
704 2446 817 2473 Nostrae
827 2445 977 2478 Commisit,
998 2446 1069 2472 Fieri
1135 2447 1276 2482 appellant.
1330 2449 1415 2473 Paullo
1425 2444 1481 2481 post
1495 2447 1589 2474 Fabam
1601 2448 1717 2482 appellat.

10 2475 12 2507 l
29 2481 119 2509 Nobis
132 2481 253 2508 Curauit.
360 2481 389 2506 F.
408 2481 441 2507 Ο.
477 2481 548 2507 Filio
563 2482 626 2516 (vel
637 2482 741 2513 Fratri)
760 2482 882 2515 Optimo,
901 2481 984 2508 Filiae
993 2481 1070 2515 Opti·
1172 2489 1273 2509 FABA
1283 2488 1304 2508 G
1315 2488 1336 2508 0
1350 2489 1477 2517 perperam
1490 2482 1627 2509 adducitur
1641 2492 1669 2508 ex
1683 2484 1739 2509 Cat.
1755 2482 1826 2508 R.R.
1846 2490 1868 2507 c.
1883 2488 1924 2513 54.
1975 2479 2023 2507 Sed

30 2525 98 2543 mae.
169 2514 366 2541 FONTinalia.
437 2516 569 2549 FORum,
595 2517 710 2544 Fortuna
719 2537 727 2549 ‚
752 2517 849 2543 Fortis.
920 2517 1069 2543 FORtunae
1083 2520 1116 2552 65
1173 2525 1189 2544 F
1199 2525 1220 2544 A
1229 2524 1274 2544 ΒΑ
1284 2524 1305 2544 G
1315 2516 1405 2545 i'st
1414 2539 1422 2553 ,
1442 2526 1472 2551 a,
1495 2527 1550 2544 um.
1605 2518 1666 2544 Adi.
1719 2517 1732 2550 [
1745 2516 1857 2549 κνάμινοε
1869 2518 1881 2549 ]
1933 2514 2095 2550 Fabaginum
2115 2522 2176 2542 affl·

0 2562 2 2566 ’
31 2550 137 2578 REduci
151 2551 187 2576 Ex
202 2551 309 2576 Senatus
322 2550 459 2577 Consulto.
566 2552 591 2578 F.
608 2553 634 2579 P.
670 2553 756 2579 Fastus
770 2553 875 2585 Primo,
894 2552 966 2578 Fecit
981 2552 1068 2579 Publi·
1132 2555 1200 2581 Cato
1219 2562 1241 2579 c.
1257 2562 1300 2587 54.

32 2595 77 2616 ce,
95 2586 168 2612 Fecit
182 2585 265 2615 Patri,
281 2585 351 2611 Filio
366 2587 453 2618 Pater,
468 2587 593 2619 (Posuit)
618 2588 665 2615 Fas
678 2588 812 2620 Praetori,
833 2587 924 2614 Feriae
938 2587 1068 2614 Publicae.
1172 2595 1318 2615 FABARi
1329 2594 1371 2613 vs
1384 2606 1392 2618 ,
1411 2595 1441 2618 a,
1462 2595 1515 2612 um.
1552 2586 1613 2612 Adi.
1649 2585 1800 2620 [κυάμεως]
1834 2583 1907 2619 Qud
1919 2584 1953 2610 ad
1958 2584 2049 2621 fabam
2058 2587 2178 2620 pertinet.

32 2621 118 2648 Filius
134 2620 221 2652 Patri,
240 2620 334 2652 Forma
348 2621 462 2648 Publica.
549 2624 577 2649 F.
602 2624 629 2652 P.
650 2625 680 2651 C.
716 2623 799 2650 Filius
817 2623 970 2650 Ponendum
988 2625 1069 2649 Cura·
1136 2624 1204 2649 Cato
1216 2632 1238 2648 c.
1248 2631 1273 2648 12
1297 2621 1383 2647 Pilum
1395 2621 1528 2647 fabarium
1541 2630 1633 2647 vnum.
1704 2620 1829 2646 Fabariae
1844 2619 1983 2653 Calendae,
2003 2621 2094 2646 Iuniae
2109 2619 2178 2647 dice-

31 2657 81 2683 vit.
154 2656 182 2681 F.
197 2656 222 2682 P.
241 2656 272 2685 D.
308 2656 392 2683 Filius
410 2657 479 2684 Patri
494 2658 583 2685 Dedit.
673 2660 702 2685 F.
721 2660 748 2684 P.
768 2659 800 2684 D.
819 2659 851 2684 D.
872 2660 902 2685 L.
922 2659 960 2684 M.
997 2658 1070 2683 Fecit
1136 2658 1248 2688 bantur,
1279 2657 1342 2690 quia
1364 2655 1414 2681 hoc
1437 2657 1524 2682 mense
1545 2656 1648 2682 adultae
1669 2656 1746 2683 fabae
1766 2655 1868 2682 diuinis
1891 2655 1969 2682 rebus
1983 2655 2178 2682 adhibebantur

30 2688 139 2719 Publice
160 2692 274 2717 Decreto
286 2692 469 2718 Decurionum
489 2692 590 2719 Locum
602 2693 780 2719 Monumenti.
867 2693 896 2719 F.
923 2693 949 2718 P.
975 2693 1010 2717 H.
1038 2693 1069 2717 C.
1079 2698 1116 2725 70
1136 2691 1289 2717 Macrobius
1303 2691 1404 2717 Saturn.
1419 2700 1439 2722 1,
1455 2700 1473 2718 1.
1542 2691 1643 2718 Insulae
1656 2691 1781 2718 Fabariae
1810 2690 1877 2717 Plin.
1896 2700 1931 2723 4,
1951 2699 1984 2723 ¹3.
2040 2692 2071 2717 Et
2085 2696 2127 2724 18,
2148 2699 2178 2717 12

29 2727 114 2754 Filius
129 2727 198 2753 Patri
213 2727 271 2752 Hoc
285 2727 405 2754 Curauit.
475 2726 503 2752 F.
523 2728 550 2753 P.
570 2728 591 2753 Ι.
625 2728 710 2753 Filius
724 2726 789 2753 Poni
801 2726 879 2752 Iullit.
950 2727 978 2753 F.
996 2727 1021 2752 P.
1043 2727 1070 2753 P.
1135 2727 1261 2754 Nascitur
1279 2726 1384 2761 (faba)
1411 2733 1436 2752 ct
1449 2727 1492 2753 sua
1506 2727 1596 2761 sponte
1611 2727 1744 2761 plerisque
1758 2727 1787 2752 in
1800 2726 1882 2758 locis,
1900 2725 1964 2753 ficut
1984 2726 2177 2762 Septentriona-

29 2762 115 2790 Filius
127 2762 198 2788 Patri
210 2762 307 2788 Posuit.
398 2762 426 2788 F.
447 2763 493 2796 Q*
518 2762 625 2789 Flamen
638 2762 795 2796 Quirinalis.
866 2762 923 2788 FR.
959 2761 1070 2794 Forum,
1136 2763 1168 2789 lis
1181 2763 1281 2789 Oceani
1293 2762 1401 2794 insulis,
1420 2771 1483 2796 quas
1497 2763 1533 2789 ob
1547 2762 1574 2788 id
1588 2762 1672 2789 nostri
1683 2761 1805 2788 Fabarias
1819 2762 1961 2796 appellant.
2118 2760 2138 2798 Ἴ
2160 2770 2177 2788 2

16 2798 136 2830 Frater,
156 2798 270 2831 Fronte,
288 2798 495 2824 Frumentarius.
572 2799 601 2824 F.
625 2799 657 2825 R.
695 2798 767 2825 Fecit
783 2796 1001 2831 Requietorium,
1027 2797 1070 2823 Fi-
1134 2797 1259 2830 Fabarii,
1279 2798 1406 2824 Cantores
1436 2797 1494 2823 [fid.
1513 2798 1541 2823 in
1560 2797 1602 2824 Gl.
1679 2797 1717 2823 Id.
1730 2797 1762 2823 de
1780 2797 1874 2824 Eccles.
1888 2797 1940 2824 Off.
1956 2806 1986 2829 2,
2005 2805 2029 2829 13
2063 2797 2177 2832 Antiqui

5 2847 7 2851 ·
26 2833 110 2860 nibus
124 2832 267 2867 Regundis.
358 2833 505 2860 FRumenti
527 2833 623 2860 Dandi.
711 2834 738 2859 F.
759 2834 792 2859 R.
811 2834 836 2859 P.
857 2834 887 2859 C.
923 2833 1006 2859 Filius
1020 2833 1068 2858 Re·
1134 2833 1221 2868 pridie
1234 2842 1313 2868 quam
1327 2833 1481 2859 cantandum
1495 2839 1564 2864 erat,
1583 2832 1650 2859 cibis
1661 2832 1835 2859 abstinebant.
1888 2833 2028 2859 Psallentes
2041 2838 2130 2859 tamen
2142 2833 2178 2859 le-

31 2869 195 2904 quietorium
208 2867 362 2895 Ponendum
376 2869 498 2896 Curauit.
588 2869 608 2896 F
615 2868 639 2896 S.
675 2869 814 2899 Familias,
838 2868 940 2894 Fratres
949 2888 957 2900 ,
984 2867 1069 2894 Filiis.
1083 2871 1115 2900 75
1136 2869 1243 2903 gumine
1256 2869 1330 2895 causa
1344 2869 1418 2894 vocis
1431 2868 1524 2895 affidue
1537 2868 1692 2896 vtebantur:
1726 2869 1797 2895 vnde
1816 2873 1843 2895 et
1855 2874 1973 2896 cantores
1986 2867 2053 2903 apud
2067 2868 2177 2903 gentiles

30 2904 60 2932 Ρ.
84 2905 109 2931 S.
132 2903 215 2930 -Fecit
233 2903 291 2930 Sibi
311 2904 354 2930 vel
373 2905 446 2937 Suis,
469 2904 568 2931 Forum
586 2905 744 2939 Sempronii.
832 2903 861 2930 Ρ.
885 2904 909 2930 S.
931 2904 959 2930 E.
996 2903 1070 2930 Fieri
1134 2904 1240 2932 Fabarii
1252 2904 1318 2930 dieii
1333 2904 1400 2930 sunt.

32 2938 89 2966 Sibi
101 2935 192 2974 Elegit.
284 2939 312 2965 F.
333 2941 358 2965 S.
377 2940 443 2967 ET.
463 2940 493 2966 L.
511 2941 549 2966 M.
586 2941 659 2967 Fecit
670 2940 727 2967 Sibi
739 2940 770 2966 Et
783 2939 898 2966 Libertis
911 2940 1069 2965 Monumen·
1172 2947 1188 2967 F
1198 2947 1243 2967 ΑΒ
1252 2942 1275 2966 A
1284 2946 1300 2965 L
1309 2947 1318 2966 1
1327 2946 1339 2966 S
1348 2960 1356 2971 ‚
1377 2948 1400 2966 e.
1436 2939 1497 2965 Adi.
1554 2939 1651 2973 stipula
1659 2939 1775 2975 fabalis,
1784 2932 1838 2974 stuc
1885 2938 1958 2965 andis
1969 2940 2011 2966 ille
2024 2940 2129 2971 culmus,
2146 2939 2175 2965 de

0 2983 2 2987 ·
33 2980 99 3001 tum.
168 2975 195 3001 F.
215 2974 239 3001 S.
261 2974 326 3001 ΕΤ.
343 2975 368 3002 S.
404 2975 477 3002 Fecit
492 2975 548 3002 Sibi
562 2976 594 3002 Et
611 2976 679 3002 Suis.
768 2976 796 3002 F.
820 2975 859 3001 T.
896 2975 967 3001 Fecit
986 2975 1069 3001 Titu-
1133 2984 1179 3012 quo
1188 2975 1298 3011 pendent
1309 2974 1415 3010 siliquae
1427 2975 1548 3010 sabat-eae
1576 2974 1642 3001 Plin.
1658 2980 1698 3007 18,
1720 2983 1756 3002 12.
1813 2976 1840 3001 A
1856 2974 1879 3000 d.
1899 2974 1979 3001 Ouid.
1998 2974 2062 3000 Fast.
2077 2984 2108 3006 4,
2128 2982 2174 3009 723

36 3009 106 3041 lum,
123 3010 163 3036 uel
182 3009 342 3039 Tumulum.
435 3011 462 3037 F.
482 3011 520 3037 T.
546 3012 576 3038 C.
613 3011 686 3038 Fieri
703 3011 876 3037 Testamento
903 3011 1067 3042 (Titulum)
1134 3013 1212 3039 Certe
1225 3020 1274 3045 ego
1289 3010 1321 3036 de
1334 3011 1421 3038 uitulo
1436 3010 1567 3042 cinerem,
1586 3010 1762 3045 stipulamque
1780 3009 1894 3036 fabalem
1930 3010 2010 3043 Saepe
2029 3009 2079 3035 tuli
2097 3010 2174 3043 plena

37 3044 157 3084 Curauit.
244 3046 272 3072 F.
291 3047 325 3072 V.
360 3046 435 3073 Fecit
449 3046 558 3073 Viuens.
643 3047 672 3074 Ρ.
692 3048 726 3074 V.
745 3048 774 3073 C.
812 3046 884 3073 Fieri
904 3046 1003 3073 Viuens
1016 3047 1067 3073 Cu·
1083 3050 1116 3076 80
1134 3047 1228 3073 februa
1243 3046 1308 3073 tosta
1321 3055 1409 3072 manu.
1479 3046 1617 3073 Fabalium
1636 3046 1788 3081 siliquarum
1802 3046 1868 3072 cinis
1881 3044 1913 3071 ad
1928 3044 2081 3070 coxendices
2095 3045 2173 3078 prod-

37 3083 122 3109 nuit,
147 3079 285 3107 Fraudisue
303 3083 396 3109 Causa.
443 3082 525 3110 ,Fidei
546 3082 652 3109 Vestrae
670 3082 849 3109 Commimnm.
936 3082 966 3109 F.
986 3083 1018 3108 V.
1040 3083 1068 3108 F.
1134 3083 1171 3109 est
1207 3083 1273 3109 Plin.
1288 3087 1328 3113 18,
1347 3090 1383 3108 12.
1560 3079 1581 3144 P
1599 3090 1616 3108 2
1657 3082 1761 3109 Videtur
1773 3085 1847 3107 etiam
1865 3079 1908 3113 cffi’
1924 3078 2046 3112 substant.
2068 3080 2172 3107 Fabale.

39 3113 113 3140 Fieri
124 3113 222 3140 Viuens
235 3116 314 3144 Fecit.
406 3117 435 3144 F.
455 3119 488 3144 V.
508 3119 531 3144 S.
568 3119 641 3145 Fecit
654 3119 726 3144 Voto
738 3119 869 3152 Suscepto.
940 3118 969 3144 F.
990 3119 1021 3144 V.
1043 3118 1067 3144 S.
1134 3119 1204 3145 Certe
1223 3119 1289 3145 Cato
1302 3118 1333 3143 R.
1348 3118 1379 3143 R.
1394 3124 1441 3151 37,
1460 3125 1477 3143 2
1496 3116 1565 3144 Faba
1577 3118 1602 3144 ia
1608 3116 1757 3153 simpliciter
1762 3117 1824 3152 fimt
1829 3115 1969 3148 stramcnta
1979 3114 2094 3150 defabis.
2130 3116 2173 3142 Sic

37 3150 69 3176 L.
90 3149 129 3175 M.
142 3183 148 3188 .
164 3149 234 3176 Fecit
247 3152 316 3179 Voto
333 3153 425 3180 Soluto
452 3154 611 3188 (Suscepto)
635 3154 732 3181 Libens
750 3154 860 3180 Merito.
929 3153 1002 3179 Fecit
1021 3154 1069 3179 Vi·
1134 3155 1212 3181 Varr.
1234 3162 1260 3186 1,
1273 3162 1311 3185 23,
1327 3162 1338 3185 3
1369 3154 1460 3187 Itaque
1480 3152 1602 3187 lupinum
1622 3162 1682 3179 cum
1703 3154 1814 3179 necdum
1827 3150 1951 3178 filiculam
1967 3151 2049 3184 cepit,
2068 3156 2093 3176 et
2107 3159 2172 3176 non-

36 3193 100 3211 vens
124 3182 181 3210 Sibi
198 3184 295 3224 Locum
314 3189 491 3216 Monumenti.
670 3187 692 3227 ff
722 3197 735 3223 ς
771 3191 935 3216 Peculiariter
952 3192 1072 3215 annotari
1133 3198 1269 3224 nunquam
1282 3188 1393 3221 fabalia,
1413 3188 1431 3214 fi
1446 3188 1478 3215 ad
1491 3188 1597 3224 siliquas
1610 3198 1665 3215 non
1678 3189 1713 3215 ita
1726 3187 1861 3223 peruenit,
1885 3192 1913 3213 vt
1927 3185 2013 3212 fabam
2028 3185 2114 3220 legere
2128 3195 2172 3212 ex-

35 3225 144 3247 merctur
157 3219 296 3248 Geminum
307 3223 360 3250 FF.
380 3225 420 3251 vel
432 3224 459 3250 ff.
493 3225 623 3257 ICtorum,
642 3225 707 3261 quod
722 3224 861 3252 Pandeflas
873 3223 1016 3261 s..Digcsta
1028 3234 1070 3251 no—
1078 3226 1107 3255 83
1134 3225 1223 3260 pediat
1257 3240 1303 3245 ——
1322 3233 1371 3259 pro
1385 3224 1497 3251 stercore
1509 3225 1612 3252 inarare
1626 3225 1716 3251 solent.
1786 3223 1891 3249 Colum.
1906 3230 1938 3254 2,
1956 3230 1999 3253 10,
2012 3229 2028 3253 9
2061 3221 2171 3247 Trime-

37 3261 94 3284 ῐαῑί
123 3253 171 3290 sed
182 3255 259 3287 vnde,
277 3261 377 3286 variant
391 3260 500 3288 Eruditi.
554 3261 611 3287 siue
624 3260 688 3300 quod
705 3260 863 3287 Iustinianus
875 3261 939 3296 ficri
950 3260 1021 3296 fecit
1039 3266 1070 3286 vt
1135 3261 1193 3288 stris
1206 3260 1267 3287 faba
1300 3276 1346 3280 —-
1371 3260 1477 3295 exiguas
1491 3261 1591 3294 paleas,
1610 3269 1656 3286 nec
1671 3260 1780 3286 multam
1794 3258 1915 3292 siliquam
1932 3256 2004 3283 facit.
2058 3271 2103 3276 -—
2122 3257 2172 3283 ita-

37 3290 178 3332 hariolqtur
190 3289 281 3331 Scoppa
292 3293 349 3320 Cau.
362 3305 389 3326 1,
408 3305 431 3330 9.
462 3295 517 3330 fine
535 3303 616 3323 ortum
629 3298 666 3330 Jn
684 3306 713 3323 ex
733 3306 815 3323 errore
824 3304 872 3332 pro
893 3305 942 3331 pp,
958 3296 1002 3331 seu
1016 3296 1068 3328 PP,
1134 3306 1186 3332 que
1200 3296 1310 3323 rusticos
1323 3296 1437 3322 dicentes
1450 3296 1547 3328 audio,
1573 3296 1650 3322 malle
1664 3297 1689 3323 se
1708 3301 1809 3322 matura
1822 3293 1935 3325 fabalia,
1960 3300 2039 3326 quam
2052 3291 2171 3332 frudiurn

38 3324 272 3368 Ob'fifflllffydflffms
291 3336 336 3362 qua
352 3337 410 3358 nota
427 3331 570 3358 Pande-&ae
586 3333 644 3358 olim
655 3331 864 3369 figvzificabavztur
876 3342 884 3357 .-
912 3331 980 3365 fiue,
1006 3331 1072 3370 quod
1100 3354 1104 3356 .
1133 3332 1301 3360 trimestrem.
1353 3331 1420 3359 Add.
1440 3331 1505 3357 Plin.
1526 3337 1566 3362 18,
1588 3340 1616 3358 12
1634 3338 1657 3358 et
1675 3340 1710 3357 22.
1779 3329 1935 3364 Pythagoras
1956 3336 1987 3367 ne
2008 3335 2054 3361 per
2072 3327 2171 3355 fabalia

37 3369 137 3387 numme
155 3366 265 3396 tneptum
277 3367 400 3397 putamur,
423 3373 565 3402 corruptum
584 3365 617 3401 cst
631 3377 660 3394 ex
679 3370 825 3394 Graecorum
846 3369 921 3394 litera
938 3378 970 3397 π,
988 3367 1070 3401 stmz'li
1134 3368 1241 3403 quidem
1256 3368 1441 3394 transeundum
1456 3367 1588 3402 discipulis
1602 3367 1713 3394 tradidit
1736 3366 1854 3393 Tertull.
1867 3364 1900 3390 de
1913 3364 2005 3389 Anima
2019 3371 2040 3388 c.
2056 3371 2090 3394 3¹-

0 3419 1 3422 =
37 3402 179 3435 imperitia,
193 3407 240 3434 qua
252 3401 308 3426 olim
320 3410 348 3428 ex
369 3409 427 3432 nm*
452 3418 506 3433 πυτι
525 3407 588 3434 illud
601 3409 747 3434 Graecorum
761 3407 911 3443 quorundam
926 3413 1006 3434 ortum
1027 3405 1068 3440 est.
1078 3414 1114 3440 90
1170 3411 1187 3430 F
1196 3411 1216 3431 Α
1227 3411 1243 3431 Β
1252 3411 1298 3431 AC
1307 3411 1316 3429 1
1325 3411 1346 3430 A
1355 3423 1363 3436 ,
1383 3412 1422 3430 ae.
1447 3402 1467 3428 f.
1524 3404 1605 3429 Genus
1618 3404 1786 3438 pulmentari:
1803 3401 1853 3427 cibi
1865 3409 1876 3426 e
1888 3399 1963 3434 fabis
1983 3397 2103 3439 confesti,
2112 3399 2172 3438 pulc

0 3455 2 3468 ;
42 3435 100 3462 Vid·
117 3435 206 3462 Barth.
220 3434 324 3471 Aduers·
338 3445 367 3470 2,
383 3450 420 3474 ¹7·
478 3444 568 3479 Argol.
581 3446 608 3469 in
622 3445 727 3469 Panuin.
741 3443 769 3469 de
783 3443 845 3469 Luci.
863 3443 970 3479 Circerzs
986 3453 1012 3475 1,
1033 3453 1069 3477 ¹7·
1134 3439 1255 3466 fabacea:
1291 3439 1435 3474 videturque
1448 3436 1654 3472 efflAdieftiuum
1666 3438 1729 3465 illud
1741 3437 1828 3473 ipfiem,
1848 3434 1879 3474 de·
1890 3431 2040 3473 quusta'trm.
2104 3433 2171 3461 Phn.

0 3474 3 3489 r
18 3504 21 3505 .
36 3471 84 3504 fiue
98 3480 127 3497 ex
139 3470 211 3506 causa
223 3471 282 3497 alia.
337 3472 459 3503 Caeterum
469 3478 521 3505 vid.
543 3478 621 3505 Baud.
635 3479 703 3506 Ccnt.
718 3477 794 3515 Epist.
813 3489 840 3510 1,
860 3489 902 3513 97.
961 3477 1024 3512 {soff
1041 3479 1070 3506 de
1137 3481 1172 3508 18,
1186 3484 1210 3502 12
1242 3475 1317 3509 Qtin
1337 3480 1364 3501 et
1381 3474 1467 3509 prisco
1485 3474 1539 3501 ritu
1558 3473 1660 3501 fabacia
1679 3474 1740 3500 suae
1756 3471 1894 3505 religionis
1912 3468 1963 3494 dns
1984 3477 2013 3494 in
2034 3469 2106 3496 sacro
2125 3469 2172 3496 est.

0 3521 2 3527 ,
38 3506 102 3533 Idol.
113 3517 143 3541 4,
156 3509 198 3541 96.
256 3506 378 3533 Forcatul.
393 3513 421 3536 in
441 3513 599 3547 Necyomant.
614 3521 643 3549 p.
663 3521 701 3545 28·
754 3515 836 3541 Cuiac.
852 3514 952 3550 Obstru.
967 3525 1008 3544 12,
1029 3525 1069 3550 40·
1137 3511 1262 3537 Fabaeiae
1278 3510 1380 3537 virides
1406 3510 1480 3544 Apic.
1495 3518 1518 3543 ς,
1532 3512 1556 3536 6.
1593 3512 1613 3537 i.
1633 3511 1712 3536 caules
1718 3508 1876 3544 fruticesque
1884 3504 2021 3546 fabarum,
2038 3511 2061 3530 et
2073 3514 2172 3540 qymae,

0 3536 3 3552 '
38 3543 133 3569 Alciat.
154 3539 287 3577 DispunH'.
305 3551 336 3574 2,
353 3552 386 3569 11.
442 3547 521 3584 Coras
541 3550 645 3586 Misi-cll.
663 3560 692 3584 5,
714 3560 739 3584 15
763 3560 788 3576 n.
810 3554 834 3578 6.
885 3551 1016 3577 Hotoman.
1042 3553 1070 3576 in
1129 3545 1156 3580 fi
1167 3544 1234 3573 recle
1247 3550 1445 3582 interpretantur
1458 3546 1601 3572 Humclb.et
1613 3543 1730 3578 Listerus.
1788 3543 1889 3575 Nempe,
1909 3546 1948 3566 vti
1964 3538 2067 3571 ‘1¹5²th
2159 3577 2164 3582 .

40 3578 142 3604 Memor.
162 3575 280 3603 Pandesl.
307 3587 324 3611 4
348 3583 378 3612 p.
398 3588 422 3612 7.
507 3585 607 3620 Disney,
635 3586 750 3621 passm,
782 3586 816 3612 ad
847 3584 974 3612 Dat-aum
1012 3587 1032 3611 L
1040 3587 1069 3612 1„
1079 3592 1110 3618 93
1172 3588 1392 3613 FABACEVS‚
1410 3582 1451 3608 vel
1468 3587 1641 3608 FABAC1v
1651 3586 1663 3605 s
1679 3575 1837 3606 Adicffluum
1850 3574 1893 3608 est,
1908 3582 1938 3601 vt
1950 3574 2110 3602 hordeaceus
2124 3584 2143 3601 e.
2152 3585 2172 3602 1.

10 3610 12 3650 ζ
74 3614 97 3639 ’6
133 3613 155 3639 F
165 3612 287 3648 inuerfiem
307 3615 316 3643 (
324 3617 361 3647 g)
380 3615 474 3641 inuenit
486 3617 610 3653 Claudius,
629 3630 674 3657 quo
687 3624 864 3656 exprimeretur
870 3623 1003 3657 Digamma
1010 3623 1070 3647 Aeo·
1135 3625 1161 3653 g.
1175 3626 1198 3642 a.
1254 3618 1309 3650 Qui
1321 3617 1434 3643 calamos
1447 3617 1568 3644 fabaccae
1581 3615 1660 3643 messis
1674 3613 1763 3640 eduxit
1786 3611 1880 3638 Pallad—
1890 3611 1963 3638 NOU·
1976 3616 1994 3637 t·
2004 3621 2020 3637 ¹·
2092 3610 2173 3638 fab&

10 3653 12 3671 l
49 3650 120 3674 icum.
168 3647 237 3689 'lt-'iffi
250 3648 317 3688 Lips.
333 3648 367 3674 ad
377 3648 440 3687 illud
449 3650 535 3679 Tacit.
545 3663 574 3685 u,
589 3664 619 3689 14
651 3656 779 3683 Claudius
794 3663 845 3683 tres
860 3656 948 3683 literas
962 3656 1069 3688 adiecit,
1134 3661 1194 3678 cens
1205 3661 1295 3679 mucus
1328 3654 1393 3688 Veg.
1406 3653 1520 3679 Mulom.
1532 3661 1563 3686 2,
1582 3654 1628 3684 36,
1640 3659 1664 3676 2.
1730 3647 1850 3675 Macrob.
1873 3647 1975 3674 Saturn.
1997 3655 2006 3673 1
2018 3666 2027 3679 ,
2055 3655 2081 3673 12
2114 3646 2173 3673 Puls

9 3683 12 3716 f
40 3691 107 3717 quae
118 3684 183 3724 vsul⁸
190 3689 358 3724 imperitante
371 3693 418 3724 eo,
437 3685 492 3719 post
505 3687 674 3724 obliteratae,
691 3692 853 3726 aspiciuntur
866 3692 1021 3718 etiamnunc
1040 3692 1068 3718 in
1131 3687 1246 3714 fabatea·
1581 3720 1587 3725 ⁶
1831 3720 1835 3724 ¹
2146 3716 2151 3720 ,

38 3725 97 3745 aere
110 3718 274 3752 publicandis
288 3719 431 3754 plebiscitis
446 3728 492 3754 per
503 3721 559 3749 fora
574 3733 602 3751 ac
615 3728 711 3761 templa
723 3727 788 3754 fixo.
842 3729 969 3754 Intcralia
981 3727 1068 3763 adfert
1170 3728 1372 3756 FABATVS,
1389 3732 1421 3757 a,
1440 3732 1496 3750 um.
1537 3721 1597 3748 Adi.
1617 3718 1681 3756 quod
1695 3716 1766 3752 estex
1773 3717 1858 3754 fabas,
1866 3722 1896 3744 vt
1908 3717 1965 3752 puls
1977 3716 2173 3744 fabataFest.1n

40 3760 75 3778 ex
84 3754 207 3788 lapidibus
229 3755 374 3781 Claudianis
403 3755 433 3781 T
442 3756 460 3781 E
469 3756 491 3781 R
499 3757 579 3784 MIN
589 3761 608 3786 A
616 3763 691 3790 :HT
741 3765 763 3789 A
772 3764 800 3790 Μ
809 3764 825 3789 Ρ
834 3764 854 3789 L
865 3764 931 3792 [Ad
939 3763 987 3790 1T
1045 3770 1068 3790 et
1077 3771 1124 3789 100
1136 3765 1154 3784 R
1164 3765 1180 3785 E
1190 3764 1206 3785 F
1215 3765 1233 3785 R
1241 3765 1251 3785 1
1259 3765 1320 3785 NA.
1333 3768 1359 3786 v.
1367 3769 1394 3786 v.
1447 3761 1526 3785 Etiam
1539 3756 1682 3787 Plin.18,12
1708 3754 1772 3782 vnde
1791 3753 1928 3780 Fabaciam
1947 3753 2016 3780 modo
2030 3753 2173 3782 attulimus,

42 3786 126 3823 Dlgl
146 3790 347 3817 AVGVSTI.
401 3790 467 3817 Add.
482 3792 608 3826 Spanhem.
620 3796 649 3822 de
664 3782 783 3835 Nu’mism.
793 3798 916 3835 Diflss2p.
924 3809 966 3833 1⁰7
992 3783 1066 3835 q’.1·t‚
1134 3792 1192 3826 teste
1212 3793 1360 3827 Harduinn,
1385 3794 1495 3825 Fabata,
1520 3795 1546 3818 in
1582 3790 1708 3816 uibnsdam
1727 3790 1801 3817 MSS.
1819 3789 1863 3822 est.
1918 3790 2048 3816 Recentior
2069 3787 2173 3812 Graecia

40 3829 88 3865 ¹²}-
135 3826 269 3862 Dausquei·
291 3826 412 3863 ΟΥῙῘΨΕΥ·
431 3833 466 3853 tr.
480 3836 495 3853 ²
513 3824 578 3863 sta·
590 3838 610 3855 ¹·
659 3832 757 3868 Seguin·
778 3828 854 3871 Eplst·
861 3797 998 3872 fiabiune'faei
1011 3836 1066 3862 Nu.
1134 3828 1168 3855 τοὶ
1181 3829 1290 3862 <pamm-oe
1301 3829 1390 3862 fabas,
1409 3829 1437 3855 τᾶ
1455 3830 1528 3861 φάβα
1542 3800 1646 3859 salbam,
1668 3825 1784 3860 φάβατον
1803 3832 1882 3852 autem
1895 3825 1989 3865 pulteiu
2009 3833 2037 3849 ex
2044 3821 2111 3857 faba
2129 3826 2172 3856 af-

39 3857 114 3894 ''¹¹sm-
133 3859 215 3888 5212&
1129 3866 1224 3901 pellare
1233 3864 1305 3900 JbIct.
1365 3866 1425 3891 Vct.
1439 3863 1517 3891 Gloff.
1537 3863 1661 3889 Fabatum
1675 3861 1789 3896 φάβα-νος
1801 3860 1892 3887 κόκκος.
1943 3861 2010 3886 Hmc

1172 3906 1190 3927 F
1208 3906 1230 3926 A
1247 3906 1263 3926 B
1282 3907 1304 3927 A
1323 3906 1346 3927 Τ
1366 3907 1387 3927 Α
1407 3907 1426 3926 R
1445 3907 1455 3926 1
1473 3905 1496 3926 Α
1515 3918 1524 3930 ,
1581 3898 1659 3934 Vasa,
1679 3900 1706 3923 in
1718 3898 1804 3933 quibus
1817 3898 1878 3932 puls
1897 3894 2002 3922 fabacea
2019 3889 2172 3926 ponebatur,

1077 3945 1123 3970 105·
1133 3942 1156 3963 et
1169 3935 1264 3963 laribus
1276 3935 1434 3968 offerebatur.
1507 3933 1643 3969 Lamprid.
1659 3932 1801 3968 Heliogab.
1815 3940 1879 3958 c.20
1914 3928 2009 3959 Basbss
2027 3924 2171 3953 munorum

167 3967 253 3990 vot..
287 3963 324 3992 u.
1282 3971 1302 3998 B
1323 3970 1340 3997 b
1361 3970 1379 3997 b
1399 3970 1417 3996 b
2088 3964 2172 3986 tantae
