2479 4225
17 225 94 286 ¹42¹
400 224 435 266 E
524 223 562 264 V
651 224 690 265 A

31 309 67 349 Vt
83 314 154 347 aiunt
172 317 200 344 in
213 314 317 343 Graecis
330 312 474 342 artificibus
488 321 534 340 eos
555 312 680 340 auloedos
692 312 754 346 effe,
775 310 822 346 qui
840 308 985 337 citharoedi
1001 308 1060 337 lieri

33 363 87 384 non
98 358 248 389 potuerunt:
267 351 299 377 fic
312 359 358 377 uos
371 349 505 381 videmus,
525 350 571 384 qui
584 355 702 376 oratores
716 347 826 374 euadere
839 354 892 372 non
906 351 1060 380 potuerunt,

32 399 77 418 eos
96 388 128 416 ad
146 382 211 415 iuris
231 385 343 412 studium
365 385 498 412 dcuenire.
536 386 669 411 Contraria
679 384 741 419 sunt
760 380 871 407 euadere
884 389 907 407 et
925 382 1059 407 deuenire.

29 426 126 457 Laudat
139 423 164 450 h.
175 424 192 449 l.
205 421 233 448 ob
245 429 327 457 aptam
339 421 515 447 redditionem
530 421 547 448 s.
561 419 682 456 apodofin
697 417 827 450 Qiinctil.
844 422 865 448 8,
879 426 901 449 3,
914 424 956 450 79.
1001 418 1061 442 Cum

27 460 158 499 particulis
169 459 243 490 Huc,
258 458 335 490 Qio,
350 457 485 489 Quorsum
502 460 593 482 exitum
610 455 704 487 consilii
720 458 789 478 notat
808 452 888 478 Plaut.
909 453 986 478 Poen.
1003 461 1021 484 1,
1039 461 1060 485 ι,

32 504 71 530 44
105 493 226 527 Intelligo
239 492 341 519 hercle:
358 492 400 518 scd
413 501 467 527 quo
480 492 572 518 cuadas
585 490 680 515 nescio.
698 487 723 514 h.
738 496 756 513 e.
780 487 824 514 Ad
835 487 896 523 quid
909 487 971 513 illud
984 487 1061 518 dicas,

29 531 71 559 vel
88 529 197 566 quor-[ism
215 529 273 555 haec
291 527 376 559 dicas,
390 534 412 554 ct
425 527 485 564 quid
499 528 560 553 cclix
579 524 667 584 affi’gui
686 522 769 549 verbis
780 525 839 563 fuis.
872 523 902 549 T
900 531 940 561 ρι’,
955 524 1061 549 Phorm.

31 575 58 600 4,
71 573 93 597 3,
107 573 134 591 21
167 562 239 598 Quid
254 563 296 589 hic
309 564 427 597 coeptat?
451 571 495 589 aut
508 570 560 597 quo
576 569 622 586 eua
643 559 685 584 et?
756 558 812 584 Cic.
832 561 884 584 Art.
906 566 932 590 9,
954 566 980 584 12
996 561 1059 589 (18)

32 600 174 627 Videamus
201 600 250 625 hoc
297 600 404 625 norsum
425 595 526 625 euadat.
561 594 632 622 Idem
648 595 740 627 Att.7‚
756 596 785 620 16
813 593 860 619 Sed
887 593 948 620 haec
973 594 1059 628 paucis

30 635 123 663 diebus
139 643 171 661 ex
184 634 255 661 illius
267 643 280 661 a
313 634 398 661 nostra
409 633 527 668 responsa
539 630 663 664 responiis
674 628 855 663 intelligentur
868 630 992 663 quorsum
1002 637 1060 655 eua-
1079 639 1108 657 10

30 672 91 699 sura
106 670 161 697 sint.
196 669 261 696 Adii.
281 670 350 704 Nep.
365 679 402 702 ιο,
417 675 440 701 8,
455 675 473 695 1.
514 668 600 699 Qiam
617 665 717 697 timeo,
735 666 860 698 quorsum
881 664 973 690 euadas
993 664 1060 691 Ter.

32 706 113 734 Andr.
135 715 155 738 1,
171 713 190 737 1,
206 713 259 731 100.
282 708 300 730 i.
321 706 383 740 quid
399 703 483 730 deinde
496 701 535 736 fis
552 708 708 727 narraturux.
778 699 849 726 Idem
868 701 932 726 Eun.
955 708 976 731 3,
995 708 1017 732 3,
1040 709 1061 726 ιι

32 742 87 768 Vbi
107 741 202 776 stiget,
221 739 271 766 huc
288 741 382 772 euasit,
399 736 578 774 quampridem
592 742 665 770 pater
683 734 751 762 mihi
770 742 795 762 et
815 742 899 762 mater
912 736 1011 761 mortui
1025 737 1061 761 es-

31 778 95 805 sent.
164 775 264 802 Timui
282 776 384 810 semper
397 774 519 809 quorsum
541 771 662 798 euaderet
677 771 735 797 heri
751 771 844 798 lenitas
862 771 929 797 Ter.
945 771 1026 796 Andr.
1041 780 1060 803 1,

32 820 59 845 2,
72 819 94 844 5.
141 810 213 837 Idem
229 811 303 838 Adel.
319 820 339 844 3,
352 821 379 845 4,
394 812 429 842 64

31 847 95 874 lum.
132 846 261 880 Qninc‘til.
277 855 302 879 2,
317 855 344 880 4.
412 843 486 870 Idem
506 851 530 874 2,
544 851 581 877 17,
595 844 624 868 16
663 843 754 876 Itaque
771 841 949 877 potentlffimis
966 851 1060 869 eorum

28 881 150 910 breuiter
164 891 315 915 occurram,
327 889 358 908 ne
370 880 397 907 in
409 878 542 905 infinitum
557 877 675 913 quaestio
690 877 790 904 euadat.
897 876 917 914 fl
937 886 954 910 4
975 879 1061 903 Gram-

27 920 134 945 maricae
147 918 321 952 obstruaeionis
334 914 366 948 est
378 913 442 942 illud
453 914 634 941 Horat.Serm.
650 921 672 946 2,
686 920 712 947 7,
727 915 757 943 68
780 913 884 939 limasti?
905 912 993 945 credo,
1007 923 1059 939 mc-

27 957 102 984 tues,
115 952 267 987 Doctusque
279 950 389 978 cauebis.
440 950 485 976 Sil.
502 957 536 983 ι5,
551 957 597 984 375
628 949 724 975 Forsan
736 955 761 975 ct
779 949 873 975 enasset
886 947 974 983 rapidi
992 948 1059 976 freta

27 989 107 1016 saeua
126 989 226 1022 pericli.
261 987 306 1015 Sed
317 987 425 1012 meliores
438 986 547 1017 enasset,
560 989 579 1011 i.
597 982 720 1017 enataffi’t.
1069 987 1106 1006 20

66 1030 234 1055 EVASVS,
253 1031 283 1054 a,
303 1030 356 1047 um.
381 1022 448 1047 Part.
491 1021 534 1053 Vt,
554 1021 634 1047 Euasa
653 1027 737 1050 mors,
750 1017 817 1054 apud
830 1018 924 1046 Alcim.
962 1039 971 1046 .
1004 1039 1012 1047 .
1048 1040 1057 1048 .

28 1058 103 1087 Euafi
123 1059 233 1093 fulguris
248 1057 313 1083 ietus
328 1058 417 1082 quen.
430 1056 481 1082 Sat.
497 1065 534 1088 12,
548 1063 585 1090 17.
682 1069 693 1075 ν

65 1101 83 1122 E
91 1100 112 1119 V
120 1101 142 1120 A
150 1101 162 1121 s
171 1102 181 1120 1
191 1099 227 1125 0,
246 1093 310 1119 finis.
330 1092 350 1118 f.
386 1092 462 1126 Vulg.
477 1093 587 1125 Interpr.
602 1089 700 1117 Iudith.
711 1098 745 1122 13,
759 1098 797 1116 20.

63 1130 218 1157 ΕνᾸσῑΝ
229 1134 264 1160 ο,
283 1132 335 1155 are.
371 1127 450 1162 Vulg.
470 1129 581 1161 Interpr.
595 1125 676 1152 Exod.
691 1132 725 1158 ις,
739 1134 775 1151 ιο.
806 1124 905 1153 Iudith.
919 1134 953 1158 13,
967 1130 989 1156 8.

66 1170 172 1191 EVAG
183 1169 284 1190 iNA'r
295 1169 354 1194 VS,
371 1171 402 1192 a,
423 1172 476 1189 um.
512 1164 578 1189 Part.
613 1161 704 1187 iustin.
720 1169 739 1192 1,
751 1169 778 1194 9,
792 1165 805 1191 8
835 1161 890 1195 Ipse
908 1161 995 1195 gladio
1014 1162 1059 1189 sua
1078 1170 1109 1196 ις

28 1200 120 1234 sponte
131 1199 269 1233 euaginato
288 1198 448 1224 vulneratus.
503 1197 599 1232 Hygin.
614 1196 675 1223 Fab.
692 1198 740 1230 164
777 1196 901 1231 Aliquem
923 1198 1061 1232 cuaginato

26 1235 149 1270 persequi
164 1234 257 1268 gladio.
293 1234 366 1269 Conf.
382 1235 472 1269 Veget.
486 1233 518 1260 de
531 1234 568 1259 Re
582 1232 661 1259 Milit.
677 1240 695 1263 1,
712 1237 744 1262 18.

65 1277 82 1296 Ε
91 1277 139 1297 VA
148 1277 169 1297 G
178 1276 268 1296 ιΝΛΤ
277 1278 286 1295 1
295 1276 330 1301 O,
351 1269 417 1295 onis.
443 1269 463 1295 f.
500 1267 600 1295 Arnob.
615 1276 624 1294 1
644 1277 668 1302 p.
681 1275 712 1299 3ο
733 1267 932 1294 Contumaciam
946 1268 1060 1295 canceris

27 1305 100 1333 caeni
124 1306 155 1332 ad
178 1304 335 1332 subeundam
354 1304 501 1331 cicatricem
519 1303 722 1337 circumscriptis
741 1303 972 1337 euaginationibus
992 1312 1062 1330 com-

0 1347 1 1367 ι
22 1341 168 1404 {idel-lilim?
183 1340 211 1402 <lie
227 1339 289 1367 dono
302 1340 414 1376 finandi
432 1338 557 1375 Apostolis
576 1340 702 1366 concesso-

57 1386 97 1403 ενα
126 1396 132 1402 .
146 1386 173 1402 m
194 1385 229 1402 oc.

67 1418 82 1438 Ε
92 1417 238 1438 VAGON.
274 1412 312 1437 De
325 1410 370 1437 hoc
387 1409 452 1436 Plin.
466 1415 507 1442 28,
520 1418 532 1442 3
551 1407 607 1445 post
622 1409 768 1442 Psyllorum
787 1416 811 1436 et
831 1410 981 1437 Marsorum
997 1420 1062 1436 men-

26 1449 133 1481 tionem,
152 1447 184 1474 Et
201 1446 246 1481 qui
258 1445 426 1480 Ophiogenes
441 1452 570 1472 vocantur
584 1446 612 1471 in
625 1445 709 1472 insula
722 1446 824 1480 Cypro:
849 1454 880 1471 ex
893 1455 945 1480 qua
958 1446 1061 1473 familia

24 1481 124 1516 legatus
137 1482 241 1516 Exagon
257 1482 366 1508 nomine
375 1500 382 1512 ,
401 1489 415 1507 a
428 1480 586 1507 Consulibus
599 1481 725 1507 Romanis
744 1481 773 1507 in
786 1480 889 1507 dolium
901 1481 1061 1516 serpentium

20 1516 158 1543 conictihis
176 1517 350 1552 experimenti
369 1516 460 1552 causa,
478 1515 754 1543 circummulcentibus
770 1516 883 1551 linguis,
904 1517 1062 1544 miraculum
1080 1525 1109 1551 35

74 1561 86 1577 e
150 1572 156 1578 .

21 1560 82 1613 3'ml-2
89 1552 226 1614 ¹Vuil'itGOR
237 1607 246 1620 ,
270 1586 317 1613 'ari-
355 1586 368 1620 [
378 1586 556 1626 περιφξρομαι,“
572 1586 725 1621 myrtoum]
762 1585 829 1612 Idem
859 1587 923 1622 quod
957 1588 1064 1625 Vagari.

21 1622 86 1650 Liu.
99 1632 143 1656 22,
179 1642 186 1649 .
223 1643 230 1649 .
266 1622 407 1649 Frontibus
420 1630 491 1648 enim
505 1621 616 1647 aduersis
629 1621 837 1647 concurrendum
850 1623 992 1657 erat,quia
1005 1625 1062 1650 nul-

0 1673 3 1685 ι
25 1658 58 1685 10
71 1659 141 1684 circa
154 1658 186 1684 ad
205 1657 368 1692 euagandum
380 1656 475 1684 relicto
489 1657 580 1690 spatio,
594 1662 639 1682 erc.
709 1656 775 1682 Plin.
789 1665 825 1688 10,
840 1665 867 1688 33
898 1658 1064 1686 Hirundines

21 1694 125 1720 -molem
144 1693 342 1719 continuatione
361 1692 487 1718 nidorum
505 1691 627 1725 euaganti
647 1690 714 1717 Nilo
731 1691 963 1727 inexpugnabilem
982 1703 1063 1729 oppo-
1071 1700 1108 1726 40

22 1735 103 1755 munt.
138 1728 210 1765 Conf-
231 1728 361 1754 Ammian.
378 1732 412 1758 18,
426 1732 461 1757 18.
532 1727 663 1760 Euagatnr
682 1726 750 1760 ignis
769 1727 829 1761 le.
850 1727 879 1753 in
894 1728 912 1753 l.
933 1728 959 1754 Si
972 1731 1063 1757 seruus

26 1764 135 1790 seruum
148 1761 171 1799 §.
185 1763 211 1789 si
229 1763 388 1789 fornicarius
405 1763 438 1789 D.
453 1761 492 1788 Ad
505 1761 590 1796 legem
602 1761 746 1795 Aquiliam.
816 1763 947 1795 Euagatui·
959 1763 1064 1796 longius

26 1800 158 1832 appetitus
181 1799 236 1825 Cic.
250 1798 302 1824 Off.
322 1807 398 1829 1,102
416 1806 438 1823 c.
451 1805 490 1829 29.
562 1797 692 1828 Euagatur
711 1795 739 1820 in
758 1795 891 1821 luxuriam
911 1798 1063 1828 praeualens

23 1834 90 1859 vitis
112 1832 241 1858 columel.
256 1840 277 1864 5,
291 1835 316 1858 6.
352 1832 425 1857 Idem
439 1837 463 1861 8,
476 1837 498 1861 5.
551 1862 556 1867 ι
569 1829 700 1867 Euagatur
711 1829 826 1862 capparis
844 1837 891 1862 per
903 1837 979 1862 agros
993 1831 1060 1857 Plin.

19 1875 65 1899 5³¹9,
79 1872 101 1897 8.
172 1867 225 1891 Eua
243 1872 282 1891 ata
296 1866 333 1890 est
350 1865 402 1889 late
415 1865 456 1889 vis
469 1863 558 1888 morbi
574 1863 634 1887 Liu.
648 1870 670 1893 3,
682 1869 708 1895 7.

20 1901 126 1940 pofimm
142 1900 219 1935 aliqm'
255 1899 344 1924 dicere.
379 1896 510 1931 Quinctil.
532 1904 558 1928 2,
576 1905 604 1929 4,
622 1904 653 1928 32
687 1897 786 1923 Verum
807 1896 932 1925 haetenus
953 1900 1061 1935 euagari

22 1937 86 1965 fatis
106 1935 193 1961 suerit.
230 1933 299 1961 Add.
313 1942 336 1965 3,
347 1935 373 1965 6,
388 1941 410 1965 3.
444 1941 467 1964 3,
481 1940 511 1962 ιι,
523 1938 563 1964 25¹.

0 1971 5 2011 1
63 1977 165 1999 EVAG
175 1976 227 1996 AT
237 1976 246 1995 1
257 1976 276 1996 o
286 1988 294 2001 ,
317 1968 386 1994 onis.
405 1968 426 1994 f.
461 1967 651 2001 [περιπόλησις]
686 1967 752 1994 Plin.
767 1976 793 2000 2,
809 1975 839 2002 17
858 1970 895 1995 Ac
908 1969 989 2003 spatia
1003 1971 1060 1997 lon-

1 2013 5 2026 ⁴
23 2006 153 2043 gitudinis
178 2004 350 2031 latitudinum
377 2003 532 2037 euagatione
561 2002 684 2037 pensant,
711 2002 739 2030 dc
770 2003 861 2030 orbitis
892 2006 1060 2032 Planum-um,

3 2027 5 2069 l
26 2044 88 2071 Sen.
101 2041 176 2076 Epist.
189 2043 224 2067 66
237 2042 291 2073 (65)
308 2041 380 2065 Haec
395 2038 502 2064 libertas
515 2037 570 2064 eius
584 2037 634 2067 est,
648 2037 710 2064 haec
724 2039 855 2072 euagatio.

65 2082 296 2107 EVAGATVS,
315 2084 348 2107 a,
373 2083 427 2101 um.
462 2074 555 2100 Partic.
593 2073 724 2099 Columel.
742 2079 765 2107 8,
777 2082 790 2107 5
820 2075 896 2102 quta
917 2075 991 2103 cibus
1014 2085 1062 2112 po.

28 2113 146 2146 nendus,
160 2121 192 2139 ne
206 2111 311 2146 longius
325 2116 446 2145 euagatae
459 2109 617 2144 refrigerent
629 2117 689 2135 oua.

68 2154 110 2177 av
122 2155 143 2175 A
152 2154 257 2176 GATo
266 2155 299 2177 R,
321 2147 383 2174 aris.
400 2156 435 2173 m.
471 2145 547 2180 Apud
558 2145 678 2171 Senecam
692 2142 735 2178 effc
753 2143 857 2173 dicitur.

43 2186 52 2194 ‘
70 2190 326 2215 EVAGATR1x‚
344 2183 400 2210 icis.
418 2182 438 2208 f.
473 2180 549 2217 Apud
568 2180 687 2207 Tertull.
724 2200 731 2206 .
767 2200 774 2207 .
812 2200 819 2207 .

68 2224 384 2251 EVAGABVNDVS,
402 2226 430 2250 a,
451 2226 505 2243 um.
539 2216 615 2252 Apud
640 2215 776 2251 Augustin.
814 2235 822 2243 .
857 2236 864 2243 .
900 2236 908 2243 .

15 2281 20 2289 .
70 2261 291 2285 EVAGQRAS,
311 2263 350 2280 ae.
371 2263 405 2280 in.
443 2253 521 2288 Cypri
539 2253 601 2278 Rex.
626 2252 702 2287 Apud
715 2252 784 2286 Nep.
798 2260 833 2283 12,
846 2260 871 2283 2,
885 2260 907 2278 2.
932 2259 956 2280 er
970 2253 1062 2281 lustin.

28 2297 56 2325 5,
68 2292 92 2322 6,
107 2298 142 2316 ιο.
157 2320 165 2321 7
356 2297 368 2315 2
405 2289 535 2323 Euagoras
549 2287 635 2319 Laco,
653 2288 719 2314 alius
733 2291 777 2323 qui
792 2288 975 2323 Olympionicas
985 2291 1064 2325 Equos

25 2324 155 2361 *magnifice
168 2325 234 2352 dedit
252 2324 287 2352 ad
295 2324 457 2360 sepulturam.
481 2322 539 2350 Vid.
554 2324 652 2350 Aeliam.
669 2320 735 2356 Htst.
748 2325 880 2356 Anim:13‚
894 2333 934 2353 ao.

70 2368 82 2385 ι
94 2358 237 2393 viimo,
257 2360 321 2387 vnde
340 2364 516 2387 EVALi-:sc
528 2364 563 2391 o,
587 2357 632 2391 ui,
649 2360 703 2385 ere.
738 2356 883 2393 [δύναμαι]
902 2356 986 2388 ‘Idem
998 2360 1064 2397 quod

7 2404 9 2439 1
25 2395 120 2424 Valere
132 2402 156 2423 et
166 2395 233 2433 poJJ}
247 2394 304 2433 post
321 2402 433 2422 comitum
446 2394 583 2421 adhibitum
594 2394 656 2420 Stat.
670 2394 734 2420 Silu.
748 2402 770 2427 5,
781 2402 808 2427 2,
821 2399 853 2429 78

32 2434 37 2438 “
337 2431 442 2457 Tibine
459 2429 506 2456 illa
527 2428 639 2455 nefanda

181 2466 278 2494 Pocula
296 2465 437 2500 letalesque
455 2473 534 2491 manu
554 2472 712 2499 componere
729 2465 817 2491 mecon

186 2501 309 2528 Eualnit?

0 2553 2 2561 ,
25 2537 126 2564 Lucan.
140 2545 161 2568 1,
175 2543 219 2568 505
255 2534 367 2562 Nullum
387 2534 441 2562 iam
453 2533 591 2570 languidus
608 2543 675 2562 aeuo
694 2534 800 2563 Eualuit
818 2544 942 2564 reuocare
960 2545 1062 2573 parens.

32 2574 124 2599 vritur
136 2571 201 2596 Plin.
219 2578 252 2604 15,
265 2579 295 2603 29
324 2570 353 2597 de
365 2578 453 2604 myrto
468 2571 585 2606 plebeia,

29 2613 86 2633 urat
98 2605 229 2633 retorrida
247 2615 275 2632 ac
288 2606 422 2641 squalida)
435 2607 596 2633 flaccescente
614 2607 724 2642 patricia
738 2608 849 2635 Marsico
861 2608 948 2641 bello,
962 2610 1064 2643 langui-

30 2642 65 2668 da
77 2641 218 2668 auctoritas
233 2648 335 2676 patrum
348 2641 418 2668 fadia
433 2642 529 2675 est‚etc.
564 2642 695 2676 Qunffll.
711 2650 748 2678 17,
762 2651 785 2676 15
807 2645 898 2677 Quum
911 2645 1065 2670 eualuiffent

4 2689 7 2702 :
28 2677 133 2711 flagella
147 2676 222 2711 pedes
239 2677 323 2704 bition.
341 2680 359 2704 i.
382 2676 555 2710 Excreuiffi’nt.
609 2677 683 2703 Idem
697 2686 723 2710 2,
742 2683 771 2709 8,
790 2686 803 2710 5
836 2678 934 2704 Adiuta
947 2687 1008 2703 cura
1021 2687 1064 2703 na-

0 2731 1 2735 .
27 2717 91 2739 tura
104 2713 184 2746 magis
197 2712 328 2739 eualescit.
377 2711 452 2740 Idem
467 2721 500 2742 io,
515 2721 540 2743 z,
555 2720 584 2736 10
613 2712 729 2738 Tantam
744 2711 923 2738 difficultatem
942 2711 1020 2738 habet
1034 2712 1063 2738 si-

28 2792 97 2818 quae
112 2782 260 2809 simillimae
273 2782 429 2814 videantur,
448 2780 599 2808 discrimine
617 2782 709 2816 aliquo
724 2781 912 2809 discernantur.
955 2783 984 2808 Et
1000 2787 1023 2814 8,
1038 2785 1064 2816 6,

0 2817 8 2847 ἶ
28 2825 61 2852 32
88 2819 147 2844 Hoc
165 2818 281 2844 feliciter
298 2817 412 2850 eualuit,
432 2819 450 2843 i.
468 2818 591 2849 inuoluit,
604 2817 631 2842 de
651 2819 764 2844 uocabulo
783 2818 901 2844 audacius
910 2816 985 2852 ficio.
1020 2819 1066 2844 Eo-

0 2876 1 2884 .
30 2853 83 2888 ἄρηι
94 2854 167 2889 Jenfia
180 2862 206 2886 9,
223 2862 244 2885 3,
259 2862 282 2885 ι3
312 2854 347 2879 Vt
360 2862 428 2879 nunc
446 2852 560 2884 maluit,
572 2851 650 2879 rebus
670 2852 817 2888 agentibus.
851 2853 925 2888 Conf-
944 2852 1063 2880 Macrob.

0 2905 2 2913 =
29 2889 132 2916 Saturn.
146 2897 167 2921 3,
182 2897 219 2923 17.
239 2895 262 2914 et
279 2888 369 2915 Tacit.
383 2889 450 2914 Ann.
465 2896 503 2921 14,
518 2892 555 2921 58,
568 2889 592 2914 6.

0 2942 9 2995 :l
27 2959 114 2986 aidani
128 2958 233 2986 hastam.
251 2960 283 2986 al.
301 2965 325 2985 et
343 2959 394 2994 ipse
407 2958 532 2985 Drakenb.
550 2959 580 2984 Et
596 2957 720 2984 validam.
756 2958 803 2985 Sed
819 2961 875 2985 anti
892 2969 923 2985 ua
935 2958 1008 2986 [estio
1028 2962 1065 2987 rei

0 2989 16 3055 ll}
33 2994 156 3031 apttffima
170 2994 304 3021 Eualidatn
313 3014 321 3027 ‚
333 2998 402 3021 cuius
415 2993 492 3030 gloffiz
503 2993 659 3033 inualidam.
694 2994 735 3036 Sis:
747 2993 857 3027 Edurus,
870 2969 999 3029 ligefidus.

31 3044 43 3052 ›-
71 3036 87 3056 E
97 3037 146 3056 VA
156 3037 171 3056 L
180 3038 196 3057 L
207 3036 226 3057 ο
236 3050 244 3063 ,
261 3034 314 3056 are.
349 3030 362 3064 [
376 3029 529 3069 ἓκχοιρακίςῳ
542 3029 554 3063 ]
592 3030 672 3056 Extra
694 3035 792 3056 mzttere
801 3050 808 3062 ,
830 3030 971 3061 excludam
998 3029 1065 3066 quast

0 3082 3 3092 .
32 3065 115 3091 Extra
135 3067 225 3092 vallum
243 3068 374 3101 proiicere.
408 3065 551 3091 Titinnius
563 3064 630 3099 apud
643 3065 713 3091 Non.
726 3073 751 3098 2,
765 3073 812 3097 259
841 3066 900 3099 Qia
921 3075 970 3100 ego
985 3066 1066 3093 hodie

0 3120 3 3128 .
16 3108 17 3131 ι
35 3097 249 3127 extorreni'hanc
270 3100 350 3127 domo
363 3101 457 3127 faciam
470 3120 478 3132 ,
497 3101 646 3135 pilatricem
666 3100 741 3134 pallii
755 3101 896 3133 euallauit,
917 3101 933 3127 ὃ
948 3101 1064 3136 pulchre.
1077 3107 1109 3133 80
1133 3103 1324 3135 extenduntur,
1342 3101 1469 3128 euauidae
1482 3100 1565 3132 fiunt,
1585 3109 1676 3135 parum
1689 3099 1789 3127 fructus
1802 3100 1898 3126 ferunt.

0 3147 3 3167 Ι
32 3135 124 3196 lVarro
138 3134 202 3162 ibid.
227 3137 316 3163 Donec
328 3137 399 3164 foras
412 3145 459 3163 nos
471 3136 541 3163 intus
553 3136 741 3164 euallauerunt.
777 3136 851 3173 Conf.
864 3137 965 3173 Salmas:
980 3140 1007 3164 in
1022 3138 1067 3164 So-

0 3191 4 3199 ,
50 3178 84 3196 ιιι.
122 3189 129 3196 .
161 3179 177 3196 0
222 3191 228 3197 .

0 3218 19 3246 ¹!
77 3178 242 3237 138159ιῖ3,
262 3208 314 3234 ere.
348 3208 459 3244 Purgare
472 3207 630 3244 frumentum
644 3216 660 3234 a
671 3206 797 3243 folliculis
816 3214 841 3234 et
855 3208 897 3235 illo
916 3209 983 3235 uelut
995 3208 1066 3235 vallo

0 3249 19 3276 7,;
39 3244 128 3268 aceris.
162 3241 226 3267 Plin.
241 3247 277 3274 18,
291 3250 318 3268 ιο
334 3243 364 3269 Ει
376 3244 431 3278 ipsa
444 3252 510 3279 quac
524 3243 681 3275 eualluntur,
701 3242 801 3270 variam
816 3243 973 3277 pisturarum
987 3244 1068 3271 ratio-

0 3285 12 3317 l.
35 3285 100 3303 nem
115 3275 217 3303 habent.
252 3279 282 3303 Et
309 3280 372 3305 aullo
383 3286 456 3312 ante,
475 3280 614 3306 Triticum
640 3283 729 3305 autern
750 3278 876 3313 perfundi
901 3288 968 3314 aqua
985 3280 1068 3307 multa
1086 3283 1114 3313 85

0 3320 14 3345 ,Δ
40 3312 130 3342 iubet,
143 3311 228 3345 postea
241 3320 285 3339 eua
308 3313 333 3346 i,
346 3313 440 3341 deinde
461 3315 514 3341 sole
527 3315 646 3341 siccatum
666 3314 722 3349 pilo
734 3314 827 3349 repeti.
862 3315 963 3350 Salmas.
980 3315 1013 3341 ad
1025 3316 1069 3341 So-

0 3352 13 3387 3*
36 3347 87 3373 lin.
109 3356 132 3381 p.
151 3354 203 3380 907
223 3355 246 3373 a.
270 3349 353 3375 laudae
369 3351 488 3384 Festum,
504 3350 667 3382 Euallatum,
681 3350 862 3377 euentilatum.
901 3350 978 3376 Vnde
993 3350 1069 3383 valli,

0 3372 14 3420 „l
39 3382 136 3418 quibus
149 3381 280 3408 frumenta
289 3385 469 3413 euentilantur.
506 3387 537 3412 Et
544 3384 624 3422 potest
643 3386 702 3412 haec
715 3395 775 3412 vera
789 3385 923 3412 emendatio
936 3385 985 3419 ff.
1022 3386 1069 3413 Sed

0 3432 13 3457 f».
38 3418 121 3446 adhuc
140 3418 231 3443 editum
248 3416 281 3450 <si
305 3425 494 3448 EVELATVM.
514 3431 539 3448 υ.
555 3430 580 3448 υ.
617 3421 689 3457 Qeod
701 3428 780 3448 autem
794 3428 871 3447 totum
884 3421 929 3448 hoc
942 3421 1039 3448 verbum
1053 3431 1069 3448 a

0 3506 14 3523 w
26 3492 88 3526 ⁷quui.
127 3490 209 3523 Neque
232 3490 293 3529 enini
313 3489 423 3524 profes-'lo
443 3501 530 3519 vanno
548 3490 677 3518 inflantur
699 3499 723 3518 et
736 3494 903 3518 euentilantm·
925 3491 1069 3528 maiquaH'a

2 3526 14 3558 gl
34 3524 175 3561 frumenta.
210 3523 236 3550 Si
250 3523 312 3548 mihi
324 3524 382 3559 quid
391 3527 476 3561 liceat,
487 3529 570 3554 malim
583 3527 616 3553 ad
629 3527 746 3554 valuulas
760 3537 821 3563 quas
834 3528 922 3554 habent
936 3529 1069 3565 legumina,

0 3555 17 3600 b}
39 3565 66 3586 ct
78 3559 110 3585 ad
116 3559 245 3595 folliculos
256 3567 387 3594 granorum
399 3561 500 3596 referri,
515 3570 544 3590 vt
556 3562 672 3590 euallare
681 3562 721 3597 fit
734 3562 802 3599 4¹⁴4st
812 3563 971 3591 eualuulare.
1008 3565 1069 3591 Con-

0 3613 8 3629 ,
53 3594 157 3625 trierem,
171 3594 256 3630 quibus
273 3596 348 3619 ocium
361 3600 384 3620 ct
401 3597 510 3632 uoluptas
522 3597 563 3631 ist.
791 3602 795 3606 “
823 3600 825 3604 '

0 3684 14 3709 ¹¹.
37 3673 96 3701 *qua
107 3665 220 3692 exierint
243 3664 414 3703 (fiqex'irent)
434 3674 479 3699 per
489 3669 613 3701 posticum
627 3669 772 3696 euallefeci.

0 3718 9 3771 Ξῖ
40 3735 213 3768 Prometheus,
238 3735 352 3776 quomodo
364 3737 482 3775 hominem
490 3736 650 3771 formauerit.
707 3739 836 3773 Salmasius
853 3742 870 3766 I.
885 3750 906 3766 σ.
924 3742 999 3775 plane
1017 3750 1070 3766 cor-

0 3789 8 3807 1¹
46 3776 125 3832 rulgev
123 3771 185 3833 15ng
190 3791 198 3804 ,
221 3772 382 3841 Ιῗεὲξὲῗιῖῗῃιᾶ
397 3771 443 3797 vbi
456 3779 521 3805 quae
534 3773 648 3801 exierant
661 3784 706 3810 per
718 3775 845 3810 posticum
859 3775 1070 3802 euallefecerunt.

0 3816 8 3877 ἓ
51 3837 112 3866 Met.
120 3849 145 3874 4,
159 3827 196 3874 ις..
262 3839 460 3869 ιιιςιζάιιεῬιιᾶιι
479 3842 538 3868 Stat.
548 3841 636 3869 Theb.
644 3852 665 3876 5,
676 3847 733 3879 675.

0 3891 7 3913 Γ,
50 3878 80 3900 ω
92 3874 240 3904 Baffaridum
254 3884 357 3905 rotator
376 3879 461 3908 Euan,
485 3881 529 3913 qui
544 3878 653 3904 Bacchas
663 3881 690 3905 in
703 3881 818 3915 furorem
832 3885 950 3908 concitas.

0 3944 1 3947 ’
46 3943 109 3970 idem
115 3945 171 3980 fere
184 3948 246 3983 quod
262 3950 394 3976 Bacch-ans.

44 3978 158 4011 formose
170 3983 243 4011 saltat
255 3984 364 4019 Iacche,
384 3985 443 4021 Egit
456 3990 486 4011 vt
497 3989 603 4011 euantes
616 3982 669 4011 dux
682 3984 797 4012 Ariadna
809 3986 913 4016 choros,

747 1338 804 1366 Vici.
824 1339 917 1375 MeurJZ
937 1345 960 1364 et
978 1338 1061 1374 Dtjid.
1079 1346 1112 1371 30

779 1862 893 1896 Metaph.
909 1865 992 1889 „Extra
1002 1871 1060 1899 pro.
1077 1872 1110 1898 45
1130 1868 1303 1889 euanuerunt.

1076 2048 1108 2074 50
1129 2039 1225 2065 ditendr
1238 2040 1344 2075 gloriam
1356 2037 1504 2071 etstudmm.

1082 2398 1119 2424 60
1130 2395 1258 2429 reliquit,
1277 2403 1344 2429 quae
1365 2395 1418 2420 iam
1438 2399 1610 2419 euanuemnt.

617 2572 691 2605 Qiae
709 2572 845 2607 postquam
865 2574 965 2600 eualuit
984 2574 1063 2608 (ante
1081 2578 1112 2610 65
1130 2574 1258 2600 tauitOra
1267 2574 1376 2603 Rubor,
1399 2572 1541 2604 rursusque
1561 2570 1676 2595 euanuit.

28 2748 169 2777 militudo,
191 2754 219 2774 vt
236 2757 268 2773 ne
288 2746 342 2781 ipsa
356 2746 463 2781 quidem
480 2752 572 2772 natura
585 2746 614 2772 in
628 2745 678 2772 hoc
698 2747 734 2773 ita
748 2747 894 2779 maluerit,
909 2753 937 2773 vt
955 2756 1009 2773 non
1022 2756 1064 2773 res
1078 2757 1114 2785 70
1132 2749 1211 2774 Vires
1224 2748 1375 2774 euanescant
1394 2746 1512 2773 Scribon.
1527 2748 1586 2777 269.

0 3460 15 3494 ’a‘
39 3453 112 3481 vallo
121 3472 129 3485 ,
142 3455 159 3478 i.
171 3459 251 3487 parua
264 3453 353 3480 Vanno
365 3455 475 3490 derium,
490 3466 538 3484 non
554 3454 620 3484 reste
640 3456 739 3483 videtur
758 3455 912 3490 corfideraffe
929 3457 1004 3483 verba
1017 3458 1069 3484 Pli-
1088 3471 1123 3495 90
1135 3460 1225 3485 laetum
1237 3461 1367 3489 num-tum,
1384 3457 1505 3483 orfei-'car
1514 3476 1521 3488 ‚
1535 3459 1643 3491 primum
1655 3456 1719 3481 laeta
1728 3453 1885 3490 pers-ribam.

0 3639 8 3665 ᾗ,
78 3636 201 3656 EVALL
211 3636 227 3656 Ε
237 3636 281 3656 FA
292 3634 308 3655 C
322 3635 373 3660 10,
393 3631 444 3656 ere.
477 3633 561 3660 Varro
576 3634 643 3670 apud
653 3634 725 3660 Non.
735 3641 757 3666 3,
770 3638 809 3666 158
838 3634 1002 3662 Retrimenta
1015 3634 1070 3660 cibi
1084 3644 1115 3670 95
1135 3635 1239 3671 gendum
1260 3637 1336 3661 Iocum
1356 3635 1477 3661 breuitate
1495 3634 1599 3668 abrupta
1619 3631 1776 3657 laborantem.

44 3699 160 3727 metheo:
196 3700 255 3737 quid
266 3701 290 3734 Ji
309 3703 388 3736 igitur
406 3700 499 3734 diuzstm
518 3705 655 3739 tegendum,
674 3714 689 3731 e
703 3705 788 3737 valle,
814 3668 1071 3740 fssqeusvzjiiejcrlzaet

804 3846 842 3872 Id.
856 3846 919 3873 Silu.
933 3856 956 3878 2,
964 3855 990 3882 7,
1005 3854 1021 3881 7
1041 3848 1071 3873 Et

1005 3884 1073 3908 Hinc

83 3915 220 3945 EVAns,
241 3913 289 3944 tis,
320 3921 437 3948 tanquam
454 3923 470 3939 a
490 3912 561 3938 verbo
582 3919 708 3939 EVARE
727 3917 765 3941 ue!
783 3923 906 3943 EVARI
942 3917 1071 3952 [edeig'm]

465 3949 603 3982 Propert5'2
612 3967 620 3980 ,
634 3956 660 3980 z,
671 3953 702 3978 28
734 3951 883 3984 Quintum,
903 3953 975 3988 quod
988 3953 1073 3988 polito

993 3988 1072 4021 Phry.
1081 4001 1127 4029 105
1137 3990 1188 4017 dem
1198 3996 1247 4024 pro
1257 3990 1296 4016 rei
1308 3989 1420 4012 inuentae
1434 3986 1472 4012 vel
1483 3991 1590 4020 reperta·
1602 3986 1696 4011 nuntio.

1545 216 1817 262 EVA

1127 310 1182 345 gias
1196 308 1302 337 Euantis
1316 308 1413 336 circum
1428 308 1510 342 Orgia
1537 307 1611 343 Virg.
1620 308 1683 334 Aen.
1691 309 1717 340 6,
1730 314 1783 341 517.

1128 347 1203 377 vius)
1228 349 1246 372 i.
1266 345 1427 374 Bacchantes,
1446 353 1459 370 a
1474 344 1582 376 Libero,
1597 344 1645 378 qui
1656 343 1728 369 Euan
1743 342 1850 369 dicitur.

2092 233 2166 273 4²²

1853 308 1964 336 Euantes
1990 310 2097 347 (inquit
2108 310 2165 337 Ser-

1920 346 2067 373 Priseian.6
2081 356 2105 381 p.
2113 348 2167 378 690

1129 390 1180 406 cum
1193 385 1272 416 1mimo
1285 382 1389 407 Euantis
1404 379 1498 412 ‹ii->isliu
1516 379 1671 405 Genitiuum
1685 381 1791 405 nominis
1804 379 1892 404 Euan:
1928 389 1982 406 mox
2000 388 2094 408 murata
2107 381 2166 417 sen.

1129 423 1207 442 trutm
1223 416 1394 452 Accusitluwu
1406 416 1525 449 plui-ulmi
1539 415 1650 450 agnoscit
1664 415 1808 449 participii.
1882 413 1926 439 Sil.
1943 423 1963 445 i,
1977 423 2016 442 101
2041 417 2105 442 Non
2119 416 2166 443 ille

1131 452 1236 477 Euantis
1250 451 1370 484 Mass‘ylae
1390 450 1483 483 palluit
1503 451 1562 475 iras.
1617 450 1690 486 Cous.
1709 447 1834 476 Drakenb.
1855 448 1889 475 ad
1905 449 1961 476 h.1.
2038 451 2166 484 Thyades

1132 487 1242 514 buautes
1271 486 1356 513 Latul.
1370 486 1397 511 in
1412 485 1535 518 Argoms.
1545 487 1585 513 62,
1599 493 1649 517 391.
1906 511 1907 515 ¹

1166 529 1182 549 ιι
1195 530 1211 548 ν
1224 530 1242 548 Α
1254 528 1301 548 Ni>
1316 528 1330 548 E
1342 528 1359 547 R
1377 522 1416 546 uel
1436 525 1509 546 ενΛ
1523 526 1540 544 ιι
1552 525 1569 544 1,
1580 527 1596 545 R
1607 526 1665 551 vx,
1687 519 1705 545 i.
1732 528 1768 546 m.
1804 515 1954 554 [Εὔανδρος]
2006 520 2083 546 Arcas
2098 521 2167 554 fuit,

1130 566 1210 591 nepos
1225 557 1344 584 Pallantis
1357 556 1425 589 regis
1441 554 1575 580 Arcadiae.
1630 556 1679 580 Hic
1700 563 1781 589 quum
1803 560 1903 588 patrem
1926 554 2000 585 suum
2019 556 2168 588 occidisset,

1130 593 1250 619 suadente
1263 599 1345 618 niati-e
1359 590 1506 618 Nicostrata
1530 592 1614 624 (quae
1627 598 1705 615 etiam
1720 590 1868 617 Carmentis
1881 589 1950 615 dien
1964 589 2014 620 est,
2038 591 2099 624 quia
2114 600 2168 617 car-

1130 628 1247 655 minibus
1264 627 1472 656 vaticinabatur)
1506 624 1606 650 dimissa
1625 625 1762 658 prouincia
1781 625 1825 650 ssa
1840 625 1914 651 venit
1931 624 1962 652 ad
1984 625 2105 652 Italiam:
2142 631 2168 652 ct

1130 664 1206 699 pullis
1222 663 1411 697 Aboriginibus
1426 660 1510 686 tenuit
1525 660 1596 689 loca,
1617 660 1644 686 in
1666 661 1761 694 quibus
1779 669 1847 686 nunc
1868 662 1951 686 Roma
1965 660 2018 693 est,
2043 666 2069 687 et
2082 660 2169 686 modi-

1130 709 1189 726 cum
1203 699 1329 733 oppidum
1343 696 1464 724 fundauit
1478 704 1505 721 in
1520 702 1608 721 monte
1621 695 1754 722 Pallatino.
1809 696 1860 721 Hic
1875 702 1962 721 autem
1975 705 2065 728 mons,
2088 696 2168 723 Palla-

1130 736 1198 761 tinus
1214 735 1354 760 secundum
1369 732 1513 765 Virgilium
1529 740 1543 756 a
1559 731 1669 757 t'allante
1688 740 1737 757 auo
1757 730 1871 757 Euandri
1891 731 1926 757 est
1946 730 2043 758 dietus:
2080 732 2170 759 secun-

1130 771 1192 797 dum
1207 771 1351 796 Varronem
1364 773 1389 794 et
1402 767 1467 793 alios
1481 775 1493 792 a
1509 766 1562 792 filia
1577 765 1687 793 Euandri
1701 766 1822 793 Pallantia
1837 766 1869 792 ab
1884 767 1998 793 Hercule
2018 767 2123 798 vitiata,
2142 771 2169 794 et

456 807 579 834 ProfeEto
593 805 685 833 euadet
704 807 732 833 in
749 807 856 842 aliquod
869 815 993 840 magnum
1007 816 1060 832 ma-
1080 812 1105 839 ι5
1131 806 1217 841 postea
1231 805 1285 830 illic
1300 804 1410 839 sepulta:
1449 802 1489 828 vel
1504 809 1572 828 certe
1586 810 1600 827 a
1614 802 1726 828 Pallante
1742 801 1798 827 cius
1813 801 1870 828 filio
1884 802 1939 828 illic
1953 802 2068 836 sepulto,
2089 809 2117 829 ut
2130 811 2170 830 re-

931 842 935 846 ’
1123 842 1184 879 fert
1198 841 1303 867 Seruius
1316 850 1342 865 m
1360 838 1537 873 Virg.Aen.8‚
1551 845 1584 869 51.

1689 836 1801 863 Arcades
1816 836 1857 863 his
1871 838 1933 868 oris,
1942 846 2021 872 genus
2033 847 2046 864 a
2055 838 2169 865 Pallante

1129 876 1342 911 profectunuetc.
1380 876 1484 901 Dicetur
1499 876 1572 899 elsam
1583 874 1683 899 Nomin.
1699 872 1833 898 Euandrus
1845 872 1906 898 ibid.
1915 878 1938 904 8,
1952 877 1994 905 558
2011 874 2170 908 'rumpatei-

1130 912 1261 939 Euandrus
1276 911 1392 937 dextram
1408 909 1559 944 complexus
1573 908 1660 934 euntis
1696 908 1802 933 Haeret.
1875 908 1991 941 Propert.
2000 918 2027 942 4,
2042 917 2061 939 1,
2075 918 2093 942 4
2123 910 2169 935 At-

1129 957 1180 983 que
1195 947 1242 974 vbi
1254 946 1342 973 nauali
1356 946 1420 972 stant
1434 946 1501 973 sacra
1516 944 1611 980 palatia
1624 942 1730 970 Phoebo
1744 941 1858 968 Euandri
1869 943 1995 977 profugae
2005 944 2170 977 procubuere

1129 984 1218 1010 boues.
1290 982 1369 1008 Ouid.
1384 983 1446 1008 Met.
1456 990 1483 1014 ¹4
1493 1001 1500 1013 ‚
1514 982 1565 1013 456
1596 979 1692 1014 Neque
1709 978 1807 1002 Aeneas
1821 977 1936 1003 Euandri
1950 978 1980 1004 ad
1995 980 2100 1006 moenia
2116 980 2171 1006 fru-

1128 1019 1193 1051 stra,
1216 1024 1262 1045 etc.
1298 1018 1420 1043 Venerat.
1528 1017 1636 1042 Veteres
1650 1016 1756 1040 Penates
1770 1012 1885 1050 Euandri
1905 1013 1965 1038 Stat.
1979 1014 2041 1039 Silu.
2057 1022 2079 1047 3,
2094 1020 2170 1047 4248·

1128 1055 1202 1088 Virg.
1217 1054 1315 1085 Aen.9‚
1330 1061 1345 1085 9
1365 1054 1472 1086 ,Sceptra
1486 1051 1612 1083 Palatini,
1630 1049 1771 1083 sedemque
1784 1052 1879 1080 petiuit
1894 1047 2016 1073 Euandri.
2087 1050 2171 1077 Ouid.

1130 1090 1226 1122 Fast.5‚
1240 1092 1289 1122 643
1307 1088 1413 1115 Arcadis
1428 1086 1541 1114 Euandri
1556 1093 1653 1112 nomen
1666 1084 1716 1111 tibi
1730 1084 1805 1117 saepe
1816 1082 1941 1120 refertur.
2011 1083 2089 1110 Fidus
2107 1085 2170 1111 Stat.

1129 1126 1227 1158 Silua,
1244 1133 1264 1156 1,
1277 1133 1317 1157 93.
1412 1125 1467 1149 Rex
1481 1122 1614 1148 Euandrus
1630 1122 1764 1147 Romanae
1782 1116 1907 1144 conditor
1919 1117 1985 1143 arcis
2018 1119 2091 1152 Virg.
2107 1120 2170 1146 Aen.

1130 1165 1153 1194 Β,
1168 1169 1216 1193 313.
1251 1162 1269 1186 ι’.
1289 1158 1420 1186 Conditor
1434 1159 1592 1189 Pallanteae,
1612 1155 1660 1182 vbi
1673 1164 1741 1181 nunc
1755 1153 1882 1189 palatium
1891 1152 1936 1184 est,
1949 1152 2023 1187 quod
2031 1162 2084 1179 non
2098 1154 2170 1180 estre

1129 1205 1193 1223 vera
1206 1204 1269 1228 arx,
1303 1195 1346 1221 sed
1365 1200 1435 1221 tenet
1453 1202 1542 1220 reruni
1561 1192 1681 1220 omnium
1701 1190 1887 1225 principatum.
1925 1188 2040 1215 Seruius.
2095 1189 2170 1225 Conf.

1130 1231 1220 1259 lustin.
1229 1240 1271 1264 43,
1288 1239 1308 1263 1,
1323 1233 1347 1256 6.
1383 1237 1405 1255 ct
1420 1229 1478 1256 Liu.
1489 1238 1508 1259 1,
1522 1236 1547 1263 7.
1654 1227 1722 1253 Cum
1736 1225 1851 1252 Euandri
1863 1230 1947 1251 matre
1958 1223 2051 1258 loqui,
2071 1223 2103 1257 est
2117 1227 2172 1251 An.

1127 1271 1194 1303 tique
1211 1274 1234 1293 et
1246 1266 1345 1302 obsolcte
1359 1266 1426 1301 loqui
1462 1265 1529 1290 Gell.
1546 1272 1572 1295 1,
1594 1270 1630 1288 10.
1828 1258 1848 1298 Ἴ
1873 1269 1889 1286 2
1925 1261 1999 1287 Alter
2016 1258 2047 1292 ψ
2066 1260 2173 1287 eiusdem

1131 1305 1248 1334 nominis,
1261 1311 1339 1337 quem
1354 1301 1442 1327 ferunt
1457 1300 1613 1326 caelatorem
1633 1306 1661 1324 ac
1676 1296 1773 1331 plasten
1788 1296 1930 1322 statuarum
1950 1295 2139 1322 Atheniensem·
2156 1305 2172 1322 a

1130 1339 1168 1366 M.
1184 1338 1302 1364 Antonio
1316 1336 1498 1363 Alexandriam
1513 1333 1683 1369 perd11&11111,
1709 1340 1733 1359 et
1752 1332 1813 1358 inde
1833 1332 1902 1358 inter
1921 1331 2039 1365 captiuos
2057 1332 2172 1360 Romam

1129 1368 1296 1409 perdu&um,
1308 1372 1388 1399 multa
1397 1380 1476 1406 opera
1490 1369 1623 1396 mirabilia
1637 1369 1730 1394 sectile.
1791 1369 1823 1394 Vt
1845 1367 1925 1403 refert
1943 1368 2031 1393 Acron
2055 1367 2084 1392 in
2103 1365 2171 1393 illud

1131 1411 1200 1437 Hor.
1218 1409 1328 1438 Serm.'1,
1343 1417 1362 1441 1,
1376 1416 1411 1440 90
1443 1406 1566 1433 Mensaue
1580 1404 1696 1431 catillum
1716 1403 1832 1430 Euandri
1849 1402 1970 1430 manibus
1989 1402 2079 1429 tritum
2101 1402 2171 1428 deie-

1129 1446 1174 1472 cit.
1211 1447 1228 1470 1‘.
1255 1445 1358 1470 Calicem
1377 1445 1493 1469 nobiliter
1511 1443 1640 1467 caelatum.
1842 1446 1854 1470 3
1891 1437 2011 1464 Euander
2023 1438 2171 1471 Aulanius,

1130 1480 1252 1514 Sculptor
1266 1479 1386 1514 insignia,
1412 1478 1460 1512 qui
1479 1477 1549 1511 ligno
1568 1476 1684 1505 Dianae,
1708 1474 1780 1509 quod
1809 1474 1942 1500 simothei
1961 1482 2040 1500 manu
2053 1472 2172 1501 effictum

1129 1522 1185 1544 erat
1200 1517 1300 1542 Romae
1313 1516 1342 1541 in
1355 1513 1470 1545 Palatio,
1491 1511 1620 1546 Apollinis
1634 1510 1745 1536 delubro
1755 1530 1763 1542 ,
1782 1515 1857 1544 caput
1872 1509 1988 1544 reposuit
2014 1509 2080 1535 Plin.
2094 1512 2135 1541 36,
2149 1516 2172 1541 5.

1168 1558 1185 1578 E
1196 1556 1215 1577 V
1228 1558 1250 1577 A
1259 1558 1280 1577 N
1291 1558 1309 1577 D
1322 1556 1338 1576 R
1353 1556 1389 1575 iv
1399 1556 1411 1575 s
1421 1571 1429 1583 ,
1448 1557 1462 1574 a
1471 1567 1478 1580 ,
1498 1556 1551 1573 um.
1590 1546 1648 1572 Adi.
1686 1543 1841 1579 [Ev'oe‘vdfm]
1882 1546 1925 1576 Vt,
1944 1545 2032 1578 Regna
2040 1545 2173 1572 Euandria

1131 1586 1210 1620 Sil-7,
1225 1592 1258 1615 18.
1328 1584 1398 1611 Ensis
1427 1585 1500 1617 Virg.
1516 1584 1579 1608 Aen.
1590 1590 1628 1613 10,
1642 1589 1700 1613 394.
1755 1582 1795 1608 Sic
1809 1579 1939 1614 Euandria
1951 1588 2013 1605 cura
2021 1587 2070 1614 pro
2083 1581 2172 1605 Roma-

1128 1631 1161 1648 na
1171 1641 1179 1653 ‚
1199 1621 1265 1656 apud
1277 1620 1398 1647 Prudent.
1414 1619 1442 1645 in
1456 1615 1603 1651 Symmach.
1615 1625 1636 1649 1,
1649 1625 1697 1649 551.
1800 1616 1878 1641 Mons
1898 1613 2044 1640 Euandrius
2076 1613 2172 1640 Claud.

1130 1657 1208 1683 Cons.
1217 1657 1323 1688 Hon.6,
1338 1664 1367 1681 ιι.
1398 1656 1537 1681 Palatinus.

1165 1699 1182 1719 Ε
1190 1699 1212 1718 V
1221 1698 1242 1718 A
1251 1698 1272 1717 N
1282 1698 1298 1717 E
1307 1698 1320 1717 s
1330 1697 1347 1717 C
1359 1697 1378 1717 o
1388 1710 1395 1721 ,
1416 1689 1512 1715 euanui
1520 1707 1528 1720 ‚
1545 1688 1597 1712 ere.
1634 1683 1824 1719 [οἶφκνίξσμαι]
1861 1685 1961 1710 Inonem
1967 1683 2031 1718 fieri
2038 1703 2046 1715 ,
2068 1689 2090 1709 er
2099 1685 2126 1708 in
2134 1685 2174 1709 ni-

1765 1719 1830 1745 Plin.
1841 1727 1874 1752 9,
1888 1727 1911 1751 51
1951 1720 2018 1744 Vere
2038 1718 2155 1752 pectines
2165 1738 2174 1752 ,

1129 1727 1206 1754 hilum
1219 1725 1274 1752 redi
1292 1728 1316 1756 i,
1336 1732 1420 1751 certer
1437 1719 1684 1759 conjpeelufiebduci.

1903 1754 2063 1780 Euanesccre
2083 1763 2111 1780 ac
2129 1754 2175 1781 de.

1130 1761 1254 1791 limaces,
1299 1760 1416 1785 irudines
1428 1758 1522 1785 eodem
1535 1763 1653 1788 tempore
1666 1754 1830 1780 euanescunt.

1130 1795 1212 1820 fluere
1226 1795 1320 1820 dicitur
1339 1794 1406 1820 odor
1426 1803 1459 1819 un
1495 1798 1620 1822 eurora-m,
1644 1789 1662 1815 si
1682 1797 1735 1815 non
1750 1788 1779 1815 fit
1798 1788 1886 1815 addita
1904 1789 1987 1817 reflua
2005 1796 2049 1815 aut
2070 1790 2173 1823 gummi

1381 1828 1456 1861 Quin
1486 1827 1513 1854 il.
1529 1835 1549 1858 1,
1562 1833 1578 1860 7
1612 1825 1711 1851 Verum
1725 1823 1788 1851 haec
1803 1824 1882 1851 etiam
1897 1830 1966 1852 inter
1980 1826 2045 1859 ipsas
2060 1825 2174 1858 ineptiae

1420 1862 1502 1889 Ouid.
1518 1862 1581 1888 Met.
1596 1868 1636 1892 13,
1651 1865 1696 1889 888
1726 1874 1770 1879 —
1796 1859 1889 1886 Rubor
1901 1862 2054 1886 euanescere
2074 1860 2171 1894 coepit.

1128 1899 1166 1925 Ex
1180 1898 1265 1924 oculis
1278 1898 1386 1924 euanuit
1398 1898 1426 1925 in
1439 1905 1544 1925 tenuem
1560 1905 1650 1923 auram
1676 1895 1724 1920 Vir
1743 1914 1749 1920 .
1764 1897 1827 1920 Aen,
1837 1904 1865 1928 4,
1880 1901 1937 1929 278.
2008 1894 2090 1921 Ouid.
2106 1896 2172 1922 Fast.

1129 1942 1155 1965 2,
1173 1942 1220 1966 509
1241 1935 1271 1959 In
1286 1941 1376 1960 tenues
1390 1934 1476 1960 oculis
1489 1932 1598 1960 euanuit
1609 1939 1699 1962 aura&
1717 1904 1746 1955 [ᾗ
1759 1931 1855 1956 Romuli
1862 1930 1953 1967 jjzecze.
2025 1931 2130 1957 Lucret.
2145 1940 2174 1964 2,

1130 1974 1176 2002 827
1216 1970 1250 1995 Vt
1271 1977 1376 1995 cernere
1404 1968 1493 2003 possis,
1519 1967 1676 1993 Euanescere
1696 1965 1848 1999 paullatim,
1873 1966 2022 2000 stinguique
2041 1966 2171 1992 colorem.

1129 2004 1264 2030 Cic.Brut.
1273 2012 1312 2036 323
1326 2013 1346 2029 c.
1355 2012 1390 2036 94
1409 2005 1478 2030 Cum
1493 2004 1544 2030 iam
1557 2010 1638 2037 paene
1650 2001 1792 2027 euanuill'et
1804 2001 1958 2027 Hortensius
1967 2017 1976 2031 ,
1995 2004 2014 2027 i.
2032 2001 2173 2036 uegit-xiste!

1575 2036 1655 2063 Aetio
1673 2037 1740 2062 furti
1759 2037 1890 2062 euanescit
1918 2038 2046 2071 Pompon.
2061 2037 2119 2063 inl.
2144 2036 2173 2063 Si

1130 2074 1276 2101 vendidero
1289 2072 1312 2110 §.
1331 2074 1357 2100 Si
1371 2074 1466 2100 Titius
1485 2075 1516 2100 D.
1531 2072 1563 2099 de
1576 2073 1663 2099 furtis.
1755 2072 1923 2098 Euanuerunt
1955 2078 1981 2098 et
2014 2077 2173 2099 exaruerunt

1130 2119 1219 2137 amnes
1244 2110 1299 2136 Cic.
1309 2110 1439 2136 deDiuin.
1449 2118 1467 2143 1,
1479 2115 1506 2141 38
1521 2118 1542 2134 c.
1551 2117 1588 2139 19.
1660 2107 1767 2133 Cornua
1780 2113 1912 2133 extremae
1926 2107 2001 2134 lunae
2015 2109 2174 2134 euanescunt

1129 2146 1210 2172 Ouid.
1220 2146 1282 2172 Met.
1292 2154 1313 2175 ε,
1330 2152 1380 2179 117.
1451 2145 1489 2171 Id.
1511 2144 1538 2170 in
1552 2144 1613 2180 ibin
1625 2151 1656 2177 41
1689 2144 1776 2176 Qam
1796 2142 1874 2169 dolor
1891 2143 1934 2169 hic
1954 2152 2068 2177 vnquam
2089 2144 2173 2178 spatio

1128 2182 1281 2208 euanescere
1297 2180 1376 2216 poffit.
1432 2182 1488 2207 Alii
1507 2180 1550 2207 hoc
1569 2179 1689 2212 dsstzchon
1719 2182 1845 2204 ominum.
1952 2179 2057 2205 Luc-iet.
2079 2188 2104 2211 3,
2123 2187 2174 2206 222.

1131 2216 1212 2251 Qiod
1225 2225 1304 2251 genus
1317 2216 1353 2242 est
1368 2217 1460 2242 Bacchi
1474 2225 1556 2250 quum
1570 2215 1616 2240 flos
1633 2214 1751 2246 euanuit,
1766 2220 1810 2240 aut
1824 2223 1905 2248 quum
1919 2214 2031 2248 Spiritus
2044 2215 2174 2248 vnguenti

1550 2251 1593 2276 Ius
1607 2249 1725 2284 pignoris
1738 2250 1847 2276 euanuit
1872 2249 1991 2275 Scaeuol.
2004 2249 2033 2276 in
2046 2250 2062 2276 l.
2075 2251 2115 2276 lex
2130 2258 2174 2277 ve-

1130 2288 1221 2322 &igali
1235 2289 1267 2314 D.
1282 2287 1314 2314 de
1326 2287 1430 2321 pignor.
1522 2286 1654 2313 Memoria
1672 2285 1760 2311 omnis
1775 2293 1867 2311 eorum
1883 2285 1971 2311 sensim
1987 2285 2121 2312 obscurata
2137 2286 2174 2312 est

1130 2330 1155 2350 et
1168 2324 1275 2350 euanuit
1317 2322 1372 2349 Cic.
1386 2323 1419 2349 de
1432 2323 1506 2348 Orat.
1518 2333 1525 2347 .·
1535 2342 1542 2352 ‚
1557 2331 1585 2354 95
1599 2330 1620 2348 c.
1636 2329 1670 2353 23.
1762 2320 1855 2347 Nubes
1877 2320 2008 2355 incipiunt
2020 2322 2175 2348 euanescere

1131 2358 1212 2386 Ouid.
1226 2360 1316 2386 Amor.
1331 2367 1351 2391 1,
1366 2368 1392 2390 2,
1407 2365 1461 2393 107.
1535 2358 1590 2384 Cic.
1604 2357 1636 2383 de
1650 2357 1718 2383 Clar.
1734 2356 1808 2384 Orat.
1825 2358 1870 2382 106
1899 2357 1977 2391 Isque
1989 2363 2014 2382 et
2030 2358 2173 2384 Orationes

1682 2392 1778 2426 Pignus
1797 2392 1930 2419 euanescit
1948 2392 2100 2419 conditione
2118 2393 2174 2419 exi-

1131 2431 1212 2458 stente
1241 2430 1365 2457 Martian.
1380 2430 1406 2455 in
1422 2429 1439 2455 l.
1452 2430 1538 2464 Grege
1551 2428 1591 2466 §.1
1613 2429 1643 2455 D.
1657 2427 1689 2455 de
1702 2427 1866 2463 pignoribus.
1939 2429 1994 2454 Cic.
2009 2427 2040 2453 ad
2055 2428 2126 2453 Brut.
2143 2429 2173 2454 16

1131 2467 1197 2494 Non
1205 2465 1285 2493 modo
1299 2466 1398 2500 reliqui
1414 2466 1540 2500 temporis
1555 2465 1669 2498 gloriam
1682 2464 1881 2498 eripuerifflbi,
1901 2463 2029 2490 sedetiam
2045 2463 2172 2496 praeteri-

1131 2508 1158 2529 ta
1181 2502 1333 2528 euanescere
1351 2508 1434 2536 coget.
1505 2502 1603 2527 Prinna
1623 2501 1745 2530 euanuit,
1776 2508 1804 2525 ac
1823 2498 2007 2532 coniquesaem
2025 2498 2060 2523 est
2075 2498 2172 2531 glaciee

1130 2539 1210 2565 Varr.
1224 2537 1255 2564 de
1278 2538 1308 2564 R.
1326 2538 1355 2563 R.
1371 2546 1400 2569 2,
1418 2546 1445 2570 4.
1535 2536 1616 2562 Ouid.
1637 2535 1702 2560 Met.
1715 2537 1747 2566 6,
1767 2541 1804 2567 47
1840 2534 1996 2568 subitusque
2016 2533 2099 2559 inuita
2122 2542 2172 2559 no-

1766 2569 1822 2594 Cic.
1839 2569 1921 2595 Tusc.
1938 2577 1966 2601 3,
1980 2574 2008 2601 85
2042 2569 2099 2594 Hae
2113 2569 2173 2595 sunt

1130 2608 1288 2639 sententiae,
1307 2616 1373 2641 quae
1393 2605 1541 2632 stabilitatis
1555 2603 1657 2637 aliquid
1671 2603 1796 2630 habeant:
1831 2612 1891 2630 nam
1909 2604 2040 2630 Aristonis
2060 2604 2173 2636 Pyrrho-

1130 2645 1188 2677 nis,
1211 2643 1316 2675 Herili,
1334 2641 1577 2673 nonnullorumque
1591 2639 1707 2665 aliorum
1721 2645 1892 2666 euanuerunt.
1964 2639 2002 2665 ld.
2024 2639 2077 2665 Att.
2093 2648 2122 2671 3,
2141 2647 2173 2673 ¹4

1132 2682 1195 2711 (ι3)
1230 2677 1367 2711 Postquam
1381 2676 1516 2702 extenuari
1532 2681 1558 2701 et
1575 2675 1728 2700 euanescere
1749 2675 1818 2708 spem
1836 2674 1950 2701 nostram
1970 2673 2042 2705 vidi,
2068 2675 2174 2701 mutaui

1350 2712 1441 2738 Virtus
1455 2710 1598 2737 herbarum
1614 2710 1723 2736 euanuit
1760 2708 1840 2735 Ouid.
1856 2710 1919 2735 Met.
1934 2718 1979 2743 14,
1999 2712 2053 2742 356.
2127 2710 2172 2736 Ne

1657 2743 1788 2771 Vetustate
1801 2746 1953 2772 euanescere
1961 2745 2061 2779 aliquid
2070 2744 2173 2772 dicitur.

1129 1829 1196 1854 Plin.
1205 1836 1240 1860 13,
1255 1836 1273 1854 1.

1130 2253 1221 2279 suaues
1235 2252 1341 2286 diffugit
1356 2254 1382 2278 in
1396 2260 1478 2278 auras.

1131 2712 1278 2739 confilium.

1131 2785 1187 2811 Cic.
1201 2783 1232 2809 de
1247 2783 1337 2809 Diuin.
1352 2792 1371 2814 1,
1386 2791 1415 2814 39
1435 2791 1456 2808 c.
1472 2790 1500 2814 19
1535 2779 1618 2806 Potest
1631 2785 1718 2806 autem
1733 2780 1773 2806 vis
1787 2780 1834 2806 illa
1847 2786 1947 2813 terrae,
1974 2789 2040 2816 quac
2055 2788 2174 2807 mentem

1130 2819 1237 2852 Pythiae
1252 2818 1347 2844 diuino
1367 2817 1463 2844 adflatu
1483 2815 1648 2849 concitabat,
1673 2817 1803 2842 euanuiffe
1822 2816 1955 2842 vetustate.
2010 2816 2054 2843 Ad
2071 2816 2116 2843 hoc
2136 2825 2174 2842 rc-

1125 2853 1262 2892 spondetur
1275 2854 1313 2879 1.2
1333 2862 1355 2879 c.
1371 2860 1402 2887 57
1433 2853 1472 2878 De
1486 2853 1550 2878 vino
1564 2859 1608 2877 aut
1622 2851 1775 2877 salsamento
1788 2858 1862 2885 putes
1875 2851 1965 2885 loqui,
1993 2860 2059 2886 quae
2079 2860 2174 2878 euane-

1132 2891 1205 2916 scunt
1219 2888 1351 2916 vetustate.
1385 2889 1424 2914 De
1440 2888 1467 2914 vi
1480 2887 1532 2913 loci
1545 2888 1643 2920 agitur,
1672 2895 1758 2921 neque
1776 2887 1860 2914 solum
1879 2887 2008 2920 naturali,
2035 2886 2078 2913 sed
2091 2887 2174 2915 etiam

70 2930 283 2956 EVALIDVS,
303 2932 334 2956 a,
354 2933 407 2950 um.
439 2923 499 2949 Adi.
532 2924 591 2949 Non
602 2922 671 2958 finis
687 2922 795 2950 validus.
831 2922 875 2949 Sil.
890 2931 909 2956 ι,
928 2930 979 2957 549
999 2924 1063 2950 Eua·
1082 2933 1115 2961 75
1133 2926 1241 2958 diuina,
1258 2933 1325 2960 quae
1338 2932 1392 2959 quo
1404 2923 1508 2950 tandem
1522 2922 1604 2948 modo
1616 2923 1733 2948 euanuit.

1168 2968 1185 2988 E
1195 2968 1212 2986 ν
1223 2969 1244 2988 Α
1255 2968 1276 2986 Ν
1285 2967 1300 2987 E
1310 2967 1322 2986 s
1332 2966 1349 2987 c
1360 2966 1376 2986 Ε
1387 2966 1407 2985 Ν
1418 2966 1430 2986 s
1440 2979 1448 2991 ,
1472 2958 1548 2984 eutis.
1569 2957 1663 2984 Partic-
1683 2956 1851 2993 [διαπίπτων]
1877 2958 1926 2991 Vt,
1949 2958 2108 2985 Euanescens
2118 2967 2172 2985 me-

1132 2996 1220 3023 moria
1232 2996 1343 3023 alicuius
1357 2995 1413 3027 rei,
1432 3003 1491 3031 quae
1504 2995 1582 3028 effluit
1595 2994 1652 3020 Sen.
1666 2993 1698 3020 de
1712 2994 1801 3019 Bencf.
1811 3002 1829 3024 1,
1846 3002 1880 3022 12.

1168 3039 1185 3059 Ε
1194 3039 1213 3057 V
1223 3038 1244 3058 Α
1254 3039 1275 3058 N
1287 3029 1324 3057 ‘iD
1333 3038 1352 3057 V
1362 3037 1374 3057 S
1384 3050 1392 3062 ,
1412 3039 1425 3056 a
1433 3050 1441 3061 ‚
1464 3038 1518 3056 um.
1556 3028 1616 3055 Adi.
1653 3029 1799 3063 [ἐξίτηλος]
1837 3030 1928 3060 Inane,
1947 3028 2073 3060 caducum,
2091 3031 2173 3055 etcito

1127 3071 1278 3104 periturum.
1360 3065 1492 3092 Columel.
1507 3064 1539 3091 de
1553 3064 1618 3091 Arb:
1631 3073 1651 3090 c.
1667 3072 1710 3099 17,
1730 3073 1742 3096 3
1776 3064 1846 3091 Nam
1865 3073 1931 3099 quae
1944 3064 1973 3091 in
1987 3063 2172 3098 proceritatem

1939 3100 1995 3127 Vid.
2009 3100 2074 3125 Plin.
2089 3106 2136 3133 37,
2150 3106 2173 3131 5.

1132 3139 1199 3167 Add-
1215 3138 1296 3170 Id.3,·.
1311 3146 1331 3169 5.
1403 3136 1483 3164 Ouid.
1499 3135 1530 3162 de
1543 3136 1618 3162 Rem.
1633 3137 1725 3162 Amor.
1736 3137 1779 3167 653
1815 3136 1844 3160 In
1857 3141 1945 3161 tenues
1960 3135 2085 3161 euanidus
2097 3139 2172 3160 exeat

1132 3183 1217 3201 auras.
1289 3172 1449 3207 Pectoraque
1462 3172 1490 3198 in
1505 3177 1596 3198 tenues
1609 3171 1704 3198 abeunt
1718 3170 1826 3197 euanida
1840 3170 1913 3196 riuos
1944 3169 1982 3197 Id.
1998 3171 2062 3196 Met.
2080 3177 2102 3201 5,
2115 3176 2171 3202 435.

1134 3211 1205 3236 Leue
1217 3215 1243 3235 et
1255 3208 1396 3235 euanidum
1410 3208 1533 3242 gaudium
1564 3208 1619 3234 Scn.
1632 3207 1710 3241 Epist.
1723 3214 1757 3238 35.
1827 3205 1866 3232 Id.
1881 3206 1958 3241 Epist.
1974 3214 2016 3232 122
2040 3203 2172 3239 Langindi

1133 3251 1160 3272 et
1171 3244 1277 3271 euanidi
1290 3244 1394 3276 albent,
1412 3250 1437 3270 et
1451 3245 1480 3270 in
1493 3243 1563 3269 viuis
1577 3252 1638 3269 caro
1652 3242 1792 3269 morticina
1807 3241 1851 3267 est.

1169 3288 1187 3312 E
1204 3287 1224 3306 ν
1240 3285 1295 3307 itu
1313 3287 1322 3306 1
1337 3286 1391 3306 ἰν
1410 3286 1428 3305 R
1444 3285 1465 3305 v
1480 3286 1514 3311 s,
1533 3287 1566 3311 a,
1586 3287 1639 3305 um.
1693 3277 1810 3304 Laetam.
1824 3284 1852 3311 5,
1872 3285 1890 3310 4
1908 3282 1972 3303 extr.

1134 3316 1212 3343 breui
1226 3316 1369 3351 religiones
1382 3315 1464 3341 falsas.

1170 3358 1187 3378 E
1196 3360 1216 3379 V
1227 3359 1248 3380 A
1257 3359 1278 3378 N
1287 3358 1308 3378 G
1317 3358 1334 3378 E
1344 3357 1359 3376 ῐ.
1370 3359 1378 3378 1
1390 3358 1408 3376 V
1416 3358 1439 3377 M
1449 3371 1457 3383 ,
1477 3349 1496 3376 i.
1516 3358 1542 3375 n.
1579 3348 1755 3382 [εὗαγγὲλων]
1792 3347 1880 3373 Latine
1889 3347 1980 3373 Bonum
1991 3347 2102 3371 nuntium
2109 3344 2173 3372 dict*-

1134 3393 1184 3414 tur.
1253 3387 1310 3414 Cic.
1324 3388 1376 3414 Att.
1385 3395 1410 3418 2,
1427 3395 1447 3417 3.
1479 3396 1499 3411 r.
1520 3384 1637 3412 Primum
1653 3390 1680 3410 vt
1694 3384 1791 3418 opinor
1804 3383 1943 3414 ἓυαγγὲλιοι.
1998 3380 2120 3407 Valerius
2128 3380 2172 3407 ab·

1135 3423 1232 3450 solutus
1245 3423 1280 3450 est
1294 3421 1435 3449 Hortensio
1466 3421 1612 3447 efendente.
1665 3417 1744 3452 Potest
1758 3418 1800 3445 hic
1815 3416 1932 3443 commode
1936 3414 2173 3479 ‚gignfjicaredpfiim

1959 3460 1983 3477 lc
1990 3459 2063 3477 ettam
2099 3458 2127 3478 tt.
2138 3459 2172 3484 13,

1258 3496 1330 3521 Itane
1343 3493 1448 3519 nunciat
1464 3492 1575 3524 Brutus,
1594 3491 1669 3517 illurn
1687 3490 1832 3524 (Caesarem
1846 3487 1965 3520 mittere)
1987 3486 2018 3513 ad
2033 3487 2117 3514 bonos
2132 3488 2173 3513 vi-

2016 3275 2171 3302 Euanituras

1156 3504 1172 3521 0
1220 3514 1226 3520 .

1135 3503 1179 3556 iios
1186 3500 1334 3562 ξυναγγέλωη
1371 3529 1418 3554 Sed
1433 3527 1477 3554 vbi
1493 3528 1552 3554 eos?
1576 3527 1670 3561 (bonor
1680 3534 1747 3551 υιιόῑ
1760 3525 1927 3553 inueniuntur,
1941 3521 1976 3547 ad
1986 3531 2044 3558 quos
2047 3523 2173 3558 perscribi

1134 3575 1151 3591 a
1165 3565 1265 3601 CaeJiire
1277 3563 1641 3600 laetumqmddamsperemus)
1665 3560 1710 3586 nisi
1726 3559 1794 3585 forte
1807 3558 1831 3582 se
1846 3556 1975 3591 suspendit
1994 3558 2061 3593 (quo
2075 3558 2173 3593 quidem

1135 3600 1206 3626 bonis
1220 3604 1261 3636 qui
1273 3600 1360 3636 vbique
1372 3600 1434 3635 fiffl‘
1446 3599 1510 3625 nihil
1530 3600 1618 3624 laetius
1631 3597 1744 3621 nimrim-i
1758 3592 1854 3628 posfit)
1891 3594 1931 3618 Ita
1949 3600 2064 3628 putamus
2080 3593 2171 3620 intelli-

1836 3628 1961 3655 Caeterum
1976 3632 2105 3664 proprium
2127 3629 2172 3655 hoc

1128 3670 1203 3707 finsu
1210 3669 1261 3704 sthi
1266 3670 1352 3731 {erere
1357 3670 1496 3706 scriptores
1502 3670 1573 3704 fiio-i
1584 3674 1606 3692 et
1618 3663 1755 3697 Christiani
1765 3662 1860 3690 Alcim.
1873 3672 1885 3695 3
1894 3683 1903 3696 ,
1922 3669 1963 3696 383
1993 3665 2071 3691 Clara
2090 3665 2174 3691 Euan·

1137 3706 1201 3741 gelii
1219 3714 1266 3732 ver
1286 3706 1349 3741 ique
1365 3705 1473 3732 ardente
1490 3705 1603 3730 lucerna.
1657 3702 1766 3726 Primam
1781 3705 1910 3733 perperam
1928 3703 2036 3735 corripit
2053 3700 2173 3726 Tei-tull.

1138 3740 1197 3767 adu.
1211 3741 1339 3768 Marcion.
1348 3749 1373 3772 2,
1387 3748 1421 3775 47
1441 3739 1539 3767 Tradit
1554 3734 1723 3769 Euangeliurn
1736 3734 1838 3761 Paullus
1852 3734 2022 3762 smecrimine
2036 3735 2171 3762 mundum.

1137 3776 1185 3804 Sed
1359 3774 1380 3812 q
1399 3785 1411 3802 2
1448 3772 1588 3807 Euangelia
1611 3772 1648 3806 pl.
1685 3770 1802 3796 dicuntur
1822 3769 1952 3805 Sacrificio
1968 3778 1992 3796 et
2010 3772 2171 3806 Supplifflrio-

371 3807 462 3833 Bacchi
478 3815 576 3836 nomen.
598 3810 659 3843 quod
671 3814 736 3837 inter
747 3812 799 3837 alia
810 3814 832 3836 ei
850 3812 971 3838 tribuitur
990 3811 1127 3839 Ouid.100
1138 3821 1190 3844 nes,
1202 3820 1262 3847 quae
1270 3818 1319 3846 pro
1332 3811 1434 3838 iucundo
1454 3816 1540 3835 nunno
1561 3807 1658 3832 decerni
1676 3806 1865 3841 emt-firmemur,
1888 3807 1927 3832 vel
1947 3809 2019 3832 etiam
2034 3808 2172 3840 praemium

1139 3847 1210 3874 allati
1221 3847 1322 3873 iucundi
1335 3850 1426 3873 nuntii.
1504 3843 1560 3869 Cic.
1575 3843 1626 3869 Att.
1638 3850 1670 3873 2,
1685 3850 1709 3867 12
1750 3841 1774 3867 O
1795 3842 1885 3867 suaues
1904 3841 2024 3876 epistolas
2044 3848 2098 3866 tuas
2118 3848 2172 3866 vno

1139 3888 1257 3917 tempore
1270 3881 1338 3908 mihi
1352 3883 1422 3908 datas
1434 3880 1508 3910 dua5‚
1527 3877 1623 3912 quibus
1637 3877 1768 3910 εὐαγγέλια
1782 3885 1847 3911 quae
1861 3877 1967 3904 reddam
1977 3899 1984 3910 ‚
2004 3876 2106 3906 nescio,
2128 3874 2171 3900 de-

1139 3918 1197 3945 beri
1211 3916 1317 3952 quidem
1332 3917 1406 3950 plane
1420 3917 1513 3941 fateor.
1568 3912 1674 3947 leian.
1689 3915 1716 3938 in
1729 3912 1744 3938 Ι.
1759 3912 1844 3938 Falsus
1859 3910 1882 3948 6.
1908 3913 1961 3945 Qii
1972 3912 2084 3936 alienum
2095 3909 2172 3943 quid,

1139 3955 1178 3980 De
1193 3953 1287 3984 furtis,
1318 3952 1385 3985 Ergo
1400 3951 1416 3976 si
1432 3958 1470 3981 ea,
1485 3957 1550 3983 quac
1563 3947 1654 3974 dicunt
1669 3948 1762 3974 Graeci
1776 3948 1921 3981 euangelia,
1937 3953 2002 3981 petat
2013 3965 2020 3976 ‚
2039 3949 2056 3970 i.
2077 3947 2171 3971 Merce-

1749 3985 1811 4012 Sunt
1824 3985 1868 4018 qui
1885 3984 1931 4010 hoc
1943 3985 1994 4008 loco
2006 3981 2126 4012 Mcnytra
2140 3981 2173 4006 Ie-

1292 4021 1316 4048 G
1330 4030 1347 4056 Β
1359 4031 1375 4056 ἵ
1393 4029 1409 4047 2
2068 4014 2173 4051 gendum
