2479 4225
2415 0 2468 20 ‘u

307 169 372 209 855
687 151 731 190 H
816 148 854 186 A
940 142 969 181 B
1783 137 1825 176 H
1906 136 2062 177 A,B
2366 141 2432 190 856

542 241 611 268 Tae,
625 241 692 267 Arm,
706 248 734 271 4,
747 242 813 269 40‚3
833 229 1002 269 Poffeipsarii
1013 228 1117 255 Liuiam
1136 226 1262 256 statuere,
1282 224 1341 252 Nu·
1359 240 1361 242 ·
1398 232 1427 255 et
1437 228 1468 255 C.
1482 226 1620 255 Antonius.
1672 226 1779 252 Habere
1795 225 1913 252 Comitia
1931 224 2057 253 dicebatur
2071 226 2115 258 Is,
2138 227 2181 260 qui
2195 223 2308 251 Comitiis
2341 227 2433 253 raeerai
2466 234 2467 237 ¹

675 275 726 307 lii)
746 280 778 297 an
793 270 818 294 in
832 265 968 300 penatibus
983 263 1077 291 iisdem
1092 261 1276 289 Tolerandum
1296 260 1340 286 ha·
1400 263 1557 300 designandis
1577 260 1772 298 magistratibus.
1815 262 1870 287 Cic.
1888 261 1919 287 de
1934 261 2025 287 Diuin.
2040 270 2064 291 1,
2100 281 2107 287 .
2145 280 2152 292 ‚
2186 260 2305 287 Comitia
2330 260 2434 289 'ontuli-

309 248 376 274 Ann.
391 254 429 277 14,
442 252 488 276 44.

309 281 422 308 bendum
436 279 491 313 post
503 278 615 304 Drusum
637 277 673 310 (a
901 303 904 306 ,
1022 300 1026 304 .
1567 300 1570 303 .
1676 298 1681 302 .
2142 292 2147 293 ⁷
2161 296 2165 300 .
2311 296 2315 300 .

309 317 391 343 beret.
447 315 504 340 Cum
516 315 663 347 Pariicipiis
678 310 754 335 emim
766 303 832 329 modo
842 308 955 335 ponitur.
990 300 1056 326 le.
1070 301 1128 325 Pan.
1144 306 1178 329 15,
1191 305 1203 329 5
1224 297 1281 322 Nec
1298 295 1341 322 ha·
1401 298 1450 325 bus
1464 299 1585 334 rogandis
1602 298 1703 324 habuit.
1798 297 1871 322 Idem
1887 296 1999 323 Tuscul.
2015 304 2037 329 5,
2052 298 2086 322 66
2112 298 2180 330 Qus
2195 297 2230 323 est
2245 304 2372 326 omnium,
2388 295 2433 330 (111

308 351 370 378 bem
389 349 582 376 adnumeranda
602 347 652 374 tibi
671 351 718 377 pro
736 342 799 372 Rep.
818 337 943 367 vulnera,
959 335 1055 370 quibus
1073 335 1157 360 statim
1178 332 1298 358 laudatur
1316 337 1341 357 et
1402 335 1483 361 modo
1498 344 1557 361 curn
1573 333 1666 365 Mutis,
1686 332 1712 358 id
1727 332 1763 358 cst
1782 341 1842 358 cuni
1858 331 2020 358 humanitate
2038 337 2063 357 et
2077 341 2135 358 cum
2148 331 2268 358 doeh-‘ma
2286 330 2378 357 habeat
2390 331 2432 358 ali.

308 386 379 413 testis
393 384 535 419 contigisti·
634 382 736 406 Luci-et.
752 374 844 405 1,1068
870 371 992 405 Amplexi
1013 370 1084 405 quod
1106 367 1341 407 habentvperuerse
1361 373 1375 401 ς
1403 370 1474 403 quod
1488 370 1684 397 Commercium
1696 387 1702 397 ‚
1721 368 1768 401 qui
1784 369 1809 393 se
1827 376 1881 393 non
1895 368 1963 394 hunc
1984 366 2196 394 mathematicum
2211 367 2300 400 malit,
2320 374 2396 401 quam
2407 365 2436 395 51·

309 422 395 456 prima
408 421 461 447 viai
498 423 516 446 ί.
536 418 640 452 amplexi·
648 413 718 449 siim,
788 408 860 434 Idem
873 409 899 439 6,
913 413 961 439 899
981 406 1084 432 Semina
1097 404 1193 443 habent
1208 410 1275 436 ignis
1290 407 1342 428 tae·
1402 404 1457 430 lum
1471 406 1628 438 tyrannum?
1663 404 1730 430 Adii.
1744 403 1815 429 Idem
1829 403 1860 429 de
1876 403 1975 430 Sene&
1995 413 2017 429 c.
2033 411 2066 428 12.
2137 402 2197 428 Liu.
2210 406 2237 435 6,
2274 422 2280 428 .
2318 421 2325 428 .
2361 399 2435 428 Com'n

309 457 357 483 dae
375 441 531 491 stuppagque
551 456 673 479 tenentes.
742 445 809 470 Cato
824 444 854 469 R.
870 443 900 468 R.
920 452 941 469 c.
956 451 998 475 143
1022 441 1116 467 Villica
1129 439 1220 465 villam
1233 446 1342 463 90111191·-
1402 446 1504 474 pertum
1519 441 1630 467 habebat
1644 439 1748 466 facilem
1766 438 1875 474 pedibus
1894 439 1926 465 ad
1938 447 2043 465 murum
2062 437 2197 464 transitum
2216 438 2283 465 dari.
2388 437 2425 462 1²¹⁴

309 493 362 518 sam
376 491 551 523 mundamque
564 486 663 512 habeat.
730 478 934 506 Commendatos
946 478 998 504 tibi
1013 477 1078 503 habe
1092 482 1202 501 matrem
1217 482 1342 513 meosque
1404 477 1563 511 Comperto,
1585 476 1664 506 idem,
1683 474 1747 510 quod
1760 475 1854 500 Habere
1872 481 2020 510 compertum
2042 473 2100 499 Liu.
2115 480 2166 507 27,
2202 493 2209 500 .
2248 493 2255 499 .
2326 472 2392 498 Com
2441 492 2447 504 Ι

309 528 365 555 Cic.
378 529 449 555 Fam.
466 534 502 556 iz,
517 525 551 549 16.
621 517 761 549 Alligatam
780 519 885 549 Oportet
908 513 1004 540 habere
1025 511 1148 547 Pydeeffl
1169 508 1289 536 Sel'lbon·
1303 515 1342 537 80·
1404 510 1479 537 fitum
1493 512 1590 539 habere
1606 511 1725 537 Scribon.
1739 518 1782 544 70.
1796 515 1835 542 98.
1848 518 1910 543 204.
1922 518 1975 542 214.
2030 508 2181 542 Composita
2194 508 2292 535 habere
2310 512 2347 538 38.
2383 506 2413 533 C'
2439 518 2451 538 η

308 563 413 590 Habere
425 561 571 594 cognitum,
596 552 695 585 NomJfi
713 552 766 578 Cic.
780 550 808 576 in
820 551 891 576 Brut.
906 557 963 583 147.
1034 547 1177 578 Tacitum,
1203 548 1220 570 i.
1240 548 1343 570 reticere
1360 554 1389 572 10
1406 547 1483 573 Acad.
1496 556 1524 580 4,
1538 557 1565 574 21
1586 548 1776 580 Qiarncunque
1791 553 1855 572 vero
1870 545 2021 571 sententiam
2036 544 2204 579 probauerit,
2222 553 2278 570 eam
2300 542 2332 568 fic
2350 542 2419 569 anim‘
2448 548 2450 555 ’

310 599 382 626 Idem
396 599 464 624 fam.
478 602 510 624 15,
527 598 564 624 17·
619 589 701 615 Plasst·
716 588 794 613 Poen-
808 595 835 618 4,
856 593 878 617 ²,
900 587 940 614 68.
1010 584 1106 618 Neqssc
1125 590 1154 607 0³
1172 589 1213 606 ses
1234 588 1277 605 ¹¹¹0
1296 578 1343 605 fal·
1405 582 1626 616 comprehensam
1644 581 1765 612 habebit,
1786 586 1814 607 vt
1826 589 1872 612 ea,
1887 589 1953 614 quae
1967 580 2088 606 sensibus.
2195 579 2268 606 Idem
2282 577 2360 604 Acad.
2372 586 2401 610 4,
2410 576 2451 641 ἐξ,

311 635 367 660 suin
383 631 487 659 habuit,
507 629 525 652 i.
535 624 635 661 fefellit
655 622 753 650 Sallust.
768 620 887 655 Iugurth.
903 629 940 646 io.
980 619 1048 645 Adii.
1069 628 1094 644 n.
1109 627 1136 644 ιο
1161 617 1344 650 Coinpertum-
1405 618 1460 644 Cur
1473 618 1517 644 has
1529 618 1611 652 igitur
1625 617 1674 643 sibi
1686 622 1737 642 tam
1751 625 1842 651 graues
1856 617 1925 650 leges
1938 616 2103 650 imposuerit,
2123 622 2204 649 quum
2219 613 2414 649 quamobremi
2440 629 2442 632 ›

311 664 542 701 comprehensum·
569 659 757 687 Constitutum.
784 658 904 683 curatos.
930 655 1106 688 Despicatum,
1126 659 1171 678 etc.
1276 648 1296 687 Ἴ
1314 659 1343 676 10
1405 660 1556 687 oporteret,
1575 653 1644 679 nihil
1657 652 1765 679 haberet
1780 651 1984 686 Comprehenss,
2004 651 2135 685 percepti,
2155 650 2273 686 cogniti,
2291 646 2440 681 constitutis}

312 706 435 731 Nomina,
453 702 558 732 itemque
571 695 696 723 Aduerbio
711 704 718 718 .·
747 692 878 718 Acceli'um
893 690 990 716 habere
1002 689 1034 716 ad
1048 690 1162 728 aliquem
1178 686 1344 720 Columel.7‚
1405 689 1556 715 Concilium
1569 689 1649 715 Plaut.
1662 688 1744 714 Milit.
1758 696 1780 720 3,
1795 697 1814 721 i,
1828 696 1848 719 3.
1942 687 2002 713 Liu.
2017 695 2059 719 29,
2072 694 2084 718 5
2099 692 2142 720 pr.
2166 686 2292 720 Exemplo
2305 682 2432 710 Galloru
2444 690 2456 714 ,κ’

311 747 364 769 124-
427 734 483 760 Cic.
498 734 570 759 Fam.
584 740 602 763 1,
618 740 636 763 4
669 730 707 755 Eo
722 727 765 754 die
780 726 911 754 Acerbum
928 724 1069 751 habuimus
1083 726 1244 754 Curionem,
1275 724 1292 747 i·
1306 731 1344 747 re·
1362 732 1388 759 ις
1404 729 1430 750 et
1449 725 1579 759 Ligurum
1600 723 1752 750 Concilium
1771 723 1872 749 habuit.
1967 722 2149 753 Contionem,
2168 723 2220 755 est,
2241 728 2271 748 vt
2290 727 2327 745 im
2343 719 2438 746 Gelli·

301 771 423 808 Jistentmn
434 769 516 799 nobis,
532 767 585 802 stiae
599 765 775 800 asluerfiintcm.
847 762 989 801 Aelioncm
1005 760 1102 787 habere
1120 769 1179 785 cum
1196 758 1303 796 aliquo,
1325 759 1344 783 ι’.
1406 768 1441 792 13,
1456 769 1486 795 ¹4
1508 760 1596 787 Verba
1609 760 1695 785 facere
1709 758 1741 784 ad
1754 759 1882 792 populum
1896 756 1948 783 fine
1963 758 2017 784 vlla
2029 757 2176 791 rogatione,
2247 757 2304 783 Cic,
2318 755 2370 781 Ast,
2384 763 2411 788 4,
2422 747 2447 782 g

308 806 422 841 aduersus
444 806 548 840 aliquem
572 802 689 828 African.
709 800 737 825 in
758 798 774 824 l.
789 798 854 823 Rem
870 796 937 822 mihi
956 797 987 822 D.
1003 795 1162 822 commodat.
1234 793 1345 832 Aditum
1406 796 1470 828 Q10
1490 796 1515 822 S,
1535 796 1565 822 C,
1596 795 1723 825 recitato,
1745 795 1873 820 continuo
1893 793 2006 828 populus
2022 801 2098 818 more
2117 792 2168 818 hoc
2188 792 2302 823 insulso,
2328 796 2354 816 et
2370 798 2426 827 ηοιι

307 842 404 869 habere
417 840 511 866 dicitur
526 839 597 864 locus
610 837 682 863 Caes.
698 834 762 861 Bell.
776 834 808 859 G.
822 842 842 864 32
855 841 888 858 12·
903 867 908 871 ²
940 831 1013 871 Idem
1026 832 1054 857 B.
1069 833 1099 858 C.
1116 839 1131 870 7.
1152 832 1211 856 ini!-
1237 827 1346 855 Maffilla
1406 831 1513 865 plausu,
1532 840 1565 857 eo
1578 831 1685 856 nomine
1700 830 1728 856 in
1742 829 1875 856 recitando
1896 829 2017 859 dedisset,
2038 828 2120 854 habui
2133 829 2306 855 Concionem.
2378 820 2453 858 Ptiii..

306 877 378 903 enim
392 877 447 903 fere
463 884 493 901 ex
506 874 591 900 tribus
607 871 700 906 oppidi
713 869 830 905 partibus
843 875 910 894 inari
923 867 1033 893 alluitur
1047 878 1053 893 :
1078 866 1180 900 reliqua
1194 871 1285 899 quarta
1296 863 1344 903 est,
1406 874 1447 898 34,
1464 875 1494 899 ¹4
1515 866 1554 893 De
1569 872 1688 901 magnete
1701 864 1788 898 lapide
1802 866 1848 891 suo
1861 865 1922 890 loco
1936 864 2061 895 dicemus,
2079 864 2280 898 concordiaque
2293 870 2371 896 quam
2385 860 2454 891 cufi„

306 921 373 947 quae
387 911 495 938 Aditum
510 909 589 935 habet
602 918 616 934 a
628 914 707 934 terra.
779 905 836 930 Cic.
851 904 923 929 Fam.
936 911 970 934 132
984 905 1019 928 60
1043 902 1091 942 Sed
1113 909 1140 928 vt
1159 909 1237 935 quam
1251 898 1346 925 111611Ῑί-
1362 909 1397 927 20
1406 902 1478 927 ferro
1493 901 1579 928 habet.
1650 901 1808 936 Congiaria,
1829 900 1884 926 vid.
1897 902 1921 926 h.
1936 910 1960 926 υ.
1980 910 2009 926 ex
2022 900 2082 925 Liu.
2092 907 2131 934 37,
2142 907 2182 935 57.
2251 890 2453 929 Conscientiarlff

306 957 364 974 mos
377 947 409 974 ad
423 953 448 973 te
461 946 555 972 Aditus
568 943 685 970 haberet.
730 940 803 967 Idem
818 940 871 965 Ait.
884 948 913 972 4,
928 943 949 968 8.
1003 937 1161 963 Adiutorem
1181 937 1247 963 Hor.
1261 936 1344 974 Serm·
1406 936 1566 963 conditionis
1582 938 1641 963 suae
1653 937 1790 963 Traianus
1803 935 1835 961 ad
1849 936 1965 962 Plinium
1978 936 2056 970 Epist.
2072 943 2134 969 247.
2211 934 2272 961 Liu.
2287 939 2322 965 38,
2339 941 2375 965 24
2401 930 2453 967 ΝΕ

306 993 327 1016 ι,
341 992 365 1016 9,
382 985 426 1015 46.
496 981 561 1007 Plin.
575 989 614 1012 io,
628 987 652 1011 32
676 976 744 1004 Nidi
764 975 915 1002 halcionum
928 973 1139 999 Admirationem
1155 972 1266 1003 habent,
1281 973 1345 1006 Junt
1406 981 1485 1006 quem
1499 973 1640 999 Conscium
1653 974 1759 999 sitorum
1773 971 1897 1003 haberet,
1915 978 1961 997 etc.
1987 975 2004 997 i.
2021 981 2050 997 ne
2064 974 2117 1006 suis
2124 970 2311 1006 suorumsciret
2325 975 2348 994 et
2360 967 2451 1004 cognik,

304 1019 469 1047 admiratione
482 1017 561 1052 digni.
632 1013 798 1047 Aequitatem
817 1011 877 1045 le.
891 1010 919 1036 in
932 1009 950 1035 l.
965 1007 1032 1048 Illud
1049 1009 1079 1034 D.
1097 1008 1129 1034 de
1142 1006 1344 1046 t1·ibiit.a§tion-
1399 1008 1491 1043 sceret.
1583 1009 1746 1040 Consilium,
1771 1010 1789 1033 i.
1801 1008 1940 1042 consultare
1952 1007 2023 1033 Caes.
2037 1007 2101 1032 Bell.
2117 1008 2148 1032 G.
2163 1016 2191 1039 4,
2205 1014 2242 1038 ¹4·
2295 1004 2351 1030 Cic.
2366 1000 2444 1039 Attide·

305 1054 406 1081 Sallust.
420 1054 449 1079 in
461 1053 565 1084 Catil.4
583 1050 669 1084 Igitur
682 1048 728 1074 vbi
740 1048 842 1073 animus
857 1054 887 1072 ex
901 1045 990 1071 multis
1003 1044 1117 1070 miseriis
1128 1050 1206 1078 atque
1220 1041 1346 1077 periculis
1409 1051 1452 1076 12,
1489 1062 1496 1069 ,
1532 1063 1539 1070 ,
1574 1045 1631 1078 lpse
1652 1045 1764 1070 Romam
1782 1043 1919 1074 venirem,
1936 1049 1965 1068 vt
1984 1051 2035 1068 vna
2054 1043 2175 1074 cfl'emus,
2193 1041 2211 1067 fi
2227 1040 2286 1067 satis
2299 1032 2443 1074 confina-1⁴*

306 1089 441 1124 requieuit
456 1099 461 1114 :
485 1094 510 1114 et
528 1086 597 1112 mihi
616 1085 746 1118 reliquam
760 1085 880 1108 Aetatem
895 1090 908 1107 a
923 1080 1068 1119 Republica
1086 1079 1178 1113 procul
1198 1077 1345 1118 habendam
1361 1085 1393 1111 25
1407 1077 1518 1113 quadam
1531 1078 1564 1105 de
1578 1089 1607 1106 rc
1623 1079 1756 1105 haberem.
1849 1079 1880 1104 In
1892 1077 2009 1104 Confilio
2024 1077 2150 1111 aliquem,
2165 1084 2213 1113 pro
2227 1076 2356 1109 Consilium
2370 1073 2401 1101 ab
2418 1070 2453 1112 ἢ(

306 1125 439 1156 decreuit,
457 1133 511 1150 non
523 1123 574 1149 fuit
586 1120 723 1147 consilium
737 1117 856 1144 socordia
871 1124 950 1150 atque
962 1115 1059 1141 desidia
1072 1114 1172 1141 bonum
1185 1121 1272 1140 otium
1286 1121 1347 1152 con·
1404 1121 1485 1176 pletcre
1503 1114 1568 1141 Plin.
1582 1115 1660 1150 Epist.
1677 1124 1685 1140 i
1696 1135 1704 1146 ‚
1722 1124 1765 1141 20.
1834 1113 1967 1140 Columel.
1983 1122 2007 1145 1,
2025 1115 2041 1139 6
2067 1113 2168 1139 Villico
2186 1113 2259 1139 iuxta
2278 1111 2383 1137 ianuam
2401 1108 2427 1136 fi*
2442 1125 2446 1129 ·

307 1168 410 1192 terere,
435 1160 459 1186 h.
476 1169 495 1185 e.
515 1166 594 1194 agere.
660 1156 745 1182 Aliter
760 1154 815 1180 Cic.
831 1161 878 1186 pro
894 1152 969 1177 Rosc.
984 1152 1072 1179 Amer.
1088 1159 1136 1184 149
1162 1151 1225 1176 Fori
1241 1148 1346 1175 iudicu-
1427 1149 1554 1183 abitatio,
1572 1157 1601 1177 vt
1619 1151 1794 1182 intrantium,
1819 1150 2025 1183 exeuntiumque
2043 1148 2218 1183 Conspectum
2238 1146 2346 1176 habeat,
2375 1147 2394 1171 i.
2414 1113 2449 1208 Ξ

306 1206 358 1231 que
377 1196 508 1223 rationem
522 1191 642 1223 Messala,
658 1196 686 1217 vt
707 1188 802 1216 videtis
822 1187 938 1219 Iudices,
959 1186 1090 1220 suscepit:
1117 1186 1164 1221 qui
1183 1185 1200 1211 fi
1218 1186 1268 1210 iam
1284 1183 1345 1209 satis
1406 1189 1532 1212 intrantes
1553 1192 1576 1212 et
1593 1193 1706 1213 exeuntes
1725 1186 1817 1212 videat.
1913 1186 1969 1212 Cic.
1986 1185 2058 1210 Fam.
2077 1189 2106 1217 8,
2127 1192 2140 1217 5
2164 1182 2284 1210 Tametsi
2305 1181 2354 1212 hac
2372 1180 2404 1206 de
2446 1180 2455 1192 '¹

305 1232 405 1258 Aetatis
417 1237 494 1264 atque
508 1228 615 1255 roboris
635 1226 760 1257 haberet,
778 1224 831 1258 ipse
853 1232 902 1258 pro
914 1223 982 1248 Sext.
997 1222 1093 1248 Roscio
1107 1221 1214 1247 diceret.
1270 1220 1345 1245 Aeta·
1408 1227 1474 1255 puto
1490 1227 1515 1247 te
1529 1221 1724 1253 Constitutum,
1744 1220 1809 1255 quid
1826 1220 1943 1248 faciurus
1965 1222 2040 1251 effes,
2064 1220 2170 1246 habere.
2240 1210 2445 1245 Contentionen‘t

306 1275 360 1294 tem
375 1267 445 1292 suain
464 1265 530 1292 bene
544 1263 641 1289 habere
659 1261 740 1287 Plaut.
756 1261 838 1286 Merc.
854 1268 875 1291 3,
889 1267 915 1292 2,
929 1260 954 1284 6.
982 1261 1000 1284 i.
1013 1259 1078 1284 laute
1092 1261 1189 1288 viuere,
1207 1255 1264 1281 dum
1278 1258 1304 1280 in
1318 1263 1344 1280 ea
1356 1265 1389 1290 30
1406 1266 1466 1283 cum
1479 1257 1571 1291 aliquo
1587 1258 1656 1292 Nep,
1672 1266 1710 1292 17,
1725 1266 1745 1289 ι,
1758 1265 1782 1282 2,
1855 1257 1927 1283 C3es,
1942 1256 2006 1282 Bell,
2020 1256 2052 1282 G,
2066 1258 2092 1288 6,
2108 1264 2135 1282 12
2155 1256 2212 1281 Huc
2227 1262 2318 1280 omnes
2331 1250 2445 1286 vndiqfig

304 1300 339 1335 2st
354 1308 442 1327 aetate,
513 1301 613 1332 Agrum
636 1296 774 1323 colendum
795 1294 827 1321 de
849 1300 922 1329 patre
939 1302 1001 1320 meo
1024 1293 1093 1319 Ter.
1109 1293 1213 1318 Phorm.
1227 1299 1251 1323 2,
1264 1299 1289 1330 23
1305 1298 1343 1324 ¹7.
1406 1293 1453 1327 qui
1474 1293 1672 1320 Controuerlias
1692 1293 1788 1319 habent
1801 1311 1810 1324 ,
1829 1293 2008 1322 conueniunt,
2030 1300 2177 1326 eorumque
2198 1289 2306 1317 iudiciis
2326 1286 2455 1315 decretis-⁴

305 1337 499 1364 Alienationem
517 1334 627 1360 alicuius
647 1332 704 1364 rei,
735 1335 754 1358 i.
767 1331 918 1366 facultatem
937 1328 1082 1355 alienandae
1099 1331 1136 1354 rei
1155 1327 1259 1353 Paullus
1277 1335 1305 1352 in
1327 1326 1345 1351 1.
1406 1337 1457 1362 que
1471 1334 1570 1362 parent.
1674 1329 1745 1354 Idem
1759 1328 1823 1354 Bell.
1839 1329 1871 1354 G.
1886 1336 1909 1361 5,
1922 1336 1954 1362 43
1975 1328 1999 1354 Ii
2013 1334 2151 1362 perpetuas
2165 1323 2365 1353 Controuerfias
2378 1321 2446 1350 intei-

303 1373 331 1400 Si
345 1373 429 1398 socius
449 1372 480 1397 D.
495 1371 522 1396 Si
539 1376 600 1396 cert.
614 1374 691 1403 petat.
747 1366 865 1393 Amicam
878 1371 905 1391 tu
919 1364 1015 1391 habes?
1035 1365 1116 1390 Plaut.
1131 1362 1223 1402 Bacch.
1238 1370 1256 1392 ι»
1266 1370 1290 1392 2,
1302 1369 1344 1396 37-
1405 1365 1430 1390 se
1444 1363 1588 1395 habebant,
1606 1370 1664 1390 vter
1678 1364 1753 1390 alteri
1767 1364 1942 1390 anteferretur
1954 1374 1960 1389 :
1985 1363 2162 1397 omnibusque
2175 1363 2249 1388 annis
2262 1360 2294 1387 de
2306 1360 2366 1386 loco
2379 1360 2447 1385 sum-

304 1409 346 1435 Sic
359 1408 426 1434 Ter.
442 1406 523 1432 Andr.
539 1414 558 1436 1,
574 1414 592 1436 1,
607 1410 634 1437 58
664 1402 732 1437 Qiis
753 1402 813 1428 heri
830 1401 925 1428 habuit
939 1399 1110 1431 Chrysidem?
1179 1398 1276 1431 virgil.
1291 1396 1344 1423 Ecl.
1404 1400 1454 1425 inis
1475 1399 1649 1425 simultatibus
1667 1399 1867 1425 contendebant.
1975 1399 2031 1424 Cic.
2051 1398 2084 1425 ad
2101 1399 2173 1425 Brut.
2191 1401 2207 1424 6
2235 1398 2342 1424 Flauius
2359 1388 2446 1426 noste}

303 1452 327 1476 3,
340 1451 385 1478 ¹07
408 1443 438 1469 Et
453 1441 571 1474 Phyllida
590 1440 658 1466 solus
678 1438 782 1464 habeto.
836 1437 877 1464 Sic
889 1434 1037 1470 Aristippus
1055 1434 1136 1461 Laida
1148 1434 1173 1460 se
1188 1433 1286 1473 hahere
1306 1432 1344 1458 di·
1360 1441 1388 1469 35
1405 1434 1436 1460 de
1451 1435 1653 1466 Controuersia,
1673 1443 1751 1468 quam
1767 1434 1845 1460 babet
1864 1442 1923 1459 cum
1937 1433 2127 1464 Dyrrhachinis
2146 1432 2344 1463 hereditariam,
2359 1425 2445 1457 sumsit
2463 1411 2470 1458 1

305 1479 395 1511 cebat,
411 1487 464 1504 non
478 1477 571 1503 haberi
583 1485 598 1501 a
611 1474 692 1502 Laide
708 1474 764 1499 Cic.
777 1474 848 1498 Fam.
862 1481 888 1506 9,
901 1474 944 1497 26.
981 1470 1097 1497 Laetam.
1110 1479 1133 1502 3,
1150 1477 1182 1501 ις.
1223 1468 1343 1495 isid-Me-
1404 1477 1429 1497 te
1449 1470 1573 1496 iudicem.
1644 1469 1718 1495 idem
1731 1470 1801 1494 Fam.
1817 1477 1851 1501 13,
1865 1471 1898 1500 69
1928 1469 1991 1494 Peto
2008 1471 2091 1502 igitur
2109 1478 2124 1494 a
2142 1475 2185 1500 te,
2201 1476 2230 1494 vt
2248 1469 2277 1494 in
2292 1476 2322 1493 ea
2333 1468 2444 1493 Contro—
2464 1458 2468 1478 ⁸

303 1524 361 1550 nug.
376 1513 410 1540 ad
422 1515 507 1539 Lai'rt.
520 1523 542 1542 2,
557 1522 594 1546 75.
663 1510 785 1536 Amicum
803 1508 860 1534 Cic.
882 1507 913 1533 de
928 1507 1036 1532 Amicit.
1050 1508 1089 1538 36.
1141 1505 1214 1531 Idem
1230 1504 1309 1530 Λαίς.
1324 1513 1344 1536 1,
1403 1505 1487 1532 verfia
1501 1514 1580 1540 quain
1595 1504 1674 1530 habet
1688 1504 1719 1530 de
1735 1503 1818 1530 fundo
1837 1512 1896 1529 cum
1912 1503 2026 1537 quodam
2042 1503 2229 1538 Colophonio,
2248 1509 2273 1529 et
2293 1503 2320 1529 in
2337 1500 2442 1528 caeteris
2464 1516 2469 1522 .

304 1558 330 1582 ῖς
348 1549 403 1582 Qu
417 1549 525 1574 miseros
540 1542 701 1582 publicanos,
711 1554 776 1579 quos
792 1543 884 1570 habuit
896 1542 1087 1568 Ainantilliinos
1100 1541 1149 1573 sui,
1169 1540 1277 1566 tertium
1291 1540 1345 1565 iam
1404 1541 1482 1568 rebus
1492 1561 1500 1572 ,
1519 1548 1564 1566 etc.
1636 1540 1819 1571 Conuiuium,
1837 1546 1886 1574 pro
1904 1540 1990 1565 Facere
2011 1540 2077 1566 Plin.
2091 1547 2123 1574 7,
2144 1548 2180 1572 53.
2239 1539 2257 1565 Ρ
2269 1543 2340 1564 antus
2359 1535 2441 1563 Casin-

304 1586 418 1611 mensem
430 1589 515 1610 vexat.
586 1583 710 1608 Amorem
723 1581 844 1606 omnium
861 1579 951 1612 Nepos
964 1587 1006 1609 20,
1020 1586 1042 1609 3,
1059 1586 1085 1610 4.
1155 1577 1237 1602 Plaut.
1252 1574 1344 1601 Bacch.
1406 1586 1435 1609 4,
1449 1585 1474 1608 2,
1492 1581 1505 1606 8
1532 1577 1595 1602 Cras
1614 1574 1734 1602 habuero
1754 1583 1822 1601 vxor
1841 1583 1891 1609 ego
1909 1580 1997 1602 tamen
2016 1576 2191 1601 Conuiuium.
2282 1581 2363 1599 ornua
2380 1572 2440 1598 Pro·
2462 1574 2463 1597 1

305 1629 324 1650 1,
339 1629 358 1652 1,
372 1628 394 1645 11
412 1620 455 1646 Ne
470 1619 534 1644 hanc
549 1617 594 1643 ille
610 1617 702 1642 habeat
716 1624 763 1649 pro
779 1615 879 1640 Ancilla
893 1614 948 1640 libi.
1019 1614 1130 1639 Animus
1143 1613 1196 1646 agit
1211 1618 1289 1646 atque
1302 1610 1388 1645 ha-40
1407 1612 1507 1646 pertius
1522 1621 1544 1643 2,
1554 1620 1599 1643 24,
1613 1619 1637 1643 9.
1665 1611 1695 1636 ile
1708 1612 1745 1643 Io,
1765 1620 1835 1646 quam
1852 1614 1912 1636 iuno
1925 1614 1953 1636 in
1967 1620 2067 1637 vaccam
2080 1613 2194 1637 mutauit.
2261 1609 2339 1635 Plaut.
2352 1606 2442 1634 Sticho

306 1656 351 1682 bet
364 1654 470 1685 cundia,
487 1662 573 1687 neque
586 1653 639 1685 ipse
654 1651 765 1677 habetur
778 1650 879 1676 Sallust.
894 1648 1013 1683 Iugur-th.
1027 1658 1052 1680 2,
1066 1657 1087 1680 3.
1143 1648 1198 1674 Cic.
1213 1647 1244 1674 de
1259 1646 1345 1673 Amic.
1406 1657 1426 1680 3,
1441 1656 1460 1679 i,
1474 1655 1504 1679 32
1528 1648 1616 1673 Meam
1630 1647 1741 1680 Culpam
1755 1646 1862 1678 habeto,
1883 1646 1930 1672 nisi
1942 1648 2148 1679 excrucianero,
2171 1646 2196 1672 h.
2209 1655 2226 1672 e.
2241 1645 2301 1672 mihi·
2315 1641 2445 1676 impunito,

306 1696 337 1720 28
362 1689 402 1716 Ab
420 1689 502 1715 altero
523 1694 629 1722 propter
643 1686 802 1720 probitatem
819 1685 888 1714 eius,
909 1694 963 1710 non
976 1685 1056 1710 nimis
1071 1684 1172 1710 alienos
1185 1684 1287 1709 animos
1301 1681 1345 1707 ha·
1406 1683 1477 1709 dicas
1496 1691 1547 1708 mea
1564 1684 1637 1717 culpa
1656 1681 1698 1715 cſj&
1711 1680 1830 1718 fabium,
1849 1681 1910 1713 nili,
1927 1688 1973 1708 etc.
2059 1683 2119 1708 Liu.
2136 1690 2186 1715 45,
2204 1685 2233 1710 28
2255 1686 2318 1705 extr.
2349 1675 2445 1705 Filiam

305 1726 405 1752 bernus.
476 1725 601 1750 Animum
615 1722 714 1747 bonum
736 1721 814 1746 l’laut.
829 1719 918 1744 Aulul.
934 1727 956 1750 2,
970 1727 991 1748 2,
1006 1727 1039 1750 ις.
1092 1720 1153 1744 Liu.
1166 1721 1198 1749 6,
1217 1727 1250 1751 34
1275 1719 1344 1744 Con-
1407 1728 1466 1744 cum
1486 1719 1590 1744 minore
1609 1717 1682 1748 filio,
1700 1726 1715 1743 a
1734 1717 1902 1744 Samothrace
1922 1717 2017 1744 accitos
2030 1717 2228 1752 Amphipolim,
2250 1713 2323 1740 omni
2343 1709 2446 1737 liberali

305 1760 389 1786 solans
409 1759 471 1785 inde
491 1760 573 1784 filiam
587 1757 744 1788 Ambustus,
762 1756 861 1781 honuni
875 1754 999 1779 Animum
1019 1753 1116 1778 habere
1136 1752 1211 1778 iuffit.
1282 1752 1345 1777 Ani-
1407 1753 1487 1779 Cultu
1503 1753 1613 1783 habuit,
1639 1756 1657 1778 i.
1676 1752 1809 1779 inflarat,
1881 1753 1988 1779 Tecum
2006 1753 2102 1780 habeto
2121 1754 2177 1780 Cic,
2190 1753 2261 1778 Fam,
2274 1759 2301 1781 Τ,
2314 1756 2347 1779 15.
2378 1749 2397 1772 ι’.
2417 1749 2455 1774 11Βῖ

306 1804 378 1821 mum
397 1803 520 1827 magnum
538 1800 562 1819 et
581 1794 650 1826 spem
669 1792 764 1817 bonam
784 1790 839 1816 Cic.
855 1790 891 1822 Q
904 1790 986 1814 Fratr.
1002 1796 1021 1819 i,
1043 1796 1060 1813 1.
1133 1787 1257 1812 Animum
1272 1786 1387 1822 quie-45
1407 1793 1525 1812 enunties.
1597 1788 1684 1813 Curae
1703 1796 1760 1812 rem
1778 1787 1895 1820 aliquam
1916 1789 1998 1813 Plaut.
2012 1789 2082 1815 Men.
2101 1798 2123 1820 ς,
2142 1796 2169 1822 7,
2189 1796 2214 1813 2.
2305 1785 2372 1809 Cato
2392 1790 2413 1807 c.

305 1837 359 1856 tum
375 1829 455 1854 Plaut.
468 1828 551 1854 Calin.
565 1836 590 1857 2,
606 1829 632 1857 6,
646 1835 687 1857 29.
759 1826 815 1851 Cic.
828 1834 876 1858 pro
889 1825 963 1849 Rosc.
978 1825 1065 1849 Amcr.
1080 1831 1110 1854 52
1130 1822 1199 1848 Nam
1214 1821 1292 1846 istum
1305 1829 1347 1847 exv
1406 1823 1493 1848 Boues
1506 1821 1620 1848 maxima
1633 1822 1770 1855 diligentia
1783 1823 1895 1848 Curatos
1910 1821 2016 1848 habete.
2086 1823 2154 1848 Gell.
2167 1831 2205 1852 20,
2222 1823 2239 1846 6
2258 1816 2427 1845 Pei-cunctat>

305 1864 429 1892 heredare
443 1864 470 1888 in
483 1863 581 1888 Animo
596 1860 718 1886 habebat.
761 1893 765 1898 ¹
788 1860 854 1884 Cato
869 1859 900 1883 de
910 1859 1035 1896 R.R.·c.1
1050 1865 1092 1891 pr.
1112 1857 1249 1882 Praedium
1264 1865 1347 1890 quum
1408 1857 1606 1891 Appollinarem
1626 1857 1786 1891 Sulpicium,
1804 1866 1886 1890 quum
1906 1866 1966 1883 euni
1982 1858 2080 1884 Romae
2103 1856 2308 1884 adolescentulus
2329 1853 2425 1880 sectar-

304 1907 454 1934 comparare
469 1896 596 1932 cogitabis
606 1915 613 1927 ,
628 1895 659 1921 iic
674 1895 700 1919 in
716 1894 814 1919 Ammo
828 1892 923 1918 habeto
933 1911 940 1922 ,
954 1898 994 1916 vti
1008 1900 1041 1930 ne
1056 1892 1150 1929 cupide
1164 1900 1248 1921 emas,
1268 1894 1285 1915 1.
1300 1900 1346 1915 me-
1408 1901 1460 1924 qua
1478 1892 1582 1917 ratione
1601 1892 1750 1923 diceretur,
1772 1892 1866 1917 Habeo
1885 1893 1980 1919 Curam
2002 1893 2093 1923 vestri,
2113 1900 2156 1918 aut
2175 1892 2305 1918 Misereor
2323 1888 2404 1915 vestri

305 1944 384 1963 mento
399 1944 442 1967 ne,
460 1941 506 1960 etc.
573 1932 629 1958 Cic.
644 1932 674 1956 de
688 1928 787 1955 Senect.
802 1935 831 1961 37
852 1928 982 1952 Intentuin
997 1934 1069 1950 enim
1083 1927 1209 1950 Animum
1223 1930 1347 1962 tanquam
1407 1926 1455 1950 iste
1474 1926 1544 1950 casus
1558 1926 1687 1951 VESTRI
1700 1934 1732 1951 co
1746 1927 1773 1951 in
1788 1927 1864 1960 loco,
1881 1935 1959 1959 quem
1976 1928 2114 1952 videretur
2128 1926 2225 1952 habere
2238 1927 2323 1951 casum
2336 1923 2410 1950 reciu

306 1980 394 1999 arcum
411 1968 523 1996 habebat
537 1978 542 1993 :
571 1976 617 1992 nec
632 1965 795 1999 languescens
812 1961 993 1988 succumbebat
1007 1960 1141 1986 scncc‘tuti.
1215 1958 1386 1995 Q.inc“til.30
1409 1960 1541 1985 Ausoniae
1554 1961 1652 1986 Curam
1668 1961 1751 1993 gentis
1767 1959 1863 1986 habere
1880 1961 1944 1986 deos
1963 1961 2044 1987 Ouid.
2055 1961 2140 1987 Trist.
2154 1970 2177 1993 5,
2196 1970 2220 1991 2,
2238 1967 2280 1994 48.
2350 1961 2428 1986 Cura

306 2010 334 2039 6,
354 2016 374 2039 3,
397 2013 426 2040 75
453 2003 557 2031 Dicenti
576 2003 681 2035 triginta
700 2001 724 2026 se
738 2001 826 2025 Annos
848 1997 968 2031 habere,
982 1997 1081 2023 Verum
1095 1995 1145 2026 est,
1164 1994 1267 2028 iuquit,
1284 2002 1347 2019 nam
1408 1995 1492 2030 plebis
1511 1995 1539 2021 in
1551 2004 1627 2029 agros
1645 1995 1807 2021 reducendae
1821 1996 1879 2021 Liu.
1895 2001 1939 2029 28,
1956 2004 1986 2022 11.
2058 1997 2124 2023 Plin.
2139 2006 2175 2028 as,
2190 2006 2219 2029 14
2249 1997 2318 2023 Nam
2334 2002 2360 2021 et

307 2043 356 2069 hoc
374 2043 426 2068 jam
444 2039 540 2074 viginti
554 2039 627 2064 annis
642 2036 730 2062 audio.
776 2033 848 2061 Adde
863 2033 932 2067 Nep.
944 2039 1023 2071 2557,
1038 2040 1058 2058 i.
1106 2031 1177 2057 Flor.
1192 2039 1214 2061 2,
1227 2032 1252 2060 6,
1270 2038 1279 2055 1
1301 2036 1347 2069 cfc.
1409 2039 1483 2065 reges
1497 2031 1601 2057 serendi
1614 2032 1711 2057 Curam
1726 2030 1883 2058 habueruut.
1954 2031 2026 2058 Idem
2045 2037 2079 2065 18,
2098 2035 2114 2059 6
2140 2032 2241 2058 Dehinc
2262 2032 2357 2066 peritia
2378 2024 2449 2057 vill

307 2078 440 2104 Annulum
456 2077 483 2102 in
497 2074 581 2108 digito
593 2073 660 2099 Ter.
675 2073 769 2102 Hec.5,
783 2077 805 2101 3,
818 2077 855 2100 32.
926 2068 1043 2093 Anxium
1057 2066 1119 2105 11399
1134 2074 1173 2091 res
1188 2065 1266 2091 habet
1281 2064 1347 2090 Plin-
1408 2075 1501 2092 corum
1516 2067 1544 2092 in
1556 2067 1626 2093 Cura
1644 2066 1764 2093 habenda
1777 2067 1822 2093 est.
1894 2068 1966 2093 Inter
1978 2068 2060 2100 Cui-as
2078 2068 2207 2102 Qiinc'iil.
2222 2077 2246 2101 9,
2259 2077 2278 2101 4
2301 2068 2372 2093 Caes.
2382 2065 2425 2093 Bel
2445 2057 2454 2073 Ι·

308 2113 384 2147 Epist.
399 2121 424 2144 2,
440 2120 464 2144 9.
529 2112 625 2141 Arma,
641 2106 736 2142 quibus
751 2105 876 2134 laetatus,
894 2101 961 2128 habe
977 2107 1021 2127 tua
1034 2101 1129 2133 Vlrgll·
1145 2102 1210 2125 Aefl-
1226 2109 1269 2131 ¹0,
1287 2105 1346 2132 827-
1408 2101 1491 2127 Ciuil.
1504 2110 1527 2133 3,
1542 2110 1578 2135 47
1607 2103 1702 2136 Neque
1720 2102 1789 2128 vllus
1808 2103 1870 2129 flare
1891 2109 1984 2129 ventus
2021 2110 2119 2135 otei-at,
2139 2104 2204 2138 quin
2222 2104 2309 2138 aliqua
2329 2112 2360 2128 ex
2376 2096 2459 2137 parre«

307 2150 367 2176 Liu.
384 2157 428 2178 10,
447 2156 458 2172 2
483 2146 590 2179 Semper
607 2153 653 2170 eos
673 2141 775 2169 accolae
790 2139 859 2165 Galli
882 2138 909 2163 in
923 2137 1010 2163 Arinis
1026 2135 1165 2161 habebant.
1225 2135 1301 2159 Artes
1319 2134 1347 2158 in
1362 2144 1390 2169 55
1408 2135 1548 2161 secundum
1563 2138 1675 2162 Cursum
1687 2137 1805 2164 haberet.
1875 2140 1987 2165 Cursum
2016 2139 2103 2166 iabent
2116 2139 2259 2174 quaedam,
2276 2145 2302 2165 et
2320 2139 2419 2173 impetu
2452 2150 2459 2158 ..

306 2183 444 2217 complexu
459 2181 528 2207 Plin.
543 2182 571 2206 in
583 2181 675 2212 Paneg.
690 2185 734 2218 47.
830 2174 886 2200 Cic.
901 2172 933 2198 de
947 2173 1004 2198 Fin.
1017 2180 1035 2203 1,
1046 2173 1075 2196 26
1096 2168 1346 2212 Dill'erendi‘Artem
1408 2170 1541 2209 Qiiufflil,
1555 2179 1578 2199 2,
1594 2179 1642 2210 13..
1697 2173 1726 2197 [Π
1741 2172 1865 2198 Custodia
1877 2174 1994 2208 aliquem
2007 2176 2066 2201 Liu.
2081 2185 2127 2209 34,
2146 2184 2183 2207 3²,
2240 2175 2296 2201 Cic.
2317 2183 2367 2208 pro
2379 2168 2445 2208 ,λεί
2470 2176 2472 2180 .

307 2219 407 2245 1111113111
427 2217 529 2243 habuit.
607 2216 756 2240 Attonitum
778 2210 890 2241 habere,
912 2215 961 2243 pro
980 2206 1080 2234 reddere
1103 2208 1190 2231 benec.
1205 2203 1290 2243 Epist..
1304 2211 1347 2228 111.
1407 2205 1501 2231 Manil.
1516 2207 1543 2231 16
1567 2205 1771 2245 Publicanorum
1790 2208 1924 2239 familiae,
1945 2218 2009 2242 quas
2028 2210 2056 2235 in
2075 2210 2205 2243 portubus
2221 2217 2247 2236 et
2262 2209 2385 2236 custodiis
2402 2208 2445 2239 11δὲ

305 2254 386 2282 Flam·
402 2254 473 2279 ΜΕΠ-
490 2260 513 2284 52
528 2260 549 2285 2,
564 2257 595 2282 50
623 2247 737 2282 Qfflndo
756 2252 781 2272 te
795 2247 919 2272 Ausflfflffl
936 2244 1017 2278 (auro
1030 2241 1164 2274 ornatam)
1184 2246 1208 2265 et
1227 2239 1347 2265 Vssstlfflffl
1408 2239 1479 2266 bent.
1551 2240 1642 2267 Tacit.
1655 2242 1724 2267 Anu.
1740 2250 1767 2273 3,
1782 2250 1814 2267 22
1841 2243 1966 2277 Idemque
1981 2245 2069 2270 seruos
2084 2244 2214 2277 Lepidae,
2235 2255 2318 2280 quum
2334 2242 2444 2272 militari
2474 2243 2479 2261 ·'

310 2291 379 2316 Bene
394 2288 487 2315 habet:
515 2285 638 2317 ancillas,
648 2291 766 2318 penum,
784 2281 855 2307 rec'ke
869 2279 974 2314 praebet
989 2288 994 2304 t
1021 2277 1114 2319 melius
1129 2278 1213 2316 sanam
1227 2275 1271 2303 cst,
1290 2283 1347 2299 mu-
1407 2275 1533 2315 Custodia
1548 2275 1703 2308 haberetur,
1723 2277 1854 2303 transtulit
1867 2278 1898 2303 ad
1913 2279 2029 2304 consules
2044 2279 2100 2303 Cic.
2114 2280 2193 2305 Attic.
2208 2289 2232 2312 2,
2247 2289 2256 2307 1
2268 2281 2319 2316 fin.
2350 2281 2444 2314 Neque

307 2326 372 2357 liei·²
389 2330 504 2350 mentem
519 2323 628 2347 sumere.
732 2318 798 2343 Ter.
814 2316 882 2350 prol.
898 2314 978 2341 Andr.
995 2322 1020 2345 ¹9
1047 2313 1198 2343 Naeuium,
1217 2310 1389 2350 Plautum,60
1407 2319 1478 2336 enim
1493 2310 1539 2336 ista
1551 2317 1594 2337 tua
1608 2313 1713 2346 negotia
1728 2313 1903 2346 prouincialia
1918 2313 1965 2338 ess'e
1978 2311 2116 2345 putabam,
2135 2322 2221 2348 neque
2237 2322 2262 2341 te
2275 2317 2302 2341 in
2317 2315 2444 2341 Decurio‘-
2463 2326 2465 2338 ι

307 2361 421 2387 Ennium
445 2358 581 2389 accusant,
603 2364 669 2390 quos
685 2353 727 2379 hic
747 2352 834 2378 noster
848 2351 976 2377 Auctores
995 2348 1093 2387 habe-t..
1153 2345 1347 2372 Aufftoritatem
1407 2346 1484 2372 nibus
1500 2345 1645 2378 habebam,
1676 2350 1693 2372 i.
1713 2357 1760 2372 non
1780 2340 1946 2379 exffiimabam
1962 2353 1986 2373 te
2006 2346 2156 2373 decurionem
2169 2348 2219 2381 effi.
2256 2350 2330 2376 Codd.
2344 2352 2443 2384 antiqu,-
2463 2344 2466 2362 1

305 2396 361 2422 Cic.
376 2395 407 2421 de
421 2393 520 2420 Sene&
534 2395 575 2418 62.
613 2398 635 2417 et
650 2388 724 2416 offic.
740 2398 761 2419 2,
777 2397 817 2421 34.
873 2387 945 2412 Caes.
961 2383 1115 2411 Bellsmil.
1130 2390 1152 2414 3,
1169 2391 1196 2407 10
1216 2381 1345 2408 Eundem·
1406 2389 1430 2407 et
1449 2384 1475 2406 in
1495 2381 1535 2407 his
1553 2381 1733 2415 Tornaifianus
1746 2381 1964 2408 Tocullionibus.
2011 2382 2070 2409 Vici.
2084 2383 2192 2409 Lamhm,
2210 2387 2253 2420 qm-
2271 2384 2366 2410 findite
2383 2384 2441 2410 huic
2472 2379 2475 2386 .

306 2440 357 2465 que
378 2429 445 2463 apud
464 2429 512 2454 Cn.
532 2426 685 2459 Pompeium
705 2423 899 2449 Auctoritatem
921 2421 1016 2447 habere
1036 2417 1209 2451 intelligebat.
1235 2452 1240 2456 .
1290 2417 1345 2442 Cic.
1407 2415 1509 2444 uetiam*
1522 2421 1710 2451 patrocinatur.
1781 2418 1836 2443 Cic.
1853 2417 1884 2444 de
1899 2417 1986 2444 Finib.
2002 2427 2023 2450 3,
2039 2427 2063 2444 12
2089 2419 2260 2452 Quumenim
2271 2419 2376 2446 vig-tutis
2390 2418 2439 2445 hoe

307 2466 338 2492 de
358 2464 444 2492 Finib.
465 2472 497 2495 2,
516 2471 553 2495 44
578 2461 692 2491 Nescio,
711 2458 846 2493 quomodo
866 2458 905 2487 is,
926 2456 972 2490 qui
991 2454 1183 2480 Auctoritatem
1205 2453 1344 2491 minimam
1406 2452 1546 2486 proprium
1564 2451 1609 2483 fit,
1636 2461 1726 2478 earum
1744 2461 1850 2486 rerum,
1878 2462 1944 2487 quae
1963 2453 2104 2480 secundum
2124 2459 2243 2480 naturam
2260 2454 2323 2485 sint,
2344 2453 2440 2480 habere
2464 2471 2465 2474 ,

306 2501 400 2533 habet,
417 2500 560 2526 maximam
578 2497 634 2523 vim
649 2504 709 2521 cuin
730 2494 784 2520 illis
806 2493 917 2527 populus
935 2491 1007 2517 facit.
1090 2487 1258 2515 Auunculum
1278 2487 1343 2513 Plin.
1358 2489 1388 2520 65
1409 2487 1556 2514 Deiectum.
1588 2487 1726 2514 Delec'ium
1740 2487 1846 2519 habere,
1862 2490 1950 2526 Cogere
1962 2491 2063 2521 milites,
2071 2497 2095 2515 ρι
2110 2499 2137 2515 fx
2148 2489 2199 2515 ,His
2213 2492 2320 2524 almoru-
2332 2489 2443 2526 deligere·

306 2537 384 2572 Epist.
398 2545 420 2568 2,
434 2544 458 2567 9.
488 2534 512 2560 h.
529 2543 548 2559 e.
573 2530 606 2565 est
626 2531 665 2557 illi
685 2530 836 2563 auimo-ulus,
857 2535 902 2554 etc.
976 2526 1030 2552 Cic.
1051 2525 1122 2551 Fam.
1144 2527 1187 2554 16,
1199 2532 1231 2564 ,ις
1257 2525 1281 2549 Is
1300 2522 1344 2548 etli
1407 2524 1480 2563 Caes.
1495 2524 1565 2563 ΒΖΕ.
1581 2532 1601 2557 1,
1615 2526 1632 2549 6
1651 2523 1725 2550 Tota
1737 2524 1813 2550 Italia
1827 2524 1942 2550 delectus
1955 2524 2101 2555 habentur,
2120 2534 2193 2552 arma
2205 2519 2380 2559 imperantur,
2397 2530 2443 2552 etc.

307 2573 373 2599 mihi
393 2570 525 2597 nuntiauit
544 2576 569 2594 te
581 2567 657 2602 plane
671 2565 740 2592 febri
753 2573 856 2595 carere,
873 2570 898 2589 et
912 2561 984 2588 Belle
998 2560 1103 2587 habere.
1173 2561 1233 2585 Liu.
1254 2567 1299 2590 39,
1316 2566 1346 2591 50
1409 2560 1465 2586 Cic.
1481 2559 1533 2585 Oti.
1550 2567 1567 2589 1,
1581 2568 1637 2591 149.
1688 2559 1801 2593 Philipp.
1817 2567 1840 2592 5,
1853 2568 1888 2591 31.
1923 2566 1947 2585 et
1967 2560 2039 2587 Ideni
2060 2560 2125 2587 ibid.
2140 2569 2164 2587 2.
2238 2559 2382 2586 Delicatum
2397 2556 2449 2594 ali-'¹

306 2610 376 2635 Bene
398 2606 492 2637 habet,
515 2604 619 2638 inquit,
637 2607 663 2628 et
685 2600 781 2635 poculo
801 2597 935 2633 impauide
953 2596 1095 2628 exhausto,
1115 2594 1184 2621 haud
1204 2595 1240 2620 ita
1259 2594 1345 2619 multo
1409 2603 1487 2629 quem
1503 2594 1584 2620 Plaut.
1601 2595 1671 2620 Men.
1685 2603 1705 2626 1,
1721 2603 1746 2626 2,
1766 2603 1791 2627 9.
1823 2599 1840 2620 i.
1860 2595 1970 2622 delicate.
2040 2596 2096 2622 Cic.
2112 2595 2144 2621 de
2159 2595 2250 2622 Diuin.
2269 2604 2294 2628 1,
2307 2597 2342 2630 76
2364 2594 2445 2625 Simia

307 2643 363 2678 post
375 2640 526 2676 exspirauit.
579 2639 674 2665 Brutus
687 2635 811 2663 Ciceroni
829 2637 857 2661 16
877 2635 918 2660 An
931 2633 981 2659 hoc
995 2641 1042 2667 pro
1050 2630 1182 2658 Beneficio
1195 2629 1345 2656 habendum
1407 2639 1487 2664 quam
1500 2638 1545 2656 rex
1559 2630 1729 2657 Molofforum
1743 2631 1771 2656 in
1785 2630 1895 2656 Deliciis
1911 2630 2040 2661 habebat,
2059 2638 2085 2657 et
2104 2632 2185 2658 sortes
2200 2631 2280 2666 ipsas,
2297 2637 2322 2656 et
2337 2629 2444 2664 caetera',

307 2679 360 2711 est,
375 2677 447 2712 quod
466 2677 490 2701 se
505 2683 583 2709 quam
597 2672 742 2699 Antonium
758 2671 804 2696 effe
823 2669 960 2701 maluerit,
980 2677 994 2694 a
1006 2676 1061 2702 quo
1076 2667 1122 2693 ista
1135 2665 1244 2700 petenda
1258 2665 1345 2691 essent.
1353 2673 1389 2700 70
1409 2674 1475 2700 quae
1487 2672 1560 2692 erant
1574 2665 1605 2691 ad
1620 2667 1714 2692 sortem
1729 2672 1831 2699 parata,
1851 2665 2018 2692 disturbauit.
2073 2667 2180 2694 Habere
2193 2674 2239 2702 quo
2257 2675 2283 2693 ue
2297 2667 2325 2692 in
2338 2665 2426 2693 delicii

308 2715 365 2740 Cic.
380 2714 412 2738 de
428 2710 516 2738 Finib.
530 2718 552 2741 3,
570 2717 591 2735 ii
615 2708 641 2734 Si
661 2707 741 2733 vllam
762 2706 841 2732 aliam
859 2704 1050 2739 probauissent,
1070 2709 1173 2736 praeter
1184 2710 1241 2727 eam
1251 2721 1259 2732 ‚
1278 2709 1347 2735 quae
1402 2704 1510 2736 ponitur
1517 2708 1566 2736 pro
1581 2703 1692 2727 Delicaie
1699 2702 1798 2737 joiiere.
1851 2702 1945 2730 Seneca
1958 2702 1990 2728 de
2001 2703 2106 2729 Prouid.
2122 2711 2131 2728 1
2145 2710 2209 2729 extr.
2263 2711 2343 2728 onum
2357 2703 2418 2728 viru

308 2748 377 2775 nihil
390 2746 462 2773 aliud
477 2747 504 2771 in
520 2744 599 2770 Bonis
612 2742 704 2772 habet,
723 2741 770 2767 nisi
785 2741 941 2771 honestum,
959 2739 1028 2765 nihil
1042 2745 1118 2771 turpe
1132 2737 1161 2763 in
1174 2736 1268 2763 malis?
1309 2736 1347 2762 Id.
1409 2736 1473 2762 deus
1487 2737 1516 2762 in
1532 2737 1639 2764 Deliciis
1653 2746 1706 2763 non
1725 2736 1818 2763 habet:
1852 2738 2005 2772 experitur,
2032 2738 2147 2766 indurat.
2239 2738 2385 2764 Derelffitui

309 2783 398 2811 Parad.
414 2791 426 2808 2
445 2785 471 2811 (1
486 2784 561 2810 extr.)
583 2778 709 2812 Voluptas
728 2780 806 2811 (quae
820 2776 998 2811 plurimorum
1013 2773 1167 2808 patrociniis
1182 2771 1347 2803 defenditur)
1408 2781 1483 2798 neam
1509 2772 1578 2798 Gell.
1593 2782 1621 2805 4,
1636 2781 1669 2798 12.
1706 2775 1725 2798 i.
1745 2774 1897 2808 Relinqucre.
1969 2774 2026 2800 Cic.
2041 2775 2092 2800 Att.
2108 2779 2131 2806 8,
2146 2779 2205 2808 ipr.
2240 2772 2270 2799 Id
2285 2782 2334 2807 ego
2348 2774 2375 2800 in
2390 2781 2418 2799 ea

310 2820 339 2846 in
353 2818 431 2845 rebus
443 2816 523 2843 Bonis
537 2813 656 2841 habenda
671 2821 724 2838 non
738 2812 781 2838 est.
875 2810 984 2837 Caelum
1000 2809 1100 2835 bonum
1119 2817 1181 2843 ager
1194 2807 1292 2833 habere
1311 2807 1349 2833 iii-
1408 2814 1508 2842 partem
1523 2809 1623 2842 accepi:
1646 2808 1708 2834 haec
1720 2808 1816 2842 oppida
1826 2815 1903 2843 atque
1915 2817 1990 2835 oram
2003 2810 2145 2836 maximam
2159 2809 2234 2835 illum
2250 2818 2297 2842 pro
2312 2809 2400 2836 Dei-eli

308 2859 376 2882 citur
388 2851 484 2880 Catoni
499 2850 529 2876 de
543 2851 573 2876 R.
586 2850 616 2875 R.
634 2857 654 2880 1,
668 2858 680 2874 2
701 2847 825 2882 Qiisteus
838 2844 870 2878 est
883 2849 910 2871 in
922 2849 978 2872 abre
986 2844 1092 2880 salubri.
1162 2843 1218 2883 Cic.
1233 2843 1311 2869 Attic.
1327 2849 1349 2875 5,
1360 2850 1391 2878 75
1409 2842 1521 2869 habere.-
1557 2853 1603 2869 nec
1616 2844 1671 2869 sum
1687 2843 1806 2875 miratus,
1828 2853 1897 2877 eum,
1912 2845 1958 2879 qui
1972 2852 2048 2879 caput
2061 2846 2145 2880 ipsum
2157 2843 2318 2878 reliquisset,
2336 2845 2433 2879 reliqui

312 2896 337 2920 18
358 2891 448 2922 Qium
462 2886 517 2913 dies
531 2886 649 2920 quinque
663 2883 694 2909 ad
705 2882 824 2914 Cybistra
837 2881 1016 2916 Cappadociae
1026 2879 1113 2906 Castra
1125 2878 1279 2911 habuissem,
1295 2887 1348 2903 ccr—
1408 2878 1534 2905 membris
1548 2888 1602 2905 non
1615 2888 1729 2913 parcere.
1802 2880 1982 2914 Despicatum;
2011 2888 2061 2915 pro
2085 2882 2201 2915 spernere
2211 2899 2218 2911 ,
2242 2882 2283 2906 vel
2298 2872 2450 2921 Aspernabiss

308 2927 365 2952 tior
380 2926 434 2950 sum
454 2922 554 2953 faetus,
573 2929 619 2946 etc.
711 2918 799 2944 Castra
818 2918 845 2943 in
861 2916 992 2943 radicibus
1005 2915 1100 2942 Amani
1120 2914 1262 2941 habuimus
1281 2912 1350 2948 apud
1408 2916 1453 2940 lem
1467 2920 1490 2939 ct
1503 2921 1646 2940 contemtum
1653 2914 1741 2950 ficere
1758 2915 1840 2941 Plani.
1862 2916 1945 2942 Calin.
1960 2925 1990 2946 2,
2003 2924 2033 2946 2,
2046 2923 2078 2948 15.
2165 2914 2233 2941 Ter.
2249 2916 2314 2942 Eun.
2328 2925 2357 2949 2,
2370 2925 2382 2948 3
2393 2935 2399 2946 ,
2418 2916 2451 2958 9(

312 2970 368 2988 aras
383 2957 526 2985 Alexandri
542 2954 712 2990 quatriduum
732 2954 788 2979 Cic.
801 2954 872 2979 Fam.
887 2960 920 2984 ις,
933 2961 960 2984 4.
1030 2951 1103 2977 Idem
1118 2949 1150 2977 de
1162 2951 1264 2976 Inuent.
1279 2958 1304 2982 2,
1341 2969 1349 2975 .
1410 2951 1485 2983 Qiae
1497 2958 1544 2975 nos
1557 2950 1723 2984 nostramque
1736 2950 1933 2977 adolescentiam
1947 2951 2043 2977 habent
2055 2949 2228 2984 Despicatam‚
2249 2959 2293 2978 etc.
2357 2950 2448 2985 Despi'q

315 3017 322 3023 .
358 2995 465 3022 Auxilia
480 2992 607 3027 quaedam
622 2991 649 3016 in
663 2989 790 3023 oppidum
804 2988 918 3027 recepit,
938 2987 954 3013 fi
977 2986 1043 3013 foris
1062 2987 1155 3017 essent,
1175 2986 1247 3020 quod
1268 2993 1350 3019 prope
1411 2984 1498 3016 cami,
1513 2991 1562 3019 pro
1576 2985 1725 3020 Despesiui,
1744 2990 1845 3022 antique
1879 2987 1957 3012 Plaut.
1972 2987 2043 3012 Men.
2057 2994 2089 3018 4,
2103 2994 2130 3017 3,
2146 2994 2181 3017 19.
2276 2979 2459 3022 Triphoniuff*

314 3040 405 3058 muros
419 3029 506 3056 Castra
521 3027 605 3053 hostes
619 3025 753 3052 haberent.
847 3024 901 3048 Cic.
911 3023 982 3048 Fam.
996 3031 1034 3054 ιο,
1051 3027 1075 3052 18
1101 3023 1135 3048 Ea
1149 3031 1217 3047 nnnc
1231 3029 1352 3055 magnam
1370 3021 1439 3053 goin
1453 3020 1505 3046 fine
1529 3020 1547 3045 1.
1569 3021 1639 3046 Tres
1657 3027 1756 3047 tutores
1782 3022 1813 3047 D.
1827 3022 1858 3048 de
1871 3022 1938 3048 adin.
1953 3027 2034 3047 tutor.
2062 3022 2150 3054 Quini
2162 3020 2323 3048 Destinatum
2339 3016 2448 3050 haberet*

312 3067 386 3094 affert
404 3063 599 3092 solicitudinem
609 3082 616 3093 ,
637 3067 812 3095 magnumque
825 3057 902 3084 habet
915 3059 1017 3097 Casum5
1037 3061 1156 3084 incertum
1174 3056 1217 3089 cst,
1236 3056 1352 3092 quomodo
1412 3062 1513 3082 mutare
1527 3055 1717 3082 testamentum.
1788 3058 1901 3083 Terent.
1910 3057 2013 3083 Phorm.
2028 3064 2051 3088 2,
2065 3065 2085 3089 ι,
2098 3065 2120 3088 31
2149 3057 2182 3082 Ea
2200 3057 2246 3091 qui
2260 3057 2375 3091 praebet,
2392 3066 2453 3099 noq.

313 3106 416 3129 cucnint.
487 3100 569 3126 Plaut.
584 3097 652 3123 Asin.
666 3105 694 3129 4,
709 3104 728 3127 i,
741 3104 778 3128 44
802 3093 875 3120 Nolo
894 3094 990 3119 habere
1010 3093 1082 3119 illam
1097 3094 1205 3119 Causam
1215 3113 1223 3124 ,
1243 3098 1268 3118 et
1282 3091 1351 3118 voti·
1411 3097 1440 3118 tu
1454 3091 1522 3117 hunc
1536 3090 1630 3117 habeas
1652 3091 1726 3125 plane
1739 3093 1898 3125 praesentem
1912 3092 2013 3119 Deum?
2100 3092 2155 3118 Cic.
2170 3092 2280 3127 Philipp.
2296 3101 2308 3126 ς
2346 3102 2377 3126 5²
2407 3094 2447 3120 De

313 3144 366 3165 tam
386 3137 464 3170 (voto
480 3131 676 3167 constric'iiimse
694 3139 717 3158 et
732 3128 911 3161 maimundo)
932 3128 1027 3153 dicere.
1122 3129 1193 3154 Caes.
1208 3128 1271 3154 Bell.
1285 3128 1317 3154 G.
1332 3136 1352 3159 1,
1411 3128 1521 3154 Caesare
1536 3127 1595 3152 satis
1615 3126 1664 3152 hoc
1688 3133 1807 3161 tempore
1828 3128 1928 3154 911ἑῖ11111
1952 3127 2044 3153 habeo.
2138 3128 2210 3154 Idem
2224 3128 2255 3154 de
2268 3129 2304 3155 N.
2317 3114 2351 3155 1).
2365 3137 2377 3161 3
2387 3148 2394 3160 ,
2416 3123 2455 3163 9ζ“

312 3182 345 3206 43
366 3174 458 3206 Quum
477 3178 560 3204 neque
580 3168 697 3199 aditum,
723 3173 807 3199 neque
829 3165 938 3191 Causam
955 3161 1100 3197 postulandi
1125 3164 1216 3190 iustam
1233 3163 1351 3190 haberet.
1412 3164 1483 3190 Haec
1497 3162 1553 3188 fere
1567 3161 1654 3187 dicere
1668 3161 1749 3189 habui
1763 3163 1795 3189 de
1806 3170 1897 3190 natura
1910 3164 2036 3189 Deorum.
2108 3163 2168 3190 Liu.
2184 3172 2219 3194 23,
2233 3173 2265 3195 22.
2285 3165 2315 3190 Id
2326 3165 2449 3193 oniniun'i
2464 3163 2466 3173 '

314 3209 372 3235 Cic·
391 3207 469 3234 Attic.
491 3214 522 3238 92
558 3224 565 3230 ·
602 3224 609 3230 ·
646 3203 749 3229 Habere
770 3202 878 3227 Causam
899 3207 997 3239 ueram.
1019 3233 1024 3238 Π
1075 3197 1146 3223 Idem
1160 3200 1235 3224 Vei-r.
1255 3207 1286 3230 2,
1309 3207 1351 3233 137
1367 3203 1395 3232 85
1412 3199 1528 3225 maxime
1545 3197 1701 3231 tegendum,
1719 3197 2152 3230 occulendum,-obliuiscendum‚
2173 3208 2221 3233 pro
2239 3208 2292 3226 non
2312 3199 2385 3226 dieto
2403 3199 2447 3227 ha-

315 3245 346 3270 In
360 3243 446 3269 Censu
465 3239 586 3267 habendo
608 3238 716 3272 potestas
736 3237 821 3263 omnis
836 3235 1038 3261 existimationis
1058 3232 1207 3264 habendae,
1225 3235 1351 3260 summae·
1413 3234 1529 3261 bendum
1544 3234 1599 3259 esse.
1690 3233 1786 3268 Virgil.
1800 3235 1865 3260 Aen.
1879 3242 1906 3266 5,
1926 3242 1963 3267 49
1991 3235 2098 3268 Iamque
2113 3234 2190 3266 Dies,
2212 3235 2240 3260 ni
2255 3235 2333 3262 fallor
2367 3233 2452 3262 adest'-

316 3288 366 3313 quc
386 3277 524 3304 faciundae
543 3274 652 3301 Censori
671 3272 843 3307 permittitur.
914 3271 974 3296 Liu.
990 3278 1030 3301 39,
1066 3288 1074 3294 .
1112 3288 1118 3293 .
1155 3270 1251 3303 Magno
1262 3270 1352 3296 Certa·
1414 3279 1494 3305 quem
1516 3271 1614 3303 semper
1633 3267 1773 3302 acerbum,
1809 3270 1914 3302 Semper
1933 3269 2108 3301 honoratum,
2135 3269 2169 3296 sic
2187 3271 2222 3296 DI
2242 3256 2378 3303 voluistiS,
2402 3254 2465 3298 ha:->

315 3316 387 3341 mine
402 3323 461 3339 cum
474 3313 596 3338 Praetore
608 3309 714 3338 habito,
733 3312 873 3334 tenuerunt
885 3307 994 3332 causam.
1048 3304 1089 3331 Sic
1108 3307 1181 3329 etiam
1202 3304 1302 3340 quidam
1320 3306 1353 3330 Ic·
1414 3306 1494 3332 bebo.
1565 3305 1633 3330 Suet.
1648 3304 1754 3338 August.
1767 3314 1789 3331 c.
1804 3314 1833 3337 23
1857 3305 1988 3339 Diemquc
2005 3305 2084 3331 cladis
2104 3307 2244 3339 quotannis
2261 3307 2388 3333 moestum
2403 3304 2447 3334 ha'-
2463 3307 2464 3321 ¹

335 3356 378 3375 un!
398 3349 462 3374 Plin.
482 3346 560 3380 Epist.
582 3354 608 3377 1,
628 3351 644 3378 7
663 3350 726 3369 rxtr.
762 3343 804 3368 vbi
817 3343 878 3373 alii,
894 3340 1054 3380 Certaudum
1074 3339 1177 3365 habeut.
1246 3339 1300 3365 Cic.
1320 3339 1352 3365 de
1414 3341 1504 3367 buerit
1524 3349 1553 3367 ac
1568 3338 1714 3373 lugubrem.
1787 3341 1866 3366 Plaut.
1882 3340 1950 3366 Afin.
1971 3349 1990 3372 i,
2005 3350 2023 3371 1,
2037 3343 2068 3373 6,-
2093 3341 2246 3367 Praesertim
2266 3351 2347 3376 quum
2363 3343 2384 3369 is
2402 3349 2465 3370 1119Μ

317 3359 355 3411 gl.
371 3386 450 3410 Deor.
467 3392 486 3414 i,
501 3392 530 3415 14
557 3379 679 3407 Profecto
698 3387 742 3405 eos
758 3379 841 3411 ipsos,
859 3377 907 3411 qui
922 3377 946 3402 se
966 3374 1067 3416 aliquid
1081 3375 1154 3400 Certi
1169 3373 1265 3414 habere
1283 3374 1353 3400 arbi·
1367 3389 1402 3413 90
1418 3378 1533 3411 Dignum
1549 3376 1590 3401 cui
1604 3375 1781 3408 concrederet,
1803 3375 1902 3401 habuit.
1978 3377 2044 3402 Plin.
2058 3378 2085 3403 in
2099 3377 2189 3410 Paneg.
2203 3385 2247 3410 47.
2264 3386 2273 3403 1
2298 3379 2387 3411 Quam
2401 3366 2466 3405 Dpl

318 3426 429 3451 trantur,
442 3417 596 3445 addubitare
610 3420 684 3449 coget
699 3413 904 3440 doctissimorum
918 3411 1057 3438 hominum
1070 3410 1102 3436 de
1116 3418 1229 3436 maxima
1243 3419 1271 3436 re
1284 3416 1354 3436 tanta
1415 3413 1565 3446 gnationem
1582 3410 1722 3443 sapientiae
1736 3411 1890 3437 doctoribus
1903 3410 1980 3438 habes
1994 3414 2003 3438 3
2089 3412 2146 3438 Cic.
2161 3413 2192 3438 de
2206 3413 2294 3439 Finib.
2307 3422 2331 3441 2.
2344 3421 2375 3447 75
2396 3415 2446 3440 Ve-
2463 3405 2466 3431 l

320 3454 442 3480 dissensio.
510 3453 615 3479 Ccrtam
630 3459 687 3477 rem
702 3449 797 3476 habere
817 3448 888 3474 Idem
902 3447 978 3473 Affid-
991 3456 1020 3479 4,
1056 3465 1062 3471 ·
1100 3465 1106 3472 ·
1161 3447 1192 3471 E!
1211 3445 1242 3471 ad
1255 3446 1327 3471 Brut.
1343 3453 1355 3475 ς
1415 3457 1474 3475 rum
1488 3447 1542 3473 esto
1556 3445 1666 3472 verbum
1680 3447 1763 3480 ipsum
1777 3446 1917 3480 voluptatis
1932 3457 1984 3474 non
1997 3447 2075 3474 habet
2087 3447 2258 3481 Dignitatem.
2330 3449 2448 3483 Dignita-
2463 3439 2465 3480 s

322 3489 415 3521 Neque
429 3488 597 3514 nuntiabatur
616 3487 760 3521 quidquam
779 3493 827 3518 pro
840 3484 921 3509 Certo
937 3482 1101 3508 haberemus.
1193 3482 1291 3507 Carum
1311 3481 1357 3507 ali·
1416 3489 1468 3509 tem
1490 3484 1588 3517 semper
1607 3481 1634 3506 in
1654 3482 1691 3507 M.
1712 3481 1802 3508 Caelio
1820 3481 1936 3509 habitam
1954 3484 2002 3509 effe
2020 3484 2164 3515 summam,
2183 3484 2336 3518 semperque
2354 3483 2448 3512 haberi
2464 3497 2465 3502 ¹

323 3531 402 3555 quem
415 3522 510 3548 habere
522 3524 589 3549 Ter.
602 3521 683 3548 Andr.
700 3529 725 3553 1,
741 3528 768 3552 5,
786 3527 825 3551 39.
895 3518 950 3544 Cic.
967 3518 997 3543 dc
1011 3516 1111 3543 Sencfi.
1126 3524 1156 3549 37
1174 3525 1195 3542 c.
1212 3525 1233 3543 ii
1256 3517 1356 3542 Metue-
1417 3519 1472 3544 Cic.
1489 3527 1537 3552 pro
1550 3516 1619 3543 Cael.
1641 3526 1661 3542 c.
1677 3525 1700 3542 2.
1802 3517 1873 3544 Idem
1888 3519 1918 3545 de
1934 3519 2040 3545 Amicit.
2055 3527 2083 3551 91
2109 3519 2189 3545 Omni
2210 3520 2292 3553 igitur
2306 3520 2352 3546 hac
2372 3521 2400 3546 in
2417 3514 2447 3547 re¹
2464 3513 2465 3523 ¹

323 3557 385 3583 bant
399 3566 456 3582 cum
469 3558 552 3588 serui,
571 3557 730 3583 verebantur
744 3554 840 3586 liberi,
861 3554 959 3580 Carum
974 3561 1064 3579 omnes
1078 3551 1226 3578 habebant:
1250 3551 1356 3585 vigebat
1370 3562 1401 3588 95
1418 3552 1538 3580 habenda
1559 3552 1627 3579 ratio
1648 3557 1673 3578 et
1695 3550 1839 3586 Diligentia
1863 3554 1899 3580 est
1915 3565 1919 3580 :
1956 3554 2087 3589 primum,
2111 3560 2140 3580 vt
2157 3555 2273 3581 monitio
2291 3555 2432 3582 acerbitate
2463 3556 2465 3581 ἶ

325 3593 353 3618 in
373 3591 417 3617 illa
436 3591 514 3616 domo
529 3593 624 3624 patrius
642 3601 699 3618 mos
718 3597 742 3617 et
763 3590 827 3616 disci
847 3589 908 3615 lina.
1000 3587 1097 3614 Cibum
1112 3587 1215 3613 coclum
1230 3587 1308 3614 habet
1324 3588 1358 3613 le·
1421 3589 1526 3621 deinde,
1545 3593 1573 3614 vt
1584 3587 1736 3621 obiurgatio
1750 3589 1906 3616 contumelia
1920 3596 2014 3616 careat.
2108 3590 2180 3616 Caes.
2191 3591 2252 3616 Bell.
2266 3592 2298 3616 G.
2311 3600 2319 3604 ·
2341 3600 2371 3623 30
2391 3574 2448 3619 Hac,
2463 3589 2465 3600 s

324 3627 398 3662 gioni
414 3626 530 3656 nostrae,
555 3629 573 3651 i.
587 3636 674 3662 coquus
686 3629 789 3662 legionis
807 3635 817 3651 e
830 3626 855 3657 i,
875 3624 977 3651 Plautus
993 3623 1058 3657 apud
1070 3624 1226 3649 Varronem.
1268 3624 1357 3649 Locum
1418 3624 1445 3651 in
1465 3631 1601 3658 Vtramque
1619 3629 1717 3656 partem
1737 3622 1823 3650 habita
1842 3625 2041 3660 Disputatione‚
2060 3633 2141 3660 quum
2160 3635 2175 3652 a
2189 3627 2283 3658 Cotta,
2302 3609 2447 3661 piimisque
2464 3604 2466 3646 i

326 3663 409 3689 damus
428 3664 456 3686 in
475 3667 490 3685 L*
501 3667 603 3686 PEVS.
688 3664 782 3701 Ciuem
801 3661 909 3700 bonum-
921 3660 976 3686 Cic.
993 3659 1063 3684 Fam.
1081 3667 1104 3698 ι,
1125 3667 1149 3690 9.
1216 3659 1304 3685 Sencc.
1325 3658 1357 3685 de
1417 3659 1556 3686 ordinibus
1569 3658 1661 3684 acriter
1673 3658 1844 3691 resisteretur,
1861 3668 1907 3687 etc.
2009 3661 2066 3687 Cic.
2080 3660 2112 3686 de
2123 3661 2152 3687 L.
2167 3662 2227 3687 Aur.
2243 3670 2266 3691 i,
2287 3670 2321 3695 27
2346 3660 2448 3688 Deinde

325 3696 436 3725 Benefic.
475 3714 481 3720 .
518 3713 524 3719 .
539 3730 543 3733 γ
562 3714 568 3720 .
605 3696 714 3736 Nullam
727 3705 780 3723 mei
795 3698 991 3735 Cogitationem
1007 3693 1115 3725 babuit,
1140 3696 1158 3719 i.
1171 3698 1306 3727 rationem,
1321 3704 1357 3720 re·
1417 3696 1511 3722 habeat
1523 3700 1564 3720 me
1576 3694 1659 3728 ipsum
1674 3693 1720 3719 sibi
1730 3695 1903 3727 Documento,
1921 3705 1999 3732 quem
2013 3695 2125 3731 equestri
2139 3682 2228 3723 ortii'm
2241 3692 2448 3724 10c0c0nsuleni
2464 3687 2465 3690 ¹

320 3731 441 3770 spodium.
513 3730 568 3755 Cic.
585 3729 615 3754 dc
632 3732 736 3757 Amicit.
752 3735 766 3757 6
794 3733 875 3763 Cato,
892 3739 954 3765 quia
966 3729 1109 3756 multarum
1124 3738 1211 3755 rerum
1225 3731 1299 3756 vsuin
1314 3729 1411 3762 ha-100
1419 3731 1505 3762 videt,
1526 3737 1591 3764 quae
1609 3729 1678 3755 vitae
1694 3731 1736 3756 via
1750 3732 1874 3758 facillime
1892 3732 1966 3758 viros
1979 3732 2064 3758 bonos
2081 3730 2113 3757 ad
2132 3730 2261 3759 honorem
2282 3727 2448 3766 dignitaterii-
2464 3718 2465 3755 i

327 3768 423 3799 bebat‚
441 3764 523 3792 multa
536 3773 591 3789 eius
612 3770 636 3789 ct
650 3765 677 3790 in
690 3766 784 3791 Senatu
802 3772 827 3791 et
842 3767 869 3792 in
882 3767 945 3793 foro
962 3765 1003 3792 vel
1019 3765 1124 3799 prouisa
1137 3765 1292 3798 prudenter,
1314 3765 1357 3791 vel
1419 3775 1471 3800 que
1489 3764 1620 3799 perducat.
1712 3766 1765 3792 Cic.
1784 3767 1835 3793 Att.
1851 3776 1871 3799 1,
1884 3777 1913 3801 41
1940 3767 2068 3794 Terentia
2085 3776 2194 3801 magnos
2207 3768 2379 3795 articulorum
2393 3766 2448 3794 Do·¹

327 3804 385 3830 aeia
403 3801 550 3840 constanter
562 3818 570 3831 ‚
596 3798 637 3823 vel
660 3800 779 3838 responsa
804 3807 893 3833 acute,
918 3801 1078 3827 ferebantur.
1129 3807 1266 3834 propterea
1286 3800 1356 3835 quasi
1419 3802 1488 3827 lorcs
1501 3799 1587 3826 habet.
1658 3801 1784 3828 Dolorem
1797 3803 1889 3837 capitis
1902 3803 1980 3829 habet
1993 3802 2122 3835 Qiinffll.
2137 3812 2149 3828 2
2173 3811 2209 3837 17.
2311 3804 2372 3837 le.
2387 3800 2447 3829 inl.
2464 3799 2465 3802 “

327 3840 484 3872 Cognomen
503 3843 555 3861 iam
575 3832 685 3873 habebat
705 3844 732 3859 in
747 3834 874 3861 senec'hite
889 3837 1019 3870 sapientis.
1111 3837 1183 3862 Caes.
1198 3836 1260 3863 Bell.
1275 3835 1358 3862 Ciuil.
1419 3837 1445 3862 Si
1462 3835 1520 3870 quis
1539 3843 1619 3869 quum
1637 3836 1712 3863 aliter
1737 3838 1768 3863 D.
1789 3838 1821 3864 de
1835 3838 1909 3865 verb.
1923 3838 2030 3872 obligat.
2061 3837 2110 3863 Sed
2130 3823 2182 3872 ip'sa
2201 3848 2242 3865 res
2263 3839 2290 3864 in
2311 3840 2335 3865 sc
2349 3839 2448 3865 Dolum

328 3883 358 3906 3,
378 3882 405 3913 19
437 3870 587 3910 Crebraque
607 3869 718 3908 inte-rose
737 3869 876 3908 Colloquia
896 3872 993 3898 milites
1016 3870 1153 3898 habebant.
1256 3871 1356 3897 Sallust.
1417 3870 1506 3897 habet.
1578 3870 1657 3897 Plaut.
1672 3873 1744 3906 Capt.
1757 3883 1785 3907 4,
1799 3882 1825 3906 2,
1841 3882 1881 3900 112
1902 3875 1942 3900 An
1954 3880 1982 3900 tu
1997 3873 2113 3900 Dubium
2127 3873 2236 3900 habebis
2272 3875 2351 3900 etiam
2363 3872 2448 3900 sandke

325 3909 405 3937 Catil.
420 3916 449 3940 25
478 3908 564 3940 Igitur
583 3905 708 3931 commis
726 3903 837 3934 habitis,
862 3906 985 3933 Consules
1004 3907 1168 3934 declarantur
1186 3907 1224 3934 M.
1235 3906 1401 3943 Tulliiis,105
1416 3914 1498 3941 qutun
1511 3913 1560 3940 ego
1574 3905 1660 3934 iurem
1677 3908 1727 3934 tibi
1741 3910 1751 3935 ἓ
1820 3909 1926 3937 Hirtius
1944 3909 1976 3936 de
1988 3907 2052 3936 Bell.
2067 3909 2141 3945 Hisp.
2156 3917 2190 3942 29
2212 3894 2350 3937 Et⁷Caesar
2366 3915 2447 3942 quum

2366 3950 2448 3970 aciem
