2479 4225
285 196 353 236 227
651 174 691 215 D
778 171 795 212 Ι
880 167 925 216 V.

289 272 344 299 Cic.
357 270 387 296 dc
400 266 495 295 senech
509 270 542 298 84
554 274 575 292 c.
588 272 619 298 23
647 258 835 290 Commorandi
848 256 917 284 enim
1046 287 1051 292 ·
1153 286 1158 290 .
1287 282 1292 286 .

288 315 343 335 non
360 301 492 330 habitandi
511 300 593 327 dedit.
646 298 718 325 Idem
731 296 762 322 dc
775 296 845 321 Orat.
859 301 879 323 1,
891 298 939 328 234
968 288 1135 327 Requiescam
1151 293 1178 311 m
1192 283 1308 322 Caesaris

290 343 421 369 sermone,
444 336 512 371 quafi
531 338 559 362 in
573 335 661 369 aliquo
681 335 876 366 peropportuno
890 324 1047 350 diuersorio.
1124 322 1207 347 Paruo
1222 318 1308 344 diuer-

802 362 839 388 Id.
854 369 875 386 c.
891 368 906 391 9
919 365 943 385 et
956 367 992 392 19.
1028 357 1106 392 Apul.
1120 356 1182 394 Met3
1195 359 1208 384 8
1221 362 1245 387 p.
1261 361 1308 386 215.

929 257 1021 279 natura
1032 250 1208 278 diuersorium
1220 245 1307 277 nobis,

288 375 359 402 sorio
378 372 469 399 refcffi
484 373 585 398 Petron.
599 379 620 395 c.
635 377 689 399 ¹24·
725 363 789 391 Add.

289 409 343 437 Cic.
356 409 426 434 Fam.
439 409 465 439 6,
479 416 507 439 19
543 407 612 434 Nam
631 409 656 428 et
670 401 696 427 vi
1076 429 1081 432 ι
1150 427 1154 431 ¹
1273 425 1277 428 -

288 452 343 471 non
357 442 506 468 diuersorii.
572 439 643 466 Idem
654 437 723 462 Fam.
736 441 761 468 7,
775 440 809 464 24
830 431 887 457 Nae
902 438 951 464 ego
967 429 1050 456 multo
1063 428 1186 454 libentius
1198 433 1309 450 emerun

290 477 464 505 diuersorium
477 475 635 502 Tarracinae
645 490 653 503 ‚
670 479 702 495 ne
714 470 811 501 semper
822 465 922 500 hospiti
934 464 1056 492 molestus
1072 463 1125 489 sim.
1196 461 1242 486 Per
1257 459 1310 485 Ms-

289 514 358 548 taph-
379 511 560 539 Diuersorium
580 506 753 539 flagitiorum,
774 506 799 527 et
817 499 922 528 officina
940 499 1074 534 nequitiae
1097 497 1152 524 Cic.
1174 503 1222 530 pro
1235 495 1310 535 Rosc-

290 550 378 575 Amet.
393 556 435 579 134
454 556 475 573 c,
489 548 532 578 45.
598 540 670 568 Idem
686 539 716 564 de
723 539 796 563 Orat.
809 545 832 569 2,
845 544 896 569 290
914 535 962 562 Sed
978 536 1030 562 iam
1044 539 1071 559 tu
1085 532 1192 571 Antoni,
1201 538 1248 565 qui
1260 529 1311 556 hoc

290 583 439 610 diuersorio
452 577 574 607 sermonis
587 576 627 602 tui
645 575 756 601 libenter
768 572 951 606 acquieturum
964 576 990 598 te
1003 570 1049 596 ess'e
1063 568 1161 599 dixisti,
1175 574 1221 592 etc.

291 619 403 652 Philipp.
415 625 439 648 2,
452 624 497 646 104
527 612 678 638 Studiorum
697 607 768 634 enim
781 609 888 634 suorum
901 608 1005 634 Marcus
1018 606 1103 632 Varro
1116 602 1203 630 voluit
1221 600 1269 627 ess‘e
1281 599 1313 626 il-
1330 607 1334 609 ·

291 653 352 683 lud,
365 661 417 678 non
430 649 569 675 libidinum
582 643 765 672 diuersorium.

327 693 410 716 DtVE
419 692 436 710 R
446 692 458 710 s
467 689 486 709 ο
498 690 532 709 111
543 681 562 709 ὀ
571 689 586 708 L
596 688 614 706 ν
625 688 649 707 Μ
658 700 666 711 ,
686 678 704 704 1.
730 687 756 704 11.
792 677 894 705 Dimin.
929 673 1137 711 [καταγωγῖδιον]
1171 672 1227 700 Cic.
1242 672 1314 698 Fam.

291 733 327 755 12,
340 731 372 749 20
391 718 446 747 Nifi
460 717 531 753 quod
547 716 721 743 Sinuefl'anum
735 713 940 740 diuersoriolum
954 710 1121 738 contemfisti.

327 764 345 783 D
355 765 363 782 1
373 763 391 781 V
402 761 417 780 E
426 760 444 779 R
453 759 552 780 SORIV
563 759 592 783 S,
616 759 647 783 ὃ,
673 759 727 776 um.
771 747 831 775 Adi.
871 747 1082 781 [καταγωγιαῖας]

291 789 433 819 diuersoria
449 789 529 814 Plaut.
542 787 612 813 Men.
632 794 658 818 2.,
671 794 693 817 3,
709 790 744 815 81.
798 784 867 810 Suet.
880 784 982 810 Neron.
1003 792 1024 808 c.
1040 789 1072 816 27
1110 778 1252 814 Dispositae
1272 784 1316 810 per

289 828 366 853 litora
379 830 404 850 et
416 824 484 857 ripas
503 821 664 848 diuersoriae
676 820 806 848 tabernae.
847 818 920 854 Conf.
936 817 1076 845 Bourdclot.
1090 823 1114 842 et
1129 816 1213 843 Burm.
1228 812 1260 840 ad
1273 812 1317 838 Pe—

288 868 356 888 tron.
424 878 429 884 .
464 867 488 883 o.

324 868 678 924 υιὲιξκῖοῑηωυνε,
695 891 715 918 ἰ.
735 899 771 918 m.
807 886 938 921 πανδοχεῦς
974 887 1051 914 Gloss‘.
1071 887 1117 913 Gr.
1136 886 1193 912 Lat.

325 935 529 959 D1VERsvs,
548 936 578 959 a,
604 936 658 953 um.
693 925 752 953 Adi.

287 964 409 1000 vertitfi.
447 964 518 990 Caes.
532 963 560 989 B.
575 962 606 989 G.
621 971 645 994 2,
660 971 694 994 24
718 963 809 995 Qium
822 959 952 987 Numidas
965 958 1084 985 diuersos
1095 957 1274 991 dissipatosque
1290 962 1317 978 m

287 1008 377 1027 omnes
396 1005 481 1034 partes
500 999 591 1033 fugere
608 998 736 1024 vidissent.
806 996 862 1030 Age
878 995 993 1021 diuersas
1011 1002 1099 1019 naues.
1121 994 1182 1026 Qio
1198 990 1317 1016 diuersus

287 1035 360 1062 abis?
378 1036 452 1069 Virg.
468 1035 531 1061 Aen.
551 1041 574 1066 ς,
586 1035 639 1059 166.
674 1031 747 1060 Idem
761 1032 825 1058 Aen.
839 1040 858 1064 1,
870 1038 913 1065 70.
948 1031 1038 1063 Qtum
1052 1028 1146 1054 diuersi
1160 1025 1319 1053 discessiffent

286 1071 357 1105 Nep.
373 1079 411 1104 14,
427 1079 456 1101 11,
468 1078 490 1102 3.
525 1068 669 1095 Distendite
684 1067 819 1094 hominem
831 1066 964 1092 diuersum
985 1064 1065 1091 Plaut.
1078 1063 1138 1090 Mil.
1153 1070 1176 1095 ς,
1194 1071 1232 1095 14.
1253 1063 1270 1086 i.
1290 1062 1318 1085 in

282 1113 372 1143 partes
386 1105 514 1141 oppositas.

289 1141 362 1168 chas:
382 1150 461 1175 nugas
479 1139 604 1167 maximas
616 1139 701 1165 Fuisse
714 1138 801 1171 credo,
823 1143 913 1172 praeut
930 1144 984 1170 quo
997 1135 1073 1170 pa&o
1087 1143 1136 1169 ego
1150 1133 1267 1159 diuersus
1280 1130 1319 1156 di-

287 1177 397 1204 strahor.
551 1171 571 1210 fl
593 1182 605 1200 2
643 1173 690 1200 Sed
706 1174 782 1199 multo
801 1174 877 1199 latius
888 1178 961 1208 patet
981 1171 1123 1202 Diuersus,
1149 1179 1178 1195 ac
1193 1175 1239 1204 pro
1259 1167 1320 1192 Con-

287 1215 382 1243 trario,
402 1212 442 1237 vel
459 1208 588 1245 Oppofiw,
607 1215 630 1235 et
641 1208 752 1244 Aduerfi)
762 1210 881 1243 ponitur:
907 1214 952 1233 aut
969 1209 1041 1233 etiam
1061 1205 1087 1240 dzj
1109 1206 1171 1231 miili
1190 1211 1213 1230 et
1231 1204 1319 1229 vario:

287 1254 318 1275 vt
328 1247 455 1282 fiquentia
468 1246 609 1271 declarant:
644 1243 775 1270 Sententia
787 1243 873 1277 priori
886 1242 988 1269 diuersa
1007 1241 1097 1274 Qiint:
1110 1261 1115 1267 .
1129 1249 1154 1272 2,
1167 1248 1188 1272 3.
1244 1239 1321 1271 Quae

289 1281 450 1313 commodis,
463 1280 591 1311 vtilitate,
603 1284 629 1305 et
648 1287 729 1314 prope
742 1284 833 1305 natura
848 1278 951 1305 diuersa
968 1278 1041 1309 sunt,
1060 1276 1197 1303 voluntate
1212 1275 1320 1300 coniun-

288 1327 351 1353 gere
370 1315 476 1343 difficile
497 1314 531 1340 est
557 1315 612 1341 Cic.
627 1315 679 1348 Ql.
693 1315 762 1342 Frat.
778 1322 798 1347 1,
813 1323 833 1346 1,
850 1322 885 1340 12.
956 1312 1030 1339 Idem
1044 1311 1123 1339 Acad.
1142 1321 1170 1343 4,
1191 1318 1232 1336 101
1249 1318 1269 1334 c.
1289 1316 1320 1340 32

289 1354 367 1380 certa
382 1352 463 1386 igitur
476 1359 534 1377 cum
547 1349 666 1384 illo,qui
677 1358 692 1376 a
704 1356 729 1376 tc
743 1356 813 1376 totus
827 1349 945 1375 diuersus
957 1348 1001 1375 est.
1071 1349 1102 1374 Et
1113 1347 1144 1372 dc
1158 1345 1228 1373 Clar.
1244 1345 1320 1370 Orat.

288 1395 339 1422 307
360 1396 379 1413 c.
392 1395 425 1419 90
461 1386 533 1412 Haec
546 1385 671 1412 videntur
691 1386 738 1411 esse
751 1394 766 1411 a
779 1384 909 1419 proposita
923 1384 1026 1411 ratione
1040 1382 1150 1409 diuersa.
1221 1380 1276 1406 Cic.
1292 1379 1321 1405 in

288 1424 377 1450 Somn.
392 1421 456 1456 Scip.
470 1429 494 1453 15
511 1430 532 1446 c.
546 1423 562 1447 6
599 1420 691 1447 Cernis
712 1426 800 1447 autem
818 1419 926 1446 eandem
940 1424 1053 1450 terram,
1073 1417 1143 1453 quasi
1162 1413 1323 1450 quibusdam

699 400 732 426 lla
752 404 776 425 et
793 395 935 423 amoenitas
947 394 1008 424 illa,
1029 390 1244 420 commorationis
1262 388 1308 420 est,
1331 396 1345 422 ς

1282 566 1313 590 Et
1328 574 1357 592 10

1123 745 1157 771 Vt
1165 763 1172 776 ‚
1189 741 1316 769 Taberna
1331 748 1356 774 15

795 925 925 958 [οἷλλοῖος,
944 921 1083 956 πολυειδὴς]
1126 923 1176 956 Qn'
1202 917 1317 957 aliorsum
1329 929 1364 948 20

569 1103 640 1129 Idem
654 1104 736 1129 Merc.
751 1111 776 1135 2,
790 1112 818 1136 4,
831 1110 847 1128 2
872 1100 1013 1128 Pantheum
1027 1099 1160 1134 diripuisse
1172 1098 1247 1124 aiunt
1258 1096 1319 1122 Bac-
1330 1109 1362 1136 25

1331 1289 1364 1314 3ο

285 1458 436 1485 redimitam
457 1462 483 1482 et
502 1455 687 1482 circumdatam
707 1455 831 1489 cingulis:
857 1464 871 1481 e
885 1454 982 1488 quibus
1001 1453 1067 1480 duos
1086 1452 1200 1479 maxime
1214 1451 1282 1477 inter
1296 1451 1322 1477 se
1336 1465 1364 1492 33

287 1493 419 1524 diuersos,
439 1498 465 1517 et
485 1490 550 1517 caeli
570 1490 714 1517 verticibus
732 1490 792 1524 ipsis
809 1497 842 1516 ex
858 1495 970 1523 vti-aque
992 1494 1064 1523 parte
1084 1488 1224 1518 subnixos,
1248 1486 1322 1512 obri-

287 1530 366 1563 guiu‘e
380 1528 475 1562 pruina
487 1526 570 1553 vides.
640 1525 699 1552 Sall.
713 1525 791 1551 Catil.
806 1531 819 1557 ς
849 1523 952 1550 Peffima
963 1532 992 1549 ac
1009 1522 1112 1549 diuersa
1123 1520 1193 1548 inter
1206 1522 1231 1547 se
1244 1521 1322 1553 mala,

289 1564 394 1591 luxuria
414 1569 491 1596 atque
515 1560 633 1588 auaritia.
703 1561 760 1587 Cic.
773 1559 874 1594 Topic.
887 1566 914 1591 53
936 1567 958 1584 c.
973 1567 1001 1584 12
1041 1558 1168 1590 Deinceps
1189 1556 1225 1582 est
1250 1556 1323 1581 locus

284 1598 497 1626 Dialecticorum
517 1596 639 1631 proprius
650 1604 681 1621 ex
701 1594 920 1629 consequentibus
940 1600 965 1620 et
977 1592 1190 1621 antecedentibus
1201 1596 1226 1617 et
1246 1598 1323 1624 repu-

307 1633 444 1665 nantibus,
465 1631 512 1667 qui
528 1631 608 1657 etiam
628 1630 661 1656 ab
680 1630 811 1656 adiunGtis
827 1630 904 1664 longe
925 1629 1043 1655 diuersus
1063 1628 1106 1654 est.

302 1671 354 1704 ipp.
369 1678 391 1702 ς,
405 1677 441 1701 49
461 1666 617 1700 Longiffime
627 1665 729 1692 diuersa
741 1666 818 1692 ratio.
887 1664 953 1691 Plin.
968 1673 1004 1696 19,
1018 1664 1132 1693 8'Eruca
1146 1661 1264 1689 diuersae
1277 1660 1322 1692 est,

292 1714 369 1740 quam
384 1703 482 1730 lae'tuca
495 1707 609 1728 naturae.
681 1700 810 1735 Qxinetil.
825 1708 846 1732 1,
858 1708 886 1732 4,
901 1708 930 1731 29
966 1699 1074 1735 Pransus
1094 1704 1174 1732 atque
1188 1703 1263 1731 potus
1284 1695 1324 1721 di-

289 1741 393 1768 versum
408 1739 496 1765 valent
509 1746 587 1772 quam
599 1736 723 1763 iudicant.
794 1735 849 1762 Cic.
863 1734 895 1760 de
906 1736 1006 1761 Inuent.
1022 1743 1043 1767 1,
1057 1743 1083 1766 33
1115 1734 1175 1760 Hoc
1187 1733 1196 1758 i
1216 1732 1271 1757 itur
1282 1730 1324 1756 vi-

289 1775 398 1802 tandum
412 1773 463 1805 est,
482 1782 515 1798 nc
532 1772 605 1798 cuius
626 1780 705 1806 genus
725 1770 852 1805 posueris,
871 1770 927 1796 eius
941 1771 1027 1796 secum
1041 1769 1173 1803 aliquam,
1190 1741 1265 1793 figenti
1285 1764 1324 1791 di-

289 1810 392 1837 versam
415 1813 440 1833 et
459 1805 606 1835 dissimilcm
628 1812 729 1840 partem
749 1815 828 1840 ponas
847 1806 876 1831 in
895 1805 985 1832 eadem
1008 1804 1159 1840 partitione.

289 1845 358 1871 Ann.
373 1851 412 1876 14,
426 1850 457 1874 3ο
479 1840 565 1867 Stabat
579 1849 628 1874 pro
640 1841 720 1867 litore
733 1840 836 1867 diuersa
848 1841 938 1871 Acies,
957 1840 1009 1867 vid.
1027 1846 1070 1866 AC
1079 1845 1111 1865 1E
1120 1845 1143 1866 s.
1215 1836 1326 1863 Animos

291 1879 409 1907 diuersos
426 1876 538 1908 ducere,
560 1878 580 1900 i.
599 1875 705 1909 Diuersa
721 1884 748 1901 co
767 1879 831 1901 itare
850 1876 943 1902 Claud.
964 1876 995 1901 de
1015 1876 1090 1908 Rapt.
1104 1873 1220 1905 Proserp.
1239 1880 1259 1902 1,
1277 1878 1326 1903 119.

291 1914 339 1943 Sed
357 1914 424 1939 Tac.
439 1911 506 1938 Hist.
528 1919 555 1942 4,
575 1915 608 1944 84
644 1909 736 1936 Animi
768 1910 882 1939 iuerfus,
902 1912 920 1934 i.
938 1912 1036 1939 varius,
1049 1912 1168 1936 incertus,
1184 1905 1265 1931 modo
1279 1913 1327 1931 nu-

292 1959 354 1978 men
366 1948 501 1983 pauesccre
511 1965 519 1977 ‚
533 1944 614 1970 modo
626 1944 704 1970 minis
717 1950 762 1971 etc.
817 1942 916 1969 Caedes
929 1943 1048 1969 diuersae
1059 1942 1134 1974 Virg.
1144 1942 1208 1966 Aen.
1222 1947 1259 1969 12,
1268 1945 1326 1969 500.

1176 1625 1249 1653 1dem
1265 1624 1323 1652 Phi·
1329 1638 1366 1663 40

1231 1800 1324 1826 Tacit.
1330 1813 1364 1839 43

293 1984 402 2013 Diuersa
415 1982 446 2008 de
465 1980 563 2012 Causa,
583 1982 601 2005 i.
619 1979 722 2014 Prorsus
737 1979 787 2005 alta
806 1984 828 2004 rt
847 1979 991 2003 contraria.-
1028 1977 1129 2006 Varro,
1145 1975 1235 2007 Itaque
1255 1971 1328 1998 insti·
1338 1983 1371 2010 50

293 2027 381 2048 tutum
392 2018 496 2044 diuersa
509 2015 540 2041 dc
554 2014 650 2045 Causa,
668 2020 696 2039 vt
716 2013 748 2039 ad
766 2012 831 2038 alius
846 2013 894 2038 Dei
906 2020 978 2038 aram
996 2019 1027 2038 ex
1047 2010 1155 2044 caprino
1173 2016 1267 2043 genere
1281 2006 1329 2033 ho—

294 2056 342 2084 stia
355 2054 540 2082 adduceretur,
558 2050 590 2076 ad
609 2049 675 2075 alius
694 2057 748 2075 non
765 2047 959 2074 sacrificaretur.
1031 2046 1117 2073 Curae
1139 2044 1259 2071 diuersae
1279 2051 1328 2068 vo-

295 2097 355 2118 cant
375 2090 492 2116 animum
516 2086 544 2112 in
568 2084 699 2111 contraria
723 2083 798 2117 Virg.
818 2083 882 2108 Aen.
904 2091 937 2113 12,
954 2086 1015 2115 487.
1087 2079 1207 2111 Diuersi,
1219 2077 1328 2115 fiabaud.

295 2128 422 2155 Homines.
454 2123 511 2149 Cic.
524 2120 635 2154 Philipp.
650 2128 673 2151 2,
685 2127 714 2152 93
748 2119 811 2145 Sunt
828 2125 857 2144 ca
874 2117 982 2152 quidem
996 2115 1215 2145 innumerabilia,
1232 2122 1299 2149 quae
1313 2121 1329 2140 a

296 2161 404 2190 diuerfis
417 2158 568 2185 emebantur
582 2163 634 2181 non
649 2154 774 2181 insciente
795 2159 830 2180 tc.

294 2196 419 2225 omnibus
435 2194 507 2220 annis
520 2192 617 2219 Omnia
635 2189 809 2220 conueniunt,
832 2196 872 2214 res
891 2188 963 2222 prius
983 2193 1042 2222 apta
1059 2193 1136 2214 nocet
1155 2187 1238 2212 Vetus
1251 2186 1330 2211 Poeta

296 2234 343 2261 sub
359 2234 438 2259 Corn.
451 2229 520 2255 Galli
538 2228 644 2253 nomine
664 2234 682 2256 1,
699 2233 748 2257 103.
819 2223 991 2250 TacinAnn.
1004 2232 1041 2256 12,
1055 2226 1088 2255 69
1124 2223 1189 2248 Mox
1207 2220 1281 2247 nullo
1300 2221 1329 2246 in

299 2269 430 2295 diuersum
443 2264 563 2294 auctore,
580 2270 647 2297 quae
660 2259 837 2287 offerebantur
849 2259 930 2285 secuti
944 2259 1011 2284 sunt.
1082 2257 1157 2285 Idem
1170 2257 1238 2283 Ann.
1254 2265 1286 2288 11,
1301 2263 1329 2288 19

298 2306 436 2332 Caeterum
451 2302 471 2326 is
482 2306 566 2326 terror
579 2297 678 2324 milites
691 2295 827 2329 hostesque
845 2293 874 2320 in
888 2294 1020 2320 diuersum
1034 2293 1128 2319 affecit.
1191 2292 1251 2318 Liu.
1266 2300 1288 2323 1,
1299 2295 1330 2321 28

900 2152 1024 2179 Diuersos
1037 2151 1140 2178 diuersa
1154 2151 1262 2182 iuuant,
1275 2158 1329 2175 non
1344 2156 1372 2183 53

299 2338 399 2367 Exinde
419 2335 516 2363 duabus
535 2333 647 2359 admotis
665 2330 814 2366 quadrigis,
832 2330 861 2355 in
880 2338 970 2355 currus
987 2338 1076 2355 earum
1090 2328 1232 2355 distentum
1245 2327 1373 2361 illigat60

298 2376 411 2403 Metium
420 2392 428 2405 ,
449 2370 540 2398 deinde
554 2370 583 2395 in
594 2368 728 2395 diuersum
740 2365 803 2400 equi
815 2364 954 2395 concitati,
970 2364 1084 2389 lacerum
1098 2364 1126 2389 in
1139 2370 1254 2396 vti-oque
1273 2371 1331 2388 cur-

299 2420 331 2439 ru
346 2417 455 2443 corpus,
474 2415 525 2441 qua
539 2404 702 2431 inhaeserant
721 2401 835 2429 vinculis
854 2400 973 2426 membra
985 2404 1127 2432 portantes.
1197 2399 1227 2424 In
1244 2396 1331 2422 diuer-

773 2438 803 2463 In
823 2435 956 2462 diuersum
970 2433 1066 2464 sterni,
1083 2432 1138 2459 vid.
1161 2438 1207 2458 IN.
1278 2432 1332 2457 Iter

298 2447 356 2472 suni
369 2443 488 2473 curuati,
508 2440 559 2467 vid.
582 2445 703 2466 CVRVO.

1145 2467 1200 2493 Cic.
1216 2466 1247 2492 de
1260 2466 1332 2492 Clar.

301 2481 433 2508 diuersum
450 2479 560 2513 quisque
573 2475 710 2510 sequimur
731 2471 812 2500 Ouid.
825 2480 855 2498 ex
868 2472 952 2497 Ponto
965 2478 986 2500 2,
1002 2477 1037 2499 ιο,
1052 2473 1085 2498 18.

302 2518 376 2544 Orat.
394 2520 437 2547 238
474 2513 663 2539 Confluxerunt
680 2508 752 2536 enim
771 2514 796 2534 et
817 2506 946 2537 Athenas,
965 2511 990 2531 et
1008 2504 1036 2530 in
1058 2503 1123 2530 hanc
1140 2502 1234 2529 vrbem
1254 2501 1332 2527 multi
1345 2511 1377 2542 63

303 2551 441 2585 inquinate
453 2549 587 2582 loquentes
600 2555 632 2572 ex
645 2543 754 2571 diuerlis
768 2544 853 2569 Locis.
908 2541 982 2568 Idem
996 2549 1044 2574 pro
1057 2540 1126 2572 Lege
1138 2537 1232 2564 Manil.
1246 2545 1262 2569 9
1278 2546 1300 2563 c.
1314 2545 1333 2569 4

305 2588 342 2613 Vt
361 2593 442 2619 quum
455 2582 556 2609 duobus
569 2581 597 2608 in
610 2581 686 2607 Locis
705 2577 927 2607 disiunfitiffimis,
945 2576 1113 2608 maximeque
1131 2573 1257 2604 diuersis,
1281 2580 1335 2598 vno

304 2621 432 2651 confilio,
455 2618 487 2644 ab
509 2618 567 2643 vnis
590 2616 703 2642 hostium
726 2615 808 2648 copiis
827 2613 925 2639 bellum
947 2618 1032 2643 terra,
1051 2610 1171 2644 marique
1191 2613 1335 2643 gereretur.

305 2655 442 2690 Diffiigere
459 2652 543 2688 paffim
558 2660 602 2686 per
616 2652 716 2677 diuersa
728 2651 798 2676 Loca
817 2649 892 2683 Virg.
903 2648 968 2674 Aen.
983 2655 1006 2679 ς,
1018 2648 1070 2680 676
1150 2645 1219 2671 Loca
1233 2643 1337 2669 diuersa

307 2693 420 2727 petimus
437 2688 516 2715 Ouid.
531 2687 613 2714 Trist.
628 2691 656 2717 51,
673 2695 699 2719 9,
717 2694 760 2719 49.
832 2685 888 2710 Cic.
909 2692 956 2718 pro
982 2683 1050 2716 Lege

309 2737 342 2754 ex
359 2727 437 2753 Locis
454 2732 505 2750 tam
521 2722 687 2756 longinquis,
711 2728 763 2747 tam
784 2719 908 2751 diuersis,
933 2726 985 2745 tam
1005 2717 1082 2744 breui
1104 2722 1225 2750 tempore
1245 2722 1337 2740 omnes

308 2771 359 2790 vna
371 2761 433 2787 huic
447 2760 471 2795 se
485 2758 647 2785 dediderunt.
719 2757 792 2783 Mens
805 2755 905 2781 diuersa
924 2754 985 2781 Stat.
999 2752 1094 2779 Achill.
1110 2761 1126 2783 1,
1141 2760 1198 2777 200.
1219 2753 1237 2776 i.
1257 2753 1285 2777 in
1301 2749 1339 2776 di-

308 2798 394 2832 verfiis
413 2797 571 2831 cogitationes
590 2790 718 2824 dtflraffa.
756 2791 801 2818 Sed
813 2792 858 2817 Sil.
873 2796 895 2822 8,
909 2799 947 2823 351
974 2790 1095 2815 Varronis
1108 2794 1132 2813 et
1143 2788 1246 2814 Aemilii
1264 2786 1342 2812 Mens

310 2832 429 2863 diuersa,
448 2833 466 2856 i.
488 2831 623 2854 contraria.
709 2827 793 2852 Partes
811 2826 928 2853 diuersae
948 2825 1073 2856 dicuntur,
1092 2825 1160 2859 Quae
1172 2826 1237 2850 inter
1253 2821 1281 2858 sc
1301 2820 1340 2846 de-

1741 156 1779 195 D
1867 157 1883 197 1
1976 155 2015 198 V
2332 128 2413 207 323Χ

1369 245 1440 274 inter
1451 247 1518 275 hanc
1531 248 1614 275 aciem
1627 246 1681 274 fori
1696 251 1721 273 et
1734 245 1822 272 nostra
1837 245 1885 273 illa
1903 247 1998 275 secreta
2011 246 2161 276 studiorum
2179 247 2304 277 exercitia
2317 247 2405 277 diuer-

1372 282 1428 309 sitas
1441 284 1549 310 fiumen.
1565 292 1614 318 pro
1626 282 1684 309 rest.
1697 281 1776 309 schol.
1793 290 1815 307 c.
1828 290 1851 308 2.

1410 324 1429 343 D
1438 325 1449 344 1
1457 325 1477 344 V
1486 326 1529 346 ER
1538 326 1560 346 T
1569 327 1577 345 1
1586 326 1602 346 C
1610 318 1631 345 V
1641 325 1657 344 L
1667 326 1687 344 V
1697 325 1721 344 M
1731 338 1739 350 ,
1758 317 1776 343 i.
1795 325 1821 342 n.
1855 317 2028 352 [uu-nixatur,
2047 318 2170 353 οἷτραπός,
2186 319 2316 356 dream-nis
2364 315 2406 352 Est

1372 352 1415 378 vbi
1429 354 1480 380 Iter
1493 354 1521 380 de
1533 353 1708 390 viafletiitur.
1745 353 1774 379 Et
1795 352 1902 387 proprie
1913 352 2069 381 diuerticula
2081 354 2204 381 dicuntur
2217 357 2246 382 in
2265 355 2309 382 via
2322 321 2408 381 domi-

1375 388 1453 427 cilia,
1471 389 1503 415 ad
1517 398 1582 424 quae
1601 389 1632 415 de
1653 389 1748 416 itinere
1764 387 1950 415 diuertendum
1965 389 2002 416 fit.
2058 389 2125 416 Ter.
2139 390 2203 416 Eun.
2222 401 2251 424 4,
2265 399 2287 422 2,
2299 398 2316 424 7
2351 389 2407 416 Vbi

1374 422 1407 465 ad
1423 423 1506 458 ipsum
1519 426 1582 451 veni
1594 424 1781 451 diuerticulum
1789 443 1798 456 ,
1813 423 1927 449 constiti.
1963 425 2029 452 Haec
2043 426 2169 452 Donatus.
2240 425 2407 452 Diuerticula

1374 458 1477 494 (mquit
1490 459 1597 499 Seruius
1610 459 1644 486 ad
1657 461 1721 487 Aen.
1737 468 1763 492 9,
1777 462 1844 493 379)
1869 459 1927 484 sunt
1940 457 2050 487 Semitae
2061 461 2233 492 transuersae,
2243 469 2310 495 quae
2323 462 2381 487 sunt
2393 469 2409 488 a

1374 494 1455 520 latere
1469 502 1528 520 v1ae
1540 495 1671 522 militaris.
1713 495 1778 522 Plin.
1795 504 1834 527 14,
1849 502 1860 525 3
1886 493 1989 519 Decimi
2001 494 2093 529 lapidis
2106 496 2138 522 ab
2152 496 2224 523 Vrbe
2237 496 2408 522 diuerticulo.

1376 529 1448 565 Cous.
1468 529 1538 569 S-uet.
1557 530 1622 557 Ner.
1644 540 1665 557 c.
1679 536 1720 564 48.
1791 529 1914 556 Martian.
1936 529 1964 554 in
1986 528 2003 554 l.
2027 529 2044 555 fi
2062 532 2199 566 quisquam
2219 531 2251 558 D.
2265 531 2297 558 de
2311 531 2409 558 diuers.

1376 566 1526 605 praescript.
1543 565 1570 591 Si
1583 567 1720 600 quisquam
1739 566 1768 592 in
1780 565 1896 591 fluminis
1915 564 2018 599 publici
2031 564 2189 594 diuerticulo
2202 566 2322 601 pluribus
2335 566 2411 594 annis

1377 601 1494 640 piscatus
1506 600 1550 632 fit,
1564 606 1613 639 etc..
1677 603 1726 628 Pro
1741 601 1900 636 Diues-sorio:
1938 599 1997 626 Liu.
2013 608 2033 632 1,
2045 607 2071 634 7,
2083 609 2102 634 4
2120 603 2209 636 Quum
2230 602 2311 636 gladii
2326 602 2412 630 abditi

1380 644 1412 662 ex
1425 636 1548 662 omnibus
1562 635 1627 668 locis
1638 635 1791 663 diuerticuli
1803 635 2030 670 protraherentur,
2046 642 2091 661 etc.
2159 637 2364 670 Diuerticulum,
2378 643 2414 664 et-

1378 674 1429 698 iam
1443 669 1634 702 dicimus‚vnde
1647 680 1692 696 nos
1704 670 1851 707 apropofito
1863 671 2005 705 rece-[fimus.
2041 669 2082 696 Ab
2095 679 2183 698 rerum
2194 673 2289 699 ordine
2301 672 2414 699 declina-

1376 716 1406 733 re
1419 706 1644 740 varietatibusque
1663 706 1845 741 distinguendo
1864 715 1945 740 opera
1962 712 1987 732 et
2002 705 2148 740 legentibus
2165 708 2237 735 velut
2255 708 2415 735 diuet-sicula

1377 751 1488 769 amoena
1500 747 1525 768 et
1538 742 1659 776 requiem
1672 741 1761 768 animo
1774 743 1821 768 suo
1835 750 1962 776 quaerere
1976 742 2036 767 Liu.
2050 750 2075 773 9,
2091 749 2127 776 17.
2171 743 2261 770 quen.
2270 744 2319 771 Sat.
2334 751 2367 777 15,
2376 750 2413 778 7²¹

1379 778 1401 804 A
1415 777 1574 804 diuerticulo
1593 781 1726 810 repetatur
1741 776 1831 803 sabula
1848 778 1945 811 primo.
1981 777 2054 812 Conf.
2068 776 2123 803 Val.
2138 777 2209 804 Max.
2221 788 2247 812 2,
2261 781 2287 812 6,
2301 788 2326 812 9.
2360 779 2414 806 Ru-

1380 813 1422 840 til.
1438 813 1500 839 Itin.
1517 821 1540 845 2,
1555 815 1592 839 61.
1663 811 1718 837 Cic.
1729 817 1780 846 pro
1793 813 1869 840 Rosc.
1884 813 1962 840 Com.
1974 820 2000 843 51
2036 813 2095 839 Hoc
2109 820 2191 846 quum
2210 814 2284 841 sentit
2298 815 2418 841 Saturius

1381 849 1429 889 esse
1449 854 1586 888 apertum,
1606 847 1721 874 resistere
1745 852 1771 873 et
1791 856 1936 882 repugnare
1958 853 2050 874 contra
2081 848 2222 874 veritatem
2243 858 2296 876 non
2321 849 2418 876 audete

1381 883 1453 911 aluid
1472 883 1572 911 fraudis
1590 889 1616 909 et
1635 882 1790 908 insidiarum
1808 882 1837 908 in
1854 883 1948 909 eodem
1967 883 2079 917 vestigio
2099 883 2289 910 diuerticulum
2307 885 2417 920 reperit.

1380 919 1575 946 Diucrticulum
1595 927 1722 953 quaerere
1741 917 1867 952 peccatis,
1879 925 1923 944 aut
1936 918 2004 945 dolis
2016 919 2098 945 Plaut.
2111 920 2186 954 Capt.
2199 928 2220 951 3,
2234 928 2257 952 3,
2271 924 2294 950 8.
2347 922 2420 947 Con-

1383 955 1474 989 fugere
1494 954 1526 981 ad
1546 954 1705 980 diuerticula
1725 953 1836 979 desidiae
1856 953 1984 986 Qiinffil.
2004 963 2037 985 12,
2056 963 2068 986 3
2088 962 2152 981 extr.
2204 955 2418 990 ApudAEundenz

1382 999 1416 1024 9,
1435 999 1451 1017 2
1485 989 1650 1016 Diuerticula
1670 994 1697 1015 et
1717 988 1866 1020 anfra&us,
1885 994 1910 1014 et
1929 989 2038 1023 suffugia
2056 991 2114 1017 sunt
2132 989 2305 1017 infirmitatis.
2361 991 2420 1018 Cic.

1382 1027 1411 1052 in
1424 1026 1510 1052 Partit.
1527 1028 1569 1058 136
1599 1025 1643 1051 Ne
1662 1024 1821 1051 diuerticula
1840 1023 1952 1058 peccatis
1971 1024 2102 1052 darentur.
2157 1025 2230 1052 Idem
2248 1026 2277 1052 in
2290 1026 2375 1053 Pison.
2388 1033 2422 1059 53

1383 1063 1457 1094 Qios
1469 1067 1498 1087 tu
1509 1059 1683 1093 Maeandros,
1701 1060 1764 1086 dum
1779 1068 1870 1086 omnes
1883 1059 2037 1087 solitudines
2057 1061 2238 1097 persequeris,
2253 1070 2320 1097 quae
2332 1061 2421 1090 diuet.

1383 1097 1480 1129 ticula,
1493 1097 1672 1131 flexionesque
1686 1095 1823 1130 quaefistiZ
1994 1118 2001 1121 .
2110 1104 2113 1105 ⁷
2420 1116 2427 1119 .

1420 1138 1619 1164 nrvervro,
1638 1132 1676 1164 ti,
1697 1132 1770 1163 sum,
1791 1133 1845 1158 ere.
1873 1130 1914 1157 vel
1940 1136 2162 1166 DIVERTOR,
2183 1133 2251 1166 eris,
2270 1132 2301 1160 ti.
2324 1134 2422 1165 [καιτοι.

1383 1167 1454 1202 λύω]
1491 1167 1563 1202 de
1574 1167 1701 1204 scribitur
1720 1170 1792 1193 etiam
1810 1172 1982 1199 DEVERTO‚
2007 1167 2152 1200 differentia
2166 1176 2209 1195 aut
2227 1169 2296 1195 nulla
2309 1175 2353 1195 aut
2372 1171 2424 1195 exi·

1384 1213 1450 1240 gua,
1470 1201 1502 1236 est
1523 1202 1552 1228 de
1577 1206 1622 1228 via
1643 1209 1667 1228 et
1687 1205 1714 1228 in
1729 1202 1850 1238 diuersam
1869 1208 1968 1237 partem
1990 1202 2118 1235 decedere,
2131 1204 2237 1230 curandi
2251 1207 2363 1240 corporis
2379 1209 2441 1231 aut.

1383 1247 1523 1275 quacunque
1534 1239 1586 1264 alia
1597 1237 1625 1264 de
1639 1238 1726 1274 causa:
1740 1242 1813 1270 item,
1825 1240 1853 1263 in
1863 1238 1968 1274 hospitio
1983 1236 2026 1271 effi:
2039 1244 2063 1264 et
2075 1242 2236 1271 commorari,
2253 1239 2316 1275 quod
2328 1239 2425 1266 Diuer-
2452 1259 2454 1264 .

1386 1274 1435 1301 sari
1455 1277 1529 1300 etiam
1548 1273 1642 1300 dicunt.
1686 1273 1763 1308 Apud
1784 1276 1886 1300 comicos
1908 1275 2000 1309 legitur
2022 1280 2047 1300 et
2064 1274 2196 1305 Deuorto,
2207 1275 2262 1308 flue
2281 1276 2425 1302 Deuortor.
2445 1276 2450 1279 ‘

1385 1310 1535 1336 Diuerterat
1549 1308 1582 1336 ad
1589 1309 1745 1335 Terentiam
1759 1309 1896 1335 salutatum
1909 1309 1965 1335 Cic.
1974 1310 2028 1335 Att.
2043 1317 2080 1341 10,
2095 1314 2129 1339 18.
2162 1309 2319 1337 IdemVerr.
2333 1319 2357 1343 3,
2383 1330 2391 1337 .
2415 1329 2425 1337 .

1385 1346 1524 1380 Locusque
1541 1344 1567 1370 ei
1588 1344 1693 1378 publice
1699 1364 1708 1376 ,
1728 1353 1781 1380 quo
1795 1344 1989 1376 diuerteretur‚
2002 1343 2075 1370 datus
2095 1344 2140 1371 est.
2212 1346 2235 1372 A
2246 1345 2427 1372 matrimonii!

1385 1381 1547 1408 diuet-tentes
1560 1380 1628 1406 Gell.
1643 1390 1670 1414 4,
1684 1389 1705 1412 3.
1776 1380 1832 1407 Cic.
1848 1379 1885 1406 de«
1893 1380 1987 1406 Diuin.
2001 1388 2020 1410 1,
2035 1387 2066 1414 57
2083 1389 2105 1406 c.
2118 1387 2149 1415 27
2185 1382 2275 1414 Quum
2295 1380 2348 1408 duo
2367 1381 2428 1416 qui-

1385 1416 1446 1443 dam
1457 1415 1569 1443 Arcades
1581 1415 1724 1442 familiares
1736 1424 1788 1442 vna
1800 1415 1853 1442 iter
1867 1415 1997 1448 facerent,
2018 1421 2043 1442 et
2056 1416 2190 1450 Megaram
2210 1416 2352 1448 venissent,
2364 1417 2429 1444 alte-

1385 1462 1446 1480 rum
1459 1452 1491 1478 ad
1504 1459 1647 1485 cauponam
1662 1450 1810 1484 diuertitse,
1827 1450 1860 1477 ad
1872 1450 2003 1485 hospitem
2016 1450 2146 1483 alterum,
2158 1458 2204 1479 etc.
2241 1452 2309 1479 Adel.
2329 1452 2361 1478 de
2372 1452 2425 1487 fin.

1384 1495 1399 1522 5
1411 1497 1441 1528 c..
1449 1494 1473 1515 2.
1545 1486 1627 1514 l'laut.
1646 1487 1726 1514 Poen.
1743 1495 1766 1519 3,
1779 1495 1802 1519 3,
1816 1489 1851 1513 60
1885 1487 1924 1513 Vt
1938 1486 2090 1513 diuortatur
2108 1487 2141 1513 ad
2164 1496 2206 1513 me
2230 1487 2259 1513 in
2281 1487 2433 1522 hospitium
2458 1499 2460 1501 >

1386 1529 1529 1558 optimum.
1564 1557 1568 1561 Ι
1601 1522 1661 1548 Liu.
1682 1530 1727 1555 42,
1747 1531 1757 1548 1
1798 1523 1899 1548 Domus
1918 1530 2013 1548 eorum
2032 1521 2181 1556 hospitibus
2200 1522 2339 1556 patebant,
2359 1521 2429 1557 apud
2461 1532 2467 1536 ·

1387 1567 1453 1592 quos
1468 1557 1528 1592 ipsis
1543 1556 1645 1583 diuerti
1663 1566 1722 1583 mos
1738 1558 1806 1584 esset.
1877 1557 1959 1584 Plaut.
1980 1557 2041 1584 Mil.
2060 1566 2086 1590 2,
2103 1566 2122 1588 1,
2136 1564 2167 1592 57
2207 1557 2323 1585 Aduolat
2341 1558 2430 1585 adole-

1387 1594 1476 1624 scens,
1500 1597 1579 1626 atque
1594 1592 1622 1617 in
1636 1594 1761 1626 proximo
1774 1592 1918 1618 diuertitur
1930 1592 1997 1626 apud
2018 1592 2148 1627 hospitem
2163 1597 2310 1626 paternum.
2380 1593 2431 1621 Di.
2462 1595 2467 1598 “

1387 1634 1492 1655 vertere
1513 1627 1542 1653 in
1560 1626 1696 1653 tabernam
1716 1628 1772 1653 Cic.
1792 1626 1824 1652 de
1836 1628 1939 1653 Inuent.
1953 1636 1979 1659 2,
1994 1636 2024 1660 14
2043 1637 2064 1654 c.
2078 1637 2104 1661 4.
2176 1629 2253 1655 Varr.
2267 1629 2299 1655 de
2311 1628 2343 1655 R.
2357 1629 2390 1656 R.
2399 1637 2428 1662 2,

1388 1672 1411 1690 11
1425 1670 1490 1690 extr.
1508 1662 1595 1689 Vituli
1615 1662 1727 1690 libertus
1747 1663 1776 1688 in
1793 1661 1888 1689 vrbem
1898 1663 2008 1688 veniens
2022 1672 2054 1689 ex
2071 1662 2157 1689 hortis
2170 1663 2312 1690 diuertitnt
2324 1663 2356 1690 ad
2368 1671 2423 1690 nor.

1388 1699 1447 1726 MS.
1467 1698 1630 1725 Deuertitur.
1701 1697 1783 1725 Ouid.
1797 1698 1890 1724 Amor.
1903 1706 1929 1730 2,
1944 1700 1968 1728 6,
1981 1706 1998 1730 9
2033 1698 2113 1724 Alitis
2127 1699 2156 1724 in
2167 1707 2241 1726 rarae
2253 1699 2378 1732 miserum
2389 1697 2429 1724 di-

1388 1733 1486 1759 vertite
1499 1733 1587 1758 funus.
1610 1735 1709 1760 Invitat
1722 1743 1779 1760 aues
1791 1733 1825 1759 ad
1831 1732 1915 1768 funus
1927 1731 2017 1767 pfitaCi
2027 1737 2128 1760 mortui.
2198 1735 2311 1761 Diues-to
2330 1733 2382 1760 huc
2395 1730 2432 1758 ad

1388 1768 1518 1801 Doriparn
1531 1767 1613 1798 Plaut.
1624 1769 1707 1793 Merc.
1721 1776 1750 1799 4,
1764 1775 1791 1799 7,
1805 1775 1844 1801 54.
1915 1768 2044 1794 Diuertor
2058 1768 2110 1795 huc
2125 1770 2153 1795 in
2169 1768 2306 1796 tabernam
2324 1767 2435 1795 tertiam

1389 1802 1462 1829 Idem
1477 1802 1566 1828 Pseud.
1579 1810 1605 1834 2,
1619 1810 1646 1833 2,
1659 1804 1699 1832 63.
1771 1802 1910 1827 Diuertere
1924 1803 1953 1827 in
1968 1802 2061 1828 villam
2082 1803 2138 1829 Cic.
2153 1803 2204 1828 Off.
2217 1812 2243 1834 2,
2256 1806 2301 1835 64.
2356 1802 2434 1830 Idem

1391 1837 1423 1864 de
1437 1838 1511 1864 Orat.
1525 1845 1549 1868 2,
1561 1845 1596 1870 90
1621 1837 1765 1871 Tanquam
1778 1836 1807 1862 in
1820 1836 1962 1862 Pontinum
1977 1835 2127 1870 diuerteris.
2180 1837 2310 1864 Diuertor
2322 1836 2435 1864 domum

1390 1873 1459 1900 Ter.
1474 1872 1580 1911 Phorm.
1593 1880 1618 1904 2,
1633 1877 1702 1911 1‚'81.
1755 1871 1812 1897 Cic.
1824 1879 1874 1905 pro
1887 1871 1976 1897 Deiot.
1990 1878 2020 1905 17
2056 1873 2164 1905 Qum,
2178 1872 2282 1907 inquit,
2296 1873 2325 1898 in
2344 1870 2434 1898 castel-

1390 1907 1445 1944 lum
1454 1907 1589 1944 ‘Luceium
1603 1907 1729 1937 veniss'cs,
1746 1911 1772 1931 et
1784 1906 1894 1944 domum
1906 1907 1975 1939 regis
1988 1905 2099 1940 hospitis
2114 1908 2154 1933 tui
2168 1906 2322 1933 diuertiss‘es.
2358 1907 2436 1934 idern

1392 1940 1504 1979 Philipp.
1520 1947 1554 1971 13,
1568 1947 1592 1971 13
1615 1949 1637 1966 c.
1652 1943 1669 1966 6
1709 1940 1842 1965 Nuntient
1855 1941 1881 1965 se
1893 1941 2013 1974 Pompeii
2026 1941 2204 1967 conueniendi
2215 1942 2289 1968 causa
2302 1941 2440 1969 diuertifl‘e
2454 1948 2457 1949 ’

1391 1974 1528 2014 Malliliam
1537 1994 1546 2006 ,
1559 1982 1673 2008 eumque
1692 1974 1857 2007 cognouisse,
1872 1980 1917 2000 etc.
1985 1975 2052 2000 Plin.
2066 1975 2096 2000 in
2109 1976 2200 2009 Paneg.
2214 1985 2234 2002 c.
2248 1984 2279 2009 52
2313 1978 2438 2011 Ingente-
2450 1974 2452 1977 ’

1391 2009 1539 2050 hostiarum
1548 2017 1642 2049 'greges
1655 2013 1703 2043 per
1709 2008 1875 2043 Capitolium
1889 2008 1941 2034 iter
1954 2017 2047 2044 magna
2060 2010 2100 2037 sui
2113 2016 2187 2044 parte
2198 2011 2272 2038 velut
2284 2011 2439 2048 intercepti,

1393 2045 1525 2072 diuertere
1543 2053 1588 2071 via
1607 2044 1777 2078 cogebantur.
1832 2043 1965 2077 Quintilii.
1977 2053 2002 2077 2,
2015 2053 2040 2078 3,
2051 2053 2069 2079 9
2111 2046 2143 2073 Et
2160 2046 2235 2073 retito
2256 2047 2352 2074 itinere
2372 2048 2437 2083 lapsi
2467 2047 2469 2049 ’

1392 2081 1550 2116 plerumque
1566 2079 1719 2110 diuertunt,
1737 2080 1770 2106 al.
1789 2078 1940 2106 deuertunt.
2133 2078 2156 2119 ff
2175 2090 2192 2108 2
2227 2083 2367 2118 Obseruan.
2383 2084 2440 2111 Me.
2459 2078 2463 2082 ’

1391 2116 1462 2151 raph.
1484 2116 1641 2147 niuei-tere,
1659 2115 1688 2142 A
1696 2113 1822 2150 proposito
1838 2114 1968 2150 discedere.
2017 2114 2127 2147 Qun&
2143 2126 2168 2149 2,
2183 2125 2218 2150 11,
2230 2125 2244 2151 ς
2271 2118 2311 2144 Ad
2323 2118 2377 2145 alia'
2391 2119 2439 2146 de-

1393 2152 1482 2186 inceps
1517 2167 1563 2171 --
1599 2151 1745 2177 diuertunt.
1760 2151 1803 2177 Al.
1823 2150 1981 2176 Deuertnnt.
2045 2150 2125 2178 Ouid.
2146 2153 2203 2178 Art.
2222 2161 2249 2186 2,
2261 2161 2310 2188 425
2350 2153 2438 2182 ὓοᾶἃ
2452 2160 2465 2180 ,”

1394 2187 1459 2222 quid
1473 2186 1507 2213 ad
1519 2186 1634 2213 Medicas
1647 2187 1726 2212 Erato
1739 2185 1881 2212 diuerteris
1893 2191 1961 2212 artes
1977 2184 2144 2217 (deuerteris
2156 2188 2260 2220 Burm.)
2296 2189 2362 2217 Plin.
2377 2199 2391 2216 2
2428 2209 2438 2218 .

1400 2222 1459 2249 Vid.
1479 2221 1590 2256 Egredi,
1598 2229 1649 2257 pro
1662 2220 1786 2257 Digredi,
1799 2224 1827 2247 in
1839 2228 1856 2248 E
1865 2227 1886 2248 G
1894 2228 1914 2247 R
1922 2227 1939 2247 E
1948 2227 1967 2247 D
1977 2227 2012 2247 10
2020 2228 2049 2247 R.
2121 2222 2267 2250 Redeamus
2280 2224 2353 2258 illuc,
2365 2209 2402 2252 vri
2420 2233 2440 2252 e
2456 2223 2467 2247 '-

1395 2258 1555 2284 diuertimus
1573 2258 1630 2283 Cic.
1651 2257 1723 2283 Fam.
1742 2265 1777 2289 12,
1795 2263 1826 2288 25
1896 2255 2201 2292 Afliuajigrzficatiorie:
2233 2260 2332 2288 Lucan.
2345 2269 2358 2287 2
2381 2262 2439 2295 469

1395 2293 1492 2320 Vi&or
1505 2292 1659 2319 cedentibus
1670 2292 1762 2324 instat,
1783 2292 1953 2326 Diucrtitque
1971 2292 2048 2318 acies.
2082 2295 2102 2320 i.
2122 2295 2242 2328 Auertit‚
2255 2280 2370 2322 abducit?
2389 2295 2441 2324 Sed

1396 2330 1463 2356 Cort.
1476 2329 1607 2355 Deuertit.
1663 2328 1806 2355 Diuertunt
1819 2336 1906 2354 mores
1920 2327 2022 2362 virgini
2041 2327 2121 2364 longe
2135 2338 2164 2356 ac
2176 2330 2269 2365 lupae:
2287 2334 2307 2358 i.
2326 2332 2442 2360 Multum

1397 2364 1536 2398 differunt,
1550 2363 1641 2398 diuersi
1653 2363 1716 2399 sunt
1735 2363 1818 2389 Plaut.
1832 2363 1906 2397 Epid.
1921 2371 1944 2395 3,
1956 2371 1980 2395 3,
1992 2372 2030 2391 22.
2455 2390 2460 2395 ,

1434 2407 1452 2426 1)
1462 2406 1524 2426 1VE
1536 2405 1555 2425 it
1566 2405 1679 2430 TENS,
1696 2398 1771 2425 entis.
1790 2399 1859 2425 Part.
1879 2398 2009 2425 Columel.
2030 2407 2050 2430 1,
2065 2406 2087 2433 ς,
2099 2407 2118 2435 7
2137 2405 2208 2428 vetat
2225 2403 2301 2430 villae
2320 2402 2444 2432 tunam
2459 2405 2463 2411 '

1398 2433 1440 2466 effe
1454 2435 1598 2461 militarem
1612 2434 1697 2461 viam:
1718 2433 1790 2469 quod
1810 2449 1855 2454 —-
1873 2434 2098 2469 praetereuntium
2111 2436 2246 2464 viatorum
2260 2438 2442 2473 populationi-

1398 2468 1456 2499 bus,
1470 2474 1496 2494 et
1509 2469 1613 2495 affiduis
1630 2469 1821 2496 diuertentium
1833 2469 1886 2496 hos
1900 2470 1956 2496 itii·
1968 2470 2073 2497 infestat
2085 2480 2143 2498 rem
2154 2472 2324 2501 familiarem.

1425 2510 1495 2542 ,ων
1504 2510 1579 2530 ORT
1588 2511 1598 2528 l
1606 2511 1627 2530 v
1637 2510 1662 2530 M
1673 2523 1682 2535 ,
1701 2504 1719 2530 i.
1736 2513 1761 2529 11.
1798 2479 1915 2539 Dffceffio
1927 2513 2062 2539 aquarum,
2076 2509 2104 2531 in
2113 2510 2209 2540 primis
2225 2511 2252 2534 in
2264 2511 2319 2535 loca
2331 2508 2441 2545 diuerffi.
2457 2507 2469 2525 ’-

1399 2539 1455 2565 Cic.
1472 2539 1543 2565 Fam.
1556 2546 1580 2568 2,
1593 2547 1610 2571 9
1639 2539 1730 2570 Quum
1744 2539 1870 2565 venissem
1883 2539 1915 2565 ad
1928 2540 2076 2572 Amanum,
2093 2541 2141 2574 qui
2152 2550 2229 2567 mons
2242 2543 2312 2569 mihi
2325 2552 2385 2570 cum
2396 2545 2443 2572 Bi-

1399 2573 1465 2600 bulo
1486 2573 1634 2600 communis
1653 2573 1706 2605 est,
1725 2573 1825 2600 diuisus
1841 2582 1970 2609 aquarum
1990 2573 2127 2602 diuortiis:
2161 2576 2257 2603 Caffius
2276 2577 2379 2609 noster,
2392 2585 2442 2609 etc.

1400 2610 1441 2636 Sic
1454 2610 1507 2648 Att.
1522 2616 1546 2642 ς,
1559 2618 1593 2635 20
1622 2608 1687 2636 Inde
1701 2609 1732 2636 ad
1745 2611 1875 2636 Amanum
1889 2609 2030 2642 contendi,
2049 2611 2098 2644 qui
2110 2611 2213 2642 Syriam
2223 2621 2238 2638 a
2252 2612 2349 2638 Cilicia
2361 2620 2438 2647 aqua-

1401 2653 1462 2671 rum
1476 2642 1597 2672 diuortio
1609 2644 1717 2672 diuidit.
1754 2645 1890 2679 Aquarum
1910 2645 2034 2671 diuortio
2052 2645 2112 2678 (ait
2131 2648 2159 2670 in
2177 2655 2230 2672 eum
2249 2647 2328 2673 Iocum
2340 2647 2436 2674 Paullus

1078 2680 1170 2707 Manil.
1193 2681 1228 2713 46
1256 2676 1379 2719 Qiod70
1400 2680 1555 2714 Manutius)
1575 2679 1663 2706 diuidi
1680 2685 1782 2706 montes
1800 2679 1934 2712 dicuntur,
1954 2688 2026 2715 quum
2046 2681 2075 2705 in
2092 2688 2131 2706 eos
2143 2681 2233 2708 imbres
2251 2681 2342 2718 delapsi
2354 2701 2362 2716 ,
2380 2684 2439 2718 quia

1401 2714 1526 2750 conjfiere
1543 2719 1570 2742 in
1584 2715 1680 2752 summo
1697 2718 1754 2751 iugo
1772 2724 1821 2741 non
1835 2713 1950 2749 poffimt,
1967 2714 2090 2750 bifariam
2106 2715 2269 2748 diuiduntur,
2290 2724 2315 2744 et
2331 2716 2442 2752 deor-sitm

1398 2755 1579 2786 praecipitant.
1617 2751 1683 2778 Idem
1697 2755 1770 2777 etiam
1782 2753 1809 2776 in
1823 2751 1976 2786 superiorem
1987 2750 2059 2776 illum
2074 2750 2212 2778 Ciceronis
2228 2753 2307 2778 locum
2318 2761 2349 2778 ex
2361 2750 2444 2786 Epist.

1404 2787 1538 2814 Familiar.
1551 2786 1591 2819 fic
1607 2789 1661 2819 ait,
1682 2788 1739 2812 Non
1759 2785 1825 2811 dixit
1840 2785 1950 2815 Cicero,
1964 2783 2059 2820 diuisus
2070 2785 2165 2821 fluuio,
2184 2792 2227 2812 aut
2246 2785 2341 2821 dim-'sus
2358 2789 2445 2822 aquis,

1399 2821 1445 2858 sed
1466 2821 1564 2847 diuisus
1583 2829 1712 2854 aquarum
1732 2819 1867 2846 diuortiis.
1922 2819 2078 2847 Diuortium
2096 2827 2175 2846 autem
2191 2828 2319 2854 aquarum
2340 2824 2377 2848 ita
2387 2821 2444 2857 fit:

311 2874 416 2896 certant.
452 2864 532 2891 Ouid.
547 2863 577 2889 de
591 2863 665 2888 Rem.
679 2863 768 2888 Amor.
783 2870 821 2893 50-
856 2862 925 2888 Suet.
940 2860 971 2887 de
986 2860 1057 2887 Clar.
1072 2860 1216 2887 Grammat.
1228 2867 1250 2883 c.
1264 2865 1280 2890 9
1300 2858 1383 2896 In-73
1405 2856 1503 2883 Cadunt
1522 2859 1548 2882 in
1568 2862 1671 2881 montem
1689 2864 1763 2890 aquae
1799 2856 1888 2881 tuuiae.
1906 2857 1930 2880 is
1947 2864 2016 2881 mom
2033 2864 2104 2890 quum
2118 2854 2151 2887 fit
2164 2856 2304 2890 procliuis,
2324 2860 2444 2893 utrinque

311 2907 456 2936 terrogatus
475 2900 520 2925 diu
540 2908 555 2925 a
567 2899 684 2924 Varrone
702 2897 818 2923 diuersae
837 2898 917 2923 Partis
937 2896 1079 2927 aduocato,
1098 2895 1224 2930 quidnam
1244 2897 1342 2927 ageret,

311 2944 339 2967 et
353 2947 405 2973 quo
424 2935 537 2962 artificio
554 2938 677 2960 vteretur.
747 2931 813 2957 Plin.
827 2932 902 2966 Epist.
918 2941 956 2965 10,
970 2942 1002 2966 42
1038 2933 1127 2965 Qnun
1141 2930 1270 2957 diuersam
1285 2929 1342 2954 Par-

311 2980 366 3002 tem
379 2971 531 3008 prouinciae
545 2967 726 2995 circumirem,
744 2966 915 2994 Nicomediae
925 2967 1091 2994 vastiffimum
1103 2966 1263 2997 incendium,
1276 2963 1343 2990 mul-

313 3015 352 3037 tas
373 3008 538 3044 priuatorum
561 3004 669 3035 domOS,
683 3009 728 3028 etc·
798 3003 865 3037 Ripa
881 3003 998 3035 diuersa,
1017 3007 1034 3029 ι’,
1056 3003 1158 3038 aduersa
1176 3001 1221 3028 Sil.
1244 3009 1262 3031 1,
1281 3001 1342 3031 264-

312 3046 371 3072 Cic.
387 3044 417 3069 de
429 3044 500 3069 Orat.
514 3050 534 3073 1,
547 3042 591 3065 262
609 3048 629 3065 e.
644 3040 672 3065 61
708 3038 817 3064 Caetera
831 3047 897 3072 quae
916 3039 1042 3072 collegisti
1057 3048 1087 3065 cx
1101 3038 1181 3065 variis
1195 3043 1220 3063 et
1235 3034 1343 3062 diuersis
1354 3045 1387 3071 30

314 3079 431 3111 Studiis,
449 3083 473 3103 ct
486 3075 596 3107 artibus,
612 3072 711 3101 tametfi
724 3082 750 3100 es
763 3074 853 3099 omnia
871 3075 1057 3108 consequutus,
1075 3080 1162 3101 tamen
1174 3072 1206 3099 ab
1223 3070 1345 3098 Oratoris

315 3115 426 3152 proprio
440 3111 529 3139 officio
543 3116 620 3146 atque
634 3117 742 3136 munere
759 3108 873 3134 seiunffla
888 3110 934 3134 css‘e
949 3108 1073 3135 arbitror.
1219 3105 1239 3144 ff
1261 3116 1272 3139 3
1299 3105 1346 3133 Ob-

310 3152 417 3189 scruatt.
438 3148 561 3175 Diuersus
570 3153 618 3182 pro
631 3146 700 3180 longe
713 3150 811 3170 remoto.
853 3143 932 3170 Ouid.
945 3145 1007 3170 l-ler.
1022 3153 1054 3178 15,
1070 3153 1092 3170 11
1118 3146 1189 3171 Arua
1203 3143 1291 3169 Phaon
1306 3150 1345 3167 ce-

315 3187 400 3215 lebrat
420 3185 523 3211 diuersa
541 3180 701 3216 Typhoidos
719 3180 823 3206 Aetnae.
894 3180 1033 3211 Diuersus,
1047 3188 1094 3214 pro
1116 3182 1137 3205 Ε
1152 3182 1258 3215 rcgione.
1294 3177 1346 3203 Lu-

318 3231 371 3249 can.
383 3230 405 3254 3,
419 3228 466 3255 327
483 3218 607 3252 Telaque
620 3214 715 3242 diuersi
731 3214 899 3249 prohibentes
914 3216 1031 3249 spargere
1045 3215 1146 3241 fratres.
1164 3215 1187 3241 h.
1203 3223 1221 3240 e.
1242 3215 1273 3240 In
1288 3214 1347 3237 altr-

317 3267 348 3284 να
360 3260 418 3283 acie.
489 3255 525 3281 Ex
539 3252 643 3279 diuerso
663 3250 742 3282 caeli,
762 3254 782 3276 i.
803 3251 838 3276 Ex
859 3251 957 3276 secreto
976 3251 1123 3282 montium,
1136 3256 1165 3276 vt
1179 3252 1215 3275 ait
1227 3248 1347 3274 Seruius:

320 3292 392 3326 Virg.
409 3292 471 3318 Aen.
485 3298 506 3321 3,
520 3297 564 3321 23²
588 3287 700 3314 Rursum
713 3294 743 3312 ex
759 3285 864 3312 diuerso
876 3286 958 3318 caeli,
978 3286 1110 3320 caecisque
1125 3284 1232 3311 latebris
1250 3281 1330 3308 Turb

319 3328 410 3353 sonans
422 3326 494 3352 vncis
517 3323 638 3360 praedam
648 3321 821 3348 circumuolat
842 3321 896 3348 alis.
966 3321 1136 3355 Erumpentia
1148 3329 1162 3346 e
1177 3319 1282 3345 diuerso
1294 3325 1347 3342 ma-

320 3362 360 3389 ria
379 3362 442 3387 Plin.
461 3370 488 3393 4,
507 3369 533 3393 4.
576 3358 633 3385 Vid.
655 3362 844 3383 CONVEHO
866 3364 898 3383 cx
917 3356 1032 3383 diuerso.

320 3396 414 3431 Apollo
427 3396 539 3429 Respicit
552 3394 676 3428 Calpurn.
689 3392 742 3419 Ecl.
755 3400 783 3424 4,
796 3401 820 3424 9.

321 3431 391 3465 orJim
403 3431 491 3457 Tacit.
505 3432 569 3456 Ann.
588 3437 623 3462 ις,
650 3430 675 3454 6.
746 3427 869 3453 Diuersus
882 3434 903 3452 et
917 3426 1045 3452 Aduersus
1053 3428 1125 3462 saepe
1137 3435 1151 3450 a
1165 3425 1278 3450 librariis
1292 3431 1346 3447 cou-

318 3466 396 3501 fundi
407 3475 501 3491 monent
519 3468 570 3491 viri
588 3465 617 3490 (1⁷0
645 3462 733 3498 [apud
745 3462 868 3489 Dralmb.
883 3462 916 3487 ud
928 3461 972 3487 Sil.
989 3471 1006 3491 1,
1020 3465 1077 3495 264.
1148 3460 1259 3493 Compar.
1280 3457 1347 3482 Plin.

324 3509 361 3530 η,
374 3510 400 3533 19
425 3500 509 3526 Pretia
527 3501 591 3525 nulli
606 3498 761 3526 diuersoria.
796 3496 909 3531 Populus
923 3496 1051 3522 diuertior
1065 3503 1197 3529 nunquam
1211 3492 1347 3519 confluxit.

325 3536 414 3563 Claud.
430 3536 456 3561 in
469 3543 507 3568 pr.
519 3535 596 3560 Cons.
608 3535 663 3561 Stil.
678 3543 697 3566 1,
711 3541 757 3566 1,·3.
826 3533 921 3567 Superl.
939 3532 1024 3558 Mittit
1044 3532 1071 3557 in
1084 3528 1276 3556 diucrfissimam
1292 3536 1347 3562 par-

325 3575 377 3597 tcm
393 3570 490 3596 Galliae
509 3570 580 3595 Hirt.
593 3570 620 3594 B.
634 3570 664 3595 G.
679 3575 702 3600 8,
715 3577 758 3601 24.
913 3567 918 3572 “

324 3604 432 3633 rendum
445 3611 520 3639 atque
539 3604 716 3637 imperandum
730 3603 818 3630 habile
831 3603 890 3630 Liu.
904 3611 941 3634 21,
954 3610 980 3635 4.

360 3646 531 3665 D1V15RSF..
560 3638 626 3665 Adu.
665 3639 720 3665 Vni.
737 3640 822 3674 paullo
837 3645 894 3666 ante
914 3637 962 3675 sub
980 3637 1102 3664 elementis
1117 3635 1188 3672 suis,
1208 3641 1237 3661 vt
1256 3640 1279 3660 st
1300 3639 1348 3660 DI-

325 3680 538 3705 VLRMCOEVOR,
576 3679 737 3700 DIVERSOR
761 3681 806 3700 etc.

360 3717 378 3736 D
388 3717 399 3736 1
408 3716 427 3734 v
440 3716 455 3735 F.
464 3715 482 3735 R
492 3716 504 3734 S
513 3708 522 3733 ἰ
531 3714 552 3734 Τ
561 3715 581 3735 A
590 3715 602 3733 S
610 3727 616 3739 ,
637 3708 692 3733 atis.
717 3709 737 3735 f.
773 3709 941 3742 [εἰλλοιότης]
975 3706 1153 3733 contrarietas.
1187 3704 1252 3730 Plin.
1267 3703 1344 3737 Epist.

1102 3356 1159 3382 Nec
1181 3360 1206 3380 te
1228 3352 1346 3378 diuersus

326 3751 351 3777 7,
362 3753 391 3775 30
416 3743 463 3769 Sed
482 3749 567 3769 tamen
586 3743 704 3769 imitarer
715 3750 740 3769 et
750 3744 870 3776 sequerer
884 3748 1011 3778 quantum
1023 3747 1066 3768 aut
1080 3739 1214 3767 diuersitas
1227 3739 1400 3774 ingenio-100
1412 3745 1437 3765 et
1458 3739 1484 3764 in
1500 3738 1589 3764 vxoris
1608 3736 1743 3770 personam
1763 3744 1816 3761 non
1833 3736 1942 3762 absurde
1960 3738 2036 3764 cadit.

327 3787 400 3809 rum,
420 3778 527 3804 maximi
539 3784 562 3803 et
574 3778 694 3808 minimi,
709 3784 751 3804 aut
764 3779 851 3804 causae
865 3778 1008 3804 similitudo
1022 3782 1162 3811 pateretur.
1232 3774 1298 3800 Pliu.
1314 3782 1346 3805 11,

325 3819 357 3845 37
387 3813 463 3838 Oculi
482 3812 509 3838 in
529 3813 635 3838 homine
656 3812 868 3839 munerofiffimae
888 3813 1044 3840 dinei-litatis
1058 3817 1084 3838 et
1101 3810 1271 3838 differentiae·
1309 3810 1345 3834 Ex

324 3849 423 3880 antiquo
448 3848 576 3885 exertiplari
593 3850 681 3882 legitur
700 3847 850 3873 Vax-letaris.
893 3849 999 3883 Vulgare
1024 3846 1117 3873 distum
1136 3845 1185 3878 est:
1202 3844 1343 3872 Diuerfltas

324 3890 427 3906 morum
439 3881 529 3906 odium
542 3882 623 3914 parit,
636 3882 662 3906 dc
675 3885 742 3907 cuius
750 3882 821 3916 finfit
835 3881 886 3907 vid.
900 3883 986 3908 Barth.
1000 3883 1034 3908 αιί
1046 3883 1105 3909 Stat.
1118 3881 1210 3909 Theb.
1223 3891 1235 3913 5
1249 3890 1273 3915 P»
1282 3888 1343 3913 240.

325 3916 454 3944 Locorum
467 3915 598 3945 diuesfitas
616 3917 765 3945 Mamertin.
779 3917 868 3951 Pancg.
882 3915 913 3943 ad
926 3917 1080 3946 Maxixnian.
1097 3927 1119 3946 c.
1134 3925 1167 3946 11.

1360 3227 1388 3255 83

892 3392 993 3417 Diuersi
1008 3390 1251 3425 interrogabantur,
1268 3390 1287 3412 i.
1307 3387 1346 3412 Se·
1356 3401 1392 3426 90

828 3567 967 3601 Ingenium
987 3567 1020 3593 ad
1041 3565 1216 3593 diuerfiffimas
1230 3572 1287 3596 τες,
1305 3571 1348 3597 pa·
1359 3577 1391 3604 93

1238 3918 1394 3960 Qanta105
1406 3913 1564 3946 diuortium.

1406 2892 1516 2927 dffnant
1530 2898 1552 2917 ct
1567 2890 1699 2917 decurrant
1712 2891 1777 2923 nece]
1787 2890 1798 2915 ὲ
1816 2888 1858 2923 est.
1895 2891 1938 2917 Ita
1946 2889 1999 2925 fle,
2010 2896 2040 2916 vt
2061 2888 2223 2922 diuiduntur,
2236 2898 2259 2918 et
2274 2901 2356 2919 earum
2374 2890 2444 2929 quql?

1406 2927 1556 2954 diuortium
1566 2925 1627 2961 fiat.
1664 2926 1751 2961 Itaque
1771 2924 1839 2951 dixit
1852 2923 1885 2951 de
1898 2925 1973 2952 Orat.
1990 2932 2013 2956 3,
2031 2925 2067 2951 66
2102 2925 2139 2951 Vt
2154 2934 2185 2951 cx
2200 2927 2341 2961 Apennino
2354 2928 2444 2955 flumi-

1406 2972 1486 2994 num,
1506 2961 1538 2988 [ic
1560 2969 1591 2987 ex
1608 2960 1744 2987 communi
1761 2960 1919 2994 sapientium
1938 2960 2019 2993 iugo,
2037 2959 2095 2986 sunt
2113 2959 2295 2989 dodirinarum
2313 2963 2384 2991 facta
2402 2963 2443 2991 di-

1406 2998 1504 3026 vortia.
1522 3000 1541 3023 i.
1562 2996 1613 3030 (vt
1632 2999 1812 3031 interpretatur
1825 2995 1973 3029 Strcbaeus)
1987 2993 2111 3021 Diduftae
2124 3001 2266 3024 contrariae
2296 2996 2370 3026 ettae.
2403 3000 2448 3026 De

1409 3034 1458 3061 cod.
1480 3032 1618 3067 Apennino
1630 3031 1727 3058 Lucan.
1740 3040 1766 3063 2,
1779 3039 1832 3064 402
1858 3029 1987 3056 Fontibus
2007 3028 2049 3057 hic
2069 3031 2147 3057 vastis
2167 2998 2308 3060 immensds
2326 3034 2445 3070 concipit

1409 3078 1497 3096 amnes
1512 3067 1687 3101 Fluminaque
1701 3067 1728 3092 in
1743 3067 1841 3101 gemini
1862 3065 1958 3099 spargit
1970 3064 2088 3092 diuortia
2101 3068 2193 3100 ponti,
2211 3071 2229 3096 i.
2250 3072 2278 3095 in
2293 3079 2360 3096 mare
2389 3076 2446 3106 upe-
2478 3070 2479 3073 ’

1409 3115 1463 3133 rum
1477 3111 1500 3130 et
1513 3103 1629 3139 inferum.
1668 3102 1727 3127 Liu.
1744 3106 1782 3133 38,
1804 3122 1810 3128 .
1831 3120 1837 3126 .
1859 3101 1888 3127 de
1898 3101 1941 3126 Cn.
1950 3101 2062 3127 Manlio:
2082 3102 2234 3129 Admouifl‘e
2245 3110 2331 3131 tamen
2344 3105 2445 3132 exerci-
2478 3103 2479 3107 ¹

1409 3146 1484 3172 tum,
1500 3146 1525 3165 et
1546 3146 1626 3173 prope
1645 3136 1704 3171 ipsis
1718 3137 1787 3170 iugis
1800 3136 1831 3162 ad
1851 3135 1968 3162 diuortia
1985 3144 2112 3170 aquarum
2133 3138 2212 3165 castra
2226 3140 2344 3173 posuisse.
2364 3144 2382 3167 i.
2399 3139 2448 3168 Ad

1411 3186 1461 3203 eum
1474 3177 1566 3204 Iocum,
1586 3172 1649 3199 vnde
1661 3181 1737 3208 aquae
1751 3171 1812 3197 duas
1827 3173 1854 3197 in
1862 3178 1951 3206 partes
1964 3170 2057 3206 diuisae
2074 3175 2199 3208 incipiunt
2213 3175 2325 3210 defluere.
2359 3177 2388 3203 A
2396 3185 2444 3212 quo

1410 3215 1490 3248 igitur
1503 3212 1553 3236 loco
1572 3218 1600 3234 ex
1613 3210 1708 3234 Amano
1725 3213 1804 3233 monte
1817 3207 1930 3233 Ciliciam
1948 3206 2033 3242 versus
2051 3216 2127 3242 aquae
2139 3207 2326 3243 dilabebantur,
2344 3211 2380 3238 ad
2389 3221 2446 3240 eum

1411 3247 1484 3282 usque
1501 3247 1576 3272 Iocum
1587 3244 1676 3270 Cilicia
1690 3242 1839 3277 pertinebat.
1858 3248 1882 3268 et
1897 3251 1925 3268 ex
1941 3242 2020 3268 alter-1
2036 3246 2128 3269 montis
2140 3250 2231 3278 parte,
2250 3246 2331 3274 eadem
2344 3247 2432 3281 ‚Syriae

1410 3291 1481 3317 quum
1497 3281 1595 3308 Bibulus
1612 3278 1726 3314 regebat,
1745 3283 1798 3304 erat
1818 3280 1893 3303 ratio.
1934 3278 2075 3303 Terminum
2089 3281 2152 3304 enim
2169 3279 2271 3307 habebat
2284 3291 2336 3308 eum
2354 3266 2446 3309 locum.

1410 3317 1475 3342 vnde
1493 3320 1519 3342 in
1532 3325 1583 3341 eam
1600 3324 1629 3340 ex
1643 3316 1739 3340 Amano
1752 3312 1853 3347 defluere
1864 3321 1939 3347 aquae
1952 3312 2110 3347 incipiebant.
2145 3315 2218 3351 C⁰'¹f·
2235 3317 2342 3344 Turneb.
2356 3327 2368 3344 1
2407 3302 2445 3345 11:

1412 3352 1486 3385 Virg.
1500 3353 1563 3377 Aen.
1579 3358 1603 3382 9,
1616 3356 1663 3383 379
1683 3348 1824 3374 Obiiciunt
1837 3348 1938 3381 equites
1952 3348 2003 3373 sese
2017 3347 2049 3373 ad
2068 3348 2185 3377 diuortia
2205 3358 2275 3378 nota.
2295 3356 2314 3378 i.
2332 3353 2362 3379 A
2386 3337 2445 3379 bia-

1412 3396 1467 3412 rum
1480 3387 1579 3422 flexus,
1592 3391 1615 3411 et
1635 3385 1708 3410 biuia.
1745 3383 1818 3417 Conf.
1837 3382 1861 3409 h.
1881 3384 1899 3409 I.
1918 3383 1990 3410 Seru.
2026 3384 2067 3411 Sic
2088 3385 2212 3413 Diuortia
2229 3388 2354 3414 itinerum
2371 3387 2444 3416 Tac.
2456 3383 2462 3389 ’

1413 3422 1475 3455 Agr.
1492 3430 1527 3453 ¹9·
1580 3420 1651 3446 Idem
1664 3419 1731 3444 Aun.
1746 3426 1783 3450 12,
1795 3420 1825 3449 63
1857 3417 2004 3444 Arffiffimo
2023 3419 2091 3446 inter
2110 3421 2241 3457 Europam
2253 3422 2391 3457 Asiamque
2403 3424 2446 3451 di-

1412 3457 1502 3483 vortio
1517 3456 1669 3487 Byzantium
1689 3454 1716 3479 in
1737 3459 1852 3479 extrema
1865 3453 1969 3487 Europa
1983 3455 2092 3488 posuere
2103 3457 2206 3484 Graeci.
2308 3455 2328 3489 Ἴ
2354 3467 2367 3483 2
2402 3460 2444 3486 De

1411 3489 1571 3524 distr-afflone
1590 3500 1618 3516 ac
1632 3488 1735 3525 dzscidio
1748 3492 1876 3524 coniugum
1888 3489 2049 3523 metaphorice
2058 3495 2170 3526 ponitur.
2207 3492 2261 3519 Cic.
2274 3501 2323 3526 pro
2337 3494 2444 3521 Cluent.

1412 3535 1458 3559 190
1477 3527 1568 3565 Itaque
1585 3524 1653 3565 apud
1669 3530 1785 3564 caeteros
1798 3524 1875 3563 nornis
1894 3523 1964 3550 inter
1982 3527 2145 3561 propinquos
2159 3527 2278 3562 susceptis
2291 3528 2445 3557 inimicitiis

1413 3564 1486 3596 saepe
1501 3559 1556 3586 fieri
1576 3559 1691 3586 diuortia
1709 3566 1786 3593 atque
1800 3558 1955 3585 affinitatum
1970 3559 2068 3588 dissidia
2083 3563 2205 3589 vidimus.
2277 3563 2431 3591 Diuortium

1411 3605 1440 3624 vt
1458 3600 1495 3623 ait
1511 3596 1605 3628 Caius,
1622 3596 1660 3621 De
1680 3594 1819 3623 diuortiis,
1838 3595 1854 3620 l.
1876 3595 2044 3629 Dium-tium,
2063 3606 2078 3624 a
2090 3597 2238 3624 diuersitate
2256 3599 2383 3626 mentium
2402 3585 2445 3627 di:

1412 3633 1484 3659 6111111
1496 3631 1544 3658 est:
1564 3631 1606 3657 vel
1616 3630 1678 3665 quia
1691 3630 1718 3656 in
1732 3629 1846 3655 diuersas
1860 3637 1942 3663 partes
1951 3639 2023 3661 eunt,
2031 3633 2077 3666 qui
2090 3631 2445 3663 distrahuntmatrimonium
2456 3639 2458 3642 ’

1412 3667 1575 3695 Modestinus
1594 3666 1625 3693 de
1639 3665 1720 3691 Verb.
1733 3664 1873 3699 Significat.
1889 3665 1905 3691 l.
1917 3674 1956 3692 101
1978 3666 2023 3701 0.1
2043 3667 2196 3695 Diuortium
2215 3668 2284 3695 inter
2305 3671 2393 3697 virum
2415 3675 2443 3699 et

1410 3712 1520 3730 vxorem
1540 3702 1598 3728 fieri
1619 3701 1730 3732 dicitur,
1752 3699 1898 3734 Repudium
1919 3700 1983 3728 vcro
1997 3703 2101 3737 sponsae
2112 3701 2212 3728 remitti
2226 3704 2347 3738 videtur,
2367 3705 2441 3740 quod

1588 3773 1594 3777 Ι
1844 3772 1848 3776 η
1901 3772 1905 3776 ι
2104 3737 2194 3763 Claud.
2213 3738 2241 3764 in
2254 3740 2360 3775 Eutrop.
2376 3749 2396 3774 1,
2410 3743 2444 3774 ὅς

1411 3775 1486 3806 Qiac
1507 3772 1619 3806 gemuit!
1641 3779 1740 3805 quanto
1763 3771 1861 3805 planxit
1880 3772 1996 3799 diuortia
2019 3772 2108 3799 luftu?
2178 3773 2339 3801 Diuortium‘
2355 3775 2443 3804 facere
2463 3773 2467 3777 ’

1409 3809 1491 3836 Plaut.
1506 3807 1594 3833 Aulul.
1610 3816 1630 3836 2,
1644 3815 1666 3835 2,
1681 3810 1719 3837 56.
1791 3807 1944 3833 Dium-tium
1963 3809 2048 3835 facere
2066 3815 2124 3833 cum
2145 3816 2243 3841 vxore‚
2263 3812 2303 3836 vel
2316 3811 2368 3837 alia
2384 3821 2442 3838 con-

1409 3844 1497 3870 cubina
1509 3843 1577 3868 Suet.
1593 3842 1620 3868 in
1634 3842 1694 3868 Tit.
1709 3842 1783 3875 Vesp.
1798 3851 1818 3868 c.
1834 3853 1859 3876 4.
1886 3843 1953 3869 Geli.
1966 3852 1993 3877 4,
2006 3852 2028 3876 3.
2099 3841 2154 3868 Cic.
2168 3843 2278 3879 Philipp.
2292 3854 2317 3879 2,
2330 3849 2365 3878 69
2378 3856 2399 3873 c.
2410 3850 2444 3877 28
2478 3846 2479 3851 ¹

1409 3879 1492 3905 Cuius
1511 3886 1542 3904 ex
1557 3878 1631 3905 omni
1651 3877 1706 3905 vita
1722 3877 1791 3905 nihil
1805 3878 1841 3905 est
1859 3877 2008 3912 honestius,
2021 3885 2100 3913 quam
2118 3878 2190 3913 quod
2203 3889 2262 3908 cum
2282 3882 2362 3909 mima
2377 3882 2443 3911 tecit

2327 3957 2438 3980 DIVOR-
