2479 4225
67 214 155 254 1053
470 201 490 242 1
575 202 619 242 N
709 200 743 241 C
1558 199 1575 241 1
1661 200 1705 241 N
1792 202 1826 241 C
2121 215 2212 255 1054

67 299 96 325 9,
108 299 140 323 13.
212 291 301 318 Geniis
319 290 425 318 dicendi
452 291 508 318 Cic.
522 290 554 317 de
565 291 637 317 Clar.
655 291 729 317 Orat.
744 298 793 323 24²
813 299 834 316 e.
852 296 899 321 44.
969 287 1012 314 Ius
1030 296 1110 315 omne
1203 295 1213 315 1
1223 294 1245 315 Ν
1257 294 1274 316 c
1285 295 1402 317 ONSID
1412 293 1454 316 ER
1465 297 1486 316 A
1496 295 1517 316 T
1528 296 1583 322 10,
1601 289 1669 316 onis.
1695 289 1715 316 f.
1754 288 1867 316 Saluian.
1880 290 1912 316 de
1925 291 2041 318 Gubern.
2056 292 2107 318 Dei
2124 301 2133 320 1
2146 300 2212 321 exer.

70 326 152 353 ciuile
175 326 340 353 inconditum
359 335 388 353 ac
409 335 490 361 paene
511 326 655 353 ridiculum
678 332 782 360 practer
806 326 954 352 Romanuin
975 323 1057 363 ‘Ideni
1077 324 1109 350 de
1168 325 1224 358 Qil
1248 326 1301 352 sola
1320 325 1417 352 mentis
1438 325 1674 353 inconsideratione
1693 324 1823 359 peccasset.
1861 326 1936 361 Coris.
1960 328 2078 354 Torrciit.
2098 328 2132 355 ad
2143 328 2213 357 Suet.

71 362 146 388 Orat.
162 370 181 393 1,
194 369 250 396 197.
322 362 442 389 Libertas
460 362 520 388 Liu.
534 370 576 394 24,
590 370 631 394 24.
703 361 777 394 Virg.
794 360 847 386 Ecl.
862 368 884 390 2,
897 368 915 391 4
941 358 981 384 Ibi
997 359 1058 385 liaec
1070 360 1109 386 in-
1170 360 1264 387 Claud.
1281 370 1302 387 c.
1319 369 1358 393 39.

70 397 176 423 condita
193 397 263 423 solus
300 397 437 425 Montibus
450 403 475 424 et
487 397 559 423 siluis
579 396 666 423 studio
679 396 791 423 ia&abat
804 394 885 422 inani.
927 394 976 420 Vbi
990 395 1109 422 Seruius:
1206 401 1353 423 iNCONs
1363 401 1446 422 1L1v
1456 402 1496 426 Μ,
1516 396 1534 423 i.
1554 405 1579 423 n.
1614 395 1693 423 Gloss.
1707 395 1754 422 Gr.
1768 395 1826 422 Lat.
1842 392 1951 427 κ’ὢλία,
1964 396 2141 425 Inconsilium.

70 431 224 464 incondita,
243 433 431 468 incomposita,
443 432 531 459 subito
551 431 635 465 dicta,
655 432 781 467 agrestia:
807 430 848 456 vcl
869 429 1022 456 insanientis
1040 431 1110 458 dicia
1134 438 1148 464 5
1209 436 1411 458 1NCON81T
1423 437 1482 463 VS,
1501 439 1531 463 a,
1549 440 1604 459 um.
1634 431 1696 459 Adi.
1733 431 1803 466 Ager
1823 429 1981 463 incensum,
1995 431 2107 459 incultus
2127 434 2213 462 Varro

70 467 160 494 vei-ba.
203 468 251 494 Vel
271 469 430 501 incondita,
444 468 630 503 Inconscripta.
701 465 847 494 Multitudo
867 465 1017 497 incondita,
1041 467 1111 493 incr-
1173 467 1203 493 L.
1228 466 1258 492 L.
1279 475 1313 499 4,
1331 475 1359 500 4.

69 503 174 537 tuisque
188 503 248 529 Liu.
262 512 299 536 32,
315 513 336 536 13
350 511 414 531 extr.
485 504 575 530 Motus
593 502 658 529 Pliii.
677 507 700 534 8,
718 511 741 529 2.
811 502 910 527 Orator
928 501 984 527 Cic.
995 502 1022 527 in
1036 504 1111 529 Orat.
1209 508 1249 529 IN
1259 507 1304 528 CO
1314 508 1337 528 N
1347 508 1388 529 so
1397 508 1414 528 L
1423 508 1444 528 A
1454 500 1489 528 B‘i‘
1498 508 1512 527 1,
1522 509 1529 527 1
1540 508 1552 527 3
1561 520 1568 531 ,
1585 510 1608 528 e.
1628 501 1688 529 Adi.
1713 499 1947 537 [ἐκκραμύθητοε]
1966 500 2048 528 Ouid.
2057 502 2151 537 Met.5,
2160 506 2214 539 426

70 546 123 570 233.
194 539 293 566 Turba
315 539 457 566 hominum
476 538 613 566 incondita
639 538 699 565 Liu.
716 546 758 568 22,
775 543 816 568 45.
830 541 853 561 et
872 543 907 567 23,
927 544 944 561 1.
1016 538 1111 565 Vei-bis
1438 551 1484 556 --
1519 537 1713 571 Contcintaquc
1731 537 1814 564 fontis

70 573 213 600 inconditis
231 575 385 602 sententiam
402 575 519 609 aliquam
537 574 632 601 effici-re
657 573 712 599 Cic.
726 572 755 598 in
767 572 841 598 Orat.
854 579 903 604 250
918 580 937 597 c.
953 574 995 604 69.
1068 574 1110 601 Ne
1369 572 1430 598 Iura
1451 571 1491 597 sui
1512 580 1649 604 moerens,
1670 571 1859 599 inconsolabile
1878 570 1974 598 vulnus

70 609 146 644 sparsi
168 615 193 635 ct
213 607 346 637 inconditi
365 611 418 637 fine
435 610 545 643 ordine,
563 609 616 636 sine
635 608 726 643 signis,
745 606 870 633 omnibus
889 607 971 640 portis
989 617 1110 635 excurre-
1125 617 1156 635 10
1370 607 1460 633 Mente
1477 606 1546 640 gerit
1562 608 1648 633 tacita.
1791 607 1891 634 Malum
1911 605 2042 633 Ainiiiian.
2055 614 2097 639 29,
2109 615 2135 633 2.

68 649 145 677 rent,
158 644 305 672 obsistendo
331 647 392 673 Liu.
408 654 449 679 29,
460 654 501 679 34.
574 643 740 674 Inconditus,
764 644 821 668 Non
839 641 952 668 conditus
965 644 999 669 ad
1013 644 1111 671 dintur-
1209 649 1279 670 1Νο
1290 648 1339 669 οΝ
1351 648 1393 669 so
1404 649 1454 668 NA
1466 648 1487 668 N
1498 648 1545 668 ‘i-i.
1556 650 1582 668 R.
1615 642 1681 668 Adii.
1715 642 1792 678 Apud
1811 642 1933 669 Priscian.
1961 661 1968 669 .
1998 661 2005 668 .
2031 659 2038 667 .
2089 642 2144 669 Vct.
2163 644 2215 671 Int.

69 682 182 706 nitatem.
218 681 350 708 Coliiniel.
364 690 386 714 3,
400 690 413 707 2
424 679 516 715 statim
528 680 559 708 ab
571 682 661 711 initio,
690 677 730 704 Ad
749 678 830 704 escam
843 685 898 703 non
916 678 1020 712 expedit
1039 680 1112 706 1111ὶί-
1172 679 1242 706 li-en.
1256 686 1278 711 5,
1292 685 1321 713 17
1339 678 1545 704 Incons'ouanter
1561 683 1586 704 et
1600 677 1817 712 inconsequenter
1829 676 1971 712 dispersum
1985 677 2042 705 esse.

58 720 145 749 *tuere
157 716 261 748 vincta,
279 716 327 743 nisi
342 726 425 752 quum
438 723 492 744 tam
505 715 667 742 suburbanus
682 714 718 740 est
730 722 807 748 ager,
824 718 853 739 vt
865 713 934 740 ratio
947 715 1057 748 postulet
1071 715 1112 742 in.
1212 721 1251 741 iN
1264 719 1281 740 c
1292 719 1312 739 ο
1323 718 1345 738 Ν
1356 720 1368 739 3
1379 720 1393 739 1³
1403 719 1419 738 n
1429 718 1445 738 C
1455 720 1476 739 Τ
1489 718 1507 739 ν
1519 721 1531 739 5
1541 733 1549 744 ,
1575 721 1604 746 a,
1630 722 1683 740 uin.
1721 713 1780 739 Adi.
1818 712 2023 746 lncmfiderarus.
2058 711 2125 739 Geli.
2138 720 2177 748 17,
2191 722 2218 741 21

70 751 207 777 conditum
221 752 340 778 fructum
354 752 533 779 mercantibus
546 750 620 777 velut
631 758 742 785 pomum
755 748 876 776 vendere.
1167 755 1212 784 pr.
1241 749 1284 776 Ne
1311 748 1340 775 in
1361 748 1404 775 his
1432 748 1599 775 sermonibus
1619 748 1689 775 sorte
1712 747 1908 783 inconspectum
1932 747 2036 783 aliquid
2057 753 2158 776 temere
2177 748 2218 776 di-

107 792 220 813 iNCON
232 789 335 814 Di'TF.
361 788 428 815 Adu.
465 786 659 822 [ἀσυντάκτως]
695 783 865 820 Incompifite,
878 783 1027 813 inordinate.
1053 786 1110 812 Cic.
1127 788 1153 814 15
1171 793 1298 811 ceremus.

70 821 123 847 Off.
138 829 160 853 3,
174 827 201 852 82
230 823 321 850 Dicam
339 829 368 850 vt
381 829 490 858 potero,
509 820 646 848 incondite
660 821 780 852 fortasse,
797 819 840 846 sed
860 825 946 846 tamen
960 826 987 847 vt
998 831 1041 848 res
1055 823 1112 856 pos.
1209 827 1218 845 1
1230 825 1381 846 NCONSP
1392 825 1401 844 1
1413 824 1457 845 cv
1467 826 1487 846 ν
1497 826 1527 851 3,
1546 827 1576 851 a,
1594 827 1649 845 um.
1674 817 1734 845 Adi.
1771 819 1852 846 Mart.
1865 817 1962 853 Capell.
1977 823 1990 847 8
2010 818 2217 854 Stellasuperio·

68 856 100 883 fit
114 856 239 892 intelligi.
310 859 392 886 Rudis
404 858 468 885 haec
481 856 617 883 incondite
629 856 719 883 fundit
732 855 789 882 Cic·
804 855 836 882 de
848 855 922 882 Orat·
935 864 957 888 3,
974 864 1015 891 173
1029 868 1050 884 c.
1066 868 1111 892 44.
1172 856 1247 883 ribus
1259 855 1436 888 inconspicua.
1482 854 1554 880 Ideni
1568 856 1585 880 6
1608 853 1676 916 (Ἐς
1690 853 1793 881 dubitet
1805 854 1856 880 alia
1870 853 2040 887 inconspicua
2052 854 2125 885 fieri,
2137 860 2218 890 atque

67 892 208 920 incondite
220 899 246 920 ct
257 894 421 921 monstruose
433 892 535 928 aliquid
550 892 667 927 cogitare
683 892 757 918 Idem
771 891 803 917 de
814 890 905 917 Diuin.
919 900 940 922 c,
953 895 1008 926 146.
1036 894 1110 931 Cous,
1171 891 1224 918 alia
1233 890 1360 916 eminere.
1397 891 1490 917 Florus
1504 899 1531 923 4,
1545 898 1570 922 2,
1584 892 1614 923 67
1663 899 1698 916 on
1713 890 1881 924 inconspicua
1889 894 1977 916 tamen
1990 895 2075 915 moi-tc
2083 890 2217 919 omnium.

70 928 149 962 Apul.
161 929 227 956 Met.
240 938 259 963 4
272 939 296 964 p.
312 931 369 963 146.
419 928 476 955 Cic.
489 935 529 963 ap.
544 928 680 962 Augustin.
695 929 725 954 C.
738 928 770 953 D.
785 935 826 957 22,
839 928 865 952 6.
1210 933 1248 953 iN
1260 931 1277 951 c
1290 931 1311 952 0
1321 932 1364 952 Ns
1373 932 1388 952 Ρ
1397 932 1416 952 R
1425 927 1472 952 ΕΤ
1481 931 1501 951 v
1511 932 1524 953 s
1534 945 1543 958 ,
1563 934 1592 958 a,
1613 934 1667 952 uni.
1705 925 1766 952 Adi.
1809 925 1890 959 Qiod
1908 934 1963 951 non
1980 924 2161 959 improbatum
2178 927 2218 955 est

50 961 53 965 ’
108 969 117 989 1
128 969 201 992 Nco
212 971 234 991 N
243 972 284 992 1²13
294 970 310 991 C
322 971 410 997 TVS,
428 973 443 991 a
452 984 460 997 ,
481 972 536 991 um.
561 963 621 990 Adi.
659 964 717 989 Non
729 960 872 997 covzfefsur,
885 967 916 988 vt
932 963 982 989 cibi
994 963 1111 994 dicuntur
1121 968 1156 987 20
1172 962 1269 990 Festus.

69 999 173 1034 confici,
185 1001 211 1036 s
226 1002 353 1036 concoqui.
408 999 596 1026 Intestinoruui
616 998 725 1030 leuitas,
745 1006 796 1032 qua
813 997 948 1024 continere
967 999 1035 1027 nihil
1055 1003 1112 1036 pos.
1210 1004 1219 1022 1
1229 1004 1251 1023 N
1261 1001 1340 1022 CON
1350 1001 1363 1021 S
1372 1002 1422 1022 ΤΑ
1432 1002 1492 1022 1311.
1503 1002 1512 1021 1
1522 1001 1552 1027 8,
1573 1004 1595 1021 e·
1625 994 1686 1021 Adi·
1723 995 1782 1021 Vct·
1798 995 1909 1029 ῙΜΕΓΡΓ-
1925 996 1993 1022 Iress·
2008 995 2024 1022 ¹-
2040 1003 2062 1028 ς-

69 1035 145 1066 sunt‚
165 1041 191 1062 et
206 1035 338 1070 quidquid
355 1035 520 1066 adsumtum,
533 1034 714 1061 inconfectum
734 1033 856 1068 protinus
871 1033 983 1061 reddunt
1001 1037 1068 1064 Cels.
1082 1047 1112 1072 4,
1208 1037 1522 1063 INCONSTABILi'riO,
1542 1031 1611 1056 onis.
1631 1030 1651 1056 f.
1673 1029 1869 1068 [dxoeeacoeai'oey]
1889 1031 1966 1064 Vulg.
1978 1039 1997 1062 4
2009 1031 2079 1057 Esdr.
2093 1039 2127 1064 15,
2143 1034 2181 1059 16.

69 1078 100 1103 19
113 1071 157 1102 (al.
174 1073 214 1102 16)
231 1071 264 1098 αἱ.
278 1070 480 1106 imperfeti'mm:
507 1070 574 1106 quod
585 1076 668 1096 tuetur
680 1069 816 1105 Mor-gagii.
832 1067 908 1104 Epist.
919 1078 934 1100 3
948 1072 974 1096 in
989 1072 1056 1098 Cels.
1181 1073 1183 1078 '
1209 1072 1272 1094 1Nc
1283 1074 1302 1093 o
1313 1073 1334 1092 Ν
1343 1073 1356 1094 3
1367 1074 1388 1094 Τ
1397 1073 1418 1092 Α
1428 1073 1449 1092 Ν
1459 1074 1471 1093 3
1482 1086 1489 1099 ,
1507 1065 1586 1092 antis.
1613 1065 1673 1092 Adi.
1710 1065 1723 1097 [
1730 1063 1864 1099 ac‘e'ss'mosj
1901 1067 1952 1100 Qu·
1968 1066 2020 1098 Jiln‘
2037 1076 2085 1092 non
2111 1067 2218 1100 conflat,

108 1111 117 1130 1
129 1111 152 1130 N
162 1112 207 1132 co
216 1113 239 1132 N
250 1111 267 1132 F
277 1111 295 1132 Ε
306 1113 341 1133 33
350 1113 371 1132 v
380 1112 409 1137 3,
428 1115 459 1139 a,
477 1114 531 1132 11111.
556 1105 617 1132 Adi.
654 1103 879 1139 [οἷνωμολογηκιὸς]
915 1106 995 1132 Ouid.
1010 1108 1074 1135 Met.
1088 1117 1111 1141 2,
1170 1104 1248 1135 leuis,
1262 1102 1374 1134 mobilis,
1387 1102 1518 1133 volubilis,
1530 1104 1574 1137 qui
1587 1107 1638 1127 tum
1651 1100 1709 1131 boc,
1722 1107 1773 1126 tum
1787 1099 1849 1125 illud
1862 1099 1934 1125 dicit.
1969 1101 2034 1126 Plin.
2048 1106 2083 1133 18,
2095 1111 2121 1134 33
2147 1104 2172 1128 Si
2189 1103 2218 1130 id

68 1146 117 1174 557
142 1141 303 1168 Sei-nandum
321 1141 442 1174 dederat,
461 1141 506 1168 sed
524 1141 596 1167 enini
613 1140 756 1167 inconfessa
774 1140 840 1174 quid
859 1141 927 1167 essct.
969 1142 1017 1170 Sed
1026 1145 1113 1181 Heius:
1124 1140 1156 1167 25
1173 1140 1202 1166 in
1214 1137 1335 1174 pluribus
1354 1137 1473 1172 partibus
1484 1137 1546 1167 fiet,
1562 1135 1736 1163 inconstantes
1748 1141 1841 1161 ventos
1857 1134 2001 1161 effundent.
2055 1137 2176 1164 Ridicule
2191 1147 2218 1165 es

67 1175 243 1203 eliminandum
261 1177 327 1203 hunc
344 1177 443 1214 verfimi
456 1176 561 1204 iudicat.
1171 1175 1244 1201 visus
1264 1174 1412 1200 inconstans
1440 1173 1496 1200 Cic.
1517 1181 1566 1207 pro
1580 1172 1655 1198 Rosc.
1669 1172 1746 1197 Com.
1763 1179 1792 1202 19
1810 1180 1832 1197 c.
1848 1173 1872 1198 6.
1942 1169 2015 1196 Idem
2037 1171 2108 1198 Fam.
2129 1181 2167 1205 10,
2190 1175 2220 1200 16

105 1216 115 1234 1
124 1217 145 1235 N
158 1217 175 1237 C
186 1218 205 1239 ο
215 1218 239 1238 Ν
252 1218 269 1238 F
280 1213 301 1239 17
310 1219 323 1240 3
333 1219 352 1240 ν
362 1219 390 1244 3,
407 1221 439 1246 a,
457 1220 512 1239 um.
538 1210 600 1238 Adi.
638 1210 698 1238 Non
715 1209 842 1247 coiifufiis.
877 1211 970 1239 Claud.
989 1212 1021 1241 de
1033 1214 1114 1243 cons,
1173 1211 1265 1244 Qium
1279 1209 1301 1235 is
1314 1208 1426 1243 frigidas
1438 1209 1498 1235 sane
1510 1214 1536 1234 et
1549 1207 1722 1234 inconstantes
1735 1206 1861 1233 recitasset
1874 1205 1963 1232 literas
1977 1207 2013 1232 Le
2033 1206 2079 1232 idi.
2151 1209 2220 1234 Com.

66 1243 173 1275 Honor.
193 1249 228 1282 6,
248 1250 293 1280 623
1167 1253 1228 1283 par.
1261 1245 1317 1271 Cic.
1335 1244 1367 1271 ad
1381 1245 1455 1270 Brut.
1475 1251 1498 1277 15
1530 1243 1735 1270 instrumentum
1754 1241 1829 1276 regni
1851 1241 1967 1268 delatum
1988 1251 2002 1267 a
2042 1242 2175 1277 Lepidum
2193 1248 2220 1271 et

221 1283 275 1310 Hie
287 1287 313 1310 et
327 1282 470 1318 belligeros
489 1280 607 1309 exercuit
620 1288 682 1308 area
698 1280 778 1308 lusus.
1174 1281 1323 1308 Antonium
1336 1298 1344 1311 ‚
1363 1288 1480 1314 quorum
1500 1279 1567 1306 alter
1585 1278 1791 1308 inconstantior,
1813 1277 1880 1304 altei-
1900 1277 2043 1311 impurior.
2124 1279 2220 1314 Superl.

222 1319 344 1345 Armatos
357 1318 402 1346 hic
415 1319 489 1353 saepe
505 1316 616 1349 choros,
636 1322 759 1352 certaque
771 1316 886 1352 vagandi
1124 1320 1158 1345 30
1174 1318 1232 1344 Seri.
1247 1315 1327 1351 Epist.
1341 1323 1376 1348 99
1410 1315 1524 1350 Populus
1539 1314 1639 1341 nullius
1657 1314 1698 1340 rei
1718 1313 1803 1340 bonus
1822 1311 1931 1352 auetor,
1951 1319 1981 1352 et¹
1995 1312 2023 1338 in
2042 1313 2166 1341 omnibus
2179 1315 2221 1341 in-

221 1353 326 1381 Textas
342 1353 398 1388 lege
417 1354 506 1388 fugat,
524 1352 729 1387 inconfusosque
750 1354 880 1385 recursus,
1175 1351 1400 1379 constantiffimus.
1476 1349 1546 1377 Gell.
1567 1357 1602 1383 13,
1622 1357 1654 1382 30
1686 1349 1795 1383 Accepit
1824 1348 2057 1375 inconstantissimo
2088 1349 2165 1377 vultu
2193 1355 2222 1378 et

221 1390 254 1416 Et
273 1389 394 1424 pulchras
407 1397 530 1416 errorum
548 1393 631 1420 artes,
652 1386 819 1423 iucundaque
834 1388 929 1415 Martis
1171 1387 1351 1416 moestissimo.
1688 1405 1690 1416 ,
2040 1418 2045 1423 ⁴

221 1424 363 1451 Cernimus
376 1425 493 1452 insonuit
507 1433 590 1458 quum
609 1423 723 1451 verbere
744 1424 813 1459 signa
826 1424 957 1459 magister.
1209 1430 1276 1451 INC
1285 1428 1305 1450 0
1317 1430 1338 1448 N
1347 1429 1418 1450 STA
1427 1428 1451 1449 N
1461 1429 1483 1450 Τ
1492 1427 1533 1448 ῙΑ
1542 1441 1552 1455 ,
1576 1429 1614 1448 ae.
1644 1421 1666 1447 f.
1701 1418 1831 1455 [deuo-la]
1867 1420 1977 1446 Leuitas.
2012 1419 2071 1459 Cic.
2090 1419 2170 1446 Acad.
2191 1428 2221 1453 4,

65 1456 141 1494 Confi
158 1457 216 1485 Sen.
231 1460 337 1493 Qiaest.
352 1460 414 1487 Nat.
427 1468 550 1495 prooem.
563 1468 586 1492 3.
1176 1468 1206 1496 17
1226 1457 1356 1493 Qiamuis
1374 1457 1459 1493 igitur
1475 1457 1559 1484 fuerit
1576 1461 1667 1483 acutus
1678 1460 1708 1482 vt
1722 1455 1790 1487 fuit,
1809 1461 1897 1481 tamen
1910 1454 2082 1481 inconstantia
2101 1455 2223 1483 eleuatur

102 1499 113 1518 1
125 1499 147 1518 N
157 1500 175 1521 C
185 1500 205 1520 ο
216 1501 238 1520 N
248 1502 264 1522 F
275 1503 294 1521 v
305 1502 318 1522 3
327 1503 336 1521 1
346 1503 363 1523 Β
372 1497 405 1522 ’ἰι
414 1503 423 1521 1
434 1504 461 1528 3,
478 1504 502 1522 0.
523 1495 583 1522 Adi.
618 1493 764 1529 Operatius
777 1494 974 1523 inconfusibilis
986 1496 1116 1532 Vulg.1n-
1130 1502 1158 1529 35
1174 1495 1334 1525 auctoritas,
1353 1496 1373 1520 i.
1391 1496 1529 1527 minuitur,
1541 1492 1620 1529 fidem
1639 1494 1746 1519 amittit.
1817 1490 2002 1530 Inconstantia-
2016 1490 2098 1517 totius
2122 1491 2222 1517 senten·

31 1552 33 1554 .
62 1532 146 1563 tei-pr.
164 1538 181 1556 z
194 1530 322 1558 Timoth.
337 1540 360 1563 2,
376 1538 409 1565 ις.
430 1530 614 1567 ἐνεπαίχυντος.
1173 1531 1227 1558 tiae
1240 1531 1296 1558 Cic.
1312 1529 1393 1557 Acad.
1408 1539 1437 1564 4,
1474 1549 1481 1556 .
1519 1549 1527 1555 .
1597 1526 1802 1555 Inconstantiam
1820 1527 1957 1552 mensurae
1976 1525 2112 1552 diuersitas
2130 1526 2223 1553 auclo-

100 1570 111 1590 1
123 1570 224 1592 NCON
236 1572 252 1592 F
264 1574 285 1593 v
295 1573 370 1593 SIBI
385 1572 402 1593 L
413 1569 477 1592 ἰ’ΤΕ
487 1572 517 1592 R.
553 1565 621 1593 Adu.
657 1564 751 1592 Claud.
765 1566 887 1594 Mamert.
901 1566 934 1594 de
947 1567 1019 1594 Statu
1026 1568 1115 1596 Anim.
1174 1576 1236 1595 rum
1249 1565 1314 1593 facit
1326 1565 1392 1592 Plin.
1406 1567 1432 1598 6,
1446 1566 1488 1591 26.
1559 1564 1616 1591 Cic.
1629 1565 1683 1589 Att.
1698 1565 1735 1595 16,
1749 1569 1766 1596 7
1801 1561 1892 1589 Nemo
1905 1561 1998 1588 doetus
2010 1569 2124 1600 vnquam
2138 1568 2223 1588 muta-

67 1606 88 1631 Ι»
101 1606 126 1632 15
150 1601 377 1629 Inconfusibiliter
391 1601 506 1628 misceri.
1175 1603 1279 1630 tionem
1306 1601 1426 1633 consilii,
1450 1599 1653 1627 inconstantiam
1672 1597 1740 1625 dixit
1757 1597 1816 1625 esse.
1886 1596 2062 1623 Inconstantia
2086 1597 2223 1623 mutabili-

102 1641 112 1660 1
124 1641 171 1662 Nc
181 1643 201 1663 ο
209 1643 232 1661 N
241 1643 262 1663 G
271 1643 287 1663 E
296 1643 313 1663 1.
323 1645 344 1664 A
354 1644 370 1664 Β
379 1638 389 1663 '1'
398 1643 414 1663 L
423 1644 433 1663 1
444 1645 457 1664 s
467 1657 476 1670 ,
495 1645 519 1664 e.
542 1635 603 1663 Adi.
640 1634 784 1670 [δίκηκτος]
821 1637 894 1672 Qiod
906 1647 954 1664 non
966 1637 1048 1673 potest
1060 1648 1115 1665 con·
1174 1645 1267 1673 tasque
1289 1637 1386 1663 mentis
1406 1635 1479 1662 Idem
1493 1636 1575 1662 Tusc.
1587 1645 1612 1668 4,
1624 1637 1661 1670 76
1673 1643 1695 1660 c.
1709 1640 1746 1666 35.
1817 1632 1938 1659 Varietas
1952 1638 1978 1658 et
1995 1631 2184 1670 inconstantia,
2196 1637 2225 1660 et

64 1671 154 1706 gclari.
202 1672 271 1698 Gell.
287 1680 325 1707 17,
338 1678 353 1703 8
386 1673 442 1700 Cur
458 1672 607 1700 fluuiorum
620 1678 647 1700 et
665 1672 781 1699 fontium
799 1680 882 1708 aquae
899 1672 960 1708 gelu
978 1673 1115 1707 durentur,
1122 1682 1160 1707 40
1175 1674 1267 1701 crebra
1287 1678 1411 1707 tanquam
1430 1671 1631 1706 tempestatum,
1649 1669 1683 1696 fic
1703 1667 1894 1694 sententiarum
1914 1670 2089 1692 commutatio
2116 1666 2153 1692 Id.
2173 1675 2225 1700 pro

65 1713 139 1732 mare
152 1715 232 1733 omne
245 1708 439 1743 incongelabile
451 1708 491 1735 sit.
1174 1711 1263 1736 Domo
1276 1717 1305 1740 4.
1377 1707 1418 1734 Ab
1432 1706 1606 1733 inconstantia
1619 1710 1646 1731 et
1665 1703 1816 1742 temeritate
1830 1701 1934 1741 seiungi
1948 1709 2002 1726 non
2021 1700 2104 1734 potest
2118 1701 2226 1729 fortuna

17 1772 21 1779 .
102 1747 112 1766 1
121 1747 143 1767 N
152 1748 197 1769 co
207 1749 230 1769 N
242 1749 262 1770 G
271 1751 290 1769 R
301 1751 339 1771 iss
348 1751 361 1771 3
370 1751 380 1770 1
390 1750 406 1771 Β
415 1745 447 1771 '1'L
457 1751 466 1769 1
477 1751 506 1776 s,
526 1752 551 1770 0.
579 1742 641 1770 Adi.
677 1742 797 1770 Tei-tuli.
814 1742 875 1770 adu.
891 1744 972 1770 Mai-c.
994 1753 1017 1777 2,
1030 1752 1065 1780 27
1086 1745 1115 1771 de
1176 1745 1232 1771 Cic.
1245 1743 1278 1769 de
1291 1744 1328 1770 N.
1341 1743 1374 1768 D.
1386 1751 1408 1774 3,
1423 1744 1461 1767 61.
1534 1742 1614 1767 Fama
1628 1737 1819 1779 inconstantiae
1830 1736 2046 1776 'pertimescenda
2064 1735 2137 1763 Idem
2150 1738 2224 1765 Fam.

64 1777 134 1809 Deo,
151 1776 288 1813 οἱπρόωτος.
1175 1788 1194 1810 1,
1207 1787 1234 1811 9.
1306 1778 1338 1803 In
1367 1776 1486 1802 maxima
1516 1774 1708 1805 inconstantia,
1727 1778 1850 1800 veritatis
1876 1777 2062 1806 ignoratione,
2086 1774 2224 1801 versantur

102 1817 112 1836 1
122 1819 143 1837 N
153 1819 196 1839 CO
207 1818 256 1840 NG
268 1820 285 1840 R
296 1820 341 1840 vE
351 1821 410 1847 Ns,
430 1814 507 1842 entis.
533 1812 595 1839 Adi.
632 1811 803 1847 [οἷνοέρμοςος]
840 1811 917 1846 Quod
929 1821 977 1838 non
990 1816 1116 1848 congruit,
1174 1812 1250 1846 vulgi
1264 1811 1406 1845 opiniones
1422 1809 1498 1836 Idem
1512 1811 1545 1836 de
1558 1810 1594 1836 N.
1611 1810 1643 1835 D.
1657 1818 1676 1841 1,
1689 1817 1731 1841 43.
2053 1842 2059 1847 ·
2112 1842 2118 1848 .

64 1851 111 1872 aut
122 1848 255 1874 concordat
267 1851 290 1874 ei
299 1851 346 1879 rei,
358 1848 387 1874 de
393 1857 443 1884 qua
454 1851 560 1882 agimus.
596 1846 663 1872 Plin.
672 1847 751 1880 Epist.
765 1856 793 1879 4,
806 1855 823 1879 9
842 1846 971 1872 Dissoluta
984 1853 1063 1881 atque
1076 1847 1116 1873 in·
1127 1850 1162 1876 45
1212 1854 1221 1872 1
1231 1854 1253 1873 Ν
1263 1852 1280 1872 c
1292 1852 1312 1872 Ο
1323 1852 1346 1872 N
1357 1853 1370 1872 3
1381 1851 1404 1872 Τ
1414 1852 1435 1872 Α
1444 1853 1466 1872 Ν
1474 1851 1496 1871 Τ
1505 1852 1522 1872 E
1530 1853 1560 1872 R.
1595 1844 1662 1871 Adii.
1699 1843 1837 1879 [ica-ras]
1882 1843 1991 1869 Leniter.
2026 1843 2084 1882 Cic.
2110 1851 2139 1882 111
2153 1844 2223 1883 rar.

64 1888 211 1915 congruens
229 1882 366 1910 sententia.
423 1883 493 1908 Gell.
507 1890 531 1914 2,
546 1889 559 1914 5
582 1882 625 1908 Est
641 1882 715 1908 enim
733 1881 861 1916 pleraque
879 1887 906 1907 et
924 1880 974 1908 fibi
994 1888 1021 1908 ct
1036 1881 1116 1909 nobis
1174 1882 1216 1908 tit.
1255 1903 1262 1909 .
1299 1901 1306 1907 .
1344 1901 1351 1908 .
1389 1881 1416 1907 si
1436 1887 1482 1908 aut
1503 1879 1644 1914 ambigue,
1671 1888 1715 1905 aut
1740 1878 1933 1909 inconstanter,
1958 1882 2004 1905 aut
2027 1877 2224 1907 incredibiliter

63 1916 250 1952 incongruens.
1173 1917 1245 1944 di&a
1257 1917 1324 1943 sunt.
1377 1916 1558 1943 Inconstanter
1570 1915 1645 1949 loqui
1662 1915 1717 1940 Cic.
1732 1913 1812 1939 Acad.
1827 1921 1855 1945 4,
1869 1919 1895 1944 53
1909 1921 1930 1938 c.
1946 1920 1984 1947 17.
2051 1913 2124 1940 Idem
2137 1914 2223 1942 Tusc.

102 1959 112 1977 1
121 1959 144 1979 N
152 1959 169 1979 C
178 1960 198 1980 ο
207 1959 230 1979 Ν
241 1959 261 1979 G
269 1960 289 1979 R
297 1960 317 1979 v
327 1960 343 1979 E
354 1959 377 1979 N
388 1958 410 1978 T
418 1959 435 1980 E
444 1960 474 1979 R.
494 1951 562 1979 Adu.
579 1953 793 1978 Irzconuem'enter.
814 1951 933 1978 Tertull.
948 1951 980 1978 de
988 1952 1111 1986 Baptism.
1173 1961 1203 1985 4,
1216 1961 1252 1985 24
1270 1951 1435 1985 Intelligatur
1453 1951 1537 1984 igitur
1554 1949 1796 1984 perturbationem,
1814 1947 1974 1981 imitantibus
1994 1949 2019 1974 se
2038 1949 2223 1983 opinionibus,

65 1993 90 2014 e.
101 1988 202 2022 penult.
223 1989 282 2014 Nec
301 1989 509 2021 incongruenter
521 1987 582 2022 quis
594 1986 626 2013 ad
639 1986 750 2020 figuram
764 1986 990 2019 interpretabitur.
1174 1986 1352 2013 inconstanter
1371 1991 1397 2012 et
1418 1985 1527 2012 turbide
1546 1985 1576 2011 in
1594 1991 1669 2011 motu
1688 1985 1737 2011 esl'e
1756 1985 1866 2018 semper.
1933 1983 2055 2010 Membra
2075 1984 2223 2012 inconstan-

102 2029 144 2050 ΙΝ
154 2029 171 2050 c
183 2030 202 2050 o
213 2030 235 2050 N
247 2029 267 2049 G
278 2029 385 2050 RVEN
395 2029 484 2055 Τ1Α,
505 2030 544 2048 ae.
569 2021 588 2048 f.
624 2022 838 2048 Inconuenientia.
873 2021 994 2048 Tertull.
1011 2021 1112 2048 aduers.
1126 2025 1158 2052 50
1174 2026 1215 2049 ter
1235 2020 1358 2047 iactando
1375 2021 1467 2056 fatigat
1486 2021 1592 2048 Lucret.
1607 2029 1631 2054 3,
1642 2028 1706 2054 490.
1775 2018 2008 2046 Inconstantissime
2025 2018 2096 2046 dicta
2119 2021 2174 2047 Cic.
2189 2020 2222 2048 de

64 2057 150 2086 Marc.
163 2067 190 2090 2,
203 2066 234 2092 25
262 2057 433 2085 Infirmitates
452 2063 479 2084 et
496 2056 713 2091 incongruentias
731 2055 940 2089 interpretandas
958 2057 1116 2091 purgandas·
1172 2057 1231 2084 Fiu.
1246 2065 1270 2089 2,
1284 2061 1312 2086 88
1328 2065 1350 2082 c.
1364 2064 1407 2091 27.
1845 2088 1847 2090 η

65 2101 118 2127 que
131 2094 294 2129 pertendam.
330 2093 400 2121 Adel.
414 2092 453 2120 Id.
466 2092 499 2119 de
511 2093 600 2121 Anim.
613 2101 635 2119 e.
647 2100 688 2124 32.
742 2090 860 2117 LaEtaiit.
874 2099 896 2125 5,
912 2100 936 2123 13
964 2093 1060 2121 Seneca
1073 2093 1114 2120 in-
1208 2098 1217 2117 1
1229 2098 1276 2118 Nc
1286 2097 1335 2118 οΝ
1345 2098 1358 2117 3
1367 2099 1388 2118 ν
1397 2093 1444 2117 ET
1453 2097 1473 2116 V
1482 2098 1512 2123 3,
1532 2100 1562 2122 a,
1582 2099 1637 2116 um.
1665 2089 1726 2116 Adi.
1762 2088 1909 2123 [u’uefficds]
1946 2090 2005 2116 Non
2024 2088 2138 2123 afflietus.
2173 2091 2220 2119 Sil.

9 2130 11 2137 ’
28 2145 31 2147 -
63 2130 267 2164 congruentiam
286 2128 443 2156 hominibus
461 2128 608 2156 obiefihns.
661 2126 799 2162 Augustiii.
813 2127 873 2152 Ciu.
887 2127 938 2153 Dei
955 2135 992 2159 22,
1012 2136 1041 2161 ¹9
1071 2129 1114 2155 In·
1174 2136 1206 2158 11,
1221 2132 1269 2156 282
1288 2128 1378 2160 Stupet
1393 2127 1561 2152 inconsuetus
1575 2126 1681 2160 opimae
1715 2123 1841 2151 Sidonius
1857 2126 1960 2151 mensae
1973 2124 2058 2152 miles.
2112 2127 2221 2154 Vitruu.

65 2165 239 2200 congruentia
258 2165 383 2199 pai-tium.
1173 2161 1257 2196 praef.
1272 2168 1285 2193 5
1306 2162 1398 2187 Sei-mo
1410 2161 1588 2187 inconsuetus.
1632 2160 1705 2187 Idem
1722 2169 1741 2192 1,
1754 2169 1772 2192 4
1791 2160 1919 2187 Salfitudo
1932 2161 2094 2188 inconsueta.

6 2215 19 2224 η
89 2208 113 2227 >1
122 2208 145 2227 N
154 2207 170 2227 c
180 2206 200 2227 ο
210 2208 232 2227 Ν
244 2206 266 2227 G
276 2208 295 2227 R
303 2207 324 2226 v
333 2206 355 2227 v
364 2208 377 2228 s
385 2219 393 2232 ‚
409 2209 439 2233 a,
459 2209 514 2227 um.
556 2198 617 2225 Adi.
655 2198 715 2225 Non
734 2206 866 2233 congruus.
913 2196 972 2222 Val.
993 2197 1064 2222 Max.
1084 2204 1113 2229 4,
1129 2198 1158 2224 55
1210 2202 1220 2221 1
1230 2202 1252 2221 N
1261 2202 1278 2222 C
1287 2202 1305 2222 Ο
1314 2203 1336 2222 Ν
1345 2203 1358 2222 3
1367 2202 1388 2221 V
1398 2203 1414 2222 L
1423 2203 1445 2223 T
1454 2203 1474 2221 v
1485 2203 1513 2227 s,
1531 2205 1563 2229 a,
1579 2205 1634 2223 um.
1666 2195 1726 2222 Adi.
1763 2195 1894 2230 [Waxos]
1937 2196 2086 2231 imprudens
2094 2217 2102 2229 ‚
2117 2196 2222 2231 inconst.

17 2234 27 2264 ι’»,
66 2244 88 2269 1,
105 2244 131 2263 12
151 2237 227 2270 Qiae
249 2236 318 2263 faeta
337 2244 432 2263 eorum
449 2245 478 2262 ac
493 2234 565 2262 dieta
579 2232 658 2268 quain
670 2232 819 2266 incongruo
832 2229 935 2257 ambitu
955 2231 1111 2264 amplector.
1173 2231 1275 2258 demtus
1293 2237 1317 2257 et
1337 2231 1429 2258 nullius
1447 2231 1558 2263 consilii,
1575 2233 1617 2259 vel
1633 2235 1676 2267 qui
1693 2234 1774 2258 onmia
1792 2235 1848 2268 agit
1860 2231 1916 2265 stne
1933 2230 2041 2265 confilio.
2094 2232 2152 2259 Cic.
2172 2241 2222 2267 pro

22 2268 27 2278 ‘
63 2273 97 2298 al.
116 2273 204 2304 Quam
217 2272 336 2306 angusto.
372 2271 450 2305 Apul.
463 2270 496 2297 de
509 2271 605 2305 Dogm.
617 2267 718 2294 Platon.
730 2276 742 2299 3
755 2264 865 2302 postpr.
891 2267 1055 2300 lncoiigruae
1074 2267 1113 2294 in·
1173 2267 1263 2293 Deiot.
1278 2269 1310 2293 26
1328 2267 1419 2293 Homo
1434 2266 1597 2294 inconsultus
1610 2274 1636 2293 et
1650 2267 1807 2294 temerarius
1819 2266 1884 2292 haec
1897 2275 1950 2292 non
1964 2265 2080 2294 videbat.
2136 2269 2224 2301 Qiin.

66 2312 109 2334 ter
128 2308 155 2333 se
173 2307 378 2342 propositiones,
1172 2302 1228 2329 ἂίἰ.
1244 2302 1317 2328 Decl.
1332 2311 1360 2334 ¹9
1385 2303 1409 2329 O
1423 2302 1600 2330 inconsultam
1614 2302 1776 2329 muliebrem
1791 2303 1893 2335 semper
1906 2302 2062 2328 amentiam!
2134 2304 2162 2330 Si
2182 2305 2222 2331 in-

100 2349 110 2367 1
119 2349 143 2368 N
153 2348 170 2369 c
182 2349 201 2369 ο
211 2349 233 2367 N
243 2347 264 2367 G
273 2349 321 2367 κν
330 2348 357 2368 Ε.
393 2339 460 2366 Adu.
498 2338 634 2374 Augustisi.
648 2337 681 2365 ad
695 2337 807 2363 Hieron.
822 2337 900 2372 Epist.
914 2346 931 2370 9
944 2346 967 2364 c.
979 2346 999 2370 4
1029 2337 1111 2372 Qiod
1171 2338 1305 2364 consultus
1317 2337 1368 2364 hoc
1386 2338 1466 2370 fecit,
1482 2344 1506 2364 et
1519 2338 1546 2364 Si
1563 2338 1669 2372 optimo
1688 2336 1799 2363 consilio
1818 2338 1878 2363 vsus
1898 2336 1945 2370 sit,
1958 2341 2088 2364 contraria
2099 2338 2222 2375 Triphe-

22 2383 23 2388 ’
61 2376 81 2405 si
93 2377 180 2404 facere
193 2376 288 2408 vellet3
311 2385 360 2403 nec
373 2375 552 2406 mendaciter,
563 2383 611 2401 nec
625 2374 771 2407 incongrue
784 2373 890 2399 faceret.
1119 2377 1155 2402 60
1171 2374 1231 2400 nius
1245 2374 1273 2400 in
1287 2373 1305 2400 Ι.
1319 2382 1375 2399 non
1387 2374 1474 2400 solum
1487 2371 1511 2409 §.
1526 2373 1570 2399 sed
1583 2379 1609 2399 et
1621 2373 1644 2399 is
1657 2374 1689 2399 ῐ).
1703 2371 1735 2398 de
1748 2373 1802 2399 ritu
1815 2380 1890 2407 nupt.
1960 2374 2142 2400 Inconsultum
2158 2385 2222 2402 con-

98 2420 109 2438 1
120 2419 142 2439 N
153 2420 170 2440 c
179 2419 198 2439 ο
207 2419 285 2439 ΝΝΕ
295 2420 313 2439 x
322 2420 343 2438 v
353 2417 382 2443 S,
402 2420 433 2443 a,
452 2420 508 2436 uni.
528 2409 588 2436 Adi.
623 2408 721 2442 Accipe
739 2408 894 2443 opusculum
910 2406 941 2433 de
954 2408 1111 2436 inconnexis
1170 2409 1273 2441 silium,
1289 2408 1463 2443 imprudenter
1474 2407 1684 2441 administratum.
1721 2408 1802 2434 Plaut.
1815 2408 1875 2435 Mil.
1888 2416 1911 2441 3,
1925 2417 1945 2441 1,
1958 2411 1975 2435 6
1995 2409 2066 2436 Nam
2080 2409 2147 2437 bene
2159 2420 2222 2438 con-

62 2448 220 2475 tontinuum
234 2449 332 2474 Auson.
345 2446 441 2479 Eidyil.
458 2454 481 2477 13
494 2445 577 2480 praef.
597 2444 665 2471 Add.
680 2443 754 2469 Idem
771 2443 865 2476 Eidyll.
879 2452 903 2469 12
917 2443 949 2469 ad
964 2444 1074 2470 Paiillin.
1171 2444 1284 2476 fultum,
1298 2444 1478 2470 inconsultum
1495 2443 1513 2469 si
1536 2443 1582 2477 sit,
1602 2444 1723 2470 inimicis
1741 2444 1799 2470 vsui
1818 2445 1867 2470 esse
1880 2444 1974 2478 potest.
2064 2445 2161 2473 Turba
2180 2447 2222 2473 in-

99 2491 109 2509 1
120 2483 383 2514 NcoNNiVENs,
415 2481 492 2507 entis.
536 2480 598 2507 Adi.
641 2478 769 2514 [οἶτενίζων
781 2482 792 2512 ]
834 2481 1012 2518 Nonsnotans
1024 2481 1111 2515 palpe-
1170 2480 1288 2506 consulta
1300 2478 1355 2505 ruit
1367 2479 1464 2506 Lucan.
1481 2488 1501 2511 1,
1514 2488 1574 2512 493.
1611 2480 1670 2505 Liu.
1685 2488 1706 2511 3,
1719 2487 1757 2505 21.
1795 2479 1869 2515 Conf.
1889 2480 1976 2506 Burni.
1988 2479 2023 2506 ad
2035 2480 2107 2508 Grat.
2120 2482 2220 2517 Cyneg.

60 2518 130 2546 bras.
167 2519 234 2545 Gell.
249 2527 272 2548 2,
286 2527 296 2544 1
329 2518 402 2543 Stare
419 2516 511 2543 solitus
525 2516 643 2543 Socrates
661 2514 760 2542 dicitur
779 2516 906 2548 pertinaci
924 2514 991 2541 statu
1003 2515 1111 2549 perdius
1169 2524 1198 2542 v.
1209 2523 1236 2548 4.
1308 2515 1346 2541 Ex
1359 2514 1509 2541 inconsulto
1521 2523 1593 2542 arma
1609 2515 1697 2549 posuit
1716 2514 1761 2540 Sil.
1778 2519 1801 2547 8,
1816 2520 1865 2544 218.

61 2561 142 2590 atque
155 2562 255 2588 pernox
265 2573 273 2586 ,
293 2562 308 2579 a
321 2554 424 2579 summo
439 2552 505 2578 lucis
517 2557 579 2579 ortu
598 2551 631 2578 ad
652 2551 734 2577 solem
749 2549 862 2576 alterum
875 2549 1008 2577 orientem
1019 2551 1111 2578 incon·
1123 2548 1155 2580 65
1207 2558 1217 2576 1
1226 2557 1249 2576 N
1259 2556 1275 2576 C
1285 2557 1304 2577 o
1313 2557 1357 2576 Ns
1368 2556 1388 2575 v
1399 2557 1414 2575 1,
1424 2557 1446 2576 Τ
1455 2557 1474 2575 v
1484 2557 1513 2582 s,
1533 2558 1564 2582 a,
1585 2559 1639 2576 um.
1668 2550 1760 2577 Par-tic.
1795 2551 1824 2577 A
1839 2559 1885 2585 quo
1898 2549 2024 2583 confilium
2037 2560 2085 2577 non
2105 2550 2140 2584 est
2151 2554 2220 2587 petl-

14 2613 18 2618 .
61 2591 168 2617 niuens.
237 2589 416 2615 Inconuiucns
428 2587 544 2614 iustitiae
557 2587 649 2614 oculus
663 2586 795 2613 Ammian.
811 2595 850 2618 39,
865 2588 901 2612 16.
1169 2592 1229 2613 tum.
1267 2587 1355 2613 Varro
1369 2586 1399 2612 R.
1413 2586 1443 2612 R.
1461 2594 1481 2619 1,
1494 2594 1522 2611 10
1543 2585 1646 2613 Etenim
1661 2585 1745 2611 inscio
1758 2590 1836 2620 atque
1850 2586 2000 2612 inconsulto
2012 2586 2133 2620 domino,
2149 2588 2221 2615 serui

101 2632 110 2651 1
122 2633 142 2652 Ν
153 2631 171 2651 C
182 2630 202 2650 o
213 2631 236 2649 N
247 2631 270 2650 N
280 2631 289 2650 1
299 2629 388 2656 Vvs,
402 2632 432 2655 a,
446 2632 501 2649 uin.
524 2623 583 2649 Adi.
610 2623 685 2649 Idem.
722 2621 801 2648 Oculi
817 2621 893 2655 Apul.
908 2622 973 2648 Met.
986 2629 1003 2648 2
1015 2630 1041 2656 p.
1056 2630 1109 2655 124,
1169 2622 1244 2655 saepe
1263 2630 1295 2647 ex
1309 2630 1373 2657 agro
1387 2620 1532 2648 discedunt.
1602 2621 1784 2651 Inconsultus,
1805 2622 1850 2647 Cui
1864 2631 1912 2647 non
1931 2620 1965 2654 est
1982 2621 2069 2649 datum
2081 2622 2217 2657 confilium.
2238 2630 2241 2632 '

64 2669 104 2694 19.
140 2660 215 2686 Idem
227 2662 244 2685 6
256 2669 281 2694 p.
295 2667 349 2694 179,
362 2666 377 2692 5
403 2659 565 2685 Inconniuae
576 2658 686 2693 vigiliae
699 2656 846 2683 luminibus
860 2656 984 2682 addie’tis.
1168 2657 1244 2691 Vir-g.
1257 2658 1322 2683 Aen.
1337 2665 1359 2689 3,
1372 2664 1423 2690 452
1455 2656 1602 2683 Inconsulti
1620 2656 1733 2688 abeunt,
1750 2655 1891 2691 sedemque
1909 2657 1990 2684 odere
2004 2657 2126 2690 Sibyllae.
2169 2659 2219 2686 Vbi

100 2703 111 2721 1
120 2703 142 2722 N
151 2701 168 2721 C
178 2701 197 2721 0
206 2702 229 2721 N
239 2703 251 2722 s
262 2703 278 2723 C
287 2702 296 2720 1
307 2703 327 2722 v
337 2703 349 2721 s
358 2715 366 2727 ,
387 2703 398 2719 a
407 2714 416 2726 ‚
433 2703 488 2720 um.
521 2694 581 2720 Adi.
619 2694 632 2727 [
643 2690 763 2720 οἷσιινειδώς
776 2693 788 2726 ]
825 2692 938 2718 Conscio
956 2694 1110 2718 contrarium
1169 2692 1290 2719 Seruius:
1316 2692 1476 2723 inconsulti,
1491 2691 1569 2719 Inscii
1590 2701 1680 2718 rerum
1690 2711 1696 2723 ‚
1710 2692 1813 2727 ignari,
1825 2692 1878 2718 sine
1898 2693 2018 2719 consilio.
2054 2694 2085 2720 Et
2105 2694 2217 2721 Consul-

63 2728 107 2764 est.
157 2731 218 2757 Liu.
231 2740 265 2761 21,
281 2739 307 2757 iz
341 2730 425 2757 Alcon
438 2729 577 2755 inconsciis
589 2728 753 2763 Saguntinis,
765 2727 885 2761 precibus
903 2726 1007 2762 aliquid
1020 2732 1107 2754 motu·
1115 2731 1152 2758 70
1166 2735 1208 2754 tus
1225 2727 1270 2754 est.
1307 2727 1364 2762 Qui
1390 2728 1552 2755 consulitur:
1577 2728 1758 2761 Inconsultus,
1784 2728 1841 2761 Qui
1866 2736 1921 2754 non
1940 2728 2037 2763 accipit
2065 2729 2214 2758 consilium.

63 2775 123 2792 rum
136 2772 223 2797 ratus,
235 2775 319 2801 quum
331 2765 364 2791 ad
379 2764 537 2791 Annibalem
550 2763 632 2791 11οᾶ11
644 2763 775 2790 transisset.
794 2763 837 2789 Al.
855 2762 953 2789 Insciis.
1166 2761 1189 2826 Ξ
1208 2771 1222 2790 2
1284 2766 1310 2790 ui
1326 2763 1373 2797 fibi
1392 2773 1440 2790 non
1459 2763 1564 2800 considit
1576 2773 1651 2799 neque
1665 2767 1768 2799 *Patitur
1784 2763 1887 2799 consuli.
1943 2764 1998 2792 Cic.
2017 2773 2067 2799 pro
2081 2765 2171 2792 Deiot.
2184 2768 2217 2792 26

99 2809 109 2827 1
122 2809 142 2827 N
151 2809 168 2828 C
177 2808 195 2828 o
206 2809 226 2827 N
236 2809 249 2828 3
259 2808 275 2828 C
285 2809 293 2827 1
303 2808 350 2829 ΕΝ
361 2808 383 2828 Τ
392 2807 431 2827 IA
440 2820 449 2833 ,
473 2808 512 2827 ae.
549 2800 571 2827 f.
613 2800 694 2826 Gloff.
722 2799 768 2825 Gr.
796 2799 854 2826 Lat.
877 2794 1039 2832 dauvadnm'u,
1065 2799 1108 2825 In·
1192 2804 1216 2831 t,
1232 2801 1325 2830 credo,
1340 2799 1404 2826 haec
1417 2798 1501 2826 homo
1514 2799 1676 2826 inconsultus
1688 2804 1714 2825 et
1726 2799 1882 2826 temerarius
1895 2807 1949 2825 non
1961 2799 2078 2826 videbat.
2120 2802 2152 2827 Er
2164 2810 2215 2835 pro

18 2852 20 2856 ‹
63 2837 232 2864 conscicntia.
1168 2834 1259 2862 Rabir.
1275 2835 1341 2861 Post.
1356 2843 1372 2861 2
1394 2835 1450 2868 Qii
1461 2834 1536 2861 illam
1549 2835 1664 2861 Postumi
1679 2834 1733 2861 siue
1747 2835 1853 2861 inanem
1866 2835 1951 2869 spem,
1971 2835 2025 2862 siue
2038 2836 2215 2864 inconsultam

101 2879 110 2898 1
123 2877 223 2899 NCON
233 2880 246 2899 3
256 2879 272 2899 i:
281 2879 304 2898 N
313 2877 364 2898 ΤΑ
373 2877 395 2897 Ν
404 2878 450 2898 EV
459 2878 472 2898 s
481 2891 490 2903 ,
509 2880 522 2897 a
531 2891 539 2903 ‚
558 2879 613 2896 uni.
633 2869 694 2898 Adi.
730 2869 811 2897 Nihil
829 2869 912 2904 magis
929 2868 999 2897 mihi
1015 2869 1107 2896 incon·
1165 2870 1297 2897 rationem
1306 2890 1314 2902 ‚
1329 2870 1384 2897 siue
1405 2874 1415 2902 (
1422 2870 1571 2905 grauiffimo
1589 2870 1675 2897 vei-bo
1691 2874 1768 2902 vtar)
1789 2872 1967 2897 temeritatem
1982 2878 2029 2897 etc.
2101 2872 2214 2908 Compar.

61 2909 216 2935 scntaneum
229 2914 308 2942 atque
321 2907 443 2933 indecens
454 2906 586 2933 aestimari
601 2906 680 2933 Mart.
693 2905 799 2940 Capella
812 2912 825 2938 5
839 2914 863 2939 p.
881 2908 939 2938 1395
1109 2910 1151 2939 ⁴‘75
1168 2907 1266 2933 Nazar.
1279 2907 1371 2940 Paneg.
1385 2906 1521 2933 Constant.
1534 2915 1554 2933 c.
1567 2914 1591 2938 13
1611 2906 1747 2933 Confessus
1760 2906 1796 2933 cst
1810 2907 1837 2933 se
1850 2906 2026 2933 inconsultior
2040 2906 2127 2934 dolor.
2163 2909 2215 2934 Ve-

100 2951 111 2970 1
121 2951 143 2971 Ν
155 2948 172 2970 C
184 2950 202 2969 o
211 2950 233 2970 N
244 2950 255 2968 S
267 2942 284 2969 fi
293 2950 341 2982 (ὲν
350 2950 418 2969 ENS
427 2963 436 2975 ‚
458 2942 533 2969 entis.
577 2941 637 2967 Adi.
677 2942 769 2968 Ascon.
781 2950 900 2976 prooem.
919 2940 970 2969 aet.
984 2940 1013 2967 in
1025 2942 1105 2968 Verr.
1166 2948 1217 2976 get.
1231 2940 1263 2968 de
1277 2941 1316 2967 Re
1328 2941 1388 2967 Mil.
1404 2950 1423 2973 1,
1437 2950 1452 2967 2
1483 2941 1705 2976 septentrionales
1725 2942 1817 2977 populi
1836 2941 2048 2969 inconsultiores.
2118 2943 2214 2978 Superi.

63 2989 90 3015 p.
106 2987 133 3012 53
164 2980 358 3014 inconsequens
386 2978 498 3005 locutio.
553 2976 628 3014 Cous.
642 2975 716 3005 Idem
728 2987 753 3012 p.
766 2980 811 3010 64.
867 2976 1106 3012 Perinconsequens
1168 2977 1284 3005 Saluiau.
1299 2976 1331 3002 de
1344 2977 1423 3003 Auar.
1443 2985 1452 3002 1
1481 2976 1729 3004 Incoufiiltisl'nnum
1747 2987 1775 3004 ac
1789 2977 1964 3004 stultissimum
1985 2977 2021 3004 est
2038 2976 2067 3004 id
2085 2979 2214 3012 quosdam

14 3018 15 3021 ’
63 3014 133 3042 Gell.
154 3023 201 3048 14,
222 3024 241 3041 1.
1165 3022 1259 3048 agere,
1275 3017 1305 3039 vt
1323 3011 1395 3047 quod
1415 3011 1522 3039 adfeclu
1536 3021 1566 3040 ac
1583 3020 1650 3040 voto
1662 3013 1776 3046 volunt,
1795 3012 1823 3040 id
1837 3014 1923 3048 ipsum
1934 3022 1964 3040 re
1977 3019 2055 3048 atque
2067 3014 2128 3040 aditu
2141 3014 2213 3041 nolle

101 3057 113 3076 1
122 3057 144 3076 N
152 3057 168 3077 c
176 3057 197 3077 O
204 3057 225 3075 N
235 3058 247 3077 s
255 3057 272 3077 E
279 3056 330 3090 qy
337 3056 354 3076 E
364 3056 386 3076 N
395 3055 416 3075 T
425 3056 435 3075 1
443 3056 464 3075 Α
473 3069 482 3081 ,
502 3057 541 3075 ae.
560 3048 581 3075 f.
607 3047 790 3083 [οἷνοιιιολκθίοι]
816 3047 947 3083 Qiinffil.
963 3053 985 3081 8,
1000 3050 1018 3075 6
1035 3049 1106 3075 Mul·
1161 3049 1314 3076 videantur.

10 3094 17 3115 ¹,
63 3085 85 3112 ti
99 3085 170 3111 enim
185 3095 266 3120 quum
281 3086 390 3112 initium
402 3093 418 3111 a
432 3084 583 3118 tempestate
601 3084 764 3116 sumserunt,
787 3084 910 3111 incendio
924 3090 971 3111 aut
986 3084 1065 3112 ruina
1077 3084 1106 3111 fi·
1117 3088 1149 3115 80
1203 3093 1213 3111 1
1223 3092 1244 3110 N
1254 3091 1271 3111 c
1280 3091 1299 3111 ο
1308 3090 1330 3109 Ν
1339 3090 1352 3110 3
1363 3089 1384 3108 V
1393 3091 1409 3110 L
1420 3090 1441 3110 Τ
1450 3090 1477 3110 Ε.
1514 3082 1584 3110 Adu.
1622 3084 1635 3117 [
1648 3082 1747 3110 οἷέῗέλωε
1760 3085 1773 3118 ]
1809 3083 1868 3111 Sine
1890 3082 1989 3118 corfilio
2000 3103 2009 3115 ,
2034 3084 2212 3119 imprudenter.

64 3122 160 3152 niunt,
178 3129 245 3155 quae
260 3121 296 3147 est
308 3121 525 3155 inconsequentia
537 3129 627 3147 rerum
637 3119 792 3146 foedislima.
1166 3120 1266 3148 Sallust.
1279 3119 1359 3146 Catil.
1369 3128 1391 3145 c.
1404 3127 1437 3151 42
1446 3125 1489 3155 pr.
1507 3120 1676 3150 inconsulte,
1691 3128 1719 3145 ac
1737 3118 1821 3145 veluti
1839 3127 1888 3153 per
1901 3118 2061 3145 dementiam
2075 3119 2168 3146 cuncta
2181 3120 2211 3147 si-

101 3163 111 3181 i
120 3162 166 3182 Nc
175 3162 194 3181 ο
203 3163 224 3182 Ν
233 3163 246 3182 3
256 3163 267 3182 1
278 3163 320 3184 DE
329 3164 349 3183 R
358 3163 379 3183 Α
390 3163 412 3182 Ν
423 3163 451 3187 3,
470 3155 546 3182 antis.
573 3155 636 3182 Adi.
670 3152 819 3192 [οἷφραδῶν]
856 3155 924 3182 Idem
940 3156 1006 3192 quod
1020 3157 1107 3183 Incon-
1164 3157 1222 3184 mul
1236 3155 1357 3190 agebant.
1411 3156 1520 3182 Incaute
1540 3155 1739 3189 inconsulteque
1758 3154 1819 3180 Liu.
1838 3163 1866 3187 4,
1883 3162 1923 3189 37.
1979 3155 2034 3180 Cic.
2049 3154 2081 3180 de
2095 3155 2132 3182 N.
2146 3156 2178 3182 D.
2192 3164 2211 3188 1,

56 3192 160 3230 sulcus.-
181 3191 232 3225 Qui
244 3201 292 3217 non
305 3190 451 3226 considerat,
464 3191 579 3227 quomodo
597 3190 704 3231 quidque
717 3191 834 3226 agendum
843 3191 889 3225 fit.
926 3191 983 3218 Cic.
998 3191 1031 3218 de
1043 3191 1106 3218 Diu.
1165 3201 1198 3225 43
1219 3201 1241 3218 c.
1256 3194 1285 3218 16
1315 3192 1402 3224 Qiam
1425 3191 1572 3218 inconsulte
1594 3199 1622 3217 ac
1645 3198 1743 3217 temere
1766 3189 1897 3216 dicantur.
1949 3190 2023 3217 Caes.
2039 3190 2067 3217 B.
2083 3190 2113 3217 C.
2134 3199 2155 3223 1,
2175 3198 2210 3225 45

64 3237 91 3261 2,
106 3236 136 3259 ς9
150 3236 171 3252 c.
186 3234 220 3260 27
249 3226 308 3252 Nos
320 3233 409 3254 autem
427 3227 463 3254 ita
479 3228 549 3253 leues
562 3233 641 3262 atque
654 3226 874 3254 inconsiderantes
888 3228 984 3253 sumus.
1021 3229 1052 3254 In
1066 3237 1106 3253 ve-
1165 3227 1248 3261 Qiod
1266 3235 1298 3253 eo
1315 3226 1418 3253 incitati
1438 3226 1526 3253 studio
1546 3226 1719 3252 inconsultius
1740 3225 1923 3259 processerant.
2013 3226 2128 3261 Compar.
2147 3226 2210 3253 Liu.

31 3281 34 3285 .
63 3261 128 3296 tusto
147 3261 229 3287 codice
247 3261 340 3297 legitur
351 3262 549 3290 Inconsiderati.
616 3262 890 3290 Inconsiderantiffime
910 3262 1030 3289 Tertiill.
1044 3263 1104 3290 adu.
1120 3268 1150 3298 85
1164 3273 1206 3296 41,
1223 3272 1252 3296 14
1270 3262 1324 3289 Vbi
1337 3263 1513 3289 inconsultius
1528 3271 1607 3296 quain
1620 3266 1744 3292 venerat,
1757 3261 1782 3286 sc
1798 3260 1876 3295 gestit.
1906 3259 1965 3287 Sall.
1979 3262 2035 3295 Iug.
2048 3270 2070 3287 c.
2082 3268 2120 3293 35.

25 3303 33 3314 ⁴·
63 3299 148 3327 Marc.
169 3306 201 3330 2,
221 3305 262 3328 29·
1200 3307 1210 3325 1
1222 3305 1246 3324 N
1257 3304 1274 3325 c
1287 3305 1336 3326 oN
1346 3306 1358 3324 s
1368 3304 1389 3323 v
1398 3305 1414 3323 L
1425 3305 1446 3324 Τ
1456 3305 1484 3324 o.
1508 3296 1589 3324 Aliud
1600 3296 1668 3322 Adii.
1705 3295 1782 3322 Aue‘t.
1794 3295 1826 3322 ad
1839 3297 1940 3322 Heren.
1953 3304 1977 3328 3,
1991 3301 2004 3326 8
2020 3306 2041 3322 c.
2052 3305 2064 3326 5
2089 3297 2133 3323 Ne
2145 3295 2209 3324 deos

11 3355 14 3362 .
32 3348 33 3353 ¹
103 3339 175 3360 INC
187 3338 238 3358 ΟΝ
250 3333 488 3367 ΒΙΒΕΚᾸΤνς,
506 3343 537 3367 a,
558 3343 612 3360 um.
631 3333 692 3360 Adi.
718 3331 857 3367 [ἄσκοπος]
883 3332 983 3365 Idemsi
1002 3331 1105 3368 nificat:
1165 3334 1275 3369 quidem
1307 3334 1356 3360 esse
1382 3333 1485 3359 auxilio
1515 3333 1564 3364 iis,
1606 3332 1634 3358 ui
1656 3332 1682 3358 se
1702 3331 1852 3358 inconsulto
1875 3332 1905 3358 in
1925 3332 2071 3366 perieulum
2091 3332 2207 3360 mittant.

12 3388 16 3397 s
64 3376 94 3397 vt
108 3368 174 3405 apud
187 3367 243 3394 Cit—
257 3366 339 3393 Tusc-
352 3375 375 3398 3,
387 3377 406 3401 4
432 3369 607 3397 Temerarius
631 3375 657 3396 et
678 3369 890 3397 inconsideratus.
961 3340 1035 3395 Ifem
1054 3378 1104 3403 pro
1163 3370 1224 3404 le.
1240 3370 1269 3396 in
1286 3370 1303 3397 1.
1317 3379 1324 3395 i
1341 3368 1364 3406 ᾗ.
1378 3374 1403 3396 et
1423 3368 1484 3395 ideo
1499 3369 1531 3394 D.
1551 3367 1583 3393 de
1615 3367 1728 3402 is‚quae
1747 3367 1776 3393 in
1795 3367 1852 3395 test.
1866 3367 1917 3394 del.
1930 3367 2043 3394 Proinde
2056 3367 2101 3394 etsi
2117 3367 2208 3395 incon-

13 3416 18 3433 ·,
64 3405 159 3439 Qiint.
174 3409 206 3433 80
225 3412 246 3429 c·
263 3409 293 3435 25
322 3402 346 3427 O
360 3410 416 3428 rein
427 3403 625 3433 incredibilem!
650 3405 674 3432 O
686 3404 857 3439 cupiditatem
869 3403 1103 3432 inconsideratam!
1161 3406 1231 3433 fulto
1248 3404 1426 3440 superscripsit
1437 3403 1566 3430 induxisse
1577 3403 1616 3435 se,
1628 3401 1782 3429 manebunt.

16 3443 26 3474 ἦ·
63 3441 144 3467 Fama
156 3438 291 3474 popularis
303 3437 443 3465 temeraria
455 3445 480 3465 et
491 3441 682 3468 inconsiderata
695 3441 751 3467 Cic.
764 3441 846 3468 Tusc.
862 3449 884 3473 3,
897 3450 919 3472 4·
992 3440 1103 3475 Compar.
1108 3447 1146 3472 90
1198 3449 1210 3468 1
1221 3448 1243 3468 Ν
1254 3448 1298 3468 co
1308 3447 1350 3467 Ns
1361 3447 1381 3465 v
1392 3447 1407 3465 L
1416 3446 1437 3465 T
1446 3447 1466 3465 v
1476 3446 1517 3471 M,
1538 3439 1556 3464 i.
1581 3447 1607 3464 n.
1643 3438 1689 3465 Sil.
1709 3443 1734 3470 8,
1752 3440 1797 3464 216
1830 3438 1912 3465 Arma
1929 3438 2032 3464 senatus
2063 3438 2102 3464 Ex
2115 3437 2207 3466 incon-

23 3475 25 3478 “
65 3476 157 3510 Nepos
170 3484 194 3507 9,
209 3482 232 3507 ς,
249 3482 257 3498 1
290 3471 508 3512 Inconsideratior
525 3477 555 3502 in
572 3476 700 3508 secunda,
716 3485 795 3510 quain
813 3477 843 3503 in
857 3474 964 3503 aduersa
983 3476 1101 3502 fortuna.
1161 3477 1230 3504 sulto
1244 3476 1331 3511 posuit
1343 3473 1506 3507 Tirynthius
1519 3474 1606 3500 heros.

12 3530 39 3538 v-..
64 3510 196 3545 Qiintitil.
212 3517 234 3541 2,
247 3515 272 3541 15
295 3507 414 3534 quenili
427 3508 513 3537 calore
525 3512 602 3538 Polus
616 3511 844 3539 inconsideratior.
929 3510 1024 3546 Superi.
1044 3511 1101 3538 Cic.
1199 3519 1239 3539 1N
1250 3518 1267 3538 c
1279 3518 1298 3538 0
1308 3518 1330 3538 N
1342 3517 1384 3536 sv
1393 3517 1410 3536 L
1421 3516 1444 3537 ‘r
1453 3517 1472 3536 v
1481 3517 1494 3537 3
1503 3530 1511 3542 ,
1530 3508 1569 3536 fis.
1591 3518 1627 3536 ui.
1663 3506 1797 3543 [ἐξελῶ]
1833 3507 1916 3535 Plaut.
1928 3508 2010 3535 Trin.
2024 3517 2044 3541 1,
2058 3517 2081 3542 2,
2093 3517 2137 3542 130
2160 3511 2207 3537 Me

33 3546 36 3548 ⁷
63 3546 97 3573 de
111 3546 201 3580 Ariisp.
216 3544 292 3578 Resp.
307 3550 334 3576 55
348 3551 370 3568 c.
383 3545 415 3568 26
437 3543 528 3572 Plenus
542 3546 814 3575 inconsideratissimae
826 3547 991 3575 temeritatis.
1160 3548 1279 3579 absente,
1298 3552 1377 3581 atque
1401 3546 1545 3579 insciente,
1565 3544 1716 3572 inconsultu
1739 3552 1822 3575 meo,
1847 3543 1923 3571 aedes
1944 3544 2049 3571 venales
2069 3544 2145 3572 hasce
2166 3546 2206 3572 in-

99 3589 109 3608 1
118 3589 140 3608 N
150 3588 166 3609 C
175 3588 194 3608 O
203 3587 225 3605 N
234 3587 247 3607 S
258 3586 267 3605 1
277 3585 296 3605 D
305 3586 322 3606 E
331 3585 349 3605 R
358 3585 410 3618 AJN
419 3585 440 3605 T
449 3586 458 3604 1
468 3587 489 3606 A
496 3600 504 3611 ‚
521 3590 559 3607 ae.
595 3584 615 3610 f.
651 3583 790 3617 [οἷλσγιςῐοι
802 3584 815 3617 ]
852 3582 995 3618 Inconsulta
1024 3584 1100 3608 ratio.
1159 3583 1252 3611 scribit
1273 3582 1369 3609 literis.
1557 3602 1562 3607 .

12 3624 20 3627 “
63 3617 119 3644 Cic.
134 3618 173 3651 Q
182 3617 250 3643 Frat.
264 3624 286 3647 3,
299 3623 317 3647 9
336 3614 420 3640 Cuius
433 3613 462 3640 in
474 3614 524 3643 hoc
535 3626 589 3644 vno
600 3618 846 3646 inconsiderantiam
863 3625 888 3645 et
901 3626 951 3652 ego
966 3616 1099 3643 sustinebo
1114 3624 1146 3651 95
1198 3627 1208 3646 1
1218 3626 1239 3645 N
1249 3626 1265 3646 c
1274 3625 1293 3645 O
1302 3625 1324 3644 N
1333 3625 1345 3645 3
1356 3624 1375 3643 V
1385 3623 1409 3643 M
1419 3621 1504 3643 ΜΑΤ
1513 3622 1534 3642 V
1543 3622 1556 3643 s
1565 3635 1574 3648 ‚
1599 3623 1630 3649 a,
1654 3623 1709 3641 um.
1748 3613 1810 3640 Adi.
1860 3612 2037 3651 Imperseflus.
2076 3616 2112 3642 Vt
2150 3621 2206 3642 erat

62 3658 93 3680 vt
104 3659 208 3687 potero.
244 3651 285 3679 Sic
304 3651 367 3689 legit
381 3649 494 3676 Lambin.
527 3651 595 3679 Suet.
607 3654 637 3680 in
651 3655 742 3681 Claud.
757 3664 778 3681 c.
794 3663 824 3687 39
849 3656 922 3681 Inter
934 3658 1051 3685 caetera,
1071 3652 1101 3679 in
1161 3654 1385 3681 inconsummatus
1405 3657 1432 3678 et
1451 3651 1524 3678 rudis
1551 3649 1683 3677 Ammian.
1700 3657 1736 3681 3¹,
1753 3658 1798 3682 42.
1858 3651 2084 3678 Inconsuinmatus
2104 3656 2130 3677 et
2146 3650 2204 3677 sub-

61 3697 96 3715 eo
109 3687 199 3714 mirati
212 3686 269 3712 sunt
282 3685 404 3712 hommes
415 3689 442 3711 e?
452 3684 620 3716 obliuionem
632 3696 657 3717 et
670 3689 926 3717 inconsiderantiam.
1160 3689 1267 3724 agrestis
1280 3688 1319 3715 Id.
1335 3697 1369 3721 21,
1385 3692 1418 3717 18.
1453 3687 1528 3723 Conf.
1544 3685 1680 3720 Augustin.
1695 3685 1808 3711 Confeiit
1824 3693 1862 3717 10,
1876 3694 1915 3717 30.

99 3731 109 3749 1
118 3730 166 3751 Nc
175 3730 194 3750 0
202 3730 224 3748 N
234 3729 265 3749 31
276 3728 293 3748 D
303 3727 319 3746 Ε
328 3728 347 3747 R
355 3726 412 3760 AN
422 3727 444 3746 Τ
452 3727 469 3747 E
479 3726 509 3747 R.
548 3723 616 3750 Adu.
649 3726 754 3760 leian.
774 3726 835 3762 Dig.
852 3728 885 3753 26
905 3731 923 3751 t.
942 3732 971 3750 10
990 3723 1009 3749 1.
1027 3731 1049 3755 3·
1069 3725 1101 3749 it.
1198 3733 1207 3751 1
1216 3731 1238 3751 N
1247 3725 1293 3755 cio
1303 3731 1325 3750 N
1334 3731 1347 3751 s
1356 3730 1376 3749 v
1385 3729 1444 3749 MM
1453 3729 1504 3750 AT
1514 3728 1551 3748 10
1566 3726 1577 3754 ,¹
1599 3720 1668 3746 onis.
1703 3719 1723 3745 f.
1774 3720 2000 3749 Inconsummatio
2026 3719 2202 3755 generatIonis

61 3758 180 3786 Breuiar.
195 3758 252 3785 Fid.
264 3757 325 3784 adu.
341 3757 430 3782 Arian.
451 3765 476 3790 p.
492 3764 530 3787 ¹31
549 3757 585 3784 ed.
598 3759 720 3788 sirmond.
1161 3760 1192 3786 T
1194 3760 1281 3786 ertull.
1296 3760 1355 3786 adu.
1369 3759 1474 3785 Valent.
1485 3767 1507 3784 c.
1522 3765 1560 3783 10.
1580 3758 1599 3782 i.
1618 3753 1781 3790 imper—festa,
1792 3756 1910 3791 impedita
1927 3759 2061 3794 generatio.

99 3801 109 3820 1
119 3801 141 3820 Ν
151 3801 168 3822 C
176 3801 195 3821 o
203 3801 225 3821 N
234 3801 246 3820 s
256 3800 265 3818 1
275 3800 293 3819 D
301 3799 317 3819 E
326 3798 345 3818 R
355 3793 378 3818 Ᾰ
387 3797 409 3818 Τ
420 3798 446 3831 13.
474 3791 541 3817 Adu.
571 3792 727 3831 [οέλογῐςως]
764 3795 913 3832 Inconfiilte,
925 3800 1021 3821 temere.
1042 3793 1155 3821 Cic-100
1200 3803 1209 3821 1
1219 3802 1241 3820 N
1251 3801 1268 3821 c
1277 3802 1296 3822 o
1305 3803 1327 3821 N
1337 3802 1349 3821 s
1359 3800 1379 3819 ν
1389 3801 1414 3820 Μ
1423 3800 1445 3819 Τ
1454 3801 1474 3820 ν
1483 3800 1496 3819 3
1504 3811 1513 3823 ,
1530 3800 1560 3824 a,
1579 3799 1633 3817 um.
1666 3790 1726 3817 Adi.
1764 3788 1969 3826 [ἐδιάφθκρτος]
2004 3789 2083 3829 Ouid.
2095 3790 2160 3828 Met.
2174 3796 2202 3823 7,

62 3829 115 3856 Off·
130 3839 150 3862 1,
163 3838 205 3861 103
224 3838 246 3856 ⁴³·
260 3837 291 3861 29
326 3828 370 3855 Ne
382 3827 446 3861 quld
459 3832 559 3854 temere
572 3836 602 3854 ac
614 3828 738 3862 fortuitu,
752 3831 955 3862 inconsiderate,
970 3829 1103 3863 negligen·
1162 3838 1208 3862 592
1232 3831 1317 3865 Inque
1329 3838 1409 3856 manu
1430 3828 1497 3855 turis
1510 3836 1568 3862 pars
1583 3827 1748 3853 inconsumta
1765 3834 1868 3862 reperta
1881 3828 1934 3854 est?
2004 3824 2076 3851 Tibi
2092 3830 2202 3850 iuuenta

60 3869 156 3899 terque
169 3873 284 3900 agamus.
339 3863 407 3889 Gell.
421 3869 458 3896 17,
472 3871 481 3889 1
509 3864 545 3889 Vt
563 3862 676 3890 scribere
690 3866 742 3891 ausi
761 3868 820 3893 sunt
834 3868 872 3893 M.
886 3866 1043 3893 Ciceronem
1057 3873 1101 3898 pa·
1161 3865 1325 3892 inconsumta
1335 3885 1344 3897 ,
1368 3867 1409 3891 Tu
1417 3871 1481 3899 puer
1495 3870 1608 3890 aeternus
1622 3861 1704 3888 Ouid.
1718 3863 1782 3889 Met.
1794 3872 1822 3896 4,
1837 3871 1873 3897 17.
1909 3863 1947 3889 Id.
1959 3869 1990 3887 ex
1997 3861 2071 3886 Pont.
2088 3868 2107 3891 1,
2123 3868 2147 3891 2,
2160 3866 2200 3891 41.

59 3908 121 3927 rum
135 3901 251 3934 integre,
271 3904 351 3934 atque
364 3898 513 3932 iml‘wprie
522 3918 530 3930 ‚
549 3903 628 3933 atque
640 3899 826 3928 inconsiderate
839 3903 967 3928 locutum.
1029 3901 1100 3926 Tra·
1198 3906 1241 3927 1N
1250 3906 1267 3926 c
1277 3907 1296 3927 o
1306 3908 1327 3926 N
1337 3908 1349 3926 s
1358 3907 1379 3926 v
1388 3906 1409 3925 T
1418 3902 1452 3925 'i'L
1461 3906 1471 3925 1
1480 3906 1510 3932 s,
1533 3907 1556 3925 e.
1589 3897 1650 3924 Adi.
1686 3897 1766 3933 Vuig.
1781 3899 1832 3925 Int.
1849 3897 1907 3925 Ioh.
1921 3905 1958 3930 19,
1977 3903 2016 3928 23.
2053 3894 2126 3930 Conf.
2140 3895 2200 3920 Lex.

60 3934 132 3962 aare
152 3935 341 3961 inconsiderate
366 3933 442 3960 Auci.
457 3933 490 3960 ad
505 3934 603 3961 Heren.
618 3942 637 3967 4
649 3943 670 3960 c·
683 3939 719 3965 38-
785 3936 864 3964 Nihil
884 3937 968 3972 potest
986 3936 1039 3962 dici
1060 3936 1099 3962 in·
1158 3935 1280 3971 philolog.
1301 3937 1411 3962 martin.
2147 3964 2154 3970 ,

58 3970 245 3997 consideratius
268 3971 324 3996 Cic.
341 3968 419 3996 Acad.
433 3978 451 4001 4
471 3978 492 3995 c.
512 3978 552 4003 43.
624 3969 841 3997 Inconsideratius
860 3972 984 4006 praeliari
1008 3971 1096 3999 Valer.
1106 3980 1151 4008 ¹05
1195 3978 1206 3998 1
1217 3978 1239 3999 N
1250 3976 1268 3999 c
1280 3977 1300 3998 0
1311 3978 1332 3998 N
1342 3977 1394 3997 ΤΑ
1404 3976 1445 3996 Ml
1455 3967 1601 4004 ΝᾸΤνς,
1617 3977 1632 3996 a
1638 3988 1649 4004 ‚
1668 3978 1723 3998 um.
1747 3968 1808 3997 Adi.
1843 3966 1997 4002 [οἷμίαντοε]
2031 3965 2199 3993 Contamina-

56 4005 129 4033 Max.
143 4015 162 4039 1,
173 4013 196 4040 5,
207 4014 234 4038 9.
285 4004 504 4034 Intonsideratius
519 4005 685 4033 commoneri
700 4005 806 4039 August.
821 4007 899 4034 Conf.
911 4016 939 4041 9,
950 4016 977 4041 9.
1353 4007 1370 4032 6
1390 4005 1412 4032 R
1453 4012 1472 4032 2
2107 4005 2137 4026 to
2144 4009 2198 4027 con-
