2479 4225
10 221 104 265 ,31³
432 206 466 246 E
553 207 585 247 F
677 208 709 248 F

48 296 178 333 imamque
197 303 262 331 quos
280 295 381 322 diutius
396 294 564 328 intueantur,
585 295 659 323 iratis
676 293 812 330 praecipue
825 293 922 320 oeulis:
947 293 1017 328 quod
1033 301 1077 320 eo-

613 330 732 366 Etpautlo
745 337 816 361 ante,
836 330 867 355 In
881 328 971 355 eadem
986 329 1076 355 Africa

44 368 157 396 familias
177 366 300 402 quasdam
318 366 525 393 effascinantium
553 367 667 401 Isigonus
691 370 716 390 et
737 364 945 398 Nymphodorus
964 364 1077 395 tradunt,

46 412 158 439 quorum
177 402 328 428 laudatione
347 402 477 428 intereant
499 402 622 436 probata,
640 400 753 426 arescant
770 400 893 431 arbores,
913 401 1078 426 emoriantur

45 439 163 466 infantes.
198 438 288 469 Idem,
308 438 428 464 Feminas
443 438 550 472 quidem
570 444 657 463 omnes
671 434 772 468 vbique
795 435 852 461 visu
877 443 988 468 nocere,
1009 443 1076 469 quae
1098 440 1111 467 ς
1141 433 1191 467 let,
1215 444 1268 461 non
1281 435 1373 461 Latine
1387 435 1511 468 quidem,
1533 437 1574 463 scd
1590 436 1656 464 citra
1670 439 1896 472 reprehensionem
1910 439 2042 474 loquetur,

47 473 162 509 duplices
176 473 287 508 pupillas
308 472 429 505 habeant,
448 473 542 500 Cicero
556 479 660 507 quoque
672 478 685 495 a
705 470 740 496 ud
753 478 800 496 nos
812 469 904 496 auctor
919 470 963 497 est.
1001 470 1075 506 Conf.

47 341 106 363 tum
120 332 218 358 malum
231 331 333 358 facilius
346 331 442 357 sentire
454 331 574 365 puberes.

45 508 199 543 Dalechamp.
214 515 238 535 et
251 507 348 544 Gtfiwr.
366 507 496 541 Chi-estam.
514 508 578 535 Plin.
594 515 619 540 p.
633 512 664 538 95
691 514 717 539 q.

848 520 854 530 ι

78 550 96 571 E
105 550 121 570 F
131 550 147 570 F
156 551 178 570 A
186 550 199 569 S
209 549 226 571 C
241 551 251 571 Ι
262 549 284 569 Ν
293 550 315 570 Α
325 549 348 570 Τ
361 550 371 569 1
384 550 403 570 O
413 564 420 575 ‚
440 545 508 570 onis.
526 544 546 569 f.
565 539 778 576 [κωτσιγοῆτευσις]
797 539 865 567 Plin.
873 547 913 575 37,
922 548 958 567 10.
971 546 995 566 et
1003 547 1040 573 19,
1048 548 1075 573 4.

77 585 252 612 EFFATA,
272 578 326 605 vid.
347 586 504 606 EFFARI.

75 620 411 647 nrrAquA‘i-viu,
430 614 799 640 vid.EFFAF1LATvm.

78 656 296 682 EFFECTIO,
324 653 550 679 EFFECTOR,
580 644 834 693 Errrcssntx,
864 635 1075 679 errecr‘vs,

41 685 97 712 vid.
118 689 292 712 EFFICIO.

78 724 324 753 Br‘rean'rvs,
345 718 398 747 vid.
415 717 517 748 Efferu,
537 724 574 748 as,
598 717 625 742 in
651 721 835 742 EFFERvs.

79 761 123 782 BT
132 762 148 782 F
157 751 174 782 ἐ
181 761 200 781 R
209 761 228 781 ο
238 775 245 787 ,
266 755 348 781 extuli
355 774 365 787 ‚
387 753 501 790 datum,-
511 751 615 778 efferre.
651 751 760 786 [ἐκφέρω
768 768 776 781 ,
786 750 887 786 ἔκφυρὲω
895 770 902 783 ,
913 748 996 785 ἔξαίρω
1004 769 1012 782 ,
1028 750 1075 783 ἒξε-

167 792 216 817 Ρνο
229 791 326 827 ά1’111·ν]ὶι
344 792 372 816 vi
390 788 579 822 Praepositionis
597 793 620 819 ee
645 787 719 812 Verbi
738 786 949 822 uariefignificat.
977 788 1078 847 ἔᾶζίηιο,
1093 794 1117 821 13
1141 787 1204 814 bere
1219 794 1339 819 naturas,
1358 796 1436 822 quam
1450 796 1495 821 ea,
1514 798 1580 823 quae
1594 800 1624 816 ex
1641 792 1672 817 ijs
1685 793 1835 821 efferanmn

1018 831 1076 848 erre

642 859 673 883 Et
690 857 772 883 Plaut.
787 857 882 891 Amph.
903 865 928 888 2,
944 863 964 888 1,
978 861 1009 886 82
1028 857 1074 883 Sed

877 893 918 920 Sic
932 892 1031 918 Effert-e
1045 902 1076 920 cx

38 790 112 827 rimu
118 791 132 824 ]

39 825 208 860 Extraferre.
244 826 312 853 Ter.
321 823 424 854 Adel.2‚
431 830 475 854 4,1
497 821 704 857 Numquidnam
714 821 805 848 effert?
825 822 921 848 occidi.

40 859 223 887 immunditias
242 870 273 887 ex
291 859 386 896 piscina
417 858 526 898 Catof.
545 866 570 884 2.
686 893 690 897 '
775 893 780 897 ι

39 895 102 922 vide
117 905 148 922 ex
163 897 225 924 naui
237 896 387 924 efferantur,
412 901 479 928 quae
492 901 545 919 iam
562 894 694 927 imperatu
707 901 807 919 omnia.

38 931 96 957 acie
111 933 209 959 saucios
237 931 291 958 Cic.
305 930 384 957 Ture.
404 936 429 960 2,
448 933 484 960 38.

39 1003 216 1037 qupillum
236 1001 320 1028 filium
333 999 386 1034 ipse
399 1007 480 1033 paene
498 999 527 1025 in
545 999 670 1026 humeros
690 1000 747 1025 suos
768 998 905 1025 extulisset.

37 1045 96 1063 rani
111 1038 143 1065 de
158 1046 225 1064 naue
243 1037 302 1063 Liu.
315 1043 358 1067 29,
393 1053 400 1061 .
440 1053 446 1060 .
483 1053 490 1060 .

155 1073 196 1101 Sic
212 1071 292 1099 Plaut.
307 1068 398 1097 Bacch.
418 1077 440 1101 3,
454 1077 478 1101 3,
492 1078 529 1102 ¹9·

39 1075 67 1105 6,
81 1078 103 1103 8.
600 1069 695 1096 Pedem
707 1069 815 1104 aliquo,
836 1071 876 1095 Ire
906 1069 987 1096 Plaut.
1001 1071 1074 1105 Capt-

37 1115 66 1140 2,
78 1116 102 1141 3,
115 1116 158 1144 97.
227 1107 333 1139 Liu.25,
351 1125 358 1131 .
380 1124 386 1131 .
406 1105 448 1131 Ne
462 1106 533 1132 scuta
546 1104 654 1140 quidem
668 1105 755 1130 secum
766 1104 923 1144 extulerant.
993 1107 1074 1132 Colu-

37 1143 101 1170 mel.
121 1149 185 1178 8³¹7
206 1142 302 1175 Macies
323 1140 422 1167 indicat
442 1149 502 1166 eum
514 1150 568 1167 non
588 1141 636 1167 esse
649 1140 737 1167 libero
755 1149 823 1166 mari
843 1147 962 1174 captum,
983 1141 1024 1168 sed
1042 1141 1074 1168 de
1085 1152 1116 1178 25

38 1178 155 1205 custodia
166 1178 273 1204 elatum.
327 1176 445 1202 Greffiim
458 1177 527 1202 aruis
547 1176 603 1202 Sen.
618 1174 713 1202 Medea
729 1181 786 1210 872.
806 1176 831 1202 h.
846 1184 864 1201 e.
881 1178 962 1202 Exire.

34 1257 90 1276 non
108 1248 150 1275 hic
167 1248 303 1275 nobiseum
322 1247 473 1281 reliqueris.

48 1460 129 1487 lexat:

24 1467 111 1531 {uam
126 1500 155 1522 vt
166 1496 276 1523 cadauer
290 1495 380 1523 efferri
391 1495 505 1523 iuberet.

31 1537 76 1558 tur
89 1540 181 1566 magna
195 1531 355 1566 frequentia.

30 1567 83 1594 ster
94 1573 205 1594 matrem
218 1567 350 1593 efferebat.

28 1603 114 1635 ferri,
130 1606 149 1629 i.
164 1603 208 1630 Ad
211 1603 374 1639 sepulturam.

30 1638 92 1673 ipfls
103 1637 212 1673 quidam
227 1638 289 1664 elati
303 1637 407 1664 rediere
421 1636 547 1670 sepulcris
580 1636 674 1662 Manil.
690 1647 717 1670 4,
733 1645 771 1672 71.

577 1495 633 1521 Cic.
646 1504 695 1530 pro
711 1496 794 1522 Flacc.
807 1505 837 1530 41

0 1713 1 1720 ¹
31 1710 96 1736 tulit
115 1709 184 1743 Nep.
200 1717 223 1742 ς,
236 1719 264 1742 4,
276 1717 298 1740 3.
334 1707 403 1735 Add.
415 1706 456 1733 Id.
470 1716 493 1739 3,
508 1715 532 1739 3,
546 1715 571 1733 2.
607 1707 711 1734 Petron.
725 1717 746 1734 c.
761 1715 803 1734 111.

0 1755 1 1776 1
31 1751 58 1772 et
69 1753 129 1771 eum
142 1745 250 1776 funere,
267 1744 292 1770 h.
305 1752 324 1769 e.
340 1744 398 1769 Cum
405 1748 496 1782 pompa
509 1742 674 1777 exsequiarum
700 1743 757 1769 Cic.
771 1745 824 1768 Att.
839 1750 877 1776 14,
890 1752 927 1769 10.
945 1771 948 1773 .

29 1815 116 1842 Iunia.

23 1886 100 1921 prius
112 1885 164 1909 exit
171 1892 182 1912 ;
194 1885 238 1918 qui
250 1880 400 1913 efferuntur,
413 1887 495 1904 eorum
502 1878 578 1912 pedes
585 1880 668 1912 primi
680 1884 752 1904 extra
758 1878 834 1914 fores
848 1882 959 1906 veniunt.

26 1921 61 1948 1⁹1
73 1920 148 1946 altum
155 1917 239 1954 ferre,
251 1913 373 1946 extollere,
387 1914 429 1940 vel
435 1913 544 1948 pbyfiw,
557 1920 586 1938 vt
594 1915 736 1948 loquuntur,
747 1916 788 1940 vel
799 1916 935 1941 moraliter.
990 1914 1067 1949 Virg.

28 1989 88 2018 nius
100 1987 221 2016 Ostendit
238 1990 427 2021 interpretatur.

28 2026 128 2060 legatos
139 2033 193 2050 non
205 2022 296 2058 pennis
309 2020 422 2047 sublime
435 2019 515 2046 elatos
524 2039 531 2052 ‚
551 2019 629 2054 Alpes
641 2021 817 2054 transgressos.

28 2061 105 2095 Virg.
117 2061 213 2094 Georg.
227 2066 249 2091 3,
262 2065 313 2090 553·
615 2091 619 2095 .

29 2101 56 2124 et
70 2103 194 2132 pecorum
213 2094 333 2129 princeps
352 2097 429 2125 caput
449 2090 539 2117 efferet
557 2089 649 2123 vndis,
674 2094 691 2116 i.
704 2094 808 2118 orietur.

31 2131 64 2159 de
77 2133 124 2159 Or.
139 2139 161 2164 a,
173 2136 201 2160 88
214 2139 236 2158 c.
251 2137 275 2155 ει
308 2127 378 2154 Volo
392 2128 418 2153 se
437 2126 527 2152 efferat
546 2126 574 2152 in
592 2125 755 2153 adolescente
768 2127 922 2154 fecunditas.
992 2127 1066 2154 Idem

32 2166 145 2194 devCl'ar.
158 2167 205 2192 Or.
219 2174 240 2191 e.
252 2172 268 2199 7
289 2164 348 2196 Qta
360 2163 390 2189 in
401 2161 466 2189 vrbe
480 2162 596 2195 primum
606 2162 632 2188 se
645 2168 738 2189 orator
751 2163 855 2189 extulit.
891 2165 922 2189 Et
934 2162 966 2189 de
980 2164 1065 2190 Amic.

31 2211 55 2229 e.
67 2209 99 2237 27
118 2203 192 2235 Qiae
203 2209 262 2226 cum
275 2200 299 2225 se
311 2197 453 2230 extulit,.et
465 2196 579 2223 ostendit
593 2197 682 2224 lumen
694 2199 780 2231 suum,
795 2198 823 2224 de
835 2201 938 2225 virtute.

30 2237 126 2271 Amph.
142 2245 162 2269 i,
176 2244 195 2268 1,
209 2243 240 2270 73
268 2233 418 2261 Clamorem
433 2232 556 2268 vtrinque
569 2233 690 2260 efferunt.
761 2234 827 2260 Plin.
844 2235 871 2260 in
883 2234 977 2268 Paneg.
996 2243 1037 2268 3ο,
1052 2243 1065 2261 2

26 2273 99 2299 Haec
120 2272 228 2305 inopina
247 2269 357 2296 siccitate
376 2277 458 2303 Vsque
476 2267 509 2295 ad
528 2269 656 2295 iniuriam
676 2269 822 2296 sterilitatis
842 2271 960 2297 exaruit:
999 2271 1063 2304 quia

26 2307 102 2342 piger
114 2306 194 2334 Nilus
207 2305 358 2341 cunctanter
369 2305 421 2330 sese
433 2304 509 2331 alueo
525 2304 661 2331 extulerat.
732 2306 805 2339 Virg.
819 2306 882 2332 Aen.
903 2313 924 2339 ς,
939 2308 984 2338 368
1006 2307 1064 2332 Nec

26 2351 118 2376 mora,
139 2342 266 2369 continuo
286 2340 363 2368 vastis
377 2349 458 2374 quum
477 2339 582 2367 viribus
601 2340 677 2367 effert
713 2341 768 2368 Ora
787 2342 883 2372 Dares,
915 2350 1064 2376 magnoque

25 2377 118 2405 virtum
133 2378 159 2404 se
169 2384 305 2404 murmure
316 2375 397 2402 tollit.

2 2429 3 2439 l
24 2413 151 2446 subuerti,
171 2413 283 2440 Patriam
302 2411 445 2437 demersam
462 2411 553 2437 extuli.
625 2412 724 2438 Efferre
743 2412 859 2447 aliquem
878 2413 909 2439 ad
929 2414 1062 2439 summum

2 2447 3 2457 ¹
24 2450 168 2484 imperium
182 2457 228 2483 per
238 2455 330 2473 omnes
342 2446 474 2472 honorum
486 2446 580 2480 gradus
600 2447 657 2473 Cic.
671 2448 700 2473 in
714 2447 791 2473 Catil.
807 2457 826 2480 1,
840 2454 868 2477 253
882 2457 903 2474 c.
918 2457 950 2474 11.
986 2448 1063 2481 Qiae

24 2494 68 2513 res
85 2484 181 2511 extulit
200 2484 277 2509 eum?
303 2490 354 2507 vna
372 2482 566 2508 commendatio
586 2480 664 2508 huius
697 2482 771 2508 Idem
785 2492 834 2517 pro
849 2484 923 2510 Rosc.
939 2485 1014 2510 Com.
1027 2493 1061 2515 31.

27 2522 62 2547 Et
73 2528 122 2554 pro
135 2518 217 2545 Corn.
234 2515 305 2543 Balb.
320 2523 344 2545 18
357 2525 378 2542 c.
393 2523 409 2551 7

26 2554 120 2581 strauit
134 2553 210 2580 labor
222 2559 247 2579 et
258 2551 396 2579 industria.

4 2590 5 2612 l
27 2589 140 2617 boribus
157 2597 205 2624 pro
222 2588 357 2615 communi
377 2586 458 2614 salute
476 2587 660 2622 perfiintS’tum,
681 2589 786 2616 efferret
799 2590 943 2625 aliquando
962 2590 992 2616 ad
1008 2591 1064 2624 glo-

4 2623 5 2628 ¹
27 2626 96 2653 riam
109 2625 137 2651 in
149 2623 293 2652 refutandis
311 2621 460 2650 maledictis
485 2623 625 2650 hominum
645 2624 831 2658 improborum
853 2626 937 2652 animi
952 2626 1060 2659 quidam

28 2660 121 2692 dolor,
139 2660 197 2694 quis
210 2668 263 2686 non
276 2659 439 2692 ignosceret?
509 2659 583 2686 Idem
594 2658 673 2685 Acad.
687 2669 715 2692 4,
728 2662 756 2685 61
785 2661 874 2693 Quum
888 2661 966 2686 tantis
979 2660 1063 2685 laudi-

26 2695 76 2722 bus
88 2694 280 2730 philosophiam
294 2693 427 2719 extuleris.
461 2693 492 2718 Εἰ
504 2693 575 2719 Fam.
588 2701 613 2724 9,
627 2701 666 2725 14.
721 2694 786 2719 Plin.
801 2703 842 2725 20,
855 2703 867 2725 3
887 2695 993 2720 Diocles
1009 2703 1063 2720 ma-

24 2731 83 2765 gnis
98 2730 219 2757 laudibus
232 2729 334 2755 extulit.

25 2775 106 2801 quem
119 2766 209 2800 paullo
224 2764 405 2797 antebsortuna
422 2767 540 2788 erexerat
553 2762 584 2788 ad
599 2762 711 2795 gloriam
721 2783 728 2794 ‚
747 2764 832 2790 virtus
851 2764 945 2790 extulit
963 2764 995 2790 ad
1010 2765 1062 2790 lau-

26 2802 101 2834 dem,
118 2808 164 2827 etc.
234 2801 290 2827 Cic.
303 2799 335 2825 de
348 2799 420 2825 Orat.
433 2806 456 2829 3,
470 2806 505 2830 49
518 2806 539 2823 c.
554 2806 584 2831 14
602 2797 692 2824 Nemo
704 2799 799 2825 extulit
812 2808 872 2825 eum
888 2799 998 2832 Verbis,
1015 2800 1062 2834 qui

20 2837 61 2865 ita
73 2837 190 2868 dixisset,
205 2842 251 2862 etc.
323 2833 421 2860 Efferre
437 2832 503 2863 sese,
522 2834 562 2859 vel
573 2833 671 2864 verbis,
687 2835 727 2859 vel
731 2832 820 2869 fastis
831 2837 945 2860 maiorem
959 2838 1063 2860 caeteris

10 2873 46 2911 *se
59 2872 101 2906 effe
109 2879 209 2908 putare,
222 2868 369 2902 vrlstzcdere
381 2868 447 2894 adeo.
484 2867 556 2894 Idem
569 2866 620 2895 Off.
635 2876 655 2907 1,
671 2876 717 2900 124
730 2877 750 2893 c.
765 2877 798 2902 34
821 2870 957 2895 priuatum
971 2875 1059 2896 autem

428 2517 501 2550 Qios
513 2522 558 2543 aut
571 2517 687 2543 Fortuna
698 2518 801 2549 extulit,
814 2526 858 2545 aut
872 2519 989 2553 ipsorum
1002 2519 1062 2546 illu-

24 2913 129 2944 oportet
142 2915 227 2942 aequo
240 2911 265 2931 et
277 2905 334 2939 pai-i
355 2913 414 2929 cum
427 2903 531 2930 ciuibus
549 2904 608 2930 iure
626 2911 733 2935 mucre,
754 2912 839 2938 neque
858 2904 1018 2930 summissum
1034 2911 1060 2931 et
1072 2912 1103 2939 75
1125 2913 1171 2938 per
1186 2904 1211 2930 se
1232 2912 1289 2937 230.

541 2939 582 2966 Sic
594 2938 691 2965 Efferre
704 2940 730 2965 se
744 2939 899 2967 insolentius
925 2940 962 2967 Id.
977 2941 1061 2967 Tusc.

23 2989 53 3014 4,
63 2988 94 3012 39
106 2989 126 3008 c.
141 2986 176 3013 17.
246 2977 314 3002 Ter.
330 2976 425 3001 Heaut.
442 2983 470 3006 4,
487 2983 510 3006 3,
524 2982 549 3006 31
570 2974 622 3000 Hic
633 2983 676 3000 me
687 2975 824 3009 magnifice
839 2975 930 3002 effero.
996 2977 1059 3002 Ani-

20 3018 81 3042 ‘mos
93 3013 230 3041 insolentia
242 3011 391 3038 dominatus
405 3009 498 3036 efferre
517 3009 573 3036 Cic.
588 3019 636 3044 pro
653 3011 740 3036 Domo
754 3011 796 3037 sua
819 3020 870 3044 141.
942 3011 1014 3038 Idem
1031 3013 1059 3038 in

27 3049 114 3077 Pax-ad.
128 3058 138 3076 1
158 3050 197 3075 An
210 3047 349 3083 quisquam
360 3046 389 3073 in
403 3044 538 3080 potiundis
552 3046 734 3080 voluptatibus
745 3046 893 3073 Gloriando
907 3048 932 3074 se
947 3053 973 3074 et
985 3056 1059 3082 prae-

27 3085 155 3112 dicatione
169 3083 259 3111 effert?
310 3082 408 3109 Efferre
422 3082 474 3108 sese
487 3081 654 3108 sermonibus
668 3087 693 3107 et
707 3081 794 3108 verbis
809 3081 846 3108 Id.
861 3082 893 3108 de
907 3083 966 3109 Fin.
980 3091 1003 3115 3,
1024 3103 1030 3109 .
1050 3103 1057 3110 .

27 3119 85 3157 ᾖ4
117 3120 208 3146 Efferri
227 3117 375 3149 iracundia,
395 3116 475 3149 odio,
497 3116 604 3148 dolore,
624 3117 719 3153 eafere
732 3121 829 3144 ratione
848 3118 956 3149 dicitur,
975 3126 1004 3144 vt
1018 3119 1057 3145 in-

28 3155 182 3187 tumescere,
199 3164 251 3181 cum
265 3155 331 3181 uelut
351 3154 483 3179 fermento
504 3153 623 3187 quodam,
643 3159 687 3178 aut
704 3151 769 3185 aestu
786 3153 934 3180 efferuescit
941 3154 1056 3190 fimgm's.

28 3191 86 3217 Cic.
97 3190 177 3217 Tusc.
190 3198 211 3223 ς,
223 3192 251 3216 16
262 3199 285 3215 e.
300 3191 316 3215 6
345 3190 434 3215 Motus
448 3187 593 3215 turbulenti
608 3188 816 3223 iactationesque
829 3189 979 3216 animorum
994 3191 1057 3216 inci-

27 3231 95 3252 tatae
107 3231 132 3252 et
145 3225 241 3260 impetu
254 3224 442 3251 inconsiderato
454 3223 551 3257 elatae,
569 3225 700 3251 rationem
713 3233 819 3250 omnem
833 3225 998 3259 repellentes,
1012 3233 1057 3252 etc.

27 3260 128 3289 Efferor
139 3261 178 3286 ira
197 3260 279 3287 Lucil.
292 3260 356 3295 apud
367 3261 422 3287 Cic.
436 3260 466 3286 T
468 3260 519 3286 use.
534 3269 563 3294 4,
576 3266 609 3293 48
623 3269 643 3286 c.
658 3268 691 3286 21.

26 3305 54 3324 et
67 3295 198 3322 iracundia
215 3294 268 3322 Cic.
281 3295 313 3321 de
326 3297 418 3330 Arusp.
429 3295 504 3329 Resp.
519 3303 541 3327 3.
612 3294 684 3321 Laesi
699 3294 804 3328 dolent,
828 3296 891 3322 irati
910 3296 1056 3323 efferuntur

27 3332 102 3361 Idem
115 3338 163 3365 pro
175 3330 265 3357 Caelio
279 3339 323 3357 21:
397 3332 426 3357 Et
440 3331 511 3357 Fam.
526 3338 548 3363 ς,
561 3338 596 3357 20
602 3330 652 3366 fin.
683 3332 820 3357 Gronouius
832 3333 909 3367 legit,
927 3332 972 3358 Te
985 3338 1055 3358 certe

26 3368 56 3395 in
74 3365 183 3402 pecunia
201 3365 286 3391 exact-ka
303 3366 339 3393 ita
357 3366 446 3393 efferri
470 3367 520 3398 (al.
540 3366 646 3398 afferri)
667 3375 699 3392 ex
719 3367 785 3393 meis
798 3367 945 3394 rationibus
965 3367 1056 3394 relatis

26 3412 81 3431 non
92 3399 228 3437 oportuit,
245 3402 263 3425 i.
275 3401 394 3435 irascendi
408 3402 550 3435 occasionem
564 3408 648 3436 capere
660 3411 689 3428 ex
701 3411 726 3427 eo
734 3421 742 3433 ‚
763 3402 827 3437 quod
837 3412 879 3439 ego
892 3406 1002 3429 rationes
1015 3413 1052 3429 re-

23 3441 83 3466 ruli.

26 3475 93 3502 riam
106 3473 134 3499 in
147 3469 292 3498 refutandis
305 3471 446 3498 malediGtis
459 3472 645 3507 improborum
659 3473 741 3499 animi
756 3473 863 3508 quidam
878 3474 971 3507 dolor,
993 3475 1052 3509 quis

26 3518 80 3537 nnn
98 3506 260 3543 ignosceret?
328 3505 398 3545 Idem
408 3507 439 3533 de
454 3509 538 3535 Amic.
559 3516 591 3541 54
611 3518 631 3535 e.
652 3516 676 3541 13
704 3508 855 3535 Efferuntur
871 3516 1052 3544 praepotentes

25 3544 138 3573 Fastidio
152 3549 177 3569 et
192 3546 362 3579 contumacia.
428 3543 622 3577 cupiditatibus
641 3543 751 3570 infinitis
764 3544 852 3571 efferri
883 3545 1051 3572 Pseudo-Cic.

26 3581 56 3608 in
68 3579 166 3610 Sallust.
182 3585 215 3610 13.
269 3574 372 3601 Gaudio
385 3576 533 3605 incredibili
545 3580 601 3605 sum
616 3579 697 3606 elatus
715 3580 770 3606 Cic.
783 3581 854 3607 Fam.
869 3590 905 3614 10,
920 3590 951 3607 12.
999 3583 1050 3607 Im-

27 3614 206 3642 moderatione
219 3610 363 3638 verborum
377 3611 462 3650 efferri
490 3614 562 3640 Idem
574 3624 623 3649 pro
638 3615 708 3642 Sulla
723 3623 753 3647 3ο
766 3625 788 3642 c.
805 3624 842 3642 ιο.

26 3652 98 3678 Hirt.
112 3651 141 3676 B.
153 3649 220 3676 Gall.
234 3653 255 3677 8.
270 3655 305 3679 19.
326 3648 356 3671 it
371 3646 425 3671 Cic.
438 3647 494 3686 Fin.
509 3656 531 3681 ς,
544 3658 584 3682 29.
639 3652 668 3678 Se
683 3651 796 3677 Laetitia
823 3650 896 3678 Idem
910 3651 942 3678 de
956 3653 1012 3678 Fin.
1028 3660 1050 3685 ς,

26 3695 58 3721 42
72 3696 93 3713 c.
106 3693 138 3718 ις.
180 3686 210 3711 Et
224 3691 272 3717 pro
286 3683 373 3708 Deiot.
387 3682 418 3720 26
436 3682 480 3708 Ait
491 3682 536 3710 hac
547 3685 646 3713 laetitia
659 3685 816 3713 Deiotarum
830 3687 936 3713 elatum.
979 3688 1051 3714 Haec

27 3728 68 3748 me
87 3721 186 3749 laetitia
197 3718 352 3746 *extulerunt
383 3717 439 3742 Cic.
458 3717 527 3743 Fam.
545 3728 567 3751 2,
585 3729 621 3747 10.
690 3721 783 3748 Studio
804 3721 913 3748 videndi
933 3722 1049 3756 aliquem

27 3756 112 3783 efferri
131 3756 201 3783 Idem
215 3755 246 3781 de
258 3751 357 3780 Seneet.
372 3757 409 3783 83.
478 3752 617 3788 Voluptate
634 3757 754 3783 cantandi
774 3757 937 3792 saltandique
960 3758 1048 3784 efferri

28 3790 129 3818 Sueten.
141 3791 223 3824 Calig.
242 3799 263 3816 c.
278 3797 318 3822 34.

28 3834 184 3862 gemmarum,
202 3827 230 3852 in
243 3831 345 3851 tantum
358 3831 476 3849 amorem
495 3822 576 3855 elata,
594 3830 622 3850 vt
635 3827 780 3859 Polycrati,
799 3836 845 3854 etr.
994 3827 1015 3867 q
1036 3839 1048 3859 ς

12 3858 13 3882 l
28 3862 104 3888 Diuus
121 3870 168 3892 are,
184 3862 267 3896 palam
274 3860 370 3896 facere.
425 3857 576 3898 Ter-Adel·
589 3865 687 3892 4,4,16
706 3864 784 3890 Nunc
798 3863 863 3898 quid
878 3864 990 3891 faciam?
1008 3865 1047 3891 di-

26 3904 82 3922 cam
108 3897 181 3922 ratris
193 3897 239 3922 esse
253 3895 333 3922 hanc?
355 3893 426 3929 quod
440 3902 550 3919 minime
563 3892 599 3932 es}
611 3902 674 3927 opus
686 3906 793 3932 vsquam
806 3899 902 3926 efferri.
944 3901 1000 3926 Cic.
1015 3901 1046 3927 de

25 3932 98 3958 Orat.
115 3939 133 3962 1,
145 3939 177 3957 ιιι
196 3928 286 3958 Dicam
299 3930 421 3965 equidem
435 3929 562 3963 quoniam
580 3928 697 3963 institui,
712 3940 850 3969 petamque
864 3944 878 3961 a
891 3935 968 3961 vobis
989 3937 1045 3967 (jn-

23 2944 155 2972 3111εᾶ11111
165 2963 173 2975 ,
190 2949 275 2976 neque
287 2941 312 2966 se
327 2939 487 2965 efferentem.

1092 619 1121 639 ιο
1140 615 1206 638 citur
1220 620 1295 646 ager,
1313 614 1330 638 i.
1346 610 1483 637 Producere
1501 611 1556 638 Cic.
1571 613 1645 639 Verr.
1658 623 1681 646 3,
1698 622 1741 647 113.
1755 623 1841 650 et198.

553 928 626 955 Idem
639 928 671 954 de
685 928 758 954 Orat.
774 936 794 959 1,
806 932 856 957 228
891 928 1075 961 Reprehende-

38 964 84 993 bat
105 967 187 1002 igitur
207 966 313 994 Galbam
333 962 446 990 Rutilius
456 983 464 995 ‚
484 963 556 997 quod
570 965 591 990 is
603 965 634 995 C.
648 963 755 997 Sulpitii
777 962 856 989 Galbi
876 963 1021 998 propinqui
1036 965 1074 991 sui
1087 975 1121 995 20
1139 964 1187 992 Sed
1198 964 1324 990 variatur.

561 1034 655 1061 Pedem
672 1034 770 1065 domo,
796 1036 836 1060 vel
848 1040 923 1068 porta
950 999 1006 1061 Cidl.
1021 1005 1075 1063 Aeti-

1017 1178 1074 1204 Cic.

36 1213 109 1240 Fam.
141 1233 147 1244 ,
161 1219 186 1244 18
204 1214 259 1240 Iam
272 1212 319 1238 ista
331 1218 376 1238 tua
389 1211 465 1245 culpa
479 1211 531 1247 est,
549 1212 596 1247 qui
609 1211 805 1238 Verecundiam
817 1217 888 1238 tuam
903 1212 1037 1246 extuleris,
1050 1217 1076 1240 et

667 1244 688 1285 fl
714 1255 727 1273 2
763 1247 823 1273 Cum
836 1247 932 1282 funera
951 1248 1018 1274 domo
1036 1250 1078 1275 ve!

33 1285 95 1311 vrbe
105 1285 162 1311 adeo
175 1284 263 1311 efferri
276 1283 468 1319 adsepulturam
481 1290 532 1308 mos
544 1284 662 1317 antiquus
669 1283 770 1318 suerit,
790 1286 878 1309 mirum
898 1293 946 1309 non
961 1282 993 1316 4st
1002 1303 1010 1316 ‚
1029 1284 1075 1310 hoc

34 1320 134 1346 verbum
146 1319 295 1355 simpliciter
314 1322 386 1345 etiam
399 1316 505 1352 positum
523 1316 666 1351 sepeliendi
688 1325 711 1344 et
721 1317 904 1352 exsequiarum
926 1318 1074 1345 iizteHeHum
1085 1330 1117 1356 30
1131 1318 1245 1354 ficimus,
1265 1319 1326 1346 Liu.
1341 1327 1367 1353 7,
1385 1322 1414 1345 26
1434 1320 1538 1346 Coruus
1550 1327 1564 1345 e
1579 1320 1718 1355 conspe&u
1733 1320 1831 1355 elatus,
1846 1324 1976 1352 orientem
1991 1328 2065 1360 petit.

0 1362 1 1368 ¹
33 1355 129 1382 babere.
163 1355 256 1381 Donat.
275 1353 308 1380 ad
322 1354 390 1380 Ter.
403 1352 484 1379 Andr.
503 1361 523 1385 1,
536 1361 556 1384 1,
570 1361 605 1385 90
637 1353 766 1386 Effemur,
787 1354 870 1380 imus:
905 1354 999 1380 Efferri
1016 1364 1074 1389 pro—

52 1391 92 1417 rie
114 1390 237 1417 dicuntur
257 1389 383 1416 cadauera
404 1393 586 1414 mortuorum:
618 1394 645 1414 et
664 1390 720 1422 ire,
742 1390 850 1424 proprie
872 1389 905 1415 ad
929 1391 1074 1424 exsequias.

51 1426 116 1452 Iaut:
129 1425 198 1452 Asin.
210 1435 232 1458 3,
245 1433 266 1458 3,
278 1432 309 1458 25
329 1425 437 1451 Vtinam
450 1423 483 1449 sic
496 1423 651 1450 efferamur!
669 1432 752 1451 votum
759 1425 856 1460 puellae
866 1431 998 1452 amatorem
1013 1435 1075 1452 com-

179 1461 237 1488 Liu.
251 1469 276 1493 2,
290 1469 320 1486 10
344 1459 423 1487 Nihil
438 1458 511 1485 aliud
524 1459 557 1486 ad
571 1468 633 1486 eum
646 1461 770 1488 nuntium
783 1470 798 1487 a
810 1461 945 1495 proposito
958 1463 1073 1494 auersus,

865 1498 957 1530 Qium
970 1497 1074 1523 efferre·
1088 1507 1117 1534 33

427 1529 502 1557 Idem
515 1530 569 1556 Att.
587 1538 621 1563 15,
637 1539 646 1557 1
673 1532 723 1558 Cn.
736 1532 860 1558 Lucullus
872 1532 1013 1559 familiaris
1027 1541 1074 1558 no-

419 1567 451 1593 Et
464 1565 496 1592 de
505 1566 584 1599 Legg.
599 1575 620 1597 2,
636 1568 667 1599 65
691 1568 759 1593 Ante
772 1567 858 1593 lucem
871 1568 942 1593 enim
956 1568 1024 1594 iuslit
1037 1569 1075 1594 ef-

430 1601 503 1627 Anus
515 1600 548 1626 sic
561 1601 597 1627 est
610 1601 677 1628 elata
698 1603 792 1628 Horat.
807 1603 857 1629 Sat.
875 1611 898 1634 2,
911 1610 933 1636 5,
945 1608 982 1635 85-
1035 1604 1073 1629 Ex

842 1637 998 1671 Complures
1012 1646 1074 1672 pau-

30 1683 106 1710 peres
118 1680 252 1705 mortuos,
271 1674 320 1708 qui
331 1672 400 1699 vnde
412 1672 585 1704 efferrentur,
606 1672 652 1697 vix
670 1672 849 1707 reliquissent,
870 1674 956 1699 sumtu
969 1674 1016 1699 suo
1031 1679 1116 1706 eit-40

860 1708 956 1735 Efferri
967 1709 1072 1740 funere,

997 1743 1072 1768 Idem

0 1777 1 1784 ¹
12 1781 13 1784 ’
32 1780 66 1807 de
76 1780 150 1806 Orat.
164 1788 190 1812 2,
203 1787 244 1811 125
273 1779 363 1811 Quum
376 1779 434 1804 casu
446 1786 475 1803 in
487 1777 578 1803 eadem
592 1778 665 1802 causa
679 1786 738 1804 cum
751 1778 844 1802 funere
858 1777 995 1802 efferretur
1008 1783 1072 1802 anus

185 1815 250 1840 Plin.
265 1820 292 1846 7,
306 1819 320 1841 8
346 1822 400 1838 cum
412 1812 440 1837 de
450 1813 577 1844 Agrippis
589 1810 705 1842 d1·x1ffit‚
722 1811 811 1841 addit,
831 1811 895 1835 Ritu
907 1816 1016 1835 naturae
1031 1817 1071 1836 ca·

27 1850 85 1884 pite
96 1848 232 1875 hominem
252 1847 326 1879 gigni
345 1854 402 1871 mos
415 1845 451 1869 est
459 1863 468 1875 ,
487 1843 597 1877 pedibus
608 1844 706 1870 efferri.
742 1845 773 1870 In
783 1850 861 1878 partu
872 1846 985 1870 naturali
997 1850 1072 1878 caput
1078 1852 1112 1878 45·

1016 1879 1070 1916 ‘13

29 1955 95 1982 Aen.
116 1959 139 1986 8,
160 1962 173 1979 2
209 1953 244 1979 Vt
259 1950 325 1977 belli
337 1949 437 1984 signum
457 1949 585 1975 Laurenti
597 1949 711 1975 Turnus
729 1949 762 1975 ab
775 1958 834 1975 arce
867 1949 975 1976 Extulit.
1011 1950 1068 1978 No·

499 1984 560 2011 Liu.
578 1992 617 2016 21,
636 1993 668 2016 30
703 1985 753 2011 Eos
772 1985 841 2019 ipsos
862 1994 928 2020 quos
950 1991 1068 2019 cernant,

891 2021 976 2055 Caput
989 2021 1068 2048 altius
1080 2030 1111 2055 50

383 2055 516 2082 Columel.
536 2064 574 2087 10,
590 2057 634 2087 136
661 2055 690 2082 de
701 2056 775 2092 signo
793 2057 908 2088 Arietis,
927 2057 1068 2091 Signorum

879 2093 991 2127 Mctaph.
1011 2093 1067 2119 Cic.

981 2199 1065 2226 Plaut.
1082 2201 1110 2227 55
1129 2202 1213 2225 traria
1240 2198 1313 2225 Idem
1328 2199 1355 2224 in
1370 2199 1470 2234 Topic.
1483 2207 1520 2234 71.

467 2376 523 2402 Cic.
539 2384 588 2410 pro
603 2376 674 2402 Sulla
687 2381 718 2411 87
750 2377 864 2412 Reipub.
879 2377 1104 2411 praecipitanti60

405 2726 515 2753 Pseudo·
523 2728 578 2753 Cic.
592 2733 678 2761 anteq.
692 2727 744 2754 iret
758 2729 786 2754 in
798 2729 859 2755 exil.
877 2737 906 2761 14
935 2730 1005 2756 Nam
1019 2739 1062 2755 me
1069 2736 1105 2763 70
1126 2728 1210 2761 Large
1222 2728 1324 2761 repleto
1338 2728 1406 2763 vasli,
1420 2735 1448 2754 vt
1462 2728 1490 2754 in
1504 2726 1695 2755 efferuescend‘o
1709 2731 1801 2757 vinum
1815 2732 1841 2758 se
1856 2733 1921 2760 bene
1936 2745 2035 2771 purget.

737 3261 777 3287 Sic
789 3261 890 3286 Dolore
902 3270 944 3287 me
958 3261 1056 3287 elatum
1071 3267 1099 3296 ες

155 3436 211 3462 Cic.
227 3433 258 3460 de
271 3435 359 3470 Arusp.
373 3437 446 3471 Resp.
460 3445 489 3477 17
502 3446 524 3463 c.
538 3442 551 3467 8
582 3438 610 3464 Si
622 3446 665 3463 nie
677 3437 781 3464 efferret
794 3438 937 3472 aliquando
951 3439 983 3465 ad
996 3439 1052 3473 glo-
1063 3444 1098 3470 90

912 3617 1050 3643 Iracundia
1064 3622 1096 3648 93

388 3787 454 3813 Plin.
473 3793 513 3820 37,
533 3796 542 3813 1
555 3796 597 3823 pr.
626 3792 675 3818 His
693 3793 778 3819 initiis
798 3793 885 3827 coepit
904 3793 1047 3820 au&oritas
1057 3801 1103 3819 100

1517 203 1796 247 EFF
2112 227 2177 265 3.4

1139 291 1219 320 Vides
1231 297 1306 320 tuum
1321 297 1453 328 peccatum
1472 293 1521 322 effe
1538 293 1636 322 elatum
1650 294 1735 323 foras:
1763 304 1850 332 neque
1862 299 1912 326 iam
1929 300 1955 326 id
1969 300 2053 329 celare
2069 302 2137 337 poss‘e
2151 307 2177 329 te

1140 337 1249 355 onrem
1264 336 1352 367 tuam3
1418 330 1487 356 Elata
1505 339 1545 357 res
1573 331 1642 365 Nep.
1658 340 1696 364 10,
1708 338 1731 363 8,
1746 340 1772 366 4.
1843 334 1884 360 Si.-
1899 336 2032 371 meerre,
2052 339 2133 373 loqui,
2152 346 2176 364 et

1135 363 1457 404 pronunciare,thmjficnt
1490 367 1618 399 QninCtil.
1642 376 1660 400 1,
1680 375 1702 400 5,
1722 370 1758 400 64
1783 369 1812 394 In
1826 371 1950 401 caeteris,
1974 381 2039 405 quae
2052 379 2176 408 poterunt

1140 405 1254 434 vti-oque
1267 400 1347 426 niodo
1358 408 1413 424 non
1426 400 1576 428 indecenter
1587 401 1674 429 efferri
1683 421 1690 435 ‚
1711 404 1756 437 qui
1770 404 1893 430 Graecam
1907 405 2016 439 figuram
2029 409 2102 444 sequi
2114 410 2176 436 mal-

2098 446 2175 471 Auci).

1141 470 1172 510 acl
1186 472 1249 497 Her.
1268 480 1296 504 4,
1316 476 1343 500 28
1362 479 1382 496 c.
1403 478 1436 496 20
1468 472 1553 511 Verba
1577 482 1643 506 quae
1658 474 1778 501 similiter
1798 475 1892 502 iisdem
1911 476 2008 503 casibus
2023 479 2174 507 efferuntur.

1140 506 1195 532 Cic.
1210 508 1283 532 Orat.
1300 514 1321 532 c.
1335 514 1372 540 44
1393 507 1524 538 (Quamuis
1537 507 1607 534 enim
1623 510 1712 535 suaues
1724 509 1881 543 sententiae,
1901 517 1987 538 tamen
2002 513 2019 539 si
2034 514 2176 543 inconditis

1140 541 1229 567 verbis
1245 542 1398 571 efferuntur,
1416 541 1553 568 offendunt
1565 551 1648 570 aures.
1703 547 1732 571 Et
1745 555 1765 571 c.
1779 549 1814 580 67
1834 548 1909 580 Qiae
1922 547 2022 574 incisim
2037 557 2081 576 aut
2095 561 2175 579 mem.

1140 575 1237 602 bratim
1252 577 1405 603 efferuntur.
1580 577 1600 613 ‘J
1622 582 1636 604 6
1675 581 1737 606 Sunt
1749 587 1772 606 et
1789 583 1852 608 aliae
1859 583 1992 618 formulae.
2028 585 2126 614 Esset-re
2139 590 2176 615 di-

1213 650 1216 653 .
1404 647 1409 651 .
1470 647 1474 651 .
1566 649 1573 653 ⁴
1913 617 1985 645 Idem
1999 621 2073 647 Verr.
2095 631 2111 648 2
2125 633 2146 649 c.
2161 633 2174 650 2

1139 647 1168 678 de
1190 648 1292 680 Sicilia,
1318 653 1347 673 vt
1364 646 1495 680 quidquid
1515 649 1594 681 pollet
1613 657 1643 674 ex
1663 651 1687 676 se
1707 652 1816 684 efferre,
1836 652 1863 679 id
1877 661 1930 680 11011
1944 654 2012 689 apud
2032 665 2075 683 eos
2090 660 2158 685 nasci

1140 681 1183 708 sed
1201 682 1274 708 domi
1295 681 1397 708 nostrae
1419 682 1557 708 conditum
1580 691 1737 717 putaremus.
1819 687 1889 722 Ager
1909 691 1954 724 qui
1976 692 2073 719 multos
2094 678 2176 721 annoi

1141 717 1260 752 quieuit,
1280 717 1418 744 vberiorcs
1433 717 1525 743 efferre
1540 718 1626 753 fruges
1642 721 1705 747 solet
1737 721 1773 748 ld.
1788 721 1820 749 de
1834 724 1902 750 Clar.
1917 727 1990 752 Orat.
2011 730 2046 753 16.
2118 730 2175 756 Cic.

1141 754 1173 779 de
1189 753 1249 779 Nat.
1265 753 1346 778 Deor.
1360 760 1376 778 2
1390 761 1411 778 c.
1427 761 1451 784 33
1485 754 1515 780 Et
1529 763 1594 788 quae
1607 756 1714 783 efferant
1725 758 1826 792 aliquid
1840 768 1870 786 ex
1884 760 1936 786 sese
1949 762 2120 795 perfectiores
2133 766 2175 792 ha-

1190 826 1194 830 .
1243 826 1246 830 ⁴
1298 826 1301 829 Ι
1392 827 1395 829 .
1431 826 1434 830 ⁴
1448 824 1463 830 ἡ.
1584 826 1588 830 .
1613 827 1616 831 ,
1724 827 1728 831 ἱ
1784 830 1797 835 ..
1887 796 1986 823 Efl'erre
1994 806 2043 833 pro
2053 801 2178 837 perferre,

1135 830 1261 860 pauentia
1274 832 1372 849 vincere
1385 833 1411 848 m
1424 824 1476 849 Illis
1488 834 1516 850 ex
1528 825 1652 860 Euripide
1666 830 1742 861 versrs
1767 830 1822 855 cic.
1836 830 1918 857 Tusc.
1935 842 1960 865 4,
1975 836 2004 865 63
2019 842 2040 860 c.
2055 843 2089 868 29

1250 869 1263 871 e
1295 857 1391 892 Neque
1405 865 1457 885 tam
1471 860 1598 889 terribilis
1617 863 1669 888 vlla
1682 863 1763 889 fando
1781 866 1868 891 oratio
1882 867 1933 899 est,

1293 894 1349 920 Nec
1364 895 1434 926 sors,
1453 904 1500 921 nec
1514 896 1553 922 ira
1568 897 1690 924 caelitum
1703 899 1839 925 inuectum
1856 903 1967 929 malum:

1292 929 1374 962 Qiod
1386 939 1439 955 non
1452 937 1543 957 natura
1560 931 1672 959 humana
1685 933 1809 967 patiendo
1821 935 1919 963 efferat.

1379 966 1455 992 Ferat
1469 967 1568 1001 quidam
1583 975 1685 994 veteres.
1730 970 1774 994 Al.
1787 970 1898 997 cherat.
1951 973 1984 999 Vt
2005 974 2081 1002 Ferri
2101 978 2176 1004 cursu

1138 1002 1212 1026 celeri
1223 999 1340 1026 dicuntur
1355 1002 1486 1031 cursores,
1497 1002 1538 1036 sic
1551 1001 1656 1034 efferri,
1672 1002 1789 1038 adfinem
1802 1005 1978 1039 nempefladii.
2022 1011 2052 1036 A.
2068 1012 2098 1037 ad
2112 1014 2176 1039 Her.

1138 1043 1167 1068 4,
1186 1038 1220 1061 60
1239 1044 1260 1061 c.
1280 1043 1316 1069 47
1347 1036 1376 1061 ln
1395 1037 1498 1063 cursore
1517 1042 1618 1063 tantum
1633 1038 1782 1064 velocitatis
1804 1041 1852 1065 etse
1868 1048 1989 1075 oportet,
2009 1051 2036 1070 vt
2055 1047 2179 1075 efferatur

1135 1079 1218 1105 vsque
1226 1070 1257 1096 ad
1272 1070 1365 1096 finem:
1385 1072 1412 1097 in
1425 1072 1511 1098 amico
1526 1078 1626 1099 tantum
1635 1073 1840 1107 beniuolentiae,
1854 1082 1882 1101 vt
1895 1076 1973 1109 vltra,
1987 1087 2064 1113 quam
2079 1084 2178 1110 amicus

1136 1106 1233 1132 sentire
1246 1106 1326 1140 possit,
1347 1114 1483 1140 procurrat
1495 1109 1627 1135 amicitiae
1641 1109 1736 1135 studio.

1172 1148 1189 1168 Ε
1200 1148 1240 1168 FF
1250 1140 1266 1167 Ε
1275 1148 1349 1168 REN
1359 1149 1371 1168 s
1380 1161 1386 1171 ,
1407 1142 1436 1168 is.
1458 1143 1549 1170 Partic.
1585 1143 1717 1179 [ἐξαίρων]
1752 1144 1817 1171 Plin.
1831 1147 1874 1177 26,
1887 1153 1916 1179 14
1936 1147 1984 1174 Per
1996 1148 2022 1174 se
2034 1150 2178 1179 oenothcra

1137 1176 1272 1203 efferentia
1285 1177 1336 1203 sese
1349 1177 1437 1204 vlcera
1446 1178 1524 1205 sanat.
1543 1179 1567 1205 h.
1582 1188 1601 1205 e.
1622 1180 1711 1206 Vlcera
1723 1188 1782 1214 quae
1794 1188 1883 1207 vocant
1898 1184 1986 1209 Graeci
1994 1185 2169 1221 phlegmonoa'e

1137 1219 1219 1247 nempe
1232 1212 1260 1238 ob
1275 1212 1491 1247 irfiammattonem
1505 1221 1528 1240 et
1539 1214 1664 1241 humorum
1677 1219 1770 1250 copiam
1782 1220 1917 1252 turgentt'a.
1959 1220 2006 1246 Sed
2017 1223 2050 1246 al.
2065 1207 2179 1250 Efferan:

1137 1248 1189 1280 tia,
1207 1256 1265 1283 quos
1275 1248 1388 1284 sequitur
1402 1249 1528 1275 Harduin.
1578 1250 1637 1276 Vici.
1660 1256 1675 1276 F.
1686 1256 1702 1276 1-
1710 1257 1751 1277 ris
1761 1257 1776 1276 r<
1789 1259 1808 1277 o
1823 1252 1871 1287 fich
1889 1260 1905 1279 E
1915 1258 1931 1280 F
1940 1260 1956 1280 r
1965 1261 1981 1280 E
1991 1262 2008 1281 n
2019 1262 2039 1282 v
2049 1263 2071 1282 s.

1171 1290 1188 1310 Ε
1199 1289 1215 1308 L
1224 1285 1274 1310 ᾹΤ
1283 1290 1304 1308 v
1313 1291 1325 1310 S
1334 1302 1342 1315 ‚
1361 1292 1384 1315 a,
1402 1292 1456 1310 um.
1476 1286 1543 1311 Part.
1573 1285 1731 1319 [ἐξημμένος]
1768 1288 1869 1313 Praeter
1881 1297 1917 1320 ea,
1931 1299 1990 1325 quae
2002 1294 2029 1317 in
2049 1293 2125 1319 Verbo
2133 1299 2179 1328 po-

1138 1355 1172 1380 tis
1184 1354 1273 1381 verbis
1289 1355 1392 1380 incensa
1404 1356 1492 1382 oratio
1524 1356 1580 1382 Cic.
1597 1358 1624 1382 in
1637 1358 1711 1383 Orat.
1735 1365 1781 1390 ¹24
1794 1367 1815 1384 c.
1830 1361 1866 1389 36·
1938 1360 2010 1387 Idem
2024 1362 2055 1388 de
2070 1364 2099 1391 L.
2115 1330 2177 1399 ξὲἰ.

1139 1398 1167 1423 2,
1184 1392 1219 1422 96
1250 1390 1356 1423 Qtibus
1377 1390 1418 1416 illi
1436 1390 1515 1417 rebus
1535 1390 1597 1417 elati
1616 1396 1641 1417 et
1661 1392 1744 1418 inflati
1764 1393 1867 1420 fortasse
1886 1403 1940 1422 non
1961 1398 2088 1428 continuo
2131 1409 2177 1428 etc.

1137 1426 1225 1452 Elatus
1239 1426 1405 1460 arrogantia,
1426 1426 1562 1460 superbia,
1580 1427 1720 1454 insolentia
1739 1429 1809 1455 Caes.
1826 1430 1853 1455 13.
1870 1431 1898 1456 C.
1912 1440 1934 1463 3,
1948 1440 1986 1464 59.
2023 1420 2111 1468 Liu.}
2141 1457 2148 1462 .
2169 1456 2177 1463 .

1138 1463 1219 1488 Etiam
1232 1464 1259 1486 in
1273 1461 1358 1487 bonam
1368 1468 1467 1496 partem
1493 1461 1566 1489 Idem
1583 1465 1622 1495 26,
1639 1471 1665 1495 19
1685 1465 1723 1490 Ita
1737 1463 1806 1490 elato
1818 1465 1851 1491 ab
1865 1465 1965 1493 ingenti
1980 1456 2178 1498 x‘irtutum'sua-

1138 1505 1198 1533 rum
1212 1496 1308 1523 fiducia
1328 1498 1435 1529 ani1n0,
1453 1503 1481 1523 vt
1502 1498 1606 1523 nullum
1627 1499 1705 1524 ferox
1725 1498 1837 1526 verbum
1856 1496 2003 1535 exciderem
2033 1505 2178 1542 ingensque

1137 1532 1261 1558 omnibus
1276 1541 1342 1566 quae
1354 1531 1453 1558 diceret
1467 1538 1521 1558 tum
1534 1533 1652 1559 maiestas
1668 1534 1757 1560 inesset
1771 1540 1826 1561 tum
1840 1535 1912 1563 fides.
1948 1539 2003 1565 Cic.
2017 1540 2098 1567 Tusc.
2114 1552 2126 1575 5
2150 1546 2178 1570 16

1138 1567 1211 1600 Qiid
1230 1567 1311 1593 elatus
1327 1566 1373 1592 ille
1386 1567 1494 1593 leuitate
1513 1569 1641 1602 inanique
1654 1569 1754 1596 laetitia
1768 1571 1884 1597 exultans
1899 1578 1923 1598 et
1943 1580 2042 1600 temere
2057 1563 2168 1609 gestissns

1139 1611 1244 1633 nonne,
1263 1609 1309 1628 etc.
1381 1603 1484 1633 Elatus,
1501 1606 1519 1629 i.
1527 1605 1652 1638 prolatus.
1689 1604 1761 1630 Laet.
1776 1606 1807 1631 de
1822 1607 1895 1640 Opif.
1912 1608 1962 1634 Dei
1977 1611 1994 1634 6
2022 1598 2178 1639 Coniuuatis

1137 1636 1295 1671 corporibus
1307 1637 1374 1663 elata
1386 1637 1504 1670 soboles,
1523 1642 1540 1664 i.
1555 1646 1689 1673 procreata
1706 1643 1772 1665 coitu
1791 1641 1903 1667 Venereo.
1973 1646 2078 1671 Dicitur
2091 1633 2179 1682 etasre.

1137 1680 1238 1707 quenter
1255 1673 1284 1698 dc
1300 1674 1366 1704 Ioco,
1392 1673 1464 1708 idque
1483 1677 1586 1699 maxime
1599 1676 1626 1698 in
1639 1674 1750 1708 Compar.
1769 1675 1842 1709 grad.
1879 1675 2010 1704 Columel.
2023 1688 2044 1710 2,
2056 1691 2074 1713 4
2094 1683 2178 1710 Modo

1135 1708 1164 1733 in
1181 1708 1301 1739 elatiora,
1314 1707 1395 1733 modo
1409 1708 1437 1733 in
1450 1707 1604 1742 depressiora
1617 1707 1689 1734 cliui.
1725 1710 1819 1743 Superl.
1832 1711 1899 1745 apud
1912 1711 2018 1740 Termi.
2028 1716 2104 1750 Apol.
2119 1726 2179 1752 c.35

1135 1742 1289 1768 Elatislimae
1303 1742 1433 1768 lucernae.

1171 1783 1187 1801 E
1198 1784 1212 1802 L
1223 1783 1245 1802 A
1255 1784 1310 1802 TE.
1347 1776 1415 1802 Adu.
1451 1776 1619 1811 [ἐπηρμένω]
1657 1777 1712 1803 Cic.
1727 1777 1755 1804 in
1769 1779 1842 1806 Orat.
1865 1788 1893 1807 10
1907 1791 1928 1808 c.
1942 1791 1960 1815 4
1980 1783 2019 1811 Ita
2032 1775 2070 1818 sii,
2085 1794 2114 1814 vt
2127 1789 2177 1816 De-

1135 1810 1282 1836 mosthenes
1297 1817 1367 1837 certe
1380 1812 1453 1845 possit
1469 1812 1588 1838 submisse
1606 1811 1710 1845 dicere,
1732 1814 1798 1841 elate
1810 1816 1896 1848 Lysias
1909 1818 2013 1846 fortasse
2027 1830 2079 1847 non
2093 1824 2168 1857 poffir

1134 1845 1151 1870 i.
1165 1853 1218 1870 cum
1231 1844 1326 1877 affeHu
1341 1847 1516 1879 v1'u1·d0„cum
1536 1846 1660 1879 maiestate
1676 1856 1748 1875 ettam
1758 1870 1765 1882 ,
1786 1857 1832 1877 etc.
1904 1854 2015 1888 Compar.
2038 1857 2137 1885 Elatius
2151 1845 2177 1887 se,

1133 1888 1226 1914 gerere
1245 1879 1314 1915 Nep.
1327 1891 1354 1914 4,
1369 1888 1394 1913 2,
1409 1890 1428 1907 1.
1494 1883 1573 1909 Fama
1586 1883 1677 1909 elatius
1693 1883 1863 1920 inflatius-que
1875 1889 1960 1914 multo
1973 1899 2050 1924 quam
2066 1903 2107 1920 res
2120 1903 2176 1924 erat

1133 1915 1216 1950 gesta,
1235 1916 1422 1950 percrebuerat
1445 1918 1516 1944 Caes.
1533 1919 1560 1943 H.
1575 1919 1603 1944 C.
1618 1927 1640 1950 3,
1655 1926 1698 1952 79.

1170 1957 1187 1976 E
1198 1957 1213 1977 L
1223 1958 1336 1991 ΑΤ10,
1362 1953 1431 1977 onis.
1454 1954 1473 1978 f.
1509 1954 1639 1987 [ἕποερσις,
1659 1954 1767 1989 ἔξωρα-ις]
1810 1956 1885 1982 Verbi
1897 1957 1971 1992 ipsius
1983 1964 2129 1990 varietatem
2137 1966 2175 2001 se-

1131 1989 1226 2021 quitur.
1263 1987 1319 2012 Cic.
1336 1986 1418 2013 Tusc.
1434 1997 1461 2020 4,
1475 1994 1499 2019 13
1525 1989 1615 2021 (Qum
1630 1995 1715 2015 autem
1730 1991 1845 2018 inaniter
1858 1998 1884 2018 ct
1896 1993 1975 2020 effuse
1989 1997 2092 2024 animus
2104 2002 2175 2028 exul-

1133 2027 1184 2053 tat,
1204 2027 1260 2047 tum
1283 2021 1329 2048 illa
1349 2022 1450 2048 laetitia
1470 2022 1596 2057 gestiens,
1617 2024 1659 2050 vel
1679 2025 1762 2051 nimia
1781 2026 1834 2052 dici
1848 2028 1944 2061 potest:
1965 2040 2042 2064 quani
2063 2034 2098 2060 ita
2112 2036 2175 2063 defi-

1132 2058 1226 2088 iniunt,
1247 2057 1299 2083 sine
1313 2057 1417 2084 ratione
1432 2059 1514 2084 animi
1527 2058 1681 2085 elationem.
1751 2061 1838 2088 Elatio
1852 2069 1930 2097 atque
1950 2065 2063 2094 altitudo
2076 2074 2175 2099 oratio.

1131 2093 1172 2118 nis
1185 2092 1297 2118 alicuius
1325 2093 1397 2119 Ideni
1413 2093 1444 2119 de
1461 2093 1530 2120 Clar.
1543 2094 1617 2120 Orat.
1632 2096 1667 2120 66
1680 2103 1701 2120 c.
1719 2102 1757 2129 17.
1785 2097 1810 2123 h.
1827 2107 1845 2123 e.
1859 2100 1938 2125 Graue
1952 2108 1976 2127 et
1988 2105 2083 2138 grande
2111 2117 2176 2136 -enus

1131 2127 1239 2154 dicendi.
1313 2128 1446 2154 Elationes
1460 2137 1588 2161 onerum,
1604 2131 1621 2154 i.
1635 2135 1819 2164 exportationes
1846 2134 1950 2161 Vitruu.
1972 2145 1999 2162 10
2024 2144 2045 2168 8.
2098 2117 2162 2171 gffla

1131 2163 1170 2189 tio
1192 2168 1218 2189 et
1231 2163 1387 2196 magnitudo
1400 2163 1483 2190 animi
1515 2165 1570 2191 Cic.
1585 2165 1637 2191 Oti:
1658 2174 1678 2197 1,
1693 2167 1738 2199 64.
1810 2168 1896 2196 Elatio
1910 2177 1935 2197 et
1949 2158 2081 2202 subiniffio
2117 2161 2174 2205 con:

1203 2234 1207 2238 .
1592 2200 1732 2227 Gestientis
1744 2201 1828 2230 animi
1844 2205 1925 2232 elatio
1944 2196 2114 2244 voluptuaria
2132 2211 2169 2242 1d'
2185 2211 2189 2215 ’

1131 2234 1163 2261 de
1179 2234 1236 2260 Fin.
1251 2243 1273 2266 3,
1286 2242 1312 2266 3,-
1325 2244 1347 2261 c.
1363 2243 1400 2261 10.
2165 2235 2173 2243 '

1165 2276 1182 2295 E
1192 2276 1207 2295 L
1217 2277 1239 2296 A
1249 2276 1297 2297 To
1306 2277 1325 2296 R
1334 2277 1384 2302 ιε,
1403 2268 1472 2305 apud
1490 2270 1582 2297 Ascon.
1598 2270 1626 2297 in
1640 2271 1733 2304 Diuin.
1744 2279 1792 2308 pro
1806 2273 1963 2304 laetabunde.

1165 2311 1182 2331 13
1193 2312 1206 2330 L
1217 2312 1238 2331 A
1248 2311 1269 2330 T
1278 2305 1290 2331 ῑ
1300 2312 1320 2331 v
1330 2313 1351 2331 v
1362 2313 1374 2332 s
1383 2325 1390 2337 ,
1418 2305 1496 2332 Gloss.
1511 2307 1557 2333 Gr.
1573 2307 1630 2333 Lat.
1643 2307 1744 2335 Elatiua
1752 2328 1761 2341 ,
1779 2309 1904 2346 ἔκφορικοὲ.

1164 2346 1333 2368 errent-,1
1347 2346 1385 2373 o,
1410 2341 1699 2369 vid.}-:FFAR010.

1163 2382 1336 2408 EFFERO,
1356 2385 1391 2402 as.
1433 2376 1492 2403 Vid.
1512 2384 1695 2405 EFFERvs.

1161 2418 1379 2443 EFFERTvs‚
1401 2411 1454 2437 vid.
1473 2419 1681 2441 EFFARcto.

1163 2453 1384 2480 EFFERVEO‚
1397 2446 1452 2481 fiue
1470 2454 1590 2475 EFFER
1601 2456 1663 2481 vo,
1681 2448 1719 2481 vi,
1738 2456 1761 2476 ct
1779 2450 1837 2484 bui,
1849 2455 1901 2484 ere,
1919 2461 1943 2480 et
1957 2456 2008 2481 ere.
2043 2458 2158 2488 [βοάσω

1126 2482 1218 2516 Saffo]
1259 2483 1416 2509 ls'ehememer
1430 2484 1543 2518 feruere.
1580 2485 1654 2519 Virg.
1668 2486 1764 2518 Georg.
1779 2494 1799 2517 1,
1813 2495 1861 2520 471
1892 2489 2003 2521 Quoties
2023 2481 2169 2528 Cyclopuni

1127 2518 1254 2544 efferuere
1268 2518 1294 2544 in
1302 2527 1379 2552 agros
1398 2517 1521 2545 Vidimus
1529 2519 1669 2545 vndantem
1679 2521 1763 2552 ruptis
1777 2521 1929 2548 fornacibus
1937 2525 2065 2554 Aetnam?
2097 2526 2166 2558 Ibid.

470 2553 526 2579 Cic.
540 2552 572 2578 de
586 2553 678 2587 Arusp.
694 2553 769 2588 Resp.
783 2561 812 2588 17
839 2555 866 2581 Si
881 2563 923 2581 me
935 2555 1014 2581 tantis
1028 2555 1062 2581 la·
1074 2560 1106 2592 σς
1125 2564 1154 2588 4,
1168 2556 1213 2586 556
1233 2553 1349 2579 Stridere
1363 2562 1422 2588 apes
1436 2562 1527 2583 vtem,
1544 2560 1569 2580 et
1580 2554 1664 2588 ruptis
1677 2554 1803 2580 efferuere
1818 2556 1903 2584 costis.

1162 2596 1179 2615 E
1190 2595 1206 2614 F
1216 2595 1232 2614 F
1241 2595 1257 2614 E
1267 2596 1285 2614 R
1295 2596 1315 2614 v
1326 2595 1342 2613 E
1353 2595 1376 2613 N
1388 2595 1410 2614 s.
1447 2588 1516 2614 Gell.
1530 2597 1555 2620 2,
1570 2596 1600 2622 27
1619 2590 1685 2615 Cum
1702 2589 1799 2623 gaudio
1812 2591 2009 2621 efferuentiore.

1164 2630 1179 2649 E
1189 2630 1205 2649 p
1214 2630 1230 2649 1:
1239 2630 1256 2649 E
1266 2630 1284 2648 R
1294 2630 1314 2647 v
1323 2630 1339 2648 E
1349 2630 1361 2648 s
1371 2629 1388 2649 c
1399 2628 1419 2648 Ο
1429 2642 1437 2653 ,
1458 2625 1510 2648 ere.
1547 2622 1708 2659 [ἕκέῗροῖασω]
1745 2626 1817 2651 Motu
1830 2627 1944 2660 intestino
1959 2635 2056 2666 agitari
2068 2640 2092 2659 et
2103 2637 2167 2663 intu-

1126 2658 1241 2692 mescere,
1257 2659 1298 2683 vel
1309 2658 1339 2683 ab
1351 2661 1409 2692 igne
1415 2656 1542 2693 fiebieffffi
1568 2660 1608 2684 vel
1621 2659 1650 2684 ab
1664 2663 1774 2685 admixto
1781 2661 1923 2695 fermento,
1942 2669 1982 2691 vel
2000 2677 2014 2692 a
2029 2677 2120 2703 quacun
2140 2681 2167 2698 ue

1125 2693 1198 2728 causa
1213 2696 1322 2722 interna,
1336 2699 1365 2718 vt
1379 2691 1490 2725 mustum,
1504 2700 1533 2719 vt
1543 2695 1802 2729 panisfermeutatus,
1817 2704 1862 2723 etc.
1935 2701 2039 2729 Colum.
2055 2713 2089 2737 12,
2099 2681 2138 2739 233
2149 2719 2167 2742 4

1129 2772 1165 2795 12,
1184 2768 1221 2794 28,
1243 2772 1259 2789 2
1289 2764 1438 2797 Antequam
1459 2763 1581 2795 condias,
1607 2765 1685 2791 musti
1702 2767 1867 2801 aliquantum
1887 2770 1915 2796 i'n
1934 2773 2026 2800 seriani
2048 2774 2079 2801 de
2091 2743 2166 2806 Igilii:

1125 2799 1281 2838 transfertO,
1306 2807 1339 2823 ne
1359 2799 1388 2824 in
1408 2798 1572 2829 condiendo,
1594 2809 1652 2826 cum
1674 2802 1865 2830 medicamento
1884 2806 2034 2836 efferuescat
2051 2818 2076 2837 et
2094 2815 2157 2841 fluat

1125 2833 1182 2859 Cic.
1196 2832 1228 2859 de
1242 2833 1278 2859 N.
1293 2833 1323 2873 D.
1337 2842 1359 2865 2,
1373 2841 1405 2867 ²7
1418 2843 1439 2859 c·
1449 2842 1475 2859 10
1509 2835 1537 2860 In
1550 2834 1591 2860 his
1607 2837 1692 2870 aquis,
1706 2846 1772 2871 quae
1786 2839 1957 2869 efferuestunt
1970 2845 2081 2873 subditis
2098 2835 2166 2877 igni:

1124 2867 1182 2894 bus.
1238 2868 1462 2895 Medicamentum
1478 2870 1624 2897 efferuescit
1644 2872 1761 2899 scribon.
1776 2881 1836 2908 207.
1906 2880 1980 2911 Qtac
1993 2878 2165 2913 (fferuest'unt

1363 2906 1410 2931 Per
1424 2907 1612 2932 translationem
1630 2907 1658 2933 dr
1677 2909 1750 2934 turha
1768 2912 1857 2944 populi
1873 2918 1994 2942 commoti.
2046 2919 2091 2945 Cic
2132 2931 2164 2947 so

1124 2940 1208 2965 Plane.
1223 2948 1247 2972 13
1268 2939 1295 2965 Si
1307 2948 1412 2974 campus
1422 2946 1500 2975 atque
1513 2941 1573 2968 illae
1587 2943 1671 2969 vndae
1684 2946 1857 2972 comitiorum
1872 2955 1900 2974 vt
1915 2958 1987 2977 mare
2000 2930 2163 2986 profun'dititm

1124 2981 1149 3001 et
1168 2975 1339 3007 inmensum,
1361 2976 1393 3002 sic
1412 2976 1583 3003 efferuescunt
1599 2978 1713 3013 quodam
1731 2980 1801 3015 quasi
1821 2982 1899 3010 aestu.
1971 2987 2042 3014 Idem
2057 2989 2087 3015 de
2101 2992 2164 3019 Pro-

1122 3011 1192 3037 vinc.
1214 3011 1292 3037 Coris.
1316 3014 1333 3036 6
1352 3021 1372 3037 c.
1391 3020 1410 3044 4
1442 3012 1601 3048 Totumque
1622 3015 1733 3041 Pontum
1754 3023 1883 3045 armatum
1901 3020 2113 3052 efferuescentem
2134 3029 2161 3054 in

1124 3046 1210 3072 Asiam
1225 3053 1303 3086 atque
1323 3053 1520 3081 erumpentem,
1539 3057 1615 3083 aegre
1634 3050 1766 3084 repulsum
1786 3058 1811 3078 ct
1824 3055 1972 3083 ceruicibus
1992 3058 2161 3090 interclusum

1123 3083 1174 3108 suis
1187 3081 1357 3122 sustinerent,
1374 3085 1392 3108 i.
1408 3086 1529 3109 exo-citus
1542 3095 1557 3110 a
1569 3094 1624 3121 rege
1643 3087 1841 3121 Pontiparatot.
1913 3093 1944 3117 Et
1955 3093 1987 3118 de
2000 3095 2068 3121 Clar.
2085 3099 2150 3124 Orat

1123 3126 1174 3158 249
1192 3118 1321 3143 Celeriter
1334 3118 1394 3144 sane
1405 3118 1486 3145 verba
1499 3120 1620 3153 voluens,
1640 3130 1686 3147 nec
1700 3121 1779 3149 hebes
1795 3124 1823 3149 in
1836 3125 1931 3159 causis,
1949 3128 1990 3154 vel
2004 3129 2087 3157 dicam
2101 3118 2159 3166 plus

1122 3160 1202 3193 etiam
1217 3161 1296 3193 quam
1309 3162 1363 3179 non
1378 3153 1471 3185 hebes,
1493 3155 1537 3182 sed
1551 3156 1719 3184 efferuescens
1739 3158 1767 3184 iii
1782 3159 1909 3193 dicendo,
1934 3162 2068 3192 stomacho
2084 3168 2158 3202 saepe

1122 3188 1310 3223 iracundiaque
1324 3188 1515 3216 vehementius.
1549 3192 1622 3219 Adde
1635 3193 1703 3219 eund.
1713 3203 1761 3227 pro
1775 3195 1868 3222 Caelio
1876 3204 1920 3231 77.
1956 3200 2011 3226 Cic.
2021 3202 2090 3227 Fam.
2103 3212 2120 3235 9
2144 3213 2158 3230 2

1121 3224 1267 3250 Latendum
1280 3225 1405 3258 tantisper
1417 3225 1534 3257 ibidem,
1554 3227 1617 3254 dum
1633 3228 1780 3256 efferuescit
1795 3229 1858 3257 haec
1878 3234 2034 3268 gratulatio,
2050 3240 2068 3262 ι’.
2086 3223 2158 3272 qucim

1120 3260 1162 3286 diu
1176 3262 1213 3286 ita
1227 3262 1297 3296 viget
1310 3267 1334 3286 et
1346 3262 1495 3297 tumultuosa
1509 3260 1551 3294 est.
1606 3265 1663 3290 Alii
1675 3266 1811 3299 explicant,
1832 3266 1889 3293 dum
1902 3269 1937 3293 ad
1941 3270 2018 3303 finem
2023 3271 2148 3308 feruescir

1117 3302 1147 3321 vt
1161 3295 1290 3330 Exsaeuire
1297 3302 1347 3330 pro
1360 3297 1571 3332 Saeuicndt'finem
1577 3298 1673 3333 facere.
1710 3302 1796 3327 Graru.
1809 3302 1973 3330 Deferuescat
1986 3307 2064 3332 malit.
2100 3295 2157 3336 Ira-⁹

1117 3330 1254 3365 cundaque
1268 3339 1341 3357 mens
1355 3332 1432 3358 facile
1446 3332 1592 3359 efferuescit
1608 3334 1634 3360 in
1649 3335 1687 3361 ira
1705 3336 1807 3363 Lucret.
1820 3347 1842 3369 3,
1855 3341 1915 3370 296.

1155 3373 1171 3392 E
1180 3373 1196 3393 r
1206 3373 1221 3393 r
1231 3373 1246 3407 ξ
1256 3374 1274 3393 R
1284 3374 1305 3393 v
1314 3373 1331 3393 E
1340 3373 1353 3393 s
1361 3373 1377 3393 c
1386 3374 1402 3394 E
1413 3375 1434 3393 N
1443 3375 1456 3395 s
1465 3388 1472 3400 ,
1489 3369 1519 3394 is.
1547 3370 1640 3396 Partic.
1677 3370 1853 3406 [ἒκέροέσαων]
1890 3373 1933 3400 Sil.
1948 3382 1971 3405 3,
1982 3383 2026 3406 312
2047 3378 2155 3414 Quique

1118 3408 1176 3428 atro
1189 3402 1495 3442 rapidas-efferuescente
1514 3413 1618 3431 veneno
1656 3406 1779 3440 Dipsadas
1799 3408 1928 3434 immensis
1951 3409 2060 3439 horrent
2075 3415 2153 3443 Gara.

1118 3444 1218 3464 mantes
1231 3446 1325 3464 arenis.
1395 3440 1450 3465 Cic.
1465 3439 1497 3465 de
1510 3441 1583 3466 Orat.
1598 3449 1623 3473 2,
1638 3446 1665 3471 853
1679 3451 1699 3467 c.
1713 3451 1747 3468 20
1785 3443 1913 3469 Oratione
1934 3445 2013 3472 celeri
2028 3455 2053 3474 ct
2067 3453 2153 3479 conci.

1117 3479 1184 3505 tata,
1206 3479 1232 3499 et
1244 3473 1334 3500 verbis
1347 3474 1576 3502 efferuescentibus
1595 3484 1620 3503 et
1634 3477 1721 3510 paullo
1733 3478 1844 3503 nimium
1859 3478 2073 3511 redundantibus.

1114 3546 1131 3571 Ι
1152 3516 1169 3535 E
1180 3515 1506 3580 ,FsFERVESCENTIA
1520 3531 1530 3544 ,
1559 3521 1599 3538 ae.
1624 3513 1644 3538 f.
1687 3513 1764 3547 Apud
1786 3512 1889 3539 Celsum
1911 3514 1953 3548 ‘ff’
1978 3517 2073 3546 dicitur
2092 3521 2152 3549 edit.

1130 3553 1206 3570 enen.
1249 3564 1254 3570 .
1276 3553 1326 3577 331.

1154 3586 1171 3606 Ε
1181 3586 1197 3606 F
1207 3554 1277 3606 F}R
1287 3588 1307 3606 V
1317 3587 1329 3607 S
1338 3600 1346 3612 ,
1366 3589 1390 3612 a,
1405 3589 1458 3609 um,
1485 3580 1546 3608 Adi.
1584 3579 1729 3615 [Bnetddfzg
1745 3579 1843 3617 ἄγριος]
1885 3584 1961 3611 Valde
1969 3587 2047 3622 serus
2059 3597 2082 3617 et
2095 3602 2151 3619 cru-

1116 3614 1193 3641 delis:
1215 3622 1244 3641 vt
1263 3615 1351 3642 Corda
1364 3615 1442 3642 effera
1471 3617 1557 3643 Valer.
1571 3618 1668 3650 Argon.
1690 3625 1709 3647 Ι,
1723 3622 1780 3650 798-
1852 3617 1961 3647 Facinus
1982 3623 2039 3651 Sen.
2054 3626 2141 3654 Phoen

1119 3652 1180 3682 264.
1217 3652 1258 3678 Ira
1281 3651 1568 3686 Valer.Argon.5,516.
1604 3654 1727 3679 iuuentus
1741 3652 1910 3682 efferasaeuit
1933 3658 2006 3693 Virg.
2017 3661 2080 3688 Aen.
2093 3669 2105 3692 8
2125 3649 2150 3690 6.

1116 3685 1227 3711 Laniatu
1242 3685 1322 3712 effero
1336 3686 1448 3721 dispersa
1461 3688 1577 3713 membra
1603 3687 1659 3711 Seu.
1675 3687 1784 3721 Hippol.
1799 3691 1869 3722 1246.
1926 3693 2002 3720 Motu
2016 3697 2096 3724 effero
2108 3684 2150 3725 ’re-

1117 3721 1219 3747 cursare
1232 3720 1282 3747 huc
1296 3728 1321 3747 et
1335 3721 1384 3748 huc
1410 3722 1483 3749 Idem
1499 3722 1590 3748 Medea
1603 3727 1653 3753 3233.
1707 3723 1785 3749 Pecus
1805 3724 1842 3750 Id.
1857 3726 1965 3761 Hippoi.
1980 3734 2028 3757 116.
2089 3735 2150 3761 Vir.

1115 3762 1156 3782 tus
1178 3757 1264 3783 Valet,
1277 3758 1375 3792 Argrnn,
1390 3767 1415 3790 2²
1431 3763 1488 3791 648,
1548 3757 1594 3781 Vis
1608 3757 1690 3783 {mimi
1704 3758 1782 3785 effera
1802 3760 1875 3795 Vil'g.
1887 3766 1950 3789 Ac‘n.
1967 3773 2001 3796 lC,
2016 3772 2061 3797 808

1150 3799 1166 3818 Ε
1176 3799 1192 3819 F
1201 3799 1216 3819 F
1228 3791 1271 3819 ἐκ
1281 3800 1299 3819 Ο
1308 3795 1326 3825 ,”
1335 3797 1387 3819 Ere.
1424 3791 1546 3826 [dyada]
1583 3792 1706 3819 Crudelem
1719 3793 1798 3827 instar
1810 3796 1885 3831 [ει-αἰ
1893 3799 1990 3833 facet-r.
2028 3789 2093 3829 Plin.
2109 3812 2137 3830 10

1112 3830 1141 3859 63
1164 3828 1287 3854 Feminae
1301 3830 1357 3854 sues
1379 3829 1406 3853 in
1429 3834 1528 3853 tantum
1547 3826 1704 3860 efferantur,
1723 3837 1751 3856 vr
1771 3829 1906 3858 hominem
1926 3834 2047 3863 lacerent.
2085 3824 2148 3865 Liu’

1113 3871 1136 3895 2,
1146 3872 1173 3895 23
1196 3863 1234 3889 Ad
1247 3863 1297 3889 hoc
1312 3864 1432 3898 promissa
1447 3861 1526 3887 barba
1541 3869 1566 3888 et
1580 3863 1667 3896 capilli
1681 3864 1852 3893 efferauerant
1864 3869 1973 3902 speciem
1988 3873 2051 3899 oris.
2088 3860 2146 3900 Sen⁴

1111 3898 1237 3924 Phoeniff.
1253 3901 1304 3924 206
1333 3898 1404 3931 Qud
1417 3897 1452 3923 cst
1467 3897 1537 3931 quod
1555 3904 1580 3924 te
1592 3899 1715 3926 et'v'erarit.
2139 3896 2145 3901 ¹

1111 3933 1171 3960 dine
1185 3933 1247 3959 mali
1267 3934 1326 3959 Liu.
1336 3942 1370 3965 ῖς,
1379 3935 1417 3958 26.

1499 3933 1503 3937 .
1787 3902 1900 3930 Efferare
1919 3907 2021 3932 animos
2037 3909 2144 3935 assuetu-

1472 3934 1527 3959 Cic.
1536 3932 1567 3959 de
1577 3935 1611 3960 N.
1622 3935 1652 3960 I).
1662 3938 1747 3966 1,62c.
1757 3945 1785 3968 23
1807 3938 1934 3972 Equidem
1948 3942 2064 3969 arbitror
2077 3944 2142 3970 mul-

21 3968 90 4003 quit)
102 3975 134 3993 ne
148 3966 191 3993 ha,
201 3975 268 3993 meas
282 3966 392 4000 ineptias
405 3965 527 3996 efferatis,
539 3967 557 3990 i.
571 3964 720 4000 Proferatis.
754 3969 822 3997 Ter.
831 3970 936 3998 Phorm.
951 3978 973 4004 ς,
981 3979 1006 4007 7,
1014 3974 1045 4006 63
1054 3978 1097 4005 ¹05
1109 3976 1144 3996 tas
1158 3970 1206 3996 effe
1218 3974 1305 4003 gentes
1320 3968 1352 3993 sic
1366 3969 1530 3996 immanitate
1543 3969 1669 4002 efferatam
1690 3979 1717 4005 vt
1736 3972 1804 4007 apud
1819 3982 1860 4000 eas
1873 3975 1943 4001 nulla
1955 3977 2067 4011 suspicio
2081 3979 2142 4006 deo-

169 4008 249 4030 v01..
283 4003 325 4029 II.
360 4006 365 4008 “

1299 4004 1321 4030 R
1341 4012 1355 4031 r
2081 4023 2141 4042 rum
