2479 4225
43 204 117 244 797
188 248 189 252 Ἰ
418 189 456 230 G
544 190 579 231 E
667 190 711 230 N
1519 192 1558 235 G
1646 195 1681 236 E
1768 199 1810 239 N
2099 216 2174 259 793

41 292 45 297 ι
77 272 204 307 ῦΕΝΕὶι
213 277 322 311 devs,
346 286 375 309 a,
400 286 456 304 um.
505 277 565 305 Adi.
615 280 629 314 [
643 282 757 312 γενναῖος,
781 277 885 312 ἔυγενῆς,
908 275 1073 311 ἒπωτρίδας]
1135 279 1366 313 Quemadmodum
1385 281 1496 316 quisque
1514 289 1663 317 generatus,
1681 285 1902 320 quemadmodum
1920 292 2049 321 educatus,
2122 297 2172 322 pro

0 320 3 335 1
41 313 216 348 Praestantiam
227 317 325 348 generis
339 319 362 339 ct
372 320 474 339 naturae
480 312 626 349 fignificat,
632 314 685 348 Jiue
693 323 824 349 cam,quae
833 316 951 350 maiorum
958 312 1073 338 nobilita-
1135 316 1258 341 Inucnire.
1281 315 1411 349 (λι-11116111.
1428 325 1465 349 10,
1481 326 1495 343 2
1521 322 1560 345 Αη
1581 320 1623 346 1111
1640 321 1717 347 rudes
1736 321 1792 347 sola
1805 324 1900 349 mentis
1921 335 2012 355 natm-2,
2025 330 2098 356 duffii
2113 332 2173 358 sunt

0 336 6 385 1
41 357 65 378 u
77 349 197 385 ctnj‘etur,
210 350 263 382 Jme
271 351 417 384 propriam,
439 349 497 375 adeo
516 356 544 374 vt
564 350 686 376 interdum
700 350 838 385 generosus
854 349 891 381 Jit
908 348 985 373 claris
998 351 1072 373 maio·
1137 350 1165 376 in
1181 350 1246 383 hoc,
1259 357 1286 377 vt
1302 357 1355 377 tam
1369 352 1450 377 multa
1469 356 1639 387 generarent?
1710 356 1840 384 Generare
1860 362 1933 385 mam
1953 364 2069 391 dicuntur
2086 367 2173 393 Femi-

0 390 9 435 1
40 385 108 414 ribus
121 390 203 416 ortus,
215 383 335 410 interdum
349 383 438 420 dignus
452 387 546 410 virtute
563 389 697 417 maiorum,
709 383 832 411 interdum
850 382 993 417 simpliciter
1005 386 1073 419 ingr·
1139 394 1195 418 nae,
1208 386 1288 419 alini,
1303 393 1327 412 ct
1340 387 1433 421 equae.
1486 389 1552 415 Plin.
1566 396 1587 421 g,
1601 400 1639 424 44
1665 391 1696 418 Et
1710 401 1776 426 quae
1789 401 1843 419 „on
1856 394 1943 427 primo
1964 397 2031 424 initu
2048 409 2171 433 generare

0 438 5 448 .
40 423 81 447 nio
91 426 115 447 et
131 421 224 446 virtute
239 417 365 454 prmstans
377 439 384 452 ,
399 419 489 455 dignus
502 422 545 455 qui
562 420 689 457 generosae
695 416 890 458 stirpispuflor
900 417 961 457 fiat.
998 419 1073 446 Pater
1093 429 1108 454 5
1135 423 1260 455 coeperit.
1331 423 1369 448 De
1388 421 1487 447 Herba:
1507 425 1573 451 Gell.
1589 434 1610 459 ς,
1624 429 1640 452 6
1660 426 1803 454 Obseruari
1822 428 1940 462 solitum,
1954 438 1981 457 vt
1996 433 2069 460 fieret
2086 445 2100 461 c
2114 446 2170 470 gra-

0 449 7 487 i
40 454 228 485 Themistoclis
247 456 387 488 generosus
406 455 459 482 fuit
479 455 548 489 Nep.
564 465 584 487 2,
599 464 619 487 1,
632 464 657 482 2.
727 452 884 481 Fortissimus
900 460 1011 487 quisque
1030 463 1072 487 ge·
1135 457 1221 489 mine,
1231 456 1302 491 quod
1315 457 1343 483 in
1357 457 1418 483 oleo
1431 465 1581 490 generatum
1593 462 1661 488 css'ct.
1721 463 1804 490 Bilem
1818 471 1970 498 generantes
1984 468 2103 496 scribon,
2114 480 2159 504 ¹04

4 491 9 499 ³
40 488 207 518 nerofiffimus
220 489 257 515 est
272 490 369 516 Sanun,
382 491 438 524 Iug.
452 499 475 516 c.
489 495 525 523 85.
594 491 673 517 Ouid.
687 489 750 516 Fast.
765 497 788 521 2,
803 496 848 521 199
876 488 1016 522 Egreditur
1032 498 1071 515 ca-
1134 492 1278 518 Hominem
1292 493 1426 526 generauit
1441 498 1467 518 et
1485 497 1591 521 ornauit
1605 497 1667 523 deus
1685 498 1741 524 Cic.
1755 498 1787 525 de
1800 499 1892 534 Legib.
1910 508 1930 533 1,
1945 508 1976 536 27
1987 511 2009 528 c.
2023 511 2048 534 9.
2119 491 2172 532 Ge:

6 538 7 542 =
40 525 97 552 stris
119 525 193 551 miles
215 527 354 559 generosus
371 525 404 552 ab
423 526 528 552 iisdem.
600 525 729 552 Columel.
748 532 769 555 3,
786 532 802 550 2
819 529 882 549 extr.
916 524 1003 558 Atque
1023 524 1070 551 vbi
1134 528 1242 554 iicrandi
1257 528 1345 562 gloria
1358 527 1444 554 mellis
1464 530 1537 564 Virg.
1553 531 1650 565 Georg.
1664 542 1691 565 4,
1704 541 1760 567 205.
1832 534 1918 563 Aliam
1938 545 1969 563 ex
1983 538 2035 563 alia
2049 547 2171 572 generan-

5 579 7 583 .
39 560 118 588 multa
134 560 287 587 inuitabunt
308 562 424 595 regionis
445 560 597 592 commoda,
616 568 645 588 vt
656 559 776 587 nobilem
795 559 876 584 vitem
895 560 1068 593 conseramus,
1133 562 1168 588 do
1182 561 1267 589 suffice
1281 564 1383 597 prolem
1403 562 1476 590 Idem
1490 565 1588 599 Georg.
1601 575 1625 598 3,
1640 569 1679 599 65.
1751 569 1855 596 Semina
1869 570 1948 597 limus
1962 572 2055 604 habet,
2070 575 2172 601 virides

38 596 187 631 generosam
207 597 383 630 requiremus.
413 596 481 623 Add.
495 596 532 623 Id.
547 606 575 629 4,
588 605 630 629 ²9·
699 594 880 621 Generosioris
898 594 1003 633 arboris
1023 596 1069 622 sta·
1088 606 1117 625 10
1132 599 1283 631 generantia
1295 607 1369 625 ranas
1387 598 1470 625 Ouid.
1484 601 1548 627 Met.
1562 609 1596 633 15,
1608 609 1662 635 375.
1731 604 1844 638 Populus
1858 606 1989 634 Romanus
2003 616 2017 634 a
2030 609 2116 635 Marte
2129 619 2173 644 ge-

37 632 86 658 tim
104 631 191 665 planta
209 640 269 657 cum
288 632 378 658 sruchi
398 632 433 658 est
458 631 588 665 Qiinffll.
601 636 624 662 8,
635 638 658 662 3·
728 629 842 656 Bacchus
865 629 960 655 leul-
975 639 996 662 3,
1010 634 1035 663 6,
1048 639 1070 664 ς.
1132 640 1236 660 neratus
1249 634 1305 660 Cic.
1318 633 1432 668 Philipp.
1446 643 1475 667 4,
1490 642 1511 667 5.
1584 636 1678 662 Eadem
1692 643 1761 665 terra
1775 639 1964 668 Rhinocerotas
1978 643 2041 675 alit,
2055 653 2109 670 non
2129 654 2172 679 ge·

36 667 150 694 conatus
164 666 295 700 Qiinffll.
309 676 333 698 2,
346 677 373 700 4.
428 668 529 694 Domus
549 665 629 693 Ouid.
643 664 708 692 Fast.
720 673 747 698 2,
761 673 815 698 225.
868 664 930 705 Flos
949 666 987 692 ld.
1002 666 1067 692 Fast.
1131 675 1204 695 nerat
1217 670 1292 695 Curt.
1308 673 1331 701 8,
1343 677 1370 701 9,
1384 677 1422 703 17.
1493 670 1590 705 Neque
1611 673 1683 698 enim
1702 674 1738 699 ita
1756 677 1873 708 generati
1886 686 1901 703 a
1913 684 2005 705 natura
2019 680 2122 710 sumus,
2142 686 2172 707 vt

35 710 59 734 5,
73 710 120 728 211.
138 702 144 705 ’
175 702 243 728 Suet.
265 703 292 729 in
307 703 404 729 Tiber.
420 712 441 730 c.
455 711 492 736 49
524 701 729 730 Condemnatam
751 707 777 727 et
797 700 1009 735 generohffinmm
1022 702 1068 728 Fe·
1132 704 1163 730 ad
1179 704 1269 730 ludum
1282 709 1307 730 et
1320 704 1411 730 iocum
1422 703 1487 731 faffl
1502 707 1549 732 eiii:
1564 706 1702 734 videamur
1721 709 1776 735 Cic.
1790 710 1843 737 Off.
1859 719 1877 742 1,
1892 721 1933 738 ²2.
2003 714 2034 740 In
2053 714 2087 742 iis
2102 721 2172 742 aeta-

26 737 291 771 ἱ1111111111μερίιὴιῃ,
308 738 337 765 in
357 738 467 773 gratiam
479 736 590 770 Quirini
609 736 761 763 Consularis
780 735 934 770 praediuitis
954 742 979 762 et
997 737 1067 763 orbi.
1131 739 1219 771 tibus,
1239 748 1306 774 quae
1319 738 1386 765 nihil
1407 738 1469 765 dum
1489 741 1558 775 ipsae
1578 751 1609 768 ex
1624 743 1654 768 Se
1666 752 1790 777 generare
1809 753 1905 780 queant
1918 749 2048 781 Quinctil.
2064 758 2105 781 1,1
2130 753 2170 783 36.

36 773 159 799 Honores
183 774 300 807 Propert.
313 784 339 808 4,
354 783 387 806 12,
401 776 438 800 61.
506 770 610 799 indoles
626 772 682 798 Sen.
695 772 799 803 ,Phoen-
819 780 873 805 334-
944 772 1069 799 quenum
1088 785 1114 811 ¹5
1132 775 1226 801 Versus
1241 775 1295 801 vid.
1314 784 1369 800 mox
1387 779 1570 804 GENERANS.
1607 778 1738 805 Generare
1758 783 1852 814 poc'ma
1869 782 1941 808 Idem
1954 792 1986 816 9,
2000 794 2031 818 4,
2046 793 2096 818 ¹¹4·
2108 770 2117 783 ’
2149 787 2171 812 Ε

30 807 118 835 Ouid.
135 808 167 834 ad
187 809 248 835 Liu.
269 817 327 844 207.
398 807 503 836 quenis
535 807 651 842 generosi
681 807 813 842 sanguinis
844 807 953 846 Lucan..
967 815 988 839 3,
1011 815 1068 842 723.
1132 811 1255 844 sanguine
1270 816 1391 843 generata
1405 810 1461 836 Beli
1475 811 1519 838 Sil.
1534 817 1557 846 Β,
1571 821 1627 839 221.
1698 815 1826 842 Homines
1845 816 1986 844 hominum
2005 821 2079 847 causa
2092 829 2172 855 gene-

35 843 115 870 Ouid.
129 843 214 870 Trilt.
229 853 250 876 3,
268 852 289 877 5.
303 853 332 877 32
352 846 414 878 Quo
427 844 538 878 quisque
552 842 587 869 est
602 842 697 875 maior,
711 843 792 877 magis
804 842 840 868 est
854 841 990 876 placabilis
1004 843 1068 876 irae,
1131 846 1186 873 rari
1200 846 1255 872 Cic.
1269 845 1322 871 Off.
1337 853 1357 877 1,
1371 853 1398 871 22
1412 855 1434 871 c.
1448 854 1473 880 7.

35 878 68 906 Et
89 878 177 906 faciles
201 886 287 906 motus
301 881 377 907 Mens
399 878 522 913 generosa
542 878 619 912 capit.
690 879 768 905 Miles
794 877 866 904 Idem
885 877 951 904 Fast.
969 886 994 910 2,
1013 887 1066 911 199.
1167 887 1355 907 GENERAN
1367 887 1380 907 s
1391 901 1399 913 ‚
1417 881 1493 907 antis.
1510 882 1577 909 Part.
1599 883 1679 910 Ouid.
1687 885 1752 912 Met.
1766 893 1800 919 15,
1814 895 1860 922 375
1880 888 1984 916 Semina
2000 889 2077 918 limus
2090 891 2171 919 habet

33 913 149 949 Compar.
168 916 257 941 Nemo
273 914 421 950 generosior
432 914 468 940 est
479 920 504 940 te
525 914 592 940 Hor.
606 915 687 941 Serm.
701 923 722 947 1,
732 916 758 946 6,
770 921 795 939 2..
830 912 974 944 Nobilitas,
992 922 1067 947 gene·
1130 916 1229 942 virides
1252 916 1402 950 generantia
1423 925 1505 943 ranas.
1572 918 1677 945 Sueton.
1692 920 1794 948 Neron.
1807 932 1827 948 c.
1842 931 1873 955 52.
1913 926 2014 952 Venere
2029 926 2058 952 in
2078 936 2171 954 manus

34 950 146 985 rosaque
159 951 269 977 nomina
288 950 369 978 Ouid.
377 949 455 984 Epist.
468 951 495 982 6,
510 957 556 982 ¹¹3-
627 948 790 976 Nominibus
802 956 916 974 auorum
929 951 1066 983 generosus
1085 961 1121 980 20
1131 959 1200 978 meas
1219 951 1357 985 pugillares
1375 952 1532 986 libellique,
1552 962 1612 979 cum
1632 955 1789 988 quibusdam
1808 958 1945 986 notissimis
1958 961 2075 988 versibus
2090 963 2171 996 iplius

34 984 110 1012 Idem
123 985 208 1012 Trist.
220 995 248 1019 4,
264 995 292 1019 4,
304 995 323 1012 1.
391 985 446 1012 Cic.
460 984 491 1011 dc
506 984 613 1011 Amicit.
627 993 661 1018 29
686 983 823 1011 Humilem
843 984 901 1010 sane
915 984 1067 1019 relinquunt
1129 986 1307 1020 chirographo
1320 986 1433 1021 scriptis:
1460 994 1489 1013 vt
1505 988 1583 1014 facile
1597 997 1736 1023 appareat,
1759 1000 1814 1018 non
1826 996 1979 1027 translatos,
1995 1003 2039 1023 aut
2055 998 2170 1025 dietante

34 1026 62 1046 et
74 1020 184 1047 minime
204 1022 356 1055 generosum
375 1023 420 1052 (vt
432 1021 469 1046 ita
479 1019 581 1052 dicam)
596 1021 693 1047 Ortum
712 1019 860 1051 amicitiae,
879 1028 959 1054 quam
978 1020 1010 1046 ab
1029 1021 1067 1047 in·
1129 1022 1220 1056 aliquo
1233 1028 1370 1056 exceptos,
1390 1022 1432 1049 sed
1444 1023 1520 1057 plane
1534 1023 1603 1057 quali
1618 1032 1632 1049 a
1651 1025 1783 1058 cogitante
1794 1033 1873 1061 atque
1886 1037 2024 1062 generante
2036 1039 2170 1060 exaratos:

34 1056 98 1090 opia
110 1062 188 1091 atque
200 1056 344 1091 indigentia
355 1056 424 1082 nasci
438 1056 541 1082 volunt.
612 1056 680 1081 Ortu
698 1060 816 1081 materno
829 1056 966 1088 generosus
985 1056 1065 1082 Ouid.
1130 1057 1166 1084 ita
1182 1058 1264 1084 inulta
1277 1064 1302 1083 et
1315 1057 1396 1084 deleta
1405 1078 1411 1089 ,
1429 1064 1455 1085 et
1469 1058 1592 1090 1111111613,
1611 1066 1636 1085 et
1649 1060 1821 1096 superscripta
1834 1063 1944 1090 inerant.

35 1092 100 1118 Met.
122 1100 156 1124 13,
170 1097 223 1125 148.
291 1093 350 1118 Pars
369 1091 486 1117 hominis
507 1090 657 1125 generofior
681 1089 801 1117 Prudent.
815 1090 875 1116 adu.
889 1091 1031 1121 symmach.
1046 1100 1066 1124 1,
1163 1099 1183 1119 G
1193 1099 1210 1118 E
1219 1100 1240 1119 N
1249 1099 1264 1118 Ε
1273 1099 1292 1118 R
1303 1099 1322 1118 Α
1334 1099 1355 1118 Τ
1366 1100 1385 1119 V
1395 1102 1406 1119 s
1415 1113 1424 1126 ,
1436 1103 1464 1125 a,
1474 1103 1529 1120 um.
1550 1095 1618 1121 Part.
1653 1094 1743 1122 Troia
1755 1104 1891 1130 generatus
1907 1100 2007 1127 Acestes
2022 1102 2096 1136 Virg.
2105 1104 2170 1131 Aen.

33 1135 72 1158 19.
92 1129 110 1152 i.
130 1130 221 1153 anima.
290 1126 398 1153 Pediora
421 1125 502 1153 Ouid.
519 1127 584 1152 Met.
605 1134 640 1156 12,
657 1134 710 1159 234.
781 1126 857 1160 Virg.
876 1126 972 1161 Georg.
992 1136 1014 1159 3,
1033 1134 1065 1162 75
1082 1136 1114 1163 25
1128 1134 1150 1161 5,
1164 1130 1192 1154 61
1212 1127 1328 1154 Mundus
1343 1129 1476 1163 semperne
1488 1129 1585 1160 fuerit,
1598 1130 1675 1156 nullo
1688 1138 1824 1165 generatus
1836 1140 1899 1160 ortu
1913 1136 1969 1161 Cic.
1982 1136 2014 1161 de
2023 1138 2103 1163 Vniu.
2116 1148 2170 1166 c.2.

34 1162 170 1188 Continuo
183 1162 286 1189 Pecoris
305 1162 422 1197 generosi
436 1162 520 1197 pullus
536 1161 563 1187 in
581 1161 651 1187 aruis
687 1159 773 1187 Audet
786 1167 811 1187 et
829 1162 921 1195 ignoto
933 1163 983 1188 sese
997 1171 1065 1188 com-
1129 1163 1232 1198 Species
1244 1163 1347 1189 arboris
1362 1173 1393 1190 ex
1407 1166 1449 1190 sua
1464 1164 1552 1191 radice
1566 1172 1702 1199 generatae
1724 1168 1797 1194 Curt.
1811 1177 1836 1200 9,
1850 1178 1870 1201 1,
1886 1178 1922 1197 10.

31 1197 139 1224 mittere
158 1203 249 1232 ponto.
318 1199 429 1225 Pomum
449 1195 668 1232 generoiiffimum
693 1196 824 1229 Qunffll.
843 1205 867 1230 5,
882 1206 912 1223 11.
982 1199 1065 1224 Pruna
1167 1203 1213 1225 GE
1224 1206 1245 1225 N
1254 1205 1270 1224 E
1280 1205 1298 1225 R
1307 1206 1358 1225 AT
1370 1206 1388 1224 v
1401 1206 1413 1225 S
1424 1220 1432 1232 ,
1450 1199 1488 1226 sis.
1508 1210 1542 1226 m.
1581 1201 1681 1235 Nepoti
1695 1204 1817 1229 tribuitur
1830 1205 1912 1231 Attici
1926 1214 1964 1239 pr.
1978 1215 1994 1235 a
2008 1207 2094 1233 Iacobo
2109 1209 2171 1235 Gro-

32 1231 114 1258 Ouid.
128 1233 192 1259 Met.
211 1241 245 1265 13,
258 1238 308 1263 818.
378 1232 460 1260 Pubes
479 1232 540 1258 Stat.
558 1231 625 1257 Silu.
644 1239 666 1264 ς,
686 1240 708 1263 3,
728 1234 784 1265 146.
855 1233 909 1259 Rex
927 1234 1065 1267 generosus
1128 1237 1216 1265 naulo,
1229 1237 1271 1270 qui
1289 1236 1327 1260 ita
1340 1235 1416 1270 legit,
1436 1236 1595 1270 Pomponius
1610 1237 1724 1268 Atticus,
1739 1237 1771 1264 ab
1791 1240 1896 1273 origine
1909 1241 2003 1268 vltima
2017 1242 2102 1276 stirpis
2117 1244 2171 1270 Ro-

27 1275 60 1300 ac
73 1272 180 1301 potens,
201 1271 219 1294 i.
239 1270 425 1305 Magnanimur.
462 1268 518 1300 Cic„
532 1266 584 1293 Off.
597 1275 621 1299 3,
634 1269 665 1296 86
685 1268 829 1302 Quinque.
845 1268 876 1294 de
890 1269 1003 1303 imperio
1011 1278 1066 1296 cer-
1128 1278 1234 1301 manae,
1254 1276 1378 1304 generatu
1399 1277 1525 1305 perpetuo
1539 1279 1553 1296 a
1570 1272 1718 1299 maioribus
1736 1280 1866 1308 acceptam
1885 1277 2032 1311 equestrem
2051 1279 2171 1305 obtinuit

32 1307 118 1330 nmen
133 1303 193 1329 effet
206 1312 265 1330 cum
279 1313 339 1339 rege
351 1303 477 1338 generoso
486 1309 564 1337 atque
594 1308 692 1329 otente.
763 1303 876 1338 Spiritus
889 1304 1004 1338 generosi
1018 1305 1065 1330 im-
1079 1316 1111 1341 30
1129 1305 1300 1345 dignitatem,
1321 1308 1339 1330 i.
1357 1309 1454 1341 generis
1467 1309 1521 1332 iure
1541 1316 1589 1332 non
1601 1311 1750 1343 interrupto.
1787 1310 1833 1336 Sed
1848 1314 1859 1336 i
1888 1321 1899 1337 e
1913 1312 2018 1347 fatetur
2031 1320 2169 1347 generatus

78 1342 136 1364 ator
152 1338 219 1364 Plin.
239 1344 263 1370 8,
276 1348 316 1371 41.
385 1339 465 1378 Stirps
476 1373 481 1378 .
492 1338 548 1364 Cic.
585 1346 599 1364 e
619 1337 690 1364 Clar-
711 1339 791 1379 Orat.-
805 1347 857 1371 213.
935 1340 1068 1380 Generosa
1129 1339 1172 1374 {He
1185 1340 1334 1379 mpmnibus
1348 1342 1422 1368 MSS.
1461 1343 1490 1368 Ει
1506 1341 1604 1368 uldetur
1619 1345 1702 1378 Nepos
1721 1353 1769 1370 non
1785 1351 1836 1372 tam
1862 1349 1935 1373 eriem
1947 1352 2045 1383 generis
2058 1349 2171 1376 indicare

0 1384 2 1391 ι
50 1372 68 1406 ,ᾗ
84 1381 115 1408 pe
135 1373 270 1407 profectus
287 1373 361 1400 Idem
374 1373 405 1399 de
418 1374 510 1400 Dium.
526 1382 536 1400 1
554 1382 575 1399 c.
592 1382 628 1400 12.
700 1373 806 1401 Titulis
826 1376 965 1409 generosus
988 1382 1067 1402 auitis
1129 1375 1242 1409 volume,
1258 1385 1328 1411 quam
1340 1375 1479 1410 modestiam
1491 1379 1584 1404 Attici.

0 1435 1 1438 ,
38 1406 95 1440 sm,
113 1408 176 1435 Silu.
194 1416 216 1441 5,
234 1417 260 1441 z,
280 1417 322 1435 22.
393 1409 477 1444 Virgo
500 1410 626 1444 generosa
648 1414 673 1435 et
695 1409 795 1436 nobilis
826 1412 882 1437 Cic.
899 1411 927 1436 in
940 1410 1029 1437 Parad.
1044 1420 1065 1443 3.
1166 1417 1421 1444 GENERASCO,
1448 1414 1501 1440 ere.
1538 1413 1694 1448 [γεννῶμοιι]
1730 1415 1833 1455 ξιιςτεῐ.
1858 1425 1881 1449 3,
1902 1420 1957 1452 746
1994 1418 2050 1444 Cur
2077 1419 2170 1446 omnia

37 1438 128 1471 Vinum
141 1444 208 1470 Hor.
222 1443 300 1478 Epist.
317 1452 337 1477 1,
352 1452 387 1478 15,
402 1450 437 1477 18.
473 1444 603 1471 Columel.
617 1453 640 1476 3,
654 1453 667 1470 2
689 1453 762 1471 vocat
775 1446 940 1472 Generosum
958 1447 1015 1474 vini
1032 1448 1068 1473 sa-
1129 1447 1255 1473 membris
1290 1447 1327 1473 Ex
1342 1447 1449 1474 incunte
1461 1456 1528 1474 aeuo
1541 1449 1723 1482 generascunt,
1736 1452 1913 1486 ingenioque?
1929 1456 1946 1478 i.
1961 1453 2123 1481 Generantur.

33 1487 130 1514 potem.
200 1479 281 1512 Qiod
298 1486 392 1506 natura
409 1480 480 1514 ipsa,
498 1486 523 1506 et
536 1479 665 1514 quaedam
683 1481 808 1514 generosa
826 1482 910 1507 virtus
927 1481 1013 1509 statim
1026 1491 1067 1509 re·
1083 1490 1111 1515 35
1165 1489 1416 1515 GENERAT10‚
1433 1484 1501 1510 onis.
1522 1483 1541 1510 f.
1563 1484 1700 1519 [γέννησις]
1736 1486 1803 1512 Plin.
1817 1495 1856 1520 10,
1869 1495 1900 1521 52
1916 1488 2060 1515 Generatio
2073 1490 2169 1516 auium

0 1526 3 1551 ζ
31 1514 98 1550 spuit
109 1514 164 1541 Cic.
172 1514 254 1541 Tuse.
268 1523 290 1546 2,
303 1517 340 1541 16.
411 1516 472 1541 Vua
489 1514 571 1541 Ouid.
580 1514 611 1540 de
624 1515 698 1541 Rem.
714 1516 806 1542 Amor.
820 1525 841 1548 2,
857 1520 912 1549 567.
1026 1545 1028 1547 .
1130 1517 1237 1552 simplex
1251 1517 1358 1544 videtur
1371 1519 1428 1546 effe.
1469 1519 1618 1545 Hominum
1631 1520 1669 1546 Id.
1686 1529 1718 1552 11,
1732 1523 1777 1555 64.

0 1554 3 1564 '
64 1555 85 1576 G
94 1556 112 1577 E
120 1557 142 1577 N
151 1557 168 1577 E
177 1556 196 1575 R
205 1552 246 1577 ds
255 1557 281 1577 E.
311 1549 379 1576 Adu.
420 1550 433 1582 [
444 1552 547 1583 γενναίως
559 1552 570 1583 ]
605 1550 692 1576 Perire
710 1551 859 1585 generosius
889 1553 957 1579 Hor.
976 1553 1066 1580 Carm.
1165 1559 1186 1578 G
1196 1560 1211 1579 E
1220 1560 1241 1578 N
1250 1560 1266 1579 E
1275 1560 1293 1579 R
1301 1560 1322 1580 A
1333 1560 1353 1580 T
1361 1560 1380 1580 ο
1390 1561 1408 1580 R
1416 1574 1425 1586 ‚
1445 1555 1508 1581 aris.
1534 1563 1569 1580 m.
1612 1555 1742 1589 [pawn-nis
1754 1558 1767 1590 ]
1803 1558 1884 1584 Aliud
1904 1558 2014 1585 Verbale,
2056 1560 2113 1586 cic.
2134 1559 2170 1586 de

0 1596 1 1602 ¹
29 1592 54 1618 1,
72 1592 120 1620 37,
138 1594 175 1612 21.
1128 1588 1252 1615 Vniuers.
1270 1597 1302 1621 34
1320 1598 1342 1615 c.
1362 1598 1384 1615 11
1422 1590 1502 1616 Nosse
1528 1596 1617 1616 autem
1639 1597 1806 1624 generatores
1831 1594 1889 1619 suos
1913 1594 2014 1627 optime
2039 1601 2169 1627 poterant.

1 1647 5 1652 ,
63 1626 85 1646 G
94 1627 111 1647 Ε
120 1628 142 1647 N
151 1627 166 1647 E
176 1626 242 1647 ROS
252 1617 324 1647 i‘TA
334 1626 346 1646 s
355 1639 363 1651 ‚
382 1619 438 1647 atis.
459 1619 479 1646 f.
513 1617 657 1655 [εὐανδρία]
696 1621 832 1648 Nobilitas.
868 1621 1000 1648 Columel.
1015 1632 1034 1655 3,
1047 1633 1066 1657 4
1128 1624 1264 1658 Equorum
1283 1630 1421 1658 generator
1433 1626 1562 1659 Agragas,
1581 1628 1600 1651 i.
1617 1629 1703 1660 patria
1715 1628 1883 1662 Agrigentum
1896 1629 1972 1662 Virg.
1986 1628 2053 1654 Aen.
2071 1637 2093 1660 3,
2105 1637 2170 1663 704.

28 1655 100 1682 Nam
120 1664 188 1690 quae
207 1655 294 1689 pretio
315 1660 402 1688 parata
420 1655 581 1690 disponitur,
601 1663 698 1682 certam
718 1656 896 1690 generositatis
915 1657 993 1684 fidem
1011 1667 1065 1684 non
1073 1664 1110 1689 40
1128 1661 1162 1686 It.
1176 1658 1333 1692 admiffizrius
1344 1658 1439 1693 afinus:
1459 1660 1524 1686 Plin.
1539 1665 1561 1690 ε,
1578 1669 1616 1693 44
1629 1661 1648 1686 s.
1661 1663 1695 1692 69
1706 1668 1770 1687 extr.

0 1700 5 1708 ν’
28 1690 116 1717 habet.
135 1691 164 1717 de
183 1693 265 1715 vinea.
293 1689 361 1716 ΑΜ.
376 1690 413 1716 ib.
430 1699 451 1716 c.
466 1699 488 1716 2.
542 1691 615 1717 Idem
629 1693 656 1723 6,
670 1694 707 1724 36,
723 1701 734 1722 3
763 1692 963 1727 Nonnunquam
980 1693 1065 1728 aliqui
1164 1701 1184 1720 G
1196 1700 1483 1721 ENERATORivs
1496 1714 1506 1727 ,
1532 1703 1547 1721 a
1559 1714 1569 1727 ,
1593 1703 1647 1720 um.
1690 1694 1750 1721 Adi.
1787 1695 1866 1721 More
1897 1695 2016 1723 Tertull.
2035 1696 2094 1723 adu.
2115 1698 2169 1724 Va-

28 1725 225 1760 generoiitatem
241 1725 311 1751 suam
323 1725 390 1752 natis
403 1725 539 1758 exhibent,
557 1727 741 1762 travufuridunt
754 1727 821 1762 quali
833 1731 859 1753 in
866 1728 973 1762 subolem
981 1729 1063 1763 stiam.
1127 1729 1189 1754 lent.
1209 1737 1230 1754 e.
1250 1737 1290 1759 27.

28 1761 199 1787 Surculorum
224 1760 318 1786 Pallad.
340 1769 372 1793 11,
389 1769 412 1793 3.
483 1762 646 1787 Generofitas
665 1761 837 1788 celeberrima
857 1763 971 1788 caecubo
997 1762 1062 1788 Plin.
1163 1768 1506 1794 GENERATOIUVM,
1526 1763 1545 1788 i.
1564 1771 1591 1787 n.
1630 1763 1746 1788 Facultas
1752 1763 1912 1798 procreandi.
1932 1765 2054 1793 Ambros.

28 1804 68 1828 14,
80 1797 106 1821 6.
175 1794 338 1821 Generositas
351 1795 433 1821 tauris
445 1795 481 1821 est
496 1796 524 1821 in
537 1796 640 1828 aspectu
659 1796 731 1820 Idem
747 1801 770 1826 8,
783 1804 824 1828 45.
1162 1802 1183 1821 G
1194 1802 1211 1821 Ε
1223 1802 1244 1820 Ν
1258 1802 1275 1821 E
1285 1802 1305 1822 R
1315 1803 1360 1822 ΑΒ
1370 1795 1405 1821 11.
1415 1805 1424 1822 1
1433 1804 1460 1827 s,
1486 1806 1509 1822 e.
1536 1797 1596 1823 Adi.
1639 1798 1652 1831 [
1659 1797 1784 1832 ymni-65]
1822 1800 1895 1834 Quod
1916 1800 1998 1835 facile
2027 1808 2171 1837 generatur.

58 1835 83 1855 G
93 1836 192 1855 ENER
202 1830 248 1855 Ᾰ1.
258 1836 266 1853 1
276 1836 305 1860 s,
326 1839 349 1855 e.
388 1828 449 1854 Adi.
484 1829 497 1861 [
509 1830 621 1861 ymno's]
657 1829 731 1862 and
750 1829 784 1854 ad
812 1828 915 1855 czanos
943 1832 1061 1863 pertinet.
1071 1837 1105 1863 45
1124 1830 1191 1856 Plin.
1206 1838 1229 1861 2,
1243 1836 1275 1862 45
1300 1830 1353 1856 Hie
1373 1831 1408 1856 est
1424 1831 1471 1857 ille
1484 1832 1642 1865 generabilis
1657 1842 1747 1860 rerum
1766 1840 1874 1861 naturae
1887 1836 2003 1869 spiritus.
2039 1837 2132 1863 Manil.
2146 1846 2169 1873 1,

26 1863 156 1898 Qtindfil.
170 1872 196 1895 9,
212 1871 221 1888 1
248 1863 383 1895 Quaedam
395 1871 426 1888 ex
447 1862 479 1888 iis
496 1863 592 1896 speeies
612 1862 688 1896 plane
702 1863 810 1893 distant,
835 1870 956 1890 manente
973 1870 1063 1890 tamen
1126 1873 1169 1898 143
1189 1864 1263 1898 Opus
1278 1866 1429 1899 generabile
1442 1866 1527 1901 fingit.

14 1899 141 1934 ¹generali
155 1898 201 1924 illa
213 1898 344 1923 societate.
415 1898 470 1924 Cic.
483 1897 535 1924 Off.
551 1906 569 1928 1,
582 1900 616 1930 96
629 1907 650 1923 c.
662 1905 696 1932 27
723 1898 852 1924 Gener-ale
870 1898 1002 1933 quoddam
1018 1900 1061 1926 de-
1161 1905 1182 1925 G
1191 1907 1208 1926 E
1217 1906 1238 1925 N
1249 1907 1265 1926 E
1275 1907 1293 1927 11
1302 1902 1325 1927 A
1337 1907 1359 1927 Τ
1370 1908 1389 1928 R
1399 1909 1408 1927 1
1418 1909 1436 1928 x
1445 1921 1453 1933 ,
1473 1902 1531 1928 icis.
1556 1902 1577 1929 f.
1611 1903 1701 1937 Pomp.
1716 1903 1787 1930 Mela
1800 1913 1819 1936 1,
1832 1910 1902 1939 9pr.

26 1939 116 1964 eorum
132 1933 305 1966 intelligimus
314 1953 322 1965 ,
339 1932 411 1967 quod
430 1933 459 1959 in
477 1933 552 1959 omni
569 1932 702 1959 honestate
714 1935 842 1960 versatur.
915 1935 1003 1961 Genus
1018 1944 1061 1969 ge-
1161 1941 1182 1962 G
1192 1941 1208 1961 Ε
1218 1943 1240 1971 N
1250 1942 1267 1961 Ε
1276 1943 1297 1962 Τ
1306 1943 1329 1962 Α
1350 1942 1450 1963 ΜΑΝΑ
1461 1955 1469 1968 ,
1499 1936 1553 1963 vid.
1574 1944 1599 1962 Μ
1608 1945 1629 1963 Α
1639 1945 1661 1963 Ν
1670 1946 1691 1964 Α
1705 1939 1754 1974 ficb
1774 1946 1799 1965 M
1807 1947 1829 1966 A
1840 1947 1861 1965 N
1872 1947 1882 1965 1
1892 1947 1923 1966 Α.

16 1969 111 1998 vnei-ale
125 1970 182 2000 Sen.
197 1968 275 2002 Epist.
290 1973 326 2000 58.
346 1972 365 1995 i.
383 1968 595 2003 generaliffimum.
666 1969 810 1994 Trastatus
828 1969 955 2002 generalis
975 1972 1060 2003 Qiin-
1159 1968 1235 1996 GEN
1248 1968 1267 1996 ἔ
1276 1977 1415 1998 TYLLls
1431 1990 1438 2002 ,
1461 1971 1520 1997 i'dis.
1550 1971 1571 1997 f.
1607 1974 1705 1999 Dianae
1736 1975 1866 2009 appellatio
1897 1975 1964 2010 apud
1986 1977 2053 2003 Hor.
2074 1978 2164 2005 Carm-

27 2005 80 2034 ἂ11.
94 2014 116 2037 2,
128 2015 154 2038 4.
227 2004 282 2030 Cic.
295 2004 327 2029 de
343 2004 445 2030 Inuent.
462 2013 482 2036 1,
499 2012 526 2030 10
540 2012 561 2030 e.
574 2009 587 2034 8
615 2005 706 2037 Quini
720 2004 751 2030 dc
769 2013 864 2038 genere
877 2005 979 2038 negotii
999 2015 1060 2032 con·
1068 2012 1101 2038 ςο
1121 2005 1190 2031 Saec.
1205 2007 1232 2031 16
1248 2011 1276 2032 vt
1290 2005 1330 2031 ibi
1341 2007 1403 2042 legit
1415 2008 1539 2033 Bentleius
1552 2015 1602 2042 pro
1618 2011 1719 2044 vulgato
1732 2010 1874 2036 Genitalis:
1895 2011 1937 2036 vbi
1951 2020 1980 2036 ex
1993 2012 2067 2038 §uida
2079 2020 2103 2038 ct
2115 2015 2166 2040 He-

27 2040 149 2070 trouerfia
163 2039 213 2070 est,
232 2038 386 2065 constitutio
399 2039 527 2073 generalis
542 2045 660 2065 vocatur.
1115 2040 1206 2075 ,bachio
1219 2041 1308 2076 probat
1323 2051 1371 2067 non
1391 2043 1492 2068 Veneris
1499 2043 1594 2077 Jblum,
1609 2044 1655 2079 sed
1668 2046 1764 2070 Dmnae
1779 2049 1852 2070 etiam
1871 2045 1994 2078 Ilithyiae
2014 2048 2058 2073 hec
2078 2059 2164 2075 nomen

0 2084 5 2101 ¹.
60 2082 137 2104 ,GEN
147 2080 193 2102 ER
204 2082 226 2101 A
236 2081 252 2100 1.
264 2073 330 2101 i'TE
340 2081 368 2101 R.
389 2074 456 2101 Adu.
490 2075 620 2110 [γενικῶς]
657 2075 747 2101 Omnia
760 2073 836 2109 simul
848 2075 895 2110 fiab
909 2084 956 2102 vno
973 2085 1061 2111 genere
1114 2075 1208 2111 susse,
1233 2085 1278 2111 quo
1295 2080 1368 2102 etiam
1394 2077 1462 2112 ustam
1479 2084 1556 2112 putat
1569 2078 1779 2112 Porphyrionem
1795 2080 1829 2106 ad
1842 2081 1908 2107 Hor.
1930 2081 1947 2107 l.
1961 2090 1983 2108 c.
2002 2090 2025 2109 cc
2045 2083 2116 2110 Seru.
2131 2083 2166 2110 ad

30 2109 209 2149 complcflendo.
257 2110 322 2136 Plin.
336 2110 413 2144 Epist.
430 2119 451 2142 1,
464 2115 477 2140 8
502 2110 603 2137 Notare
624 2110 790 2144 generaliter.
828 2111 884 2137 Cic.
903 2110 936 2137 de
954 2112 1059 2137 Inuent.
1124 2111 1197 2144 Virg.
1212 2111 1264 2137 Ecl.
1284 2119 1311 2143 4.

34 2144 96 2182 1¹,39
113 2156 134 2174 c.
154 2148 188 2173 26
225 2146 295 2173 Nam
318 2146 402 2180 ipsum
424 2145 531 2180 quidem
553 2145 710 2180 generaliter
731 2145 841 2172 definire
854 2165 861 2176 ‚
886 2144 995 2172 difficile
1015 2146 1060 2172 est.
1159 2151 1275 2177 GENS,
1296 2145 1388 2179 gentis.
1409 2145 1428 2172 f.
1465 2146 1564 2180 [3²⁹0ss
1584 2149 1681 2184 φύλον]
1716 2160 1731 2177 a
1745 2151 1833 2177 Genus
1846 2151 1989 2184 deducitur,
2002 2159 2023 2178 v
2038 2155 2113 2180 litera
2126 2154 2166 2180 de-

0 2201 3 2204 .
35 2182 155 2218 Qrinffil.
172 2190 192 2214 1,
205 2190 218 2215 5
237 2182 362 2216 Accipere
382 2181 548 2215 generaliter.
619 2181 675 2208 Sen.
687 2180 767 2214 Epist.
782 2185 809 2213 58
833 2181 913 2214 Qiod
933 2181 1060 2220 generali·
1077 2189 1104 2215 ςς
1120 2177 1221 2206 natta.-
1243 2182 1338 2212 Natio,
1352 2181 1439 2220 Plures
1453 2183 1557 2209 eiusdem
1575 2189 1682 2221 originis
1695 2193 1719 2211 ct
1732 2194 1834 2213 naturae
1846 2188 1962 2215 homines.
1979 2198 2003 2214 υ.
2017 2198 2042 2224 g.
2055 2190 2083 2215 de
2100 2191 2165 2215 Tro-

34 2224 73 2250 ter
89 2217 135 2250 est,
151 2225 273 2252 tanquam
286 2217 367 2243 homo
381 2216 524 2250 generalis,
538 2216 585 2242 sub
599 2217 689 2243 oculos
705 2225 759 2241 non
773 2217 861 2242 venit:
885 2216 927 2241 sed
942 2216 1060 2250 specialis
1121 2217 1187 2241 ianis
1204 2217 1266 2242 Iuno
1277 2216 1343 2251 apud
1356 2217 1429 2251 Virg.
1443 2218 1506 2244 Aen.
1524 2228 1542 2250 1,
1557 2228 1585 2254 71
1611 2222 1680 2247 Gens
1694 2221 1802 2248 inimica
1816 2222 1886 2248 mihi
1901 2222 2075 2254 Tyrrhenum
2091 2226 2166 2251 naui-

6 2259 9 2277 !
31 2253 115 2284 venit,
133 2259 162 2280 vt
182 2254 277 2279 Cicero
297 2259 324 2279 et
343 2252 417 2279 Cato.
488 2252 669 2284 Generaliter,
688 2254 728 2277 cui
746 2254 878 2285 opponitur
898 2251 1060 2285 Specialiter.
1122 2258 1165 2284 gat
1178 2259 1288 2286 aequor.
1359 2252 1481 2280 ponamus
1491 2255 1533 2281 hic
1546 2263 1601 2281 ante
1614 2260 1696 2282 omnia
1708 2256 1865 2289 dabir-inam,
1879 2267 1894 2283 a
1909 2262 2007 2294 „sigonio
2016 2263 2166 2294 pracsertim

30 2284 84 2325 le.
98 2289 126 2315 in
140 2289 157 2315 1.
177 2288 203 2315 Si
216 2288 275 2322 quis
289 2287 357 2314 mihi
377 2285 400 2324 §.
415 2296 424 2314 1
445 2287 477 2314 de
489 2287 647 2322 acquirenda
666 2286 828 2318 hereditate,
845 2286 894 2312 Sed
914 2294 1000 2313 verum
1017 2296 1060 2322 ge·
1117 2287 1267 2322 propositam
1281 2286 1315 2314 ad
1322 2288 1377 2314 Liu.
1393 2299 1409 2324 4
1418 2295 1461 2324 pr.
1478 2296 1502 2316 et
1514 2293 1542 2316 in
1555 2290 1598 2318 lib.
1613 2291 1641 2317 de
1650 2293 1873 2319 NominibusRom.
1910 2295 2001 2327 Nempe
2015 2301 2080 2321 mter
2096 2296 2165 2321 Gen-

28 2324 147 2352 neraliter
160 2332 329 2358 quaecunque
343 2323 395 2350 tibi
410 2322 540 2349 hereditas
554 2323 636 2349 fuerit
648 2323 747 2354 delata,
762 2331 795 2348 an
808 2322 971 2356 specialiter?
985 2324 1060 2349 Pom·
1123 2328 1189 2354 tem,
1203 2330 1225 2349 et
1239 2323 1377 2350 Familiam
1392 2325 1455 2351 illud
1466 2325 1565 2359 interest
1574 2337 1585 2355 ‚·
1601 2327 1667 2362 quod
1683 2336 1745 2360 gens
1758 2327 1792 2353 ad
1802 2337 1885 2354 nomen
1894 2345 1901 2358 ,
1915 2328 2017 2355 familia
2032 2329 2066 2356 ad
2078 2340 2165 2367 cogno-

0 2375 8 2391 η
26 2361 117 2395 penius
132 2360 159 2386 in
172 2359 188 2385 1.
204 2359 320 2393 Q1intus
334 2359 366 2385 D.
385 2359 418 2385 de
436 2367 501 2385 auro
519 2364 545 2385 et
563 2364 673 2392 argento
685 2358 788 2392 legato,
806 2357 921 2384 Multum
935 2359 1007 2384 enim
1022 2359 1060 2385 in·
1069 2363 1104 2388 60
1122 2367 1177 2384 men
1190 2359 1310 2394 refertur.
1334 2362 1417 2395 itaque
1436 2360 1479 2386 illa
1497 2368 1615 2397 tanquam
1629 2369 1706 2388 totum
1722 2366 1846 2389 continere
1865 2363 1977 2395 videtur,
1991 2365 2049 2391 haec
2062 2367 2165 2400 quodam

6 2404 8 2427 ι
25 2396 108 2426 terest,
126 2395 284 2430 generaliter
298 2403 330 2420 an
343 2394 489 2428 specialiter
500 2394 564 2420 haec
577 2394 705 2428 legentur.
743 2393 850 2427 leian.
865 2393 892 2419 in
907 2393 923 2420 1.
939 2403 947 2420 1
963 2392 986 2431 §.
1001 2404 1061 2429 pen·
1123 2394 1192 2420 modo
1200 2402 1308 2429 partem.
1344 2396 1453 2430 Exempli
1465 2399 1567 2432 gratia,
1585 2397 1686 2423 Valerii
1701 2407 1781 2424 omnes
1795 2401 1868 2424 onius
1880 2398 1923 2432 esth
1936 2400 2018 2433 gentis
2038 2400 2164 2432 dicmuur,

5 2429 7 2456 l
24 2431 118 2458 ultimo
131 2432 162 2457 D.
174 2431 206 2457 de
220 2431 280 2457 dote
293 2430 420 2463 relegata,
433 2428 503 2455 Mela
516 2428 621 2459 scribit,
635 2428 652 2454 fi
667 2427 761 2454 fundus
780 2430 807 2454 in
821 2428 909 2455 dotem
923 2430 1021 2463 fuerit,
1036 2436 1062 2457 ct
1123 2433 1181 2465 quia
1195 2439 1242 2456 vno
1257 2433 1351 2456 nomine
1365 2434 1521 2458 continentur
1533 2441 1621 2459 omnes.
1642 2439 1669 2458 at
1688 2443 1745 2460 vero
1755 2441 1840 2468 partes
1852 2437 1935 2469 gentis
1951 2435 2023 2462 huius
2035 2436 2098 2469 siant
2109 2438 2164 2471 plu-

6 2468 7 2474 *
23 2466 169 2502 specialiter
188 2465 217 2492 lit
236 2466 349 2499 legatus,
367 2473 429 2490 mox
449 2465 609 2498 generaliter
621 2464 669 2490 dos
680 2465 808 2497 relegata:
826 2473 881 2490 non
899 2465 952 2496 bis,
967 2465 1009 2492 sed
1025 2467 1060 2492 se·
1122 2474 1178 2497 res,
1198 2475 1257 2500 quae
1275 2475 1304 2491 ex
1318 2469 1487 2502 cognominum
1508 2471 1630 2494 varietate
1642 2466 1775 2500 distinctae
1786 2469 1866 2503 fimt,
1885 2478 1969 2504 eaeque
1983 2470 2101 2496 familiae
2120 2480 2163 2497 no-

21 2503 74 2529 mel
87 2500 179 2528 deberi
199 2501 318 2526 fundum.
354 2499 428 2526 Idem
442 2499 500 2526 inl.
515 2508 524 2526 1
539 2500 566 2526 in
580 2500 662 2534 princ.
680 2500 711 2527 D.
733 2500 765 2526 de
776 2500 900 2532 iniuriis,
914 2501 1014 2528 Iniuria
1028 2511 1060 2528 ex
1122 2504 1267 2533 minantur,
1284 2508 1314 2527 vt
1337 2505 1364 2526 in
1388 2509 1459 2537 gente
1481 2502 1586 2528 Valeria
1607 2503 1736 2533 Maximi,
1755 2503 1900 2534 Messallae,
1920 2504 2020 2534 Flacci,
2039 2506 2162 2540 Laeuini,

0 2552 1 2558 =
24 2546 57 2564 eo
70 2537 139 2563 dieta
152 2536 204 2568 est,
218 2535 289 2570 quod
302 2543 355 2561 non
367 2535 425 2562 iure
439 2534 477 2561 fit.
514 2536 599 2562 Omne
617 2536 688 2562 enim
703 2535 774 2569 quod
793 2545 846 2562 non
862 2536 919 2562 iure
934 2536 978 2571 fit,
992 2537 1059 2564 iniu-
1074 2536 1104 2568 65
1124 2537 1262 2563 Faltones:
1297 2540 1324 2563 in
1339 2537 1463 2563 Cornelia
1476 2538 1625 2571 Scipiones,
1644 2538 1765 2570 Lentuli,
1786 2538 1953 2571 Dolabellae,
1974 2540 2076 2572 Sullae,
2096 2541 2162 2568 Cin-

23 2573 64 2601 ria
77 2572 136 2599 fieri
149 2571 256 2598 dicitur.
292 2571 350 2597 Hoc
367 2570 534 2605 generaliter.
569 2571 720 2606 Specialiter
738 2577 825 2597 autem
844 2571 943 2598 iniuria
964 2572 1062 2600 dicitur
1123 2580 1185 2597 nae:
1226 2575 1253 2597 in
1273 2572 1387 2598 Aemilia
1407 2572 1565 2598 Mamercini
1578 2591 1586 2603 ‚
1620 2572 1729 2606 Lepidi,
1760 2573 1861 2605 Paulli,
1887 2575 1993 2609 Scauri,
2018 2576 2162 2603 Barbulae:

23 2607 192 2635 contumelia.
228 2606 322 2641 Rurfiu·
336 2605 371 2632 id.
390 2607 450 2632 inl.
464 2615 473 2633 1
485 2605 509 2643 §.
527 2607 583 2639 Qui
602 2607 779 2641 quaestionem
801 2608 832 2633 D.
853 2608 884 2633 de
903 2608 1061 2641 quaestioni.
1122 2608 1229 2640 Itemque
1245 2609 1273 2631 in
1292 2610 1404 2632 caeteris.
1430 2613 1458 2632 at
1477 2616 1534 2632 vero
1547 2607 1648 2633 Valerii
1667 2617 1747 2633 omnes
1764 2612 1840 2634 onius
1856 2608 1914 2642 sunt
1933 2610 2026 2643 gentis.
2056 2615 2161 2647 itemque

22 2644 87 2675 bus,
105 2643 160 2677 Qui
173 2642 352 2677 quaestionem
367 2641 504 2668 habiturus
518 2642 568 2673 est,
583 2651 638 2668 non
657 2641 735 2668 debet
754 2642 898 2676 specialiter
917 2644 1061 2676 interroga·
1122 2640 1244 2667 Cornelii
1260 2648 1333 2675 atque
1351 2642 1462 2667 Aemilii
1483 2644 1565 2677 itaque
1589 2641 1655 2669 reeh
1667 2643 1754 2669 Festus
1772 2643 1796 2669 h.
1813 2653 1839 2670 υ.
1867 2651 1969 2678 gentem
1992 2645 2077 2681 definit
2099 2656 2161 2680 cam,

21 2689 69 2713 re,
86 2688 119 2706 an
138 2678 235 2705 Lucius
254 2677 349 2704 Titius
364 2676 544 2706 homicidium
561 2677 669 2703 fecerit:
697 2676 741 2703 sed
760 2677 932 2711 generaliter,
953 2678 1011 2710 quis
1033 2677 1060 2703 id
1122 2684 1188 2709 quae
1201 2684 1233 2701 ex
1255 2676 1346 2701 multis
1359 2677 1470 2702 familiis
1489 2676 1672 2704 conficeretur.
1707 2678 1780 2713 ‚Qtod
1798 2686 1877 2705 autem
1895 2678 1995 2713 intercst
2014 2685 2080 2708 inter
2100 2692 2162 2716 gen-

22 2715 124 2742 ἣρω-ῖς,
1068 2718 1103 2745 70
1122 2717 1190 2743 tem,
1205 2718 1236 2748 'et
1248 2711 1393 2742 familiam,
1413 2712 1476 2738 idem
1495 2711 1596 2745 intertst
1613 2716 1680 2739 inter
1692 2722 1783 2749 genus,
1796 2722 1819 2740 ee
1831 2712 1946 2749 stirpem.
1983 2717 2050 2751 Qae
2064 2718 2162 2753 quidem

59 2746 359 2779 GENERALi'TAs,
377 2747 434 2774 atis.
453 2747 473 2774 f.
515 2746 677 2780 Vniuerfitas.
713 2747 791 2773 Mart.
807 2748 905 2780 Capeti.
927 2755 945 2779 4
970 2757 994 2781 p.
1015 2757 1061 2774 100
1122 2749 1160 2772 ita
1172 2744 1230 2778 estc,
1245 2756 1273 2772 ex
1287 2746 1327 2772 his
1345 2754 1452 2773 veterum
1472 2747 1555 2773 verbis
1571 2748 1730 2783 intelligitur.
1767 2749 1803 2774 Ex
1821 2756 1897 2783 gente
1909 2751 2028 2778 Domitia
2047 2752 2111 2779 duae
2124 2754 2163 2781 fa-

6 2776 7 2784 *
22 2786 168 2814 Hominem
180 2794 194 2811 a
212 2784 381 2819 generalitate
399 2783 573 2810 animantium
588 2783 742 2809 discernere.
785 2783 842 2809 isid.
857 2783 1001 2815 symmach.
1015 2784 1059 2817 Ep.
1123 2781 1213 2807 miliae
1234 2781 1400 2814 claruerunt,
1419 2782 1594 2809 Caluinorum
1612 2789 1638 2809 et
1656 2783 1877 2811 Aenobarborum
1900 2786 2006 2813 Sueton.
2021 2788 2087 2814 Ner.
2106 2798 2126 2814 c.
2142 2797 2162 2815 1.

24 2829 48 2855 2,
60 2830 104 2856 90.
146 2819 209 2854 Voſj:
223 2819 251 2846 de
262 2821 292 2846 L.
306 2820 335 2846 L.
347 2828 372 2851 3,
385 2829 419 2851 13.
1125 2816 1199 2843 Idem
1207 2817 1235 2842 in
1243 2817 1319 2843 Galb.
1333 2826 1373 2849 c.3
1401 2818 1531 2852 Imagines
1544 2818 1658 2845 vniuerfi
1674 2819 1776 2853 generis
1791 2820 1887 2855 exequi
1899 2821 2007 2856 longum
2021 2822 2071 2855 est,
2085 2824 2163 2850 fami-

60 2864 81 2885 G
90 2864 106 2884 E
116 2857 247 2884 ΝΕΚᾸΤ
257 2863 266 2881 1
275 2862 308 2882 Μ.
329 2854 396 2881 Adu.
422 2853 507 2889 [necrol
526 2855 599 2889 γένη]
637 2852 791 2890 Perfingula
802 2863 892 2889 gatru-1
901 2874 908 2885 ,
922 2853 985 2888 quod
996 2853 1060 2879 idem
1121 2852 1172 2878 liae
1186 2851 1306 2879 breuiter
1324 2853 1459 2887 attingam.
1515 2854 1571 2887 Qui
1589 2855 1690 2888 primus
1703 2855 1881 2890 Sulpiciorum
1901 2866 2048 2892 cognomen
2061 2859 2164 2886 Galbae

24 2894 99 2925 valet,
111 2902 139 2919 ac
152 2894 313 2918 recentiorum
324 2890 485 2933 specialiter,
504 2891 544 2916 uel
553 2896 598 2924 per
609 2888 722 2925 singulas
735 2890 837 2924 species.
876 2890 948 2921 Via-g.
962 2890 1059 2923 Geor-g.
1073 2895 1105 2922 75
1122 2888 1200 2920 111111,
1217 2897 1280 2920 cur,
1305 2893 1349 2928 aut
1365 2888 1433 2915 vnde
1454 2891 1580 2921 traxerit,
1600 2890 1752 2925 ambigitur.
1813 2892 1872 2918 Liu.
1894 2898 1937 2924 38,
1959 2898 1986 2925 58
2003 2900 2043 2928 pr.
2073 2895 2162 2929 Scipio

27 2936 54 2961 2,
72 2936 97 2961 35
135 2928 224 2961 Qare
248 2926 316 2960 agite
336 2935 353 2952 0
375 2926 498 2960 proprios
514 2924 658 2959 generatim
680 2924 771 2951 discite
799 2925 883 2951 cultus
914 2925 1061 2955 Atricolae.
1123 2923 1216 2950 Nasica
1243 2929 1392 2950 orationem
1412 2924 1506 2951 habuit
1529 2925 1632 2959 plenam
1658 2927 1729 2952 veris
1748 2926 1886 2953 decoribus
1911 2937 1964 2953 non
1982 2931 2162 2959 communiter

25 2963 101 2990 van.
115 2963 146 2990 de
159 2962 270 2996 Analog.
284 2970 300 2987 2
319 2961 382 2988 Non
396 2961 424 2987 in
435 2961 588 2987 volucribus
601 2961 743 2994 generatim
752 2961 867 2986 seruatur
880 2961 1007 2991 analogia,
1016 2967 1059 2987 etc.
1122 2958 1263 2985 Corneliae
1277 2959 1370 2993 gentis
1389 2960 1432 2985 sed
1444 2961 1552 2994 proprie
1566 2960 1683 2987 familiae
1697 2962 1765 2988 suae.
1820 2962 1893 2988 Idem
1902 2963 1971 2989 Suet.
1981 2964 2050 2990 Caes.
2064 2974 2086 2991 c.
2096 2968 2112 2992 6
2131 2975 2161 2991 ex·

30 2994 98 3024 Suet.
109 2998 136 3024 in
148 2998 230 3033 Calig.
243 3006 266 3024 c.
281 3005 307 3022 22
331 2992 440 3023 Hostiae
460 2996 607 3030 generatim
622 2995 797 3022 immolantur
811 3005 858 3030 per
872 2996 983 3029 singulos
997 2996 1059 3022 dies.
1122 2997 1232 3020 oratione
1246 2994 1321 3030 ipstus
1334 2995 1461 3030 Caesaris,
1483 2995 1524 3022 Ab
1538 2996 1613 3022 Anco
1627 2997 1728 3023 Marcio
1748 2998 1806 3023 sunt
1820 2998 1915 3024 Marcii
1929 2999 2026 3033 Reges,
2039 3009 2096 3034 quo
2113 3010 2162 3027 no-

33 3030 89 3057 eic·
101 3032 171 3060 3²³⁶·
183 3043 210 3067 4,
222 3042 255 3068 47
281 3033 414 3067 Exponam
433 3032 514 3066 igitur
526 3031 670 3066 generatim
683 3038 832 3065 argumenta
846 3040 948 3058 coium.
1010 3032 1060 3058 Ge.
1123 3029 1195 3055 mine
1208 3030 1260 3056 fuit
1274 3035 1371 3059 maten
1391 3039 1405 3056 a
1417 3031 1522 3058 Venere
1533 3032 1605 3062 Iulii,
1619 3032 1693 3058 cuius
1705 3034 1789 3066 gentis
1802 3033 1903 3059 familia
1917 3034 1952 3059 est
1966 3034 2060 3060 nostra.
2088 3037 2118 3061 Et
2131 3035 2159 3062 in

6 3081 14 3099 1*
33 3060 143 3093 neratim
153 3075 174 3094 et
186 3068 314 3099 Confiise,
326 3067 441 3095 videntur
454 3070 581 3093 contraria
595 3066 666 3093 Idem
681 3066 760 3093 Acad.
774 3076 802 3100 4,
814 3075 860 3102 47.
931 3067 1061 3094 Nomina·
1080 3072 1114 3098 80
1124 3065 1229 3098 August.
1244 3073 1290 3091 αα.
1314 3065 1383 3090 Gens
1391 3065 1501 3092 Ot‘lauia
1513 3076 1527 3093 a
1536 3067 1691 3102 Tarquinio
1705 3068 1790 3094 Prisco
1804 3073 1865 3101 rege
1879 3069 1948 3094 inter
1957 3070 2084 3095 Romanas
2099 3079 2160 3104 gen.

6 3111 9 3129 1
32 3101 82 3128 tim
93 3108 116 3127 ct
127 3101 270 3131 Generatim
279 3123 287 3136 ,
299 3106 428 3131 contraria
447 3101 484 3129 Id.
498 3104 551 3129 Att.
567 3111 597 3131 11.
610 3105 627 3129 6
638 3109 680 3137 pr.
749 3103 890 3128 Contraria.
911 3103 966 3129 Cic.
981 3104 1059 3129 Verr.
1122 3106 1160 3127 tes
1172 3100 1279 3131 1111εὸ13,
1299 3109 1362 3126 mox
1377 3109 1391 3127 a
1404 3101 1458 3127 Ser.
1470 3102 1567 3129 Tullio
1580 3103 1650 3129 inter
1669 3104 1788 3137 patricias
1801 3103 1927 3129 tradutiia.
1951 3104 2050 3138 primus
2066 3113 2097 3131 ex
2111 3105 2159 3132 hac

33 3145 60 3168 2,
74 3143 117 3170 137
134 3136 200 3165 Nam
216 3145 244 3166 vt
257 3139 360 3174 publice
379 3139 499 3166 ciuitates
517 3138 578 3165 istos
591 3137 707 3164 honores
721 3137 831 3164 habent:
851 3143 895 3164 aut
914 3138 1059 3170 generatim
1121 3136 1299 3169 magistratum
1321 3137 1389 3170 cepit
1407 3138 1437 3163 C.
1460 3138 1552 3164 Rufus.
1600 3139 1624 3164 Is
1641 3138 1802 3172 quaestorius
1817 3139 1932 3170 Cneum,
1945 3145 1971 3165 et
1984 3140 2077 3165 Caium
2099 3149 2160 3175 pro-

32 3171 170 3203 homines,
185 3180 213 3200 vt
228 3181 356 3206 aratores,
375 3182 405 3201 vt
422 3181 596 3207 mercatores,
614 3180 643 3200 vt
663 3173 828 3204 nauiculaiii.
906 3174 1059 3200 Generatim
1122 3171 1236 3204 creauit,
1257 3180 1271 3198 a
1286 3172 1382 3206 quibus
1395 3172 1490 3207 duplex
1503 3173 1676 3200 O&auiorum
1697 3174 1798 3199 familia
1813 3172 1936 3205 deduxit,
1951 3175 2104 3202 conditione
2119 3175 2159 3202 di..

32 3205 169 3234 distributi
179 3206 207 3233 in
218 3209 333 3238 ciuitates
345 3211 417 3238 Caes.
432 3210 461 3237 B.
475 3210 507 3236 G.
522 3218 548 3244 7,
563 3218 599 3242 19.
653 3210 789 3243 Qaerere
802 3208 902 3243 aliquid
915 3210 1060 3242 generatim
1121 3207 1203 3233 versa.
1259 3207 1314 3233 Cic.
1329 3208 1356 3233 in
1369 3208 1441 3234 Brut.
1455 3210 1485 3234 62
1505 3209 1635 3235 Funebres
1655 3209 1788 3235 orationes
1803 3209 1872 3242 ipsae
1890 3209 2009 3236 familiae
2032 3210 2100 3245 quali
2115 3220 2159 3238 or-

32 3242 91 3269 Cic.
102 3241 135 3267 de
142 3242 214 3268 Orat.
227 3251 252 3276 2,
263 3253 306 3277 42-
375 3246 449 3273 Idem
460 3245 492 3272 de
499 3246 573 3272 Orat.
587 3254 612 3277 2,
626 3253 672 3277 ¹42
691 3244 739 3271 Sed
753 3245 815 3271 haec
828 3245 928 3271 Crassus
942 3244 1059 3278 aliquan·
1075 3247 1103 3275 85
1121 3248 1243 3270 namenta
1257 3242 1395 3269 seruabant
1407 3243 1438 3269 ad
1452 3244 1543 3277 vsum,
1563 3244 1579 3270 ii
1594 3245 1653 3278 quis
1668 3244 1784 3270 eiusdem
1798 3244 1901 3278 generis
1912 3246 2050 3272 occidisset.
2096 3247 2158 3273 Liu.

32 3274 68 3304 do
80 3276 157 3303 nobis
176 3278 305 3311 expediet,
328 3286 354 3308 et
372 3287 488 3316 exponet
505 3280 630 3314 descripta
647 3280 799 3314 generatim.
873 3280 976 3306 Lucret.
994 3289 1013 3311 1,
1029 3288 1058 3305 21
1121 3286 1146 3310 9,
1160 3286 1193 3310 29
1212 3278 1358 3305 Duodecim
1372 3279 1528 3306 Potitiorum
1542 3279 1655 3305 familias
1668 3279 1755 3312 fuifl‘e,
1775 3288 1857 3313 quum
1871 3288 1931 3314 gens
1944 3281 2039 3307 Potitia
2051 3287 2106 3308 tota
2118 3282 2158 3308 in-

32 3312 68 3339 ad
84 3313 211 3342 Venerem,
227 3311 325 3347 EfficiS‚
336 3322 364 3343 vt
375 3317 469 3352 cupide
480 3316 624 3351 generatim
639 3316 716 3342 saecla
730 3321 880 3350 propagent.
941 3314 1058 3341 Laetam.
1121 3314 1204 3339 teriit.
1240 3315 1270 3340 Et
1286 3322 1305 3345 1,
1320 3322 1332 3346 3
1340 3320 1384 3354 pr.
1413 3312 1479 3340 Iulia
1499 3323 1559 3348 gens
1573 3315 1660 3340 Iulum
1676 3314 1811 3341 auctorem
1830 3315 1870 3341 sui
1888 3316 2003 3342 nominis
2017 3323 2158 3351 nuncupat.

33 3348 67 3375 de
79 3347 153 3382 Opis.
166 3346 216 3373 Dei
229 3348 246 3372 6
268 3348 398 3378 Prouismn
412 3352 448 3379 est
462 3353 491 3378 in
510 3352 615 3386 singulis
626 3351 774 3386 quibusque
787 3349 913 3384 fingendis
932 3366 977 3370 —
997 3359 1059 3384 qua·
1122 3350 1153 3374 Et
1166 3356 1193 3383 7,
1208 3357 1234 3381 32
1248 3356 1312 3375 extr.
1326 3350 1363 3383 fic
1381 3350 1490 3384 loquitur
1509 3351 1622 3376 Valerius
1636 3351 1742 3381 Coruus,
1767 3351 1830 3377 Non
1840 3370 1847 3382 ‚
1868 3350 1885 3377 fi
1901 3352 1967 3377 1111111
1986 3361 2086 3378 nouum
2108 3353 2159 3379 hoc

31 3389 107 3410 tenus
120 3382 250 3417 adiugatis
262 3385 414 3416 corporibus
428 3388 494 3415 elata
515 3388 617 3414 soboles
636 3387 769 3413 vniuersas
787 3386 932 3420 generatim
955 3386 1059 3421 (secun-
1121 3385 1207 3410 Corui
1225 3393 1371 3419 cognomen
1389 3385 1441 3411 diis
1460 3384 1612 3411 auctoribus
1625 3386 1746 3411 homines
1760 3385 1881 3418 dedistis,
1901 3387 2093 3421 Poplicolarum
2114 3397 2159 3414 ve-

32 3419 89 3446 dum
102 3427 190 3455 genera
195 3417 265 3453 sua)
278 3420 436 3450 conseruaret
453 3424 607 3450 animantes.
643 3423 717 3457 Saepe
735 3425 773 3448 ita
785 3421 934 3449 Columella
951 3430 976 3447 υ.
990 3431 1013 3458 g.
1035 3430 1058 3455 2,
1072 3432 1107 3456 90
1120 3420 1216 3446 tullum
1235 3421 1337 3447 nostrae
1357 3420 1474 3447 familiae
1494 3429 1640 3454 cognomen
1660 3421 1789 3447 memoria
1806 3421 1915 3447 excellit.
1957 3424 1987 3448 Et
2006 3432 2052 3457 40,
2067 3433 2104 3457 44
2114 3431 2158 3459 pr.

31 3462 68 3488 13,
82 3462 108 3488 7·
127 3462 149 3486 3,
164 3461 201 3485 ¹02
216 3461 231 3479 2
244 3458 288 3478 2²⁶·
358 3455 361 3458 ⁴
474 3456 495 3494 q
517 3468 531 3485 2
566 3459 735 3490 Generatim,
749 3464 797 3493 pro
813 3459 972 3484 Generaliter.
1002 3457 1059 3482 Cic.
1120 3456 1184 3481 Inde
1203 3465 1349 3490 cognomen
1368 3456 1486 3482 familiae
1504 3456 1636 3487 inditum,
1656 3462 1683 3483 vt
1695 3456 1806 3482 Annales
1825 3456 2024 3490 appellarentur.
2060 3459 2157 3485 Catuli.

12 3508 15 3509 ν
32 3490 64 3517 de
75 3491 149 3517 Orat.
165 3497 188 3521 2,
202 3496 237 3521 42
262 3486 398 3519 Infinitum
415 3492 480 3520 mihi
497 3494 604 3521 videtur
619 3493 646 3520 id
664 3493 767 3525 dicere,
786 3494 814 3519 in
827 3502 879 3528 quo
893 3491 995 3526 aliquid
1014 3501 1057 3526 ge·
1119 3491 1232 3524 Epithal.
1245 3492 1293 3517 Iul.
1307 3498 1333 3518 et
1348 3491 1429 3517 Mani.
1444 3492 1462 3517 s.
1476 3493 1520 3523 60,
1534 3499 1577 3523 213
1601 3492 1665 3518 Non
1684 3492 1758 3517 decet
1777 3497 1830 3517 tam
1848 3497 1922 3518 vetus
1940 3492 1993 3519 fine
2006 3493 2097 3520 liberis
2109 3503 2158 3521 no-

29 3526 142 3552 neratim
157 3529 341 3559 quaereretur,
355 3523 403 3551 hoc
415 3528 506 3560 modo,
525 3530 706 3564 Expetendane
724 3529 783 3555 esset
800 3528 966 3563 eloquentia,
980 3536 1055 3561 expe-
1119 3535 1178 3551 men
1194 3527 1256 3557 esse,
1276 3530 1294 3552 i.
1314 3534 1365 3553 tam
1379 3534 1482 3552 vetsrem
1493 3534 1603 3563 gentem,
1618 3528 1699 3562 qualis
1716 3533 1769 3553 erat
1782 3527 1890 3553 Manlia.
1925 3528 2039 3563 Qidfit
2051 3535 2157 3563 gentem

25 3561 136 3588 dendiue
150 3559 273 3586 honores.
343 3558 414 3585 Idem
426 3561 475 3588 Att.
491 3573 523 3596 11,
537 3568 553 3591 6
573 3566 607 3591 Vt
621 3574 677 3591 non
692 3564 864 3595 nominatim,
877 3564 924 3597 (v.
937 3572 961 3599 g.
975 3565 1001 3588 in
1016 3563 1056 3589 Ci-
1118 3563 1159 3586 vel
1170 3562 1209 3587 ius
1222 3563 1305 3596 gentis
1318 3562 1421 3591 habere,
1436 3565 1524 3596 optime
1535 3563 1685 3598 intelligitur
1699 3571 1728 3587 ex
1741 3561 1846 3595 gentilis
1858 3561 2013 3598 definitione,
2033 3573 2103 3600 quam
2116 3565 2158 3592 de-

31 3597 157 3629 ceronem)
175 3595 218 3621 sed
238 3593 381 3628 generatim
401 3595 446 3627 (v.
459 3606 483 3631 g.
495 3601 521 3624 in
535 3602 713 3635 pompeianos)
727 3600 885 3634 proscriptio
898 3599 957 3626 effet
972 3598 1056 3623 infor·
1071 3605 1102 3630 95
1119 3598 1175 3621 inde
1189 3597 1274 3623 damus
1286 3598 1310 3624 h.
1324 3607 1349 3623 υ.
1361 3607 1372 3623 e
1387 3598 1442 3624 Cic.
1457 3598 1557 3631 Topic.
1573 3606 1606 3629 29
1618 3608 1640 3623 c.
1652 3600 1675 3623 6.
1710 3597 1782 3623 Idem
1797 3596 1829 3623 de
1843 3597 1936 3632 Legib.
1952 3607 1971 3630 1,
1986 3608 2012 3631 23
2026 3609 2048 3626 c.
2064 3610 2076 3633 7
2091 3608 2157 3629 extr.

30 3637 107 3658 mata.
161 3632 192 3657 Ee
205 3629 237 3656 de
251 3631 323 3656 Orat.
339 3637 357 3659 1,
372 3631 415 3659 186
433 3631 537 3666 Aliquid
549 3637 693 3669 generatim
704 3644 872 3669 componere.
942 3634 1013 3660 Caes.
1027 3634 1055 3660 Β.
1118 3632 1153 3657 Vt
1167 3631 1288 3659 homines
1302 3633 1420 3659 Deorum
1438 3634 1592 3666 agnatione,
1608 3638 1634 3658 et
1652 3638 1728 3665 geute
1747 3638 1892 3660 teneantur.
1928 3634 2025 3662 Similia
2038 3635 2109 3662 habet
2123 3635 2156 3662 de

31 3668 62 3694 C.
81 3675 104 3700 3,
123 3675 152 3699 32
188 3665 273 3692 Multa
294 3670 428 3699 praeterea
449 3670 589 3699 generatim
608 3671 640 3698 ad
665 3671 805 3698 auaritiam
830 3668 1054 3703 excogitabantur.
1118 3667 1239 3693 Vniuers.
1253 3677 1274 3694 c.
1290 3677 1311 3694 11
1332 3669 1374 3694 obi
1387 3668 1506 3694 homines
1521 3668 1636 3693 Deorum
1650 3666 1720 3701 quali
1733 3668 1853 3701 gentiles.
2007 3668 2029 3708 ff
2047 3679 2063 3697 2
2103 3673 2156 3697 Na-

28 3702 101 3730 Idem
115 3702 143 3728 B.
157 3702 187 3729 C.
202 3710 268 3733 2521
294 3699 424 3727 Omnibus
443 3703 582 3734 generatim
598 3706 692 3740 gratias
710 3715 795 3741 agere.
867 3706 922 3732 Cic.
937 3706 1012 3731 Verr.
1033 3712 1055 3736 5,
1116 3704 1195 3727 tiones
1208 3702 1255 3737 sub
1269 3703 1353 3730 Gente
1370 3703 1539 3738 comprehendi
1556 3709 1673 3737 apparet,
1686 3702 1738 3728 uid.
1752 3703 1842 3729 Tacit.
1856 3704 1945 3731 Germ.
1959 3714 1985 3738 2,
1998 3708 2023 3732 6.
2079 3706 2155 3732 Non-

31 3746 77 3771 142
97 3738 167 3764 Nam
183 3736 246 3771 quid
259 3744 308 3770 ego
329 3735 361 3761 de
382 3735 490 3762 caeteris
502 3736 599 3765 ciuium
611 3741 790 3768 Romanorum
809 3740 940 3776 suppliciis
961 3739 1055 3773 sigilla.
1117 3745 1251 3771 nunquam
1275 3744 1364 3765 tamen
1385 3739 1456 3765 idem
1479 3737 1603 3771 fignificat
1622 3743 1780 3773 Vtrumque,
1792 3746 1821 3765 vt
1835 3739 1903 3766 Tae.
1919 3741 2008 3774 Agric.
2021 3749 2057 3770 12,
2069 3749 2078 3765 1
2092 3746 2116 3765 et
2129 3749 2154 3768 2.

29 3773 78 3800 tim
89 3773 190 3807 potius,
208 3780 285 3807 quam
300 3771 443 3805 generatim
456 3777 534 3805 atque
552 3774 672 3802 vniuerse
684 3777 795 3812 loquar?
865 3777 959 3802 Dicere
980 3784 1054 3809 gene·
1062 3785 1109 3803 100
1117 3772 1190 3806 Conf-
1217 3773 1321 3799 Her-ald.
1339 3781 1364 3800 et
1389 3772 1545 3805 Elmcnhorlt'.
1566 3773 1599 3798 ad
1618 3772 1718 3800 Arnob.
1734 3781 1778 3809 pr.
1813 3775 1883 3801 Gens
1899 3780 1973 3802 etiam
1992 3777 2067 3801 latius
2102 3781 2154 3800 atet

29 3808 106 3836 ratim
123 3816 190 3843 quae
208 3807 323 3833 maxime
341 3813 403 3833 nota
421 3807 478 3832 sunt
495 3807 551 3832 Cic.
568 3807 596 3834 in
614 3809 697 3838 Pison.
711 3818 739 3845 ες
758 3823 779 3839 c.
793 3819 829 3845 33.
901 3811 1056 3837 Generatim
1116 3816 1188 3842 quam
1202 3810 1326 3843 populus,
1340 3809 1393 3835 vid.
1408 3809 1466 3835 Liu.
1479 3816 1508 3840 4,
1520 3815 1556 3840 49
1564 3814 1608 3843 pr.
1629 3815 1653 3834 et
1671 3811 1695 3841 6,
1712 3817 1736 3835 12
1745 3816 1789 3845 pr.
1826 3811 1899 3846 Conf.
1921 3813 2025 3836 Gronau.
2040 3808 2074 3834 ad
2114 3809 2153 3835 iu.

29 3845 118 3870 omnia
132 3842 254 3877 ample&i
268 3843 340 3870 Idem
354 3842 386 3868 de
398 3842 499 3868 Inuent-
514 3850 540 3873 Ζ,
554 3846 580 3871 18
594 3851 616 3868 c·
630 3851 652 3875 5-
719 3848 759 3874 Ab
778 3847 899 3874 vniuersa
914 3846 1055 3880 prouincia
1117 3851 1138 3875 5,
1152 3851 1191 3874 34.
1259 3844 1327 3870 Gens
1341 3852 1390 3879 pro
1405 3845 1504 3878 Populis
1522 3844 1629 3878 aliquam
1646 3848 1768 3880 regionem
1788 3846 1957 3872 incolentibus.
1993 3844 2057 3883 sliu.
2078 3852 2115 3878 12,
2134 3851 2153 3878 7

27 3881 221 3914 generatimque
234 3888 248 3904 a
261 3878 367 3913 singulis
381 3878 437 3904 eius
450 3876 568 3911 partibus
581 3875 701 3911 diligitur
714 3881 752 3908 Id.
766 3884 840 3909 Verr.
853 3891 879 3915 2,
893 3886 943 3913 168.
1003 3882 1053 3908 Ge.
1117 3879 1265 3911 Vtrumque
1278 3878 1391 3906 iiluestre
1409 3878 1529 3912 gentibus
1544 3878 1595 3905 suis
1607 3878 1658 3912 est,
1677 3886 1702 3906 et
1720 3887 1808 3907 tamen
1821 3881 1935 3915 pondere
1954 3885 2051 3904 emitur
2063 3885 2093 3918 vt
2106 3888 2152 3905 au-

26 3916 137 3942 nei-atim
148 3920 177 3954 ft
192 3914 338 3948 specialiter
348 3917 448 3949 opponit
463 3913 568 3939 Colum.
584 3920 605 3944 3,
618 3920 643 3945 9,
656 3921 682 3946 9.
706 3917 736 3941 it.
751 3925 785 3950 12,
797 3927 822 3949 2,
836 3926 858 3949 3.
1115 3922 1175 3940 rum
1189 3914 1229 3939 vel
1243 3921 1387 3948 argentum.
1408 3915 1436 3940 de
1456 3921 1558 3948 utroque
1569 3917 1664 3949 pipere.
1731 3917 1787 3942 Cic.
1802 3917 1873 3942 Fam.
1890 3923 1923 3946 15,
1939 3922 1947 3938 1
1970 3915 2003 3939 Vt
2018 3922 2152 3947 opprime-

58 3956 79 3978 G
88 3956 132 3977 EN
141 3956 158 3978 E
167 3956 186 3977 R
195 3956 213 3977 ο
222 3969 232 3983 ,
253 3953 305 3977 are.
341 3948 464 3984 [γενναίων]
499 3949 619 3984 GIgnere,
632 3954 772 3984 procreare.
806 3952 863 3980 Cic,
876 3952 905 3980 in
917 3953 1006 3981 Partit.
1020 3958 1099 3986 82105
1117 3955 1208 3977 rentur
1221 3948 1251 3981 ii,
1266 3949 1313 3984 qui
1326 3959 1366 4011 ei}
1371 3949 1486 3976 Cilicum
1498 3955 1575 3984 gente
1586 3951 1615 3977 in
1627 3951 1707 3978 armis
1720 3951 1833 3979 fuiffent.
1902 3948 1968 3976 Plin.
1983 3953 2006 3980 8,
2020 3948 2150 4009 25ethin

1305 3992 1320 4019 5
1401 3993 1415 4011 ²
2086 3992 2148 4016 gens
