2479 4225
298 197 366 239 843
677 178 716 220 G
800 178 831 217 R
915 154 965 213 E‘
1232 190 1237 192 >
1771 168 1810 210 G
1890 168 1923 209 R
2003 167 2042 210 v
2346 145 2445 225 84⁴4&-

299 273 405 302 TheOd·
421 271 497 299 Prisc·
512 278 537 301 ¹⁹
548 277 569 303 3·
630 269 688 296 Vid.
708 273 775 294 CRE
785 272 808 291 Μ
818 272 827 291 1
838 269 858 289 Α
869 269 885 288 ¹⁴
895 269 904 288 ¹
914 269 927 289 S
941 255 989 299 fi‘b
1005 266 1050 290 CR
1059 265 1076 289 Ε
1086 265 1113 288 Μ
1124 263 1155 289 0·
1222 259 1329 289 COMWP
1425 265 1446 290 G
1455 267 1475 290 R
1486 266 1505 289 0
1519 265 1532 289 s
1542 268 1557 289 1>
1567 265 1587 287 H
1597 265 1655 291 vs,
1676 259 1695 286 i.
1714 267 1750 286 m.
1789 257 1881 292 Hastae
1893 257 1982 294 cuspis.
2018 257 2145 294 Grosphis
2160 258 2230 285 rasus
2253 257 2355 285 arnob.
2369 258 2387 285 l.
2398 261 2435 290 6.i;

300 309 412 346 quaedam
427 309 585 339 Martinius,
603 306 669 332 nihil
679 306 792 330 extricat·
1389 298 1437 326 Sed
1449 300 1522 325 aliter
1537 296 1645 336 Elmcnhz
1657 302 1681 321 et
1693 296 1791 330 reliqui.
1835 294 1892 336 Vid.
1905 296 2015 320 Laemar.
2023 300 2052 328 p.
2060 304 2101 321 200
2114 294 2182 321 med.
2196 294 2236 330 fi.
2249 294 2355 320 Tornis
2361 291 2451 322 rasam*

335 349 355 370 G
365 350 384 370 R
393 350 408 369 Ε
417 350 442 369 Μ
452 351 460 369 1
471 348 490 368 o
502 362 510 374 ‚
531 346 583 368 are.
619 342 648 367 In
662 339 780 374 gremium
791 335 908 368 accipssre.
944 332 1048 359 Cathol.
1427 339 1448 360 G
1458 341 1477 360 R
1487 341 1504 360 o
1514 341 1527 360 s
1537 341 1548 360 s
1558 339 1578 358 v
1589 340 1601 358 s
1610 352 1618 363 ,
1638 340 1655 357 1.
1673 339 1709 357 m.
1732 337 1756 356 et
1775 330 1795 355 f.
1833 329 1970 370 [ὂᾈυνθος]
2025 331 2127 369 Dicitur
2145 331 2231 369 Ficus,
2249 337 2308 365 quae
2320 329 2439 365 nondum,

335 383 357 404 G
366 386 384 404 R
394 384 409 403 Ε
420 386 432 405 S
442 384 453 403 s
463 385 484 404 V
494 383 522 410 s,
557 376 609 402 vid.
630 381 649 400 G
659 380 676 397 R
685 379 705 397 Α
714 378 732 397 D
744 376 763 395 V
776 375 798 394 S·
1390 372 1519 395 maturuit.
1586 367 1652 394 Cels.
1667 374 1695 398 5,
1715 373 1739 391 12
1771 364 1855 391 Groffi
1868 374 1896 392 m
1908 374 1975 399 aqua
1988 364 2066 390 coen.
2136 364 2201 391 le.
2217 373 2242 396 15
2251 384 2260 396 ‚
2276 369 2300 393 18
2330 364 2434 398 Depress-v

335 419 356 439 G
366 421 385 440 R
394 420 410 440 E
419 421 454 445 x,
475 411 567 447 gregis.
601 418 633 435 m.
653 408 692 432 vel
704 414 770 430 com.
786 412 843 437 gen.
858 437 865 443 .
880 403 994 437 [ἀγέλῃ
1012 402 1116 436 ποίμνη]
1150 407 1180 428 vt
1193 400 1331 436 obseruauit
1354 409 1369 435 ς
1391 403 1533 439 hensasque
1546 403 1574 429 in
1589 403 1629 429 his
1643 402 1730 429 hieme
1739 400 1844 435 grossbs.
1913 400 1987 427 Idem
2000 399 2067 426 alibi
2081 407 2116 432 23,
2128 408 2141 432 7
2167 399 2269 427 Crudae
2281 398 2356 434 grossi
2369 398 2445 430 ver-'52-

300 448 406 475 Nonius
420 457 431 480 3
457 451 539 479 1091'n
553 447 652 471 Lucret.
667 449 689 472 2,
702 442 748 466 661
774 440 950 473 Buceriaequc
963 448 1063 474 greges.
1106 439 1209 472 Legitur
1221 443 1244 461 et
1258 436 1329 462 Grex
1391 448 1464 466 ωερε
1485 439 1591 466 sonunt,
2186 444 2191 448 .
2427 467 2429 470 .

301 484 401 510 Russ'ata
408 469 523 516 Inscript.
533 482 606 506 Grut.
626 483 649 502 et
661 476 731 501 Grex
744 474 887 501 Veturiana
901 477 927 500 in
941 482 1073 501 marmore
1086 473 1170 498 Patau.
1185 481 1199 497 a
1210 470 1330 497 Reinesio
1429 480 1451 500 G
1461 481 1526 501 Ros
1536 472 1577 501 355
1585 480 1600 498 t.
1613 478 1634 497 v
1645 480 1674 504 3,
1695 472 1713 498 i,
1730 480 1765 497 m,
1802 470 1901 497 Djmjn,
1937 470 2083 504 [mistim]
2120 468 2439 506 ςοιῃωξχ,(]ε,.1,.ι,ω.ἥ,έ,Ἰ

301 518 438 546 illustrato.
490 518 530 543 Sic
549 517 618 539 etiam
636 510 758 536 interdum
778 513 805 535 ὑὶ
818 510 894 537 MSS·
916 510 970 536 vid.
985 511 1072 536 Burm·
1084 507 1117 533 fid
1127 506 1209 534 Ouid·
1223 506 1286 532 Met.
1302 514 1331 537 3,
1392 518 1413 536 c.
1426 518 1453 535 21
1485 510 1512 536 Si
1526 509 1598 536 voles
1612 507 1690 533 ficum
1704 506 1822 542 quamuis
1837 515 1892 532 non
1902 511 1994 533 natura
2007 507 2089 532 seram
2102 505 2201 537 facere,
2225 513 2307 539 quum
2319 504 2449 538 gross‘ulw

301 560 351 588 585.
388 553 498 588 suist-irc
505 554 605 583 oportet,
622 548 720 571 imitari
728 555 775 571 non
782 544 962 581 consultumest.
1017 542 1057 577 Est
1064 550 1141 569 autem
1150 543 1219 568 Grex
1227 544 1332 567 omnium
1393 544 1493 571 minuti
1505 550 1596 575 erunt,
1620 543 1736 569 fsuffium
1750 541 1875 568 decumo,
1948 542 1951 543 ’
2444 563 2445 572 ¹

300 591 441 616 animalium
454 585 615 619 congregatim
671 580 907 613 Ouid-Met-4‚635
928 579 1003 606 Mille
1011 588 1098 614 greges
1108 578 1158 610 illi,
1167 577 1333 610 totidemque
1347 587 1377 606 10
1428 585 1449 605 G
1460 586 1547 606 Ross
1557 586 1576 604 v
1587 586 1616 610 s,
1635 587 1666 610 a,
1685 587 1737 605 um.
1774 577 1833 603 Adi.
1870 575 1976 610 Craffls.
2018 577 2073 603 Vox
2086 572 2302 609 ecclefiasticorum.
2343 574 2413 601 Vesti
2442 576 2453 593 Ἃ

299 630 468 656 armentaper
475 619 565 645 herbas
573 616 717 642 Pascebant.
770 616 940 649 Cic-Att.7,7
958 615 1030 642 Idem
1044 613 1115 649 quod
1129 612 1246 648 pecudes,
1267 620 1333 646 quae
1395 614 1503 648 grofflor
1526 615 1623 648 Sulpic.
1638 614 1696 640 Seu.
1710 613 1741 639 de
1755 613 1853 639 Virtut.
1867 612 1989 638 Monach.
2003 612 2106 639 Orient.
2116 619 2126 637 1
2139 618 2204 637 c.21.
2238 609 2307 636 Add.
2321 609 2418 644 Vulgat
2454 638 2455 641 Ἴ

301 660 433 693 dispulsae,
451 653 598 687 suigeneris
613 652 755 686 sequuntur
768 660 873 686 greges,
891 656 919 677 vt
933 650 981 676 bos
993 657 1124 677 armenta:
1159 648 1190 675 sic
1206 656 1266 682 eg0,
1285 653 1331 673 etc.
1394 649 1485 677 Ezech.
1501 658 1549 683 41,
1569 658 1608 682 25.
1643 652 1673 674 it.
1688 648 1824 683 Augustin.
1880 649 1949 674 Hinc
1962 650 2034 673 etiam
2048 647 2152 672 Numus
2166 645 2264 680 grossus
2270 644 2374 681 solidm.

300 695 421 721 Anatium
438 697 526 723 greges
555 689 642 714 Varro
656 687 687 714 de
702 688 731 713 R·
747 687 777 713 R.
792 695 812 718 3,
827 695 858 718 11,
874 694 891 713 Ι.
945 687 988 713 ΑΙ.
1007 687 1127 712 Anatum·
1203 684 1331 710 Anserum
1429 691 1450 712 G
1461 692 1481 711 R
1492 691 1512 711 0
1523 692 1586 712 SSA
1597 692 1614 711 R
1624 692 1632 709 1
1643 690 1684 710 VS
1698 703 1707 716 5
1739 692 1770 716 a,
1802 692 1856 710 um.
1912 681 1973 709 Adi·
2033 682 2180 707 Groffariae
2196 680 2259 707 artis
2279 680 2411 715 negotiato
2443 686 2456 710 (ιζ

299 737 386 764 greges
407 725 478 751 Idem
493 723 557 750 ibid.
572 732 595 755 3,
609 731 646 748 10.
714 723 769 749 Cic.
785 721 898 756 Philipp.
911 729 939 753 3,
953 730 976 753 31
1008 721 1101 749 Caedit
1115 728 1203 754 greges
1221 719 1331 745 Armen-
1390 720 1509 755 Inscript,
1522 727 1562 755 ap.
1574 720 1686 746 Dilherr.
1700 718 1773 754 ΟΜ).
1791 720 1822 745 T.
1832 720 1886 755 Ip.
1896 722 1938 752 67.
1979 718 2022 744 ΑΙ.
2038 716 2177 751 prosariae.
2272 750 2278 755 ·
2422 721 2449 754 32·

298 771 383 791 torum
396 760 546 794 reliquique
559 757 841 793 pecorisquodcunque
854 756 945 782 nae'ms
958 756 1002 782 est.
1074 757 1172 782 Auium
1180 763 1242 788 grex
1264 754 1331 779 Hor.
1347 758 1373 784 15
1429 761 1480 784 GR
1489 762 1508 783 0
1517 762 1530 783 s
1539 763 1571 783 sl
1581 761 1603 782 T
1615 761 1662 781 VD
1672 759 1707 787 ο,
1726 754 1787 780 inis,
1806 754 1827 781 f,
1882 753 1988 788 Vulgat.
2002 753 2095 780 Igu-em,
2107 758 2146 786 52,
2158 759 2193 779 21,
2225 750 2306 778 Solm,
2319 758 2391 784 043,
2419 753 2449 785 a«,

297 797 371 831 Epist.
388 804 407 826 1,
420 804 442 827 3,
458 803 494 828 19.
565 794 619 820 Cic.
634 794 708 819 Verr.
721 801 741 824 1,
754 797 784 821 28
797 801 818 818 c.
827 801 855 817 10
885 792 1019 817 Praeterea
1031 800 1122 827 greges
1135 799 1260 825 equarum
1275 789 1332 814 eius

295 833 372 859 istum
386 830 530 865 abigendos
545 829 647 855 curasse.
707 827 860 853 Haedorum
874 835 936 861 grex
956 827 1031 861 Virg.
1041 828 1091 853 Ecl.
1101 835 1124 857 2,
1138 835 1176 858 30.
1228 824 1331 851 Ouium
1786 827 1816 858 G
1893 826 1922 861 R
1999 825 2030 856 V
2338 821 2344 826 '
2423 830 2455 860 ,μζ

296 866 425 894 Columel.
439 874 464 900 7,
480 874 502 897 3,
516 873 554 897 ¹4·
627 864 762 889 Pauonum
776 871 865 897 greges
890 862 975 888 Varro
989 861 1020 888 de
1034 862 1064 889 R.
1078 863 1109 889 R.
1123 871 1145 894 3,
1158 863 1181 887 6.
1253 860 1331 886 Peco-
2428 858 2446 893 “,ζ

294 911 354 930 rum
368 910 430 936 grex
453 899 534 927 Ouid.
547 900 610 925 Met.
626 907 648 925 11
661 918 669 931 ,
684 901 741 933 276.
815 898 885 924 Grex
904 897 993 923 Totus
1010 897 1038 923 in
1056 898 1126 931 agris
1145 897 1226 923 Vnius
1244 895 1330 921 scabie
1428 901 1588 930 GRVMA,
1607 896 1661 932 siue
1678 902 1729 923 GR
1740 901 1760 923 o
1772 902 1844 927 MA,
1868 904 1907 922 ae.
1944 895 1964 923 f.
2020 896 2087 923 Nam
2105 901 2208 931 vtroque
2219 893 2287 921 modo
2296 890 2455 930 scribitur-''‘¹

294 938 363 964 cadit
376 943 401 963 et
414 936 550 971 porrigine
565 934 639 969 porci
669 933 785 960 quenal.
798 942 830 965 2,
845 942 885 966 79.
975 933 1079 967 Agitare
1096 932 1226 967 lanigeros
1241 938 1330 965 greges
1340 937 1375 956 20
1392 931 1464 959 Non.
1474 942 1493 965 1,
1504 935 1546 965 316
1563 932 1596 966 est
1609 933 1730 959 Mensura
1744 930 1882 966 quaedam,
1901 940 1953 966 qua
1967 930 2018 958 fixa
2033 931 2092 958 viae
2105 931 2138 958 ad
2151 931 2247 957 lineam
2260 930 2413 964 diriguntur
2447 938 2449 941 ’

294 974 371 1007 Virg-
384 973 480 1006 Georg-
493 979 515 1003 3,
529 975 586 1004 287·
657 969 771 996 Caedere
786 977 892 1004 greges,
923 967 977 994 vid.
997 973 1014 994 C
1026 974 1047 994 Α
1056 975 1073 994 Ε
1082 974 1137 995 Do.
1207 965 1330 1000 Compel—
1391 973 1420 994 vt
1433 968 1469 994 est
1481 968 1688 1002 agrimensorum
1698 988 1706 1001 ,
1726 974 1751 993 et
1764 967 1897 993 similium.
1968 967 2066 994 Ennius
2090 976 2114 999 17
2144 967 2243 993 Gruma
2257 965 2372 999 dirigere
2389 963 2423 990 di.
2443 973 2445 978 ⁴

295 1009 350 1035 lere
362 1016 452 1042 greges
467 1008 496 1033 in
507 1014 589 1032 vnum
616 1004 690 1039 Virg.
703 1004 755 1030 Ecl.
769 1011 794 1038 7,
806 1013 827 1030 2.
897 1003 1073 1030 Armenticius
1082 1023 1091 1036 ‚
1114 1002 1166 1030 vid.
1181 1009 1201 1028 Α
1211 1009 1228 1028 R
1238 1009 1261 1028 Μ
1272 1009 1288 1028 E
1296 1008 1330 1027 N·
1391 1003 1441 1029 xit.
1495 1004 1568 1039 Conf.
1586 1010 1605 1030 D
1613 1010 1629 1030 E
1641 1009 1661 1030 G
1669 1011 1688 1030 R
1697 1011 1717 1029 V
1727 1010 1751 1029 M
1760 1009 1788 1029 Ο.
1838 1003 1879 1029 Sic
1891 1002 1990 1034 Festus,
2009 1003 2099 1029 Genus
2107 1002 2271 1028 machinulae
2285 998 2428 1033 cuiusdam,
2443 1001 2451 1031 ,⁴

299 1049 397 1072 TVM.
467 1042 594 1076 Magnus,
631 1043 649 1066 i·
671 1041 816 1072 Armentum
849 1039 923 1073 Virg.
939 1039 990 1065 Ecl.
1011 1041 1043 1070 6,
1063 1047 1100 1072 55.
1171 1037 1331 1070 Milliarius,
1391 1038 1445 1073 quo
1458 1039 1586 1073 Regiones
1605 1039 1662 1074 agri
1681 1039 1806 1073 cuiusque
1826 1037 1948 1072 cognosci
1968 1039 2087 1072 possunt,
2112 1036 2184 1072 quod
2207 1036 2301 1063 Graeci
2321 1035 2410 1068 γνώμαν
2439 1055 2444 1063 ,

295 1079 348 1106 vid·
369 1086 394 1105 M
404 1085 413 1103 ῐ
424 1084 440 1103 1.
451 1084 467 1103 L
478 1084 503 1104 E·
575 1075 667 1102 CUstOS
682 1074 783 1109 gregis,
801 1076 885 1110 01)ῐῖῘο
907 1075 981 1108 Visg·
997 1073 1047 1100 Ed·
1061 1083 1102 1105 10,
1113 1076 1153 1106 36·
1206 1075 1243 1100 De
1257 1076 1331 1099 maio·
1391 1074 1488 1107 dicunt.
1542 1076 1579 1101 De
1589 1075 1634 1101 hoc
1647 1073 1810 1107 Infit-umento
1830 1075 1908 1099 multa
1922 1073 2023 1109 Saimas
2038 1073 2071 1099 ad
2089 1073 2165 1101 Solin.
2172 1079 2201 1108 ρ.
2216 1081 2265 1107 472
2271 1071 2330 1107 sqq.
2359 1073 2428 1098 cuia,
2444 1099 2446 1103 ‚

294 1115 364 1141 ribus
380 1113 525 1140 animalibus
538 1111 598 1143 dici,
614 1118 664 1136 tum
672 1111 802 1146 Juperiora
816 1109 931 1145 quaedam
939 1110 1041 1141 docent,
1059 1116 1110 1135 tum
1120 1107 1183 1141 zfla:
1219 1110 1330 1135 Varron.
1341 1110 1372 1136 2-5
1390 1109 1507 1148 quaedam
1520 1110 1629 1136 emendat
1641 1111 1750 1137 Schclius
1763 1113 1790 1135 in
1804 1109 1940 1143 Hyginum
1955 1109 2137 1135 Gromaticum
2150 1117 2175 1142 p.
2188 1110 2220 1140 56
2227 1128 2235 1140 ,
2253 1111 2356 1142 itemque
2370 1106 2426 1132 Goe·
2447 1111 2455 1119 ‘·

295 1150 328 1176 de
342 1150 372 1175 R.
382 1150 412 1175 R.
427 1157 457 1180 2,
472 1156 484 1180 5
517 1147 624 1173 Tauros
637 1146 664 1171 in
677 1154 781 1180 gregem
795 1145 897 1179 redigo.
969 1146 999 1171 Et
1012 1144 1087 1179 Virg.
1100 1144 1152 1170 Ecl.
1170 1146 1202 1176 6,
1224 1151 1251 1176 55
1278 1145 1329 1169 Aut
1382 1147 1437 1179 Jms
1452 1144 1508 1171 Ind.
1521 1145 1652 1181 agrimens.
1665 1145 1690 1172 h.
1699 1155 1724 1171 v.
1782 1145 1858 1171 Nihil
1869 1151 1948 1170 autem
1960 1147 2053 1171 certius
2066 1142 2114 1176 esf,
2133 1153 2203 1179 quam
2215 1152 2267 1169 eum
2281 1142 2445 1178 vsumprae.¹

294 1186 409 1219 aliquam
424 1184 451 1209 in
467 1191 560 1216 magno
576 1181 694 1215 sequitur
706 1189 791 1215 grege.
828 1180 921 1207 dicitur
934 1180 962 1205 de
974 1184 1081 1206 iuuenco.
1142 1180 1189 1205 Vbi
1209 1179 1328 1205 Seruius:
1381 1179 1554 1215 stitiffizfisam
1564 1190 1673 1217 gromam
1687 1179 1850 1215 mensoribus,
1875 1183 1920 1214 qui
1937 1179 1994 1205 inde
2014 1179 2162 1206 Gromatici
2180 1176 2245 1205 dieb·
2258 1177 2335 1213 sune,
2361 1175 2449 1212 quem&

294 1219 448 1247 Notandum
461 1219 573 1251 Gregem
587 1216 618 1242 de
632 1215 719 1242 Bobus
736 1216 827 1242 dixisse
838 1235 847 1248 ,
871 1224 931 1241 cum
942 1215 1049 1250 proprie
1066 1217 1190 1242 Armenta
1210 1214 1330 1240 dicimus.
1389 1216 1460 1242 bodie
1469 1214 1598 1251 praestant
1610 1225 1646 1248 ea,
1660 1224 1719 1251 quae
1733 1216 1932 1242 Goniometrica
1946 1215 2080 1248 dicuntur,
2105 1218 2209 1250 itemque
2223 1213 2349 1248 mensulae,
2368 1215 2453 1248 quast,

295 1256 356 1281 licet
369 1255 438 1280 Grex
454 1253 483 1279 sit
497 1251 687 1286 Qnornmlibet
705 1251 861 1277 animalium
874 1252 1051 1285 congregatio.
1120 1252 1151 1276 Et
1168 1251 1231 1276 Aen.
1249 1252 1265 1275 6
1274 1270 1282 1281 ,
1303 1254 1330 1281 38
1390 1252 1566 1277 Praetorianas
1579 1259 1677 1278 vocant.
1734 1253 1825 1286 Nempe
1831 1251 1894 1286 sunt
1904 1252 2002 1287 regulae
2013 1257 2097 1277 centro
2109 1250 2212 1286 quodam
2216 1249 2287 1284 fixae
2292 1267 2301 1279 ,
2325 1242 2453 1284 ver-figiq-

295 1291 374 1317 Nunc
389 1297 464 1323 grege
478 1288 509 1314 de
522 1286 621 1313 1111αὲ10
634 1287 729 1320 septem
744 1286 857 1312 maetam
871 1286 997 1313 iuuencos
1029 1286 1195 1312 Praestiterit.
1254 1285 1331 1311 Dixit
1341 1288 1374 1312 30
1389 1288 1438 1317 les,
1458 1288 1575 1321 Dioptris
1586 1285 1735 1320 instruam,
1759 1296 1861 1322 quarum
1881 1294 1923 1321 ope
1942 1288 2020 1312 lineas
2040 1292 2063 1312 et
2082 1287 2184 1322 angulos
2204 1285 2245 1310 vel
2262 1284 2388 1319 explorare
2405 1286 2445 1310 ets:

293 1333 399 1360 quoque
413 1323 548 1350 Lucretius
563 1322 594 1348 de
608 1322 710 1348 Genese
725 1320 828 1348 bouino
847 1330 876 1352 2,
895 1324 941 1348 661
973 1322 1157 1355 Buceriaeque‘
1174 1326 1262 1354 greges
1283 1320 1330 1346 sub
1389 1324 1474 1349 metiri
1486 1323 1558 1353 licet,
1583 1324 1623 1348 vel
1636 1322 1776 1358 describere.
1832 1322 1886 1347 Hoc
1899 1331 1951 1347 cum
1964 1321 2017 1357 ipsa
2030 1330 2070 1365 rfs
2085 1328 2109 1347 et
2120 1321 2178 1357 vfiss
2188 1319 2272 1362 doceth,
2290 1326 2341 1345 tum
2355 1320 2444 1350 Graeqk.

292 1360 387 1387 eodem
402 1359 516 1393 tegmine
539 1357 613 1384 caeli.
685 1358 744 1383 Dux
764 1357 850 1391 gregis
870 1364 917 1392 pro
945 1358 1037 1383 Tauro.
1110 1356 1190 1382 Ouid.
1215 1356 1247 1381 de
1268 1357 1331 1382 Arte
1389 1367 1431 1384 cae
1451 1357 1625 1392 appellationes
1647 1361 1674 1383 in
1699 1358 1756 1384 Vet.
1779 1357 1885 1389 Gloffis,
1914 1354 2014 1392 διόπτραι
2039 1368 2053 1386 η
2075 1367 2120 1382 των
2137 1366 2273 1390 γεωμετρων
2286 1374 2295 1387 ,
2323 1351 2447 1388 walum-‘f'

294 1397 353 1423 Am.
369 1404 397 1427 1,
411 1397 457 1427 326
490 1394 562 1420 Hanc
582 1399 669 1419 tamen
687 1393 809 1426 impleuit
825 1401 901 1419 vacca
920 1392 1041 1426 deceptus
1055 1400 1146 1418 acerna
1161 1392 1218 1417 Dux
1233 1392 1333 1426 gregis:
1390 1393 1488 1428 Hygin.
1501 1402 1525 1426 p.
1542 1401 1579 1426 153
1607 1393 1674 1428 Goes.
1705 1392 1788 1419 Pofita
1801 1393 1967 1427 auspic-aliter
1989 1392 2103 1423 Groma,
2129 1392 2186 1426 ipso
2205 1391 2276 1417 forte
2290 1389 2437 1421 conditore

293 1438 319 1458 et
332 1437 406 1466 partu
425 1429 543 1464 proditus
565 1429 656 1455 auElor
676 1435 741 1454 crat.
936 1425 956 1463 ἢ
978 1437 994 1454 2
1031 1429 1162 1453 Hominum
1183 1430 1255 1453 etiam
1276 1436 1333 1461 gre·
1392 1429 1538 1463 praesente,
1565 1429 1718 1462 proximum
1737 1436 1801 1453 vero
1824 1428 1955 1454 orientem
1975 1427 2245 1462 comprehenderunt,
2279 1433 2325 1452 etc.
2387 1425 2437 1453 'EO'

293 1476 353 1502 gem
368 1472 466 1493 vocant.
539 1463 665 1497 Parasitus
683 1463 751 1489 Ter.
766 1463 831 1489 Eun.
845 1470 859 1496 5
870 1482 878 1494 ‚
896 1471 913 1495 9
925 1483 934 1496 ,
954 1471 986 1496 54
1017 1464 1106 1488 Vnum
1121 1463 1200 1488 etiam
1221 1462 1270 1488 hoc
1284 1472 1332 1489 vos
1346 1469 1375 1495 35
1390 1473 1416 1498 p.
1431 1466 1478 1496 164
1510 1464 1549 1489 Sic
1563 1469 1588 1489 et
1602 1464 1630 1489 in
1645 1463 1732 1489 castris
1752 1462 1852 1488 Groma
1870 1463 1979 1496 ponitur
1992 1463 2021 1488 in
2039 1469 2187 1489 tetrantem.
2243 1461 2316 1497 Conf.
2337 1470 2362 1495 p.
2377 1459 2434 1493 ²852*

272 1524 277 1528 .
292 1511 357 1533 oro,
377 1508 405 1528 vt
419 1510 460 1527 rne
473 1500 501 1526 in
514 1499 628 1527 vestrum
644 1507 747 1533 gregem
761 1498 903 1532 recipiatis.
972 1498 1027 1524 Cic.
1041 1499 1069 1524 in
1083 1498 1160 1524 Catil.
1170 1507 1188 1530 1,
1199 1506 1225 1529 23
1246 1499 1276 1524 In
1290 1498 1331 1524 his
1392 1499 1490 1533 Hygin.
1501 1499 1620 1524 Gromat.
1636 1507 1659 1532 p.
1675 1505 1696 1530 5,
1707 1505 1724 1531 7
1750 1497 1865 1523 Introitu
1879 1497 2007 1531 praetorii
2019 1504 2091 1531 parte
2105 1497 2192 1523 media
2203 1501 2264 1522 ante
2275 1499 2346 1523 viam
2357 1496 2431 1530 prin*

292 1537 415 1573 gregibus
427 1544 516 1562 omnes
530 1535 670 1565 aleatores,
691 1543 781 1560 omncs
794 1533 923 1565 adulteri,
950 1542 1040 1559 omncs
1051 1534 1167 1567 impuri,
1192 1533 1333 1567 impudici·
1392 1534 1502 1568 cipalem
1517 1534 1606 1560 Groma
1621 1533 1692 1559 locus
1712 1533 1870 1567 appellatur,
1892 1532 1964 1567 quod
1993 1533 2088 1564 (turba
2105 1532 2146 1558 ibi
2164 1537 2289 1566 congruat
2306 1531 2373 1563 siue)
2395 1531 2426 1557 in

293 1582 345 1607 que
358 1573 501 1599 versantur.
570 1571 638 1597 Ter.
651 1570 746 1596 Heaut.
761 1578 786 1602 2,
798 1578 826 1601 3,
840 1578 858 1602 4
889 1569 1052 1595 Ancillarum
1067 1578 1171 1603 gregem
1186 1569 1284 1595 ducunt
1296 1570 1332 1595 se·
1390 1569 1536 1595 distatione
1552 1574 1680 1595 metarum
1698 1568 1781 1601 polito
1794 1568 1823 1594 in
1835 1567 1928 1594 eodem
1943 1568 2003 1594 loco
2020 1568 2181 1594 ferramento
2194 1568 2292 1594 Groma
2306 1567 2425 1601 superpo·

293 1617 362 1634 cum.
432 1606 504 1632 Idem
518 1605 545 1631 in
558 1606 625 1639 prol.
640 1606 733 1631 Heaut.
748 1614 780 1637 45
815 1605 841 1630 Si
856 1613 906 1638 qua
920 1604 1052 1631 laboriosa
1066 1604 1117 1636 est,
1143 1604 1175 1630 ad
1190 1614 1232 1630 me
1248 1602 1330 1631 curri·
1389 1610 1480 1636 natur,
1506 1610 1536 1630 vt
1548 1612 1639 1638 portae
1653 1603 1795 1630 castrorum
1809 1604 1838 1629 in
1857 1603 1996 1637 conspeetu
2018 1604 2116 1638 rigoris
2128 1603 2227 1630 stellam
2240 1600 2362 1629 efficiant:
2397 1605 2426 1627 et

254 1648 255 1651 ’
292 1646 352 1671 tur:
391 1642 426 1667 sm
440 1641 505 1666 leuis
519 1640 569 1671 est,
591 1640 623 1666 ad
642 1640 722 1666 alium
740 1640 857 1666 defertur
874 1649 987 1674 gregem.
1024 1640 1052 1666 dc
1072 1639 1199 1666 abioribus
1213 1640 1374 1675 fienicis.40
1390 1640 1546 1675 professores
1557 1640 1614 1665 eius
1627 1640 1707 1671 artis,
1731 1639 1804 1665 causa
1821 1639 1895 1673 supra
1915 1639 1963 1666 scri
1984 1644 2023 1671 ta,
2050 1639 2199 1666 Gromatici
2219 1639 2274 1665 sunt
2294 1635 2426 1671 appellati.

294 1678 362 1705 Add.
380 1678 483 1703 Petron.
497 1685 517 1701 c.
526 1680 566 1705 80·
608 1674 689 1700 Plaut.
703 1675 759 1700 Cas.
772 1675 839 1700 Prol.
853 1683 928 1701 v.22.
970 1676 1037 1702 Ter.
1053 1675 1159 1702 Phorm.
1175 1675 1243 1702 Prol.
1258 1685 1284 1702 v.
1293 1683 1329 1707 33.
1391 1677 1460 1702 Hinc
1472 1674 1534 1701 illud
1544 1682 1646 1710 apparet
1660 1675 1787 1701 Gromam
1799 1678 1826 1700 in
1839 1673 1927 1708 castris
1942 1648 1983 1708 effi
1997 1676 2064 1701 velut
2075 1681 2184 1701 centrum
2197 1672 2314 1709 quoddam
2323 1674 2430 1705 {inquo

294 1713 363 1740 Suet.
379 1712 462 1745 Calig.
477 1720 497 1736 c.
507 1718 545 1744 57.
617 1711 654 1735 De
665 1709 973 1747 genethliacis-vfiarpatur
986 1711 1101 1736 quenal.
1119 1719 1147 1737 10
1156 1731 1162 1741 ,
1176 1719 1219 1744 94.
1292 1712 1330 1737 De
1389 1714 1446 1738 viae
1459 1720 1539 1737 omncs
1553 1716 1720 1739 concurrant;
1754 1710 1818 1736 vnde
1832 1713 1932 1737 initium
1944 1710 2059 1736 metiendi
2070 1717 2093 1736 et
2107 1707 2266 1743 distribuendi
2273 1706 2342 1742 fiali
2363 1703 2430 1731 vndss

294 1748 459 1784 agitatoribus
476 1747 546 1772 Suet.
559 1745 624 1771 Ner.
639 1753 661 1769 c.
677 1752 717 1770 22.
790 1744 940 1782 Epunriae
953 1753 1029 1782 grege
1043 1753 1134 1777 porcus
1170 1747 1236 1772 Hor.
1252 1746 1331 1778 Epist.
1384 1745 1533 1781 prospeHus
1546 1746 1580 1772 ad
1591 1755 1669 1772 omnes
1678 1752 1769 1780 portas
1777 1752 1873 1781 pateat.
1927 1746 2010 1780 Rigor
2023 1746 2065 1772 hic
2081 1745 2114 1778 est
2133 1747 2197 1772 linea
2217 1741 2296 1771 reita.
2351 1739 2413 1767 Stell
2427 1745 2430 1748 ”

291 1791 313 1813 1,
327 1792 345 1815 4
357 1789 420 1808 extr.
452 1783 555 1815 proprie
568 1780 613 1806 huc
626 1788 673 1805 non
681 1781 800 1814 pertinet.
871 1779 926 1804 C1c.
941 1778 972 1803 de
988 1779 1044 1804 Fin.
1060 1787 1068 1803 1
1077 1798 1085 1810 ,
1103 1781 1133 1810 65
1149 1788 1171 1804 c.
1198 1798 1204 1804 .
1243 1781 1331 1810 Qian-
1389 1780 1423 1811 qsl
1436 1780 1535 1813 decuffis
1549 1780 1734 1815 ret‘iangularis
1757 1784 1788 1814 *1*
1809 1784 1879 1807 cuius
1898 1784 2012 1807 extremis
2024 1781 2169 1816 respondem
2180 1785 2284 1815 quatuor
2290 1782 2380 1812 portae
2391 1784 2405 1801 c

294 1823 373 1849 taque
397 1816 496 1842 amoris
522 1814 716 1852 conspiratione
738 1813 926 1840 consentientes
946 1814 1030 1839 tenuit
1052 1813 1199 1839 amicorum
1225 1822 1314 1847 greges
1323 1814 1332 1839 ἶ
1342 1816 1376 1841 43
1383 1813 1511 1847 firmum,
1524 1814 1578 1849 ipsa
1590 1821 1669 1840 autem
1682 1813 1777 1846 constat
1790 1818 1832 1841 via
1843 1817 1998 1846 Decumana,
2013 1822 2037 1840 et
2049 1824 2109 1850 quae
2116 1813 2222 1841 mamad
2232 1813 2334 1848 angulos
2348 1807 2417 1838 rebla

293 1854 326 1879 Et
339 1853 390 1878 Att.
401 1860 420 1883 1,
437 1855 470 1879 18.
540 1848 665 1874 Indocilis
690 1849 757 1874 Hor.
772 1848 853 1881 Epod.
870 1851 906 1879 16,
920 1856 960 1881 37.
1032 1849 1088 1874 Cic.
1101 1849 1191 1874 Diuin.
1205 1849 1280 1874 Verr.
1294 1856 1330 1882 49
1383 1849 1455 1885 ficat
1469 1849 1624 1884 Principali:
1661 1857 1720 1884 quae
1733 1852 1814 1875 omnia
1827 1848 1937 1885 irispefla
1964 1859 2031 1876 orma
2044 1849 2177 1882 castrorum
2189 1846 2332 1881 diflinflius
2345 1854 2405 1882 cogn

294 1889 426 1921 Quartum
440 1893 517 1920 quem
532 1883 561 1908 sit
573 1882 711 1921 habiturus
724 1891 777 1907 non
789 1881 885 1920 yideo:
909 1882 957 1907 nisi
971 1891 1049 1916 quem
1063 1883 1133 1909 forte
1145 1892 1176 1908 ex
1191 1883 1238 1908 illo
1252 1892 1331 1916 grege
1384 1885 1499 1919 fiuntur.
1571 1882 1645 1909 Reae
1658 1888 1738 1919 igitur
1752 1885 1825 1910 Non.
1840 1893 1860 1916 1,
1873 1887 1915 1916 316
1959 1893 2049 1911 rumae
2063 1886 2121 1911 sunt
2134 1885 2191 1911 loca
2203 1883 2290 1910 media
2299 1903 2307 1915 ,
2326 1883 2354 1908 in
2362 1890 2412 1916 qua

295 1931 442 1953 oratorum,
457 1920 503 1955 qui
515 1917 733 1951 subscriptionem
748 1916 795 1942 sibi
804 1916 975 1949 postularunt.
1045 1917 1264 1949 Philosophorum
1291 1917 1330 1941 td.
1390 1917 1505 1941 direfitae
1519 1923 1634 1948 quatuor
1646 1924 1838 1951 congregantur
1852 1925 1877 1944 et
1891 1920 2053 1945 conueniunt
2065 1919 2134 1945 viae.
2188 1918 2230 1945 Est
2243 1924 2331 1945 autem
2339 1925 2386 1952 gru

295 1958 327 1984 de
341 1959 414 1984 Orat.
432 1965 441 1982 1
456 1965 477 1982 c.
488 1964 524 1981 10.
593 1953 735 1979 Set-uorum
748 1951 883 1978 venalium
909 1951 990 1977 Plaut.
1004 1950 1068 1977 Cist.
1082 1960 1116 1984 4,
1130 1959 1150 1980 2,
1164 1953 1208 1984 67.
1279 1950 1331 1975 Ve-
1391 1956 1438 1976 etc.
1473 1957 1532 1984 quae
1540 1949 1620 1984 supra
1632 1949 1749 1977 dedimus.

294 1992 550 2026 naliumfimpliciter
574 1988 656 2015 Plaut.
671 1988 731 2014 Aul.
744 1996 765 2019 3,
778 1996 799 2019 3,
814 1997 841 2021 4.
894 1987 1100 2025 Virorumvgrex
1128 1985 1172 2012 Sil.
1187 1993 1212 2019 7.
1268 1983 1331 2010 Vir·
1344 1986 1375 2013 50
1431 1989 1452 2011 G
1464 1991 1483 2010 R
1492 1990 1511 2009 V
1520 1991 1575 2010 MA
1584 1992 1604 2011 Τ
1614 1992 1622 2011 1
1632 1991 1693 2017 CA,
1725 1987 1766 2012 vel
1787 1986 1839 2020 (vt
1846 1985 2027 2023 frequentius)
2054 1994 2101 2015 GR
2111 1994 2162 2015 ΟΜ
2171 1994 2193 2014 Α
2203 1995 2224 2015 Τ
2233 1996 2268 2016 lc
2277 1995 2318 2021 Α»,
2337 1996 2377 2014 ae.
2408 1984 2424 2014 f

293 2038 386 2063 garum
400 2035 490 2064 greges
515 2025 596 2051 Plaut.
610 2022 698 2050 Pseud.
713 2032 732 2055 1,
747 2031 768 2055 3,
781 2031 824 2054 99.
878 2022 951 2058 Conf.
972 2020 1035 2055 Voſj.
1051 2020 1112 2063 InJi.
1127 2022 1199 2048 Orat.
1212 2030 1230 2055 4
1243 2026 1270 2055 p.
1286 2029 1333 2051 ¹⁰3-
1391 2021 1444 2047 Ars
1458 2020 1666 2055 agrimensorum:
1699 2022 1767 2057 apud
1781 2022 1921 2049 Caffiodor.
1936 2025 1998 2050 Var.
2012 2024 2090 2059 Epist.
2104 2032 2132 2056 3,
2146 2032 2183 2057 52,
2226 2037 2231 2040 .

294 2064 413 2091 Scribere
428 2062 542 2096 aliquem
556 2060 593 2086 sui
608 2059 708 2094 gregis,
727 2061 744 2084 i.
759 2057 863 2093 Referre
875 2060 901 2082 in
916 2066 1038 2083 ›neom-um
1052 2066 1193 2083 amicorum.
1263 2056 1332 2081 Hor.
1429 2060 1448 2081 G
1459 2062 1477 2081 R
1487 2061 1507 2080 V
1516 2061 1640 2082 MAT1C
1651 2064 1675 2087 1,
1694 2059 1735 2083 vel
1754 2063 1800 2084 GR
1809 2064 1828 2084 ο
1837 2065 1890 2085 MA
1899 2066 1920 2085 T
1931 2066 1964 2087 1C
1973 2057 1999 2090 1',
2022 2068 2108 2086 orum.
2135 2069 2170 2086 m.
2225 2060 2276 2095 Qui
2288 2068 2339 2085 eam
2352 2047 2447 2087 artemis

294 2099 373 2134 Epist.
388 2108 407 2131 Ι,
422 2107 447 2130 9,
464 2106 486 2129 ¹3
514 2095 604 2122 Scribe
617 2095 657 2121 tui
671 2093 756 2128 gregis
770 2092 856 2124 hunc,
876 2097 901 2118 et
915 2093 1012 2118 fortem
1026 2092 1118 2123 crede,
1137 2091 1299 2124 bonumque.
1385 2090 1546 2126 profitentur.
1617 2091 1771 2119 Professores
1794 2094 1850 2120 eius
1870 2094 1947 2125 artis,
1973 2095 2145 2129 superscripta
2164 2095 2253 2127 causa,
2281 2093 2436 2124 Gromaticii:
2470 2103 2479 2117 Α

330 2141 351 2161 G
360 2141 403 2161 RE
412 2140 432 2160 G
441 2139 491 2160 AR
501 2139 509 2156 ¹
519 2139 539 2157 V
549 2138 578 2164 S,
595 2139 608 2164 ἓ
617 2150 625 2163 9
645 2139 699 2156 um·
736 2127 796 2154 Adi·
850 2126 996 2161 [θῖν’λαῗῡς,
1015 2126 1155 2159 οἶγέλῆτης]
1209 2127 1244 2151 Ex
1258 2134 1331 2161 grt'ge
1390 2132 1519 2152 vocantur
1544 2126 1641 2161 Hygin.
1654 2127 1685 2153 de
1700 2128 1851 2156 Castramet.
1886 2137 1914 2156 vt
1928 2130 1997 2156 modo
2010 2131 2126 2157 vidimus.
2425 2126 2439 2162 Ji
2477 2129 2479 2136 '

294 2171 339 2197 vul
358 2172 414 2196 ari.-
451 2167 514 2194 vnde
526 2166 666 2200 Gregarius
681 2163 756 2190 miles
770 2163 879 2193 dicitur,
897 2165 939 2197 qui
953 2162 1051 2188 ducitur
1063 2168 1173 2191 tantum,
1194 2170 1241 2187 non
1254 2161 1332 2186 duc1t.
1347 2161 1375 2187 55
1428 2168 1538 2188 GRVM
1549 2169 1585 2193 O,
1603 2166 1654 2188 ire.
1692 2163 1818 2197 [μετρέω]
1855 2165 1935 2191 Gloss,
1953 2166 1998 2192 Gr,
2011 2167 2068 2192 Lat,
2421 2188 2423 2190 ,

297 2206 337 2232 Sal
351 2205 396 2230 ust.
410 2203 488 2230 Catil.
508 2211 528 2227 c.
543 2208 573 2235 37
606 2199 706 2226 Deinde
720 2198 799 2226 multi
812 2207 943 2225 memores
956 2197 1074 2224 Sullanae
1095 2196 1240 2228 vietoriae,
1260 2195 1331 2230 quod
1419 2203 1447 2223 .G
1456 2203 1474 2223 R
1484 2204 1503 2223 v
1513 2204 1567 2222 MV
1577 2205 1589 2223 s
1599 2217 1607 2229 ‚
1627 2197 1646 2223 i.
1666 2206 1701 2224 m.
1754 2198 1901 2234 [θρόμςῇς]
1956 2201 2061 2228 Terrae
2074 2200 2214 2234 comestio,
2232 2207 2263 2228 vt
2274 2203 2313 2228 αὶι
2325 2200 2425 2233 Festus,

296 2249 328 2267 ex
344 2239 470 2275 gregariis
483 2236 613 2263 militibus
630 2236 695 2261 alios
709 2235 844 2260 Senatores
858 2233 992 2260 videbant.
1069 2232 1125 2259 Cic.
1141 2241 1188 2266 pro
1203 2232 1286 2257 Plane.
1300 2238 1332 2266 72
1390 2232 1480 2258 minor
1493 2232 1604 2258 tumulo.
1694 2232 1825 2260 Columel.
1839 2243 1871 2267 2,
1886 2240 1925 2266 18,
1945 2244 1963 2268 4
1995 2236 2162 2270 Grumosque
2174 2245 2239 2270 quos
2252 2237 2283 2263 ad
2295 2238 2429 2264 versuram«
2463 2253 2465 2264 .

297 2286 320 2303 c.
328 2285 356 2308 30
384 2276 417 2301 At
431 2274 457 2300 id
470 2273 549 2299 etiarn
565 2271 678 2305 gregarii
691 2270 787 2296 milites
800 2269 899 2296 faciunt
913 2269 1002 2295 inuiti.
1071 2268 1170 2294 Militia
1196 2267 1286 2293 Iustin.
1296 2276 1332 2298 22,
1390 2268 1546 2302 plerumque
1559 2267 1656 2294 “adhe
1669 2268 1767 2295 faciunt
1780 2276 1877 2302 crates,
1897 2270 2073 2304 dissipabimus
2082 2291 2089 2302 ‚
2108 2278 2153 2296 etc.
2215 2271 2262 2298 Sed
2281 2273 2383 2299 Vitruu.
2394 2274 2421 2302 8,
2463 2265 2465 2290 ¹,

299 2321 320 2338 x.
377 2311 455 2336 PoEta
481 2307 569 2334 Sidon.
584 2305 662 2340 Epist.
675 2314 701 2338 9,
718 2313 751 2338 ις.
824 2305 965 2338 Gregarius
979 2307 1005 2329 in
1018 2304 1077 2329 Vct.
1094 2303 1171 2329 Gloss.
1207 2302 1331 2337 [οἷγελοέρ-
1391 2312 1403 2335 3
1419 2313 1442 2337 p.
1451 2308 1490 2336 158
1500 2310 1543 2339 pr.
1574 2304 1668 2330 Fontes
1686 2318 1730 2324 ———
1751 2313 1796 2338 per
1811 2305 1927 2339 angustas
1942 2314 2019 2331 venas
2034 2306 2203 2332 vehementia
2219 2307 2328 2341 Spiritus
2340 2311 2430 2333 extru-
2463 2299 2476 2334 ¹.

297 2357 357 2379 χης,
378 2343 483 2378 ποιμὴν]
509 2341 634 2375 e]?‚.Q1i
647 2340 720 2375 gregi
733 2339 839 2374 praeest.
896 2341 926 2366 Et
938 2339 1015 2365 eodem
1032 2338 1099 2364 modo
1114 2338 1244 2364 Columel.
1259 2341 1275 2364 6
1287 2341 1372 2372 pr.6o
1390 2339 1487 2365 duntur
1512 2338 1544 2365 ad
1564 2339 1676 2365 summos
1701 2348 1854 2373 grumorum
1876 2341 2006 2370 tumulos,
2037 2343 2055 2365 i.
2076 2344 2200 2365 montium.
2295 2342 2424 2373 Tumidum

296 2382 413 2409 Pastores
426 2380 493 2405 dixit
506 2378 655 2411 Gregarios.
711 2377 812 2402 Necnon
825 2382 848 2400 et
860 2375 935 2409 Apul.
944 2384 956 2407 7
970 2384 994 2409 p.
1007 2383 1053 2407 194
1074 2381 1122 2409 pro
1136 2376 1295 2400 armentario.
1383 2374 1514 2410 fignificat
1528 2374 1630 2401 Vitruu.
1645 2383 1665 2405 2,
1678 2383 1687 2400 1
1702 2384 1725 2408 p.
1734 2383 1761 2406 ¹9
1785 2375 1897 2409 Phryges
1924 2391 1969 2395 —
1988 2375 2087 2409 stipites
2099 2374 2166 2401 inter
2179 2375 2204 2400 se
2218 2375 2355 2408 religantes
2369 2383 2423 2403 me-

334 2423 353 2443 G
364 2423 381 2442 R
392 2421 435 2442 EG
448 2417 551 2446 dms,
575 2421 598 2439 e.
646 2411 705 2437 Adi.
763 2411 913 2445 [α’γελαῖος]
967 2412 1017 2445 Qui
1044 2419 1072 2435 cx
1096 2409 1173 2435 eodem
1197 2407 1230 2441 est
1249 2417 1331 2445 grcge.
1390 2416 1427 2436 tas
1440 2407 1573 2441 efficiunt,
1589 2418 1652 2443 quas
1665 2410 1838 2436 arundinibus
1854 2417 1879 2436 et
1892 2410 2036 2437 stramentis
2044 2416 2170 2444 tegentes,
2185 2410 2420 2444 exaggerantsupra

297 2453 382 2478 Varro
397 2451 426 2477 de
440 2450 507 2476 R.R.
526 2457 550 2480 2,
563 2455 580 2482 7
610 2446 677 2481 Equi
691 2446 756 2472 boni
768 2446 852 2472 futuri
864 2446 932 2480 signa
945 2447 1017 2477 sunt,
1034 2444 1050 2470 si
1064 2453 1121 2470 cum
1135 2444 1282 2479 gregalibus
1303 2444 1331 2469 in
1390 2444 1567 2471 habitationes
1581 2445 1708 2471 maximos
1724 2454 1829 2479 grumos
1844 2455 1858 2472 e
1872 2452 1949 2472 terra.
2025 2447 2113 2472 Verum
2136 2444 2199 2471 Plin.
2213 2453 2255 2476 33,
2271 2454 2290 2478 4
2318 2445 2420 2474 Torre-

295 2487 394 2522 pabulo
411 2483 544 2511 contendit
557 2483 585 2509 in
600 2481 739 2508 currendo.
831 2481 943 2517 Metaph.
985 2481 1040 2506 Cic.
1060 2480 1091 2506 de
1110 2480 1201 2513 Arusp.
1217 2480 1291 2513 Resp.
1306 2486 1332 2510 53
1391 2485 1434 2506 tur
1447 2485 1471 2505 et
1485 2489 1543 2506 cum
1562 2480 1620 2506 salis
1633 2489 1741 2513 grumo,
1766 2481 1880 2515 pondere
1893 2481 2008 2515 triplici,
2036 2480 2184 2508 Harduinus
2201 2480 2274 2515 legit,
2292 2480 2421 2511 Gemino,

298 2531 356 2555 αις
381 2522 477 2555 Neque
488 2520 514 2546 P.
529 2518 649 2550 Clodius,
669 2526 716 2543 nec
730 2516 867 2551 quisquam
882 2517 913 2543 de
926 2516 1073 2551 gregalibus
1088 2516 1143 2542 eius
1159 2520 1202 2541 aut
1214 2514 1333 2541 consilia·
1345 2511 1376 2543 65
1391 2514 1507 2549 adfidem
1521 2516 1593 2543 MSS.
1608 2516 1723 2542 Grumus
1737 2516 1773 2542 est
1791 2516 1916 2542 excellens
1930 2524 2039 2549 natura,
2053 2517 2100 2550 qui
2113 2520 2222 2542 vocatur
2241 2514 2320 2549 castra
2337 2514 2424 2540 Postu-

300 2559 348 2585 riis
360 2557 514 2590 designatur.
584 2553 656 2579 Idem
670 2552 701 2579 de
714 2553 787 2579 Orat.
800 2561 823 2584 2,
836 2560 875 2585 25.
943 2551 980 2577 Id.
995 2552 1065 2577 Fam.
1079 2558 1104 2585 7,
1119 2559 1145 2582 33
1154 2557 1196 2586 pr.
1263 2549 1332 2575 Cati·
1392 2551 1480 2576 miana
1504 2550 1609 2576 Hirtius
1622 2551 1653 2577 de
1667 2551 1695 2577 B.
1711 2552 1785 2585 Hisp.
1799 2561 1820 2578 c.
1834 2557 1847 2581 8
1861 2559 1925 2577 extr.
1962 2552 2029 2578 Acld.
2042 2551 2110 2577 Ibid.
2132 2560 2153 2576 c.
2166 2559 2201 2582 24
2227 2549 2263 2575 Ex
2275 2557 2369 2583 grumo
2380 2557 2424 2575 ex-

298 2594 368 2620 linae
383 2591 498 2627 gregales
522 2589 559 2616 Id.
573 2597 621 2623 pro
635 2589 722 2614 Domo
736 2593 804 2617 c.28.
877 2589 926 2614 Pro
944 2588 1050 2623 Vulgari
1056 2586 1100 2621 seu
1114 2587 1221 2612 Publico.
1275 2585 1332 2610 Sen.
1391 2586 1487 2612 celsum
1500 2586 1632 2612 tumulum
1647 2587 1771 2620 capiebat.
1845 2587 1936 2621 Species
1947 2590 2107 2613 terminorum
2119 2589 2146 2612 in
2161 2585 2270 2619 Rigaltii
2290 2586 2433 2619 Agrimenw

297 2629 375 2663 Epist.
388 2633 419 2662 87
453 2626 499 2652 Dii
513 2625 578 2651 boni
591 2632 666 2658 quam
681 2622 790 2650 iuuabat
808 2622 906 2649 intrare
919 2622 1011 2649 balnea
1030 2622 1075 2648 illa
1088 2621 1215 2653 obscura,
1239 2625 1264 2647 et
1278 2629 1334 2654 gre·
1392 2622 1443 2647 sor.
1458 2629 1545 2655 p.320.
1586 2622 1646 2647 Vet.
1661 2622 1703 2647 Gl.
1718 2621 1738 2647 δι
1751 2623 1795 2647 τῶν
1807 2620 1863 2655 ’ὅρων
1875 2622 1950 2648 λίθω.
2401 2651 2404 2656 .
2426 2626 2428 2642 ἰ

297 2664 350 2699 gali
362 2661 476 2689 tesiorio
490 2659 604 2686 1111111613.
670 2659 744 2686 Idem
758 2657 791 2684 de
804 2659 893 2685 Beuef.
909 2667 926 2690 1,
943 2667 967 2684 12
994 2657 1115 2691 Gregalia
1127 2664 1214 2692 poma.
1275 2655 1332 2683 Vid.
1429 2661 1449 2682 G
1459 2662 1477 2681 R
1489 2662 1507 2681 ν
1520 2653 1573 2681 Mx‘f'
1582 2663 1597 2682 1.
1607 2661 1627 2680 v
1638 2663 1650 2682 s
1661 2676 1670 2688 ,
1689 2657 1708 2682 i.
1730 2666 1764 2683 m.
1802 2657 1903 2683 Dimin.
1941 2654 2116 2692 [θρομέἷδιον]
2151 2656 2262 2688 Plin.19,
2271 2657 2288 2681 6
2310 2654 2440 2688 Quian.-

297 2699 388 2728 Barth.
402 2695 507 2730 Aduers.
523 2704 549 2729 9,
569 2704 595 2729 4.
1340 2693 1376 2721 70
1392 2691 1508 2725 vlpicum
1522 2697 1547 2717 et
1560 2691 1651 2717 allium
1665 2692 1692 2718 in
1715 2692 1792 2726 plano
1812 2693 1863 2719 seri
1880 2698 1984 2725 vetant,
2007 2692 2212 2726 castellatimque
2230 2690 2357 2725 grumulis
2376 2689 2442 2722 ius*

334 2740 382 2760 GR
392 2740 408 2759 Ε
420 2737 440 2758 G
452 2733 501 2758 ᾹΤ
510 2738 520 2756 1
530 2737 563 2756 Μ.
599 2728 664 2755 Adu.
699 2725 854 2762 [οἷγιληδᾰν]
889 2728 982 2760 Simul,
998 2725 1158 2754 coniunfflm.
1201 2727 1287 2753 Varro
1301 2725 1333 2752 de
1392 2727 1473 2761 poni,
1490 2726 1645 2753 distantibus
1658 2728 1728 2754 inter
1742 2728 1767 2754 se
1782 2728 1857 2761 pedes
1872 2734 1968 2754 ternos.

292 2770 329 2796 1..
344 2770 374 2794 L.
390 2776 424 2800 4,
437 2775 458 2793 11
492 2765 609 2796 Merula,
631 2765 700 2798 quod
715 2773 804 2796 mera,
824 2763 852 2789 id
866 2763 901 2788 est
917 2763 969 2789 sola
982 2763 1085 2789 volitet.
1108 2774 1111 2775 ⁷
1140 2764 1238 2789 Contra
1253 2762 1285 2787 ab
1299 2770 1332 2787 eo
1428 2767 1449 2787 G
1459 2769 1505 2788 RV
1516 2769 1538 2787 N
1549 2768 1613 2794 DA,
1633 2771 1671 2789 ae.
1703 2763 1721 2789 f.
1766 2760 1840 2789 Teffl·
1847 2766 2017 2798 prominentia
2027 2762 2142 2789 arcendis
2154 2760 2296 2796 stillicidiis
2312 2763 2396 2788 inueni
2435 2772 2441 2789 ·.
2462 2776 2476 2788 ι,

299 2803 416 2839 graculi,
437 2800 510 2836 quod
523 2799 659 2834 gregatim.
729 2799 794 2827 Plin.
808 2805 831 2831 8,
848 2808 860 2829 5
886 2798 1022 2832 Elephanti
1034 2798 1163 2832 gregatim
1177 2798 1276 2831 semper
1295 2797 1333 2822 in-
1392 2805 1450 2832 quae
1465 2800 1537 2823 etiam
1552 2798 1712 2832 suggrundae
1725 2805 1748 2824 et
1760 2799 1916 2833 suggrundia
1928 2799 2095 2834 appellantur,
2125 2808 2150 2824 υ.
2171 2807 2196 2824 υ.
2269 2797 2328 2823 Vet.
2348 2796 2398 2822 Glo
2463 2798 2465 2815 l

299 2837 464 2874 grediuntur.
535 2835 668 2869 Gregatim
681 2834 812 2861 Laborant
826 2842 920 2868 pecora
944 2834 1050 2860 Colum.
1064 2836 1093 2864 6,
1107 2842 1130 2865 5,
1144 2841 1165 2866 5.
1236 2832 1332 2858 Volare
1393 2832 1500 2858 Grunda
1513 2834 1570 2865 ςὲγη
1584 2833 1627 2867 ιρι)
1639 2833 1667 2859 τὸ
1680 2832 1738 2868 dni?
1749 2833 1789 2860 τόν
1801 2835 1907 2860 πυλεῶνα
1920 2835 2011 2867 ἕξέχον.
2047 2837 2077 2860 it.
2097 2833 2217 2866 ὖπὸςεγον.
2416 2833 2441 2870 a?

299 2874 427 2908 gregatim
453 2870 582 2905 Qtinffil.
599 2879 617 2899 1,
629 2872 653 2895 6.
724 2871 873 2904 Gregatim‚
892 2868 926 2895 ad
937 2870 1045 2896 homines
1057 2871 1207 2895 translatum
1215 2879 1222 2894 :
1278 2869 1333 2894 Cic.
1345 2872 1376 2899 75
1429 2873 1448 2893 G
1458 2874 1476 2893 R
1486 2875 1537 2893 VN
1548 2874 1566 2893 D
1577 2868 1586 2894 i
1596 2875 1612 2894 L
1622 2876 1630 2894 1
1640 2875 1667 2901 s,
1687 2870 1727 2895 vel
1746 2875 1765 2895 G
1775 2876 1792 2895 R
1802 2877 1822 2896 v
1832 2877 1853 2896 N
1864 2876 1882 2895 D
1893 2877 1913 2896 v
1924 2876 1940 2896 1.
1950 2877 1959 2896 1
1969 2877 1981 2896 s
1989 2891 1997 2903 ‚
2018 2878 2040 2895 e.
2082 2869 2143 2895 Adi.
2195 2868 2273 2893 Lares
2292 2865 2439 2901 grundiles:

299 2911 376 2936 Verr.
393 2916 421 2942 5,
436 2915 483 2941 147
502 2915 522 2932 c.
537 2913 567 2940 57
598 2904 699 2931 Videtis
711 2905 779 2931 ciues
792 2906 925 2931 Romanos
939 2905 1066 2938 gregatim
1080 2903 1214 2930 coniee‘tos
1230 2903 1257 2929 in
1270 2904 1335 2929 lato·
1393 2902 1459 2938 apud
1471 2903 1586 2929 Arnob.1
1602 2913 1625 2938 p.
1635 2911 1668 2936 ις.
1738 2906 1775 2930 Dc
1788 2905 1827 2931 his
1842 2905 1913 2931 Non.
1929 2913 1951 2937 2,
1966 2912 2010 2938 357
2033 2904 2162 2930 Dicuntur
2176 2903 2276 2928 Romae
2290 2900 2426 2928 constituti
2445 2915 2446 2918 =

300 2945 374 2971 mias.
446 2940 551 2968 Admiffi
564 2940 691 2974 gregatim
713 2940 823 2966 adulteri
855 2941 912 2966 Sen.
926 2939 957 2965 de
971 2940 1060 2966 Benef.
1075 2941 1106 2972 6,
1127 2948 1166 2972 32.
1237 2939 1333 2972 Grega-
1395 2938 1430 2965 ob
1442 2938 1572 2965 honorem
1586 2947 1678 2973 porcae
1698 2940 1879 2973 (grundientis
1892 2942 1909 2966 s.
1923 2940 2104 2974 grunnientis)
2122 2946 2188 2972 quae
2200 2938 2309 2971 triginta
2319 2945 2426 2972 pepere-
2441 2946 2462 2972 ng

300 2981 351 3007 tim
365 2980 435 3005 ferre
447 2985 537 3004 manus
561 2977 623 3012 Stat·
636 2974 727 3001 Theb·
742 2980 765 3006 8,
777 2977 837 3008 667-
908 2976 973 3001 Plin.
982 2977 1021 3007 26,
1038 2984 1046 3001 1
1066 2975 1220 3009 Acciditque
1233 2975 1334 3009 saepius
1393 2979 1441 3000 rat.
1496 2975 1563 2999 Haec
1574 2974 1653 3001 eadem
1667 2975 1761 3001 Cassius
1774 2976 1888 3002 Hemina
1900 2975 1966 3010 apud
1976 2973 2096 3000 Diomed.
2109 2982 2117 2999 1
2133 2983 2157 3007 p.
2168 2980 2213 3007 379
2221 2981 2265 3008 pr.
2321 2974 2352 2998 Et
2363 2973 2425 2998 Por·
2434 2979 2444 3007 >j
2460 2976 2461 2982 ¹

303 3022 333 3044 vt
346 3023 415 3041 noua
428 3019 517 3039 contra
530 3019 624 3046 genera
635 3009 791 3036 morborum
805 3010 929 3043 gregatim
945 3011 1110 3037 sentirentur.
1393 3018 1452 3036 cum
1467 3009 1634 3036 immolatum
1647 3010 1746 3037 laribus
1754 3011 1822 3046 satis
1836 3011 1903 3037 docet
1916 3009 2103 3041 Hor-Serm.2‚
2117 3017 2139 3040 3,
2155 3011 2210 3041 164.
2265 3007 2333 3035 Add.
2348 3003 2445 3046 &op-{p
2462 3010 2463 3014 ’

336 3057 357 3077 G
368 3058 387 3077 R
397 3055 485 3080 EGO,
505 3052 556 3073 sire.
598 3044 734 3079 [dyezlgm
760 3044 855 3079 ἁθροίζω
877 3046 954 3071 Gloss.
972 3047 1016 3072 Gr.
1030 3047 1106 3081 Lat.]
1176 3045 1207 3071 Et
1222 3045 1265 3070 sua
1272 3044 1333 3070 sseffi
1346 3048 1377 3074 80
1393 3054 1421 3077 4,
1434 3053 1459 3076 1,
1472 3052 1510 3075 23.
1578 3046 1607 3070 Et
1620 3052 1700 3071 tamen
1715 3056 1764 3071 non
1779 3046 1946 3082 improbabilis
1965 3042 2014 3076 est,
2038 3051 2102 3070 certe
2122 3043 2259 3076 honestior,
2282 3040 2446 3073 conieHuraz,
2460 3052 2479 3069 ,ι

300 3087 362 3112 niue
375 3085 512 3112 duriores,
549 3082 628 3109 Nunc
646 3090 709 3107 oues
729 3079 795 3106 faffi
816 3079 879 3106 duce
902 3086 927 3107 te
952 3088 1091 3115 gregantur
1115 3081 1185 3108 Pacis
1205 3080 1234 3107 in
1247 3080 1334 3106 aulam
1399 3079 1473 3115 Vqffii
1486 3082 1512 3105 in
1526 3081 1621 3113 etymol.
1640 3089 1697 3106 voce
1715 3081 1889 3116 Suggrundae‚
1901 3089 1970 3116 quam
1985 3079 2068 3105 damus
2086 3082 2113 3105 in
2127 3077 2444 3106 sx'GGRVNDAR1VM.{.
2460 3083 2471 3103 ι(

299 3121 409 3150 Paullin.
424 3118 456 3145 ad
470 3119 592 3145 Nicetam
605 3126 630 3143 v.
639 3118 699 3142 206.
1431 3121 1453 3141 G
1462 3122 1481 3141 R
1490 3122 1509 3141 v
1521 3121 1541 3140 Ν
1550 3120 1568 3139 D
1579 3122 1587 3140 1
1599 3121 1618 3140 O
1628 3135 1636 3147 ,
1662 3118 1708 3142 Ire.
1745 3116 1905 3151 [γρυλλὶζω]
1955 3114 2077 3141 Dicebant
2089 3121 2196 3147 veteres,
2213 3113 2277 3149 quod
2288 3123 2332 3140 nos
2344 3112 2445 3145 Grun-g'
2460 3129 2462 3149 l

338 3163 358 3182 G
368 3162 412 3182 ΗΕ
422 3161 443 3181 G
458 3155 550 3180 RTVS
560 3172 566 3184 ,
582 3161 610 3183 a,
630 3161 684 3178 um.
725 3150 817 3177 Partic.
879 3149 974 3176 Statius
992 3149 1076 3176 Achil.
1092 3159 1117 3183 1,
1136 3158 1180 3185 372
1213 3150 1335 3184 Qualiter
1394 3153 1449 3177 nire
1463 3150 1575 3176 dicimus.
1646 3151 1754 3178 Veteres
1768 3151 1894 3185 grundirc
1907 3149 2027 3176 dicebant
2039 3149 2160 3176 Diomed.
2170 3157 2257 3184 p.379.
2328 3148 2422 3175 Claud.
2434 3155 2442 3166 =¹
2460 3156 2461 3165 ¹

301 3192 399 3220 Idaliae
413 3190 550 3220 volucres,
570 3187 617 3215 vbi
631 3186 724 3214 mollia
736 3187 859 3220 frangunt
885 3185 1004 3218 Nubila,
1024 3186 1076 3212 iam
1090 3186 1197 3220 longum
1211 3186 1335 3222 caeloque
1398 3188 1426 3212 16
1460 3186 1527 3220 Agni
1550 3185 1721 3219 grundibant,
1749 3186 1837 3213 dixit:
1873 3192 1899 3212 et
1922 3185 2062 3219 grundibat
2085 3186 2200 3219 grauiter
2221 3193 2296 3219 pecus
2309 3184 2440 3210 suillum-¹

303 3227 436 3261 domoque
453 3228 581 3260 gregatae.
1351 3226 1380 3256 85
1395 3222 1479 3248 Etiam
1502 3221 1648 3248 hominum.
1668 3222 1715 3248 effe
1743 3222 1894 3256 grunditum
1920 3220 2048 3247 Caecilius
2073 3221 2160 3248 Ebriis
2180 3220 2330 3255 designauit.
2384 3220 2422 3247 Ex

681 3260 709 3291 G
811 3259 841 3292 R
942 3258 956 3288 I
1396 3257 1490 3284 Nonio
1504 3260 1530 3289 6,
1543 3258 1585 3289 96.
1637 3256 1682 3283 Sed
1689 3259 1829 3293 plerumque
1834 3256 1966 3292 scribitur,

1432 3298 1452 3318 G
1463 3300 1482 3319 R
1494 3299 1513 3318 v
1526 3299 1547 3318 N
1557 3299 1578 3318 N
1587 3299 1596 3317 1
1605 3297 1623 3317 0
1632 3311 1639 3322 ,
1658 3293 1697 3318 iui
1707 3312 1714 3323 ‚
1732 3295 1798 3318 itum
1807 3313 1814 3324 ‚
1834 3296 1881 3318 ire.
1925 3290 2084 3325 [γρυλλῖζω]
2149 3292 2280 3327 Proprium
2293 3288 2326 3322 est
2337 3295 2443 3324 porco-w,

341 3339 362 3360 G
372 3340 409 3360 R1
419 3340 439 3359 Α
449 3339 478 3364 S,
498 3330 561 3357 adis.
582 3329 602 3356 f.
638 3328 729 3355 Herba.
765 3328 842 3363 Apul.
857 3336 879 3354 c.
890 3334 930 3361 50.
1396 3337 1458 3354 rum.
1528 3327 1592 3354 Plin.
1606 3335 1649 3358 32,
1664 3336 1678 3353 2
1709 3328 1842 3354 Grunnire
1856 3335 1915 3353 cum
1930 3335 2008 3360 quum
2026 3329 2150 3361 capiatur.
2220 3325 2330 3353 Porcelli
2344 3334 2443 3359 grun-li

339 3376 360 3394 G
370 3375 406 3395 Rx
419 3374 435 3394 c
448 3369 463 3394 ἴε
472 3374 493 3393 Ν
503 3374 524 3393 Α
533 3386 541 3398 ,
560 3366 600 3391 vel
613 3370 634 3391 G
643 3371 662 3390 R
672 3370 730 3391 1cE
739 3369 760 3388 N
771 3371 786 3389 E
795 3371 816 3390 A
827 3383 835 3395 ‚
855 3372 893 3389 ae.
913 3363 931 3389 f.
959 3361 1039 3389 Funis
1053 3362 1153 3395 crassus,
1165 3362 1259 3389 Festus.
1282 3364 1335 3390 Nec
1395 3363 1472 3389 niunt
1496 3363 1620 3397 Spartian.
1637 3363 1664 3388 in
1679 3362 1744 3389 Geta
1760 3373 1780 3390 c.
1791 3370 1812 3396 ς.
1882 3362 1972 3387 quen.
1985 3362 2034 3388 Sat.
2050 3371 2084 3394 ις,
2096 3371 2128 3389 22
2160 3362 2191 3388 Et
2202 3371 2262 3387 cnm
2274 3360 2419 3395 remigibus
2435 3356 2446 3393 i

342 3410 363 3430 G
374 3411 391 3429 R
402 3410 410 3429 1
422 3410 438 3428 1,
448 3411 464 3429 L
473 3409 492 3428 o
501 3421 509 3433 ‚
531 3407 551 3427 G
560 3408 578 3426 R
589 3407 622 3426 11.
632 3406 676 3425 ιν
685 3406 714 3432 s,
749 3398 801 3425 vid.
823 3404 843 3424 G
853 3405 871 3424 R
880 3406 897 3424 Y
908 3405 923 3423 L
932 3405 976 3425 ιν
985 3406 1006 3425 s.
1340 3404 1377 3428 90
1394 3398 1525 3432 grunnisse
1537 3397 1663 3431 Elpenora
1675 3398 1769 3432 porcis.
1821 3397 1892 3432 Conf.
1912 3398 1994 3423 Varro
2006 3404 2029 3423 et
2042 3398 2135 3424 Laber.
2149 3405 2186 3431 ap.
2200 3397 2271 3424 Non.
2280 3405 2302 3429 2,
2315 3399 2369 3428 356.
2433 3398 2447 3410 Α·

342 3445 361 3464 ς,
371 3446 388 3464 R
398 3446 406 3464 1
417 3444 432 3463 p
443 3444 491 3464 av
501 3443 512 3461 s
523 3456 531 3468 ‚
551 3436 571 3462 i.
596 3445 631 3462 m.
667 3435 783 3469 [γρῖφος]
838 3435 926 3459 Latine
937 3433 1031 3461 dicitur
1044 3434 1102 3459 Rue
1116 3433 1152 3466 (a
1164 3442 1208 3468 quo
1223 3433 1335 3469 Piscator
1432 3440 1508 3460 GRV
1518 3441 1538 3460 N
1548 3440 1568 3459 N
1579 3434 1620 3458 1’T
1630 3439 1650 3457 ν
1660 3439 1686 3464 s,
1706 3432 1744 3459 fis.
1771 3441 1805 3459 m.
1841 3432 2029 3466 [γρυλλισμός]
2082 3433 2137 3459 Cic.
2152 3433 2234 3459 Tusc.
2248 3441 2276 3464 ς,
2291 3434 2332 3457 116
2351 3440 2372 3457 c.
2384 3439 2421 3464 40
2439 3444 2441 3447 ·

306 3472 435 3498 Plautinus
449 3472 532 3506 Gripo
546 3471 573 3497 in
587 3470 705 3497 Rudente
718 3478 801 3495 nomen
815 3469 930 3502 inuenit)
969 3469 1032 3495 vnde
1049 3475 1072 3494 et
1090 3475 1194 3495 vocatur
1215 3470 1336 3505 Aenigma
1396 3469 1447 3495 Aut
1481 3468 1646 3503 grunnitum,
1683 3476 1764 3502 quum
1793 3468 1940 3501 iugulatur,
1975 3468 2035 3494 suis.
2111 3466 2273 3495 Grundimm
2297 3466 2421 3503 scribitur

306 3508 347 3531 vel
363 3508 439 3532 Sermo
452 3509 599 3540 implicitus,
618 3513 690 3541 atque
706 3507 848 3530 intricatus.
919 3503 986 3530 Gell.
1000 3512 1018 3534 1,
1033 3512 1049 3530 2
1074 3503 1200 3538 Aliosque
1216 3504 1242 3530 id
1256 3513 1335 3537 genus
1395 3504 1468 3530 Non.
1480 3513 1511 3537 2,
1529 3505 1579 3536 356.
2434 3505 2448 3517 ¹

309 3540 417 3574 griphos
430 3542 559 3567 neminem
573 3542 639 3575 posse
653 3541 756 3571 dicens,
782 3538 828 3565 nili
849 3539 889 3570 se,
915 3538 1060 3565 dissoluere.
1141 3539 1218 3572 Apul.
1238 3540 1308 3566 Flor.
1323 3549 1335 3566 2
1432 3545 1546 3571 GRvs,
1565 3537 1644 3573 gruis.
1662 3546 1697 3563 m.
1733 3538 1772 3563 vel
1789 3537 1808 3563 f.
1843 3539 1970 3573 [γέρανος]
2006 3538 2071 3564 Auis
2083 3544 2149 3564 nota.
2200 3537 2274 3572 Virg.
2290 3536 2386 3570 Georg.
2400 3544 2421 3568 1,

310 3584 334 3609 p.
350 3583 405 3606 347,
419 3583 431 3599 2
445 3575 472 3609 se
486 3576 589 3609 griphos
597 3576 705 3611 scribere
714 3573 778 3610 poffi
788 3573 928 3609 profitetur.
980 3576 1049 3600 Inter
1062 3574 1171 3600 Ausonii
1189 3574 1300 3607 Eidyllia
1314 3585 1335 3602 11
1350 3581 1381 3608 95
1398 3583 1439 3601 120
1469 3574 1629 3607 Strymoniae
1648 3572 1709 3598 dant
1724 3572 1791 3606 signa
1804 3582 1886 3606 grues.
1940 3573 2007 3600 Adai.
2031 3574 2068 3600 Id.
2083 3575 2146 3599 Aen.
2160 3582 2187 3599 10
2197 3593 2205 3605 ‚
2224 3575 2281 3606 265.
2352 3573 2419 3598 Hor.
2458 3591 2459 3596 ,

310 3610 345 3635 cst
359 3609 473 3642 Griphus
487 3611 593 3636 ternarii
606 3611 708 3637 numeri
729 3609 762 3636 ad
780 3619 848 3645 quem
859 3610 936 3635 multa
951 3611 1003 3634 viri
1018 3607 1093 3634 doffl.
1146 3609 1213 3635 ΑΜ.
1235 3612 1334 3646 Bulcng.
1397 3610 1478 3636 Serm.
1493 3619 1524 3642 2,
1538 3614 1565 3640 8,
1579 3614 1610 3642 87
1647 3608 1778 3641 Discerpta
1796 3609 1908 3635 ferentes
1939 3608 2059 3635 Membra
2077 3609 2147 3642 gruis
2167 3608 2241 3642 sparsi
2263 3607 2313 3634 sale
2326 3608 2420 3633 multo.
2431 3623 2445 3638 ..⁴

309 3645 338 3671 ‘le
350 3645 448 3671 Conmu.
459 3652 526 3676 3v35·
561 3652 583 3671 et
595 3645 657 3678 Voffl
672 3644 756 3678 Instit.
770 3646 876 3679 Orat.4.
928 3645 960 3670 In
972 3645 1336 3681 conuiuiisproponisolebant.
1397 3645 1463 3671 Plin.
1481 3654 1518 3677 10,
1534 3653 1557 3676 23
1584 3642 1701 3669 Inducias
1720 3642 1796 3669 habet
1813 3653 1874 3678 gens
1895 3645 2019 3678 Pygmea,
2042 3644 2151 3671 abscessu
2171 3653 2282 3677 gruum,
2308 3652 2366 3668 cum
2385 3641 2446 3674 iis..

315 3679 374 3708 Vid.
393 3679 482 3707 Athen·
503 3687 536 3704 10·
1397 3680 1585 3706 dimicantium.
1654 3678 1724 3704 Mira
1738 3679 1765 3705 de
1778 3681 1880 3715 grusbus
1890 3686 1940 3705 toto
1954 3680 1998 3705 hoc
2011 3683 2098 3714 capite.
2169 3681 2233 3706 Pulli
2239 3689 2326 3716 gruum
2338 3678 2433 3703 dicun-1
2437 3703 2444 3712 ἱ

692 3718 721 3748 G
816 3717 844 3748 R
940 3717 968 3747 O
1397 3722 1439 3742 tur
1450 3716 1574 3750 Vipiones
1594 3713 1631 3738 Id.
1646 3722 1683 3744 10,
1699 3723 1741 3747 49.
1811 3715 1910 3746 Grues,
1930 3721 1957 3740 vt
1968 3717 2048 3749 inqmt
2060 3714 2116 3740 Cic.
2125 3712 2157 3740 de
2170 3715 2204 3741 N.
2218 3716 2250 3741 D.
2264 3724 2287 3747 2,
2304 3723 2345 3747 125
2355 3722 2376 3738 e.
2384 3720 2420 3746 49
2458 3711 2467 3748 s

1343 3759 1390 3778 100
1398 3760 1479 3785 quum
1491 3751 1548 3776 loca
1567 3747 1692 3774 calidiora
1710 3756 1822 3783 petentes
1842 3750 1925 3775 maria
1942 3750 2134 3781 transmittunt,
2158 3751 2284 3784 trianguli
2305 3748 2420 3780 efficiunt
2466 3764 2472 3773 ι

346 3791 393 3812 GR
405 3791 424 3811 Ο
434 3789 539 3816 CCIO,
563 3782 611 3809 ire.
664 3786 766 3812 Coruus
785 3785 901 3819 groecire
917 3784 1023 3813 adortus
1056 3783 1131 3821 Apul.
1150 3786 1221 3814 Flor.
1238 3797 1255 3816 2
1272 3794 1336 3816 extr.
1397 3787 1525 3812 formam:
1558 3784 1612 3809 eius
1625 3790 1710 3809 autem
1724 3785 1826 3811 summo
1840 3785 1935 3818 angulo
1951 3787 1995 3810 a'e'r
2007 3784 2039 3810 ab
2053 3784 2086 3810 iis
2099 3784 2219 3811 aduersus
2233 3785 2352 3819 pellitur:
2376 3785 2418 3811 de·
2437 3792 2441 3794 ’
2467 3779 2479 3807 -i

310 3820 352 3848 Sic
366 3821 470 3846 Elmcnh.
534 3819 580 3846 Sed
594 3821 676 3844 uariat
694 3820 774 3846 lcflio.
1397 3821 1458 3847 inde
1469 3818 1557 3845 sentim
1571 3818 1603 3844 ab
1616 3825 1727 3853 vti-oque
1740 3820 1820 3846 latere
1834 3826 1955 3854 tanquam
1968 3819 2057 3851 remis,
2076 3819 2113 3846 ita
2125 3821 2216 3854 pennis
2229 3822 2315 3847 cursus
2328 3820 2419 3847 auium

348 3861 369 3882 G
382 3863 398 3881 R
409 3862 459 3882 OM
468 3862 489 3881 Α
498 3874 506 3886 ,
542 3853 595 3880 vid.
617 3859 637 3879 G
646 3860 664 3878 R
673 3860 692 3879 ν
701 3861 725 3879 Μ
734 3862 764 3881 A.
1398 3856 1507 3881 leuatur.
1562 3853 1627 3880 Baiis
1641 3861 1726 3880 autem
1740 3855 1881 3889 trianguli,
1901 3864 1979 3888 quam
1992 3852 2107 3881 efficiunt
2120 3864 2208 3889 grues,
2228 3864 2257 3881 ea
2271 3862 2391 3890 tanquam
2402 3863 2419 3881 a

347 3898 367 3917 G
376 3897 394 3916 R
403 3897 421 3917 O
430 3897 453 3916 M
463 3897 478 3915 Ρ
488 3897 508 3916 H
518 3890 534 3915 fi
543 3895 563 3913 N
574 3896 612 3921 A,
630 3897 668 3915 ae.
705 3889 726 3915 f.
775 3890 841 3917 Auis
856 3890 1020 3926 gruifimilis.
1055 3891 1121 3919 Plin.
1136 3901 1180 3925 30,
1197 3899 1220 3926 ς.
1274 3893 1337 3920 Item
1397 3889 1477 3924 puppi
1489 3888 1572 3915 ventis
1587 3889 1738 3921 adiuuatur,
1760 3899 1858 3924 eaeque
1872 3890 1898 3916 in
1911 3896 1984 3924 tergo
1999 3890 2206 3924 praenolantium
2219 3891 2286 3916 colla
2299 3896 2325 3917 et
2338 3890 2431 3924 capita,

312 3926 403 3953 Herba.
440 3925 514 3953 Idem
527 3926 561 3952 26
569 3944 580 3959 ,
592 3933 614 3957 7.
1344 3933 1388 3961 105
1395 3929 1532 3960 reponunt.
1569 3925 1640 3959 quod
1653 3926 1715 3960 quia
1728 3926 1781 3960 ipse
1794 3925 1846 3952 dux
1857 3925 1943 3953 facere
1954 3933 2008 3953 non
2019 3925 2119 3961 potest,
2143 3926 2206 3960 quia
2218 3934 2273 3952 non
2283 3925 2360 3954 habet
2372 3923 2416 3950 vbi

2314 3960 2419 3990 nitatur,
