2479 4225
746 151 792 194 N
874 149 908 190 F

749 242 804 268 Cic.
820 247 868 274 pro
881 237 941 265 Mil.
955 243 990 272 70
1009 244 1031 264 c.
1044 239 1079 264 26
1102 236 1222 270 Quantae
1235 234 1276 261 in-

244 176 337 216 1099
639 154 657 194 Ῑ

241 250 318 285 posse.
353 246 421 274 ΑΜ.
433 246 505 273 Idem
517 245 545 272 B.
559 244 589 272 C.
603 252 628 276 2,
641 251 677 275 33.

241 285 377 312 fidelitates
394 283 422 308 in
440 281 540 308 amicis.
1220 306 1225 311 ¹

281 327 292 345 1
303 325 323 344 N
334 324 351 344 F
364 319 374 343 i
387 321 408 342 G
419 323 437 341 O
447 337 455 349 ,
475 317 518 348 xi,
536 324 616 347 xum,
636 315 688 341 gre.
724 310 903 345 [ἓμπῆγνυμι]
940 309 1013 336 Intus
1024 306 1115 343 figere.
1150 305 1274 347 Gladium

242 354 351 388 infigere
365 352 434 378 hosti
447 353 475 378 in
488 352 576 386 peetus
591 351 645 378 Cic.
661 346 768 374 Tuscut.
783 354 810 379 4,
821 353 857 378 49
882 354 903 370 e.
917 352 951 370 22.
1020 344 1097 383 Ictus.
1105 350 1213 382 corpori
1235 341 1274 367 Id.

243 390 324 417 Tusc.
339 396 365 420 2,
379 396 418 414 20.
486 388 583 421 Sagitta
599 384 717 417 infigitur
733 380 842 410 arbore,
858 386 905 414 pro
919 381 950 406 In
963 378 1048 406 arbore
1065 378 1160 412 virgil.
1174 379 1238 417 Aen.
1254 384 1276 409 5,

243 433 303 459 504.
369 422 504 449 Venabula
519 423 666 456 sagittarum
686 415 912 451 praetereuntibus
925 415 990 441 Plin.
1003 419 1027 446 8,
1041 419 1063 444 8.
1130 414 1275 454 praecipue

244 461 289 486 illa
302 458 391 493 infigat
406 459 501 485 animis
515 455 621 490 Qiinffl.
635 462 654 484 1,
665 457 687 483 8,
702 460 740 484 14.
811 450 951 484 Qudquid
965 449 1075 476 infixum
1088 454 1113 474 et
1128 454 1276 483 ingenitum

244 495 280 522 est
293 495 351 521 sen.
364 495 409 528 Ep.
424 503 454 521 11.
546 491 610 517 Plin.
625 487 699 521 Epist.
716 495 743 518 1,
757 494 788 511 20
801 493 846 521 pr.
871 485 1065 512 Praeuaricatio
1084 484 1162 511 etiam
1182 483 1276 510 cursim

243 536 269 557 et
283 530 402 556 breuiter
419 537 484 563 quae
497 527 544 553 fint
557 522 723 553 inculcanda,
743 521 874 555 infigenda
884 541 893 554 ,
916 520 1064 556 repetenda.
1156 520 1212 546 Cic.
1227 526 1277 553 pro

244 566 350 593 Cluent.
371 572 400 599 ¹7
415 565 482 591 'Hoc
500 559 570 595 quod
587 559 615 583 in
635 556 819 583 communibus
837 556 977 583 hominum
997 555 1126 587 sensibus,
1150 560 1229 589 atque
1249 554 1277 579 in
1287 568 1318 587 10

243 603 299 636 ipsa
311 607 401 627 natura
415 598 522 625 Positum
535 601 612 628 atque
624 592 734 618 infixum
747 592 792 618 est.
900 591 1030 626 Qiuc'til.
1043 600 1068 625 9,
1080 600 1103 624 2,
1116 600 1134 625 4
1158 591 1218 617 Alia
1236 598 1277 616 re-

244 638 387 673 petitione,
407 635 456 661 alia
469 629 677 657 commoratione
691 628 812 662 infigere.
1135 660 1140 666 .
1250 660 1256 665 .

281 680 290 698 1
301 679 322 698 N
332 678 391 698 p1x
403 676 420 693 v
432 675 461 699 s,
477 675 509 698 a,
535 674 589 691 um.
625 664 717 690 Partit.
754 663 975 697 [ἐμπεπηγμένος]
1010 662 1121 689 Animus
1134 660 1230 687 infixus
1249 669 1278 687 111

245 708 343 743 patriae
357 704 460 730 caritate
473 702 528 727 Cic.
543 700 575 727 ad
589 701 661 727 Brut.
677 708 711 732 15.
782 699 867 725 Dolor
885 697 981 724 infixus
994 698 1083 724 animo
1097 697 1187 723 haeret
1201 696 1277 722 Idem

245 743 354 775 Philipp.
370 748 391 769 2,
402 741 437 770 64
457 746 477 762 c.
490 738 531 764 26.
603 735 702 762 Infixus
716 733 817 769 pedion
831 733 916 760 Dolor
929 734 1037 767 Qun&
1052 742 1078 766 9,
1092 742 1113 764 2,
1127 735 1166 759 26.

244 779 289 806 stis
301 775 394 803 infixus
408 772 547 798 moenibus
561 771 606 797 Sil.
622 779 652 800 11,
666 778 717 804 173.
820 769 876 795 Cic.
891 769 922 794 de
937 769 1034 796 Natur.
1051 770 1132 795 Deor.
1147 777 1167 800 1,
1185 776 1221 801 49
1247 769 1279 794 In

243 822 285 840 eas
298 810 421 843 imagines
434 809 552 835 Mentem
567 806 702 835 intentam,
721 804 881 839 infixamque
893 804 1008 831 nostram
1022 803 1224 838 intelligentiam
1241 812 1279 829 ca-

243 856 313 884 pere,
333 853 398 879 quae
411 843 442 870 fit
455 849 480 869 et
493 843 566 869 beata
579 847 671 867 natura
689 846 715 866 et
728 845 841 866 aeterna.
935 840 990 866 Pila
1004 840 1084 866 infixa
1097 841 1125 866 in
1138 840 1217 874 tergis
1231 839 1279 865 ho-

242 884 319 910 stium
335 880 397 906 Liu.
411 887 454 913 27,
468 887 507 912 14.
573 876 677 910 Religio
695 875 776 901 infixa
794 874 889 901 animis
907 874 980 901 Idem
995 884 1040 909 29,
1062 881 1087 905 18
1102 882 1146 910 pr.
1218 875 1279 901 Liu.

1336 876 1415 908 pauci
1432 877 1580 901 nutrimenti
1598 876 1664 902 Cels.
1680 884 1701 906 2,
1714 880 1739 904 18
1754 881 1801 908 per
1815 880 1903 900 totum.

2357 3 2360 8 ·
2387 0 2432 27 ιν,

1715 141 1980 183 INF

1338 234 1411 261 enim
1425 229 1567 263 admodum
1581 234 1710 262 infirmus.

1340 270 1444 298 futuros
1457 272 1613 305 profitemur
1627 270 1728 297 infirmi
1745 270 1812 296 Plin.
1827 277 1853 304 7,
1865 271 1908 295 26.

1340 305 1412 332 firmi
1425 308 1510 333 sumus
1524 307 1594 334 Ibid.
1688 304 1877 332 Infirmissimus
1891 304 2043 331 valetudine
2057 305 2123 332 Vell.
2137 314 2159 338 2,
2173 312 2218 340 70,
2231 313 2249 330 1.

1340 343 1390 366 tius
1400 348 1480 376 patet.

1978 270 2101 304 Optimos
2120 271 2167 297 else
2179 277 2244 300 nos,
2265 266 2327 293 dum
2340 267 2382 292 in-

1536 344 1591 370 Cic.
1606 342 1634 368 in
1648 341 1732 367 Pison.
1748 344 1784 374 64
1804 342 1883 367 Nunc
1897 341 1977 367 etiam
1991 341 2019 367 in
2032 340 2080 366 hac
2095 340 2258 374 quotidiana,
2277 336 2382 376 assidua,
2411 343 2414 347 ·
2465 355 2471 362 ,

1340 376 1491 412 vrbanaque
1502 379 1557 405 vita
1570 377 1734 413 splendorem
1747 383 1840 408 tuum,
1860 376 1987 410 gratiam,
2005 375 2182 402 celebritatem
2203 374 2382 403 domesticam,
2427 397 2440 404 .,
2468 374 2476 391 '-

1764 233 1848 261 Tales
1864 233 1912 260 effe
1926 231 1980 260 sani
1995 233 2207 268 perseuercmus,
2224 228 2313 267 quales
2332 238 2381 258 nos
2409 237 2412 243 ’
2429 229 2435 232 ”

2290 128 2378 184 1100
2456 187 2458 194 ,

2285 301 2333 329 Sed
2345 303 2382 328 la-
2412 311 2414 314 ’
2447 285 2469 316 ζ’

1341 420 1448 445 operam
1459 413 1605 446 forensem,
1625 412 1771 443 confilium,
1788 412 1934 443 auxilium,
1953 411 2155 443 auetoritatem,
2171 409 2326 436 sententiam
2338 407 2382 433 Se·
2420 414 2435 442 fs
2460 409 2477 438 ’ἲ

1341 448 1471 474 natoriam
1488 449 1581 480 nobis,
1601 456 1660 480 aut,
1680 454 1708 474 vt
1727 447 1816 474 verius
1835 447 1937 480 dicam,
1961 448 2085 482 cuiquam
2108 455 2135 472 es
2159 444 2332 471 infit-minimo
2351 450 2382 469 ac
2448 461 2477 479 ,ἢ

1341 482 1543 517 desperatissimo
1561 490 1621 513 ante
1633 485 1732 511 laturus
1747 485 1755 509 3

1340 523 1383 544 tur
1396 518 1490 553 infideli
1511 523 1560 547 rmi.

1341 553 1527 587 obseruauimus.

1341 594 1433 615 contra
1445 589 1558 623 ingeniis
1572 591 1725 618 dixerimus.

1342 624 1404 650 Sum
1417 626 1506 658 paullo
1521 626 1654 653 infirmior
1673 627 1740 652 Hor.
1754 625 1836 651 Serm.
1853 633 1873 657 1,
1887 633 1914 657 9,
1927 632 1966 659 71.
2258 657 2259 661 Ἰ

1342 659 1437 686 melius
1455 661 1574 688 infirmus
1595 662 1675 688 Actor
1697 661 1784 687 tacitis
1804 659 1925 686 iudicum
1944 659 2152 694 cogitationibus
2165 657 2318 692 reliquisset.
2355 653 2386 694 de

1341 694 1444 728 affeetu.
1515 698 1591 724 Aetas
1611 696 1691 724 Ouid.
1706 696 1771 722 Fast.
1785 698 1811 728 6,
1829 703 1886 728 599.
1989 695 2058 722 Ter.
2077 696 2143 722 Hec.
2161 702 2190 726 3,
2211 703 2236 726 ¹2
2255 700 2280 724 3¹
2306 692 2385 717 Puefl

1221 733 1277 758 Ho-
1298 747 1324 773 15
1342 730 1413 757 inter
1436 731 1488 757 sese
1507 742 1584 767 quam
1606 742 1654 767 pro
1675 731 1780 758 leuibus
1799 732 1876 757 noxis
1897 731 1948 758 iras
1973 735 2076 765 gerunt.
2112 727 2296 768 quapropter?
2321 726 2386 761 quia
2429 757 2446 769 Ι,
2473 758 2475 765 ¹

2166 766 2244 791 Artus
2263 761 2387 788 infirmos

1927 803 2012 836 Caput
2034 802 2129 828 Horat.
2145 800 2223 835 Epist.
2245 808 2270 830 1,
2291 805 2329 832 17,
2346 804 2386 830 14.
2415 799 2431 838 Y1

2291 833 2388 865 Cibus,
2471 861 2474 864 Ι

1974 872 2060 899 Claffis
2076 872 2153 906 inops
2167 876 2193 897 et
2208 869 2314 896 infirma
2325 877 2388 904 pto·
2420 884 2431 895 .-

1343 767 1414 792 enim
1429 767 1476 801 qui
1490 777 1533 794 eos
1549 769 1676 803 gubernat
1689 769 1816 799 Animus,
1835 766 1970 793 infirmum
1992 771 2095 800 gerunt.

1341 801 1439 828 baculo
1457 802 1562 830 sustinet
1578 804 1658 830 Ouid.
1674 804 1737 830 Met.
1751 805 1783 835 6,
1799 810 1842 837 27.

1343 837 1442 864 Causae
1456 838 1594 866 leniffimae
1611 846 1636 866 et
1650 838 1835 865 intirmiffimae
1854 837 1910 864 Cic.
1923 846 1972 872 pro
1985 837 2089 863 Cluent.
2127 855 2134 862 .
2168 855 2174 862 .

1850 481 2020 509 Infirmiffimi
2033 481 2165 509 Columel.
2178 490 2199 513 3,
2211 489 2250 512 10,
2263 482 2279 505 6
2296 479 2382 518 dicun-
2416 483 2433 511 ἐς·
2458 484 2475 516 χζ

1632 520 1733 547 Milites
1752 517 1914 546 infirmiores
1933 519 2005 545 Caes.
2016 518 2044 544 Β.
2058 518 2089 544 C.
2102 526 2123 549 1,
2136 519 2181 549 64.
2208 523 2236 542 vt
2249 515 2277 541 de
2291 515 2382 554 Firmo
2469 531 2471 534 Α

1598 554 1727 589 Quinffll.
1739 563 1768 587 4,
1782 563 1791 580 1
1813 554 1839 580 Si
1853 563 1900 580 nos
1921 553 2058 586 infirmos,
2077 559 2103 580 et
2119 553 2233 586 impares
2248 555 2384 584 agentium
2427 559 2433 569 ³
2467 584 2470 591 Δ

1819 589 1923 616 Infirmi
1936 589 1968 616 ad
1980 588 2149 616 resistendum
2163 588 2234 614 Caes.
2248 586 2276 612 B.
2287 586 2317 611 C.
2326 593 2349 616 3,
2357 592 2383 616 9.
2417 609 2419 613 ,
2463 589 2472 620 ⁶.

2036 624 2148 658 (ξι-111161.
2161 625 2188 655 6,
2202 631 2221 653 1,
2233 631 2272 655 44
2295 622 2386 653 Quem
2416 630 2417 633 ¹
2439 615 2473 672 ’.μζ

240 927 265 951 3,
278 925 306 951 71
326 916 363 942 Eo
377 916 401 941 se
414 915 479 940 Rem
494 912 625 940 Vetustate
641 911 826 943 obliteratam,
845 916 976 937 caeterum
996 912 1055 938 suae
1074 910 1220 938 memoriae
1239 911 1279 936 in-
1292 928 1328 947 20
1343 914 1400 942 pter
1423 908 1594 937 dimissionem
1620 917 1846 945 propugnatorum
1871 915 1950 943 atque
1973 909 2105 941 remigum
2128 907 2184 934 Cic.
2201 907 2278 932 Verr.
2297 914 2327 936 5,
2347 908 2387 936 85.

1060 982 1156 1008 Vultus
1170 946 1281 1009 haeYeiit

242 954 320 980 fixam
334 950 436 977 afferre.
501 948 602 974 Telum
616 946 728 973 infixum
742 946 853 972 educere
867 946 947 972 Ouid.
962 948 1027 974 Met.
1039 955 1075 979 13,
1088 955 1141 978 393.

240 997 289 1015 nus
304 986 413 1012 infixum
429 983 518 1011 stridet
532 983 578 1009 sub
593 982 699 1017 peelore
714 983 790 1017 Virg.
805 983 871 1008 Aen.
885 991 914 1015 4,
926 985 984 1015 689.

240 1023 317 1051 infixi
330 1021 436 1056 pectore
448 1020 524 1054 Virg.
538 1020 602 1045 Aen.
615 1027 642 1051 4,
656 1028 683 1052 4.

277 1061 503 1087 INFICTVS‚
525 1061 570 1089 pro
590 1052 847 1088 1NF1xvs‚l.7
871 1052 897 1078 ff.
919 1051 1208 1079 deIncend.etruina.

276 1101 287 1120 1
297 1099 362 1119 NFI
375 1098 395 1118 G
407 1096 581 1122 VRATvs,
606 1098 638 1121 a,
664 1097 717 1115 um.
753 1088 813 1117 Adi,
851 1088 960 1114 Theod.
974 1089 1095 1116 Priscian.
1114 1097 1138 1119 2,
1158 1097 1168 1114 1
1189 1087 1282 1116 Febris
1298 1107 1327 1134 ²5
1345 1085 1461 1112 bandum
1482 1088 1537 1114 Cic.
1550 1097 1598 1122 pro
1612 1089 1718 1115 Caecin.
1734 1091 1778 1121 64.

241 1129 348 1163 simplex
362 1134 387 1154 et
402 1126 540 1161 infigurata
549 1145 557 1157 ,
576 1133 635 1160 quae
649 1131 740 1159 typum
756 1124 862 1150 nondum
874 1124 962 1156 habet,
979 1130 1009 1150 vt
1022 1126 1154 1159 loquuntur
1167 1124 1246 1150 hodie.

252 1170 255 1174 ·
277 1174 288 1192 1
297 1172 318 1191 N
329 1171 344 1190 1ἒ
354 1172 363 1189 1
374 1170 394 1190 G
403 1168 504 1188 VRAB
513 1168 522 1186 1
533 1167 549 1185 L
562 1167 570 1185 1
581 1168 610 1192 s,
630 1168 652 1186 e.
689 1160 749 1186 Adi.
785 1159 862 1186 Idem.
900 1160 1031 1187 Ammian.
1044 1168 1090 1192 24,
1102 1169 1120 1193 4
1145 1160 1280 1196 Compage

241 1202 390 1232 scutorum,
411 1197 482 1224 velut
496 1195 625 1223 testudine
637 1194 849 1230 infigurabilium
863 1195 1016 1228 fornicum,
1035 1194 1232 1230 operiebantur.

277 1239 473 1265 1Nrimvs,
507 1232 560 1258 vid.
583 1237 765 1258 iurenvs.

277 1277 361 1298 INFI
375 1276 396 1295 N
407 1274 470 1299 Do,
490 1268 543 1294 ere.
579 1265 706 1303 [ἒνχίζω]
744 1265 869 1292 findendo
887 1263 979 1300 efficere
998 1269 1024 1292 in
1043 1267 1094 1293 alia
1113 1276 1149 1294 re.
1185 1266 1283 1300 Virgil.

240 1307 293 1334 Ecl.
307 1316 342 1340 4,
360 1314 383 1337 33
407 1303 526 1338 Oppida,
545 1311 611 1338 quae
627 1302 735 1329 iubeant
751 1301 843 1329 telluri
862 1301 992 1328 infindere
1006 1302 1099 1328 sulcos.
1155 1302 1197 1329 Sic
1209 1302 1284 1329 Idem

240 1345 306 1371 Aen.
376 1349 384 1366 1
408 1348 431 1366 2.

276 1385 286 1403 1
296 1349 366 1403 N5F'1
377 1350 412 1402 1341
425 1380 469 1402 BV
478 1379 571 1406 LVM,
591 1373 610 1400 i.
640 1382 666 1400 n.
706 1372 850 1406 Turnebus,
871 1372 1013 1400 Infidibula
1027 1372 1056 1398 ab
1070 1372 1226 1399 Infindendo
1240 1382 1283 1399 no-

240 1424 293 1442 mrn
300 1414 364 1448 June
375 1411 477 1445 adepta,
497 1409 582 1445 quibus
595 1416 713 1444 tanquam
725 1409 883 1444 infitzdumur
896 1408 957 1444 vasa
970 1406 1069 1444 angusti
1082 1412 1143 1441 oris,
1161 1415 1190 1434 vt
1204 1412 1283 1441 urcei,

240 1451 280 1477 vel
293 1449 359 1475 dolia
368 1454 414 1482 per
426 1445 556 1471 testor-ium
566 1464 575 1478 ,
592 1452 622 1470 vt
632 1445 717 1471 humor
737 1451 781 1471 aut
793 1448 878 1470 vinum
890 1444 1051 1480 infundatur.
1087 1445 1180 1471 Melius
1193 1444 1284 1470 insun—
1298 1464 1325 1489 3)

241 1484 332 1512 dibula
352 1483 390 1509 vel
403 1480 561 1508 infudibula.
597 1481 665 1506 Haec
684 1480 731 1506 ille.
784 1479 926 1506 Infidibula
944 1482 971 1506 in
989 1481 1064 1507 MSS.
1088 1481 1203 1516 leguntur
1217 1479 1284 1516 apud

241 1522 335 1548 Caton.
348 1519 379 1544 R.
392 1518 423 1543 R.
444 1527 465 1543 c.
481 1525 509 1542 10
528 1523 550 1542 et
566 1524 597 1542 11.
623 1517 666 1542 vbi
679 1517 710 1541 al.
723 1515 902 1542 infundibula.

279 1563 319 1582 ΙΝ
328 1561 343 1581 F
354 1561 364 1579 1
375 1561 397 1579 N
408 1554 498 1579 ITVS
507 1571 516 1584 ,
537 1560 561 1583 a,
577 1560 631 1578 um.
668 1551 728 1577 Adi.
766 1551 921 1586 [οἶπειρὲσιος,
936 1549 1086 1585 ingemi-05]
1122 1550 1214 1577 Finito
1226 1560 1284 1577 con-

242 1594 349 1618 trariam
366 1588 436 1614 habet
453 1585 664 1623 significationem.
720 1586 839 1626 Cicspro
852 1587 928 1613 Rosc.
941 1587 1016 1613 Com.
1031 1595 1066 1619 24
1094 1588 1149 1620 Qii
1162 1593 1244 1612 tantas
1258 1592 1284 1613 et

244 1634 298 1653 tam
310 1624 424 1651 infinitas
437 1623 573 1657 pecunias,
592 1631 645 1647 non
659 1628 766 1656 propter
780 1623 901 1649 inertiam
916 1622 1032 1654 laboris,
1053 1623 1095 1648 sed
1110 1628 1218 1656 propter
1230 1631 1283 1648 ma-
1290 1634 1328 1660 40

244 1659 423 1695 gnificentiam
442 1657 607 1684 liberalitatis
626 1657 781 1691 repudiarit.

246 1697 302 1723 Cic.
316 1697 391 1721 Verr.
406 1703 430 1725 4,
445 1701 496 1724 107.
566 1692 674 1718 Auxilia
693 1701 784 1726 regum
803 1693 910 1726 Eutrop.
930 1701 957 1724 4,
974 1701 1000 1725 9,
1015 1701 1038 1718 2.

247 1741 268 1764 ς,
282 1737 295 1761 8
318 1740 340 1757 c.
355 1740 373 1764 4
399 1727 566 1762 Caedemque
580 1726 710 1752 infinitam
724 1727 824 1752 ciuium
838 1728 960 1753 fec-inens.

245 1768 362 1802 persanat
381 1763 571 1797 (emplastrum)
590 1762 710 1788 scribon.
725 1770 775 1787 221.
794 1765 812 1787 i.
826 1763 949 1797 immensa.

245 1801 419 1829 immoderata
430 1797 568 1831 Cupiditas
582 1797 683 1823 Autffior
695 1797 727 1823 ad
740 1798 857 1823 Herenn.
872 1806 884 1822 2
909 1807 929 1823 c.
944 1804 986 1822 22.

245 1836 365 1864 Scribon.
379 1842 431 1867 190.
448 1841 504 1864 194.
573 1832 686 1858 Dolores
705 1831 804 1857 infiniti
825 1832 897 1858 Idem
913 1837 964 1864 ¹98·
1035 1833 1171 1866 Aquarum
1185 1833 1285 1859 Dubius

245 1871 370 1906 Spartian.
383 1869 411 1894 in
425 1867 506 1893 Hadr.
526 1875 548 1892 c.
561 1874 605 1892 20.
677 1866 768 1891 Genus
783 1866 918 1892 infinitum
935 1867 1072 1893 inuenerat
1089 1868 1120 1893 ad
1136 1868 1286 1894 innumera-

243 1908 327 1935 bilem
341 1903 477 1939 pccuniam
490 1900 683 1934 corripiendam
697 1901 754 1926 Cic.
766 1901 844 1926 Verr.
859 1909 884 1932 2,
897 1900 922 1932 55
989 1901 1027 1927 Id.
1042 1903 1119 1928 Verr.
1133 1911 1158 1932 2,
1177 1909 1189 1932 8
1217 1903 1286 1928 Post-

245 1952 324 1978 quam
336 1941 371 1967 M.
386 1937 496 1965 Antonii
512 1935 646 1961 infinitum
659 1935 725 1961 illud
741 1935 884 1968 imperium
899 1936 1037 1961 senserant.
1142 1937 1232 1963 Labor
1245 1946 1287 1962 re.

872 1658 1020 1684 Altitudine
1039 1657 1143 1685 infinita
1163 1658 1285 1692 spelunca

1132 1694 1188 1720 Cic.
1205 1693 1285 1720 Catil.

1026 1728 1166 1754 Celeritate
1180 1728 1286 1755 infinita

1020 1763 1158 1794 Iiumeusa,
1172 1763 1287 1793 infinita,

245 1988 308 2006 rum
318 1974 459 2003 forensium
473 1972 592 1999 infinitus
607 1971 663 1998 Cic.
677 1971 709 1996 de
721 1970 795 1997 Orat.
810 1979 829 2001 1,
839 1979 859 1996 1.

245 2023 267 2040 2,
338 2010 449 2037 Potestas
465 2007 524 2034 Liu.
539 2015 561 2039 3,
574 2016 601 2039 9.
671 2005 774 2032 Pondus
793 2006 853 2031 auri
870 2006 1025 2039 argentique
1045 2006 1153 2040 Eutrop.
1169 2015 1193 2037 2,
1211 2010 1249 2038 16,
1265 2013 1286 2039 5.

245 2047 416 2083 Qiaestiones
431 2044 487 2071 Cic.
501 2042 579 2070 Acad.
591 2050 618 2075 4,
633 2048 682 2076 117.
706 2044 723 2066 i.
738 2043 863 2076 generales
876 2051 923 2067 mm
938 2040 1062 2076 definitae.
1113 2041 1161 2068 Sal
1175 2042 1217 2068 hic
1233 2042 1288 2077 pos-

237 2085 292 2120 ]int
304 2086 376 2109 ctiam
388 2079 502 2115 infinitae
514 2087 611 2104 numero
625 2076 743 2113 intelligi.
777 2076 856 2112 Apud
862 2078 982 2102 Rhetoras
995 2083 1074 2102 autem
1088 2076 1194 2103 Infinita
1209 2086 1288 2111 quae-

246 2120 296 2147 stio
317 2117 349 2151 efl'
367 2115 446 2143 nullis
466 2121 551 2148 neque
565 2112 697 2147 ρει-101115,
718 2120 804 2146 neque
821 2111 985 2146 temporibus
1006 2117 1104 2138 notata.
1157 2112 1215 2139 vid,
1229 2113 1286 2139 Cic.

600 2147 731 2181 Quinem.
745 2153 768 2179 8,
783 2148 823 2173 Pr.
838 2152 859 2177 8.

768 2182 825 2208 Vid.
849 2183 971 2216 Persequi
990 2183 1066 2216 Spem
1086 2183 1234 2214 infinitam,
1260 2186 1288 2208 in

245 2155 336 2182 Partit.
356 2162 377 2179 c.
393 2160 403 2179 1
417 2158 440 2177 et
452 2156 477 2179 18
499 2156 544 2176 etc.

246 2192 308 2226 Spes
334 2188 388 2216 Cic.
408 2195 457 2222 pro
477 2185 566 2212 Deiot.
583 2219 587 2224 ·
604 2203 610 2210 .
648 2203 655 2210 .
693 2202 701 2209 .
850 2218 855 2223 ι
1181 2219 1186 2222 Ι
1218 2218 1226 2223 ³
1250 2218 1255 2223 ι

247 2234 262 2254 S
273 2233 288 2252 p
298 2232 314 2253 Ε
324 2232 352 2252 s.
422 2221 497 2249 Idem
515 2220 546 2246 de
560 2220 617 2246 Fin.
631 2226 651 2251 1,
663 2220 700 2260 64
727 2218 785 2245 Nec
803 2226 933 2244 maiorem
947 2217 1109 2251 voluptatem
1127 2227 1159 2244 ex
1180 2220 1288 2244 1111111110

245 2262 385 2295 Tempore
398 2258 488 2285 aetatis
500 2255 599 2291 percipi
614 2255 682 2288 pofle
692 2273 700 2286 ,
717 2263 796 2288 quam
811 2262 842 2279 ex
858 2252 907 2279 hoc
921 2253 1097 2287 percipiatur,
1117 2254 1188 2287 quod
1201 2253 1289 2279 videa-

246 2306 305 2325 mus
319 2297 366 2323 effe
380 2294 494 2320 finitum.
567 2291 601 2316 Ex
620 2289 726 2316 infinito
746 2289 910 2316 contrabium
930 2295 1050 2323 tempore
1064 2289 1163 2315 bellum
1184 2289 1289 2315 Lucret.

248 2342 272 2365 2,
287 2341 344 2367 574·
585 2365 588 2368 ,
652 2364 656 2368 ,
714 2364 717 2367 ,
1045 2359 1051 2364 ,

247 2369 322 2395 verba
334 2363 485 2399 concursione
503 2363 627 2390 Vocalzum
646 2362 818 2395 imputantur,
838 2367 860 2387 et
873 2360 940 2386 nulla
947 2360 1105 2395 fieumjinem
1119 2360 1215 2392 habeat,
1230 2369 1290 2395 quae

247 2414 287 2431 res
300 2405 402 2429 maxime
413 2401 534 2429 hiulcum,
553 2401 638 2428 ailant,
653 2396 748 2432 versum
756 2396 838 2432 facit.
895 2395 943 2423 Sed
954 2403 1031 2422 metuo
1039 2415 1047 2427 ‚
1070 2405 1099 2421 ne
1111 2402 1189 2421 totum
1201 2396 1247 2422 hoc
1261 2395 1289 2421 de

248 2440 324 2466 versu
347 2436 453 2464 infinito
472 2434 540 2462 nihi!
557 2433 598 2466 lit.
654 2433 696 2460 Sic
712 2435 775 2458 enim
790 2430 847 2467 post
866 2433 966 2459 Manat.
986 2439 1010 2457 et
1028 2432 1140 2457 Lambin.
1155 2432 1291 2457 Gruterus:

248 2475 297 2502 Sed
319 2473 456 2508 proximus
475 2470 579 2502 (versus
594 2468 688 2500 Ennii,
706 2469 746 2494 vel
758 2470 939 2503 cuiuscunque)
959 2467 1129 2502 inquinatus,
1149 2465 1290 2492 insuauissi-

247 2520 290 2538 ma
305 2510 381 2536 litera
395 2507 492 2537 finitus,
504 2504 644 2539 Frugifera
656 2510 682 2530 et
694 2503 793 2530 fertilia
806 2512 869 2531 arua
882 2503 954 2529 Asiae
967 2509 1045 2530 tenet.

248 2555 303 2573 non
322 2544 401 2571 habet
415 2548 580 2570 extremum,
598 2539 733 2566 infinitum
752 2539 781 2565 fit
795 2540 891 2565 neccffe
904 2539 939 2565 est
954 2539 1010 2565 Cic.
1025 2538 1056 2564 de
1070 2537 1162 2565 Diuin.
1176 2546 1192 2565 2
1214 2547 1235 2564 c.
1251 2547 1290 2568 50·

249 2581 291 2610 Ab
305 2580 410 2606 infinito
424 2578 503 2605 Plaut.
520 2575 624 2602 Mostel.
663 2595 669 2602 .

707 2595 713 2602 .
830 2575 896 2601 Plin.
911 2583 944 2607 13,
959 2583 975 2607 9
1000 2575 1112 2601 Siccatus
1126 2573 1240 2600 durescit
1257 2572 1291 2599 ad

249 2616 395 2644 infinitum.
447 2615 477 2640 In
489 2612 641 2643 infinitum,
660 2610 713 2637 vid.
730 2617 776 2636 1Ν.

829 2610 912 2638 Abire
926 2612 954 2637 iu
968 2610 1111 2642 infinitum,
1132 2609 1185 2635 vid.
1200 2615 1292 2635 ΑΒΕΟ.

250 2654 360 2686 Eutrop.
373 2652 399 2681 6,
413 2657 445 2678 13.
480 2654 503 2673 et
514 2656 540 2680 9,
553 2656 579 2679 9,
595 2655 611 2678 9
636 2647 667 2672 In
681 2655 735 2680 quo
749 2645 883 2673 infinitum
895 2647 953 2672 auri
967 2653 1185 2680 gemmarumque
1198 2644 1294 2670 consti-

250 2689 312 2715 tuit.
353 2685 401 2712 Vbi
413 2682 516 2710 Pondus
530 2682 630 2708 videtur
638 2681 778 2717 subaudiri.

251 2733 273 2749 c.
289 2728 302 2752 8
321 2720 438 2748 Partium
452 2717 605 2745 distributio
618 2718 692 2751 saepe
705 2716 740 2743 ost
755 2716 903 2747 infinitior,
921 2724 1047 2752 tanquam
1060 2717 1182 2744 riuorum
1194 2724 1209 2742 a
1221 2716 1295 2742 fonte

251 2757 411 2818 deilb&ki(i·N
423 2790 464 2815 i‘r
473 2795 499 2815 Ε.
535 2786 604 2814 Acin.
641 2784 712 2819 [ἄνευ
725 2786 843 2820 πέρατος]
879 2786 936 2814 Sine
949 2786 1017 2813 modo
1030 2794 1054 2813 et
1067 2790 1165 2814 ratione
1176 2793 1219 2813 aut
1231 2796 1295 2813 men-

266 2838 319 2855 ura.
358 2826 413 2854 Cic.
425 2825 453 2851 in
465 2823 555 2851 Parati.
568 2824 594 2854 6,
607 2831 617 2854 3
639 2821 681 2848 Illi
696 2827 784 2848 aurata
802 2821 870 2848 tedia
888 2821 915 2847 in
930 2822 1019 2854 villis,
1041 2828 1066 2848 et
1080 2823 1133 2848 sola
1146 2831 1294 2849 marmorea

253 2862 378 2894 facienti,
397 2866 422 2887 et
436 2860 521 2895 signa,
541 2857 657 2889 tabulas,
672 2856 876 2891 supellectilem,
897 2864 922 2883 et
937 2858 1033 2884 vestem
1050 2858 1154 2884 infinite
1172 2859 1295 2893 concupi·
1308 2868 1340 2897 75
1357 2858 1459 2891 cogniti
1478 2862 1503 2883 et
1523 2857 1632 2891 cogniti.

254 2899 352 2932 scenti,
371 2904 416 2923 etc.
471 2894 578 2921 Infinite
591 2892 670 2919 secari
683 2899 761 2927 atque
779 2891 865 2918 diuidi
879 2894 979 2927 possunt
992 2893 1029 2919 ld.
1044 2894 1122 2920 Acad.
1138 2903 1158 2926 1,
1171 2902 1214 2928 27.

293 2942 333 2961 1Ν
345 2939 360 2959 F
372 2941 382 2959 1
396 2939 418 2958 N
430 2938 516 2961 vro,
555 2928 713 2963 [dunel-ms]

254 3006 321 3034 stare
335 3004 441 3030 caeteris
454 3001 571 3028 eiusdem
585 3007 687 3033 generis
700 2998 768 3025 alibi
784 2999 889 3031 genitis.

294 3049 303 3067 1
315 3048 335 3067 N
345 3046 379 3066 Fl
393 3044 415 3064 N
428 3036 498 3064 'I'TA
508 3043 536 3066 S,
563 3035 621 3061 atis.
657 3034 676 3060 f.
714 3034 760 3068 [τᾶ
778 3032 893 3068 ducebar]

253 3078 295 3103 vel
309 3077 475 3113 perpetuitas.
505 3107 510 3111 .
568 3106 574 3111 ·
890 3107 893 3111 .

254 3113 321 3144 effe,
340 3120 354 3137 e
368 3118 420 3145 qua
438 3116 529 3135 omnia
549 3111 729 3141 gignerentur.
765 3104 794 3130 de
807 3106 1003 3132 Anaxnnandro.

254 3157 307 3181 4¹3·
380 3147 515 3172 Locorum
531 3141 647 3169 infinitas
667 3141 724 3167 Cic.
738 3139 770 3166 de
784 3141 877 3166 Natur.
892 3141 971 3167 Deor.
989 3150 1009 3172 1,
1023 3149 1052 3175 73
1072 3152 1093 3168 c.
1108 3145 1146 3168 26,

255 3184 351 3209 dorum
366 3180 496 3207 Ammian.
509 3186 544 3211 15,
558 3186 576 3204 1.
647 3176 810 3204 Infinitatem
824 3175 963 3210 affigam-e,
987 3177 1039 3202 vid.
1054 3184 1205 3204 assmNo.

1217 3144 1294 3169 Mun·

254 3288 328 3324 Cous.
342 3289 414 3315 Non.
427 3295 453 3318 2,
465 3287 529 3318 469.
761 3318 767 3324 .

294 3332 304 3350 l
314 3331 334 3350 N
348 3331 363 3350 F
373 3331 381 3349 1
392 3330 413 3349 N
422 3330 430 3348 1
440 3323 507 3348 'riv
517 3327 537 3346 V
546 3326 558 3346 S
569 3339 578 3352 ,
594 3327 617 3350 a,
638 3327 693 3345 um.
718 3317 777 3344 Adi.
806 3317 1023 3352 [α’παρέμφατος]
1071 3318 1140 3343 Vnus
1160 3327 1189 3343 ex
1208 3319 1295 3345 Iliadis

262 3359 356 3386 Verbi:
387 3358 440 3385 Vox
455 3357 601 3391 peculiaris.
644 3353 784 3380 Diomedes
799 3362 808 3379 1
828 3363 853 3387 p.
868 3362 905 3385 331
925 3361 989 3379 extr.
1021 3352 1189 3384 Infinitiuus,
1209 3354 1295 3388 quiet

255 3401 382 3429 perpetuus
396 3391 522 3419 Numeris
538 3396 563 3416 et
577 3390 705 3416 Personis.

260 3473 363 3498 quoque
376 3462 497 3490 nonnulli
509 3467 534 3488 ct
547 3460 763 3497 inflgnficafiuum
779 3460 919 3492 dixerunt,
936 3468 1063 3494 quoniam
1077 3468 1168 3493 parum
1184 3460 1230 3486 tali
1245 3461 1294 3486 ser-

259 3508 336 3524 mone
349 3499 451 3525 definita
465 3497 501 3524 est
513 3498 630 3532 persona.
685 3497 818 3531 Perpetuus
832 3495 912 3521 etiam
925 3504 979 3521 non
993 3496 1129 3522 immerito
1141 3495 1295 3529 appellatur,

259 3534 276 3560 si
291 3534 396 3568 quidem
411 3539 564 3567 perpetuum
576 3532 628 3571 est,
649 3531 721 3566 quod
735 3531 813 3557 finem
830 3539 883 3556 non
898 3529 984 3556 habet.
1039 3531 1160 3556 Priscian.
1177 3538 1190 3560 8
1212 3540 1236 3565 p.
1253 3536 1294 3561 822

257 3569 318 3595 until.
346 3569 492 3595 Infinitiuus
506 3568 557 3600 est,
575 3576 622 3602 qui
641 3573 666 3593 ct
679 3567 797 3593 Personis
817 3572 842 3592 et
856 3566 984 3592 Numeris
1005 3566 1108 3598 deficit,
1129 3565 1198 3592 vnde
1211 3572 1237 3592 et
1249 3575 1296 3592 no-
1309 3573 1342 3599 95

257 3613 318 3630 tuen
330 3605 426 3638 acecpit
440 3604 578 3635 infinitiui,
592 3602 665 3637 quod
678 3611 726 3629 nec
739 3603 862 3629 Personas
877 3610 923 3627 nec
937 3602 1071 3628 Numeros
1085 3600 1186 3633 definit,
1201 3608 1225 3627 et
1237 3607 1296 3636 eget

256 3649 310 3665 vno
325 3649 355 3665 cx
371 3646 482 3673 quatuor
496 3641 571 3672 supra
586 3637 663 3665 dietis
676 3637 765 3664 Modis
786 3637 962 3669 (Indicatiuo,
975 3637 1144 3671 Imperatiuo,
1159 3637 1295 3671 Optatiuo,

256 3675 448 3705 Subiuncliuo)
468 3680 495 3700 vt
509 3673 648 3705 significet,
667 3673 770 3707 aliquid
782 3672 947 3707 perse&um‚
967 3679 1012 3698 etc.
1049 3671 1117 3699 Add.
1133 3671 1223 3699 Ifidor.
1239 3682 1258 3704 1,
1272 3678 1294 3703 8.

255 3710 332 3736 Mart.
341 3710 445 3744 Capella
459 3719 468 3741 3
487 3718 512 3743 p.
526 3713 563 3740 83.

292 3752 300 3769 1
313 3752 333 3770 Ν
349 3752 363 3770 Ρ
378 3749 566 3773 1N1131Lls‚
588 3750 611 3768 e.
646 3743 707 3769 Adi.
743 3742 820 3776 Apul.
836 3742 868 3769 de
881 3744 976 3777 Dogm.
991 3742 1055 3769 Plat.

256 3787 314 3805 cum
327 3780 431 3806 viduata
450 3779 478 3805 iit
492 3778 560 3808 fine,
580 3776 720 3803 infinibilis
738 3778 810 3804 reete
827 3778 916 3805 videri
932 3778 1023 3813 potest.
1092 3778 1169 3804 Mart.
1191 3779 1292 3813 Capell.

257 3822 270 3839 2
288 3824 314 3848 p.
325 3823 356 3848 45
380 3815 542 3840 Vniucrsum
555 3818 640 3838 totum
654 3813 793 3839 infinibilis
813 3815 892 3847 patris
911 3813 1090 3848 profunditate
1103 3814 1255 3840 coercitum.

292 3857 300 3874 1
311 3857 329 3874 N
342 3857 355 3875 11
366 3856 372 3874 1
384 3856 402 3874 R
413 3856 435 3874 Μ
446 3857 466 3875 v
475 3857 487 3875 s
496 3869 504 3880 ,
524 3857 537 3874 a
547 3867 554 3879 ‚
575 3856 628 3872 um.
666 3847 725 3873 Adi.
763 3848 881 3880 [αἰθενὴς,
900 3849 1075 3883 inm-demas]
1119 3850 1191 3909 (ffitod
1211 3850 1290 3876 firmo

255 3888 404 3909 contrarium
417 3883 464 3915 est,
484 3883 613 3909 Imber-illis
629 3888 653 3906 et
666 3882 761 3907 debilis.
814 3885 851 3908 Dc·
865 3885 1004 3910 valetudine
1018 3884 1137 3911 CicsAca
1159 3904 1164 3910 .
1180 3893 1200 3918 1,
1213 3894 1243 3917 14
1260 3884 1290 3911 Et

1068 1798 1153 1823 Dolor
1166 1798 1285 1824 infinitus
1296 1810 1329 1836 45

930 1970 1068 1996 Nobilitas
1087 1971 1196 2005 Eutrop.
1210 1974 1235 2001 6,
1251 1976 1287 2003 18,
1301 1985 1333 2012 50

931 2147 1049 2181 Spatium
1066 2148 1171 2174 Lucret.
1185 2155 1287 2181 2,1o32.
1303 2154 1331 2181 55

414 2329 510 2356 Versus
524 2326 643 2353 infinitus
655 2325 771 2361 adfertur
785 2335 814 2351 ex
828 2325 883 2351 Cic.
900 2324 928 2350 in
940 2325 1013 2351 Orat.
1031 2327 1078 2356 163.
1115 2326 1190 2351 Cuius
1208 2328 1289 2354 omnia
1301 2327 1337 2353 60

753 2928 885 2954 Ablatiuus
907 2932 961 2955 vice
972 2929 1101 2956 Aducrbii.
1138 2929 1203 2956 Plin.
1218 2937 1260 2962 25,
1281 2934 1295 2959 8

254 2969 414 2997 Procedente
427 2964 590 3001 persuasione
605 2964 650 2989 illa
657 2983 671 3003 ,Ι
682 2962 813 2998 quidquid
826 2963 854 2988 iu
868 2964 947 2991 Creta
960 2965 1082 2996 nascitur,
1103 2965 1210 2992 infinito
1222 2973 1296 3000 prae-

940 3035 1108 3069 Vninerfitas,
1134 3037 1295 3072 generalitas,
1312 3040 1345 3066 80
1360 3042 1394 3067 15,
1410 3036 1439 3061 26
1447 3041 1490 3070 pr.

514 3071 571 3097 Cic.
584 3069 663 3096 Acad.
678 3078 706 3103 4,
727 3074 764 3100 118
792 3070 816 3095 Is
835 3070 906 3095 enim
924 3070 1082 3098 infinitatem
1101 3080 1208 3098 naturae
1228 3072 1297 3099 dixit

1063 3107 1160 3133 Laudat
1179 3108 1252 3134 Non.
1271 3116 1295 3140 2,

748 3389 811 3415 Ideo
830 3389 914 3414 dictus
928 3388 1095 3420 infinitiuus,
1111 3388 1181 3423 quod
1201 3398 1293 3423 parum
1308 3402 1344 3426 90

258 3429 374 3455 definitas
388 3428 466 3454 habet
480 3426 601 3453 Personas
614 3430 639 3452 et
653 3425 794 3451 Numeros.
830 3439 875 3444 —-
910 3424 984 3450 Vnde
997 3425 1212 3465 iquetybnatiuum
1227 3424 1296 3451 hunc

1082 3751 1106 3777 p.
1123 3750 1154 3775 50
1180 3743 1292 3770 Materia
1303 3748 1350 3766 100
1358 3753 1414 3769 vum
1423 3764 1431 3776 ,

1344 944 1447 978 Corpus
1466 945 1546 972 Ouid.
1562 947 1640 981 Epist.
1656 955 1698 979 19,
1717 953 1743 980 7.
1815 945 1920 971 Lacerti
1939 943 2014 970 Idem
2032 944 2097 970 Met.
2107 949 2152 974 10,
2171 949 2237 976 407.

1344 979 1427 1006 Ouid.
1442 980 1520 1014 Epist.
1534 990 1570 1015 19,
1585 990 1610 1017 7.
1682 981 1817 1016 Nuptiae,
1840 981 1953 1006 Friuolae
1970 986 1992 1006 et
2005 989 2065 1015 quae
2085 979 2218 1005 duraturae
2239 986 2286 1003 non
2301 976 2365 1011 sunt
2378 983 2388 1001 .·

1344 1015 1414 1041 Ter.
1426 1015 1530 1042 Phorm.
1543 1024 1564 1050 5,
1585 1027 1604 1050 1,
1622 1019 1640 1044 6
1670 1017 1750 1050 Quod
1770 1022 1798 1042 vt
1818 1016 1951 1047 facerem,
1971 1014 2068 1050 egestas
2091 1023 2134 1041 me
2152 1012 2276 1047 impulit,
2302 1018 2386 1046 quum

1346 1051 1449 1082 scirem,
1464 1051 1579 1079 infirmas
1593 1053 1697 1088 nuptias
1711 1052 1785 1079 hasce
1799 1053 1856 1078 effe.

1346 1157 1412 1184 Arb.
1437 1167 1460 1184 c.
1478 1168 1488 1190 3
1523 1160 1659 1186 Montibus
1679 1160 1808 1194 cliuisque
1829 1157 1970 1184 difficulter
1989 1166 2085 1184 vineae
2106 1155 2310 1183 conualescunt:
2343 1150 2389 1192 secl

1346 1193 1453 1219 firmum
1468 1193 1635 1230 probumque
1654 1196 1772 1229 saporem
1786 1194 1842 1221 vini
1857 1193 1991 1228 praebent.
2029 1192 2156 1219 Humidis
2175 1198 2200 1218 et
2219 1190 2302 1225 planis
2322 1189 2391 1215 locis

1346 1228 1549 1262 robustissimae,
1571 1231 1614 1257 sed
1629 1230 1730 1257 infirmi
1742 1231 1846 1264 Saporis
1866 1230 1975 1262 vinum,
1995 1237 2042 1255 nec
2055 1236 2170 1262 perenne
2182 1227 2292 1253 faciunt.
2347 1224 2391 1250 Se-

1346 1264 1422 1291 necta
1437 1264 1542 1291 Tibull.
1558 1274 1577 1298 1,
1589 1275 1618 1299 4,
1632 1273 1675 1300 27.

1347 1310 1375 1333 4,
1390 1305 1412 1330 8.
1485 1301 1616 1328 Valetudo
1630 1301 1802 1328 infirmissima
1821 1301 1860 1328 Id.
1877 1300 1909 1327 de
1924 1302 1998 1327 Orat.
2012 1308 2032 1331 1,
2045 1308 2097 1326 200
2118 1309 2140 1325 c.
2153 1306 2186 1332 45
2205 1304 2269 1324 extr.
2313 1295 2390 1331 Conf.

1346 1337 1384 1362 Id.
1399 1336 1431 1362 de
1446 1336 1515 1364 Clar.
1530 1337 1603 1363 Orat.
1625 1346 1646 1363 c.
1660 1344 1693 1370 48
1713 1344 1778 1364 extr.
1848 1336 1926 1363 Vires
1939 1335 2047 1362 Tibull.
2057 1344 2086 1368 4,
2100 1344 2120 1367 1,
2131 1343 2158 1361 τι.
2211 1333 2268 1360 Cic.
2275 1333 2352 1360 Verr.
2361 1341 2391 1365 4,

1346 1379 1378 1405 95
1403 1381 1424 1398 c.
1438 1381 1468 1405 43
1489 1372 1579 1399 Aetate
1592 1373 1699 1404 affeffla,
1717 1378 1742 1399 et
1757 1371 1867 1399 Viribus
1880 1371 1994 1398 infirmis
2008 1370 2099 1397 homo.

1384 1414 1590 1439 1NF1RM1S,
1610 1417 1632 1434 e.
1667 1408 1728 1434 Adi.
1764 1408 1895 1433 Ammian.
1904 1416 1944 1437 20,
1958 1408 1974 1433 6
1993 1407 2157 1441 Coagmenta
2169 1404 2288 1440 lapidum
2300 1410 2392 1431 recens
2432 1395 2441 1429 ,5¹

1346 1443 1507 1470 struftorum
1521 1443 1682 1478 madoreque
1697 1443 1777 1469 etiam
1791 1448 1847 1469 tum
1861 1441 2019 1468 infirmium.

1929 1051 1979 1077 Res
1999 1050 2104 1077 infirma
2122 1055 2148 1076 et
2165 1048 2306 1084 nugatoria
2326 1054 2388 1080 pro·
2424 1071 2427 1082 ¹

1882 1087 1988 1121 Saporis
2008 1085 2109 1112 infirmi
2125 1085 2236 1116 vinum,
2258 1084 2389 1119 Ingenero-
2431 1100 2433 1104 ,

1338 1122 1414 1158 sum,
1433 1122 1525 1155 debile,
1544 1131 1567 1149 et
1585 1124 1648 1160 quod
1666 1126 1777 1164 linguam
1795 1132 1843 1149 non
1857 1122 1941 1158 ferit,
1965 1128 2016 1162 aut·
2025 1127 2144 1157 penetrat
2156 1132 2164 1146 .-

2309 939 2388 966 .Mens
2433 947 2436 951 ·

2203 1118 2336 1146 Columel.
2355 1116 2390 1143 de
2432 1131 2450 1163 ,πὶ

1770 1266 1891 1299 Tempus
1905 1264 2108 1291 infirmissimum
2127 1263 2220 1290 aetatis
2236 1262 2294 1289 Cic.
2309 1259 2390 1286 Acad.
2428 1269 2446 1279 -1

1385 1485 1395 1504 1
1409 1485 1431 1504 N
1442 1485 1459 1505 F
1469 1486 1478 1504 l
1489 1485 1507 1505 R
1517 1486 1542 1505 M
1553 1486 1561 1504 1
1571 1486 1593 1505 T
1602 1487 1623 1506 A
1634 1486 1646 1505 s
1655 1498 1663 1511 ,
1681 1478 1740 1504 atis.
1758 1478 1779 1504 f.
1814 1476 1952 1511 [ditium]
1990 1476 2160 1506 Imbecillitas,
2172 1475 2296 1502 debilitas.
2333 1473 2391 1500 Cic.
2433 1490 2438 1500 .

1346 1513 1379 1540 de
1392 1514 1490 1540 Senetft.
1511 1523 1538 1546 33
1566 1515 1602 1540 Vt
1625 1514 1698 1540 enim
1719 1513 1861 1541 infirmitas
1881 1521 2042 1547 puerorum,
2067 1516 2093 1538 et
2110 1511 2236 1537 ferocitas
2254 1510 2392 1536 iuuenum.

1346 1550 1439 1576 Animi
1459 1550 1516 1577 Cic.
1530 1558 1580 1584 pro
1593 1550 1616 1575 S.
1630 1550 1706 1575 Rosc.
1734 1558 1755 1576 c.
1777 1558 1804 1582 4.
1881 1548 2009 1583 Corporis
2029 1546 2103 1573 Idem
2121 1546 2153 1572 de
2170 1546 2240 1572 Clar.
2260 1544 2335 1571 Orat.
2353 1552 2393 1576 313

1347 1594 1369 1611 c.
1388 1593 1426 1618 91.
2366 1615 2371 1620 Ι

1347 1622 1442 1648 Caesar
1455 1620 1553 1647 certior
1566 1620 1666 1653 faetus,
1685 1627 1710 1647 ct
1724 1620 1909 1647 infirmitatem
1922 1619 2059 1646 Gallorum
2074 1617 2188 1651 veritus,
2207 1616 2280 1652 quod
2292 1617 2351 1642 sunt
2364 1622 2395 1642 m

1347 1656 1463 1683 consiliis
1486 1657 1620 1690 capiendis
1639 1656 1769 1688 mobiles,
1789 1663 1815 1682 et
1832 1655 1910 1682 nouis
1929 1655 2085 1690 plerumque
2105 1653 2216 1679 student.

1347 1701 1377 1725 4,
1396 1700 1429 1724 ¹3·
1481 1692 1588 1718 Colum.
1603 1701 1622 1724 3,
1643 1701 1681 1724 10,
1701 1699 1726 1726 7.
1782 1692 1907 1718 Laterum
1922 1691 1977 1718 Cic.
1990 1690 2021 1716 de
2035 1690 2104 1717 Clar.
2119 1690 2193 1715 Orat.
2207 1696 2265 1714 202.
2375 1722 2382 1727 ·

1347 1728 1381 1754 tis
1400 1728 1486 1753 Sencc.
1498 1728 1545 1761 Ep.
1563 1737 1594 1754 11.
1667 1727 1736 1754 Ter.
1752 1728 1816 1754 Hec.
1831 1736 1850 1758 1,
1866 1736 1891 1760 2,
1905 1735 1945 1753 101
1971 1726 2044 1761 Quid
2062 1724 2146 1752 adhue
2167 1724 2265 1750 habent
2281 1722 2396 1749 infirmi-

1347 1762 1406 1788 tatis
1425 1762 1567 1796 Nuptiae}
1637 1763 1705 1789 Plin.
1720 1764 1739 1789 E
1760 1763 1799 1789 ist.
1819 1771 1863 1796 141
1894 1763 1991 1795 Pareo,
2011 1762 2120 1795 Collega
2139 1759 2292 1790 clariffime‚
2312 1763 2338 1785 ct
2353 1758 2396 1784 in-

1348 1797 1470 1823 firmitati
1483 1797 1645 1828 Oculorum,
1664 1803 1693 1824 vt
1712 1798 1739 1823 iu
1762 1807 1802 1830 es,
1815 1798 1933 1824 consulo,
2003 1797 2171 1824 Valetudinis
2191 1796 2247 1822 Cic.
2260 1794 2313 1821 Off.
2324 1802 2343 1825 1,
2352 1794 2396 1820 26.

1349 1838 1372 1858 et
1387 1832 1458 1857 Fam.
1471 1838 1498 1866 7,
1511 1840 1529 1857 1.
1584 1832 1710 1864 Vitium,
1733 1834 1882 1867 Impotentia
1900 1833 1971 1858 Caes.
1985 1833 2049 1859 Bell.
2065 1832 2132 1857 Gall.
2147 1838 2174 1864 7,
2187 1833 2230 1858 26.
2282 1829 2397 1857 Puerilis

1349 1866 1481 1900 Qinffll.
1496 1876 1521 1899 2,
1535 1876 1555 1898 3.
1625 1867 1725 1894 Vltima
1745 1867 1865 1901 corporis
1883 1868 1950 1894 Cels.
1965 1877 1987 1900 2,
2001 1870 2026 1893 6.
2098 1865 2228 1899 Qiinffil.
2241 1874 2269 1898 4,
2284 1873 2293 1891 1
2312 1864 2396 1905 Ipsius

1349 1908 1436 1927 autem
1455 1902 1599 1936 litigatoris
1616 1904 1726 1936 persona
1746 1902 1881 1929 trac'ianda
1899 1903 1973 1929 varie
1993 1903 2043 1933 est,
2062 1910 2123 1927 nam
2141 1907 2197 1927 tum
2211 1901 2324 1935 dignitas
2337 1908 2395 1926 eius
2434 1932 2436 1936 .

1348 1936 1493 1969 allegatur,
1513 1943 1570 1962 tum
1589 1937 1788 1963 commendatur
1806 1936 1956 1962 infirmitas.
2061 1937 2206 1968 Impeditus
2228 1935 2397 1968 infirmitate,

1349 1973 1366 1995 i.
1390 1971 1479 1996 Morbo
1511 1971 1638 2004 leianus
1662 1971 1690 1997 in
1708 1971 1725 1997 l.
1745 1970 1762 1996 fi
1778 1971 1836 2003 cui,
1856 1971 1946 2006 infime
1985 1971 2018 1997 D.
2040 1980 2072 1997 ex
2093 1971 2190 2006 quibus
2212 1971 2286 2032 caus.S
2301 1971 2396 1997 maior.
2432 1962 2446 2003 J'

2289 2012 2396 2040 eparare

1349 2006 1467 2032 Onerare
1484 2005 1668 2033 infirmitatem
1686 2006 1841 2033 discentium
1862 2006 2038 2040 Quinctilian.
2057 2015 2074 2038 1,
2096 2015 2121 2041 2,
2141 2015 2177 2039 27.

1349 2040 1533 2068 infirmitatem
1553 2050 1567 2068 a
1585 2041 1782 2069 robustioribus
1802 2042 1876 2068 Idem
1895 2051 1921 2074 2,
1942 2050 1967 2075 2,
1988 2050 2017 2075 14
2046 2042 2078 2067 de
2092 2045 2195 2077 pueris,
2214 2051 2244 2068 ac
2262 2042 2397 2077 adolescen-

1348 2077 1417 2103 tibus
1435 2079 1555 2113 loquitur.
1651 2078 1787 2112 Qtantum
1801 2077 1887 2105 nostra
1900 2077 2009 2104 Valebit
2027 2078 2168 2104 infirmitas
2187 2077 2317 2111 Qiinetil.
2336 2086 2397 2112 pro—

1350 2121 1420 2138 oem.
1436 2120 1455 2138 1.
1529 2112 1586 2138 Cic.
1600 2112 1671 2140 Fam.
1687 2116 1713 2146 6,
1730 2122 1747 2148 7
1784 2113 1906 2140 Solutum
1922 2113 2104 2145 existimatur,
2121 2113 2198 2140 alteri
2218 2112 2377 2140 maledicere
2391 2123 2398 2139 :

1350 2153 1438 2173 tamen
1456 2146 1603 2173 cauendum
1617 2148 1662 2179 est,
1682 2157 1715 2175 ne
1727 2149 1756 2176 in
1769 2149 1942 2183 petulantiam
1955 2148 2063 2176 incidas.
2099 2149 2269 2183 Impedstum,
2283 2149 2396 2183 seipsum

1350 2182 1474 2215 laudare,
1493 2191 1526 2208 ne
1544 2185 1711 2217 arrogantiae
1730 2185 1828 2211 vitium
1846 2185 2028 2219 subsequatur.

1351 2259 1397 2280 aut
1417 2253 1537 2279 inuidiae
1557 2253 1703 2288 assignetur.

1390 2295 1431 2314 IN
1442 2295 1458 2314 r
1467 2296 1475 2327 1
1484 2295 1536 2314 RM
1547 2294 1572 2315 E.
1608 2288 1677 2315 Adu.
1714 2289 1842 2325 [οἰέιηῶς]
1879 2290 2051 2324 Imbecillum,
2063 2294 2218 2327 impotenter.
2254 2292 2310 2319 Cic.
2323 2292 2397 2318 Fam.

1353 2331 1389 2356 ις,
1403 2332 1412 2350 1
1439 2324 1489 2349 His
1503 2323 1695 2357 rebusallatis,
1714 2325 1759 2352 etsi
1773 2326 1953 2360 intelligebam
1962 2327 2061 2357 ‚socios
2073 2328 2180 2354 infirme
2196 2327 2325 2352 animatos
2338 2326 2395 2356 esse,

1352 2366 1378 2386 et
1392 2367 1523 2386 nouarum
1535 2368 1625 2386 rerum
1639 2360 1840 2395 exspeetatione*
1850 2362 1998 2396 suspensos,
2011 2369 2055 2388 etc.
2091 2362 2136 2389 Ad
2145 2361 2223 2396 fidem
2241 2361 2353 2396 refertur
2365 2368 2396 2387 vt

1351 2398 1378 2421 in
1397 2401 1519 2422 FIRMVS
1532 2402 1555 2421 et
1574 2402 1734 2423 mrmmvs
1749 2400 1893 2423 monuimus.
1985 2397 2098 2431 Compar.
2123 2398 2193 2423 Suet.
2207 2395 2315 2430 August.
2329 2405 2350 2422 c.
2358 2404 2394 2428 90

1353 2431 1490 2457 Tonitrua
1503 2437 1528 2457 et
1541 2431 1646 2465 fulgura
1658 2432 1748 2466 paullo
1766 2432 1898 2459 infirmius
1912 2432 2107 2467 expauescebat.

1390 2472 1431 2492 IN
1442 2471 1459 2492 Ρ
1470 2474 1479 2491 1
1488 2472 1506 2491 R
1515 2473 1540 2492 M
1551 2465 1563 2492 i
1573 2473 1594 2492 T
1603 2473 1619 2492 E
1628 2474 1657 2492 r..
1677 2468 1745 2493 Adu.
1782 2468 1883 2495 Arnob.
1897 2476 1914 2503 7
1927 2478 1951 2503 p.
1966 2477 2014 2500 250
2043 2469 2131 2501 Qiam
2143 2465 2286 2493 infirmiter
2301 2459 2412 2493 inuali0'

1117 2500 1194 2535 Subst.
1210 2501 1290 2535 Qiod
1307 2507 1339 2540 65
1354 2500 1438 2536 deque
1451 2501 1562 2533 dicatur,
1571 2502 1624 2535 ipsa
1637 2511 1727 2529 rerum
1741 2503 1914 2537 inaequalitas
1927 2503 2066 2530 indicabit.
2433 2503 2437 2509 “

1389 2545 1399 2563 1
1410 2543 1430 2562 Ν
1440 2543 1456 2563 F
1466 2544 1502 2563 1R
1512 2543 1565 2563 ΜΟ
1573 2556 1582 2568 ,
1607 2541 1660 2564 arc.
1695 2537 1829 2572 [οἷιθενὸω]
1866 2538 2004 2565 Debilitare
2012 2558 2021 2571 ,
2034 2537 2159 2573 ivfirmum
2177 2526 2291 2568 reddere,
2303 2535 2398 2573 refelle-

1497 1585 1654 1620 Gallorum,
1675 1583 1847 1617 Inconstantia
1860 1594 1868 1609 :
1896 1584 1969 1610 Caes.
1983 1582 2048 1610 Bell.
2064 1581 2131 1609 Gall.
2145 1590 2174 1615 4,
2187 1589 2199 1615 5
2218 1581 2255 1608 lis
2269 1580 2301 1606 de
2314 1579 2394 1606 rebus
2417 1606 2422 1610 ⁴
2448 1563 2449 1567 l

2319 1652 2394 1678 Idem
2432 1647 2441 1666 ’-

2318 1688 2394 1713 Men-
2438 1687 2442 1694 '

2073 2184 2164 2211 Solum
2185 2193 2250 2211 vero
2269 2184 2398 2218 liberum,
2431 2201 2443 2207 .-

1351 2217 1465 2243 alterum
1484 2217 1607 2248 laudare,
1628 2218 1660 2244 de
1680 2228 1735 2254 quo
1753 2219 1885 2255 quidquid
1903 2220 2042 2253 detrahas,
2065 2221 2162 2248 neccss'e
2181 2220 2217 2248 est
2235 2220 2397 2254 infirmitati,
2414 2251 2420 2255 ι
2435 2221 2438 2227 ”

1354 2581 1390 2599 re.
1425 2572 1481 2599 Cic.
1496 2573 1558 2598 Diu.
1571 2573 1600 2598 in
1614 2574 1689 2599 Caec.
1703 2581 1736 2605 29
1751 2582 1772 2600 c.
1787 2582 1803 2606 9
1824 2574 1881 2599 Nec
1896 2582 1926 2599 ca
1939 2574 2038 2605 dicam,
2052 2582 2118 2608 quae
2131 2574 2148 2600 fi
2163 2574 2248 2600 dicam
2262 2572 2399 2599 infirmare
2420 2599 2423 2602 ,
2439 2580 2447 2590 ⁴·

1355 2615 1410 2634 non
1432 2607 1513 2642 possis.
1569 2607 1643 2634 Idem
1663 2609 1716 2635 Att.
1737 2611 1763 2641 6,
1785 2617 1795 2635 1
1831 2609 1937 2635 Caeteri
1959 2608 2095 2635 infirmant
2116 2611 2256 2642 πολίτευμα
2279 2608 2398 2635 Catonis.

1357 2644 1412 2669 Cic.
1426 2644 1454 2669 in
1471 2643 1560 2669 Partit.
1572 2651 1605 2676 45
1632 2645 1663 2669 In
1682 2643 1868 2671 confirmandis
1888 2651 1974 2670 autem
1999 2645 2094 2671 nostris
2114 2644 2400 2679 argumentationibus,
2418 2641 2421 2646 “

873 2682 1013 2716 Comparat.
1041 2682 1096 2707 Cic.
1111 2681 1139 2706 in
1153 2680 1253 2713 Topic.
1268 2688 1293 2711 33
1307 2694 1343 2721 70
1356 2678 1575 2714 infirmandisque
1589 2680 1744 2711 contrariis,
1759 2680 1833 2714 saepe
1847 2685 1924 2706 erunt
1940 2680 2093 2712 accusatori,
2107 2687 2152 2707 etc.

2196 2680 2270 2706 Idem
2284 2679 2317 2706 de
2324 2680 2399 2706 Orat.

1357 2723 1384 2747 2,
1397 2723 1435 2746 331
1461 2715 1609 2741 Contrariis
1628 2714 1792 2741 infirmandis
1807 2722 1832 2741 et
1845 2715 1897 2742 tuis
1911 2715 2107 2742 confirmandis.
2179 2716 2234 2743 Cic.
2250 2715 2282 2742 de
2296 2716 2399 2742 [nuent.

1358 2759 1378 2784 1,
1391 2756 1418 2782 83
1432 2759 1454 2776 c.
1468 2759 1506 2784 44
1525 2751 1596 2777 Nam
1608 2749 1649 2777 his
1664 2750 1743 2777 rebus
1755 2750 1897 2777 :tucioritas
1911 2751 2023 2778 iudicati
2035 2752 2151 2778 maxime
2164 2751 2246 2786 potest
2259 2750 2400 2778 infirmari.
2437 2779 2439 2781 ,

1358 2786 1432 2812 Idem
1456 2794 1505 2820 pro
1524 2786 1603 2812 Arch.
1631 2795 1652 2812 c.
1670 2795 1688 2819 4
1725 2786 1798 2819 Qiid
1817 2788 1889 2812 enim
1907 2786 2003 2813 horum
2021 2787 2151 2814 infirmari
2172 2788 2272 2822 potest?
2312 2815 2321 2818 ,
2342 2786 2399 2813 Cic.

1357 2821 1436 2848 Acad.
1451 2831 1480 2856 4,
1494 2826 1519 2851 18
1548 2822 1606 2847 Hoc
1626 2831 1708 2856 quum
1725 2821 1857 2855 infirmat,
1871 2822 1997 2857 tollitque
2016 2823 2108 2854 Philo,
2123 2823 2252 2849 iudicium
2273 2822 2342 2848 tollit
2360 2822 2401 2848 in-
2440 2832 2453 2850 ¹..

2064 2858 2137 2885 Idem
2157 2867 2205 2893 pro
2219 2857 2292 2884 Rosc.
2308 2858 2398 2883 Amcr.
2441 2865 2452 2878 :⁴

1675 2857 1733 2883 Vid.
1752 2857 1820 2884 modo
1828 2858 1875 2894 sub
1886 2858 1992 2892 Legem.

1356 2901 1389 2925 45
1404 2902 1425 2919 c.
1439 2901 1464 2925 15
1492 2891 1540 2919 Ille
1559 2893 1697 2926 quomodo
1718 2893 1818 2919 crimen
1831 2894 2049 2920 commenticium
2063 2894 2245 2927 confirmaret,
2258 2900 2311 2918 non
2326 2892 2399 2919 inue-
2434 2892 2450 2921 ἐς

1358 2928 1463 2954 niebat:
1487 2936 1537 2961 ego
1555 2937 1596 2955 res
1615 2934 1669 2954 tam
1683 2928 1754 2954 leues
1771 2938 1823 2963 qua
1838 2930 1942 2956 ratione
1961 2929 2095 2956 infirmem
2114 2939 2142 2956 ac
2162 2929 2260 2955 diluam
2280 2928 2400 2962 reperire
2441 2928 2451 2942 ”

1358 2972 1412 2990 11011
1425 2964 1533 2997 possum.
1604 2964 1741 2991 Infirniare
1754 2964 1833 2991 fidem
1847 2965 1918 2992 testis
1937 2965 1969 2991 ad
1985 2965 2117 2997 iudicem,
2139 2963 2268 2999 Iaefirmum
2286 2961 2399 2996 reddere,

1357 3005 1381 3026 et
1400 2998 1522 3032 ostendere
1539 3002 1664 3034 periurum
1682 2998 1724 3032 este
1743 3000 1824 3033 testem
1839 3001 1894 3026 Cic.
1908 3010 1958 3035 pro
1971 3002 2045 3027 Rosc.
2062 3002 2138 3027 Com.
2155 3006 2197 3031 45.
2260 2997 2332 3024 Idem
2345 2999 2400 3025 Att.

1359 3071 1426 3097 Silio
1520 3034 1666 3066 DubitanS,
1682 3042 1771 3061 vtrum
1789 3045 1893 3062 moreni
1913 3043 1985 3070 gerat
1998 3037 2108 3071 Leptae,
2122 3043 2153 3060 an
2169 3033 2260 3059 Fidem
2281 3033 2400 3060 infirmet

1359 3107 1391 3133 D.
1405 3105 1523 3139 delegat.
1539 3113 1557 3131 1.
1624 3105 1753 3138 Qiinffll.
1767 3115 1789 3139 7,
1803 3116 1820 3134 z
1850 3109 2015 3140 Quaeramus
2033 3114 2110 3139 ergo,
2137 3114 2200 3131 1111111
2219 3105 2350 3131 infirmari
2369 3105 2399 3132 in

1358 3141 1445 3176 aliqua
1458 3146 1529 3175 parte
1543 3140 1584 3166 lex
1598 3141 1679 3175 potlit.

1359 3184 1425 3204 teras
1445 3176 1602 3203 infirmetis.'

1495 3070 1633 3103 Legatum
1648 3071 1764 3097 African.
1785 3071 1813 3097 in
1831 3071 1847 3097 l.
1863 3071 1879 3097 si
1895 3072 1983 3098 seruus
2001 3072 2099 3106 legatus
2118 3068 2141 3106 §.
2156 3069 2173 3095 si
2188 3071 2276 3096 seruus
2295 3069 2398 3097 alicnus
2438 3087 2440 3090 ψ

1734 3142 1793 3168 Liu.
1810 3151 1851 3175 34,
1866 3150 1930 3178 3pr.
1958 3143 1993 3168 Vt
2009 3149 2085 3167 vnam
2103 3140 2221 3166 tollendo
2241 3141 2326 3174 legem
2344 3148 2401 3167 cae-
2443 3150 2453 3176 5

1664 3176 1718 3202 Cic.
1733 3187 1782 3211 pro
1795 3178 1900 3205 Caecin.
1913 3185 1940 3210 51
1952 3186 1973 3203 c.
1989 3181 2013 3206 18
2044 3177 2120 3209 Qiae
2141 3176 2197 3207 icx,
2211 3175 2284 3210 quod
2303 3176 2399 3203 foedus
2443 3191 2449 3211 ‚⁶

292 3221 523 3245 1NF1N1‘1'10,
551 3212 620 3239 onis.
656 3212 675 3238 f.
713 3212 768 3238 Cic.
788 3211 820 3238 de
840 3212 896 3237 fin.
912 3219 937 3243 1,
957 3220 983 3237 21
1010 3221 1031 3237 c.
1053 3214 1069 3238 6
1095 3212 1214 3239 infinitio
1233 3213 1296 3247 ipsa,
1307 3220 1337 3249 83
1359 3218 1402 3239 aut
1421 3212 1531 3247 pactio,
1555 3210 1627 3246 quod
1651 3213 1832 3240 testamentum
1855 3222 1909 3239 uon
1937 3211 2067 3238 infirmari
2090 3217 2134 3237 aut
2157 3211 2274 3238 conuelli
2298 3212 2399 3245 potest?

255 3262 334 3287 quam
354 3251 458 3286 ἀπειρίαν
477 3254 588 3282 vocant,
613 3253 669 3275 tota
692 3247 726 3274 ab
747 3247 797 3274 illo
819 3247 870 3278 est,
899 3249 917 3273 ι’.
937 3246 1064 3282 infinitas,
1081 3247 1135 3281 Jiue
1154 3248 1296 3283 irfinitudo.

1359 3247 1520 3275 Transa6Ho
1538 3246 1687 3274 infirmatur
1700 3248 1882 3282 leian.1inl.
1903 3248 2034 3281 eleganter
2054 3245 2076 3279 6.
2092 3247 2156 3273 item
2177 3248 2209 3273 D.
2230 3247 2262 3272 de
2282 3246 2398 3274 condiet.

1358 3283 1483 3310 indebiti.
1549 3282 1694 3309 Veritatem
1713 3284 1828 3311 laudatur
1847 3284 1899 3310 Cic.
1912 3291 1960 3316 pro
1973 3279 2065 3315 Quint.
2081 3291 2109 3308 10
2128 3292 2157 3308 ex
2165 3282 2254 3318 fafflx,
2267 3281 2354 3314 credo,
2367 3284 2402 3309 lc.

1358 3317 1462 3359 8111111..
1486 3320 1553 3359 Nam
1567 3317 1599 3352 est
1611 3318 1663 3350 ibi,
1684 3319 1719 3345 Vt
1739 3334 1785 3340 —-
1804 3319 1962 3354 aequitatem
1982 3332 2027 3337 —
2045 3318 2183 3344 consistere
2201 3320 2227 3344 et
2244 3317 2400 3345 confirmari

1356 3361 1502 3389 patiamini.

1394 3397 1403 3415 1
1413 3397 1435 3416 N
1445 3396 1461 3415 F
1471 3397 1479 3415 1
1490 3397 1507 3416 R
1517 3396 1542 3415 M
1552 3390 1599 3415 ᾸΤ
1609 3394 1628 3413 V
1639 3394 1665 3419 S,
1685 3397 1715 3420 a,
1733 3398 1788 3416 um.
1807 3388 1900 3416 Partic.
1936 3388 1992 3415 Cic.
2007 3388 2036 3414 in
2048 3389 2136 3416 Pison.
2150 3396 2189 3423 44
2202 3397 2223 3416 c.
2237 3396 2265 3421 19
2290 3389 2397 3415 Horum

1358 3425 1424 3452 alter
1437 3425 1469 3451 sic
1489 3425 1542 3451 fuit
1556 3423 1702 3451 infirmatus
1717 3424 1875 3451 conscientia
1888 3424 2011 3450 scelerum
2033 3425 2140 3451 suorum
2150 3443 2158 3456 ,
2173 3430 2209 3454 vt,
2223 3431 2268 3450 etc.
2322 3424 2397 3450 Idem

1358 3469 1407 3495 pro
1421 3461 1525 3487 Caecin.
1540 3465 1566 3492 38
1585 3459 1610 3485 Si
1626 3460 1750 3489 sententia
1765 3459 1842 3485 buius
1855 3459 1991 3486 interdicti
2006 3460 2138 3486 diminuta
2150 3465 2193 3485 aut
2213 3459 2345 3486 infirmata
2357 3459 2398 3486 fit.

1359 3497 1492 3522 Ammian.
1507 3504 1543 3529 17·
1556 3503 1569 3527 ς
1590 3494 1726 3521 lusu-mato
1741 3494 1846 3528 imperii
1861 3494 1966 3521 robore.
2023 3496 2186 3530 Hcrmogen.
2201 3495 2258 3521 inl.
2278 3496 2399 3523 aufertur

1357 3532 1390 3558 D.
1403 3531 1435 3558 de
1449 3533 1507 3558 iure
1522 3530 1589 3560 fisci,
1601 3530 1738 3556 Infirmato
1751 3529 1896 3556 contractu.

1397 3574 1436 3593 IN
1448 3571 1675 3597 FIRMAT10‚
1696 3565 1763 3591 onis.
1790 3563 1809 3590 f.
1847 3565 2001 3599 [ιίιθένωσις]
2037 3564 2191 3600 confutatio.
2228 3565 2284 3591 Cic.
2304 3564 2337 3591 de
2355 3566 2398 3591 In-

1360 3609 1431 3628 vent.
1444 3611 1462 3633 1,
1476 3605 1501 3628 16
1515 3611 1536 3628 c.
1551 3609 1571 3627 11
1605 3599 1734 3626 Iudicatio
1752 3599 1804 3631 est,
1818 3609 1883 3635 quae
1905 3610 1937 3627 ex
1956 3601 2136 3627 infirmatione
2149 3607 2174 3626 et
2193 3600 2398 3627 confirmatione

1359 3638 1471 3665 rationis
1483 3638 1607 3668 nascitur,
1620 3634 1806 3662 controuersia.

1358 3682 1407 3708 pro
1421 3674 1450 3699 L.
1464 3674 1526 3707 Agr.
1540 3681 1564 3702 2,
1578 3676 1591 3700 8
1610 3679 1630 3696 c.
1643 3679 1665 3702 3.

1396 3716 1435 3735 IN
1448 3714 1464 3734 F
1477 3713 1524 3734 1T.
1560 3708 1572 3740 [
1585 3707 1727 3738 ἐπιγίνεται,
1746 3704 1853 3739 ἄρχεται
1873 3707 1950 3734 Gloss‘.
1972 3707 2028 3733 Lat.
2049 3707 2095 3734 Gr.
2108 3707 2122 3741 ]

1451 3752 1499 3778 pro
1512 3742 1607 3776 Incipit
1623 3741 1773 3774 vsurpatur‚
1786 3741 1884 3770 anfion*
1898 3742 1982 3769 Festo.

1357 3779 1387 3805 fit
1409 3779 1448 3805 ibi
1467 3777 1596 3813 postulare
1610 3775 1730 3810 plorans,
1745 3778 1859 3809 eiulans,
1873 3785 1919 3804 etc.

1356 3813 1544 3849 percontarier.
1579 3811 1652 3837 Idem
1666 3811 1732 3837 Rud.
1746 3813 1813 3847 prol.
1828 3822 1862 3845 5¹·

1358 3858 1431 3876 rnum
1451 3849 1602 3882 quicunque
1620 3847 1739 3874 adoritur
1758 3855 1783 3874 et
1802 3848 1869 3874 infit.

1357 3885 1433 3910 malis
1447 3884 1475 3909 in
1495 3881 1601 3916 pectore
1616 3890 1677 3908 cura
1698 3883 1743 3909 Illa
1763 3892 1870 3918 quoque
1891 3883 2102 3917 expergefactum
2118 3887 2194 3916 caput
2212 3882 2314 3915 erigere
2327 3882 2397 3910 infit.

2163 3706 2266 3732 Verbum
2291 3704 2397 3741 deses-'li-

1917 3813 2021 3839 Lucret.
2037 3821 2057 3844 3,
2073 3821 2118 3845 5¹4
2149 3812 2320 3837 Connnutare
2338 3813 2397 3838 ani-

255 3916 329 3944 simul
341 3918 480 3949 allidamus,
492 3918 612 3953 iuquam,
624 3915 642 3943 fi
656 3917 771 3945 videtur.
806 3918 871 3944 Sane
884 3918 952 3946 istud
964 3920 1083 3955 quidem,
1094 3919 1191 3955 inquit.
1226 3921 1289 3949 Sum
1302 3926 1348 3953 105
1356 3920 1432 3954 Virg.
1445 3919 1510 3947 Aen.
1524 3925 1557 3951 n,
1573 3925 1623 3950 242
1643 3918 1675 3944 Et
1688 3919 1805 3946 Venulus
1818 3919 1890 3946 dicto
1903 3926 1997 3954 parens
2010 3917 2043 3946 fic
2055 3918 2139 3946 farier
2151 3916 2218 3944 infit.
2255 3917 2343 3949 Sihrz,
2351 3920 2397 3952 67.

2263 3953 2396 3981 Interdum

2025 3741 2104 3768 Plaut.
2118 3742 2206 3768 Aulul.
2220 3750 2246 3775 2,
2258 3750 2287 3775 4,
2302 3750 2330 3773 39
2353 3742 2398 3767 In·
2441 3751 2444 3754 ⁴

1974 3777 2047 3803 Idem
2061 3777 2129 3803 Asin.
2142 3785 2168 3808 2,
2182 3786 2202 3807 2,
2215 3783 2246 3810 75
2272 3777 2317 3802 Me
2334 3776 2397 3803 infit
2439 3801 2452 3816 '.

1923 3850 1954 3875 Et
1971 3856 1994 3880 ς,
2009 3856 2073 3882 ¹207
2101 3847 2182 3874 Tunc
2201 3847 2260 3872 aliis
2281 3848 2398 3880 oppressa
2441 3847 2443 3849 ’

1882 3636 2032 3663 Infirmatio
2044 3645 2136 3663 rerum
2149 3636 2325 3662 iudicatarum
2339 3637 2398 3663 Cic.
2444 3625 2459 3645 ³¹
