2479 4225
103 232 182 272 ης,
511 221 529 262 1
613 220 649 262 v
735 220 774 261 n
1629 224 1645 264 1
1723 229 1755 266 v
1838 226 1878 268 G
2151 194 2238 286 ιξςᾎ

141 311 255 335 lvnlc
267 312 422 342 IARivs,
444 318 475 342 a,
499 318 553 336 uni.
591 309 651 337 Adi.
687 308 845 344 [claustralis]
887 308 962 344 Qcod
977 308 1012 336 ad
1028 309 1142 342 iudicem,
1205 310 1340 339 Ostentare
1355 311 1473 348 iugulum
1494 322 1542 348 pro
1560 313 1645 348 capite
1658 314 1784 345 alicuius,
1808 316 1873 342 Velle
1885 316 1913 353 fi·
1930 317 2031 345 obiicere
2066 320 2154 346 oricula
2171 325 2238 356 capi·

98 341 151 378 flue
162 342 280 370 iudicium
287 347 408 379 pertinet.
444 345 499 371 Cic.
512 346 588 372 Verr.
603 354 623 377 ι,
639 352 653 378 ς
672 354 694 372 c.
709 354 723 372 2
745 347 781 371 Vt
797 345 857 371 tinis
870 344 1013 379 aliquando
1032 345 1140 373 iudicia·
1204 350 1256 379 tis,
1269 354 1316 382 pro
1329 351 1383 374 vita
1402 349 1509 374 alterius.
1544 350 1599 375 Cic.
1615 350 1668 376 Att.
1685 358 1702 380 ι,
1716 357 1738 381 13
1767 350 1809 375 Me
1828 360 1892 377 vero
1911 353 1972 379 teste
1993 363 2049 388 proi
2061 355 2137 387 ocio,
2159 357 2238 383 credo

82 398 87 400 -
103 379 161 407 riae
171 379 371 406 controuerfiae
388 379 600 413 constitueretur,
618 383 674 416 quis
686 380 797 408 iudicare
808 379 899 412 debeat,
914 381 1025 413 Senatus,
1037 391 1068 407 an
1082 382 1141 409 ordo
1204 389 1230 408 te
1244 391 1275 408 ex
1286 383 1471 410 acclamatione
1483 384 1573 411 Clodii
1586 385 1775 412 aduocatorum
1795 385 1905 419 amhss’c,
1922 397 1987 422 quae
2005 391 2183 418 consurrectio
2199 393 2238 418 iu-

103 409 241 454 Equestris,
260 424 292 440 an
310 421 363 442 eres
381 414 501 442 ordines?
526 416 554 441 de
574 425 622 452 qua
639 425 665 442 re
683 416 751 442 modo
768 416 821 442 vid.
842 421 1050 448 IVDICIVM,
1070 426 1095 444 n.
1113 427 1140 451 4.
1204 417 1292 444 dicum
1321 418 1389 445 faCka
1410 419 1455 450 fit,
1476 426 1503 446 vt
1523 429 1564 446 me
1588 421 1666 446 etiam
1686 420 1916 452 circumsteterint,
1935 431 1962 450 vt
1981 433 2067 458 apt-rte
2086 426 2171 459 iugula
2192 429 2237 454 sua

104 449 160 485 Cic.
173 448 201 474 in
214 449 299 476 Pison.
315 458 352 484 94
371 459 393 476 e.
406 458 437 482 39
462 451 564 486 Ecquid
578 451 666 484 vides,
687 451 783 492 ecquid
801 450 895 482 sentis,
917 451 984 484 Lege
1000 452 1140 480 iudiciaria
1163 458 1176 484 ς
1205 461 1253 487 pro
1266 462 1326 480 meo
1344 455 1425 488 capite
1439 455 1463 480 l'.
1478 455 1574 481 Clodio
1590 456 1753 482 ostentariut.
1849 456 1915 481 Hinc
1928 459 2066 495 metaphor.
2095 463 2183 488 Petere
2197 464 2237 489 iu-

103 483 170 515 tata,
190 492 256 517 quos
274 485 378 520 posthac
396 485 495 512 iudices
515 486 593 513 fimus
614 486 753 513 habituri?
855 485 894 511 ld.
916 495 964 519 pro
982 487 1083 515 Cluent.
1106 497 1140 523 72
1204 489 1309 522 gulum,
1327 492 1353 515 in
1370 490 1472 525 agendis
1482 490 1558 524 cauflt
1577 498 1635 518 tunc
1649 492 1742 517 dreitur-
1756 496 1848 521 orator,
1871 493 1965 526 quando
1979 496 2041 529 quod
2054 494 2085 528 ist
2100 495 2237 531 polenum.

101 519 155 545 Hie
167 518 214 545 ille
228 520 318 554 planus
332 520 537 555 improbissimus
551 522 680 557 Qiaestus
696 520 838 550 iudiciario
857 520 953 556 panus,
974 529 1019 550 etc.
1087 524 1139 550 Res
1203 533 1281 555 mnam,
1298 524 1326 550 id
1343 525 1458 557 hianda,
1480 535 1509 551 ac
1522 530 1617 561 premit
1637 526 1781 560 ualidrjliime
1800 525 1984 563 aduersarium,
2006 530 2148 566 unicamque
2167 529 2236 559 illum

101 553 243 583 iudcharIa
261 556 317 584 Cic,
335 557 412 586 Vel-r„
431 565 463 591 2,
483 565 520 589 31·
1189 561 1313 594 'iugulare
1330 563 1495 596 argumentis,
1511 558 1613 596 perinde
1632 571 1660 588 ac
1678 563 1786 588 mbratis
1804 563 1868 588 tetis.
1921 562 1985 589 Plin.
2005 565 2080 598 lipill.
2102 575 2127 599 1,
2145 576 2188 600 20,
2208 577 2238 601 14

1204 595 1279 620 Dixit
1291 595 1432 630 aliquando
1446 595 1513 622 mihi
1522 598 1642 630 Regulus,
1660 612 1705 617 —
1723 597 1772 623 Tu
1784 596 1874 623 omnia
1887 604 1952 632 quae
1965 598 2022 624 sunt
2035 600 2061 625 in
2073 603 2154 633 causa,
2163 611 2237 638 putas

490 630 505 661 1
601 631 631 661 V
731 629 759 661 E
1157 641 1187 660 10
1204 631 1366 664 exsequenda
1381 642 1386 656 :
1412 640 1461 664 ego
1475 631 1593 666 iugulum
1609 632 1693 659 statim
1707 632 1786 658 video
1800 643 1806 663 ;
1826 632 1894 659 hunc
1909 642 2009 667 premo.
2035 636 2149 666 (Premit
2170 640 2237 670 sane.

1205 666 1275 700 quod
1291 666 1381 700 eligit,
1401 667 1442 692 sed
1462 666 1489 692 in
1505 667 1627 701 eligendo
1645 668 1798 703 frequenter
1816 672 1902 699 errat)
1939 669 2071 703 Respondi
2085 679 2149 705 ego,
2169 675 2237 701 1’0ss'e

138 702 326 731 1VERN¹A‚
340 707 379 726 ae.
401 699 421 725 f.
457 697 598 735 [²1⁸19m'oe]
619 698 767 725 ·Ptolemaeo
775 707 830 731 2‚2.
866 704 991 726 IERNA
1006 700 1141 730 Straboni,·
1205 701 1279 733 fieri,
1299 707 1327 727 vt
1345 711 1412 736 genu
1432 702 1506 734 ess'ct,
1526 708 1570 730 aut
1588 702 1672 734 tibia,
1691 708 1735 730 aut
1755 703 1836 734 talus,
1857 704 1902 730 vbi
1922 704 1966 730 ille
1988 705 2107 740 iugulum
2127 714 2237 740 putaret.

101 731 207 760 Caesari
232 740 270 759 ΗΙ
280 740 348 760 BER
359 741 379 760 N
390 741 428 761 ΙΑ
444 744 452 765 3
477 735 582 768 Plinio,
602 734 688 761 Melae
708 740 732 761 et
751 732 871 761 quenali
892 741 901 759 ι
914 742 932 762 ν
947 743 967 762 ν
977 742 1082 764 ERNA
1102 737 1140 764 di.
1203 738 1238 763 At
1250 745 1309 771 ego,
1329 737 1445 777 inquam,
1463 738 1509 780 qu‘i
1523 738 1643 772 iugulum
1658 738 1802 772 perspicere
1817 747 1870 764 non
1883 740 1991 773 possum,
2007 741 2098 767 omnia
2112 749 2240 776 pertento,

60 779 63 785 ·
99 769 176 795 nitur.
225 769 319 796 quen.
339 770 390 797 Sat.
409 778 441 801 2,
460 776 501 803 158
1203 773 1293 799 onmia
1308 781 1447 806 experior,
1467 783 1547 799 παντα
1565 773 1679 808 denique
1692 773 1761 799 λίθον
1783 774 1842 799 unffi.
1906 776 2036 808 Qilnetil.
2049 781 2071 809 8,
2083 779 2108 809 6,
2120 786 2142 807 51
2167 779 2239 805 Nam

429 820 475 826 —-
510 805 590 832 Arma
611 804 675 840 quid
695 804 764 831 vltra
1162 808 1249 843 15illa
1268 807 1374 841 agendis
1391 807 1469 834 caulis
1490 809 1542 835 iam
1561 809 1673 841 detrita,
1692 808 1784 843 pedum
1804 809 1941 843 conferre,
1961 816 1986 836 et
2004 812 2125 847 iugulum
2140 820 2240 848 petere,

253 839 346 866 Litora
365 840 493 867 quernae
512 841 696 875 promouimus
713 845 740 867 et
758 838 839 866 modo
857 845 940 874 capta·
1204 848 1230 870 et
1249 843 1399 878 sanguinem
1414 844 1534 876 mittere,
1555 844 1616 870 inde
1630 845 1705 876 sunt,
1724 853 1770 871 nec
1791 844 1901 871 offendit
1915 850 2010 872 tamen.
2062 848 2186 875 Parabant
2201 850 2241 876 iu-

254 875 384 906 Orcadas,
411 883 455 902 etc.
1201 878 1294 912 guium
1311 879 1500 905 contumaciter
1519 879 1649 913 Quinotil.
1666 880 1737 905 Decl.
1751 887 1796 912 305
1813 889 1837 913 p.
1854 888 1910 912 390.
1931 883 1978 907 int.
1997 882 2031 908 od
2043 883 2145 918 ferrum
2162 888 2241 912 inter-

99 907 239 937 claudian.
252 910 331 937 Cons.
345 911 417 937 Hon.
431 921 461 945 4,
477 919 505 944 33
531 911 670 938 Scotorum
688 909 806 937 cumulos
820 905 893 937 fleuit
910 910 1026 947 glacialis
1039 912 1138 941 Iernae.
1194 913 1307 950 fefloris
1320 915 1490 949 recipiendum.
1542 915 1623 941 Ouid.
1640 917 1702 941 Met.
1718 918 1749 947 6,
1763 922 1803 947 553
1827 916 1950 949 Iugulum
1963 917 2106 945 Philomela
2125 919 2240 954 parabat,

1200 950 1325 989 spemque
1339 950 1397 976 suae
1413 950 1507 976 mortis
1525 951 1583 977 viso
1604 956 1755 984 conceperat
1768 951 1836 976 ense.
1893 952 1952 977 Plus
1969 952 2048 979 adhuc
2067 952 2099 986 ost
2112 955 2239 983 Praebere

479 985 496 1016 1
599 984 629 1016 V
737 982 766 1014 G
1147 998 1182 1016 20
1201 985 1331 1019 iugulum.
1402 985 1565 1012 Praebendus
1581 993 1636 1012 erat
1650 986 1768 1019 iugulum
1788 991 1813 1011 et
1827 985 1958 1014 fundenda
1973 988 2025 1014 vita
2042 998 2099 1015 eum
2114 991 2238 1025 sanguine

1201 1020 1333 1053 Quinetil.
1350 1021 1454 1054 Dec1.9‚
1468 1029 1503 1046 21.
1575 1021 1716 1047 Resoluere
1730 1021 1850 1055 iugulum
1865 1021 1937 1049 ferro
1957 1023 2036 1050 Ouid.
2052 1026 2114 1053 Met.
2130 1034 2160 1061 ο,
2179 1029 2238 1060 643.

135 1055 145 1074 x
154 1055 205 1076 vG
214 1057 235 1077 A
244 1057 260 1077 1.
270 1057 279 1076 1
288 1058 318 1085 s,
356 1059 365 1078 1
377 1059 426 1080 vG
437 1060 458 1081 Α
468 1060 518 1081 ME
528 1060 550 1081 N
561 1059 584 1080 Τ
595 1060 615 1080 ν
624 1060 667 1086 Μ,
694 1058 762 1079 1VG
771 1058 819 1079 Αἰ(
828 1059 838 1078 1
848 1058 868 1079 v
878 1059 905 1085 s,
929 1059 942 1080 ι
954 1060 972 1079 v
983 1060 1002 1080 G
1012 1061 1034 1081 A
1047 1059 1069 1080 Τ
1080 1061 1100 1081 v
1109 1061 1122 1081 s
1131 1074 1138 1087 ,
1201 1056 1342 1082 Resoluere
1356 1057 1475 1091 iugulum
1487 1065 1612 1082 mucrone
1625 1056 1662 1082 ld.
1677 1058 1741 1082 Met.
1756 1064 1775 1088 1,
1789 1065 1842 1090 227.

95 1084 151 1111 vid.
173 1091 182 1110 ι
193 1092 213 1111 ν
221 1092 242 1111 G
251 1093 271 1111 v
282 1094 314 1113 M.
1236 1099 1246 1118 1
1256 1099 1276 1118 v
1285 1097 1305 1117 G
1315 1099 1334 1117 v
1345 1099 1361 1118 L
1371 1099 1392 1118 A
1403 1097 1422 1118 R
1433 1099 1441 1117 ι
1451 1099 1464 1118 s
1472 1111 1480 1123 ,
1501 1099 1524 1117 e.
1560 1091 1621 1117 Adi.
1657 1091 1724 1126 apud
1737 1091 1856 1123 Medicas,
1876 1093 1955 1118 Venae
1969 1093 2090 1128 epitheton
2104 1105 2120 1122 α
2133 1097 2192 1123 loco.

134 1126 144 1144 1
156 1126 176 1145 v
189 1126 210 1146 G
222 1120 239 1147 ἰ)
249 1128 267 1148 R
278 1130 298 1148 v
306 1129 330 1149 M
339 1143 348 1155 ,
368 1123 388 1150 i.
415 1124 507 1158 (cuius
524 1127 597 1151 etiam
610 1124 693 1149 Genie.
708 1123 808 1158 Iugeris
817 1142 826 1155 ,
848 1124 905 1150 ΑΗ.
920 1125 1012 1159 lugere
1028 1131 1051 1150 et
1063 1125 1139 1159 Iuge-
1236 1133 1246 1152 1
1256 1133 1276 1151 v
1287 1131 1308 1153 G
1320 1125 1363 1153 x71.
1374 1133 1392 1153 o
1402 1147 1410 1159 ‚
1429 1131 1481 1153 are.
1519 1126 1588 1160 [σφοί
1601 1126 1637 1158 io,
1655 1126 1777 1166 σφάττω]
1814 1126 1913 1161 lnferre
1925 1136 2038 1160 mortem,
2054 1138 2076 1156 ct
2090 1133 2167 1158 veluti
2183 1142 2239 1160 con-

95 1153 171 1181 xibus
191 1158 340 1193 inuenitur)
366 1168 392 1185 n.
429 1159 516 1193 [πλέθ
530 1171 567 1191 ον,
581 1159 661 1184 πέλε-9
675 1159 717 1192 ον]
753 1159 875 1192 Iugerum
889 1162 1032 1186 vocabatur
1045 1164 1138 1196 (inquit
1155 1174 1186 1200 25
1193 1161 1260 1197 foſjb
1273 1164 1356 1198 iugulo
1371 1165 1425 1189 vita
1436 1165 1546 1196 priuarc.
1597 1162 1637 1188 ‘ie.
1652 1170 1702 1195 pro
1716 1163 1810 1195 Qunt.
1826 1169 1851 1193 51
1877 1162 1996 1195 iugulare
2015 1165 2116 1198 ciuem,
2137 1176 2170 1194 ne
2183 1169 2238 1202 ipse

96 1189 164 1216 Plin.
177 1197 213 1223 18,
224 1194 256 1224 3)
277 1193 358 1227 Qiod
371 1203 425 1221 vno
439 1195 503 1229 iugo
536 1203 599 1221 oum
612 1194 640 1220 in
672 1194 697 1220 ie
712 1194 814 1221 exarari
827 1196 914 1228 postet.
970 1196 1074 1222 Colum.
1090 1205 1111 1229 ς,
1126 1205 1134 1222 ι
1201 1197 1308 1232 quidem
1327 1197 1464 1232 quisquam
1483 1197 1567 1223 bonus
1580 1197 1647 1223 vult.
1718 1197 1809 1222 Medio
1826 1197 1988 1230 iugulaberis
2003 1201 2061 1226 ense
2077 1202 2156 1230 Ouid.
2172 1204 2238 1231 Met.

95 1224 160 1252 dicit
174 1226 264 1254 Gallos
278 1229 481 1265 seiiiiiugerum,
499 1236 641 1264 arepennem
652 1238 748 1256 vocare.
792 1231 878 1256 Varro
891 1232 921 1256 de
935 1231 966 1257 R.
980 1232 1010 1258 R.
1024 1240 1042 1266 ι,
1057 1241 1084 1257 ιο
1107 1233 1137 1258 In
1202 1241 1240 1263 12,
1256 1238 1317 1267 484.
1410 1233 1539 1259 Homines
1554 1232 1672 1268 iugulare
1690 1233 1783 1258 Horat.
1798 1232 1875 1265 Epist.
1891 1240 1911 1264 1,
1926 1242 1947 1265 2,
1959 1241 1997 1265 3²·
2069 1235 2179 1264 Pecudcs
2198 1240 2240 1265 iu-

90 1259 224 1294 flispania
236 1263 365 1292 vlteriore
378 1265 527 1292 metiuntur
539 1265 609 1299 iugis
623 1275 628 1290 :
654 1265 683 1291 in
697 1266 839 1299 Campania
851 1266 980 1292 vestibus:
1006 1267 1074 1301 apud
1089 1276 1137 1294 nos
1199 1269 1288 1302 gulant
1303 1269 1377 1303 Virg.
1391 1269 1456 1294 Aen.
1472 1276 1508 1300 12,
1522 1276 1579 1301 2¹4·
1673 1267 1807 1303 Iugulatus
1822 1268 1854 1293 ab
1868 1268 1972 1295 Achille
1985 1269 2065 1296 Ouid.
2074 1271 2138 1299 Met.
2152 1281 2189 1305 η,
2204 1279 2239 1304 81.

94 1293 124 1320 in
139 1304 202 1330 agro
216 1298 336 1326 Romano
349 1309 380 1327 ac
391 1300 487 1327 Latino
502 1300 608 1335 ingeris.
657 1301 750 1334 Iugum
769 1308 877 1331 vocant,
897 1302 976 1335 Qiod
993 1302 1076 1328 iuneti
1091 1302 1136 1329 bo·
1199 1303 1273 1338 Conf.
1288 1299 1354 1329 Veli.
1369 1312 1392 1335 2,
1408 1306 1453 1337 64,
1468 1312 1486 1329 ι.
1523 1310 1546 1330 ct
1564 1311 1602 1335 71,
1616 1311 1637 1335 3.
1730 1303 1851 1337 iugulare
1861 1302 1999 1331 hominem
2015 1306 2067 1332 suis
2082 1307 2185 1341 verbis,
2211 1310 2238 1336 h.

94 1339 140 1356 ves
159 1341 212 1358 vno
226 1335 270 1360 die
287 1344 395 1363 exarare
406 1335 506 1372 pollint.
561 1336 671 1362 Versum
684 1337 789 1367 dicunt,
807 1337 918 1363 Centum
934 1339 1010 1371 pedes
1044 1347 1135 1372 uoquo
1154 1351 1186 1374 30
1200 1348 1219 1364 e.
1239 1341 1383 1365 conuinccre
1396 1350 1403 1364 :
1433 1340 1502 1365 Ter.
1518 1339 1582 1364 Eun.
1596 1348 1617 1370 3,
1633 1347 1652 1369 1,
1668 1345 1702 1372 27
1725 1339 1834 1364 Pulchre
1854 1348 1896 1364 me
1914 1338 2001 1366 hercle
2021 1340 2137 1375 dicium,
2158 1351 2184 1370 et
2202 1345 2240 1371 sa-

92 1367 199 1394 versum
216 1370 381 1403 quadratum.
435 1373 575 1405 Iugerum,
600 1370 680 1405 Qiod
700 1372 840 1406 quadratos
860 1372 924 1398 duos
943 1373 1014 1399 ae'iuu
1025 1347 1136 1400 (habeat.
1199 1374 1319 1408 pienter:
1344 1383 1434 1408 papae,
1454 1373 1584 1408 iugularas
1600 1373 1751 1405 hominem;
1777 1373 1842 1408 quid
1857 1373 1925 1400 ille?
1966 1376 2007 1402 Sic
2019 1376 2085 1411 apud
2098 1379 2238 1407 Cir-,vern

93 1401 162 1428 Add.
176 1404 262 1432 Varro
276 1405 308 1433 de
320 1407 350 1432 L.
365 1407 394 1432 L.
408 1415 436 1439 4,
452 1417 477 1440 4.
513 1413 536 1433 et
554 1408 620 1442 apud
633 1407 703 1433 Non.
720 1415 740 1440 1,
756 1410 812 1439 265.
851 1407 958 1441 Quincft.
975 1417 994 1440 ι,
1011 1416 1047 1434 10.
1085 1410 1136 1435 Ti-
1199 1418 1221 1442 ς,
1235 1412 1279 1435 ι66
1299 1410 1403 1436 Omitto
1416 1418 1443 1436 ac
1458 1410 1563 1443 negligo
1577 1415 1685 1440 caetera,
1699 1410 1742 1434 sua
1756 1408 1911 1435 consessione
1926 1409 2050 1438 induatur
2063 1420 2092 1439 ac
2105 1414 2240 1448 iuguletur

93 1435 160 1463 buil.
174 1447 199 1470 2,
211 1442 235 1472 6,
248 1449 284 1473 24
306 1442 341 1467 Vt
359 1441 444 1468 multo
458 1444 624 1468 innumeram
639 1442 730 1478 iugere
749 1444 832 1477 pascat
852 1453 947 1476 ouem,
967 1454 1038 1478 quam
1051 1444 1136 1470 lct‘ho-
1198 1446 1293 1471 neceffe
1308 1444 1351 1472 est.
1366 1461 1367 1464 =
1422 1445 1545 1479 Iugulare
1556 1444 1694 1471 hominem
1708 1445 1754 1470 suo
1768 1443 1814 1470 sibi
1827 1444 1914 1479 gladio
1928 1446 1995 1472 Ter.
2009 1447 2119 1481 Adelph.
2136 1458 2155 1480 ς’,
2169 1455 2190 1482 8,
2203 1459 2241 1484 35,

90 1480 145 1498 nem
160 1480 243 1501 tuetur
255 1476 377 1503 Brouckh.
392 1477 510 1504 aduocato
524 1480 598 1505 etiam
612 1479 732 1510 Graemo,
748 1482 790 1513 qui
803 1480 859 1505 Cic.
873 1480 949 1506 Vcrr.
963 1488 975 1511 3
1002 1488 1023 1505 c.
1036 1487 1072 1514 47
1097 1480 1136 1506 bis
1198 1481 1255 1508 Suis
1275 1479 1349 1515 ipsius
1369 1478 1447 1507 distis
1465 1483 1601 1511 renim-ere,
1614 1479 1702 1515 fiaeopte
1719 1482 1832 1510 inuento,
1851 1480 1934 1506 dolone
1945 1488 2044 1518 capere,
2070 1483 2123 1509 vid.
2142 1491 2163 1510 G
2174 1493 2190 1511 L
2200 1494 2241 1513 A·

91 1506 187 1541 lugere
206 1519 218 1535 e
231 1511 308 1538 MSS.
327 1513 452 1573 [feudum
468 1513 557 1549 censet.
627 1514 721 1539 quen.
737 1514 788 1539 Sat.
805 1522 836 1547 9,
855 1518 889 1540 60
922 1516 1056 1548 Qzantum
1079 1522 1135 1542 erat
1152 1529 1181 1554 35
1199 1521 1299 1542 DIVS.
1354 1517 1435 1542 Etiam
1450 1515 1478 1542 de
1491 1514 1578 1542 Morbo
1597 1522 1620 1541 et
1631 1517 1666 1541 As
1675 1517 1713 1541 uis
1727 1515 1836 1541 dIcitur:
1863 1516 1929 1542 Cels.
1943 1525 1965 1548 3,
1980 1525 2004 1549 ις
2022 1525 2085 1544 extr.
2104 1520 2240 1552 Qiartana,

88 1543 207 1570 exhausti
220 1544 326 1573 lumbos
358 1556 438 1574 onare
452 1549 554 1575 clientis
591 1548 729 1583 Iugeribus
749 1550 846 1583 paucis.
950 1551 1022 1577 Caes.
1034 1551 1061 1576 B.
1074 1552 1133 1577 Ciu.
1197 1551 1331 1577 neminem
1346 1551 1455 1586 iugulat.
1558 1550 1654 1577 Martia
1669 1570 1674 1576 .
1690 1560 1718 1583 4,
1735 1555 1759 1580 ¹8
1787 1551 1840 1576 Aut
1852 1550 1900 1577 vbi
1913 1560 1985 1579 mors
2000 1562 2053 1579 non
2068 1554 2113 1585 est,
2132 1556 2150 1581 li
2165 1556 2241 1592 iugu-

92 1585 112 1609 Ι,
127 1586 156 1614 17
186 1581 319 1608 Militibus
335 1583 365 1609 in
383 1583 511 1610 contione
536 1593 612 1618 agros
636 1593 668 1610 ex
686 1585 738 1611 suis
761 1584 954 1619 poss'essionibus
978 1586 1134 1620 pollicetur,
1198 1586 1257 1613 latis
1274 1588 1380 1620 aquae3
1416 1585 1484 1613 Atili.
1504 1585 1624 1612 Scribon.
1640 1591 1682 1619 84.
1753 1585 1797 1612 Ad
1808 1589 1947 1613 inanimata
1960 1589 2134 1625 transfirtur:
2170 1593 2242 1620 Mar-

90 1613 265 1650 quadragiuta
279 1617 308 1643 in
320 1617 434 1653 singulos
446 1619 544 1654 iugera.
587 1620 645 1647 Viti:
658 1620 713 1646 Cic.
723 1621 775 1646 Att.
789 1623 861 1651 2,16.
934 1622 1039 1647 Colum.
1054 1630 1074 1654 ς,
1091 1632 1109 1654 1,
1123 1630 1136 1655 ς
1197 1622 1253 1648 tial.
1268 1630 1287 1653 1,
1301 1631 1328 1654 19
1356 1637 1401 1643 ——
1425 1622 1510 1648 Scelus
1525 1621 1561 1647 est
1575 1622 1694 1655 iugulare
1709 1621 1855 1648 Falernum.

89 1647 171 1688 ᾼᾶιιε
191 1652 334 1685 quadratus
352 1653 472 1689 vndique
489 1655 583 1682 finitur
600 1654 711 1690 pedibus
726 1656 810 1688 CXX,
831 1655 882 1682 hoc
896 1656 1058 1690 duplicatum
1072 1658 1135 1684 facit
1236 1663 1305 1683 1VG
1316 1663 1337 1683 v
1347 1665 1363 1683 L
1373 1664 1393 1682 Α
1406 1663 1446 1683 '1‘1
1458 1663 1493 1689 0,
1513 1657 1582 1682 onis.
1607 1657 1626 1682 f.
1663 1655 1836 1691 [οἷπόσφαξις]
1872 1657 2100 1694 Hirt.Be11.Hisp.
2114 1663 2144 1687 16
2162 1662 2241 1696 Iugu-

89 1692 231 1718 iugerum:
265 1693 293 1714 et
312 1688 346 1715 ab
365 1698 415 1721 eo,
436 1691 509 1725 quod
530 1697 584 1717 erat
605 1691 745 1721 ἰυηξιιιιιι,
765 1700 862 1718 nomen
884 1692 971 1726 iugeri
990 1693 1134 1726 vsurpauit.
1142 1706 1180 1730 40
1198 1692 1298 1719 latione
1315 1692 1510 1727 oppidanorum
1528 1692 1604 1718 faeta.
1985 1727 1991 1732 .

88 1719 158 1746 Add·
178 1722 285 1755 Qu'nbl.
300 1733 318 1754 1,
334 1733 372 1756 10,
386 1734 428 1758 42.
498 1727 562 1752 Arat
575 1726 670 1753 falerni
684 1727 758 1753 mille
771 1727 847 1753 fundi
863 1727 954 1761 iugera
970 1729 1036 1754 Hor.
1048 1729 1130 1762 Epod.
1234 1734 1274 1753 1v
1287 1734 1308 1754 G
1319 1735 1339 1753 V
1350 1735 1365 1753 L
1376 1729 1398 1754 A
1411 1734 1432 1754 T
1443 1735 1462 1754 0
1473 1735 1491 1754 R
1507 1747 1514 1759 ,
1544 1727 1608 1754 oris.
1645 1735 1681 1752 m.
1716 1726 1884 1753 Interfector.
1918 1727 2034 1757 Saluiam
2053 1729 2085 1755 ad
2104 1730 2170 1757 Eccl.
2191 1731 2207 1758 l.
2229 1741 2242 1766 3

89 1763 118 1786 4,
134 1763 166 1787 13.
239 1758 332 1785 Ieiuua
349 1761 398 1786 soli
418 1761 508 1795 iugera
526 1762 581 1787 Sen.
598 1763 677 1788 Herc.
693 1763 753 1788 Oet.
773 1763 791 1788 s.
807 1772 828 1788 2.
900 1763 1023 1790 Foreniia
1042 1764 1134 1797 iugera
1195 1762 1366 1789 Adulationes
1386 1762 1469 1797 gladii
1488 1763 1546 1788 sunt
1565 1761 1726 1795 iugulatores
1746 1761 1795 1787 tui.
1833 1762 1911 1787 Gloff.
1927 1762 1987 1789 Vet.
2007 1763 2063 1792 Lat.
2085 1766 2131 1792 Gr.
2150 1768 2242 1801 φονεῦς,

89 1790 167 1817 Varr.
182 1792 212 1818 R.
227 1793 257 1819 R.
275 1803 294 1826 1,
313 1803 337 1827 2,
353 1804 368 1827 9
394 1796 518 1832 eademque
534 1797 690 1829 Liciniana,
721 1798 750 1823 de
764 1798 851 1832 quibus
866 1799 896 1824 C.
911 1798 1030 1824 Licinius
1050 1799 1134 1825 tribu-
1196 1798 1317 1832 coeixrou.

86 1833 135 1851 nus
156 1827 225 1861 pleb.
245 1832 272 1854 in
284 1830 348 1865 foro
358 1830 456 1865 solebat
469 1842 541 1868 agere
552 1842 605 1858 cum
613 1834 704 1868 populo
719 1839 742 1859 et
756 1833 852 1866 septem
870 1834 922 1858 illis
937 1837 1084 1867 promittere
1105 1834 1134 1859 de
1234 1832 1273 1857 155
1281 1838 1384 1862 GVM,
1401 1831 1420 1857 i.
1448 1833 1475 1856 n.
1510 1829 1610 1856 videtur
1623 1835 1715 1855 natura
1723 1829 1772 1865 fila
1784 1829 1942 1857 Adieffiuum
1960 1842 2044 1858 nomen
2053 1834 2148 1869 fmffi,
2169 1838 2240 1871 (vid,

82 1869 146 1896 agro
159 1862 267 1896 publico.
1149 1876 1182 1901 45
1201 1873 1211 1891 1
1223 1872 1243 1890 v
1256 1872 1277 1892 G
1288 1872 1308 1890 v
1318 1873 1331 1892 s
1340 1885 1347 1897 ‚
1367 1874 1391 1897 a,
1410 1874 1470 1896 um,
1495 1871 1517 1890 et
1530 1863 1600 1891 dista
1616 1864 1685 1891 modo
1705 1874 1762 1890 voce
1777 1872 1816 1890 iv
1825 1872 1845 1891 G
1855 1872 1876 1891 v
1887 1873 1902 1891 ι
1913 1869 1977 1901 vs)
1997 1867 2090 1895 dietum
2103 1880 2119 1897 a
2132 1872 2242 1907 iungen-

123 1902 132 1920 ι
145 1902 163 1921 v
176 1903 196 1922 G
207 1904 223 1922 Ε
233 1904 253 1923 R
263 1900 345 1926 linis
355 1919 363 1931 ,
383 1909 406 1925 e.
443 1899 505 1925 Adi.
542 1900 651 1925 Tabula
666 1900 790 1933 iugeralis
807 1899 903 1924 Pallad.
918 1908 940 1931 3,
955 1907 979 1931 9,
993 1908 1018 1931 9.
1198 1901 1242 1927 do.
1280 1902 1374 1934 Iugum
1390 1909 1513 1927 cacumen
1526 1902 1632 1931 montis,
1653 1902 1672 1924 i.
1687 1903 1837 1931 continuum,
1852 1910 1983 1928 connexum
1992 1913 2000 1927 :
2024 1904 2117 1939 iugum
2130 1907 2241 1942 lignum,

121 1937 133 1956 1
142 1936 191 1957 VG
202 1938 219 1958 Ε
230 1939 250 1959 R
260 1940 281 1959 Α
291 1939 313 1960 Τ
323 1941 332 1960 1
343 1940 372 1966 O,
382 1934 449 1960 finis.
466 1934 487 1960 f.
522 1934 616 1967 [Gloli‘.
625 1935 670 1961 Gr.
685 1935 740 1960 Lat.
755 1934 888 1968 §oya-rim]
924 1934 996 1960 Adde
1011 1935 1088 1961 Auci.
1100 1935 1144 1962 de«
1197 1937 1239 1962 vel
1252 1936 1357 1967 lorum,
1378 1945 1423 1970 quo
1436 1939 1572 1971 iunguntur
1584 1937 1695 1960 iumenta
1707 1934 1740 1959 ad
1751 1942 1878 1968 aratrum,
1893 1938 1934 1963 vel
1947 1947 2045 1965 currum
2061 1950 2068 1965 :
2097 1942 2190 1977 iugum
2209 1945 2241 1972 li.

85 1963 178 1992 Limit.
198 1976 222 2000 p.
236 1976 290 2000 253.
327 1970 492 1995 frontinae
505 1970 601 1995 Colon.
620 1979 645 2003 p.
659 1973 715 2002 ¹46·
751 1977 774 1994 et
793 1970 890 2007 Rigalt.
905 1967 979 2000 Gtostl
1014 1972 1045 1995 it.
1066 1971 1134 2005 GoeJI
1198 1979 1294 2003 gnum,
1313 1973 1354 1997 vel
1373 1971 1490 2001 ferrum,
1533 1978 1560 1995 uo
1574 1972 1714 2005 iunguntur
1730 1971 1827 2002 lant-es,
1850 1977 1896 1998 etc.
1950 1973 1996 1999 Sed
2011 1977 2102 2003 euoluit
2121 1979 2193 2013 vsus,
2211 1986 2243 2006 vt

83 2001 144 2029 Iud.
159 2002 312 2036 Scriptorum
331 2003 359 2029 de
371 2005 406 2030 Re
417 2005 514 2039 Agrar.
561 2005 691 2034 Breviter,
711 2002 745 2036 cst
763 2003 851 2037 (inusto
869 2010 893 2029 et
911 2004 1043 2039 affi'gnatio
1060 2015 1133 2041 agro·
1192 2004 1346 2040 Jitbstantiue
1365 2005 1482 2032 dicantur
1497 2006 1518 2038 is
1530 2014 1545 2031 a
1563 2009 1652 2031 omnia.
1707 2006 1798 2040 Nempe
1810 2007 1920 2040 Iugum,
1946 2007 2056 2043 [ὃειωὶῃ
2069 2012 2185 2049 κολανᾶς]
2207 2013 2242 2048 ist

83 2044 139 2062 rum
153 2043 201 2070 per
219 2039 314 2073 iugera.
428 2040 429 2043 ’
765 2038 766 2043 ’
1147 2050 1179 2075 ςο
1192 2047 1354 2076 perpetuum,
1374 2047 1397 2067 et
1415 2050 1463 2066 vno
1481 2047 1562 2067 tenore
1581 2039 1692 2066 fanetum
1705 2042 1804 2067 Montis
1820 2051 1942 2068 cacumen.
1979 2036 2072 2077 virgil.
2087 2048 2138 2074 Eel.
2157 2058 2184 2082 5,
2205 2053 2242 2086 76

120 2077 130 2096 1
141 2078 161 2097 v
172 2077 193 2098 G
204 2075 310 2099 ERA'T
322 2080 329 2098 Ι
340 2080 373 2100 Μ.
409 2073 478 2099 Adu.
515 2072 601 2107 [necrol
615 2072 747 2108 πέλεθρα]
784 2072 939 2109 Perfingula
953 2076 1046 2109 iugera.
1080 2075 1132 2101 Co-
1196 2075 1266 2101 Dum
1283 2076 1343 2110 iuga
1358 2076 1455 2103 montis
1469 2084 1548 2110 aper,
1567 2076 1663 2101 fluuios
1677 2075 1739 2102 dum
1754 2076 1829 2109 piscis
1841 2075 1948 2103 amabit.
2006 2081 2077 2107 Caes.
2092 2082 2155 2110 Bell.
2171 2085 2239 2114 Gall.

84 2104 148 2133 lum.
156 2115 180 2138 3,
192 2116 216 2140 3,
229 2117 241 2140 3
260 2109 295 2135 Vt
307 2109 408 2143 primae
423 2109 517 2136 vineae
529 2115 648 2135 centenas
661 2108 799 2143 amphoras
812 2109 953 2143 iugeratim
966 2110 1131 2143 praeberent.
1196 2119 1218 2142 7,
1231 2114 1265 2144 67
1285 2111 1410 2138 Tandem
1423 2111 1549 2138 Germani
1563 2110 1595 2136 ab
1609 2110 1702 2136 dextro
1715 2111 1794 2136 latere
1809 2112 1937 2137 summum
1952 2112 2044 2147 iugum
2058 2118 2137 2150 nac'ti,
2154 2120 2240 2148 hoste.

121 2148 160 2168 1v
170 2149 191 2169 G
202 2150 210 2168 1
220 2151 232 2170 ς
242 2163 252 2174 ,
286 2144 341 2170 υἱώ
362 2151 372 2170 1
382 2151 402 2169 v
411 2151 432 2172 G
442 2152 462 2171 V
472 2151 507 2171 M„
940 2166 943 2168 ,
1195 2146 1256 2171 loco
1272 2145 1414 2180 depellunt.
1485 2145 1623 2171 Aecliuum
1638 2145 1730 2178 iugum
1744 2146 1826 2171 Ouid.
1836 2146 1900 2172 Fast.
1910 2155 1934 2180 ς,
1948 2156 2001 2181 134.
2057 2154 2162 2187 Aquosa
2176 2156 2239 2184 Stat.

119 2184 131 2203 1
144 2183 164 2203 v
175 2184 220 2209 Gi.
229 2185 280 2206 AN
290 2185 317 2211 S,
337 2180 420 2206 andis.
455 2180 476 2206 f.
512 2188 571 2215 quae
585 2186 609 2205 ct
622 2179 686 2206 Nux
700 2179 800 2213 iuglans
820 2178 931 2211 dicitur,
967 2179 1070 2214 [κάρυον
1085 2178 1129 2205 ἔα-
1196 2180 1262 2206 Silu-
1276 2189 1304 2211 4,
1317 2183 1342 2211 6,
1355 2189 1406 2205 101.
1478 2179 1570 2206 Arduo
1583 2180 1645 2213 iugo
1660 2181 1742 2214 surgit
1753 2181 1803 2206 alta
1818 2190 1893 2215 rupes
1907 2183 1964 2210 Sen.
1977 2184 2069 2212 Theb.
2086 2196 2103 2213 ι.
2162 2191 2240 2226 Aspe-

81 2212 190 2246 σιλικδν,
207 2211 253 2240 ‹510'5
267 2213 391 2250 ζάλανος]
427 2215 550 2242 Nonnulli
562 2225 576 2240 a
592 2214 711 2241 quando
727 2221 750 2240 et
758 2213 858 2240 Glande
870 2214 1017 2248 appellatam
1026 2220 1129 2246 putant.
1149 2222 1176 2247 55
1197 2222 1255 2239 runi
1265 2232 1272 2244 ,
1293 2214 1482 2246 Continentia,
1501 2214 1556 2241 vid.
1568 2215 1610 2241 hh.
1625 2224 1667 2241 vv.
1739 2216 1872 2243 Frondosa
1888 2218 1970 2244 Ouid.
1984 2220 2058 2246 Rem.
2074 2223 2164 2251 Amor.
2178 2235 2239 2255 202.

81 2249 220 2284 Aliiquafi
233 2250 306 2276 Iouis
319 2250 442 2285 glandem
455 2249 597 2283 existimant
610 2257 720 2276 vocatam
735 2260 742 2274 .-
762 2249 827 2284 quod
838 2249 896 2274 haee
909 2248 983 2272 arbor
1002 2257 1071 2273 nuces
1087 2248 1130 2274 ha·
1196 2249 1333 2288 Immensis
1354 2250 1422 2284 iugis
1436 2255 1518 2289 tumet
1532 2249 1576 2276 Ida
1596 2251 1677 2290 Quid.
1694 2251 1771 2285 Epist.
1787 2259 1810 2284 ς,
1831 2257 1876 2284 138.
1970 2254 2095 2283 Saxosum
2116 2259 2189 2287 Idem
2210 2264 2239 2290 in

80 2283 136 2309 beat
146 2284 374 2321 Jiaeauioristzpore,
391 2295 463 2321 quam
475 2285 586 2321 glandes.
623 2286 708 2310 Varro
721 2284 753 2308 de
766 2285 795 2308 L.
812 2284 881 2321 L..4-.,
895 2290 920 2307 21
941 2291 965 2314 p,
983 2285 1021 2320 36,
1033 2290 1066 2314 34
1088 2283 1130 2307 Iu-
1195 2283 1256 2323 Ibin
1276 2289 1327 2314 288.
1405 2285 1505 2319 Spmofi
1523 2291 1595 2320 terga
1615 2293 1672 2320 iugi
1690 2287 1808 2321 Propert.
1820 2295 1853 2320 4,
1868 2296 1903 2319 4,
1918 2293 1960 2321 48.
2041 2293 2238 2325 Circummjffi„

81 2319 171 2353 glans,
197 2320 270 2360 quod
289 2322 354 2347 haee
368 2330 425 2347 nux
445 2327 505 2346 ante
524 2328 602 2353 quam
620 2323 764 2352 purgetur,
790 2317 882 2342 finnus
902 2316 1000 2349 glandi.
1057 2317 1129 2342 Haec
1194 2326 1272 2351 iugo,
1299 2319 1351 2346 vid.
1373 2325 1409 2346 CI
1421 2327 1439 2347 R
1451 2326 1500 2346 CV
1509 2327 1533 2346 M
1542 2325 1687 2348 ΜιΤΤὈ.
1880 2321 1900 2359 ἦ
1921 2331 1936 2349 2
1971 2325 2081 2361 Iugum,
2116 2330 2239 2368 [ζεῦγος]

78 2353 152 2388 glans
165 2361 266 2388 optima
282 2362 308 2381 et
327 2356 441 2381 maxima
457 2355 491 2380 ab
501 2356 566 2381 Ioue
580 2359 605 2379 et
619 2353 711 2385 glande
726 2351 827 2385 iuglans
842 2351 877 2376 est
889 2350 1024 2384 appellata.
1068 2352 1127 2378 Vid.
1192 2355 1327 2388 Ligneum,
1347 2356 1388 2381 vel
1398 2356 1489 2382 loreum
1503 2355 1705 2389 instrumentum,
1723 2363 1769 2391 quo
1787 2358 1924 2392 iunguntur
1936 2358 2020 2392 boues,
2040 2370 2064 2389 et
2081 2365 2114 2390 ad
2131 2369 2239 2395 inuitem

81 2389 147 2415 Ptin.
164 2397 196 2421 ις,
209 2397 237 2414 22
262 2392 306 2424 qui
318 2388 352 2422 est
364 2390 432 2415 Iocus
445 2391 511 2415 uelut
524 2388 645 2421 clqfflczu.
713 2387 864 2412 Cic-Tusc.
879 2394 901 2419 ς,
916 2392 943 2419 58
964 2396 984 2412 c.
999 2395 1032 2412 20
1054 2387 1129 2414 Insti-
1147 2393 1182 2418 60
1192 2388 1343 2417 arctantur:
1372 2392 1454 2416 Etiam
1469 2393 1536 2422 lora,
1555 2392 1641 2427 quibus
1653 2393 1793 2425 iunguntur
1804 2395 1911 2419 summm
1923 2399 2021 2427 currui,
2040 2399 2133 2434 Iugum
2149 2412 2239 2430 vocan-

80 2423 199 2458 tuitque,
218 2429 248 2450 vt
262 2424 434 2450 candentibus
448 2422 616 2457 iuglandium
632 2422 813 2456 putaminibus
826 2422 935 2448 barbam
948 2422 997 2448 libi
1011 2429 1036 2448 et
1049 2423 1128 2457 capil-
1192 2431 1243 2450 tur.
1282 2425 1373 2451 lustin.
1387 2434 1421 2457 11,
1435 2435 1446 2457 7
1468 2425 1616 2452 Alexander
1629 2425 1721 2460 iugum
1736 2426 1844 2460 plaustri
1857 2428 1953 2456 Gordii
1970 2434 2084 2466 requirit
2098 2446 2104 2462 :
2125 2446 2178 2472 quo
2193 2448 2237 2466 ex,

80 2458 136 2484 lum
149 2458 299 2485 adurerent.
342 2458 400 2485 Vni.
415 2459 488 2484 Seru.
501 2457 535 2483 ad
547 2458 621 2492 Virg.
635 2457 688 2484 Eel.
702 2463 723 2489 8,
738 2466 778 2490 3ο.
821 2457 878 2484 Ilid.
892 2458 969 2492 Orig.
986 2467 1019 2489 ιγ,
1034 2468 1056 2490 7.
1190 2459 1296 2490 bibito,
1313 2468 1373 2484 cum
1394 2460 1478 2494 capita
1494 2460 1720 2493 loramentorum,
1739 2469 1783 2488 etc.
1820 2462 1873 2488 vid.
1895 2471 2045 2495 GORDWS.
2099 2473 2138 2498 De
2155 2475 2237 2504 eadem

116 2500 127 2518 1
137 2500 157 2518 v
168 2500 188 2520 G
201 2499 235 2524 ο,
270 2491 325 2520 oid.
344 2500 383 2520 ιν
393 2500 413 2520 G
424 2501 443 2519 v
453 2500 489 2519 M.
1189 2503 1217 2520 re
1236 2495 1334 2521 Auson.
1350 2494 1429 2529 Epist.
1444 2503 1484 2527 23,
1498 2500 1531 2527 48

116 2534 185 2555 1VG
197 2527 294 2560 ΧῗιΑ,
310 2538 349 2555 ae.
369 2529 389 2555 f.
423 2529 502 2556 Stella
515 2527 619 2560 Orion,
641 2527 711 2562 quod
728 2528 842 2562 amplior
861 2527 891 2553 sit
912 2527 1037 2559 caeteris,
1055 2527 1125 2562 quafi
1388 2530 1471 2556 Ocius
1492 2531 1537 2557 illa
1557 2530 1613 2564 iugi
1633 2530 1720 2556 fatalis
1741 2531 1843 2559 soluere
1862 2533 1921 2561 lora

78 2572 133 2590 nux
146 2563 278 2598 iuglandis
288 2585 296 2597 ‚
314 2571 424 2601 nugatur
439 2564 534 2590 Festus.
571 2563 618 2591 Sed
630 2565 705 2590 aliter
716 2565 803 2590 Varro
815 2563 847 2589 de
860 2563 890 2589 L.
900 2563 929 2588 L.
942 2568 986 2595 (³‚3
1007 2572 1031 2596 p.
1041 2570 1087 2596 74,
1099 2572 1124 2595 23
1143 2569 1175 2601 63
1387 2565 1518 2591 Pellaeum
1537 2566 1647 2600 potuisse
1667 2565 1758 2592 ducem
1779 2576 1855 2599 reor,
1875 2569 1964 2598 abdita
1979 2574 2078 2607 operti,

78 2599 171 2633 lugula
184 2599 350 2634 fignumest,
369 2599 440 2635 quod
453 2600 546 2626 Accius
558 2598 786 2633 appellatstOriona
822 2613 867 2617 ———
903 2599 990 2624 Huius
1008 2598 1073 2633 ligni
1087 2607 1125 2625 ca·
1385 2601 1541 2634 Principiis,
1560 2607 1586 2627 et
1605 2607 1717 2636 Vtroque
1738 2609 1813 2637 caput
1832 2604 1943 2632 celantia
1962 2608 2042 2636 nodo.

41 2630 46 2635 s
99 2641 127 2661 ut
147 2635 247 2664 dicitur
264 2644 279 2662 e
292 2635 371 2662 stellis
387 2641 517 2670 quatuor,
536 2643 599 2668 quas
617 2634 685 2660 infra
704 2635 770 2659 duae
792 2633 892 2665 clarae,
911 2642 974 2667 quas
995 2634 1126 2667 appellant
1191 2635 1273 2660 Etiam
1293 2636 1374 2670 praef.
1390 2635 1483 2667 Eidyll.
1497 2645 1524 2668 27
1543 2637 1562 2663 s,
1586 2636 1711 2669 Bissulae,
1726 2637 1812 2664 fatalis
1827 2639 1883 2673 iugi
1897 2641 1954 2668 lora
1967 2651 2051 2672 vocat.
2087 2645 2162 2674 Rege
2176 2659 2234 2687 ergo

78 2643 206 2698 §umeros
220 2682 226 2697 z
251 2671 321 2698 inter
332 2679 394 2706 quas
408 2670 481 2706 quod
494 2669 602 2697 videtur
614 2669 735 2703 iugulum
749 2679 754 2694 :
778 2669 846 2695 vnde
860 2669 950 2702 iugula
965 2668 1052 2696 dieta.
1081 2669 1126 2695 lfi-
1183 2670 1262 2697 'Curt.
1277 2680 1298 2704 3,
1317 2680 1337 2703 1,
1352 2679 1376 2704 ις
1403 2671 1532 2698 Notabile
1552 2677 1607 2698 crat
1624 2672 1716 2706 iugum
1736 2673 1889 2702 adstrictum
1906 2679 2088 2712 compluribus
2106 2684 2183 2711 nodis
2202 2688 2232 2713 in

78 2705 138 2732 dor.
152 2707 227 2741 Orig.
242 2716 254 2739 3
286 2714 321 2741 70
348 2708 426 2732 Hune
440 2706 529 2732 Latini
548 2705 667 2739 Iugulam
686 2710 796 2736 vocant,
812 2704 885 2738 quod
900 2703 929 2730 fit
946 2711 1077 2736 armatus,
1096 2710 1125 2731 vt
1189 2706 1270 2733 semet
1291 2707 1359 2739 ipsos
1374 2707 1516 2741 implicatis
1537 2713 1562 2734 et
1581 2708 1725 2735 celantibus
1745 2718 1835 2736 nexus.
1889 2714 2010 2749 Alioquin
2025 2726 2053 2742 ex
2067 2719 2233 2756 ligno-solido

78 2741 195 2775 gladius,
215 2748 242 2769 et
255 2730 389 2769 stellarum
402 2742 459 2768 luce
472 2740 602 2770 terribilis
621 2746 699 2775 atque
712 2740 871 2767 clarissimus.
900 2740 1031 2773 (voluitne
1044 2740 1072 2765 de
1085 2740 1124 2766 iu·
1139 2750 1174 2777 70
1188 2749 1211 2767 et
1228 2741 1323 2775 robtsto
1337 2741 1380 2775 ifle
1396 2742 1479 2769 debuit
1492 2743 1585 2777 iugum
1604 2746 1633 2769 in
1646 2753 1719 2771 curru
1733 2746 1809 2771 Darii
1825 2746 1899 2773 Curt.
1913 2757 1936 2780 3,
1950 2758 1972 2781 3,
1990 2753 2018 2777 16
2037 2754 2100 2788 quoii
2111 2758 2232 2787 imagines

77 2777 193 2810 gulando
213 2784 256 2804 aut
275 2777 367 2813 iugulo
382 2777 486 2813 petendo
502 2776 599 2812 aliquid
615 2776 694 2802 dicere
707 2779 720 2800 ἒ
737 2775 784 2811 fid
801 2782 824 2802 et
836 2778 862 2801 in
874 2775 929 2807 his,
949 2776 1125 2836 quaetstquun-
1180 2776 1325 2812 figliineret.
1381 2780 1434 2804 Iam
1447 2778 1576 2813 formulas
1590 2785 1723 2814 ponemus,
1741 2780 1826 2807 bonam
1840 2790 1938 2817 partem
1957 2786 2143 2823 Memphoricm
2159 2786 2231 2819 scum

77 2819 137 2844 tur,
157 2813 186 2839 de
204 2814 358 2850 Etymologia
381 2816 501 2840 coniicere
516 2812 590 2848 forte
614 2812 714 2845 voluit)
751 2812 782 2837 In
802 2820 857 2846 quo
881 2810 898 2837 li
922 2810 985 2837 haee
1021 2812 1125 2846 ulgeant
1186 2813 1279 2847 iugum
1287 2813 1324 2846 fit
1337 2817 1415 2840 omnis
1427 2816 1508 2840 aliena
1516 2814 1641 2849 potestas,
1661 2824 1719 2851 quae
1726 2816 1814 2850 facit,
1833 2825 1863 2844 vt
1874 2828 1991 2854 agamus,
2009 2831 2067 2857 quire
2085 2826 2139 2851 vult
2149 2811 2230 2854 'aliun

78 2847 170 2874 omnia
193 2848 304 2880 (iun&o
325 2856 349 2875 et
368 2848 424 2883 iugi
443 2849 551 2879 lumino)
577 2846 700 2874 serenitas
717 2847 887 2881 portenditur
900 2858 905 2872 :
932 2846 949 2872 fi
968 2846 1124 2874 obscuratur
1188 2849 1254 2875 Plin.
1266 2857 1292 2881 9,
1307 2856 1331 2881 ις
1352 2849 1410 2876 Nec
1425 2849 1473 2875 niti
1487 2849 1569 2875 boum
1585 2848 1654 2884 iug‘is
1668 2851 1805 2878 extractus.
1876 2854 1999 2882 Ceruices
2014 2860 2095 2885 boum
2110 2867 2184 2888 natae
2196 2863 2230 2890 ad

78 2882 158 2910 huius
171 2892 254 2916 actes,
271 2884 405 2918 tempestas
419 2884 537 2911 cernitur
552 2882 713 2917 impendere.
800 2882 893 2908 Manil.
908 2889 930 2914 ς,
946 2890 988 2916 175
1008 2883 1122 2910 Consur-
1186 2884 1279 2918 iugum
1298 2885 1354 2911 Cic.
1374 2884 1407 2911 de
1421 2885 1484 2911 Nat.
1500 2885 1578 2912 Deor.
1594 2894 1606 2911 2
1626 2895 1648 2912 e.
1662 2888 1705 2919 64.
1777 2888 1840 2921 Iuga
1854 2898 1913 2915 cuin
1930 2891 1995 2918 loris
2007 2896 2102 2922 ornata
2115 2898 2181 2923 Cato
2196 2899 2228 2926 R.

96 2925 142 2945 unt
155 2919 278 2953 Iugulae,
298 2919 396 2954 quibus
412 2918 604 2954 adspirantibus
617 2919 680 2945 orti.
752 2918 793 2945 Sic
812 2918 892 2944 Haut.
906 2917 1000 2956 Amph.
1017 2927 1036 2951 ι,
1052 2927 1076 2950 1,
1095 2927 1121 2951 ¹9
1139 2926 1172 2954 75¹
1187 2920 1217 2946 R.
1234 2929 1271 2952 10,
1285 2928 1310 2946 2.
1382 2920 1547 2953 Asinarium,
1567 2921 1751 2954 Pbstrarium,
1772 2923 1913 2951 Vinarium
1933 2926 2001 2954 Ibid.
2018 2938 2048 2960 ιι,
2064 2939 2088 2957 2.
2160 2934 2227 2960 Cor-

77 2927 175 2989 {leque
187 2955 295 2995 Iugulae
304 2975 312 2987 ‚
332 2964 417 2996 neque
431 2956 598 2990 Vesperugo,
618 2962 704 2989 neque
718 2953 847 2994 Virgiliae
860 2953 994 2980 occidunt.
1184 2955 1262 2981 nibus
1276 2964 1308 2981 an
1323 2956 1470 2982 ceruicibus
1488 2956 1653 2983 inserendum
1668 2957 1713 2990 fit,
1732 2958 1879 2993 disputatur
1891 2961 1995 2990 Colum.
2011 2973 2031 2995 2,
2041 2974 2062 2997 2,
2073 2975 2109 2993 22,
2163 2970 2226 3002 Q10

117 2995 128 3015 1
141 2996 244 3018 vovi.
254 2997 273 3014 v
284 2998 296 3017 s
306 3011 314 3023 ‚
335 3000 353 3018 ι.
382 3001 417 3017 m.
453 2997 476 3017 et
498 2997 536 3016 ιν
546 2997 567 3017 G
579 2989 623 3017 ῢι.
633 2997 653 3015 v
664 2996 688 3016 M
699 3010 707 3021 ‚
727 2999 746 3015 1.
779 2999 805 3016 n.
842 2989 1007 3024 [κατάκλειῦ
1026 2988 1121 3022 σφαγή,
1185 2997 1238 3018 tres
1253 2991 1395 3026 iungantur
1408 2991 1491 3018 boues
1511 2991 1583 3019 Idem
1598 2995 1624 3025 6,
1644 3001 1669 3025 2,
1683 3001 1720 3020 ιο.
1792 2994 1980 3030 Adamantina‚
2007 3000 2059 3026 val.
2080 3009 2225 3032 ADAMAS,

78 3024 158 3052 Gloss.
176 3026 232 3052 Lat.
253 3026 318 3058 Gr.]
354 3026 479 3061 Iugulum
495 3032 601 3053 vocatur
620 3025 735 3058 Osrillud
753 3027 898 3058 intumum,
916 3025 981 3061 quod
997 3025 1120 3051 humerum
1183 3027 1298 3053 Curtum
1310 3033 1417 3054 temone
1435 3027 1552 3054 quenal.
1567 3037 1605 3061 ιο,
1619 3036 1667 3061 132·-
1738 3030 1826 3056 Curua
1843 3031 1924 3058 Ouid.
1938 3034 2001 3060 Fast.
2015 3044 2049 3068 4,
2067 3041 2120 3064 216.
2175 3041 2225 3066 De.

74 3061 164 3095 iungit
179 3063 247 3088 crati
258 3061 388 3096 pefforis,
407 3062 496 3097 duplex
513 3061 588 3092 adeo,
603 3061 716 3087 dextrum
732 3068 756 3087 et
763 3059 902 3094 sinistrum.
944 3062 983 3087 De
997 3061 1040 3087 hoc
1054 3061 1120 3087 Cels.
1182 3071 1254 3090 mete
1268 3062 1329 3098 iuga
1343 3062 1458 3097 fatigatis
1471 3063 1556 3090 bobus
1570 3064 1664 3091 Horat.
1678 3065 1764 3091 Carm.
1777 3073 1799 3097 3,
1808 3068 1831 3098 6,
1839 3075 1883 3099 42.
1920 3070 2051 3104 -Equn
2065 3072 2145 3100 Ouid.
2156 3075 2222 3102 Fan.

76 3101 99 3127 8,
117 3101 131 3126 8
155 3097 278 3130 Iugulum
297 3097 315 3123 fi
336 3098 511 3125 transuersum
530 3097 645 3124 fra6h1m
664 3097 717 3129 est,
739 3105 928 3131 nonnunquam
947 3106 993 3131 per
1004 3097 1030 3122 se
1049 3096 1119 3123 reete
1137 3101 1170 3127 80
1184 3107 1205 3128 2,
1218 3107 1258 3131 74.
1330 3099 1482 3125 Detreelans
1495 3099 1556 3134 iuga
1570 3099 1617 3125 bos
1632 3100 1833 3134 VirgiLGeorg.
1846 3111 1867 3133 3,
1878 3110 1918 3137 57.
1989 3106 2117 3134 Excutere
2131 3110 2224 3144 iugum

75 3131 131 3158 coit
165 3147 212 3152 —-
245 3141 436 3167 nonnunquam
458 3132 586 3165 elabitur,
603 3132 714 3167 fereque
737 3131 780 3165 id,
809 3132 881 3167 quod
902 3141 916 3158 a
939 3132 1045 3167 penore
1069 3133 1120 3164 est,
1183 3134 1257 3160 Curt.
1271 3143 1299 3168 4,
1313 3141 1346 3167 ις,
1362 3136 1398 3160 16.
1442 3135 1508 3161 Plin.
1524 3136 1615 3169 Paneg.
1634 3144 1656 3161 c.
1672 3144 1704 3162 ιι.
1776 3137 1874 3163 Ferunt
1888 3139 1949 3172 iuga
1963 3142 2031 3167 tauri
2051 3143 2130 3170 Ouid.
2144 3146 2223 3179 Epist.

76 3168 154 3202 super
167 3166 213 3199 id,
231 3167 303 3202 quod
320 3168 352 3194 ab
365 3169 478 3196 humero
496 3168 550 3201 est,
565 3169 594 3195 in
607 3168 780 3203 posteriorem
795 3175 894 3202 partem
907 3169 1050 3194 inclinatur
1073 3182 1120 3188 -—-
1182 3171 1209 3202 6,
1227 3177 1262 3204 97
1344 3169 1441 3196 Incidit
1459 3170 1610 3197 cemicibus
1628 3170 1737 3205 iugum,
1771 3172 1823 3198 vicl.
1845 3179 1974 3201 INCJDO.
2047 3179 2112 3205 Parsa
2131 3179 2224 3215 iugum

76 3212 139 3229 cum
151 3201 258 3229 humeri
270 3209 344 3230 motu
356 3205 495 3239 consentit,
513 3212 558 3230 etc.
615 3204 637 3230 A
649 3203 742 3230 dextro
756 3204 858 3237 iugulo,
876 3204 892 3229 li
908 3203 934 3229 id
947 3203 1062 3230 fractum
1075 3203 1120 3234 est,
1183 3205 1286 3231 nullum
1299 3205 1346 3232 bos
1361 3205 1442 3232 Ouid.
1455 3207 1519 3233 Met.
1532 3215 1554 3239 3,
1569 3215 1599 3232 ιι.
1671 3206 1767 3233 Catull.
1782 3210 1819 3238 61,
1834 3211 1869 3243 76
1893 3211 1941 3236 Vbi
1959 3211 2047 3239 iunfm
2063 3214 2121 3249 iuga
2135 3216 2225 3243 Resol-

74 3237 109 3265 nd
124 3238 192 3264 alam
206 3237 333 3265 sinistram
347 3249 354 3269 ;
381 3248 396 3266 a
409 3240 511 3267 sinistro
529 3239 562 3266 ad
577 3239 696 3266 dextram
715 3255 760 3259 -—
779 3240 856 3266 fascia
874 3239 931 3265 dari
948 3239 1034 3266 debet.
1078 3238 1119 3272 Est
1181 3249 1245 3267 vens
1257 3241 1373 3273 Cybelea
1386 3241 1517 3268 leonibus.
1590 3241 1679 3268 Soluet
1694 3249 1781 3269 arator
1796 3244 1856 3278 iuga
1869 3246 1951 3272 tauris
1966 3248 2060 3282 Virgil.
2075 3250 2169 3284 Ecl.,4‚
2182 3261 2222 3286 4¹·

74 3277 159 3311 Igitur
175 3273 213 3300 Os
233 3273 370 3308 iugulum,
394 3275 458 3310 quod
477 3285 561 3302 nomen
579 3277 721 3311 plerumque
735 3274 783 3309 sub
801 3273 934 3302 Adicftmo
956 3276 1118 3311 intelligitur.
1136 3277 1166 3307 85
1183 3276 1249 3303 Plin.
1269 3282 1292 3308 8,
1311 3279 1340 3302 16
1365 3278 1432 3312 Iugo
1453 3277 1575 3304 Subdidit
1593 3286 1653 3310 eos,
1672 3278 1824 3313 primusque
1842 3281 1943 3308 Romae
1961 3282 1992 3309 ad
2011 3293 2116 3311 currum
2135 3286 2225 3315 iunxit

75 3309 197 3345 ‚Ao-sorte
211 3318 259 3335 non
270 3310 500 3346 multumfallatur‚
518 3314 561 3347 qui
569 3318 642 3346 putet
652 3309 912 3346 AdieHiuumfuiffi’,
925 3317 954 3336 vt
967 3311 1061 3345 lngus,
1080 3313 1119 3337 ita
1181 3312 1220 3338 M.
1237 3313 1375 3339 Antonius.
1443 3312 1516 3339 Idem
1535 3321 1574 3345 10,
1592 3321 1625 3345 45
1642 3321 1687 3347 pr.
1718 3314 1820 3341 Leones
1840 3315 1931 3350 iugum
1950 3317 2069 3346 Subeant.
2143 3323 2221 3349 Susti-

76 3345 204 3379 Iugulus,
228 3353 277 3370 non
300 3347 381 3372 minus
402 3355 474 3383 quam
494 3347 646 3381 ConiuguS,
667 3347 838 3381 Coniugulus.
869 3346 920 3372 vid.
951 3353 959 3372 1
975 3353 995 3371 v
1010 3352 1030 3372 G
1043 3354 1062 3373 v
1076 3353 1118 3373 M.
1181 3356 1243 3374 nere
1258 3348 1345 3375 debile
1359 3348 1450 3381 iugum
1469 3347 1550 3375 Ouid.
1565 3356 1596 3373 ex
1610 3349 1684 3375 Pont.
1696 3357 1718 3381 3,
1731 3358 1750 3381 ι,
1763 3352 1802 3379 68.
1872 3352 1966 3379 Catull.
1980 3356 2017 3386 61,
2033 3364 2058 3387 33
2078 3356 2166 3384 Veluti
2181 3367 2222 3385 iu-

75 3378 97 3418 fl
117 3388 133 3406 2.
169 3380 294 3414 Iugulus,
312 3381 381 3407 Iocus
393 3391 482 3413 cauus,
503 3382 535 3408 ad
547 3383 598 3408 ossa
611 3383 716 3417 iugula,
730 3382 777 3418 fitb
795 3392 840 3418 quo
857 3382 1022 3417 vita11⁴sfi1cc1⁴
1035 3382 1118 3418 etspi-
1180 3392 1262 3410 venca
1276 3384 1366 3410 Vitans
1384 3392 1452 3410 onus
1472 3383 1603 3410 indomita
1624 3384 1688 3417 iugi.
1762 3386 1830 3411 Hinc
1849 3387 1958 3421 Iugum,
1982 3396 2028 3424 pro
2051 3393 2113 3418 Pari
2129 3393 2199 3419 boum
2211 3405 2221 3420 .-

74 3419 144 3447 νὶζιιι·
155 3421 301 3442 commeatus
318 3425 371 3442 cum
380 3416 432 3449 fit,
448 3418 544 3454 j‘acilis
556 3416 589 3451 est
600 3419 647 3445 telo
660 3417 764 3458 deprestb
777 3418 896 3444 hominem
915 3417 950 3443 ibi
969 3417 1117 3452 interficere.
1181 3419 1236 3446 Cic.
1252 3421 1328 3446 Verr.
1343 3428 1363 3451 3,
1378 3428 1408 3451 27
1433 3419 1506 3452 Qiid
1518 3419 1565 3453 qui
1587 3419 1616 3446 in
1635 3419 1740 3454 singulis
1758 3420 1827 3455 iugis
1847 3429 1935 3455 arant,
1953 3425 1999 3458 qui
2020 3425 2053 3452 ab
2072 3435 2152 3461 opere
2171 3429 2220 3464 ipsi

74 3452 145 3479 Haec
159 3450 233 3486 causta
250 3448 300 3484 est,
321 3451 387 3486 quod
399 3453 487 3479 Graeci
498 3453 607 3487 σφαγὴν,
627 3456 694 3489 quali
713 3461 740 3480 tu
755 3452 927 3480 mastationem
943 3451 1028 3485 dicas,
1046 3463 1117 3479 voca·
1137 3463 1234 3490 90non
1248 3454 1388 3485 recedunt,
1405 3461 1450 3481 etc.
1644 3452 1664 3491 ‘J
1686 3464 1697 3486 3
1727 3456 1793 3481 Hinc
1805 3463 1898 3491 porro:
1923 3460 2016 3494 Iugum
2028 3470 2132 3496 vocant,
2147 3465 2220 3499 quod

74 3493 138 3514 runt
156 3486 225 3513 illum
236 3486 332 3516 Iocum;
356 3495 372 3513 a
388 3487 438 3513 loco
450 3494 528 3515 autem
541 3490 627 3516 Latini
638 3489 724 3525 fecere
743 3489 840 3516 verbum
855 3489 982 3522 iugulare.
1036 3489 1117 3515 caete·
1180 3489 1264 3516 iuneti
1277 3490 1359 3516 boues
1374 3498 1429 3516 vno
1441 3489 1484 3515 die
1499 3498 1606 3516 exarare
1620 3491 1721 3524 possunt
1736 3491 1811 3517 Varr.
1829 3493 1858 3518 R.
1874 3493 1904 3520 R.
1920 3502 1939 3526 1,
1954 3504 1991 3528 10,
2008 3505 2027 3523 ι.
2083 3499 2130 3526 Sed
2146 3503 2221 3527 etiam

3 3539 8 3542 -
23 3549 34 3555 Ι
72 3532 146 3554 rum,
164 3527 193 3548 vt
212 3521 313 3554 Locus,
332 3522 389 3548 loca
407 3525 480 3549 etiam
490 3524 578 3559 facit,
598 3529 635 3551 ita
653 3525 742 3559 iugula
763 3524 832 3551 dixit
849 3524 904 3550 Cic.
923 3523 955 3550 de
975 3518 1039 3550 Faso
1066 3533 1088 3550 c.
1103 3532 1116 3557 ς
1178 3526 1285 3552 aliarum
1299 3535 1380 3552 rerum
1388 3527 1466 3560 paria
1480 3525 1542 3560 iuga
1547 3525 1619 3561 fient.
1687 3526 1752 3552 Plin.
1767 3535 1804 3559 10,
1818 3537 1835 3560 4
1857 3529 1894 3555 Ex
1907 3538 1939 3556 eo
1957 3537 2077 3558 notatum
2095 3543 2149 3561 non
2162 3536 2219 3562 sere

75 3558 194 3592 Zopyrus
209 3556 416 3592 phyfiognomen
438 3572 486 3578 —
504 3559 633 3594 stupidum
654 3562 701 3587 esse
715 3561 846 3587 Socratem
860 3560 928 3586 dixit
947 3565 973 3586 ct
987 3559 1116 3590 bardum
1178 3561 1292 3596 legionis
1304 3569 1422 3595 vnquam
1436 3560 1581 3588 hibernam:
1594 3560 1681 3601 casira,
1692 3561 1739 3601 vbi
1752 3563 1901 3597 aquilarum
1919 3574 1974 3592 non
1987 3567 2017 3594 lit
2029 3567 2145 3603 iugum*
2176 3572 2218 3598 Sic

75 3591 150 3628 quod
169 3592 260 3626 iugula
273 3601 387 3619 concaua
403 3601 458 3619 non
478 3593 602 3629 haberet,
622 3596 764 3623 obstruens
782 3605 823 3622 eas
836 3602 920 3630 partes
938 3601 964 3621 et
983 3594 1118 3621 obturatas
1178 3598 1272 3631 Iugum
1286 3596 1424 3623 hominum
1440 3596 1587 3631 impiorum
1601 3597 1656 3623 Cic.
1670 3597 1782 3632 Philipp.
1800 3607 1832 3630 ιι,
1845 3602 1861 3625 6
1881 3599 1909 3625 de
1923 3601 2034 3629 Antonio*
2046 3611 2070 3631 ee
2082 3606 2216 3632 Dolabella,

72 3629 124 3655 effe
136 3627 249 3655 dicebat.
284 3628 351 3656 Add.
366 3628 468 3656 Arnob.
485 3637 495 3655 1
523 3639 546 3664 p.
560 3633 599 3663 36.
689 3633 758 3658 Hinc
769 3632 896 3667 formulac
907 3641 915 3656 .-
952 3631 1053 3665 Accipit
1073 3639 1116 3656 en·
1129 3639 1162 3666 95
1179 3633 1238 3659 Pari
1252 3633 1315 3666 iugo
1328 3633 1395 3664 niti,
1418 3636 1436 3659 i.
1445 3635 1508 3668 pori
1519 3632 1600 3659 labore
1614 3639 1637 3658 et
1649 3633 1778 3659 concordia
1790 3633 1941 3669 Plin.Epist.
1954 3645 1978 3670 3,
1990 3647 2015 3671 9.
2196 3649 2215 3673 4

75 3665 129 3691 sem
143 3663 237 3698 iugulo
255 3665 331 3698 Virg.
346 3665 411 3690 Aen.
425 3673 462 3697 10,
476 3672 536 3698 907.
629 3668 788 3694 Confodiam
803 3667 925 3702 iugulum
940 3667 1050 3693 senilem
1065 3666 1117 3692 Lu·
1181 3669 1306 3694 Formtelae
1325 3668 1502 3703 metaphoricae
1515 3678 1523 3693 :
1559 3667 1618 3694 Liu.
1631 3675 1672 3705 37,
1684 3670 1714 3699 36
1734 3669 1858 3696 Conceffo
1872 3680 1938 3698 vero
1955 3673 1982 3700 in
1997 3673 2081 3701 Afiam
2098 3680 2153 3701 tran
2165 3676 2214 3707 itu,

75 3708 131 3726 can.
144 3708 168 3731 3,
181 3707 240 3734 743.
311 3700 469 3727 Cruentauit
482 3700 549 3726 tecta
560 3709 651 3736 aperto
665 3704 756 3738 iugulo
769 3704 849 3730 Ouid.
859 3702 934 3737 Epist.
944 3708 1010 3734 8,53·
1066 3702 1116 3727 De·
1180 3708 1206 3730 et
1225 3712 1279 3729 non
1300 3703 1385 3730 solum
1406 3703 1502 3733 frenis,
1527 3702 1570 3729 sed
1587 3702 1667 3730 etiarn
1687 3703 1751 3737 iugo
1768 3712 1874 3739 accepto
1889 3717 1894 3732 :
1922 3717 1990 3742 quae
2011 3710 2161 3742 disceptatio
2180 3719 2212 3736 ex

73 3735 183 3762 mittete
196 3743 318 3762 cruorem
333 3735 431 3770 iugulis
444 3735 519 3770 Virg.
533 3736 629 3771 Georg-
640 3748 668 3772 4,
678 3748 735 3773 542.
807 3739 875 3765 Dare
890 3738 1009 3771 iugulum
1023 3737 1116 3764 cultris
1178 3747 1281 3773 aequo,
1300 3748 1382 3772 quum
1398 3739 1542 3773 imperium
1555 3738 1707 3773 patiendum
1721 3738 1765 3769 lit,
1782 3741 1874 3768 relicta
1888 3742 1924 3769 est
1937 3744 1946 3770 Ξ
2016 3743 2097 3769 Abire
2112 3744 2158 3770 sub
2173 3745 2213 3771 iu-

72 3770 156 3804 Ouid.
170 3770 198 3797 in
213 3769 274 3796 Ibin
289 3772 344 3797 106.
449 3771 505 3797 Cic.
519 3780 568 3805 pro
582 3772 675 3801 Milon.
688 3784 712 3807 31
731 3784 751 3801 e.
767 3784 788 3801 ιι
814 3773 893 3807 Qiod
914 3774 931 3799 li
952 3774 987 3800 ita
1001 3774 1117 3808 putasset,
1179 3782 1257 3807 gum,
1279 3774 1332 3800 uid.
1351 3781 1372 3800 A
1383 3781 1422 3801 BE
1432 3781 1461 3801 o.
1554 3774 1694 3807 Acceptare
1706 3776 1796 3808 iugum
1816 3776 1860 3804 Sil.
1872 3785 1899 3812 7,
1914 3788 1953 3813 4¹·
2022 3778 2133 3804 Adafflus
2149 3780 2212 3814 iugo

75 3811 145 3833 terte
166 3805 310 3841 optabilius
327 3806 428 3833 Miloni
439 3806 510 3840 fuit,
528 3807 597 3834 Dare
617 3808 736 3842 iugulum
754 3812 778 3838 P.
793 3810 889 3836 Clodio
912 3818 966 3835 non
982 3809 1062 3835 semel
1083 3808 1115 3835 ab
1123 3821 1170 3839 100
1178 3809 1301 3841 Rhenus,
1326 3809 1378 3836 vid.
1394 3815 1530 3836 ADIGO.
1601 3810 1657 3836 Cic.
1673 3809 1784 3844 Philipp.
1801 3820 1821 3844 ι,
1834 3815 1851 3838 6
1871 3822 1892 3840 c.
1905 3822 1921 3839 2
1945 3812 2043 3838 Patriae
2057 3813 2212 3841 liberatores

65 3840 143 3874 rino,
156 3850 243 3882 neque
274 3847 330 3868 tum
354 3842 473 3876 primum
496 3842 625 3876 petitum,
647 3853 724 3878 quam
745 3846 859 3880 iugulari
873 3854 886 3872 a
899 3844 992 3877 vobis,
1009 3845 1073 3879 quia
1088 3845 1114 3870 se
1176 3844 1244 3871 vrbe
1261 3844 1383 3872 carebant
1396 3853 1440 3876 ea,
1459 3845 1532 3871 euius
1545 3853 1559 3870 a
1571 3844 1717 3871 ceruicibus
1730 3846 1821 3880 iugum
1836 3847 1929 3874 seruile
1942 3847 2102 3874 Deiecerant.
2157 3850 2213 3876 Eri-

74 3875 118 3902 illi
135 3885 189 3904 non
208 3877 384 3911 iugulandum
405 3877 558 3905 tradidisset.
629 3879 720 3905 Ferire
738 3881 859 3916 iugulum
878 3881 994 3907 dixerunt
1013 3886 1115 3911 veteres,
1177 3889 1241 3914 pere
1255 3880 1323 3907 colla
1342 3881 1413 3915 turpi
1428 3880 1493 3914 iugo
1513 3880 1606 3908 Horat.
1623 3881 1703 3907 Serm.
1714 3888 1737 3913 2,
1749 3889 1776 3916 7,
1788 3891 1826 3915 9¹-
1895 3882 1993 3908 Exuet-e
2010 3883 2102 3917 iugum
2121 3882 2210 3910 Tacit.

70 3917 119 3947 pro
134 3912 283 3948 bzterficere.
361 3914 463 3940 Intenta
482 3914 536 3941 tela
550 3914 650 3948 iugulis
664 3915 795 3949 ciuitatis,
813 3925 857 3953 pro
873 3919 1014 3943 Imminenti
1026 3918 1116 3942 mortis
1176 3916 1265 3950 Agric.
1281 3925 1315 3948 31,
1328 3923 1353 3951 7.
1422 3916 1502 3942 Ferre
1518 3915 1621 3942 seruitii
1635 3917 1726 3951 iugum
1740 3917 1801 3943 Stat.
1814 3917 1912 3956 Silu..3‚
1926 3925 1953 3949 4,
1966 3926 2000 3949 33.
2051 3918 2151 3944 laetare
2171 3919 2210 3945 iu-

92 3948 190 3976 ericulo.
222 3949 278 3975 Cic.
292 3948 321 3976 in
333 3948 419 3976 Pison.
435 3957 447 3982 5
472 3950 527 3984 Ego
541 3950 593 3976 tela
610 3956 728 3977 extremo
742 3955 828 3981 mense
841 3952 997 3980 Consulatus
1009 3952 1063 3978 mei
1074 3951 1114 3977 in·
1176 3960 1253 3985 gum,
1278 3953 1295 3976 i.
1310 3957 1435 3977 excutere:
1461 3952 1552 3977 quen.
1566 3952 1617 3977 Sat.
1633 3960 1665 3984 ι3,
1678 3961 1706 3979 21
1734 3952 1829 3980 Felices
1847 3959 1893 3985 qui
1905 3952 1976 3979 ferre
1991 3953 2157 3980 incommoda
2170 3955 2212 3982 vi·

87 3987 148 4010 enta
169 3982 266 4019 iuguli·
294 3985 412 4013 ciuitatis
438 3984 471 4012 de
497 3986 699 4014 coniuratorum
721 3986 831 4025 nefariis
856 3988 980 4017 manibus
1007 3986 1215 4022 extorss.10;tae
1245 3987 1303 4014 Nee
1319 3986 1417 4014 iatssare
1435 3987 1529 4020 iugum
1543 3987 1599 4014 vita
1612 3987 1729 4022 didicere
1740 3986 1868 4022 magistra.
1960 3988 2102 4022 Inxponere
2115 3989 2209 4022 iugum

1406 4029 1424 4057 ’ζ
1444 4021 1475 4050 Τ
1514 4029 1532 4049 2
2129 4024 2210 4051 alicui
