2479 4225
280 161 340 198 911
651 125 695 181 H
774 140 812 180 o
898 137 943 177 N
1739 131 1781 171 H
1870 132 1907 173 o
1987 133 2034 191 N
2357 123 2445 194 915:

316 240 336 260 n
346 239 365 259 0
374 238 396 257 N
405 237 421 257 ε
431 219 475 257 531·
485 236 506 255 ν
514 236 527 257 5
535 249 545 263 ,
563 239 593 263 a,
611 232 666 257 um.
701 228 761 257 Adi.
797 225 906 261 [καλὼ
919 222 1019 259 aestuis,
1037 223 1153 259 κόσμιος]
1188 222 1320 250 Honestus
1416 229 1439 250 H
1447 230 1466 251 o
1475 230 1497 250 N
1505 229 1522 250 Ε
1532 230 1544 250 5
1554 229 1575 250 ’1-
1584 229 1606 249 A
1614 227 1635 248 'r
1645 227 1666 247 ν
1674 228 1687 248 5
1697 241 1706 254 ,
1721 229 1752 254 a,
1767 229 1822 262 um.
1857 221 1952 249 Partic.
1990 222 2090 249 Sallust.
2104 221 2182 251 Catil.
2197 229 2225 255 35
2253 222 2319 251 Non
2332 211 2450 262 digno-'²'

280 269 311 296 ab
324 268 435 294 Honore
447 266 556 298 dicitur,
576 272 606 292 vt
618 266 648 292 ab
661 273 740 291 onere
753 262 876 293 0111111113,
897 266 921 287 et
932 259 1064 286 modestus
1078 270 1093 287 a
1107 258 1197 286 modo.
1243 258 1321 285 Ludit
1380 258 1503 286 homines
1516 259 1617 285 honore
1631 257 1781 284 honestatos
1795 257 1927 284 videbam.
1969 257 2028 285 Vid.
2041 258 2076 284 ibi
2088 261 2119 285 cl.
2141 257 2230 291 Waffe.
2419 259 2449 282 ἲ

279 312 344 329 more
350 303 395 337 fico
408 302 494 327 Varro
507 303 534 327 in
547 304 643 327 vicinia
648 301 722 337 soni,
740 304 764 323 et
780 296 893 330 consueto
904 294 1075 322 coniunfflone
1093 295 1204 321 honoris
1223 301 1246 320 et
1259 302 1322 320 one·
1418 301 1439 321 H
1448 302 1467 322 0
1477 301 1498 320 N
1509 301 1525 321 Ε
1534 302 1546 321 5
1556 301 1606 321 ΤΑ
1615 300 1636 319 Τ
1646 300 1655 319 1
1667 299 1701 323 ο,
1720 293 1788 319 onis.
1816 294 1836 320 f.
1878 293 1955 329 Apud
1968 293 2142 328 Augustinum
2156 294 2198 328 effe
2211 293 2315 321 dicitur.

258 363 260 365 ,
281 338 349 371 riss.
362 337 453 363 laboris
467 343 490 363 et
503 335 637 369 molestiae,
657 344 709 361 cum
722 336 758 357 ait
772 331 804 357 de
816 332 846 357 L.
854 331 885 357 L.
897 339 925 363 4,
939 340 967 358 10
981 334 1005 366 μ’.
1013 340 1057 363 20,
1072 339 1095 357 21
1121 331 1214 356 Honos
1227 329 1259 356 ab
1274 329 1322 356 ho-
1418 335 1440 356 H
1450 337 1469 357 o
1479 336 1526 357 NE
1536 337 1549 357 s
1561 336 1583 356 T
1595 336 1615 355 A
1624 335 1645 355 T
1655 335 1674 355 O
1683 334 1700 354 R
1709 346 1717 359 ,
1734 328 1798 354 oris.
1824 338 1861 355 m.
1905 329 1983 364 Apud
1995 328 2092 372 eundem
2127 349 2134 356 .

2171 350 2178 356 .
2426 342 2441 356 ‚V

281 373 354 400 nesto
367 371 466 398 honere
485 374 600 403 (onere)
618 372 708 402 Itaque
722 366 844 393 honestus
857 365 971 399 dicitur,
992 366 1063 401 quod
1079 367 1221 392 honeratus
1242 368 1322 397 (one-
1346 375 1361 403 ς
1379 377 1381 383 ¹
1419 372 1440 391 H
1450 372 1527 393 ONo
1537 372 1555 392 R
1564 385 1572 397 ,
1592 366 1631 391 vel
1653 370 1673 389 H
1684 370 1784 394 ON05
1793 383 1801 396 ,
1821 364 1888 395 oris.
1911 374 1947 392 m.
1983 364 2085 399 [τιμη]
2122 362 2444 400 Generalifignificationw,

282 410 370 439 ratus)
391 413 417 433 et
431 406 532 433 dietum
548 406 631 432 honus
652 404 754 433 (onus)
772 401 808 428 est
821 401 922 434 honos,
950 402 997 436 qui
1015 401 1119 428 sustinet
1133 409 1216 435 remp.
1278 401 1323 427 Ve-
1384 398 1448 426 idem
1456 400 1516 436 fere
1530 399 1579 434 est,
1597 398 1660 435 quod
1669 399 1845 434 pulchritudo,
1864 400 1971 426 virtuti?
1985 403 2012 425 in
2021 402 2130 435 primis,
2148 404 2176 426 in
2189 407 2307 435 quantum
2319 407 2346 425 ea
2355 398 2453 438 αςιιϋέ,Ἰ

282 446 335 470 rius
347 440 396 475 est,
414 449 443 468 vt
457 443 551 468 Honor
562 438 762 471 existimationem
773 436 803 462 de
808 435 965 472 praestantia
977 444 1000 463 et
1007 436 1194 472 pulchritudine
1205 455 1212 467 ,
1234 435 1323 470 spsam-
1378 434 1479 470 stitur,
1502 443 1525 463 et
1538 435 1639 462 iudicas
1651 434 1791 467 hominum,
1810 437 1851 461 vel
1857 434 1942 472 fignic
1959 436 2058 461 illorum
2076 441 2100 460 et
2117 433 2247 468 eff'eflibus
2265 433 2407 467 illustratur
2417 440 2431 462 r*
2446 439 2451 457 Ἀ

282 488 327 515 que
340 477 398 504 adeo
411 479 479 504 illam
486 474 665 512 praeflmztiam
683 478 707 499 et
720 472 932 508 pulchritudinem
943 472 1092 509 significat,-
1126 474 1165 498 ita
1185 471 1324 497 honestum
1386 477 1438 496 tum
1451 470 1504 507 ipsa
1517 473 1562 498 illa
1569 470 1644 507 signa
1655 490 1663 502 ,
1681 477 1704 496 et
1716 470 1837 506 quidquid
1850 468 1899 502 esi,
1917 480 1964 507 quo
1975 471 2020 496 illa
2033 470 2127 497 iudicia
2145 470 2320 502 declarantur,
2344 468 2429 497 hono·
2446 480 2451 494 ι,

282 513 326 547 effi’
338 513 458 549 quidquid
469 513 509 538 vel
527 510 646 536 oculorum
659 509 700 533 vel
711 510 801 534 mentis
813 508 905 536 iudicio
919 508 1057 543 pulchrum
1072 514 1095 533 et
1108 506 1272 533 aestimabile
1285 516 1326 533 ar·
1386 505 1424 532 ris
1441 513 1472 541 ap
1490 508 1602 533 ellatione
1616 509 1781 532 continentur.
1836 506 1920 532 Plaut.
1934 507 2013 533 Poen.
2027 514 2056 538 3,
2071 515 2083 538 3
2095 525 2104 538 ,
2124 513 2154 539 25
2192 506 2250 532 Nos
2264 504 2374 531 honoris
2388 510 2416 532 tu
2434 507 2447 538 ’ξ’

281 550 414 576 bitramur.
448 544 580 580 Respondet
594 544 741 569 Graecorum
754 544 824 576 καλῷ
832 563 840 576 ,
860 553 905 580 quo
920 544 959 570 illi
971 543 1098 580 defignant
1111 542 1233 578 quidquid
1241 543 1326 577 placet
1341 555 1370 574 10
1387 542 1460 567 causa
1493 550 1524 568 uc
1538 542 1570 569 ad
1583 548 1606 568 te
1621 541 1750 568 venimus.
1814 542 1818 543 ⁷
1858 542 1914 567 Cic.
1927 541 1959 567 de
1973 541 2044 568 Clar.
2056 541 2130 568 Orat.
2139 546 2184 571 280
2197 550 2219 567 0.
2228 546 2254 571 81
2284 541 2378 566 Honos
2392 539 2430 574 est
2444 556 2446 558 v

281 584 311 611 ob
324 590 483 619 quamcunque
490 576 685 614 praeliantium,
699 578 832 614 speciatim
850 586 929 605 autem
948 581 1016 605 illam
1030 581 1136 605 virtutis
1148 578 1326 604 amabilitatem
1386 577 1534 610 praemium
1547 577 1668 608 virtutis,
1688 576 1807 609 iudicio,
1837 576 1977 611 studioque
1996 577 2098 603 ciuium
2123 576 2240 612 delatum
2259 574 2292 602 ad
2303 576 2437 610 aliquem.

282 617 535 651 (honorabilitatem
557 616 620 640 enim
643 615 749 640 Latinae
769 623 840 640 aures
859 614 998 650 respuunt)
1026 614 1236 650 dignitatemque,
1265 621 1325 648 quae
1386 613 1481 638 Honos
1493 612 1540 639 alit
1553 619 1620 640 artes
1651 611 1690 638 Id.
1704 612 1787 639 Tusc.
1803 621 1812 638 1
1825 620 1880 638 ω..
1950 612 2033 638 Exilii
2045 612 2133 639 honor
2164 611 2256 638 Tacit.
2270 611 2305 637 H.
2320 619 2341 643 1,
2355 619 2394 645 21,
2406 619 2419 637 2
2429 610 2441 638 ’,

281 658 354 681 ctiam
367 653 482 679 Romanis
495 649 632 676 honestum
645 656 669 675 et
688 649 805 676 honestas
820 650 888 676 velut
907 650 963 675 κατ’
976 650 1058 682 ἒξοχὴν
1072 656 1095 675 et
1108 656 1210 684 praeter
1229 655 1326 674 caetera
1384 650 1404 674 i.
1424 649 1560 675 Prouincia
1571 657 1664 676 remma
1670 646 1807 684 sub'specie
1819 648 1921 674 honoris
1934 647 1980 674 illa
1994 647 2105 682 quidem,
2118 647 2167 684 sed
2178 648 2231 673 ideo
2249 645 2368 673 mandata
2377 665 2385 678 ,
2400 642 2430 673 υέ
2455 657 2458 660 ·

281 689 383 716 dicitur.
436 684 516 711 Nihil
530 690 632 719 praeter
647 685 691 718 id,
712 684 784 719 quod
804 683 943 711 honestum
962 684 1008 717 fit,
1032 690 1140 720 propter
1155 685 1181 710 se
1199 683 1234 710 est
1247 692 1325 718 expe·
1384 684 1478 718 aliquis
1485 685 1555 720 longe
1568 690 1673 711 remotus
1683 683 1725 715 [tt.
1761 683 1835 718 Conf.
1851 684 1924 710 Grut.
1938 683 1972 710 ad
1988 684 2050 709 Tac.
2064 683 2176 719 Disc.15.
2211 684 2283 709 Part.
2294 691 2317 709 2.
2370 681 2419 708 Tu
2438 692 2440 694 ’

280 724 387 751 tendum
414 720 469 746 Cic.
484 720 558 753 Offi3
572 728 626 754 c.7.
696 721 789 746 quen.
804 720 854 746 Sat.
868 729 890 752 3,
903 727 933 752 52
958 720 1114 755 Participem
1134 720 1218 755 quite
1231 719 1324 745 secreti
1341 726 1366 753 15
1386 727 1468 753 quum
1483 728 1521 751 ea,
1534 728 1600 755 quae
1614 728 1639 744 es
1651 727 1666 744 3
1679 718 1773 745 Senatu
1790 719 1894 745 summo
1910 727 1970 744 cum
1984 718 2087 745 honore
2101 724 2148 744 tuo
2167 719 2343 752 consequutus
2374 717 2441 746 Cic

280 759 342 786 fecit
355 755 468 782 honesti.
563 755 663 782 Sallust.
683 755 763 781 Catil.
782 763 804 780 c.
818 764 849 787 30
882 755 1022 782 Calumnia
1041 765 1183 791 paucorum
1192 775 1200 787 ‚
1226 754 1325 790 quibus
1386 753 1420 781 ad
1432 755 1532 781 Caesar.
1546 755 1612 790 apud
1625 755 1697 781 Non.
1711 763 1738 787 4,
1752 762 1801 786 331.
1865 753 2033 780 iudiciorum
2044 753 2194 780 caelestium
2207 753 2296 781 honor
2321 752 2396 785 Qun
2434 758 2435 763 ¹

280 792 368 820 omnia
383 791 489 817 honesta
503 796 580 825 atque
594 790 731 817 inhonesta
746 790 860 816 vendere
874 799 932 817 mos
944 797 1010 818 erat.
1080 792 1134 819 Cic.
1148 792 1176 817 in
1190 792 1262 817 Brut.
1275 795 1325 820 280
1385 799 1406 824 4
1424 799 1543 825 prooem.
1557 799 1582 817 2.
1618 799 1664 825 quo
1682 789 1771 823 affecit
1790 788 1989 824 Qinb'l'ilianum
2008 791 2177 816 Domitianus.
2248 789 2344 815 Horat.
2358 788 2390 814 A.
2404 788 2422 814 P
2442 818 2443 822 Ἰ

280 839 301 854 0.
318 833 343 858 81
381 827 437 860 Qui
457 826 588 852 honorem
609 826 759 858 sententiis,
780 826 826 860 qui
839 825 968 860 suffragiis
981 826 1089 861 adeptus
1104 827 1155 859 est,
1181 827 1203 852 is
1217 825 1286 852 mihi
1300 831 1326 852 et
1387 827 1421 857 69
1449 826 1575 853 Mortalia
1589 826 1657 852 fa&a
1671 825 1813 860 peribunt,
1838 825 1882 851 Ne
1894 825 2127 852 dumssSermonum
2140 825 2187 851 stet
2203 823 2289 850 honos
2308 829 2335 850 et
2348 823 2446 858 gratia

278 861 400 889 honestus
415 867 440 887 et
454 861 600 888 honoratus
615 861 730 888 videtur.
768 861 924 892 Sententiis,
937 862 1042 897 senatus
1049 873 1056 887 .·
1073 863 1213 897 suffragiis,
1229 863 1326 897 populi.
1386 861 1484 894 viuax,
1518 864 1537 887 i.
1564 868 1595 888 vt
1605 862 1713 897 pulchra
1734 860 1868 887 videantur
1880 860 1977 896 semper
1998 860 2078 887 eadem
2099 860 2190 892 verba,
2214 859 2425 894 adhibeanturque

277 897 465 925 Honestiorem
479 896 581 933 honore
595 897 681 923 facere
716 897 799 923 Plaut.
811 898 886 931 Capt.
900 905 927 929 2,
941 906 968 930 3,
981 905 1020 929 31..
1090 898 1189 925 Sallust.
1205 898 1233 923 in
1245 897 1325 923 Catil.
1335 907 1371 925 20
1387 896 1429 923 Sic
1441 896 1503 923 Stat.
1517 896 1609 924 Theb.
1623 906 1667 929 10,
1686 904 1734 931 327
1773 897 1887 922 ultimam
1899 894 1982 923 nostis
1989 895 2134 932 partemfic
2151 894 2284 931 describit,
2308 895 2377 921 Cum
2390 901 2424 922 va
2442 896 2450 906 ¹

276 940 334 966 0.35
358 933 405 959 Sed
420 931 491 967 quod
498 941 552 958 non
564 932 657 967 dignos
670 932 791 959 homines
799 932 901 960 honore
915 932 1038 959 honestos
1058 933 1127 966 (vel,
1138 940 1168 960 vt
1179 934 1225 960 alii
1232 934 1326 970 legunt,
1386 940 1450 958 cuae
1463 931 1545 959 nubes
1563 934 1640 967 (rore
1654 936 1703 959 iam
1714 931 1833 967 delapso)
1859 937 1885 958 et
1897 931 1981 958 honos
1995 940 2049 958 non
2061 930 2186 958 omnibns
2199 930 2288 962 astris,
2313 939 2367 957 cum
2374 935 2419 965 pr

275 968 426 996 honestatos
435 973 446 999 )
471 967 606 995 videbam.
684 968 801 995 Honesta
814 968 885 995 dieta
897 968 975 995 facilis
1006 968 1089 995 Plaut.
1102 969 1182 996 Stich.
1197 978 1230 1001 2,
1252 977 1262 994 1
1271 988 1279 999 ‚
1299 975 1325 1002 7.
1386 970 1455 994 xima
1469 971 1561 994 orienti
1567 970 1703 1004 paullatim
1710 967 1867 1003 pallescunt,
1887 974 1911 993 et
1915 966 2070 1002 splendorem
2077 967 2152 1003 suum
2164 969 2293 993 amittunt.
2367 966 2442 992 Ver·

276 1003 475 1032 Honestislimus
491 1002 547 1030 dies
561 1003 644 1030 alicui
668 1004 725 1030 Cic.
739 1004 811 1030 Fam.
824 1013 843 1034 1,
858 1013 878 1030 2.
916 1013 961 1039 quo
975 1006 998 1029 ei
1011 1003 1120 1031 Habitus
1133 1014 1236 1042 magnus
1249 1005 1327 1030 honor
1386 1001 1484 1029 borum
1498 1003 1586 1031 honor
1610 1003 1741 1038 Quinctil.
1756 1011 1779 1036 3,
1794 1010 1820 1037 7.
1892 1003 1948 1029 Cic.
1962 1003 2033 1029 Fam.
2048 1011 2083 1036 15,
2096 1010 2113 1038 7
2142 1000 2298 1029 Incredibili
2311 1001 2368 1027 sum
2377 1000 2450 1035 'lae-

277 1038 320 1073 ‘st-
377 1038 459 1072 Qiod
472 1039 579 1074 vtrique
594 1039 798 1066 honestiffimum
812 1039 849 1065 est
878 1040 946 1066 Plin.
959 1040 1053 1074 Paneg.
1068 1048 1091 1066 c.
1105 1045 1144 1074 85.
1236 1040 1327 1065 Hone-
1387 1038 1449 1066 titia
1462 1038 1584 1072 affectus,
1609 1049 1692 1075 quum
1715 1039 1743 1066 id
1765 1038 1835 1064 mihi
1853 1039 2004 1065 nuntiatum
2021 1038 2074 1071 est,
2100 1046 2215 1072 eumque
2233 1036 2367 1063 honorem
2381 1034 2458 1069 tibitf·¹

277 1075 329 1103 stus
343 1084 392 1110 pro
406 1074 515 1107 Diuite,
532 1081 563 1101 vt
573 1073 661 1101 auftor
675 1074 708 1108 est
722 1075 850 1101 Asconius
869 1078 897 1101 in
911 1076 988 1101 Verr.
1003 1083 1022 1107 1,
1038 1083 1088 1107 ¹23-
1158 1077 1208 1102 Pro
1222 1076 1327 1102 Pulchro
1339 1079 1371 1106 25
1389 1073 1452 1100 deos
1465 1074 1610 1102 Fortunare
1624 1075 1701 1102 volo:
1736 1083 1751 1101 a
1763 1080 1842 1109 teque
1855 1083 1886 1100 ex
1902 1080 1961 1105 tua,
1982 1074 2169 1108 maiorumque
2182 1079 2292 1099 tuorum
2306 1070 2456 1108 dignitato-2„

277 1111 348 1139 Ter.
367 1111 434 1137 Eun.
453 1118 482 1142 3,
500 1119 533 1142 z,
553 1119 579 1136 21
620 1111 660 1136 Ita
679 1119 722 1137 me
743 1108 769 1136 di
790 1116 895 1142 ament,
919 1109 1042 1137 honestus
1061 1111 1106 1137 est.
1153 1110 1212 1138 Vid.
1231 1111 1329 1137 Donat.
1388 1109 1582 1137 Administrari.
1653 1110 1728 1137 Idem
1740 1119 1789 1145 pro
1803 1110 1879 1136 Rosc.
1892 1110 1983 1136 Amer.
1995 1111 2013 1136 6
2037 1110 2114 1143 Quae
2127 1108 2159 1135 de
2174 1108 2236 1135 viro
2249 1106 2390 1134 fortiffimo
2407 1106 2457 1146 031]

277 1146 364 1180 Caput
389 1146 464 1179 Virg.
479 1146 544 1171 Aen.
560 1154 596 1176 10,
610 1153 658 1177 133.
683 1152 707 1172 et
720 1146 817 1180 Georg.
831 1154 854 1178 2,
867 1154 921 1178 392.
993 1146 1107 1173 Honesti
1127 1147 1189 1182 Equi
1205 1146 1325 1181 Spadices
1388 1144 1527 1172 clariffimo
1538 1166 1546 1178 ,
1566 1147 1596 1173 L.
1610 1146 1696 1178 Sulla,
1714 1154 1794 1181 quem
1807 1145 1917 1172 honoris
1931 1145 2004 1171 causa
2016 1145 2137 1172 nomino.
2172 1143 2212 1170 Id.
2226 1143 2339 1178 Philipp.
2352 1151 2384 1174 2,
2398 1138 2458 1191 323³*

276 1182 416 1216 glaucique
438 1180 477 1207 Id.
492 1179 558 1207 ibid.
572 1189 594 1212 3,
609 1185 649 1210 82..
744 1181 876 1208 Omnibus
890 1180 1008 1216 partibus
1022 1181 1127 1209 honesti
1138 1182 1213 1216 Afini
1240 1183 1327 1208 Varro
1389 1180 1489 1207 Sallust.
1501 1181 1529 1207 in
1546 1181 1664 1217 Iugurth.
1678 1191 1700 1208 c.
1710 1190 1749 1214 113
1762 1188 1826 1208 extr.
1857 1181 1970 1214 Deinde,
1983 1180 2032 1207 vbi
2045 1181 2100 1208 dies
2114 1180 2237 1210 aduenit,
2253 1184 2280 1205 et
2293 1180 2320 1205 ei
2332 1178 2444 1214 11111111ιῖςῖ

276 1218 308 1244 R.
318 1218 349 1243 R.
364 1225 389 1248 2,
403 1219 428 1246 6,
441 1224 462 1241 2.
534 1217 572 1242 De
586 1216 723 1242 Nobilitate
737 1223 761 1242 et
773 1218 824 1243 loco
837 1217 956 1244 honorato
969 1220 996 1243 in
1009 1221 1128 1244 ciuitate:
1165 1218 1222 1244 Cic.
1237 1218 1327 1251 Att.4,
1387 1221 1444 1243 tum
1453 1216 1498 1249 est,
1512 1217 1664 1252 Iugurtham
1680 1217 1749 1244 haud
1763 1217 1854 1251 procul
1872 1217 1956 1244 abesse
1965 1225 2025 1243 cum
2037 1216 2127 1252 paucis
2140 1222 2167 1242 et
2175 1214 2322 1249 Qaestore
2336 1213 2457 1252 nostro„¹

276 1261 288 1279 1
320 1252 384 1278 Inde
398 1260 411 1277 a
426 1250 597 1277 Brundusinis
611 1250 793 1278 honestiffimis
806 1258 928 1284 ornatus,
954 1253 1006 1280 iter
1018 1253 1055 1280 ita
1068 1253 1135 1286 feci,
1159 1259 1188 1279 vt
1207 1253 1326 1287 vndique
1337 1259 1370 1284 3ο
1387 1252 1458 1287 quasi
1472 1252 1569 1280 obuius
1581 1252 1694 1280 honoris
1707 1254 1790 1280 Causa
1803 1252 1934 1287 procedit.
2005 1253 2147 1279 Certamen
2158 1251 2286 1282 honor-is,
2303 1249 2359 1277 vid.
2372 1250 2452 1282 Cel&v

275 1287 309 1314 ad
324 1296 366 1313 me
380 1296 439 1312 cum
453 1286 628 1321 gratulatione
636 1287 715 1321 legati
730 1289 914 1315 conuenerint.
969 1290 1095 1325 Intelligit
1109 1289 1206 1315 Cicero
1214 1288 1327 1315 Brundu·
1387 1293 1492 1321 tamen,
1508 1291 1536 1314 in
1557 1294 1674 1316 CERTO.
1745 1288 1853 1323 Cupido
1867 1297 1942 1315 caeca
1955 1287 2090 1315 honorum
2116 1288 2222 1314 Lucret.
2237 1294 2260 1318 3,
2273 1294 2314 1319 59.
2358 1285 2436 1318 Cur.-

286 1331 340 1348 mae
353 1324 461 1348 coloniae
470 1324 609 1383 Ρνίησίἵιες.
683 1324 724 1349 Ita
736 1323 787 1360 §.4
801 1325 884 1350 Instit.
898 1324 930 1350 de
945 1324 1017 1358 publ.
1030 1324 1114 1351 indic.
1147 1324 1258 1350 Honesti
1275 1324 1326 1350 stu·
1387 1324 1428 1350 sus
1441 1323 1574 1351 honorum
1599 1325 1654 1351 Cic.
1668 1324 1740 1351 Fam.
1755 1333 1767 1356 3
1777 1344 1785 1356 ,
1799 1333 1831 1350 11.
1866 1324 1901 1350 ad
1912 1333 2013 1351 munera
2027 1324 2147 1360 publica,
2164 1322 2343 1354 Aedilitatem,
2363 1321 2438 1358 Prag-

275 1364 392 1393 pratores
400 1364 555 1392 opponuntur
582 1357 719 1384 umilibus.
776 1360 1050 1394 Faciehonestavirgo
1070 1360 1138 1387 Ter.
1146 1360 1211 1386 Eun.
1222 1368 1244 1392 2,
1253 1369 1273 1392 1,
1281 1368 1326 1394 24.
1386 1366 1485 1392 turam,
1505 1360 1661 1396 Consulatum
1683 1360 1769 1387 ordine
1794 1359 1954 1396 adipiscenda
1975 1363 2097 1396 pertinet.
2188 1357 2291 1384 Gradus
2303 1356 2436 1383 honorum

274 1394 351 1421 Facie
365 1393 472 1420 honesta
489 1399 515 1419 ct
528 1392 635 1419 liberali
667 1393 706 1420 Id.
719 1394 786 1421 ibid.
800 1404 835 1428 4,
848 1404 884 1429 4,
902 1403 934 1428 15.
991 1395 1065 1431 Conf.
1085 1396 1154 1422 Suet.
1168 1395 1268 1422 Tiber.
1284 1398 1326 1425 68.
1385 1403 1459 1430 pares
1471 1396 1581 1422 summis
1595 1401 1621 1422 et
1635 1395 1735 1421 infimis
1763 1395 1819 1430 Cic,
1833 1404 1882 1429 pro
1896 1395 2035 1422 Planc.6o.
2118 1393 2210 1421 Inania
2222 1392 2334 1420 honoris
2365 1391 2435 1419 Tac.
2451 1424 2453 1426 q

275 1430 373 1457 Forma
385 1428 491 1455 honesta
504 1434 530 1455 et
542 1428 664 1461 liberali,
689 1429 713 1455 h.
726 1439 746 1456 e.
766 1432 863 1457 Decor:
874 1437 899 1457 et
913 1434 1013 1468 egregia
1038 1432 1107 1458 Ter.
1122 1430 1204 1457 Andr.
1221 1440 1239 1462 1,
1252 1440 1272 1463 1,
1285 1439 1324 1464 95.
1339 1441 1368 1468 35
1386 1431 1475 1465 Agric.
1489 1433 1514 1457 6.
1586 1431 1687 1457 Vmbra
1700 1429 1812 1456 honoris
1836 1430 1875 1456 Id.
1891 1430 1959 1456 Hist.
1972 1440 1995 1463 3,
2008 1438 2050 1466 73.
2206 1426 2227 1465 fi
2250 1437 2267 1455 2
2304 1427 2435 1464 Epitheta:

275 1464 348 1491 Idem
362 1465 425 1491 Eun·
441 1473 449 1490 1
462 1484 470 1496 ‚
491 1473 502 1490 2
514 1483 522 1495 2
544 1472 575 1497 52
611 1466 635 1491 Is
649 1464 696 1491 vbi
709 1465 775 1492 hanc
789 1466 876 1493 forma
891 1467 963 1492 videt
987 1467 1095 1494 honesta
1107 1467 1256 1501 virginem,
1278 1473 1324 1492 etc.
1385 1466 1600 1493 Contumeliosus
1610 1486 1618 1498 ‚
1644 1465 1697 1492 vid.
1719 1471 1736 1491 C
1746 1472 1766 1492 0
1778 1472 1800 1491 N
1811 1472 1833 1491 T
1842 1472 1863 1491 v
1875 1471 1900 1491 M
1910 1472 1927 1492 Ε
1936 1472 1952 1491 L
1962 1473 1972 1492 1
1982 1473 2014 1493 A.
2097 1464 2202 1492 Crudus
2220 1465 2324 1496 honor,
2341 1469 2434 1491 trunca

273 1501 348 1527 Loco
361 1499 470 1526 honesto
486 1506 575 1531 natus,
595 1503 613 1526 i.
631 1500 718 1526 Nobili
743 1501 810 1528 Plin.
819 1501 898 1536 Epist.
906 1507 930 1534 8,
943 1504 969 1532 6,
985 1505 1020 1529 16.
1092 1503 1149 1528 Cic.
1159 1503 1243 1529 Tusc.
1259 1510 1281 1535 5,
1296 1509 1324 1534 35
1384 1511 1473 1534 arma,
1491 1510 1625 1535 cruorque
1636 1501 1776 1535 virorum,
1792 1500 1907 1527 dedicata
1921 1501 2015 1528 Phoebo
2040 1500 2101 1527 Stat.
2111 1499 2204 1527 Theb.
2211 1508 2250 1532 10,
2260 1507 2319 1532 342.
2385 1497 2434 1526 Di-

275 1536 331 1570 Qli
351 1544 433 1569 quum
453 1536 513 1561 ess'ct
535 1535 613 1562 bonis
634 1537 803 1570 parentibus,
830 1543 910 1572 atque
932 1537 1043 1564 honesto
1066 1538 1126 1564 loco
1149 1544 1242 1571 natus,
1278 1544 1324 1564 etc.
1384 1537 1444 1564 vini
1473 1537 1605 1570 Quinctil.
1619 1545 1640 1568 3,
1655 1544 1681 1570 7.
1786 1536 1864 1571 Virg.
1879 1537 1944 1563 Aen.
1958 1545 1988 1570 5,
2004 1544 2052 1570 534
2088 1536 2159 1563 Ν3111
2173 1541 2199 1562 te
2218 1535 2306 1563 voluit
2318 1541 2365 1561 rex
2377 1541 2431 1560 ma-

274 1571 388 1598 Honesti
409 1570 545 1603 homines,
579 1574 597 1597 i.
628 1573 725 1598 Honore
745 1572 833 1609 digni,
860 1574 901 1599 vel
919 1573 1060 1600 Honoribus
1079 1573 1194 1610 insignes.
1268 1573 1325 1599 Cic.
1385 1582 1450 1608 gnus
1462 1572 1573 1606 Olympi
1608 1571 1726 1599 Talibus
1738 1572 1862 1606 auspiciis
1883 1572 2020 1600 Exsortem
2037 1572 2134 1598 ducere
2147 1571 2285 1598 honorem.
2321 1572 2341 1596 i.
2360 1575 2434 1595 extra

274 1606 351 1632 Verr·
367 1614 386 1636 Ι,
400 1610 441 1646 3²ss
468 1606 542 1639 Qud
555 1606 590 1632 est
606 1607 678 1633 aliud
692 1609 816 1635 omnibus
831 1608 921 1635 omnia
937 1616 1040 1643 peccata
1053 1615 1078 1635 et
1091 1609 1221 1636 maleficia
1234 1618 1324 1635 conce·
1330 1620 1368 1645 40
1377 1609 1472 1645 fhrtem
1481 1628 1489 1640 ‚
1506 1607 1572 1644 quod
1584 1608 1702 1634 excellens
1714 1610 1829 1634 meritum
1841 1607 1948 1634 indicat.
2054 1608 2201 1642 Exquirere
2212 1605 2342 1633 honorem
2377 1603 2435 1642 Cic·

276 1640 354 1673 dere,
381 1645 429 1667 11111
455 1640 522 1674 1100,
551 1640 691 1668 hominum
705 1643 943 1671 honestissimorum
956 1645 1130 1676 testimoniis,
1155 1651 1181 1671 et
1199 1646 1324 1671 virorum
1384 1644 1500 1678 Philipp.
1515 1654 1549 1678 4,
1568 1651 1590 1677 5.
1661 1643 1749 1670 Falsus
1763 1643 1851 1670 honor
1864 1643 1938 1670 iuuat
1971 1643 2040 1670 Hor.
2052 1643 2130 1678 Epist.
2145 1651 2172 1675 1,
2191 1644 2232 1674 16,
2246 1649 2285 1674 39.
2331 1673 2338 1678 .
2354 1637 2442 1669 Iustu.

274 1675 409 1704 bonorum
431 1676 528 1702 tabulis
545 1685 600 1702 non
619 1677 742 1704 credere}
858 1680 923 1705 Non
949 1679 1040 1706 eadem
1071 1681 1197 1707 omnibus
1217 1680 1325 1707 honesta
1384 1679 1438 1706 vid.
1451 1680 1476 1706 h.
1489 1689 1514 1705 v.
1600 1678 1669 1705 Gell.
1685 1687 1728 1711 12,
1741 1687 1758 1712 9
1791 1680 1931 1706 Honorem
1946 1688 2054 1714 quoque
2067 1679 2181 1705 mediam
2191 1684 2286 1704 vocem
2299 1673 2388 1712 fuisse,
2399 1677 2436 1712 ,et

274 1712 346 1746 Nep.
360 1711 443 1746 praef.
458 1720 511 1743 n.3.
548 1715 566 1738 i.
586 1712 682 1738 decora.
753 1712 835 1739 Arina
864 1714 946 1740 Ouid.
961 1716 1052 1740 Amor.
1067 1724 1080 1747 3
1089 1735 1097 1747 ,
1112 1725 1135 1747 15
1145 1736 1153 1747 ,
1168 1724 1193 1748 9.
1267 1717 1324 1741 Cic.
1384 1716 1422 1742 ita
1437 1715 1615 1749 appellatum,
1641 1720 1670 1740 vt
1684 1715 1765 1740 etiam
1783 1716 1871 1742 Malus
1888 1715 1965 1742 honos
1984 1715 2132 1747 diceretur,
2158 1720 2185 1740 et.
2198 1710 2353 1747 significaret
2368 1715 2443 1747 mule.

274 1747 353 1772 Verr.
368 1755 381 1778 3
391 1766 399 1778 ,
413 1748 447 1779 69
486 1748 652 1781 Agyrinensis
667 1748 703 1774 est
717 1747 746 1774 in
760 1748 853 1782 primis
867 1749 973 1775 honesta
988 1750 1080 1775 ciuitas
1096 1751 1217 1779 Siciliae,
1238 1749 1325 1775 homi·
1384 1751 1470 1781 riam,
1491 1750 1518 1775 id
1532 1749 1655 1782 profeem
1669 1749 1827 1776 rarissimum
1840 1750 1885 1776 est.
1962 1750 2058 1777 Deinde
2071 1750 2150 1784 affert
2164 1751 2241 1776 locum
2258 1755 2287 1772 ex
2304 1744 2438 1771 oration

273 1790 339 1807 num
370 1787 430 1807 ante
454 1780 523 1807 hunc
555 1783 705 1809 Praetorem
734 1783 898 1817 locupletum
930 1785 1148 1819 summorumque
1178 1790 1323 1811 aratorum.
1336 1791 1370 1817 45
1385 1784 1489 1810 Metelli
1503 1783 1663 1815 Numidici,
1681 1791 1705 1809 et
1717 1787 1746 1809 in
1764 1794 1803 1815 eo,
1828 1786 1937 1818 Qianto
1951 1785 2031 1818 probi
2045 1785 2173 1811 iniuriam
2187 1782 2290 1809 facilius
2303 1779 2406 1813 accipin

273 1816 312 1842 Id·
325 1815 390 1841 ibid·
406 1823 428 1846 3,
443 1818 478 1849 67
507 1817 642 1854 Fracterea
656 1823 800 1843 conuentus
813 1818 936 1845 honestus
950 1820 1093 1852 syracufis,
1120 1820 1199 1846 multi
1222 1820 1325 1854 equites
1385 1827 1465 1854 quam
1478 1818 1556 1845 alteri
1570 1817 1676 1844 tradunt
1684 1828 1692 1849 ;
1728 1824 1802 1845 tanto
1822 1820 1870 1845 ille
1882 1820 1960 1846 vobis
1972 1829 2052 1854 quam
2066 1820 2135 1846 mihi
2143 1821 2251 1854 peiorem
2263 1817 2378 1843 honorem
2392 1813 2410 1839 11

274 1851 390 1878 Romani
413 1850 467 1890 viri
482 1851 615 1890 primarii.
722 1852 815 1877 Tacit.
835 1854 904 1878 Ann.
924 1856 968 1884 16,
987 1857 1015 1882 16
1051 1855 1181 1887 Qiamuis
1201 1854 1325 1881 honestos
1383 1854 1453 1881 buit.
1508 1854 1579 1880 Nam
1596 1862 1638 1879 me
1653 1854 1781 1880 iniuriam
1796 1854 1882 1886 ferre,
1903 1863 1950 1881 vos
1964 1852 2051 1882 fac'ere
2064 1855 2138 1887 vult,
2159 1853 2282 1886 Quirites
2299 1848 2390 1875 —id
2408 1861 2410 1864 ·

273 1887 375 1913 ciuium
390 1891 491 1917 exitus,
509 1885 595 1912 tristes
607 1891 711 1917 tamen,
737 1891 763 1912 et
777 1887 917 1912 continuos
932 1888 1136 1922 aspernantium.
1228 1890 1323 1914 Furiae
1384 1890 1488 1914 maiore
1504 1898 1552 1914 vos
1565 1888 1654 1915 affecit
1666 1889 1766 1915 iniuria
1779 1895 1804 1915 et
1822 1890 1984 1916 contumelia
1998 1899 2080 1924 quam
2099 1898 2158 1920 mc,
2177 1895 2224 1913 etc.
2327 1885 2420 1912 Merit

273 1923 336 1949 Stat.
351 1922 415 1948 Silu.
428 1930 456 1953 4,
470 1923 496 1953 6,
505 1926 542 1953 83.
577 1924 596 1947 i.
610 1920 714 1957 furiosa
726 1928 750 1946 et
763 1924 790 1947 in
806 1921 835 1957 se
844 1921 960 1957 saeuiens
978 1922 1060 1948 laudis
1080 1922 1207 1958 cupiditas
1231 1924 1324 1958 Sagun·
1385 1923 1540 1948 Nonnullus
1552 1942 1560 1954 ,
1596 1923 1705 1948 Otiosus
1719 1929 1744 1949 et
1757 1932 1867 1956 vacans,
1888 1924 1941 1949 vid.
1953 1924 1995 1950 hh.
2010 1926 2038 1949 ll.
2108 1925 2208 1957 Pauper
2232 1922 2294 1949 Stat.
2307 1920 2400 1948 Theb.
2417 1935 2425 1940 -=

272 1962 382 1985 tinorum
397 1959 496 1982 ciuium.
587 1956 699 1983 Familia
712 1956 797 1990 ampla
813 1963 839 1983 et
858 1957 966 1984 honesta
1000 1958 1056 1984 Cic.
1077 1967 1126 1992 pro
1147 1957 1267 1984 Muraen.
1291 1965 1324 1990 15.
1337 1964 1369 1991 50
1386 1965 1436 1990 513.
1505 1957 1633 1983 Sublimis
1672 1957 1766 1984 Claud.
1785 1958 1814 1984 in
1833 1967 1872 1993 pr.
1891 1959 1969 1985 Cons.
1984 1958 2041 1985 Stil.
2054 1967 2083 1991 2,
2101 1965 2153 1991 323-
2260 1956 2405 1984 Temerari

272 1994 344 2027 Ignis
376 1993 437 2018 Stat.
451 1992 517 2018 Silu.
532 1999 562 2024 3,
582 2000 591 2018 1
602 2012 610 2024 ,
623 1994 648 2017 6.
685 1994 730 2027 qui
748 1993 853 2019 Herculi
870 1996 938 2020 viam
956 1996 983 2019 in
996 1994 1087 2020 caelum
1102 1992 1178 2019 dedit.
1250 1993 1325 2019 Mors
1385 1991 1519 2026 Quinctil.
1533 1992 1560 2018 in
1574 2000 1694 2026 prooem.
1708 2001 1729 2020 1.
1885 1991 1906 2029 Ἶ
1926 2002 1939 2026 3
1981 1994 2079 2021 Verba:
2114 1992 2257 2020 Abundare
2269 1991 2420 2020 honoribus
2433 2003 2437 2024 2

273 2029 365 2056 Tacit.
378 2028 406 2054 in
415 2028 478 2053 Vita
490 2027 578 2061 Agric.
592 2035 628 2059 33.
699 2027 767 2053 Hor.
781 2028 862 2055 Serm.
876 2037 895 2058 1,
910 2037 933 2060 3,
946 2037 979 2060 4²
1004 2029 1108 2055 Vellem
1122 2029 1150 2055 in
1164 2028 1283 2055 amicitia
1290 2028 1324 2055 fic
1383 2028 1438 2055 vid.
1457 2034 1503 2055 AB
1512 2034 1533 2053 V
1543 2034 1564 2053 N
1573 2034 1593 2054 D
1604 2034 1634 2054 o.
1738 2028 1865 2064 Accipere
1883 2029 2016 2056 honorem
2044 2029 2101 2056 Cic.
2119 2030 2192 2056 Brut.
2207 2037 2235 2062 4.
2305 2030 2416 2055 Accuini
2450 2039 2451 2042 ¹

275 2072 440 2095 erraremus,
460 2069 485 2089 et
497 2063 541 2088 isti
576 2061 670 2089 Errori
683 2071 782 2088 nomen
793 2063 878 2089 virtus
892 2064 1014 2096 posuiffet
1029 2064 1177 2090 honestum.
1213 2065 1251 2090 De
1259 2074 1325 2090 ama·
1385 2064 1440 2090 lare
1453 2063 1585 2090 honorem
1599 2063 1697 2096 alicui,
1724 2064 1779 2090 vid.
1798 2071 1819 2091 A
1830 2070 1848 2091 c
1861 2070 1879 2091 c
1891 2072 1946 2092 VM
1956 2073 1976 2092 v
1985 2073 2002 2092 1.
2011 2071 2040 2092 o.
2112 2066 2220 2091 Addunt
2232 2063 2313 2091 etiam
2326 2064 2375 2089 οΙ5
2389 2062 2418 2089 h·
2431 2066 2453 2088 Σ

272 2106 326 2126 tore
340 2102 405 2125 vitia
417 2106 511 2124 amotae
523 2107 572 2124 non
583 2097 782 2132 deprehendente.
854 2096 981 2124 Officium
1018 2100 1085 2124 Hor.
1099 2098 1177 2132 Epist.
1192 2107 1201 2123 1
1210 2117 1218 2129 ‚
1234 2104 1268 2128 13,
1282 2107 1324 2130 34.
1384 2107 1477 2126 norem
1492 2104 1611 2132 parentes
1638 2099 1772 2132 Quinctil.
1783 2108 1806 2132 3,
1820 2107 1847 2135 7,
1862 2105 1884 2130 8.
1956 2101 2024 2128 Hor.
2036 2100 2090 2127 Od.
2105 2110 2131 2133 2,
2144 2110 2181 2134 19,
2195 2109 2219 2133 13
2246 2100 2294 2126 Fas
2307 2105 2334 2126 et
2346 2096 2446 2125 110313οῗ

275 2135 370 2162 Oratio
384 2133 490 2160 honesta
517 2134 585 2160 Ter.
601 2133 681 2159 Andr.
698 2142 717 2165 1,
729 2142 756 2166 1,
774 2142 824 2166 114.
861 2133 885 2160 h.
900 2143 918 2161 e.
946 2134 1014 2168 Qut·
1027 2132 1149 2166 honestum
1163 2136 1271 2158 iuuenem
1285 2133 1324 2158 de·
1340 2137 1368 2163 55
1385 2133 1504 2166 coniugis
1520 2134 1648 2160 Additum
1661 2134 1742 2160 stellis
1755 2135 1886 2163 honorem
1897 2146 1998 2168 canere,
2028 2139 2047 2163 i.
2061 2146 2177 2163 coronam
2195 2135 2341 2167 Ariadnae,
2351 2132 2438 2167 stellis

273 2177 327 2202 cet,
348 2172 479 2204 opponitur
490 2168 619 2194 Plebeiae.
662 2169 718 2195 Vid.
735 2170 821 2195 Burm.
836 2169 870 2195 ad
881 2170 984 2196 Petron.
998 2178 1019 2196 c.
1027 2176 1064 2202 55.
1100 2175 1124 2195 ει
1138 2167 1247 2202 QinCt.
1260 2176 1269 2194 1
1279 2187 1286 2200 ‚
1301 2173 1323 2198 8.
1383 2177 1399 2194 a
1412 2168 1509 2194 Baccho
1522 2168 1649 2204 insertam.
1720 2169 1859 2197 Adducere
1872 2172 1974 2206 aliquid
1988 2173 2017 2198 in
2030 2171 2162 2199 honorem
2195 2171 2251 2198 Cic.
2265 2172 2337 2198 Fam.
2352 2178 2380 2204 7,
2393 2176 2436 2204 27.

275 2205 478 2233 Testamentum
493 2203 697 2230 honestissimum
721 2204 787 2230 Plin.
801 2204 880 2239 Epist.
895 2213 954 2237 144.
1385 2202 1501 2237 Adeptus
1515 2203 1630 2229 summos
1643 2202 1773 2237 honores,
1799 2206 1853 2231 vid.
1874 2214 1896 2233 A
1905 2213 1923 2232 1)
1933 2214 1942 2232 1
1954 2213 1970 2232 1²
1981 2214 1991 2232 1
2000 2213 2013 2233 s
2023 2213 2039 2233 c
2049 2213 2068 2233 o
2077 2214 2106 2233 R.
2177 2208 2235 2233 Cic.
2248 2206 2280 2233 de
2294 2206 2331 2233 N.
2345 2206 2377 2231 D.
2386 2213 2406 2237 1,
2419 2212 2434 2236 3

311 2247 332 2267 H
341 2247 360 2266 ο
371 2246 391 2264 Ν
403 2247 416 2265 k
427 2247 439 2266 5
449 2246 469 2266 T
479 2246 498 2264 v
510 2246 533 2265 M
544 2259 552 2271 ‚
573 2239 591 2265 i.
618 2248 643 2265 n.
686 2240 736 2271 Vt,
755 2240 828 2266 Nixa
839 2239 950 2266 honesto
963 2239 1057 2265 virtus.
1098 2239 1158 2265 Vid.
1179 2247 1219 2266 Ni
1230 2245 1252 2265 T
1263 2246 1281 2265 0
1291 2246 1321 2266 R.
1384 2238 1430 2265 Sin
1441 2244 1530 2264 autem
1544 2239 1581 2264 DI
1594 2247 1681 2273 neque
1694 2240 1796 2273 possunt
1815 2249 1863 2267 nos
1877 2242 1984 2273 inuare,
2010 2250 2096 2275 neque
2116 2242 2212 2269 volunt
2241 2257 2287 2262 —
2317 2240 2380 2276 quid
2397 2239 2434 2266 est

275 2275 415 2310 Respeffihts
435 2273 539 2300 honesti
579 2275 677 2301 Lucan.
694 2279 723 2306 8,
746 2284 809 2308 490.
918 2274 1068 2309 Complthi
1084 2274 1188 2310 aliquid
1212 2274 1323 2302 honesto
1384 2273 1456 2308 quod
1471 2274 1539 2300 vllos
1556 2274 1604 2300 DIs
1625 2275 1824 2302 immortalibus
1836 2277 1939 2309 cultus,
1960 2278 2102 2306 Honores,
2121 2286 2224 2310 preces,
2243 2276 2439 2306 Adhibeamus.

275 2310 409 2346 Qiinftil.
426 2319 454 2342 2,
474 2319 501 2343 4.
1330 2316 1366 2341 60
1384 2309 1575 2336 Administrarc
1602 2309 1675 2335 Idem
1689 2311 1760 2336 Fam.
1775 2319 1809 2343 15,
1823 2319 1847 2346 7.
1883 2315 1902 2338 i.
1922 2309 2103 2346 magistratum.
2210 2312 2326 2338 Adolere
2347 2310 2433 2337 hono·
2470 2341 2471 2345 Ἰ

313 2353 334 2373 H
345 2354 363 2373 o
373 2353 394 2372 N
404 2353 442 2372 Es
452 2353 472 2372 T
482 2352 503 2370 A
513 2352 526 2371 s
535 2364 543 2377 ,
563 2344 621 2372 3115.
640 2344 660 2370 f.
697 2343 746 2376 [τό
759 2343 835 2371 namu
845 2364 853 2378 ,
871 2344 1066 2385 καλοκαγαθία]
1103 2347 1234 2382 Dignitar,
1241 2345 1324 2378 decus,
1384 2353 1425 2372 res
1439 2345 1491 2371 aris
1515 2344 1597 2371 Ouid.
1611 2345 1674 2371 Met.
1688 2350 1717 2377 8,
1730 2353 1794 2379 740.
1837 2347 1896 2372 Vid.
1918 2353 1940 2372 A
1953 2352 1972 2372 D
1985 2352 2004 2372 o
2014 2352 2030 2372 L
2040 2352 2056 2371 Ε
2065 2352 2094 2372 o.
2165 2346 2267 2372 Afferre
2285 2345 2430 2376 honorem,
2466 2343 2472 2378 i

273 2382 344 2409 laus.-
367 2385 408 2408 cui
419 2384 571 2407 contrarium
584 2379 617 2413 est
632 2379 800 2413 Turpitudo.
906 2380 985 2407 Nihil
1000 2380 1035 2406 est
1055 2389 1083 2407 in
1096 2381 1152 2407 vita
1163 2390 1324 2415 magnopere
1382 2380 1437 2407 vid.
1459 2388 1481 2407 Α
1491 2386 1508 2406 F
1519 2386 1626 2407 FERO.
1734 2381 1790 2407 Cic.
1806 2389 1855 2415 pro
1869 2381 1959 2408 Deiot.
1976 2389 2006 2414 14
2036 2382 2112 2413 Quae
2129 2381 2235 2414 quidem
2250 2389 2269 2406 a
2283 2385 2308 2406 te
2327 2380 2356 2406 in
2370 2388 2429 2407 eain
2466 2366 2475 2397 'l

274 2416 459 2452 expetendum,
473 2415 520 2441 nisi
536 2416 592 2442 laus
604 2421 630 2441 et
643 2414 762 2441 honestas
783 2415 839 2442 Cic.
852 2424 901 2449 pro
909 2415 988 2442 Arch.
1001 2424 1022 2443 c.
1031 2418 1056 2442 6.
1151 2416 1189 2444 Id.
1204 2416 1256 2443 Off.
1272 2425 1292 2449 1,
1305 2426 1324 2451 4
1385 2422 1485 2450 partem
1497 2422 1599 2450 accepta
1612 2417 1671 2442 sunt
1683 2416 1713 2442 C.
1727 2417 1820 2443 Caesar
1829 2436 1836 2448 ,
1852 2423 1881 2443 vt
1896 2425 1957 2443 eum
1971 2415 2126 2451 ampliffimo
2139 2417 2208 2450 regis
2218 2415 2319 2442 honore
2337 2420 2364 2441 et
2381 2423 2430 2441 no·
2466 2423 2469 2430 ¹

272 2453 304 2481 In
320 2451 409 2478 officio
425 2450 536 2477 colendo
551 2451 595 2476 lita
610 2450 645 2476 est
664 2449 783 2476 honestas
795 2452 898 2484 omnis,
924 2457 949 2477 et
963 2453 992 2477 in
1005 2451 1163 2486 negligendo
1175 2452 1323 2486 turpitudo.
1384 2451 1457 2477 mine
1471 2450 1602 2477 Afficeres.
1658 2451 1732 2487 Conf.
1746 2452 1841 2486 Id.pro
1854 2453 1876 2478 S.
1886 2453 1960 2479 Rosc.
1975 2460 2046 2485 0.50.
2140 2451 2255 2486 Aggredi
2264 2459 2369 2484 magnos
2381 2449 2428 2477 ho·
2475 2458 2479 2464 ⁴

273 2487 405 2522 Qtintffil.
419 2495 442 2519 3,
454 2497 472 2520 4
504 2486 575 2512 Nam
588 2492 613 2512 et
627 2486 655 2511 in
669 2485 746 2511 laude
760 2485 876 2517 iustitia,
895 2486 1048 2520 vtilitasque
1062 2487 1220 2519 tractantur,
1248 2493 1274 2514 et
1295 2488 1324 2513 in
1337 2486 1369 2519 65
1384 2495 1462 2512 nores
1490 2486 1564 2520 Virg.
1579 2486 1631 2513 Ecl.
1645 2495 1672 2518 4,
1684 2492 1726 2519 48.
1797 2487 1978 2521 Amplificatus
1992 2486 2157 2519 honoribus,
2177 2485 2230 2512 vid.
2247 2491 2430 2511 Aurunco.

273 2523 388 2550 consiliis
404 2521 531 2549 honestas.
636 2521 693 2546 Cic.
709 2522 762 2547 Att.
775 2526 805 2552 8,
826 2529 848 2546 11
884 2521 938 2547 Vbi
958 2521 994 2547 est
1012 2528 1098 2548 autern
1120 2522 1247 2557 dignitas,
1274 2522 1324 2548 nisi
1385 2521 1500 2548 Callistr.
1513 2522 1541 2547 in
1556 2521 1573 2548 1.
1587 2530 1631 2548 005
1645 2522 1676 2547 D.
1691 2521 1723 2548 de
1736 2521 1909 2548 Decurionib.
1947 2523 1996 2548 Sed
2010 2532 2043 2548 ne
2061 2523 2170 2556 quidem
2184 2523 2313 2551 Arcentur
2323 2519 2433 2556 honori-

274 2559 323 2586 vbi
339 2559 474 2585 honestas?
546 2556 676 2583 Amittere
691 2555 868 2588 honestatem,
887 2556 941 2583 vid.
962 2564 983 2583 Α
992 2563 1017 2582 Μ
1027 2564 1036 2583 1
1046 2564 1067 2584 T
1079 2563 1101 2583 Τ
1112 2564 1140 2584 o.
1212 2558 1324 2583 Confer·
1385 2557 1450 2588 bus,
1475 2557 1522 2591 qui
1535 2557 1568 2583 ab
1583 2556 1722 2583 Aedilibus
1735 2557 1845 2591 flagellis
1859 2557 1923 2584 caesi
1937 2558 2003 2583 sunt.
2113 2556 2262 2583 Ascendere
2273 2555 2306 2581 ab
2320 2554 2444 2581 honores*

272 2604 337 2621 vare
350 2594 511 2621 honestatem
530 2598 556 2619 et
570 2592 647 2618 decus
671 2592 728 2618 Cic.
742 2592 795 2619 Off.
811 2600 832 2624 1,
853 2600 887 2624 17.
978 2593 1139 2618 Continetur
1153 2592 1271 2618 honestas
1292 2601 1324 2618 ex
1385 2593 1442 2619 Cic.
1454 2591 1486 2618 de
1499 2592 1569 2617 Clar.
1583 2593 1712 2625 Orat.241
1734 2601 1755 2618 c.
1764 2597 1801 2625 58.
1910 2591 2056 2619 Ascendere
2069 2591 2098 2618 in
2112 2593 2244 2620 honorem
2269 2590 2308 2618 ld.
2321 2590 2350 2617 in
2359 2590 2434 2617 Orat.

274 2636 389 2665 quatuor
406 2628 565 2659 virtutibus,
590 2627 645 2654 vid.
659 2635 675 2654 c
685 2633 704 2653 o
714 2634 735 2653 N
745 2635 766 2654 T
776 2635 784 2654 1
795 2634 815 2652 N
825 2634 842 2653 E
851 2634 880 2654 O.
948 2627 1080 2662 Copulare
1089 2627 1250 2653 honestatem
1265 2636 1324 2653 cum
1386 2634 1437 2659 125.
1508 2627 1616 2661 Ass'equi
1633 2626 1765 2653 honorem
1773 2646 1780 2658 ‚
1812 2627 1866 2654 vid.
1888 2635 1910 2654 A
1919 2635 1932 2654 S
1941 2635 1953 2654 s
1963 2635 1980 2654 Ε
1989 2635 2039 2664 qv
2047 2634 2066 2654 O
2075 2635 2106 2655 R.
2210 2626 2310 2662 Augeri
2332 2625 2434 2652 honore

272 2666 426 2700 voluptate,
459 2663 512 2690 vid.
534 2669 629 2690 COPV
641 2670 657 2688 L
669 2670 698 2689 O.
791 2663 884 2689 Metiri
906 2662 1039 2690 honestate
1058 2664 1190 2689 summum
1210 2662 1368 2696 bonum‚70
1386 2663 1443 2689 Cic.
1459 2663 1513 2688 Att.
1528 2669 1562 2696 7,
1584 2672 1609 2689 2.
1702 2662 1802 2689 Auchus
1816 2662 1909 2698 amplis
1928 2662 2078 2690 honoribus
2110 2664 2178 2690 Hor.
2198 2663 2281 2689 Serm.
2294 2670 2324 2699 1»,
2341 2663 2359 2688 6
2371 2681 2380 2694 ,
2400 2668 2446 2704 Πώ4

273 2701 327 2728 vid.
350 2708 374 2726 M
386 2707 401 2726 1Ξ
410 2706 432 2725 Τ
442 2707 452 2725 1
461 2706 518 2726 OR.
589 2698 724 2724 Praeditus
739 2697 873 2724 honestate
894 2698 964 2724 Suet.
978 2698 1010 2725 de
1023 2698 1245 2726 Illustr.Gramm.
1260 2708 1280 2724 c.
1292 2707 1325 2731 13.
1386 2699 1488 2732 Capere
1502 2697 1649 2730 honorem,
1667 2698 1721 2725 vid.
1744 2704 1761 2725 c
1771 2705 1816 2725 ΑΡ
1826 2706 1835 2724 1
1844 2705 1873 2724 Ο.
1946 2699 2037 2726 Tacit.
2051 2699 2119 2725 Ann.
2136 2708 2171 2731 13,
2183 2706 2213 2732 25
2229 2698 2313 2725 Iulius
2326 2696 2443 2731 quidem.

274 2736 316 2763 Ab
329 2735 463 2762 honestate
477 2735 620 2760 Remotum
645 2733 715 2767 Nep.
729 2733 810 2766 praef.
824 2742 850 2759 n.
860 2741 881 2765 5.
953 2734 1085 2768 Spoliatus
1099 2733 1233 2760 honestate
1266 2735 1324 2761 Cic.
1386 2734 1528 2760 Montanus
1551 2733 1685 2760 Senatorii
1704 2734 1825 2766 ordinis,
1857 2733 1901 2767 sed
1919 2735 1967 2769 qui
1990 2734 2122 2762 honorem
2147 2734 2267 2761 nondum
2281 2732 2426 2767 Capeffisset

274 2780 325 2807 pro
340 2770 430 2797 Rabir.
446 2769 512 2795 Post.
520 2777 567 2801 44.
639 2768 828 2794 Honestatibus
846 2768 926 2802 partis
947 2774 973 2795 et
987 2770 1061 2796 omni
1074 2769 1202 2803 dignitate
1217 2770 1323 2804 priuare
1386 2768 1488 2795 Cedere
1501 2769 1601 2796 honori
1613 2776 1639 2796 et
1654 2769 1773 2803 honore,
1800 2769 1853 2796 vid.
1871 2770 1896 2798 h.
1909 2779 1935 2796 υ.
2025 2770 2193 2805 Compellare
2212 2769 2329 2804 aliquem
2348 2768 2427 2797 mult,
2454 2767 2456 2769 ’

273 2807 314 2834 Id.
331 2815 379 2840 pro
393 2806 514 2831 Min-aen.
530 2809 567 2836 87.
636 2804 675 2829 Id.
689 2812 737 2838 pro
750 2804 818 2830 Sext.
829 2812 874 2836 109
888 2812 942 2836 0-51
969 2805 1046 2831 Vltra
1060 2804 1143 2839 igitur
1155 2807 1229 2831 causa
1243 2814 1325 2840 popu-
1387 2804 1491 2831 honore
1518 2805 1593 2840 Virg.
1608 2806 1672 2831 Aen.
1686 2814 1709 2838 3,
1721 2813 1786 2840 474.
1894 2805 2078 2839 comprobare
2092 2807 2238 2836 honorem,
2263 2803 2317 2831 vid.
2339 2809 2357 2830 c
2369 2810 2422 2830 OM

276 2842 338 2868 laris
354 2841 430 2867 debet
444 2839 548 2871 videri,
569 2838 597 2865 in
616 2847 668 2872 qua
679 2847 770 2865 omnes
791 2839 943 2866 Honestates
957 2840 1089 2873 ciuitatis,
1109 2850 1199 2867 omnes
1214 2848 1325 2874 aetates,
1337 2847 1369 2876 75
1385 2846 1458 2867 PRO
1469 2846 1486 2866 Β
1496 2846 1527 2866 0.
1616 2841 1736 2868 Confluit
1751 2842 1823 2873 laus,
1846 2840 1947 2874 honos,
1973 2842 2092 2876 Dignitas
2106 2842 2139 2868 ad
2161 2843 2296 2876 eloquentes
2326 2839 2383 2865 Cic.
2401 2838 2417 2865 d

275 2886 367 2904 omnes
382 2876 488 2903 ordines
502 2883 553 2901 vna
567 2874 748 2907 consentiunt,
768 2877 786 2901 i.
800 2875 922 2910 quidquid
936 2878 963 2900 in
976 2879 1079 2902 ciuitate
1093 2876 1215 2909 honestum
1228 2875 1270 2910 est.
1385 2877 1443 2902 Inu.
1461 2883 1488 2907 1,
1503 2884 1524 2907 3.
1597 2876 1738 2911 Congesti,
1774 2876 1828 2903 vid.
1851 2882 1869 2903 C
1880 2883 1899 2904 o
1908 2884 1930 2903 N
1940 2883 1985 2903 GE
1995 2884 2013 2903 R
2023 2884 2052 2904 ο.
2122 2875 2290 2904 Constituere
2301 2874 2404 2901 honore

312 2920 332 2939 Η
345 2918 364 2939 0
375 2920 396 2939 Ν
406 2918 422 2937 E
432 2919 444 2938 s
453 2918 474 2938 Τ
484 2918 493 2937 1
502 2918 522 2937 T
534 2917 555 2936 V
567 2916 585 2936 D
595 2916 630 2943 O,
650 2911 711 2936 i'nis.
749 2910 768 2935 f.
822 2911 894 2937 Idem
909 2911 980 2945 quod
996 2911 1122 2938 Honestas
1131 2931 1138 2943 ,
1156 2913 1273 2947 Antique
1286 2912 1325 2939 di-
1386 2911 1443 2938 Cic.
1457 2910 1489 2937 ad
1504 2912 1558 2944 Qt.
1571 2911 1614 2937 Fr.
1633 2921 1657 2944 1,
1677 2921 1696 2939 1.
1792 2912 1913 2946 Contigit
1925 2921 1956 2938 ex
1969 2913 2082 2942 merito,
2101 2912 2149 2946 qui
2168 2910 2220 2937 tibi
2242 2919 2328 2945 nuper
2345 2910 2435 2937 honor

277 2947 359 2974 6111111.
418 2946 511 2973 Accius
525 2946 679 2978 Oenomao,
704 2945 823 2972 Horrida
843 2946 1012 2973 honestitudo
1027 2948 1145 2982 Europae
1164 2949 1325 2983 principium
1384 2945 1466 2974 Ouid.
1480 2955 1510 2972 ex
1524 2948 1598 2973 Pont.
1611 2956 1644 2981 4,
1659 2955 1692 2983 7,
1706 2949 1744 2974 16.
1816 2947 1919 2982 leian.
1931 2948 1949 2974 l.
1964 2957 1976 2973 2
1996 2948 2027 2974 D.
2041 2947 2074 2973 de
2084 2947 2170 2972 excus.
2184 2952 2210 2973 et
2225 2952 2308 2973 vacat.
2327 2954 2432 2972 muner.

276 2984 364 3019 primo
377 2991 409 3009 ex
425 2983 493 3009 loco.
565 2981 639 3008 Idem
652 2980 885 3014 Myrmidonibus,
906 2982 972 3009 Tua
984 2982 1153 3010 honestitudo
1168 2985 1272 3011 Danaos
1281 2984 1324 3010 de·
1384 2983 1424 3009 De
1438 2982 1588 3008 minoribus
1607 2992 1716 3018 quoque
1735 2983 1811 3010 annis
1830 2983 2047 3018 vigintiquinque
2067 2981 2098 3008 ad
2118 2990 2229 3008 munera
2246 2981 2300 3008 siue
2317 2981 2434 3008 honore!

275 3020 344 3054 cepit
358 3018 414 3044 diu.
450 3019 487 3044 Ex
500 3017 573 3044 Non.
586 3025 602 3042 2
612 3036 621 3049 ,
635 3025 694 3050 401.
1335 3024 1368 3051 80
1386 3018 1512 3044 Creandis
1526 3018 1591 3044 iusta
1605 3025 1674 3045 aetas
1689 3019 1814 3045 seruanda
1829 3019 1873 3045 est.
1963 3018 2104 3044 Custodire
2117 3018 2265 3050 honorem,
2299 3016 2352 3044 vid.
2365 3016 2390 3043 h.
2404 3025 2432 3043 υ.

313 3061 333 3080 H
344 3061 393 3080 ΟΝ
403 3060 440 3080 Es
453 3059 475 3079 Τ
485 3059 512 3079 Ε.
550 3051 618 3078 Adu.
655 3051 774 3086 [καλῶς]
810 3050 904 3078 dicitur
925 3052 958 3079 Id
975 3053 1081 3080 honeste
1101 3053 1168 3086 fieri,
1186 3055 1252 3090 quod
1270 3065 1323 3081 cum
1385 3053 1441 3080 Cic.
1454 3054 1507 3080 Att.
1523 3063 1548 3084 ς,
1562 3062 1589 3079 21
1623 3054 1666 3080 Ob
1680 3054 1742 3081 haec
1757 3054 1884 3081 beneficia
1898 3053 1995 3089 quibus
2009 3054 2050 3080 illi
2064 3053 2264 3088 obstupescunt,
2281 3052 2370 3079 nullos
2383 3051 2419 3078 ho

274 3089 359 3116 decoro
374 3096 396 3115 et
410 3086 556 3122 hovzcstofit.
625 3087 693 3114 Ter.
709 3087 790 3113 Andr.
803 3096 832 3121 4,
848 3089 875 3119 6,
889 3096 901 3119 3
934 3089 1009 3121 Qiae
1022 3090 1046 3114 se
1068 3089 1206 3117 inhoneste
1221 3091 1323 3125 optauit
1383 3098 1462 3115 nores
1475 3089 1542 3115 mihi
1553 3108 1560 3121 ,
1580 3089 1628 3115 nisi
1641 3089 1802 3122 verborum,
1822 3090 1936 3117 Decerni
1948 3089 2013 3116 sino.
2121 3090 2252 3116 Decorare
2265 3087 2414 3115 honoribus

274 3134 367 3160 parare
384 3125 427 3150 hic
446 3124 554 3150 diuitias
575 3123 680 3158 potius,
723 3131 802 3157 quam
820 3123 849 3149 in
871 3124 953 3157 patria
973 3124 1080 3151 honeste
1104 3134 1201 3160 pauper
1221 3127 1323 3153 viuere.
1383 3124 1435 3151 vid.
1462 3130 1590 3151 DECOR
1601 3130 1630 3150 0.
1702 3126 1830 3152 Decorari
1844 3124 1991 3152 honoribus
2006 3124 2167 3158 amplissimis
2181 3130 2206 3151 et
2218 3123 2342 3159 praemiis
2372 3123 2430 3149 Cic.
2451 3135 2453 3138 v

276 3161 332 3187 Cic.
345 3160 376 3187 de
390 3160 448 3186 Fin.
468 3168 497 3191 1,
524 3167 557 3192 43
589 3158 647 3185 Nisi
662 3158 808 3193 sapienter,
825 3158 933 3184 honeste
948 3159 1066 3193 iusteque
1080 3161 1194 3187 viuatur.
1250 3162 1323 3188 Idem
1384 3159 1417 3186 de
1429 3161 1503 3187 Orat.
1518 3169 1540 3192 2,
1555 3167 1607 3191 232.
1724 3161 1873 3188 Defendere
1886 3161 2016 3187 honorem
2031 3161 2121 3192 suum,
2157 3160 2211 3187 vid.
2234 3163 2458 3189 DEFENDO.‚.⁴

276 3197 330 3222 Att.
343 3198 370 3228 6,
385 3204 404 3222 1.
471 3195 584 3229 Compar.
620 3194 690 3222 Suet.
705 3194 778 3220 Caes.
793 3198 855 3224 c.82
884 3194 978 3220 Sinum
993 3195 1024 3221 ad
1040 3195 1093 3222 ima
1107 3204 1183 3222 crura
1196 3196 1323 3230 deduxit,
1339 3203 1368 3234 ες
1385 3196 1440 3223 Cic.
1458 3197 1528 3222 Fam.
1544 3204 1571 3222 10
1583 3215 1591 3228 ,
1613 3203 1642 3221 10
1677 3196 1702 3221 Is
1715 3197 1787 3222 enim
1802 3197 1916 3231 deniqne
1928 3195 2012 3222 honos
2026 3196 2094 3222 mihi
2107 3196 2195 3222 videri
2209 3195 2292 3228 solet,
2312 3194 2360 3229 qui
2374 3202 2430 3220 non
2439 3191 2451 3222 ‘f'

274 3237 304 3258 vt
319 3231 452 3258 honestius
466 3230 578 3256 caderet.
613 3229 681 3256 Add.
700 3229 831 3256 Columel.
844 3230 926 3264 praef.
942 3239 959 3256 1.
996 3230 1062 3256 Plin.
1077 3241 1109 3265 4,
1130 3240 1163 3263 13.
1196 3239 1218 3258 et
1237 3237 1277 3265 6,,
1288 3239 1322 3263 18.
1384 3238 1493 3267 propter
1506 3233 1575 3266 spem
1587 3230 1673 3257 futuri
1687 3231 1827 3262 beneficii,
1853 3232 1895 3258 sed
1916 3238 2024 3266 propter
2044 3241 2138 3266 magna
2156 3232 2251 3258 merita
2270 3230 2348 3257 claris
2360 3229 2442 3256 viriavv

274 3267 370 3302 Superl.
407 3266 462 3292 Cic.
475 3266 507 3291 de
521 3263 629 3291 Amicit.
643 3274 665 3291 0.
680 3267 710 3291 16
736 3266 811 3299 Qiae
824 3265 919 3292 nostris
932 3265 961 3292 in
974 3266 1052 3293 rebus
1065 3275 1121 3293 non
1133 3267 1193 3294 satis
1206 3268 1323 3301 honeste,
1385 3267 1505 3293 defertur
1519 3273 1546 3293 et
1557 3265 1641 3293 datur.
1749 3268 1892 3301 Denigrare
1905 3266 2034 3293 honorem
2047 3267 2175 3300 alicuius,
2199 3267 2253 3293 vid.
2272 3271 2429 3293 DENIGRO.
2453 3292 2455 3294 ,

274 3302 304 3329 111
317 3302 464 3328 amicorum
484 3301 541 3327 sunt
554 3299 738 3327 honestiffime·
1385 3303 1442 3329 Cic.
1455 3304 1531 3329 Verr.
1546 3312 1579 3336 4,
1597 3309 1632 3336 79
1652 3310 1673 3327 c.
1688 3303 1719 3333 36
1744 3303 1779 3329 ad
1791 3304 1941 3337 Scipionem,
1961 3304 2016 3329 Cur
2029 3312 2078 3337 pro
2093 3303 2153 3336 isto,
2166 3302 2214 3338 qui
2227 3302 2331 3328 laudem
2344 3300 2429 3327 hono·
2463 3330 2464 3335 ¹

312 3344 332 3363 H
343 3344 361 3363 ο
374 3343 394 3362 Ν
406 3344 422 3363 Ε
433 3343 445 3362 s
458 3342 480 3362 Τ
492 3343 528 3368 o,
554 3340 607 3361 310.
643 3335 775 3370 [cembron
793 3337 905 3372 κοσμὲω]
952 3335 1192 3372 Honestumfacere,
1209 3338 1323 3364 honorem
1384 3347 1495 3372 remque
1514 3337 1631 3364 familiae
1649 3337 1748 3364 vestrae
1768 3337 1932 3372 depeculatus
1950 3338 2002 3371 est,
2022 3339 2137 3373 pugnas}
2172 3341 2191 3364 i.
2210 3337 2342 3371 statuam,
2366 3343 2428 3371 quae
2463 3342 2464 3359 1

275 3375 417 3399 conciliare.
471 3372 527 3398 Cic.
547 3371 600 3397 Off.
619 3380 644 3405 1,
664 3379 706 3404 ¹39
727 3380 749 3397 c.
764 3379 794 3403 39
831 3372 888 3397 Νο0
903 3371 984 3398 domo
998 3372 1136 3404 dominus,
1155 3372 1198 3398 sed
1212 3373 1366 3405 domino90
1383 3373 1572 3409 honorisuerat
1584 3375 1653 3408 genti
1666 3371 1777 3406 uestrae,
1796 3371 1901 3409 sustidit
1915 3374 2048 3409 epublico,
2075 3381 2097 3400 et
2109 3373 2161 3408 fibi
2178 3373 2276 3400 habuit.
2347 3370 2445 3398 Diuor-
2463 3370 2464 3397 Ξ

276 3407 370 3433 domus
382 3406 539 3434 honestanda
551 3407 597 3433 est.
705 3405 743 3433 Id.
757 3406 823 3433 ibid.
837 3415 865 3437 2,
879 3415 906 3433 21
940 3408 1120 3442 Qiaecunquc
1139 3408 1223 3442 igitur
1236 3408 1323 3435 homi-
1385 3408 1489 3435 honore
1501 3408 1601 3443 aliquid
1616 3408 1716 3435 referre
1741 3409 1807 3435 Plin.
1822 3413 1862 3441 28,
1876 3413 1897 3439 8.
1969 3410 2080 3444 Dignari
2093 3410 2208 3444 aliquem
2223 3408 2325 3435 honore
2346 3404 2428 3433 Ouid.
2463 3410 2464 3429 ἰ

277 3450 323 3467 nes
349 3442 452 3468 homini
473 3443 595 3469 tribuunt
612 3441 645 3468 ad
670 3450 731 3468 eum
755 3442 904 3476 augendum
930 3448 1009 3477 atque
1035 3443 1240 3474 honestandum,
1277 3451 1324 3471 etc.
1385 3445 1449 3471 Met.
1466 3454 1484 3477 1,
1499 3453 1554 3477 194.
1590 3443 1663 3477 Virg.
1677 3446 1740 3469 Aen.
1756 3453 1776 3476 1,
1790 3452 1843 3475 339.
1914 3445 1968 3471 Cic.
1981 3445 2093 3479 Philipp.
2109 3454 2133 3478 9,
2147 3450 2160 3474 8
2196 3444 2279 3471 Nulla
2292 3441 2427 3469 dubitatio
2447 3438 2464 3473 l

278 3476 401 3502 Rationes
416 3477 588 3504 honestandae
603 3477 768 3504 Elocutionis
789 3477 865 3504 Auci.
879 3477 910 3503 ad
926 3479 1159 3515 Hercn.4fhbfin.
1195 3483 1213 3506 i.
1234 3490 1323 3506 ornan·
1386 3480 1562 3515 relinquetur,
1575 3478 1641 3513 quin
1654 3478 1784 3505 honorem
1797 3485 1920 3512 mortuo,
1940 3481 1983 3507 cui
1995 3481 2122 3507 iniuriam
2135 3481 2201 3507 viuo
2208 3480 2331 3511 fecimus,
2349 3477 2447 3504 facia-¹*
2463 3478 2464 3483 ¹

278 3511 332 3537 dae.
361 3546 365 3550 ⁵
403 3512 502 3538 Summi
516 3514 609 3540 viriet
623 3513 753 3540 clariliimi
769 3512 902 3539 Saturnini
921 3520 946 3540 et
960 3514 1138 3541 Gracchorum
1153 3520 1179 3542 et
1192 3515 1275 3542 Flacci
1291 3525 1323 3542 ex
1386 3524 1453 3541 mus.
1524 3514 1614 3542 Fafilus
1638 3514 1722 3541 honos
1742 3514 1794 3540 aris
1815 3515 1945 3551 Sacrificio
1978 3517 2053 3551 Virg.
2071 3517 2136 3542 Aen.
2152 3524 2181 3549 5,
2201 3518 2259 3549 763.
2331 3514 2435 3540 Facere.
2449 3543 2453 3546 ¹

277 3547 402 3586 sanguine
415 3555 468 3572 non
487 3549 568 3575 modo
590 3549 614 3574 se
627 3558 680 3575 non
694 3549 923 3581 contaminarunt,
952 3549 995 3575 scd
1015 3556 1040 3575 et
1061 3550 1229 3577 honestarunt
1266 3552 1321 3578 Cic.
1338 3559 1370 3585 95
1386 3551 1474 3577 missos
1495 3550 1623 3581 honores,
1654 3549 1706 3575 vid.
1721 3549 1769 3585 Jiab
1789 3557 1933 3578 MlTTO.
2041 3553 2166 3578 Fauerem
2185 3549 2284 3576 honori
2298 3555 2344 3575 tuo
2369 3548 2426 3575 Cic.
2458 3562 2464 3576 s

277 3582 356 3608 Catil.
370 3590 377 3606 1
393 3590 414 3606 c.
429 3589 462 3606 12.
531 3584 642 3610 Honore
656 3584 793 3610 honestare
828 3584 910 3611 Plaut.
932 3585 1007 3618 Capt.
1022 3594 1037 3611 2
1047 3604 1054 3616 ,
1070 3595 1078 3611 1
1089 3605 1095 3616 ,
1117 3593 1157 3618 50.
1265 3588 1321 3613 Cic.
1387 3588 1440 3612 Att.
1454 3592 1483 3618 ε,
1497 3594 1517 3618 3.
1588 3583 1660 3611 Idem
1674 3594 1723 3619 pro
1737 3585 1804 3611 Sext.
1820 3589 1862 3618 136
1891 3587 1930 3613 Ad
1944 3595 2002 3613 eam
2015 3588 2163 3619 rationem,
2182 3587 2211 3612 in
2224 3594 2276 3620 qua
2288 3584 2366 3610 multi
2380 3584 2427 3610 ho·
2445 3589 2450 3597 ·’
2463 3606 2464 3609 ,

278 3626 328 3652 pro
341 3617 503 3649 Murem-70
539 3619 565 3656 A·
573 3619 668 3657 quibus
682 3620 699 3646 li
714 3620 741 3645 in
753 3620 843 3646 forum
856 3619 1024 3652 deducimur,
1042 3621 1059 3646 si
1075 3630 1129 3647 vno
1143 3620 1224 3655 spatio
1237 3621 1323 3648 basili·
1385 3623 1469 3648 mines
1483 3620 1550 3647 noui
1564 3626 1589 3646 et
1602 3620 1705 3646 honore
1719 3627 1744 3646 et
1758 3621 1842 3655 gloria
1856 3622 2032 3656 Floruerunt‚
2047 3622 2217 3650 cohortabor.
2286 3620 2379 3654 Fulget
2387 3619 2426 3645 in·
2438 3626 2442 3634 ²
2458 3632 2465 3643 Ἰ»

278 3661 324 3678 cae
337 3651 524 3690 honestamur,
542 3652 681 3686 diligenter
695 3655 833 3682 obseruari
844 3655 969 3682 videmur
981 3661 1007 3682 et
1019 3656 1079 3682 coli.
1115 3658 1153 3683 De
1169 3657 1322 3684 candidatu.
1385 3657 1519 3684 taminatis
1531 3655 1678 3683 honoribus
1709 3657 1776 3683 Hor.
1789 3658 1877 3684 Carm.
1892 3667 1918 3689 3,
1932 3667 1959 3689 2,
1974 3663 2007 3688 ¹8-
2123 3657 2227 3691 leian.
2241 3657 2270 3683 in
2285 3656 2302 3682 l.
2315 3665 2326 3688 3
2347 3656 2379 3681 D.
2394 3653 2426 3680 de

278 3687 373 3714 Vultus
387 3686 505 3713 honestat
518 3686 593 3712 illum
621 3690 712 3716 Claud.
727 3690 755 3716 in
770 3700 810 3724 pr.
845 3692 924 3717 Cons.
940 3691 996 3718 Stil.
1011 3700 1035 3722 1,
1055 3694 1099 3718 26.
1156 3693 1229 3728 Conf.
1247 3694 1322 3720 Curt.
1385 3693 1527 3719 Decurion.
1561 3691 1703 3724 Completo
1726 3698 1844 3726 tempore
1862 3692 2039 3720 nihilominus
2056 3693 2141 3726 Fungi
2156 3693 2260 3719 honore
2274 3691 2317 3718 vel
2336 3688 2426 3716 officio
2444 3702 2446 3707 v

278 3731 310 3755 3,
334 3726 383 3764 6,,ι
398 3730 433 3755 19.
512 3721 634 3749 Numero
655 3724 803 3752 liberorum
831 3726 970 3753 honestare
990 3727 1126 3754 ciuitatem
1159 3728 1221 3755 Stat.
1238 3729 1321 3763 praef.
1330 3738 1377 3757 100
1386 3728 1469 3763 possit.
1539 3726 1644 3753 Habere
1675 3726 1805 3754 honorem
1829 3728 1924 3759 alicui,
1950 3736 1999 3763 pro
2017 3730 2116 3754 Honore
2133 3727 2230 3762 afficere
2251 3734 2275 3754 et
2295 3727 2425 3753 honorare.

279 3758 296 3784 Ι·
311 3767 329 3791 4
360 3758 426 3784 δῑῙῑῑ·
735 3794 741 3799 ,
1385 3764 1441 3790 Cic.
1455 3771 1504 3797 pro
1517 3762 1598 3788 Flaec.
1611 3769 1645 3794 45
1671 3764 1719 3789 Cui
1734 3764 1820 3790 nullus
1833 3763 1919 3790 honos
1931 3766 1959 3790 in
1973 3765 2016 3790 sua
2028 3764 2136 3789 ciuitate
2150 3763 2265 3790 Habitus
2278 3762 2323 3789 est.
2360 3759 2426 3788 Add.
2463 3775 2464 3795 1

315 3800 339 3834 ,Η
353 3800 371 3820 O
381 3801 400 3820 N
412 3800 427 3819 Ε
437 3798 543 3819 5ΤΑΜ
554 3797 570 3817 E
580 3799 603 3818 N
613 3797 636 3817 Τ
646 3799 717 3832 voi,
733 3802 752 3833 ¹:
778 3804 804 3820 n.
831 3796 990 3831 [κόσμημα]
1026 3797 1086 3824 Sen.
1099 3798 1218 3832 Epist.66
1235 3799 1322 3826 Nullo
1384 3800 1461 3825 Curt.
1474 3807 1501 3830 4,
1516 3802 1538 3829 8,
1553 3805 1591 3830 14.
1664 3798 1719 3825 Cic.
1734 3800 1787 3825 Att.
1803 3808 1828 3834 7,
1841 3808 1856 3826 2
1887 3799 2061 3834 Chrysippum
2076 3798 2190 3825 libenter
2202 3798 2275 3829 vidi,
2299 3803 2324 3823 et
2338 3797 2365 3822 in
2378 3794 2430 3822 ho-'
2449 3798 2464 3807 '¹

278 3837 350 3855 emm
365 3828 562 3855 honestamento
574 3833 631 3861 eget
645 3834 728 3853 vrrtus
743 3831 813 3862 ipsa,
833 3837 859 3857 et
872 3841 996 3866 magnum
1009 3834 1047 3859 sui
1062 3833 1139 3859 decus
1153 3834 1188 3859 est
1199 3854 1206 3865 ‚
1225 3841 1251 3861 et
1265 3843 1323 3861 cor·
1384 3842 1450 3860 nore
1463 3832 1560 3859 Habui.
1615 3832 1682 3859 Add.
1697 3835 1771 3861 Curt.
1786 3843 1812 3867 9,
1828 3843 1872 3868 10,
1885 3843 1924 3862 21.
2014 3833 2119 3860 Habere
2139 3834 2238 3860 honori
2256 3833 2426 3860 Consulatum

278 3873 325 3899 Pus
341 3865 414 3891 suum
430 3865 572 3904 fonsecrat·
593 3898 597 3902 ¹
642 3863 741 3902 Sallust·
760 3864 791 3890 de
805 3865 869 3899 Rep.
887 3869 952 3894 Ord.
967 3877 1000 3901 2,
1022 3877 1049 3895 21
1085 3870 1183 3895 Omnia
1202 3869 1322 3895 honesta·
1385 3870 1459 3895 finum
1486 3866 1585 3894 Sallust.
1601 3867 1628 3893 in
1642 3870 1761 3904 Iugurth.
1776 3879 1818 3902 31,
1842 3879 1879 3897 10.
1966 3870 2107 3904 Impertite
2125 3869 2241 3904 aliquem
2264 3867 2426 3896 honoribus.

279 3906 366 3926 menta
381 3907 450 3934 pacis
462 3905 487 3925 et
499 3906 616 3935 praemia
628 3897 703 3925 belli.
727 3898 786 3926 Vnt.
801 3901 877 3935 Apul.
893 3904 969 3937 Apol.
981 3914 1007 3938 p.
1015 3906 1075 3939 27⁶·
1095 3911 1118 3931 rt
1130 3905 1230 3932 Arnob.
1240 3913 1264 3936 2,
1286 3925 1290 3930 .
1315 3925 1322 3931 .
1332 3913 1376 3940 ¹05
1383 3904 1502 3937 Incipere
1515 3902 1662 3938 honorem,
1686 3906 1739 3932 vid,
1754 3905 1795 3932 bh,
1809 3915 1852 3932 υυ.
1922 3905 2041 3933 Indicere
2055 3904 2170 3932 honores
2183 3907 2244 3932 Dm
2271 3905 2346 3938 Virg.
2362 3903 2424 3927 Aen.
2471 3916 2473 3920 ·

2332 3947 2354 3971 3,
2363 3940 2422 3968 264.
