2479 4225
23 209 85 249 5¹7.
402 191 437 231 E
514 191 550 231 X
630 191 659 231 P

25 282 46 322 q
65 290 80 317 5
111 280 233 316 Expedit,
265 281 415 315 [σνμφξρω
432 279 592 315 χρησιμεύει]
619 278 775 314 impeaefimale
791 280 818 302 i'n
831 277 915 302 tertii:
925 274 1048 309 personis,

23 326 68 356 pro
85 317 148 344 Vtile
165 314 207 349 est.
261 316 328 342 Ter.
344 317 438 342 Heaut.
453 324 478 346 2,
497 324 518 347 3,
539 317 572 347 96
598 314 676 341 Ν11111
689 314 748 340 satis
761 310 938 350 firmi-video,
958 318 1047 344 quani-

25 353 116 381 obrem
137 352 257 385 excipere
281 350 350 377 hunc
371 350 440 376 mihi
463 350 582 384 expediat
605 355 713 376 metum.
815 346 960 385 cit-„Verr.
975 353 996 384 3,
1011 353 1048 377 44

25 387 83 418 Post
103 386 241 413 hominum
264 386 419 412 memoriam
444 385 518 412 fuill'e
540 385 670 417 arbitrer,
698 383 740 409 cui
762 381 881 407 damnari
904 382 1048 419 expediret:

23 422 94 452 Idem
112 430 160 456 pro
177 422 292 448 Marcell.
306 430 331 453 31
355 420 435 448 Multi
453 421 628 452 dubitabunt,
647 417 711 454 quid
723 417 862 456 Optimum
875 416 948 455 esset:
963 415 1049 455 'multi

24 456 90 493 quid
101 456 148 484 fibi
162 456 296 491 expediret
308 467 314 482 :
339 457 416 483 multi
430 456 494 490 quid
505 456 608 482 deceret
622 465 627 481 :
649 452 770 480 nonnulli
782 458 861 477 etiam
868 450 939 490 'quid
950 450 1048 476 licei-ct.

26 493 81 520 Cic.
94 491 144 519 Off.
157 500 180 524 3,
196 494 231 526 76
253 492 316 519 Non
333 492 416 526 igitur
428 492 507 518 faciat
527 489 641 524 (dixerit
655 488 731 523 quis)
751 486 823 521 quod
836 486 900 526 Vsslle
915 485 960 526 fif,
976 486 1049 519 quod

24 526 142 563 expediat
156 529 165 553 Ξ
199 529 284 554 11111110
300 527 429 562 intelligat
454 526 534 558 nihil,
547 535 594 557 nec
605 523 736 558 expedire,
758 531 805 548 nec
819 521 884 548 vtile
898 523 955 560 elie,
972 520 1049 561 vquod

24 563 55 592 fit
68 562 199 589 iniustum.
306 563 390 596 Cura,
405 562 469 598 quid
483 561 617 596 expediat,
637 558 774 597 prior-est,
792 565 871 596 quam
885 557 949 596 quid
963 558 991 582 iit
1004 555 1050 582 ho-

23 598 124 627 nestum
142 597 222 624 Ouid.
235 606 266 624 ex
280 598 363 625 Ponto
376 607 402 633 2,
417 607 440 630 3,
453 607 478 630 9.
548 595 587 623 Ad
601 594 800 621 diuturnitatem
818 592 948 618 victoriae
968 596 993 618 et
1005 591 1050 617 do-

24 633 175 661 minationis
189 633 300 660 alicuius
313 633 417 668 expedit
435 633 491 660 Cic.
503 635 556 658 Att.
567 639 593 665 7,
605 638 644 655 21.
736 627 815 654 Ouid.
825 626 889 667 Fast-
904 636 929 658 τι,
942 634 985 666 591
1006 627 1051 652 Vi-

13 668 123 704 traque,
144 668 214 703 quod
228 669 334 703 expedit
352 669 403 696 illi.
493 667 572 694 Plaut.
581 664 662 691 Trin.
676 672 698 696 2,
714 672 734 695 1,
746 673 774 691 10
793 664 923 690 Omnium
935 670 1051 697 primuni

25 705 121 732 amoris
135 709 201 730 artes
214 704 336 739 eloquar,
351 702 570 740 quemadmodum
585 699 732 734 expediant.
835 698 861 724 Si
881 698 918 723 ita
936 698 1051 731 expedit,

19 747 68 777 pro
86 741 112 768 Si
129 739 273 765 commodum
291 738 339 774 gli,
358 741 398 767 ve!
414 736 498 770 neceffi·
517 734 550 769 ist
574 738 611 762 ita
623 734 698 769 ficri,
718 740 747 760 vt
765 734 850 760 melius
867 742 910 772 res¹
918 732 947 768 se
964 732 1050 759 habeat

12 774 80 803 vCic.
94 776 130 808 Q
141 775 224 802 Fratr.
239 784 259 806 2,
296 795 303 802 .
398 772 470 800 Idem
485 781 534 806 pro
548 771 652 797 Caecin.
668 772 696 795 16
716 771 806 803 Quun
819 776 929 803 pecunia
942 768 1050 794 Caesen-

23 811 83 838 niae
103 818 135 836 ex
157 810 202 836 illa
220 809 362 837 hereditate
379 808 534 839 deberetur,
559 815 617 832 eain
639 813 720 840 porro
742 806 769 831 in
789 803 903 838 praediis
927 804 1051 829 collocari

22 844 135 874 maxime
149 846 291 880 expediret.
384 843 455 869 Veli.
469 851 494 875 2,
507 847 544 875 58,
557 851 573 868 2
593 842 686 868 Brutus
698 845 886 875 repugnauerat
895 858 902 870 ,
920 838 1051 869 diffitens,

23 880 103 908 Nihil
120 882 232 915 amplius
252 880 353 907 ciuibus
371 884 472 912 praeter
490 877 610 910 tyranni,
627 877 665 903 ita
682 876 754 902 enim
773 874 898 910 appellari
916 875 1051 901 Caesarem

22 915 94 942 fatto
107 916 163 942 eius
176 916 342 951 expediebat,
358 912 499 948 petendum
511 914 559 939 esse
572 912 731 947 sanguinem.
826 908 949 944 Expediit
966 909 1051 936 studio

22 950 111 977 lumen
122 951 206 978 abess'e
218 960 277 979 meo
290 950 368 977 Ouid.
379 949 465 975 Trist.
481 957 507 981 i,
526 953 549 981 8,
564 952 603 981 56·

22 995 131 1013 mouere
150 987 211 1013 vide
229 986 300 1013 Idem
318 994 349 1011 ex
363 985 446 1011 Ponto
465 993 495 1016 2,
515 993 546 1016 2,
566 989 602 1016 58.
674 982 742 1009 Ter.
755 980 860 1007 Phorm.
875 989 899 1013 5,
913 989 940 1013 2,
959 989 968 1007 1
995 981 1052 1007 Nos

22 1021 153 1057 nostrapte
174 1022 246 1056 culpa
261 1021 387 1052 facimus,
407 1025 436 1046 vt
456 1019 532 1045 malis
549 1017 669 1053 expediat
685 1018 748 1048 effe,
772 1019 820 1042 int.
835 1017 918 1042 malis.
1003 1018 1051 1043 Ex-

21 1057 94 1091 pedit
112 1058 160 1084 esse
173 1057 234 1083 deos
252 1055 332 1082 Ouid.
346 1055 378 1081 de
392 1055 455 1081 Arte
467 1055 525 1081 Am.
539 1063 565 1087 1,
586 1057 644 1089 637.
714 1053 805 1079 Pacem
823 1051 916 1078 reduci
928 1051 997 1078 velle
1012 1053 1051 1079 vi-

21 1092 91 1119 diori
102 1092 206 1126 expedit
219 1092 276 1118 Sen.
290 1092 368 1117 Herc.
381 1090 433 1117 fur.
449 1092 503 1123 368.

55 1134 124 1154 ΕΧΡ
135 1133 180 1154 ED
191 1127 282 1154 iTvs
293 1145 301 1158 ‚
323 1135 346 1157 a,
365 1135 419 1152 um.
456 1125 548 1152 Partic.

20 1172 67 1194 m,
85 1161 204 1195 ἰυςοιλής]
240 1162 356 1188 Paratus.
393 1161 465 1188 Caes.
479 1162 506 1187 B.
520 1161 551 1186 G.
571 1168 597 1191 2,
615 1167 643 1191 19
672 1159 765 1185 Caesar
783 1159 827 1185 sex
841 1158 958 1192 legiones
977 1167 1052 1193 expe.

22 1196 87 1224 ditas
100 1196 225 1229 ducebat,
251 1199 269 1223 i.
289 1206 349 1232 quae
366 1206 415 1223 uon
427 1196 541 1223 haberent
557 1195 728 1230 impedimenta
737 1194 911 1229 sarcinarum,
930 1204 972 1220 nec
989 1197 1050 1227 alla,

22 1230 74 1260 vid.
88 1241 112 1259 n.
126 1241 148 1258 a.
168 1232 317 1264 Exercitus,
334 1232 426 1266 Legio,
439 1233 542 1258 Manus.
613 1230 670 1256 Cic.
684 1228 795 1263 Philipp.
818 1237 856 1261 11,
876 1237 903 1262 25
922 1230 1051 1263 Expedite

22 1268 98 1295 nobis
110 1267 217 1295 homine
231 1275 257 1294 et
270 1274 360 1302 parato
373 1269 399 1294 P.
411 1269 441 1294 C.
461 1275 525 1301 opus
537 1265 582 1291 est.
664 1264 821 1299 Expeditus,
842 1265 956 1297 solutus,
973 1264 1052 1297 liber,

23 1302 93 1331 nulla
103 1305 132 1330 re
145 1303 291 1338 implicatus
304 1303 360 1330 Cic.
373 1302 451 1329 Acad.
465 1311 490 1335 4,
505 1309 556 1334 105.
626 1300 766 1335 Expeditus
781 1309 813 1327 eo
826 1300 1000 1334 proficiscitur
1013 1303 1053 1327 ld.

25 1347 73 1374 pro
101 1338 191 1372 Quint.
224 1347 262 1370 23.
332 1337 413 1364 Plaut.
433 1337 506 1372 Epid.
520 1346 540 1369 1,
555 1345 575 1369 1,
589 1344 624 1371 79
643 1335 788 1370 Qiomodo
801 1344 844 1362 me
856 1335 1008 1370 expeditum
1020 1344 1052 1362 ex

25 1373 150 1410 impedito
162 1374 271 1401 faciani?
340 1373 419 1400 Curis
433 1373 568 1407 expeditus
582 1374 679 1399 Horat.
690 1373 777 1398 Carm.
791 1380 811 1404 1,
824 1380 867 1404 22,
881 1380 912 1398 11.
982 1371 1054 1398 Faci-

24 1409 57 1437 lis
75 1410 241 1444 etexpeditus
260 1408 292 1435 ad
308 1408 448 1435 dicendum
463 1409 519 1435 Cic.
533 1407 565 1434 de
579 1408 649 1434 Clar-
664 1408 737 1434 Orat.
751 1413 802 1437 i80.
999 1404 1018 1443 ’ἦ
1040 1415 1053 1432 2

22 1443 196 1478 Substantiam
219 1446 379 1479 Argumenta
398 1444 519 1478 expedita
537 1443 623 1470 statim
643 1442 798 1477 depromere
817 1442 873 1469 Cic.
894 1441 926 1469 de
939 1443 1013 1469 Orat.
1028 1451 1054 1474 2,

23 1487 72 1514 117.
125 1480 252 1507 Celeritas
265 1480 386 1514 expedita
399 1488 424 1506 et
435 1480 567 1514 profluens
580 1478 617 1505 Id.
630 1477 662 1504 de
674 1479 746 1504 Clar.
759 1479 833 1504 Orat.
847 1486 901 1503 220.
955 1480 1053 1510 Coena,

19 1517 39 1541 ι’.
58 1514 138 1541 breuis
154 1515 317 1552 etsuccint‘ia
335 1515 400 1542 Plin.
414 1514 491 1549 Epist.
506 1523 533 1546 3,
553 1523 588 1540 12.
660 1513 776 1540 Consilia
796 1513 852 1539 Cic.
873 1512 952 1540 Attic.
971 1522 997 1546 9,
1018 1521 1053 1539 12.

20 1549 163 1577 Diiuicatio
181 1550 365 1586 expeditiffima
385 1550 490 1577 Plancus
510 1550 565 1576 Cic.
578 1550 649 1576 Fam.
670 1557 713 1581 ιο,
732 1557 776 1582 24.
863 1549 919 1574 Cic.
939 1549 970 1574 de
983 1549 1055 1575 Clar.

20 1585 93 1612 Orat.
106 1588 154 1619 265
180 1587 211 1613 C.
224 1586 337 1613 Sicinius
351 1586 448 1620 igitur,
466 1592 511 1611 etc.
539 1584 686 1619 probabilis
697 1591 803 1614 orator,
825 1583 879 1609 iam
894 1592 959 1610 vero
972 1584 1053 1610 etiam

19 1620 129 1655 probate
145 1629 178 1648 ex
191 1621 238 1648 hae
250 1621 326 1655 inopi
338 1621 370 1647 ad
383 1620 539 1652 ornandum,
554 1619 595 1646 sed
607 1619 640 1645 ad
651 1619 842 1645 inueniendum
855 1619 975 1653 expedita
987 1620 1055 1645 Her-

20 1664 142 1690 magorae
155 1657 309 1690 Disciplina.
415 1655 487 1682 Idem
499 1657 551 1681 Att.
566 1657 593 1680 16
602 1674 610 1686 ,

21 1691 143 1725 expedita
154 1691 290 1718 Excusatio
306 1691 381 1723 esset,
399 1699 469 1717 nunc
487 1690 551 1725 quid
566 1689 760 1724 respondemus.
793 1692 948 1724 interruptus
961 1690 1053 1726 sermo.

0 1734 1 1741 ¹
19 1727 155 1754 Exercitus
168 1727 200 1752 ad
212 1727 364 1753 mutandum
381 1726 515 1761 expeditus
528 1726 583 1752 Cic.
599 1725 655 1751 Ait.
666 1733 688 1757 5,
703 1731 737 1755 18.
808 1724 881 1751 Idem
893 1726 965 1751 Fani.
979 1733 1013 1757 15,
1027 1735 1053 1757 4.

0 1766 3 1775 “
20 1762 149 1789 Homines
162 1770 246 1794 acres,
264 1761 295 1787 ad
310 1762 365 1788 vim
378 1762 490 1796 promti,
505 1761 537 1787 ad
550 1760 707 1786 seditionem
721 1759 815 1793 parati,
835 1760 930 1785 armati
942 1761 969 1784 in
983 1760 1054 1784 ciues

19 1803 46 1822 et
58 1796 176 1830 expediti
188 1797 220 1823 ad
232 1797 337 1823 caedem
351 1797 407 1827 Cic.
420 1805 468 1830 pro
479 1797 508 1821 L.
522 1796 583 1827 Agr.
598 1803 619 1823 2,
636 1799 670 1822 81.
739 1794 833 1818 Horat.
849 1794 937 1818 Carm.
946 1801 971 1824 ’1,
991 1798 1014 1823 8,
1029 1800 1053 1817 12

19 1831 99 1864 Saepe
116 1831 188 1857 disco
223 1832 302 1864 Saepe
315 1836 384 1856 trans
399 1831 476 1855 tinem
489 1829 576 1855 Iaculo
589 1827 689 1852 nobilis
701 1826 841 1859 expedito,
863 1827 887 1852 h.
902 1835 921 1852 e.
941 1826 1051 1860 expedite
1067 1839 1100 1864 43
1119 1837 1166 1853 nos
1179 1835 1238 1854 tuos
1259 1836 1433 1863 vnguentatos
1455 1838 1537 1863 vsque
1555 1837 1586 1855 ex
1605 1828 1714 1854 cerebro
1734 1829 1872 1862 expellam.

16 1863 83 1893 iaHo
101 1871 124 1890 et
136 1866 241 1890 iaculato
255 1866 323 1890 vltra
335 1870 430 1889 metam.
501 1861 580 1888 Paull.
596 1861 624 1886 in
636 1861 655 1886 l:
671 1861 697 1886 Si
711 1862 817 1886 seruum
836 1858 859 1895 §.
878 1860 997 1895 sequitur
1016 1861 1048 1886 D.

17 1900 51 1927 dc
62 1899 136 1926 verb.
153 1898 262 1933 obligat.
284 1898 440 1932 Expeditum
458 1896 622 1923 Intellectum
641 1895 720 1921 habet
739 1894 909 1928 constitutio,
938 1899 955 1922 i.
975 1899 1053 1921 inani-

11 1934 114 1973 fglium.
181 1934 319 1968 Pompeius
332 1933 386 1959 Cic.
401 1933 453 1958 Att.
468 1937 490 1964 8,
503 1940 530 1958 12
548 1930 679 1958 Omnibus
694 1930 777 1965 copiis
791 1930 941 1962 conductis,
960 1938 985 1957 te
1002 1931 1052 1957 im-

19 1970 112 2007 plicet,
129 1977 162 1996 rie
174 1968 206 1996 ad
223 1977 267 1995 me
279 1970 333 1995 Iter
345 1967 496 2003 expeditum
509 1967 561 1993 tibi
575 1966 620 1998 fit,
639 1973 684 1992 erc.
755 1967 880 1992 quentus
897 1966 955 1992 Liu.
970 1975 986 1992 2
995 1986 1002 1998 ,
1020 1975 1050 1992 11.

19 2006 121 2035 Colum.
133 2014 163 2038 2,
183 2014 202 2038 4
227 2004 383 2038 Expeditior
401 2010 487 2029 autem
506 2003 594 2029 Labor
614 2001 744 2028 eiusmodi
763 2001 820 2028 solo
841 2001 893 2033 est,
912 2010 944 2027 eo
979 2001 1050 2036 quod
1066 2013 1098 2039 50
1119 2004 1288 2037 expellerent.

23 2040 157 2078 pauciores
175 2040 365 2074 impenduntur
380 2047 482 2073 operae.
588 2038 688 2072 Legio,
707 2037 851 2069 Exercitus,
865 2036 988 2063 ‘Subsidia
998 2057 1006 2069 ,
1024 2040 1051 2062 in

37 2077 104 2112 uibus·
115 2077 207 2103 milites
215 2075 279 2111 sunt
296 2076 358 2105 leuis
374 2081 530 2105 armaturae,
550 2079 573 2099 et
592 2077 635 2109 qni
650 2073 733 2108 facile
751 2072 798 2099 huc
810 2073 868 2098 illuc
880 2072 1051 2107 perducuntur

663 2108 720 2135 Vid.
736 2112 808 2134 etiam
825 2117 850 2134 11.
863 2115 885 2139 3.
957 2108 1051 2134 Manus

667 2144 755 2170 Motus
773 2143 881 2169 nauium
901 2143 1052 2177 expeditior

226 2110 280 2138 Cic.
294 2111 365 2137 Fam.
381 2118 415 2142 15,
429 2119 456 2143 4.
485 2115 508 2135 et
529 2117 566 2140 10,
580 2117 623 2142 24.

46 2113 79 2140 ἰι
92 2120 134 2145 24,
145 2120 184 2146 41.

267 2146 358 2173 Tacit.
372 2145 439 2172 Hist.
453 2153 478 2177 z,
491 2149 528 2177 83,
544 2153 562 2170 1.

21 2148 90 2183 Nep.
103 2156 141 2181 14,
154 2149 179 2179 6,
194 2155 216 2173 2.

27 2183 97 2211 caet.
106 2183 135 2210 B.
147 2183 177 2209 G.
190 2190 218 2215 4,
234 2189 270 2215 25.

2 2230 5 2244 ι
27 2218 111 2246 vincia
120 2226 206 2253 magna
220 2217 336 2253 Negotia
355 2222 381 2244 et
394 2216 478 2252 ampla
497 2221 522 2242 et
535 2214 656 2249 expedita
670 2214 763 2247 habet,
783 2214 881 2240 multos
895 2222 976 2240 annos
990 2221 1053 2241 vtor

2 2255 5 2283 ἰ
27 2253 100 2282 valde
110 2254 283 2280 familiariter.
353 2254 461 2280 Nomen
473 2250 625 2278 Dolabellae
646 2251 699 2277 iam
715 2251 867 2285 expeditum
881 2249 1002 2282 videtur,
1022 2256 1052 2276 vt

4 2298 5 2314 l
24 2290 100 2318 etiam
113 2290 332 2324 representatione
349 2288 478 2315 confidam
497 2287 552 2313 Cic.
567 2287 620 2312 Ait.
635 2295 669 2318 13,
684 2294 714 2319 ²9
734 2293 798 2312 extr.
866 2286 960 2313 Oratio
979 2286 1052 2312 idem

4 2345 5 2349 ,
23 2324 55 2351 de
66 2325 132 2352 Clar.
139 2326 212 2352 Orat.
225 2332 276 2360 227
292 2335 313 2352 c.
322 2327 362 2357 63.
430 2323 543 2350 Pecunia
555 2321 741 2356 expeditiffima
754 2322 807 2349 Cic.
815 2322 887 2349 Fam.
896 2331 927 2355 11,
935 2331 969 2355 24
987 2329 1052 2349 extr.

1 2359 5 2396 Ι
22 2360 173 2396 Expeditior
185 2361 263 2387 Ratio
278 2360 315 2387 est
335 2359 430 2387 Pallad.
444 2368 473 2393 4,
485 2367 509 2393 9.
579 2359 658 2384 Rado
673 2358 777 2385 Colum.
791 2360 817 2391 6,
831 2367 856 2385 2.

3 2397 5 2408 ¹
23 2396 78 2422 Cic.
93 2397 162 2422 Fam.
177 2405 216 2428 10,
229 2404 265 2429 25.
291 2399 310 2422 i.
328 2395 444 2431 liquidae.
484 2393 542 2421 Vid.
554 2393 753 2421 Turneb.Adu.
766 2403 793 2428 4,
808 2403 829 2428 5.
902 2396 952 2421 Res
963 2395 994 2421 ad
1009 2404 1052 2421 ex-

19 2431 168 2466 plicandum
181 2431 367 2466 expeditiffima
379 2431 435 2456 Cic.
450 2431 579 2464 QFratr.
593 2438 614 2461 2,
628 2439 666 2463 ¹4·
758 2432 830 2457 Idem
850 2430 883 2457 de
902 2431 1008 2457 Ainicit.
1030 2439 1053 2463 13

17 2466 93 2494 -Idem
107 2468 206 2501 semper
217 2466 319 2492 animos
331 2465 471 2492 hominum
485 2465 533 2491 effe
546 2465 663 2498 diuinos,
675 2465 763 2500 iisque
777 2475 857 2501 quum
870 2475 883 2492 e
896 2465 1053 2501 corporibus

20 2501 182 2562 excegisseffit,
200 2500 326 2527 Rediturn
337 2501 366 2526 in
377 2500 477 2527 caelum
491 2498 587 2535 patere,
601 2501 757 2536 optimoque
769 2509 795 2528 et
809 2501 944 2528 iustissimo
958 2502 1054 2537 cuique

20 2546 52 2563 ex
73 2546 85 2562 e
105 2542 136 2562 iti
156 2544 247 2562 imum.

21 2546 129 2598 Id.pAtt.
142 2578 166 2604 5,
178 2579 197 2603 4
220 2570 269 2598 Sed
285 2579 338 2597 non
360 2571 470 2604 dubito,
489 2572 553 2606 quin
568 2572 824 2599 Senatusconsultum
844 2573 994 2607 expeditum
1014 2573 1054 2606 fit,

21 2607 51 2633 in
63 2615 121 2641 quo.
130 2606 281 2641 praesertim
294 2606 324 2633 fit
336 2607 521 2642 compendium
534 2608 634 2642 populi.
706 2608 755 2635 Via
773 2609 803 2635 ad
818 2607 932 2635 honores
947 2608 1054 2642 expedi-

20 2642 76 2668 tior
90 2641 146 2668 Cic.
162 2650 209 2676 pro
222 2642 303 2669 Flacc.
318 2651 373 2675 104.
443 2643 493 2669 Vir
505 2651 564 2669 acer
578 2649 603 2669 et
618 2648 705 2670 acutus
717 2643 746 2669 in
759 2643 872 2670 dicendo
881 2663 889 2675 ,
908 2649 933 2669 et
946 2644 978 2669 ad
994 2652 1053 2676 pro-

21 2677 196 2704 nuntiandum
208 2676 342 2712 expeditus
354 2677 393 2704 Id.
407 2677 439 2704 de
452 2678 526 2704 Orat.
540 2686 563 2709 2,
576 2687 622 2709 131.
692 2678 742 2704 Vir
755 2678 848 2703 doetus
862 2686 893 2703 ex
907 2678 1053 2711 disciplina,

21 2749 96 2775 Orat.
115 2755 171 2781 245.
260 2748 428 2781 Vngueutum
447 2747 678 2781 expeditissimum,
701 2747 765 2781 quod
782 2746 893 2781 cittffime
908 2753 1056 2782 apparatur,

20 2790 45 2810 et
61 2782 278 2819 praesentzffimum
297 2781 331 2816 est
349 2783 414 2809 Plin.
429 2791 467 2814 13,
490 2791 508 2808 1.

21 2818 145 2853 expedito
165 2818 278 2853 positum
297 2817 428 2851 Qiinc‘iil.
448 2827 490 2850 10,
509 2824 534 2852 7.

21 2854 104 2889 praef.
173 2855 203 2879 In
215 2852 338 2888 expedito
351 2855 399 2880 esse
412 2853 476 2880 Plin.
490 2863 518 2887 4,
526 2861 564 2885 23.

739 2791 752 2814 3
790 2784 888 2809 Formae
904 2784 968 2809 aliae
982 2793 989 2807 .·
1024 2783 1056 2808 ln

614 2818 675 2844 Hoc
694 2817 911 2852 expeditissimum
932 2817 967 2843 est
987 2817 1055 2843 Cels.

613 2853 718 2887 leian.
733 2853 762 2879 in
777 2853 793 2879 1.
814 2853 841 2879 Si
855 2852 958 2879 dubitet
977 2853 1008 2878 D.
1024 2852 1055 2878 de

23 2925 170 2952 numeratio
189 2924 270 2951 totius
291 2923 376 2950 debiti
395 2933 449 2950 non
467 2924 497 2951 iit
515 2925 545 2950 in
563 2923 693 2958 expedito.

763 2925 837 2951 Curt.
851 2932 879 2956 4,
892 2932 916 2955 2,
929 2932 959 2950 22
985 2924 1054 2949 Cum

25 2959 151 2994 appellere
164 2959 267 2994 scaphas
280 2958 307 2985 in
322 2959 445 2994 expedito
458 2960 526 2989 esset.

597 2959 718 2994 Expediti
737 2962 809 2986 etiam
821 2959 926 2995 absolute
937 2959 1056 2985 dicuntur

25 2995 123 3022 Milites
139 2996 199 3022 leuis
211 3001 366 3022 armaturae:
388 2995 449 3021 Liu.
464 3003 512 3027 22,
528 2997 554 3021 16
577 2995 693 3022 Succellit
710 3001 798 3022 tamen
811 2996 912 3021 Poenus
932 3003 992 3021 cum
1013 3003 1056 3020 ex-

26 3029 121 3064 peditis
137 3030 331 3065 equitibusque.
377 3031 435 3058 Vid.
456 3030 521 3057 Fest.
539 3033 566 3057 in
584 3030 756 3058 Aduelitatio.
827 3030 887 3057 Liu.
902 3029 939 3056 ib.
952 3039 979 3056 21
1005 3029 1056 3056 Ad-

29 3101 120 3139 Immp,
139 3099 258 3134 Expediti
275 3101 386 3136 equiteS.
427 3101 527 3128 Sallust.
559 3101 678 3136 Iugurth.
712 3105 743 3132 68
769 3102 913 3137 Legionem
927 3107 952 3128 et
966 3110 1056 3136 quam-

29 3134 157 3174 plurimos
173 3135 254 3170 potest
267 3137 396 3164 Numidas
415 3138 515 3172 equites
537 3138 636 3172 pariter
652 3147 711 3164 cum
728 3138 818 3165 occasu
838 3137 900 3164 solis
920 3136 1056 3171 expeditos

29 3170 126 3196 educit.
191 3171 259 3197 Cum
271 3172 397 3207 expeditis
409 3173 550 3208 manipulis
570 3173 629 3200 Sall.
648 3172 767 3208 Iugurth.
799 3181 850 3206 105.
910 3173 966 3199 Vid.
981 3173 1056 3200 Salm.

30 3205 59 3231 de
72 3206 107 3233 Re
119 3202 198 3231 Milit.
211 3207 278 3233 Rom.
295 3217 316 3234 c.
330 3219 367 3243 ¹7·
439 3209 546 3236 Sisenna
557 3210 624 3245 apud
637 3209 708 3236 Non.
723 3218 732 3235 1
740 3228 748 3241 ,
759 3214 804 3241 285
824 3211 940 3235 Inermes
953 3208 1057 3240 armati,

0 3282 1 3302 3
31 3275 213 3315 Expeditiores
223 3277 318 3304 milites
329 3280 445 3307 reddidit
460 3281 568 3315 Nep.11,
583 3288 633 3313 1‚5.

0 3315 2 3323 ’
66 3316 282 3339 ΕΧΡΕΜΤΕ.
314 3314 378 3341 Adu.
413 3317 557 3351 [ἒυςαλῶς]
589 3317 721 3348 Celeriter,
733 3315 824 3352 facile.
869 3314 925 3342 Cic.
945 3313 978 3340 de
1002 3315 1058 3340 Inu-

0 3344 4 3387 ’ξ
31 3356 56 3379 ι,
93 3366 106 3386 .·
137 3365 143 3371 .
179 3345 227 3385 Sed
246 3353 274 3373 vt
295 3350 439 3384 expeditius
461 3353 530 3379 ratio
550 3351 682 3383 tradatur,
701 3360 747 3384 ea,
772 3360 839 3386 quae
858 3350 1058 3385 proposuimus,

29 3381 109 3410 brem
120 3380 333 3410 ¹¹0¹lll¹¹³b¹¹¹¹mr·
399 3387 463 3414 Non
476 3387 605 3421 implicite
617 3393 642 3414 et
656 3386 821 3418 abscondite,
837 3386 879 3413 sed
892 3385 1020 3420 patentius
1033 3390 1059 3411 et

32 3461 54 3478 t·
66 3461 102 3484 23·
173 3451 298 3492 Expedite
309 3455 433 3493 explicare
446 3457 517 3484 Idem
532 3458 565 3485 de
579 3458 648 3485 Clar.
661 3459 735 3484 Orat.
749 3465 795 3492 237
815 3467 836 3484 c.
843 3460 887 3491 67.
959 3456 1060 3482 Celeri-

19 3494 73 3528 Α(01
86 3494 112 3514 et
126 3487 246 3527 expedite
259 3496 389 3522 percipere
401 3492 454 3518 Cic.
469 3493 500 3520 de
514 3494 571 3520 Fin.
586 3502 615 3527 5,
652 3514 658 3520 .
697 3513 704 3520 .
774 3492 813 3519 Id.
833 3494 884 3519 Att.
900 3494 933 3524 6,
945 3497 958 3522 8
986 3493 1059 3517 Hanc

0 3555 4 3560 ,
28 3523 169 3558 epistolam
182 3522 302 3551 dedimus
314 3523 344 3549 L.
357 3524 517 3561 Tarquitio,
536 3529 612 3556 simul
623 3538 638 3555 e
651 3534 729 3563 portu
742 3527 904 3563 egredienti,
923 3526 966 3553 sed
983 3536 1059 3561 expe-

0 3567 4 3583 !
34 3558 113 3586 ditius
124 3558 270 3599 Ρᾷῑξίὲὂηῐί-
340 3558 526 3599 Expeditiffime
545 3565 651 3599 purgari
668 3564 702 3590 fic
717 3564 815 3599 poterit
835 3562 966 3590 Columel.
986 3572 1009 3593 2,
1024 3572 1061 3589 10.

0 3601 3 3612 ¹
34 3594 224 3628 Expeditissime
238 3593 355 3619 defensus
368 3594 432 3620 Plin.
445 3597 488 3631 Ep,
499 3601 531 3631 6,
545 3609 582 3627 22,

0 3633 1 3638 ¹
29 3628 151 3655 ditissime
164 3629 361 3655 multitudinem
375 3637 491 3664 magnam
503 3634 609 3670 (aquae)
621 3636 729 3662 Vitruu.
745 3643 781 3666 10,
788 3643 814 3667 9.

0 3689 3 3697 ,
33 3663 71 3691 ita
84 3664 142 3691 finit
155 3664 221 3691 Gell.
237 3667 273 3695 16,
285 3671 307 3694 8.
341 3663 409 3691 Add.
425 3665 478 3692 Cic.
490 3668 559 3695 Fam.
573 3673 598 3702 6,
610 3679 653 3703 20,
668 3681 695 3705 4.

27 3724 30 3725 .
71 3705 88 3725 Ε
98 3707 117 3727 Χ
127 3705 143 3725 P
153 3706 198 3726 ΕΙ)
210 3707 220 3727 1
236 3705 258 3726 T
270 3705 322 3730 10,
341 3700 409 3726 6nis·
445 3700 465 3740 f:
500 3702 627 3739 [spois-eim,
646 3705 741 3739 ἄνυσις]
778 3704 879 3732 Audict
896 3703 929 3730 ad
943 3704 1061 3730 Herenn.

0 3744 2 3747 ·
28 3741 64 3766 .4,
75 3736 105 3764 68
118 3744 149 3775 cs
157 3742 189 3770 54
207 3741 270 3762 extr.
291 3734 377 3761 Habet
390 3743 478 3769 paucis
488 3740 670 3772 comprehensa
683 3740 798 3768 breuitas
817 3740 959 3767 multarum
971 3748 1061 3766 rerum

37 3769 242 3809 expeditionem,
274 3773 293 3796 i.
309 3772 385 3796 multa
398 3770 510 3806 expedit,
528 3779 550 3797 et
563 3775 669 3809 perficit.

38 3801 103 3830 ditio
116 3805 166 3846 est,
186 3815 245 3832 cum
258 3805 420 3837 rationibus,
438 3805 617 3846 compluribus
629 3812 796 3844 enumeratis,
814 3810 909 3846 quibus
922 3810 1010 3844 aliqua
1023 3818 1063 3836 res

40 3844 84 3864 aut
98 3839 170 3873 fieri,
188 3847 233 3868 aut
248 3850 303 3867 non
317 3841 376 3868 fieri
390 3846 522 3875 potuerit,
540 3848 652 3870 caeterae
664 3847 808 3879 tolluntur,
827 3855 877 3873 vna
890 3846 1063 3880 relinquitur,

40 3881 116 3907 quam
130 3884 176 3902 nos
194 3876 371 3909 intendimus,
392 3877 443 3903 hoe
461 3877 560 3903 modo:
585 3877 690 3904 Neceffe
706 3881 756 3912 est,
775 3891 835 3908 cum
852 3881 965 3911 constet,
983 3881 1062 3907 istum

14 3940 15 3948 ἵ
39 3908 152 3938 nostrum
170 3912 282 3938 fundum
301 3912 392 3944 fuisse,
410 3912 543 3944 ostendas,
565 3918 589 3937 te
608 3918 652 3939 aut
665 3922 776 3942 vacuum
795 3917 940 3951 poss‘edisse‚
959 3922 1004 3942 aut
1016 3917 1064 3942 vsu

14 3949 15 3966 l
37 3948 110 3972 tuum
121 3946 222 3980 secisse,
239 3954 283 3974 aut
297 3946 444 3975 hereditate
460 3948 512 3975 tibi
527 3948 631 3974 venisse.

869 3632 1062 3669 Expeditiffime

1070 607 1097 624 10

706 947 747 972 An
768 944 837 971 nihil
859 945 981 979 expediat
1002 945 1052 971 tale
1065 955 1100 974 20

582 1122 738 1159 [nfo'xeegos,
756 1119 966 1158 οἷπαμμπόδιςσς,
982 1121 1051 1157 εὕξω-
1069 1136 1101 1164 25
1119 1125 1272 1160 penatibus?
1309 1126 1419 1160 expellet
1432 1135 1445 1152 a
1460 1125 1559 1160 patria?

1071 1313 1103 1337 30
1119 1313 1191 1339 quum
1204 1308 1317 1330 moritur.

1072 1491 1098 1517 35

929 2359 1054 2386 Rationes
1073 2362 1107 2388 60
1119 2362 1240 2388 eiectam.

22 2889 241 2920 Fideiussoribus,
263 2889 321 2915 Nec
338 2889 409 2915 enim
429 2890 529 2923 semper
545 2887 648 2915 facilius
667 2889 702 2915 est
720 2889 837 2915 nominis
855 2889 952 2919 emtio,
972 2897 1055 2922 quum
1074 2892 1106 2920 75
1122 2898 1164 2916 eas
1177 2888 1403 2915 benemeritorum
1418 2889 1492 2922 saepe
1509 2888 1611 2914 ciuium
1623 2885 1803 2921 expulfiones,
1822 2894 1867 2913 etc.

28 3065 115 3091 versus
133 3074 176 3091 eos
194 3065 278 3092 tribus
298 3065 418 3092 millibus
430 3070 497 3092 'cuni
518 3066 645 3101 expeditis
669 3066 775 3093 auxiliis
793 3075 808 3092 a
827 3066 948 3100 Scipione
968 3065 1054 3092 missis.
1067 3065 1098 3091 80

30 3239 174 3274 impeditos
195 3241 309 3275 expediti
328 3243 380 3271 fine
402 3244 458 3272 vllo
488 3245 597 3272 suorum
620 3245 731 3271 vulnere
753 3244 860 3271 cunctos
884 3243 1056 3270 interficiunt.
1076 3240 1105 3270 83
1123 3243 1226 3276 derare,
1246 3243 1279 3269 ad
1292 3243 1381 3269 libram
1395 3243 1435 3268 vel
1445 3242 1523 3268 librae
1536 3247 1577 3276 ope
1589 3248 1699 3276 aequare.

30 3416 177 3452 expeditius
191 3415 258 3443 reffl
278 3422 303 3444 et
322 3427 374 3446 non
389 3422 455 3448 redii
475 3422 656 3458 quaestionem
671 3423 787 3449 continet
802 3422 858 3448 Cic.
873 3421 904 3447 de
916 3422 973 3447 Inu.
990 3429 1012 3452 2,
1026 3422 1060 3452 69
1076 3428 1112 3452 90
1124 3421 1337 3456 exaequabimus.
1367 3432 1368 3435 =

653 3600 824 3634 Tympanum
844 3598 966 3625 exhaurit
986 3606 1059 3631 expe·
1076 3607 1108 3632 93
1129 3607 1180 3638 que
1193 3598 1296 3624 habeat.

733 3775 772 3802 id.
785 3786 813 3810 4,
828 3784 864 3809 40
887 3785 908 3801 c.
923 3783 954 3807 29
982 3775 1062 3810 Expe-
1072 3783 1117 3801 100
1129 3774 1198 3800 Clar.
1207 3775 1282 3800 Orat.
1293 3776 1345 3803 136.

672 3949 790 3978 Vacuum
800 3960 859 3978 cum
878 3961 928 3987 ego
945 3951 1063 3983 adeffem,
1073 3959 1116 3985 105
1129 3949 1262 3978 buendum
1275 3950 1323 3975 effe
1334 3949 1463 3975 videatur.

1436 189 1643 232 .EX

1114 278 1237 313 possidere
1255 287 1309 306 non
1334 279 1450 314 potuisti.

1729 192 1756 231 P
2082 204 2147 244 5¹8

1517 279 1611 306 Tuum
1635 279 1682 306 vsu
1702 279 1788 305 fecisse
1802 281 1880 308 etiam
1904 291 1968 309 num
1990 289 2044 310 non
2061 289 2146 319 potes.

1115 316 1201 341 Emtio
1215 315 1286 341 nulla
1299 315 1440 350 profertur.
1495 314 1647 342 Hereditate
1660 314 1712 341 tibi
1725 324 1766 341 nie
1779 316 1844 341 viiio
1856 326 1911 342 inca
1932 319 2040 352 pecunia
2053 319 2146 346 venire

1115 358 1168 375 uon
1188 351 1281 385 potuit.
1332 350 1502 383 Relinquitur
1520 359 1598 385 ergo,
1620 356 1649 377 vt
1668 359 1709 377 me
1728 351 1758 377 vi
1778 350 1810 375 de
1831 359 1889 376 inco
1909 352 1992 379 fundo
2011 355 2147 382 deieceris.

1115 386 1184 410 Haec
1198 386 1335 412 exornatio
1347 385 1490 421 plurimum
1507 385 1608 412 iuuabit
1628 393 1672 412 etc.
1727 387 1801 412 Ratio
1814 389 1920 411 nominis
1932 386 1963 418 1st
1973 408 1981 419 ,
2007 393 2064 424 quja
2078 397 2147 424 expe.

1116 420 1234 452 diuntur,
1258 428 1280 447 ct
1297 421 1453 457 absoluantur
1468 421 1542 454 plura
1553 420 1768 456 initiopropofita.
1938 420 1958 455 q
1985 432 1996 448 2
2032 425 2078 450 Sed
2089 427 2148 461 fre-

1115 456 1262 491 qucutiffime
1275 455 1414 491 Expeditio
1434 455 1526 481 dicitur
1539 456 1567 482 de
1580 466 1612 487 eo,
1627 465 1696 492 quum
1711 461 1797 483 exeunt
1807 456 1898 482 milites
1910 455 1964 482 belis
1977 460 2077 492 gerendi
2090 470 2147 496 gra.

1116 494 1169 516 tia:
1205 491 1268 526 quod
1285 493 1405 527 explicent
1416 491 1447 526 se
1465 496 1535 525 atque
1555 493 1693 527 expediant
1707 492 1735 528 [ι-
1748 501 1763 517 α
1776 494 1879 517 caeteris
1891 494 2005 527 negotiis.
2076 496 2146 521 (aes,

1118 526 1146 552 B.
1160 526 1190 551 G.
1207 532 1237 558 8,
1258 528 1274 553 6
1291 533 1355 554 extr.
1385 526 1501 552 inuicem
1522 525 1669 560 legionibus
1688 526 1885 563 expedition-um
1905 536 1970 552 onus
1986 527 2148 563 iniungebat,

1118 562 1177 587 Liu.
1191 570 1241 594 24,
1277 581 1284 588 .
1322 581 1328 588 .
1363 562 1393 587 Et
1409 560 1574 586 mittentibus
1587 568 1611 587 ct
1626 562 1699 588 millis
1720 571 1750 590 ea
1762 562 1826 589 laeta
1841 562 1975 597 expeditio
1988 562 2048 588 fuit.
2100 566 2147 590 Ex.

1117 596 1281 631 peditionem
1304 597 1414 631 (contra
1432 604 1505 631 grues
1525 597 1699 631 Pygmaeorum
1719 599 1779 631 as't)
1808 597 1902 623 confici
1923 598 2003 624 ternis
2019 598 2148 625 mensibus

1117 632 1181 657 l’lin.
1190 640 1216 666 7,
1230 641 1252 658 2.
1323 631 1436 658 Educcre
1450 631 1592 656 exercitum
1608 632 1635 657 in
1649 633 1843 667 expeditionem
1868 633 1923 659 Cic.
1938 632 1969 658 de
1981 632 2072 660 Diuiii.
2082 642 2099 665 i,
2115 638 2149 669 76

1116 676 1138 693 c.
1148 675 1182 698 33.
1252 668 1320 703 Apes
1332 666 1411 692 noctu
1427 665 1600 700 deprehensae
1613 667 1639 692 in
1654 669 1822 703 expeditione
1834 668 1962 695 excubant
1979 669 2100 704 supinae,
2122 675 2150 696 vt

1119 702 1169 728 alas
1183 710 1197 727 a
1211 710 1272 728 rore
1286 708 1423 737 protegant
1450 701 1514 727 Plin.
1529 710 1566 734 11,
1579 708 1594 731 8
1613 709 1678 730 extr.
1783 704 1891 730 Mittere
1909 705 1938 730 in
1955 704 2150 739 expeditionem

1118 737 1190 764 Caes.
1204 737 1231 763 B.
1245 738 1276 763 G.
1294 747 1323 770 5,
1342 746 1378 763 10.

1153 779 1169 798 E
1181 777 1514 804 xrizni'rmNALis,
1533 781 1556 798 e.
1592 772 1652 799 Adi.
1694 771 1793 807 Cesti-en
1806 783 1835 800 is.

1118 808 1195 842 Nigr.
1209 816 1276 833 c.10.
1313 814 1336 834 et
1348 807 1477 833 Ammiau.
1492 807 1608 834 Marcell.
1626 817 1659 840 31,
1675 811 1710 834 16.

1154 850 1170 869 E
1180 849 1197 868 X
1205 850 1220 869 P
1229 849 1245 868 E
1254 850 1269 868 L
1279 850 1295 869 L
1305 849 1325 869 Ο
1336 863 1344 875 ,
1366 842 1402 868 iili
1410 862 1417 873 ,
1439 842 1523 868 uisum
1532 863 1540 875 ,
1559 847 1610 869 Cre.
1664 844 1766 877 [ἔξωθὲω
1774 863 1782 875 ,
1799 843 1896 878 sunguine,
1915 844 2029 876 ἐξελαύνω
2039 847 2052 879 ]

1117 880 1227 910 Efficere,
1245 881 1273 904 vi
1285 879 1422 904 exturbare.
1496 878 1550 904 Cic.
1566 880 1654 909 Ama,
1669 887 1683 905 2
1714 879 1778 905 Nou
1792 879 1889 913 expulsi
1905 880 1947 906 sed
1963 881 2065 907 euocati
2079 890 2092 907 e
2109 890 2153 916 pa.

1118 915 1176 940 tria.
1245 913 1283 940 Id.
1298 913 1329 939 de
1343 914 1372 939 L.
1387 915 1447 947 Agr.
1456 919 1488 946 84
1506 923 1527 939 c.
1541 922 1564 945 31
1574 921 1617 949 pr.
1645 914 1685 939 Sic
1693 914 1764 939 enim
1773 913 1842 945 dico,
1860 914 1877 940 fi
1885 916 2029 949 Campanus
2039 925 2099 950 agei·
2111 917 2150 943 di-

1118 949 1241 981 vidatur,
1258 949 1407 979 exturbari,
1424 954 1449 974 et
1461 949 1556 983 expelli
1568 949 1672 983 plebem
1683 957 1715 974 ex
1729 949 1812 982 agris,
1831 958 1884 975 non
1897 950 2020 976 constitui
2033 958 2058 977 et
2069 952 2152 978 collo-

1120 985 1182 1010 cari.
1253 984 1387 1019 Expellere
1407 990 1432 1010 et
1452 985 1548 1010 eiicere
1567 984 1682 1018 aliquem
1700 992 1731 1009 ex
1750 983 1859 1017 praedio
1889 985 1927 1011 Id.
1941 994 1988 1019 pro
2002 987 2093 1020 Qiint.
2112 995 2152 1017 28·

1118 1019 1217 1046 Omnia
1229 1028 1259 1045 ex
1272 1020 1362 1047 animo
1377 1020 1467 1054 expuli
1491 1020 1548 1045 Sen.
1563 1019 1633 1046 Med.
1647 1019 1698 1052 s.7.
1770 1019 1826 1044 Cic.
1840 1027 1887 1052 pro
1899 1021 1993 1046 Milon.
2008 1030 2052 1047 102
2080 1023 2152 1048 Haec

1119 1061 1190 1082 tanta
1204 1056 1288 1082 virtus
1301 1064 1332 1082 ex
1345 1055 1391 1081 hac
1404 1055 1468 1081 vrbe
1481 1054 1639 1088 expelletur,
1659 1053 1893 1085 exterminabitur,
1910 1055 2048 1082 ejicietur?
2113 1058 2152 1084 Id.

1118 1099 1168 1125 pro
1182 1090 1250 1117 Sext.
1261 1100 1293 1123 30
1312 1100 1333 1116 c.
1347 1099 1370 1122 ¹3
1407 1090 1598 1116 Exterminabit
1616 1089 1687 1115 ciues
1706 1089 1783 1114 Rom.
1802 1087 1890 1114 edicio
1909 1090 1996 1115 consul
2010 1100 2024 1117 a
2039 1091 2090 1117 suis
2105 1093 2153 1118 Dls

1653 1125 1692 1150 De
1706 1124 1789 1150 fundo
1806 1124 1924 1157 expuissis
1943 1126 2002 1151 esi'et
2035 1126 2091 1151 Cic.
2105 1137 2153 1161 pro

1119 1162 1212 1194 Qiint.
1227 1167 1254 1194 83
1275 1171 1296 1187 c.
1310 1164 1353 1188 26.
1409 1162 1439 1187 Et
1452 1167 1479 1193 33
1500 1169 1522 1187 e.
1535 1168 1566 1195 27
1604 1160 1750 1185 Dominum
1768 1160 1901 1193 expulsum
1921 1161 1968 1186 esse
1988 1160 2019 1187 de
2038 1163 2155 1195 praedio.

1119 1195 1222 1223 Pondus
1234 1197 1304 1223 vteri
1316 1197 1427 1231 seipsum
1439 1197 1466 1222 in
1480 1205 1554 1223 auras
1568 1196 1670 1229 expulit
1696 1194 1777 1221 Ouid.
1791 1196 1855 1221 Met.
1868 1204 1894 1227 9,
1911 1203 1972 1229 704.
2041 1196 2107 1224 Plin.
2121 1206 2155 1230 11,

1119 1241 1142 1259 11
1167 1233 1235 1266 Apes
1248 1233 1322 1258 fucos
1337 1232 1437 1266 primos
1452 1233 1480 1258 in
1492 1240 1571 1266 opera
1584 1230 1726 1265 expellunt.
1798 1231 1901 1256 Lucret.
1910 1239 1932 1263 3,
1945 1239 1990 1264 359
2018 1232 2156 1267 Multaque

1119 1275 1251 1302 praeterea
1264 1267 1349 1302 perdit
1365 1276 1447 1302 quum
1465 1267 1607 1301 expellitur
1624 1275 1698 1293 aeuo.
1740 1265 1764 1292 h.
1778 1275 1798 1292 e.
1829 1267 1908 1301 Quam
1928 1266 2068 1293 excluditur
2086 1271 2156 1299 vita,

1387 1303 1443 1329 Cic.
1459 1312 1506 1337 pro
1520 1302 1614 1328 Milon.
1629 1310 1654 1334 51
1680 1301 1781 1327 Deinde
1794 1300 1840 1327 vbi
1851 1301 1928 1327 multi
1940 1301 1973 1328 ab
1987 1302 2037 1328 illo
2051 1303 2156 1336 violati,

1120 1339 1242 1373 spoliati,
1266 1339 1342 1366 bonis
1355 1338 1452 1373 expulsi
1463 1358 1469 1368 ,
1492 1338 1572 1363 multi
1585 1338 1663 1363 etiam
1678 1337 1740 1363 haec
1753 1337 1873 1362 timentes
1887 1337 1914 1362 in
1930 1338 2102 1371 suspicionem
2117 1348 2154 1365 ca-

1122 1375 1222 1402 derent.
1290 1375 1328 1401 Id.
1343 1376 1418 1401 Verr.
1427 1383 1453 1407 2,
1467 1376 1500 1400 62
1514 1383 1534 1399 c.
1548 1380 1578 1406 25
1607 1373 1710 1407 Expulsi
1729 1372 1805 1398 bonis
1817 1372 1940 1398 omnibus
1954 1374 2065 1400 Romam
2079 1383 2156 1401 vene-

1119 1416 1191 1437 runt.
1259 1409 1298 1436 Id.
1313 1419 1362 1444 pro
1374 1411 1448 1436 Rosc.
1464 1410 1551 1435 Amer.
1566 1416 1608 1442 27.
1703 1408 1820 1434 Ciuitate
1831 1407 1947 1442 aliquem
1972 1409 2073 1435 Id.Att.
2083 1418 2120 1441 10,
2127 1419 2155 1443 4.

1119 1447 1208 1472 Domo
1220 1446 1364 1480 expellere,
1384 1453 1408 1471 ct
1424 1446 1541 1472 Domum
1554 1443 1731 1477 compellere,
1749 1446 1877 1469 contraria
1908 1445 1963 1470 Cic.
1978 1444 2006 1470 111
2020 1445 2104 1471 Pison.
2120 1447 2156 1471 16.

1121 1481 1230 1508 Finibus
1257 1482 1329 1508 Caes.
1343 1482 1371 1508 B.
1385 1482 1416 1506 G.
1429 1492 1458 1513 4,
1472 1489 1493 1512 3.
1565 1479 1673 1505 Finibus
1687 1479 1778 1513 patriis
1785 1478 1919 1512 expulsum
1934 1479 1982 1505 effe
2008 1480 2081 1514 Virg.
2090 1481 2156 1507 Aen.

1121 1526 1149 1549 1,
1171 1519 1227 1544 620.
1298 1517 1354 1543 Cic.
1372 1525 1420 1550 pro
1435 1515 1537 1541 (luent.
1558 1520 1597 1544 188
1633 1515 1714 1540 Mitto
1734 1514 1809 1540 illam
1827 1515 1938 1548 primam
1952 1514 2072 1541 libidinis
2087 1516 2156 1542 iniu-

1122 1552 1204 1582 riam,
1224 1551 1303 1579 mitto
1316 1552 1460 1586 cupiditate
1476 1551 1566 1577 matris
1579 1549 1710 1584 expulsam
1728 1558 1759 1575 ex
1781 1550 1954 1576 matrimonio
1974 1550 2064 1576 tiliam.
2136 1552 2156 1577 E

1120 1587 1282 1622 patrimonio
1309 1587 1347 1613 Id.
1362 1596 1410 1622 pro
1424 1587 1499 1612 Rosc.
1513 1587 1571 1612 Ain.
1586 1596 1607 1611 c.
1615 1593 1655 1617 50.
1726 1585 1798 1611 Caes.
1812 1585 1839 1611 B.
1855 1585 1884 1610 C.
1892 1593 1915 1616 3,
1928 1593 1971 1616 ¹03
1996 1587 2082 1618 Qiam
2097 1595 2158 1619 pau-

1120 1624 1156 1650 cis
1167 1629 1227 1649 ante
1240 1622 1370 1649 mensibus
1384 1631 1429 1657 pei*
1449 1623 1506 1647 suos
1526 1621 1688 1655 propinquos
1709 1625 1788 1654 atque
1808 1618 1906 1645 amicos
1917 1628 2000 1653 regno
2014 1620 2158 1654 expulerat.

1893 773 1957 810 Vfias
1977 775 2105 809 Spartian.
2122 776 2151 802 in

2102 846 2151 872 Res

629 1662 646 1689 7
670 1655 740 1681 Nam
757 1654 775 1680 fi
794 1662 808 1680 a
827 1653 945 1681 Phaedro
964 1655 1053 1681 nostro
1062 1667 1098 1692 40
1120 1656 1141 1696 Δ]
1158 1667 1175 1685 2
1208 1658 1370 1694 Accusatiui:
1406 1657 1487 1684 Ouid.
1501 1658 1565 1682 Met.
1580 1657 1613 1686 6,
1632 1657 1676 1683 618

1275 1694 1327 1719 Aut
1347 1693 1478 1726 linguam,
1498 1698 1542 1716 aut
1559 1690 1665 1720 oculos,
1684 1694 1711 1715 et
1730 1697 1798 1722 quae
1817 1687 1868 1714 tibi
1889 1687 2007 1714 membra
2028 1688 2158 1722 pudorem

1275 1727 1456 1758 Abstulerant,
1477 1726 1549 1751 ferro
1573 1725 1691 1757 rapiam,
1712 1729 1756 1749 aut
1775 1731 1822 1757 per
1841 1722 1951 1750 vulnera
1969 1723 2044 1750 1111110

1275 1762 1381 1787 Sontem
1403 1762 1526 1786 Animam
1545 1759 1681 1791 expellam.

1118 1794 1200 1820 Plaut.
1214 1795 1332 1827 Truc.2,
1345 1804 1370 1826 2,
1384 1804 1409 1826 33
1437 1797 1491 1820 Iam
1505 1802 1553 1828 ego
1566 1793 1628 1819 istos
1646 1792 1722 1819 fletos
1737 1792 1909 1827 compositos,
1935 1793 2034 1828 crispos
2052 1795 2158 1822 Cincin-

1943 1830 2025 1856 Curas
2051 1832 2158 1864 pet-iore

1119 1863 1216 1889 Lucan.
1230 1872 1252 1895 3,
1267 1873 1305 1896 52.
1412 1864 1543 1891 Desidiam
1557 1873 1587 1890 ex
1602 1863 1681 1890 corde
1706 1864 1787 1890 Plaut.
1802 1864 1884 1890 Trin.
1897 1872 1920 1895 3,
1934 1872 1958 1895 2,
1971 1873 2012 1898 24.
2084 1866 2157 1892 Caes.

1119 1899 1147 1924 B.
1164 1899 1195 1924 G.
1209 1907 1231 1931 5,
1246 1902 1278 1930 46
1298 1901 1374 1933 Qiae
1387 1908 1429 1926 res
1441 1909 1547 1926 omnem
1562 1899 1754 1925 dubitationem
1766 1898 1893 1925 aduentus
1905 1900 2158 1935 legionumexpulit.

1119 1934 1245 1960 Laetitias
1261 1943 1293 1960 ex
1304 1935 1379 1961 omni
1392 1934 1498 1969 pec'iore
1522 1935 1606 1961 Catul.
1615 1943 1660 1968 74,
1676 1942 1711 1960 22.
1785 1935 1855 1960 Caes.
1872 1935 1900 1960 B.
1913 1936 1972 1975 C-J,
1986 1944 2018 1967 34
2039 1936 2080 1962 Ne
2088 1945 2158 1963 noua

1119 1969 1237 1995 Caesaris
1269 1968 1356 1996 officia
1380 1976 1500 1996 veterum
1529 1971 1636 1995 suorum
1662 1968 1853 1995 beneficiorum
1877 1970 1905 1995 in
1924 1978 1968 1996 eos
1995 1971 2158 1999 Memoriam

1384 2005 1500 2031 Mentem
1514 2005 1632 2039 priorem
1646 2004 1748 2038 expulit
1768 2005 1864 2031 Lucan.
1874 2013 1896 2037 5,
1906 2008 1960 2039 167.
2030 2007 2159 2035 Morbum

1119 2039 1257 2066 helleboro
1287 2040 1354 2066 Hor.
1368 2040 1446 2074 Epist.
1460 2049 1486 2073 2,
1499 2049 1525 2073 2,
1543 2048 1594 2074 137.
1685 2041 1815 2066 Naturam
1833 2038 1907 2067 furca
1937 2040 1975 2067 Id.
1989 2040 2055 2067 ibid.
2071 2051 2096 2073 1,
2120 2052 2158 2069 10.

1119 2075 1244 2109 Quietem
1272 2075 1316 2102 Sil.
1331 2083 1372 2108 15,
1408 2095 1414 2102 .
1453 2095 1460 2101 .
1555 2075 1689 2102 Sententia
1702 2075 1781 2102 tertia
1794 2075 1899 2110 expulsa
1925 2076 1991 2102 Plin.
2006 2077 2083 2111 Epist.
2091 2083 2114 2110 8,
2129 2087 2159 2112 14

1119 2118 1184 2137 extr.
1255 2111 1365 2137 Somnos
1389 2110 1602 2146 Oiiid.Epist.14.
1615 2119 1658 2145 72.
1725 2111 1828 2139 TutIim
1840 2112 1947 2146 pectore
1970 2112 2056 2139 Catul.
2066 2122 2111 2145 42,
2131 2122 2159 2147 7.

1119 2146 1192 2172 Vitia
1206 2155 1236 2172 ex
1249 2147 1339 2173 animo
1354 2146 1432 2173 dietis
1462 2147 1566 2173 Lucret.
1580 2155 1608 2180 5,
1622 2156 1657 2180 51.
1732 2147 1830 2174 Lucan.
1843 2156 1869 2179 2,
1883 2155 1933 2182 574
1966 2148 2045 2174 Fama
2059 2149 2159 2175 furoris

344 2181 399 2208 Cic·
412 2182 483 2207 F³¹¹¹=
496 2189 516 2212 Ι,
532 2188 544 2212 3
566 2179 636 2205 AUlO
649 2178 811 2211 TfssbOfliO,
829 2178 876 2213 qui
891 2178 919 2204 5¹¹
932 2186 976 2205 tua
991 2188 1050 2213 P1'0-
1070 2187 1098 2214 55
1118 2182 1226 2216 Expulit
1244 2188 1370 2209 armatam
1385 2182 1475 2218 patriis
1487 2191 1502 2209 e
1516 2183 1618 2209 sedibus
1632 2182 1739 2214 vrbem,
1759 2185 1777 2208 i.
1792 2186 1865 2209 ciues.

1156 2225 1173 2244 Ε
1184 2224 1201 2243 x
1211 2225 1226 2243 P
1235 2225 1256 2244 v
1265 2226 1280 2245 L
1290 2226 1302 2245 s
1310 2225 1330 2244 V
1340 2225 1353 2245 S
1362 2239 1369 2250 ‚
1388 2228 1402 2245 a
1410 2239 1417 2250 ,
1436 2228 1490 2246 um.
1533 2219 1626 2245 Partic.
1672 2218 1684 2251 [
1698 2219 1836 2251 ἕξωθημέιος
1849 2219 1861 2251 ]
1920 2218 1978 2244 Cic.
1993 2227 2041 2252 pro
2054 2219 2158 2247 Cluent.

1118 2263 1148 2288 14
1161 2261 1203 2286 c.5
1228 2254 1338 2281 Leemm
1351 2255 1430 2281 illum
1449 2254 1589 2289 genialem,
1601 2263 1680 2289 quem
1697 2253 1806 2280 biennio
1819 2260 1878 2280 ante
1891 2252 1961 2279 filiae
1974 2254 2035 2280 suae
2049 2255 2160 2282 nubenti

1118 2290 1260 2322 strauerat,
1285 2290 1315 2316 in
1332 2290 1422 2317 eadem
1442 2291 1523 2317 domo
1541 2290 1590 2316 sibi
1604 2289 1695 2316 ornari
1707 2295 1733 2316 et
1746 2289 1836 2321 sterni,
1862 2289 1967 2322 expulsa
1980 2297 2057 2324 atque
2072 2297 2160 2318 extur-

1118 2325 1178 2353 bata
1190 2326 1246 2352 filia
1260 2325 1343 2352 iubet.
1414 2326 1452 2352 Id.
1464 2327 1541 2353 Verr.
1557 2333 1569 2357 5
1582 2334 1602 2351 c.
1613 2332 1639 2358 35
1669 2325 1778 2351 Classem
1796 2339 1842 2344 ——
1863 2324 1892 2351 in
1907 2324 1968 2350 litus
1982 2327 2112 2359 expulsam
2134 2332 2161 2353 et

1311 2363 1354 2388 Ira
1384 2361 1477 2388 Claud.
1496 2361 1528 2387 de
1542 2361 1619 2387 Cons.
1634 2361 1697 2386 Mal.
1711 2359 1818 2387 Theod.
1833 2368 1887 2386 221.
1957 2360 2037 2386 Oculi
2057 2362 2160 2388 sedibus

1119 2399 1217 2425 Lucan.
1232 2406 1254 2430 3,
1266 2405 1319 2432 7¹²·
1389 2397 1476 2423 Pudor
1503 2397 1560 2422 Sen.
1574 2395 1644 2423 Med.
1658 2397 1676 2422 s.
1686 2404 1721 2422 12..
1794 2395 1920 2422 Potestate
1934 2396 2032 2429 expulsi
2060 2398 2129 2431 Nep.
2140 2406 2160 2430 1,

1119 2442 1142 2466 3,
1158 2441 1178 2466 5.
1251 2433 1335 2466 Ques
1370 2432 1451 2459 Ouid.
1465 2433 1530 2459 Met.
1543 2437 1572 2464 8,
1586 2437 1641 2461 828.
1713 2431 1788 2466 Seges
1801 2430 1834 2457 ab
1846 2430 1980 2457 radicibus
1993 2431 2053 2456 imis
2085 2433 2158 2466 Virg.

1120 2470 1216 2503 Georg.
1232 2477 1251 2501 1,
1266 2477 1322 2500 320.
1393 2468 1490 2494 Lucan.
1505 2475 1527 2500 5,
1541 2475 1590 2502 270
1622 2467 1747 2500 Cepimus
1760 2466 1868 2499 expulso
1882 2467 1981 2499 patriae
1995 2475 2076 2499 quum
2091 2467 2160 2493 tee'ta

1120 2505 1222 2530 Senatu.
1294 2503 1331 2530 Id.
1347 2511 1369 2534 2,
1383 2511 1433 2538 242
1456 2503 1587 2530 Omnibus
1601 2502 1723 2536 expulsae
1735 2503 1828 2532 tei-ris,
1848 2501 1968 2534 olimque
1976 2500 2079 2535 fugatae
2098 2503 2159 2528 Vir-

318 2536 506 2563 Remuneratio
517 2536 667 2571 expeditior
679 2543 704 2563 et
715 2537 828 2564 celerior
841 2538 896 2564 Cic.
911 2537 963 2564 Off.
976 2546 999 2569 2,
1013 2540 1054 2569 68.
1071 2541 1101 2573 65
1119 2540 1183 2567 tutis
1197 2540 1249 2566 iam
1263 2539 1315 2565 sola
1329 2537 1401 2564 fides.

1155 2581 1366 2601 EXPVL81M.
1402 2572 1470 2598 Adu.

1119 2610 1247 2644 quoniam
1261 2608 1366 2635 videbis
1387 2608 1487 2634 Romae
1507 2607 1536 2632 in
1550 2607 1611 2633 foro
1627 2614 1721 2640 pueros
1733 2606 1786 2640 pila
1804 2604 1930 2640 expulfim
1944 2605 2044 2633 ludere.

1119 2651 1134 2670 P
1145 2652 1154 2670 1
1164 2650 1179 2669 L
1189 2651 1221 2670 A.
1350 2643 1352 2648 '

1155 2682 1332 2704 exPVLso
1349 2696 1357 2709 ‚
1382 2679 1434 2703 are.

1509 2574 1594 2598 Varro
1607 2570 1674 2606 apud
1686 2570 1808 2597 Nonium
1821 2578 1847 2601 z,
1868 2575 1907 2599 281
1933 2570 2073 2604 Purgatum
2086 2572 2160 2635 siit}

2123 2618 2132 2634 1
2153 2627 2160 2634 .

1920 2675 2043 2711 Expufflm
2069 2669 2159 2706 ludere.

1492 2677 1632 2711 Frequent.
1689 2677 1700 2707 [
1713 2676 1833 2708 ἐξωθέμοιι
1846 2675 1859 2708 ]

20 2718 48 2740 et
65 2721 80 2738 a
99 2719 191 2739 natura
208 2712 241 2739 ad
258 2712 398 2739 dicendum
416 2712 476 2738 satis
495 2712 593 2738 solutus
612 2718 689 2747 atque
709 2712 845 2746 expeditus
865 2712 921 2737 Cic.
936 2711 969 2737 de
982 2712 1052 2738 Clar.
1068 2718 1104 2745 70
1121 2713 1235 2739 Μαι-11111,
1250 2721 1294 2745 14,
1307 2714 1343 2745 46
1374 2712 1401 2738 Si
1413 2720 1455 2738 me
1468 2712 1605 2739 nobilibus
1620 2712 1668 2738 scis
1684 2710 1819 2745 expulsare
1830 2709 1953 2743 sinistris,
1984 2712 2045 2738 Sum
2059 2718 2115 2739 tua:
2141 2713 2160 2739 fi

1120 2748 1203 2775 nescis
1216 2747 1326 2779 rustice,
1350 2746 1430 2774 redde
1440 2747 1531 2781 pilam.

1154 2784 1430 2814 EXPVLSATVS,
1449 2791 1478 2813 a,
1497 2791 1551 2808 um.
1589 2781 1681 2808 Partie.

1120 2819 1198 2845 duces
1211 2817 1358 2852 expulsata,
1377 2820 1395 2843 i.
1412 2823 1561 2853 expugnata.

1158 2860 1174 2880 E
1185 2861 1225 2880 xp
1236 2859 1256 2878 v
1266 2861 1282 2879 L
1292 2859 1351 2880 s10
1361 2872 1369 2884 ‚
1390 2853 1457 2879 onis.
1478 2852 1497 2879 f.
1535 2849 1678 2886 [ἐξώθησις]
1715 2851 1771 2877 Cic.
1784 2851 1837 2878 Off.
1851 2860 1881 2883 2,
1894 2854 1923 2877 16
1944 2854 1991 2878 c.6
2024 2853 2110 2888 Atque
2124 2853 2161 2880 ob

1525 2887 1530 2892 ”
1938 2888 2106 2922 Expulsiones
2122 2890 2162 2916 vi-

1735 2780 1867 2807 Ammian.
1880 2788 1922 2813 23,
1936 2782 1954 2808 6
1984 2781 2103 2809 Seleucia
2114 2792 2160 2818 per

1121 2926 1245 2952 cinorum
1270 2923 1309 2950 Id.
1323 2924 1352 2950 111
1365 2924 1454 2950 Parad.
1468 2925 1494 2949 6.

1156 2967 1174 2987 E
1185 2967 1202 2986 x
1211 2967 1225 2986 P
1235 2967 1255 2986 V
1263 2968 1278 2987 L
1288 2966 1300 2985 s
1310 2965 1329 2985 0
1340 2965 1358 2985 R
1371 2979 1379 2991 ,
1398 2959 1460 2985 bris.
1482 2967 1517 2985 m.
1552 2956 1704 2992 [ἔξωθητῆρ]
1741 2958 1793 2992 ,Qii
1804 2957 1911 2992 expellit.
1949 2959 2060 2993 Cic.pr0
2068 2959 2162 2992 Quint.

1121 3005 1153 3028 30
1168 3002 1210 3025 c.8
1220 3002 1262 3031 pr.
1289 2995 1418 3029 Expulsor
1431 2994 1511 3029 patris
1525 2993 1567 3020 sui
1579 2993 1680 3027 Iupiter
1709 2993 1782 3019 Lati.
1791 3000 1813 3026 5,
1827 3002 1864 3019 10.
1936 2993 2061 3026 Tyranni
2074 2995 2162 3029 expul-

1123 3032 1165 3058 sor
1192 3031 1261 3065 Nep.
1276 3039 1314 3062 10,
1328 3039 1365 3061 10,
1380 3039 1401 3055 2.

1156 3073 1172 3093 E
1182 3073 1223 3093 xr
1232 3073 1253 3092 v
1262 3073 1278 3092 L
1291 3072 1313 3091 T
1324 3072 1342 3091 R
1351 3073 1361 3092 1
1370 3072 1404 3097 x,
1421 3064 1477 3091 icis.
1500 3064 1521 3090 f.
1564 3064 1577 3097 [
1585 3062 1730 3099 ἕξωθήτμκ]
1776 3063 1913 3090 Vitiorum
1927 3063 2059 3097 expultrix
2072 3063 2160 3090 Philo-

1121 3101 1214 3136 sophia
1231 3101 1286 3128 Cic.
1295 3101 1379 3127 Tusc.
1389 3108 1411 3133 5,
1421 3110 1432 3131 5
1447 3110 1468 3126 c.
1477 3108 1502 3126 2.
1538 3107 1609 3135 quam
1619 3096 1817 3125 {cffionemreffe
1831 3104 1912 3124 tuetur
1920 3097 2035 3131 Dautfiur
2047 3108 2076 3124 ex
2084 3099 2162 3133 Apul.

1121 3137 1154 3164 de
1167 3137 1268 3163 Mundo
1282 3145 1331 3162 c.1.
1366 3135 1519 3167 La&aiit.3‚
1534 3143 1575 3167 13,
1594 3141 1617 3161 ct
1628 3134 1772 3163 Priscian-8
1786 3139 1879 3168 p.784.
1896 3136 1939 3168 qui
1946 3134 2071 3160 Ciceronis
2082 3136 2162 3161 locum

1120 3172 1239 3199 videntur
1252 3180 1309 3198 ante
1327 3173 1407 3198 oculos
1425 3169 1539 3204 habuzſji’.

1160 3215 1176 3234 E
1186 3215 1205 3234 X
1214 3215 1252 3234 PE
1261 3215 1282 3233 N
1292 3213 1310 3233 D
1321 3212 1340 3232 O
1350 3227 1359 3239 ‚
1379 3206 1423 3240 di,
1440 3206 1497 3232 sum
1505 3225 1513 3239 ‚
1533 3208 1587 3232 'ere-
1629 3204 1727 3237 [ἐκτίνω
1735 3223 1743 3236 ,
1762 3202 1865 3237 ἐξετάξω
1873 3223 1881 3236 ,
1900 3203 2050 3239 λογίζομαι]
2098 3205 2151 3231 Pon

1769 3239 1849 3265 Plaut.
1865 3239 1934 3265 Asin.
1949 3248 1969 3270 2,
1985 3248 2006 3271 ς,
2021 3248 2053 3272 34
2087 3241 2162 3273 Qiot

1125 3279 1214 3313 pondo
1228 3284 1253 3305 te
1266 3279 1351 3304 censes
1364 3278 1412 3305 effe
1424 3277 1542 3304 nudum?
1578 3282 1603 3301 L.
1627 3284 1681 3301 non
1703 3273 1794 3308 edepol
1808 3274 1870 3300 scio.
1896 3281 1911 3300 L
1921 3281 1946 3300 E.
1963 3275 2059 3300 scibam
2073 3283 2123 3308 ego
2136 3281 2164 3301 te

1124 3315 1234 3341 nescire.
1253 3320 1278 3340 at
1290 3313 1335 3348 pol
1349 3322 1398 3348 ego
1412 3313 1459 3348 qui
1474 3319 1499 3339 te
1511 3310 1624 3345 expendi
1636 3310 1699 3336 scio.
1736 3309 1831 3337 Nudus
1845 3309 1947 3336 vinc-ius
1961 3316 2063 3336 centum
2073 3310 2162 3343 pondo

1125 3359 1160 3376 es.
1211 3349 1294 3376 Ludus
1305 3352 1333 3375 in
1339 3349 1438 3385 seruum
1446 3368 1454 3381 ,
1474 3347 1538 3383 quod
1545 3355 1623 3382 genus
1629 3345 1763 3381 pendentes
1776 3345 1934 3380 vapulabant.
2004 3345 2086 3371 Plaut.
2095 3346 2163 3372 Rud.

1124 3395 1152 3419 4,
1166 3394 1193 3419 4,
1207 3394 1239 3418 43
1268 3385 1341 3418 Qud
1355 3385 1412 3411 istic
1431 3384 1490 3410 tua?
1519 3390 1613 3409 aurum
1626 3390 1690 3408 auro
1704 3381 1881 3414 expendetur,
1903 3385 2039 3413 argentum
2053 3387 2164 3415 argento

1407 3420 1480 3445 Auro
1492 3418 1609 3453 aliquem
1640 3417 1721 3443 Plaut.
1736 3417 1818 3442 Merc.
1833 3423 1855 3447 2,
1870 3425 1897 3448 4,
1911 3423 1947 3446 19.
2102 3413 2122 3452 q
2149 3425 2163 3443 2

1125 3459 1194 3484 Hinc
1212 3454 1339 3489 aestimare
1352 3454 1498 3491 fignificat,
1518 3452 1682 3486 considerare,
1703 3453 1848 3478 examinare.
1925 3449 1981 3476 Cic.
1996 3451 2071 3478 Verr.
2085 3459 2114 3484 5,
2136 3460 2163 3484 23

1125 3502 1146 3519 c.
1156 3501 1172 3525 9
1192 3493 1263 3518 Nam
1274 3500 1342 3526 quae
1356 3491 1402 3517 iste
1417 3491 1445 3516 111
1459 3489 1602 3524 Apollonio
1610 3488 1687 3519 fecit,
1706 3495 1735 3512 ea
1744 3486 1859 3525 primum
1872 3484 1991 3512 breuiter
2004 3487 2164 3521 cognoscite,

1127 3533 1192 3562 quot
1207 3533 1232 3553 et
1252 3533 1348 3562 quanta
1366 3525 1429 3558 sint,
1458 3524 1552 3551 deinde
1571 3524 1620 3550 hoc
1640 3521 1778 3556 expendite
1797 3526 1875 3555 atque
1893 3521 2026 3548 aestimate
2043 3522 2162 3556 pecunia.

1127 3563 1166 3590 Id.
1179 3562 1230 3589 Off.
1240 3571 1259 3593 1,
1276 3571 1313 3594 113
1327 3569 1381 3593 c.31
1409 3562 1484 3594 Quae
1498 3559 1702 3593 contemplantes
1716 3555 1861 3590 expendere
1869 3556 2003 3590 oportebit
2017 3558 2080 3592 quid
2093 3558 2165 3593 quis-

1366 3596 1403 3623 Id.
1418 3597 1447 3622 in
1459 3597 1533 3622 Orat.
1548 3603 1584 3628 47
1615 3594 1671 3620 Nec
1685 3601 1749 3618 vero
1763 3597 1852 3618 vtetur
1865 3591 2045 3626 imprudenter
2058 3593 2105 3620 hac
2120 3603 2165 3620 co-

1129 3641 1189 3667 pia,
1209 3632 1252 3659 sed
1264 3633 1355 3659 omnia
1368 3631 1496 3666 expendet
1510 3637 1536 3657 et
1550 3630 1648 3663 religet.
1740 3626 1779 3653 ld.
1792 3635 1841 3661 pro
1855 3626 1946 3653 Rabir.
1961 3628 2065 3662 Post.43
2092 3630 2165 3655 Haec

1129 3668 1198 3694 inira
1212 3669 1266 3694 laus
1282 3668 1333 3700 est,
1358 3677 1425 3702 quae
1443 3676 1496 3693 non
1512 3668 1649 3692 Poetarum
1662 3661 1839 3695 carminibus,
1865 3671 1920 3689 non
1931 3663 2065 3690 annalium
2080 3664 2166 3691 moni-

1130 3703 1225 3730 mentis
1239 3703 1399 3734 celebratur,
1424 3703 1466 3729 sed
1484 3702 1641 3737 prudentum
1654 3697 1756 3723 iudicio
1769 3698 1935 3732 expenditur.
2005 3700 2166 3734 Argumenta

1130 3739 1263 3765 causarum
1290 3738 1328 3764 Id.
1340 3738 1373 3764 de
1385 3739 1459 3765 Orat.
1470 3746 1482 3763 2
1500 3737 1563 3769 c.76
1577 3740 1641 3759 extr.
1730 3733 1794 3760 Arte
1811 3733 1901 3768 aliqua
1920 3733 2047 3768 quaedam
2079 3734 2116 3761 Id.
2131 3734 2164 3760 de

1439 3772 1517 3799 Casus
1537 3770 1610 3803 Virg.
1620 3769 1728 3800 Aen.12‚
1736 3777 1770 3795 21.
1841 3770 1951 3796 Causam
1960 3770 2062 3796 meritis
2081 3768 2163 3795 Ouid.

1129 3810 1193 3836 Met.
1203 3818 1237 3840 13,
1252 3817 1304 3841 150.
1409 3807 1524 3834 Pretium
1537 3805 1646 3839 dignum
1675 3804 1719 3830 Sil.
1735 3812 1762 3838 7,
1774 3811 1825 3839 7¹3-
1897 3804 2006 3831 Testem
2025 3805 2167 3838 diligenter

1129 3845 1185 3871 Cic.
1199 3852 1247 3878 pro
1260 3844 1342 3870 Flacc.
1358 3853 1380 3870 c.
1389 3851 1410 3876 3.
1480 3842 1560 3867 Viros
1573 3839 1686 3874 Γρεὲὶῡτε
1698 3844 1776 3873 atque
1787 3838 1934 3874 expendere
1946 3839 2017 3866 bello
2035 3838 2079 3865 Sil.
2088 3848 2110 3870 3,
2130 3859 2137 3864 .
2156 3857 2165 3864 .

1130 3880 1185 3906 Cic.
1199 3879 1255 3914 post
1268 3879 1321 3905 red.
1335 3879 1363 3905 in
1377 3879 1460 3905 Senat.
1475 3885 1505 3909 14
1545 3875 1629 3902 Iidem
1645 3874 1794 3909 expendunt
1806 3881 1885 3910 atque
1898 3875 2032 3901 aestimant
2045 3874 2165 3906 volupta-

1130 3921 1181 3942 tes:
1217 3914 1424 3947 sententiamque
1436 3912 1528 3938 dicunt
1545 3917 1571 3938 et
1584 3910 1718 3943 iudicant,
1742 3917 1869 3945 quantum
1887 3910 1982 3942 cuique
1996 3908 2104 3934 libidini
2118 3907 2165 3934 tri-

1634 3943 1655 3982 ff
1677 3954 1689 3978 3
1723 3946 1783 3972 Cum
1796 3946 1824 3972 de
1835 3944 2007 3980 poenissermo
2022 3943 2071 3976 est,
2089 3946 2164 3979 poni-

2120 3984 2163 4004 tur

1281 3984 1373 4011 Ttt
1408 3991 1424 4009 2
