2479 4225
13 176 96 264 'sm
438 202 471 240 r
556 205 591 241 O
670 185 702 241 R

49 301 84 322 ,1.-
93 299 112 321 o
121 299 140 319 11
151 298 162 318 1
173 297 194 318 ο
203 310 211 322 ,
230 293 278 317 ire.
327 290 429 317 Verbum
449 290 514 326 quod
526 290 678 317 Scholiastes
692 288 825 317 quenalis
838 288 888 315 Sat.
898 295 918 320 3,
932 292 959 319 38
991 290 1067 314 imer-

29 335 143 368 pretatur
161 328 287 353 Ventrem
306 325 458 353 deonerare.
873 357 879 362 ⁴
945 357 949 362 ¹

70 371 85 392 1·-
95 369 211 390 0R101.
225 368 281 394 VS,
303 361 321 387 i.
349 371 383 388 m.
421 362 476 395 Qui
491 361 562 387 foria
575 361 651 388 facile
666 360 778 392 emittit,
802 359 880 386 solun
895 357 993 384 scillcet
1006 366 1068 384 ven-

0 407 6 429 1·
35 399 97 432 11155
113 429 115 431 ,
129 394 226 424 ausim-c
241 397 334 423 Nonio
349 406 370 429 2,
382 406 425 430 352
451 397 578 424 Laberius
591 397 620 424 in
635 396 770 426 Panilieis,
793 393 916 420 Foriolus
931 394 979 419 effe
994 393 1066 420 vide-

35 436 87 468 ris,
105 434 132 460 in
144 432 230 459 coleos
245 441 322 458 cacas.

72 475 140 498 1201<
151 466 162 494 1⁴
173 473 189 493 C
200 475 220 494 Α
229 487 235 498 ,
256 477 293 493 ae.
311 468 329 494 f.
367 466 503 502 [elmodan-2¹
518 471 565 502 ιον]

0 507 7 535 u'
36 509 117 534 cimus.
186 504 278 529 quen.
292 504 341 529 Sat.
355 512 383 536 3,
404 510 431 536 38
462 505 491 530 In
511 513 525 530 e
539 503 635 530 reuersi
661 500 816 529 Conducunt
831 500 934 526 t'oricas.

0 550 2 555 ·
36 541 90 578 prie
102 539 133 566 de
146 539 258 572 publicis
271 539 387 571 dicitur,
414 541 520 566 Latrina
535 539 567 565 de
580 538 696 573 priuatis.
733 537 793 562 Vet.
809 535 943 562 Scholiast.

56 578 115 602 '1⁵⁰0
126 581 144 600 R
154 581 163 600 1
173 580 191 601 c
205 581 339 607 AR1VS‚
361 575 380 601 i.
404 584 440 601 m.
497 574 611 601 Scaeuol.
627 574 644 600 l.
657 580 686 607 17
707 580 789 606 quum
799 570 906 606 quidam
920 569 970 607 §.5
991 572 1022 597 D.
1035 571 1067 598 de

31 610 131 647 ,πίω-15,
156 610 243 636 Fiscus
263 618 294 636 ex
310 611 361 637 suis
381 610 561 637 contraffibus
580 610 667 636 vsuras
680 615 734 633 non
747 607 805 639 dat,
830 605 873 633 sed
893 606 947 640 ipsc
960 607 1067 642 accipit:

24 648 62 674 'vt
74 645 139 672 solet
153 654 168 672 a
181 645 314 672 foricariis
323 666 330 678 ,
355 646 403 680 qui
417 646 516 673 tardius
531 644 666 680 pecuniam
678 643 812 670 inferunt:
848 642 913 669 item
934 652 965 669 cx
985 643 1067 669 veeti-

24 680 142 717 .galibus.
211 678 325 708 ‘Budaeus
336 682 357 707 le·
376 684 411 715 it,
430 691 446 708 a
458 679 624 708 Fornicariis.
677 678 725 706 sed
742 678 838 706 foi-icas
855 677 990 705 contineas
1009 678 1068 712 effe,

33 726 51 745 a
63 715 220 754 quibusdam,
241 717 308 743 modo
322 691 439 743 vicimus.
549 749 554 755 .
716 722 717 725 ’

71 757 88 778 F
101 757 293 785 ORICVLA,
325 753 379 779 vid.
400 757 528 782 roms,
546 757 577 775 is.
595 749 616 776 f.

69 793 111 813 ΡΟ
121 794 140 813 R
150 794 158 813 1
168 793 185 813 c
196 795 217 812 v
226 795 242 814 L
252 794 293 814 vs
302 807 310 820 ,
331 788 349 814 i.
371 797 406 814 m.
442 788 508 813 Deus
519 784 664 820 putabatur,
673 787 716 820 qui
728 784 833 812 foribus
840 789 958 819 praeerat
966 794 973 808 :
1002 783 1069 818 ficut

33 821 166 853 cardineo,
182 824 235 849 Dea
248 831 307 858 quac
315 823 472 849 cardinibus:
507 822 670 851 Limentinus,
691 822 758 846 Deus
771 824 815 856 qui
826 821 915 846 limini.
952 820 994 845 Al.
1008 820 1027 846 F
1029 828 1070 846 01·-

31 858 115 921 Eulgs.
157 858 216 885 Vid.
230 859 349 886 Tertull.
363 858 394 884 de
405 856 500 884 Idolol.
515 864 579 889 c.15.
615 862 637 882 et
644 855 676 882 dc
689 857 751 882 Cor.
759 856 818 882 Mil.
832 864 854 882 c.
863 862 895 887 13.
932 855 1069 890 Augustin.

55 913 109 920 ..
146 899 197 925 ,a

67 934 110 956 1⁷0
119 903 155 955 iii
166 936 188 955 N
197 936 219 956 A
233 929 303 962 Dea,
322 931 349 955 in
361 929 524 962 Romanorum
536 929 603 953 uotis
613 927 707 963 legitur
724 925 866 953 FORIN.
889 925 941 952 Ro
950 926 986 951 M.
1008 926 1029 952 A
1038 927 1068 952 R.

31 961 64 991 D.
77 964 109 990 D.
129 965 242 992 Forinae
256 965 354 991 Romae
366 971 422 990 aras
434 962 576 989 dedicauit.
617 962 674 989 lsld,
690 961 782 989 sertor.
802 961 887 997 Vrsat.
948 961 995 988 Sed
1007 961 1070 997 quod

31 999 150 1027 laudatur
167 1001 265 1032 Varro,
291 1000 356 1026 nihil
372 997 415 1031 cffi’
435 998 544 1025 uidetur.
598 997 676 1033 Apud
692 997 757 1024 hunc
776 998 839 1022 mim
859 996 891 1024 de
904 997 933 1022 L.
947 997 976 1022 L.
991 1006 1023 1029 4,
1044 1006 1068 1029 15

32 1043 58 1069 p.
72 1043 107 1067 23.
121 1037 138 1062 6
173 1039 276 1079 itemque
289 1043 335 1067 5‚3
366 1054 373 1061 .
390 1039 442 1067 48,
464 1042 476 1065 3
505 1033 602 1061 Furina
615 1032 664 1066 est,
686 1041 712 1059 υ.
729 1041 754 1059 υ.
787 1030 835 1065 ‹m'st
856 1032 954 1058 Forina
974 1033 1068 1066 cada-m,

31 1071 121 1097 Graece
132 1077 197 1098 certe
207 1076 258 1106 φωρ
271 1070 316 1097 fur
329 1079 340 1095 c
365 1089 371 1095 .

69 1111 264 1139 FORINAE,
284 1113 368 1132 arum.
396 1104 416 1131 f.
447 1106 486 1131 Pl.
541 1105 647 1130 Gruter.
662 1113 686 1138 p.
701 1112 733 1136 9,
752 1109 765 1135 5
805 1102 938 1128 GENIO
960 1103 1068 1129 FORI-

31 1140 87 1168 NA
95 1141 119 1168 R
128 1142 195 1168 VM.
269 1140 352 1167 Tuhor
364 1143 436 1166 aiunt
449 1147 472 1166 rt
485 1138 679 1175 canales-fuisti,
699 1145 748 1173 per
767 1147 827 1174 quos
840 1138 928 1174 sordes
948 1146 970 1164 et
982 1139 1052 1165 foria
1061 1159 1069 1171 ‚

30 1176 76 1204 boc
88 1175 123 1210 est
129 1196 138 1209 ‚
156 1175 293 1212 liquidiora
297 1174 412 1209 stercora
425 1185 453 1202 ex
465 1175 524 1202 vrbe
536 1175 718 1201 emittebantur.

68 1217 334 1245 roniwsucvs,
349 1212 401 1238 vid.
417 1217 551 1237 roRAs.
586 1210 656 1238 Adu.

68 1252 86 1272 F
97 1253 116 1272 o
124 1253 142 1272 R
151 1254 161 1273 1
171 1254 194 1274 s.
229 1245 297 1274 Adu.
338 1247 396 1274 Vid.
419 1252 435 1273 F
448 1252 468 1272 0
477 1253 496 1273 R
504 1252 525 1272 A
533 1252 555 1271 S.
593 1245 660 1271 Adu.

36 1294 51 1306 ,ι
64 1279 192 1314 rdms,
209 1282 239 1309 is.
279 1283 299 1310 f.
353 1282 456 1317 [θύρα]
510 1282 614 1316 Proprie
636 1282 754 1308 Foramen
774 1277 822 1312 est,
846 1287 864 1305 a
880 1284 998 1311 rouo,
1017 1282 1070 1305 arc.

34 1317 81 1348 225
91 1316 209 1352 conset‘la
225 1317 295 1351 effiw,
303 1316 331 1351 fi
342 1321 496 1344 inueniretur
507 1320 535 1342 in
548 1317 607 1343 bono
621 1317 699 1349 libro,
718 1315 783 1351 quod
794 1315 911 1341 laudatur
923 1324 952 1340 ex
965 1314 1071 1340 Colum.

0 1351 6 1359 ”
74 1359 104 1386 7,
113 1354 129 1378 6
153 1352 173 1378 F
175 1353 267 1379 oribus
281 1353 381 1386 exiguis
396 1352 512 1379 cancelli.
583 1351 632 1379 Sed
642 1361 702 1387 quos
715 1361 757 1388 rgo
768 1351 890 1387 considere
900 1353 973 1386 potui
986 1350 1072 1381 libros,

40 1416 49 1419 ..
82 1396 110 1421 ,τε
121 1386 211 1419 habeut
229 1387 415 1414 foraminibus.
482 1389 588 1414 Interim
609 1394 632 1413 et
654 1390 800 1423 etymologia
813 1386 904 1422 juadet
922 1386 1008 1411 forem
1029 1384 1071 1418 effi?

6 1427 7 1430 ’
93 1430 163 1454 men,
182 1429 206 1448 et
216 1422 351 1450 Adiefflua
363 1423 526 1454 Multiforis,
545 1423 733 1458 Septemforis‚
759 1430 805 1448 etc.
861 1422 985 1448 Caeterum
1006 1421 1072 1447 ordi-

36 1452 103 1495 nffrie
113 1457 186 1485 Foris
199 1457 232 1491 est
245 1461 329 1485 ianua.
400 1459 468 1485 Ter.
482 1458 556 1485 Adel.
570 1467 595 1491 2,
610 1467 633 1490 3,
653 1467 675 1484 11
717 1458 764 1484 Sed
788 1457 914 1492 quidnam
933 1457 1000 1482 foris
1019 1465 1073 1482 cre-

33 1491 107 1528 puit?
173 1492 255 1520 Ouid.
268 1494 346 1528 Epist.
363 1503 396 1526 12,
411 1502 454 1527 150
478 1494 604 1520 Constitit
618 1494 650 1520 ad
662 1493 783 1527 geminae
797 1493 889 1518 limina
903 1493 987 1527 prima
995 1492 1072 1518 foris.

33 1528 97 1559 Hor.
110 1528 190 1556 Serm.
201 1538 221 1562 1,
235 1538 259 1560 2,
270 1532 305 1564 67
325 1530 448 1556 Exclusus
463 1530 531 1556 fore.
599 1530 712 1555 Pluralis
720 1529 881 1564 frequentior
894 1527 935 1560 est.
993 1528 1072 1553 Fores

31 1562 163 1598 limenque
176 1566 286 1591 carceris
318 1566 374 1592 Cic.
386 1566 470 1591 Tusc.
488 1572 516 1597 5,
531 1569 571 1594 80.
644 1565 725 1590 Fores
744 1563 772 1589 in
792 1563 931 1589 liminibus
952 1563 1072 1597 profana-

30 1607 88 1626 rum
102 1599 223 1632 aedium,
243 1602 337 1627 ianuae
350 1600 523 1626 nominantur
551 1598 590 1625 Id.
605 1598 638 1625 de
651 1599 728 1625 N.D.
741 1607 770 1631 2,
785 1601 828 1632 67.
895 1600 933 1624 De·
953 1598 1072 1630 dglfercn-

27 1636 66 1661 tia
73 1634 175 1670 forium
189 1642 211 1661 et
222 1639 309 1662 ianuae
335 1635 453 1662 Macrob.
461 1638 487 1667 6,
501 1640 523 1664 8.

30 1676 100 1696 notae
123 1671 199 1704 Virg.
213 1671 277 1696 Aen.
286 1679 311 1702 2,
324 1679 379 1704 453.
451 1671 538 1696 Durae
569 1669 651 1696 Ouid.
665 1672 755 1695 Amor.
769 1678 794 1701 2,
809 1678 827 1699 1,
842 1677 883 1695 22.
956 1669 1071 1695 Poeticas

0 1734 2 1739 ι
29 1705 101 1731 fores
114 1705 211 1732 frustra
223 1705 324 1739 pepulit
342 1714 449 1740 compos
470 1706 524 1736 sui,
557 1706 629 1731 Plato
641 1712 682 1740 ap.
701 1705 759 1731 Sen.
779 1706 810 1730 de
824 1705 929 1738 Tranq.
945 1705 993 1730 An.
1008 1711 1072 1729 extr.

30 1740 106 1766 Foris
119 1740 202 1766 rasilis
226 1741 312 1768 Catul.
327 1750 367 1774 59,
381 1746 433 1771 168.
469 1744 487 1767 i.
501 1742 599 1776 polita,
616 1747 713 1767 ornata.
784 1740 866 1766 Plaut.
883 1740 938 1765 Cas.
952 1748 975 1771 5,
990 1748 1002 1764 2
1014 1758 1022 1770 ,
1044 1747 1073 1772 17

0 1791 3 1798 .
30 1775 125 1800 Forem
137 1775 225 1808 obdo,
250 1785 282 1802 ne
296 1778 373 1802 senex
386 1786 428 1802 me
448 1777 618 1811 opprimeret.
690 1775 746 1801 Cic.
761 1783 810 1807 pro
824 1774 930 1800 Cornel.
961 1774 1073 1806 Aperuit

28 1809 116 1835 forem
135 1811 270 1836 scalarum.
340 1812 399 1837 Liu.
412 1813 443 1842 6,
463 1820 495 1843 24
534 1812 602 1836 Cum
621 1809 712 1834 Lieior
731 1810 815 1834 forem
830 1809 904 1840 virga
916 1813 1071 1840 percuteret.

29 1844 152 1870 Exclusus
164 1845 222 1870 sore
255 1846 321 1871 Hor.
338 1846 418 1870 Serm.
434 1853 462 1875 1,
477 1854 503 1874 2,
523 1847 566 1877 67.
636 1842 763 1868 Obserata
777 1842 838 1867 fore
869 1841 946 1874 Apul.
960 1841 1026 1865 Met.
1044 1849 1071 1865 10

28 1888 54 1914 p.
67 1883 116 1911 538.
157 1896 161 1899 -
187 1879 316 1905 Accedere
335 1879 366 1904 ad
380 1879 466 1910 fores,
497 1879 550 1904 viil.
571 1883 734 1903 ACCEDO.
830 1875 911 1902 Adire
932 1875 964 1901 ad
985 1875 1073 1907 fores,

28 1914 80 1942 vid.
101 1919 213 1940 ADEO.
317 1914 428 1947 Aperite
447 1914 519 1939 fores
556 1912 612 1938 Cic.
626 1911 679 1938 Off.
699 1920 728 1943 3,
748 1916 784 1943 38.
856 1911 967 1946 Apcrire
987 1910 1072 1943 fores,

17 1970 20 1984 4
39 1948 152 1982 ,romsrbio
166 1948 292 1975 dict-hatur
301 1969 309 1981 ,
328 1950 379 1984 ‚Qui
386 1952 424 1975 rei
437 1948 572 1984 cuiuspiam
585 1946 716 1983 ingrqffiem
725 1967 732 1977 ,
752 1949 898 1982 initiumque
906 1946 1072 1981 patefaceret.

59 1985 94 2012 in.
109 1993 138 2016 2,
153 1989 166 2014 8
195 1983 408 2020 defiguiferofiu
425 1984 529 2010 Zocliaco
544 1985 657 2019 loquens,
680 1982 873 2015 Obliquitatem
894 1983 950 2008 eius
970 1981 1073 2007 intelle-

31 2021 106 2053 xiste,
132 2019 181 2046 hoc
196 2019 231 2045 cst
250 2028 338 2046 rerum
352 2021 424 2046 fores
436 2020 579 2054 aperuisse,
602 2017 797 2044 Anaximander
816 2017 932 2043 Milesius
950 2016 1073 2043 traditur.

6 2083 7 2086 ,
30 2057 110 2084 Simili
121 2054 285 2082 translatione
299 2056 353 2082 Cic.
369 2056 439 2082 Fam.
453 2064 485 2087 13,
500 2064 527 2081 10
565 2056 594 2081 In
608 2052 732 2080 omnibus
745 2053 823 2079 nouis
836 2051 1072 2079 comunffionibus

33 2091 135 2120 interest
149 2091 233 2125 qualis
246 2091 345 2125 primus
357 2091 443 2117 aditus
457 2090 496 2123 tit,
515 2096 540 2117 et
548 2099 598 2125 qua
611 2088 842 2115 commendatione
855 2088 924 2123 quasi
938 2087 1072 2114 amicitiae

35 2127 101 2157 fores
111 2127 270 2161 aperiantur.
366 2127 482 2153 Affistcre
491 2126 522 2152 ad
535 2126 606 2153 sores
615 2146 623 2158 ,
644 2124 696 2150 vid.
712 2131 733 2150 A
743 2132 756 2150 s
765 2130 778 2149 s
788 2131 795 2149 1
809 2131 821 2150 s
831 2129 851 2149 T
862 2130 891 2149 0.
965 2122 1072 2149 Auscul-

37 2163 88 2191 tire
100 2163 129 2189 ad
141 2162 227 2194 fores,
245 2161 298 2188 vid.
314 2169 335 2188 A
344 2168 364 2186 v
374 2169 386 2188 s
396 2168 413 2189 C
424 2170 445 2189 v
453 2168 469 2187 ῐ.
481 2168 503 2188 'r
512 2168 540 2188 o.
636 2159 766 2186 Claudere
780 2159 852 2185 fores
867 2158 985 2185 cubiculi

39 2197 116 2225 Tusc.
127 2205 147 2231 5,
161 2202 196 2230 58.
266 2197 363 2224 Clausit
375 2198 460 2224 amica
473 2198 545 2224 fores
578 2195 658 2223 Ouid.
672 2196 764 2221 Amor.
780 2202 810 2224 2,
824 2202 849 2225 1,
868 2201 906 2228 17.
1001 2193 1072 2218 Con-

38 2233 114 2260 cu'ffae
126 2233 170 2268 ¹¹Id.
184 2231 251 2259 ibid.
269 2242 286 2265 1,
299 2236 331 2265 6,
345 2241 384 2265 50.
456 2233 598 2260 Consertae
628 2230 666 2257 Id.
679 2230 746 2257 ibid.
762 2238 782 2261 1,
798 2232 822 2258 6.
837 2237 882 2263 74.
976 2228 1070 2254 Effrin·

35 2270 94 2302 gere
104 2268 171 2295 fores
206 2269 261 2295 Cic.
276 2277 325 2303 pro
338 2268 445 2300 Cael.58
457 2277 479 2294 c.
489 2271 524 2296 16.
629 2266 760 2293 Excedere
775 2264 880 2291 foribus
906 2263 989 2290 Ouid.
1005 2264 1070 2290 Met.

33 2304 60 2337 4,
73 2308 107 2336 85.
175 2304 295 2337 Expaffae
308 2310 416 2338 repente
430 2303 535 2330 delubri
552 2303 623 2329 fores
644 2302 735 2328 Tacit.
748 2300 816 2327 Hist.
832 2309 854 2333 5,
871 2308 904 2331 13.
997 2299 1071 2326 Idem

31 2340 96 2373 Arm.
110 2347 129 2372 1,
143 2347 175 2373 39
201 2340 391 2374 Concursuque
402 2339 434 2366 ad
448 2339 552 2365 ianuam
569 2338 639 2365 faeto
649 2357 657 2369 ,
670 2337 820 2364 moliuntur
834 2336 915 2366 fores,
929 2334 1071 2369 effringunt

0 2381 72 2411 &sper
82 2377 141 2401 vim.
212 2375 320 2402 Obdere
333 2375 438 2401 foribus
452 2375 578 2410 pessulum
609 2374 678 2400 Ter.
692 2374 788 2398 Heaut.
802 2380 827 2403 2,
841 2380 862 2403 3,
874 2379 912 2406 37.
985 2371 1069 2396 Obdi-

0 2409 14 2434 Ἴ
29 2415 69 2437 tae
80 2405 150 2437 fores
163 2411 269 2437 ferratis
281 2410 416 2442 trabibus,
442 2411 495 2436 vid.
510 2415 603 2436 013DO-
675 2408 804 2434 Obserare
819 2407 890 2468 foreks
913 2405 1011 2467 llj¹ffi¹¹¹3
1027 2414 1069 2438 19,

894 2451 908 2467 11
924 2446 977 2468 tare
1009 2450 1069 2468 ores

619 469 706 499 Locur,
718 469 744 492 in
751 473 819 501 quem
825 465 877 490 alui
881 462 995 497 stercora
1008 465 1067 491 deii-

1008 501 1068 528 Pro-

1014 2157 1070 2183 Cic.

0 2442 13 2489 11
27 2454 56 2478 3,
73 2454 108 2473 12.
200 2446 310 2480 Operiri
327 2445 484 2472 foresiussit
522 2444 612 2471 Tacit.
633 2444 701 2469 Ann.
719 2452 749 2476 3,
770 2450 802 2475 15.

0 2491 7 2500 ·
27 2481 106 2508 Ouid.
119 2482 184 2508 Met.
198 2489 219 2513 5,
235 2486 296 2514 448.
366 2482 503 2506 Percutere
523 2480 594 2505 fores
603 2499 611 2511 ,
634 2478 689 2505 vid.
707 2486 722 2505 1³
734 2484 749 2503 E
758 2485 776 2504 R
788 2484 805 2504 C
816 2485 835 2503 v
845 2485 866 2504 T
875 2485 885 2504 1
894 2485 922 2504 O.
994 2478 1068 2503 Auro

7 2548 9 2550 q
24 2516 108 2543 solent
121 2517 202 2542 etiam
216 2515 400 2542 adamantinae
419 2515 551 2550 Perfringi
571 2515 642 2541 fores
680 2513 757 2549 Apul.
771 2514 834 2540 Met.
846 2522 871 2546 9.
942 2513 1067 2539 Reserare

24 2552 96 2578 fores
117 2551 199 2577 Ouid.
214 2552 278 2577 Met.
293 2559 331 2583 10,
342 2556 398 2584 384.

63 2592 79 2612 F
88 2593 107 2613 o
116 2593 135 2612 R
146 2585 184 2613 i‘C
192 2585 214 2612 V*
222 2592 238 2611 1.
249 2593 269 2612 A
279 2606 287 2618 ,
310 2595 348 2613 ae.
375 2587 394 2612 f.
438 2585 540 2613 Dimin.
583 2585 699 2621 [θυρίον]
753 2586 782 2611 Α
792 2583 904 2610 Foribus
913 2604 921 2616 ,
932 2583 1052 2619 foramen
1060 2602 1067 2614 ,

26 2631 79 2648 cum
89 2623 189 2648 valuula
203 2622 288 2648 Varro
303 2621 335 2648 de
347 2622 377 2648 R.
391 2623 422 2648 R.
437 2631 456 2654 1,
470 2630 501 2655 59
534 2622 565 2648 Et
579 2620 641 2648 ideo
654 2620 826 2655 oporothecas
840 2620 887 2654 qui
902 2620 1001 2646 faciunt
1010 2639 1018 2651 ,
1034 2618 1066 2645 ad

26 2657 188 2692 Aquilonem
206 2663 236 2684 vt
254 2657 378 2684 fenestras
398 2657 527 2690 habeant,
557 2663 635 2691 atque
654 2664 683 2682 vt
696 2658 756 2683 ae‘re
769 2656 913 2689 perflentur
926 2674 934 2686 ‚
958 2660 1066 2685 curant,

26 2701 111 2728 neque
125 2699 213 2719 tamen
226 2692 278 2719 sine
292 2693 426 2721 foriculis:
461 2701 495 2719 ne
516 2701 598 2727 quum
614 2692 753 2718 humorem
770 2690 922 2721 amiserint,
938 2688 1066 2722 pertinaci

23 2734 105 2756 vento
119 2729 189 2755 vieta
204 2728 276 2755 flant.

7 2792 9 2797 y
65 2770 210 2795 FORICVV
220 2771 236 2790 L
246 2771 267 2790 A
279 2769 301 2790 Τ
313 2771 335 2790 Α
359 2763 437 2790 vestis
457 2763 575 2789 laudatur
597 2772 627 2788 ex
648 2761 712 2788 Plin.
731 2766 744 2790 8
754 2780 762 2793 ‚
776 2765 809 2794 48
829 2760 846 2786 s.
861 2766 898 2794 74
934 2757 1066 2784 Vndulata

0 2798 10 2823 ’⁵
25 2800 104 2826 vestis
116 2800 202 2834 prima
215 2809 229 2826 e
244 2798 422 2825 laudatislimis
441 2799 507 2826 fuit:
542 2797 604 2824 inde
622 2797 762 2823 foriculata
779 2795 898 2822 defluxit.
956 2794 1003 2821 Sed
1016 2793 1067 2830 flu-

27 2834 96 2862 fluat
113 2834 188 2863 tefflo
208 2841 231 2860 et
243 2835 382 2871 sentcntiae
401 2838 513 2861 virorum
531 2832 656 2860 alogiorum
670 2843 678 2858 .·
712 2833 797 2867 placet
821 2833 881 2858 aliis
906 2829 1067 2860 Soriculata,

27 2870 175 2903 surculata,
194 2870 381 2903 Sororiculata,
396 2870 460 2906 quod
469 2879 522 2896 cum
534 2879 563 2896 ex
576 2869 650 2897 MSS.
663 2871 781 2904 receperit
793 2866 950 2898 Harduimcs,
969 2866 1003 2891 ibz
1012 2885 1020 2897 ,
1037 2870 1067 2891 vt

20 2904 114 2942 potest,
134 2906 296 2933 declaramus.

67 2947 84 2968 F
96 2948 222 2973 ORMA‚
243 2950 282 2968 ae.
303 2941 323 2967 f.
359 2938 448 2974 [3⁴80ss
468 2939 533 2972 ἰδέα,
553 2939 650 2976 μορφῆ,
669 2937 761 2972 τύπος]
801 2938 883 2963 Facies
897 2938 1066 2972 cuiusqurrei,

3 2980 7 2982 ’
31 2984 90 3012 quae
99 2977 233 3012 iliamfinit
248 2977 370 3012 undique,
389 2983 413 3002 ct
427 2977 458 3003 ab
471 2978 531 3003 aliis
544 2975 615 3002 rebus
630 2974 739 3001 omnibus
753 2971 901 3008 distinguit,
926 2970 1066 3008 comp-lefsi-

33 3017 117 3046 turque
134 3013 189 3039 adeo
212 3013 369 3047 dimensiones
388 3021 483 3045 omncs,
503 3013 691 3046 proportiones,
717 3017 800 3044 resque
819 3007 873 3044 ipftz
892 3008 950 3034 adeo
970 3011 1019 3041 ζμ,
1038 3010 1066 3033 in

50 3049 148 3079 Mutum
158 3049 274 3084 notassui
280 3049 382 3084 praebet
391 3068 398 3079 ,
419 3055 442 3073 rt
448 3048 522 3084 finfic
535 3049 576 3073 ‘uel
586 3049 667 3073 animo
680 3044 848 3080 comprehendi
855 3041 943 3079 potest.
998 3045 1067 3069 Haec

50 3087 123 3106 orma
133 3080 274 3110 immobilis
287 3084 322 3110 est
334 3090 359 3110 et
373 3085 515 3115 naturalis,
532 3084 616 3118 inquit
630 3082 747 3108 Donatus
761 3080 794 3106 ad
806 3081 872 3106 Ter.
882 3078 963 3106 Andr.
973 3088 991 3109 1,
1005 3088 1025 3112 1,
1034 3088 1067 3111 92

37 3114 130 3141 Vultus
142 3123 258 3145 mouetur
270 3125 295 3146 et
308 3119 425 3154 tingitur.
492 3119 572 3145 Plaut.
588 3118 665 3143 Poen.
680 3125 702 3149 5,
716 3125 741 3149 z,
756 3124 800 3149 154
827 3123 851 3142 P.
871 3115 993 3142 Formam
1007 3115 1066 3149 qui-

35 3149 95 3176 dem
107 3149 195 3190 hercle
206 3153 291 3181 verbis
304 3155 445 3189 depinxisti
461 3154 539 3181 milii.
611 3153 679 3179 Ter.
695 3153 757 3178 l-lec.
770 3160 804 3184 4,
821 3160 830 3178 1
840 3171 848 3183 ,
864 3159 895 3186 57
926 3151 1021 3177 Forma
1036 3151 1065 3177 in

36 3185 152 3226 tenebris
164 3187 233 3212 nosci
249 3197 301 3216 non
318 3191 392 3225 quita
407 3190 451 3217 cst.
538 3190 593 3217 Cic.
607 3188 638 3214 de
651 3188 687 3214 N.
701 3188 733 3214 D.
749 3196 769 3219 1,
783 3194 820 3221 47
849 3187 925 3213 Suam
940 3186 1064 3221 quodque

0 3227 3 3242 '-
34 3221 131 3248 animal
146 3220 256 3249 formam
269 3231 293 3251 et
310 3227 420 3260 speciem
440 3225 537 3260 diligit.
608 3225 703 3250 Forma
723 3229 748 3250 et
769 3222 838 3257 quasi
858 3222 981 3249 naturalis
1001 3228 1064 3248 nota

0 3262 1 3265 ’
36 3257 162 3290 ‘musque
185 3256 222 3282 Id·
235 3257 265 3284 de
276 3260 347 3287 Orat.
364 3271 384 3294 3,
399 3270 434 3294 113
454 3271 475 3287 c.
485 3270 526 3295 29.
594 3261 753 3294 Argumenta
766 3258 848 3293 magis
864 3259 921 3284 sunt
933 3258 1064 3284 Mentoris

34 3291 124 3318 addita
137 3291 238 3317 formae
265 3293 377 3330 Propert.
392 3306 419 3329 3,
433 3307 459 3330 7,
476 3305 508 3329 13.
565 3297 621 3323 Non
633 3296 699 3332 J'atis
718 3295 828 3330 intelligo
843 3304 852 3322 ,·
887 3293 1065 3329 intelligerem,

27 3326 54 3362 fi
65 3328 185 3363 legeretur
199 3327 290 3367 ῨὸξΠΡΕ·
363 3333 490 3359 Animalis
515 3333 617 3358 Lucret.
627 3340 647 3364 5,
662 3339 714 3364 142.
809 3330 990 3356 Animantium
1009 3328 1065 3355 for-

34 3371 93 3394 ma,
113 3368 138 3388 et
157 3362 273 3388 homlnls
285 3363 365 3397 figura
398 3368 452 3394 Cic.
465 3368 497 3395 de
511 3368 547 3394 N.
563 3368 594 3393 D.
611 3376 631 3399 1,
644 3371 685 3399 48.
771 3366 898 3399 Cognitio
918 3365 1065 3390 formarum

10 3409 11 3415 ¹
34 3407 66 3425 ex
81 3398 184 3433 Pifffll‘a
209 3397 247 3424 Id·
260 3398 333 3424 ven*-
346 3409 373 3432 4,
385 3410 433 3434 123.
501 3404 597 3438 Figura
612 3403 714 3429 formae
740 3400 776 3427 Id.
790 3401 820 3427 de
835 3401 869 3427 N.
880 3402 909 3426 D.
922 3409 941 3432 1,
953 3409 987 3432 90
999 3408 1063 3431 c.32.

34 3434 82 3462 Sed
91 3440 196 3460 merctur
207 3434 273 3459 Iocus
284 3432 397 3468 adscribi.

35 3469 97 3497 deos
111 3469 251 3495 hominum
266 3467 359 3494 sunile's
373 3470 470 3505 dicere,
489 3483 567 3509 quam
581 3474 701 3501 homines
713 3474 832 3498 deorum.
885 3487 930 3491 —-
950 3472 1008 3497 Hoc
1025 3470 1063 3496 di-

35 3509 82 3538 eb,
107 3514 162 3531 non
182 3504 214 3530 ab
233 3503 385 3530 hominibus
399 3506 496 3535 formae
508 3510 618 3544 figuram
631 3509 727 3536 venisse
746 3507 777 3533 ad
796 3507 867 3534 deos.
924 3507 969 3533 Dii
991 3506 1063 3532 enim

7 3544 11 3566 ἰ
36 3541 136 3575 semper
153 3541 262 3580 fuerunt
299 3554 344 3559 —
369 3544 394 3566 at
410 3540 525 3571 homines
544 3545 606 3572 11311,
657 3546 724 3570 Ante
746 3544 829 3578 igitur
847 3543 960 3570 humana
976 3542 1062 3568 forma

3 3589 13 3604 .¹
37 3585 114 3611 quam
127 3576 262 3607 homines,
284 3583 312 3601 ea
322 3595 329 3607 ,
350 3583 401 3609 qua
413 3584 483 3604 erant
494 3579 578 3607 forma
592 3580 632 3606 dii
645 3579 816 3607 immortales.
871 3579 935 3605 Non
955 3586 1017 3611 ergo
1032 3577 1063 3603 il-

37 3612 123 3638 lorum
135 3611 247 3638 humana
260 3611 361 3641 forma,
388 3610 431 3636 sed
457 3613 540 3641 nostra
559 3616 650 3642 diuina
663 3615 772 3642 dicenda
785 3615 829 3640 est.

6 3650 10 3659 “
37 3647 136 3674 formae
151 3656 205 3673 ”¹⁰³⁶
218 3646 361 3686 vidsbimffss·
376 3681 380 3685 ¹
431 3646 485 3672 Cio
498 3657 544 3681 pro
556 3651 670 3677 Flacc.1z
683 3660 726 3683 c.5
756 3651 841 3677 Etiam
855 3649 871 3675 si
887 3650 1000 3675 formam
1017 3647 1063 3674 ho-

11 3690 13 3692 ’
37 3683 131 3721 minis,
151 3682 168 3709 fi
180 3691 293 3713 nomen,
313 3683 330 3707 11
348 3680 447 3707 fflbtlffl
461 3682 554 3716 nostis,
570 3694 655 3713 mores
668 3693 755 3713 tamen
769 3685 946 3720 exquirendos
959 3684 1063 3718 putatis.

3 3726 9 3735 ¹
36 3716 162 3753 Imagines
174 3718 276 3744 formae
289 3723 382 3749 notae,
402 3716 536 3743 simulacra
553 3720 626 3747 Αιιᾰὶ.
639 3722 671 3748 ad
684 3724 782 3748 Hercn.
791 3730 810 3753 3,
826 3729 864 3754 29.
935 3719 1063 3753 Qune’til.

0 3757 5 3763 “
38 3761 66 3785 1,
79 3762 88 3780 1
118 3754 213 3788 Neque
225 3753 296 3779 enim
312 3752 379 3778 mihi
394 3752 457 3778 illud
471 3752 558 3778 saltem
571 3755 667 3788 placet,
685 3757 755 3792 quod
777 3756 835 3783 fieri
848 3756 876 3782 in
890 3755 1013 3790 plurimis
1024 3755 1064 3780 vi-

38 3823 113 3850 scasst.
180 3824 281 3859 speeies
294 3824 396 3850 formae
424 3824 478 3850 Cic.
495 3822 576 3849 Tllsss.
588 3831 614 3855 5,
628 3833 670 3858 114
687 3835 708 3852 c,
722 3836 761 3860 39·
797 3834 826 3854 vt
847 3827 930 3861 figura
951 3827 1062 3852 fon-nae,

38 3859 156 3895 Apposita
169 3859 200 3886 ad
216 3859 369 3894 dignitatem
383 3859 484 3890 forma,
506 3859 600 3893 species
622 3865 647 3884 et
659 3860 751 3888 statura
782 3862 857 3889 Αιιξὶ.
872 3862 903 3888 ad
918 3863 1016 3889 Heren.
1030 3871 1063 3894 4,

37 3895 79 3920 60.
146 3895 237 3922 Tacit.
252 3896 318 3921 Ann.
331 3904 363 3929 2,
378 3903 408 3927 39
447 3895 514 3921 Nam
535 3899 616 3920 aetate
629 3899 655 3919 et
668 3894 752 3922 forma
766 3897 834 3923 haud
847 3898 963 3924 dislimili
974 3898 1002 3924 in
1017 3897 1062 3923 do-

36 3930 135 3958 minum
147 3935 210 3958 erat.
280 3930 415 3957 Eburneae
428 3930 528 3957 formae
542 3929 678 3955 literarum
708 3931 835 3963 Qanffll.
851 3942 871 3965 1,
888 3942 906 3960 1.
942 3936 961 3959 i.
985 3933 1063 3964 Ebur,

34 3969 75 3993 cui
81 3967 168 4004 forma
181 3967 309 3993 literarum
322 3967 453 4002 insculpta.

184 4007 273 4029 voi..
307 4002 348 4028 11.

618 1635 717 1661 Caecae
732 1634 817 1664 foreS‚
836 1635 967 1665 Occultos,
982 1636 1074 1668 paucis

1076 2729 1112 2757 70
1128 2722 1216 2756 ignem
1230 2728 1255 2748 et
1270 2723 1383 2748 calorem
1397 2722 1543 2756 quendam,
1570 2722 1641 2757 quasi
1657 2722 1809 2756 feruorem,
1836 2723 1960 2751 dixerunt
1980 2728 2107 2754 formam:

886 3616 928 3640 Sic
947 3613 1063 3648 Speciem
1079 3616 1111 3641 95
1126 3611 1268 3638 laudabiles
1293 3612 1348 3639 Cic.
1361 3612 1394 3638 de
1408 3614 1480 3639 Orat.
1496 3621 1523 3644 3,
1536 3620 1570 3643 31.

38 3788 101 3819 deo,
127 3795 156 3816 vt
170 3789 308 3816 literarum
322 3788 429 3814 nomina
443 3793 467 3814 ct
481 3793 629 3815 contextum
641 3792 712 3824 prius
730 3801 810 3827 quam
823 3793 922 3818 formas
938 3790 1012 3826 pueri
1026 3790 1062 3816 di·
1073 3799 1120 3817 100
1127 3788 1359 3814 Conformationes
1373 3792 1481 3815 uocauit.

545 3964 673 3998 Qstssfffl·
687 3971 721 3998 77
739 3974 757 3997 4
785 3967 909 4001 Epicurus
922 3968 1062 3996 humanam
1072 3965 1335 4004 105Laudationum,
1354 3965 1542 4000 scriptionum,
1559 3964 1746 3998 historiarum,
1766 3972 1791 3992 ct
1805 3965 1948 3992 suasionum
1970 3963 2072 3989 formae
2101 3962 2157 3988 Cic.

1482 196 1516 236 F
1601 195 1637 236 O
1732 197 1764 234 R
2082 215 2168 254 ,7¹4

1128 288 1178 313 deo
1192 287 1321 318 sormam,
1342 286 1483 319 locumque
1497 286 1565 312 inter
1576 283 1687 312 mundos
1700 283 1782 310 dedit.
1852 287 1965 314 Homini
1978 299 2059 324 quum
2073 289 2104 316 ‹lc
2117 290 2167 318 deo

1129 322 1241 356 cogitat,
1261 322 1349 348 forma
1365 321 1479 346 occurrit
1494 321 1605 347 humana
1631 320 1685 347 Cic.
1702 320 1737 347 N.
1751 321 1782 346 Ι).
1799 328 1807 346 1
1821 329 1842 345 c.
1852 329 1894 355 27.
1965 326 2031 352 llor.
2045 328 2132 353 Carni.
2147 336 2156 353 1

1132 367 1174 390 33,
1190 367 1212 384 11
1246 357 1345 384 Veneri
1368 356 1451 390 placet
1475 357 1587 391 impares
1610 357 1716 382 Formas
1741 361 1819 390 atquc
1842 358 1943 383 animos
1956 359 2001 384 sub
2016 361 2074 395 iuga
2088 348 2167 389 a'e'nea'

1133 394 1216 420 Saeuo
1229 393 1335 419 mittere
1347 400 1405 417 cum
1420 392 1489 417 ioco.
1584 392 1653 418 Mala
1663 411 1671 424 ,
1700 391 1751 417 vid.
1772 398 1794 418 M
1804 398 1826 417 A
1836 397 1852 416 1.
1864 398 1882 417 v
1894 399 1915 417 s.
1986 396 2097 423 Mendax
2110 398 2164 425 for-

1092 432 1107 459 ς
1133 438 1175 455 ma
1209 428 1290 455 Ouid.
1305 429 1414 459 Met.3,
1435 435 1493 459 439.
1530 427 1557 452 (ie
1577 428 1663 454 umbra
1684 426 1803 461 Narciffi.
1890 427 2012 454 Mortalis
2045 433 2163 460 Prudens,

1130 466 1227 497 Hymn.
1240 473 1266 496 9,
1281 472 1322 496 92.
1357 465 1375 489 i.
1393 462 1508 489 homines.
1580 463 1660 489 Nuda
1689 463 1769 489 Ouid.
1785 462 1848 488 Met.
1862 471 1895 496 4,
1915 465 1972 494 346.
2044 467 2164 495 Rotunda

1129 500 1218 526 forma
1231 499 1310 526 vllam
1324 503 1400 532 negat
1414 498 1462 523 effe
1476 496 1653 531 pulchriorem
1671 497 1743 524 Plato
1767 497 1824 525 Cic.
1838 497 1870 524 dc
1882 498 1917 524 N.
1932 498 1964 523 D.
1980 507 1998 530 1,
2015 508 2059 532 24.

1129 535 1225 562 ribiles
1238 536 1341 561 formae
1352 532 1483 560 11061111ηο
1495 538 1614 567 tempore
1625 533 1694 559 visae
1727 533 1764 559 ld.
1779 533 1811 559 de
1827 533 1917 559 Diuin.
1931 542 1950 565 1,
1966 540 1997 563 18.
2071 537 2164 564 Virilis

1129 571 1210 597 Ouid.
1234 571 1312 605 Epist.
1335 579 1354 603 4
1365 589 1374 601 ‚
1397 570 1441 603 76.
1531 569 1632 602 Capere
1651 569 1764 594 alicuius
1787 569 1912 601 sormam,
1951 570 2002 596 vid.
2027 576 2046 597 C
2059 578 2076 596 A
2091 578 2106 597 P
2118 580 2125 597 1
2136 580 2163 599 o.

1089 619 1118 638 10
1129 606 1255 632 Caelator
1267 606 1364 633 ahenae
1376 604 1478 630 formae
1499 604 1613 637 Propert.
1629 613 1655 636 4,
1669 613 1693 635 2,
1709 607 1747 630 61.
1783 603 1961 637 Destaaeuario.
2034 606 2163 639 Qiinc'til.

1132 650 1152 673 1,
1168 650 1196 667 10
1224 639 1363 676 Qudquid
1378 639 1479 665 formae
1492 640 1613 674 quadrati
1625 638 1784 672 detraxeris,
1804 639 1975 674 amplitudine
1989 650 2096 677 quoque
2109 651 2164 676 peru

1128 677 1187 703 ibit.
1259 676 1411 710 Exprimere
1424 675 1537 701 formam
1551 681 1628 709 quain
1642 681 1728 701 mente
1741 676 1870 709 acceperis
1891 676 1927 701 Id.
1943 685 1963 706 2,
1978 684 2003 710 7.
2073 678 2166 705 Cic.1'n

1128 714 1202 739 Orat.
1212 721 1227 745 9
1249 713 1306 739 Nec
1319 719 1384 737 vero
1398 710 1444 736 ille
1457 711 1552 736 artifex
1567 718 1648 745 quum
1663 711 1767 737 Faceret
1781 711 1852 736 Iouis
1865 711 1994 743 formam,
2012 718 2056 739 aut
2066 714 2165 740 Miner.

1127 757 1192 780 vae,
1210 745 1436 781 contemplabatur
1450 746 1575 780 aliquem,
1590 755 1605 771 e
1619 755 1672 780 quo
1687 746 1884 772 timilitudinem
1899 747 2018 773 duceret:
2036 747 2078 774 sed
2087 749 2166 783 ipsius

1090 794 1114 821 ¹5
1128 784 1156 809 in
1169 789 1256 810 mente
1270 781 1397 809 insidebat
1412 782 1507 815 species
1523 781 1727 816 pulchritudinis
1745 782 1842 808 eximia
1857 783 1983 816 quaedam
1994 803 2001 814 ‚
2028 793 2106 818 quam
2127 785 2166 811 in.

1129 825 1219 850 tuens,
1238 819 1267 845 in
1282 825 1364 851 eaque
1378 817 1477 843 defixus
1487 838 1494 849 ‚
1512 818 1543 844 ad
1557 817 1628 843 illius
1641 817 1838 843 similitudinem
1848 837 1855 849 ,
1875 824 1956 844 artem
1972 824 1997 844 et
2012 828 2117 846 manum
2127 820 2165 847 di-

1129 854 1239 889 rigebat.
1311 853 1434 887 Fingitur
1446 853 1474 878 in
1487 862 1577 879 omnes
1590 853 1687 879 formas
1711 853 1793 879 Ouid.
1806 854 1870 879 Met.
1885 862 1923 886 14,
1939 856 1993 885 685.
2065 856 2105 881 Fit
2118 855 2166 882 mi.

1128 899 1179 917 nor
1193 889 1268 916 annis
1282 889 1370 915 forma
1396 888 1433 914 Id.
1449 888 1480 914 de
1494 890 1556 915 Arte
1570 889 1627 914 Am.
1642 897 1664 920 2,
1679 897 1726 920 113.
1829 889 1923 914 Fucata
1936 889 2049 915 formam
2070 891 2166 917 Lucan.

1130 934 1168 958 10,
1183 933 1235 960 137.
1305 925 1444 950 Immutata
1453 943 1461 955 ‚
1486 925 1537 951 vid.
1557 931 1599 951 im
1609 930 1633 949 M
1644 930 1662 948 v
1677 929 1698 949 'r
1711 930 1739 949 0.
1808 924 1916 950 Indutae
1929 924 2014 950 forma
2027 925 2167 952 hominum

1085 971 1119 990 20
1130 961 1237 993 beluae,
1268 959 1322 986 vid.
1337 967 1346 985 1
1358 966 1405 985 NJ)
1415 966 1434 987 v
1449 965 1480 985 0.
1584 961 1614 985 ln
1627 959 1725 984 formis
1735 959 1792 984 aliis
1812 959 1924 993 dignitas
1945 960 2024 991 inest,
2046 961 2105 987 aliis
2124 970 2167 988 ve-

1129 996 1215 1022 nustas
1238 996 1293 1022 Cic.
1308 995 1361 1021 Off.
1377 1004 1396 1027 1,
1412 1003 1466 1029 107.
1537 995 1614 1021 Noui
1628 994 1758 1025 formam,
1790 994 1842 1019 vid.
1869 1002 1889 1020 N
1899 1002 2001 1021 osco.
2073 998 2167 1024 Remo-

1129 1038 1223 1058 veatur
1249 1040 1264 1057 a
1289 1030 1376 1057 forma
1395 1031 1482 1056 omnis
1506 1030 1567 1056 viro
1592 1039 1646 1056 non
1678 1028 1771 1062 diguus
1799 1035 1906 1055 ornatus
1949 1030 2004 1056 Cic.
2018 1031 2069 1057 Off.
2087 1041 2102 1062 1,
2117 1042 2167 1064 130.

1129 1065 1150 1128 p
1172 1075 1184 1093 2
1221 1066 1382 1093 pulchritudo
1403 1066 1470 1092 Ter.
1486 1066 1548 1091 Eun.
1563 1074 1589 1098 2,
1603 1074 1625 1097 3,
1640 1070 1667 1096 83
1703 1065 1837 1090 Praeterea
1850 1064 1952 1097 forma,
1971 1072 2039 1091 aetas
2056 1068 2110 1100 ipsa
2123 1068 2169 1100 est,

1142 1102 1206 1128 acile
1219 1107 1248 1128 vt
1259 1107 1284 1128 te
1297 1110 1346 1136 pro
1358 1101 1483 1128 Eunucho
1497 1100 1600 1136 probes.
1673 1101 1747 1134 Virg.
1762 1101 1826 1126 Aen.
1843 1107 1875 1131 11,
1888 1107 1924 1133 70
1956 1101 2006 1126 Cui
2019 1109 2104 1136 neque
2116 1103 2168 1129 ful.

1083 1145 1114 1171 25
1129 1146 1178 1172 gor
1190 1137 1288 1169 adhuc,
1305 1137 1416 1163 necdum
1431 1138 1474 1163 sua
1488 1138 1575 1163 forma
1588 1134 1694 1162 receffit.
1790 1136 1885 1161 Forma
1906 1134 2006 1161 bonum
2019 1136 2114 1170 fragile
2133 1138 2169 1163 est

1130 1173 1213 1200 Ouid.
1228 1173 1259 1199 de
1272 1174 1342 1199 A.A.
1356 1181 1381 1204 2,
1397 1181 1442 1204 113.
1517 1173 1547 1199 Et
1560 1173 1615 1198 Art.
1630 1172 1689 1197 Am.
1705 1179 1727 1202 3,
1741 1179 1782 1202 103
1807 1171 1903 1196 Forma
1915 1170 1959 1197 dei
1973 1180 2081 1198 munus:
2114 1173 2169 1199 for-

1130 1218 1173 1235 ma
1187 1214 1267 1243 quota
1282 1217 1401 1243 quaeque
1418 1207 1551 1242 superbit?
1587 1209 1645 1234 Pars
1665 1207 1779 1231 vestrum
1799 1206 1844 1232 tali
1863 1215 1970 1232 munere
1984 1216 2075 1241 magua
2091 1215 2170 1235 caret.

1132 1244 1276 1271 Clariffima
1302 1243 1382 1270 Ouid.
1397 1244 1461 1269 Met.
1475 1253 1503 1277 4,
1518 1251 1572 1276 793.
1644 1241 1804 1275 Conspicuus
1817 1242 1919 1274 forma,
1938 1242 1991 1268 vid.
2011 1249 2027 1269 C
2038 1250 2056 1270 Ο
2066 1251 2085 1269 Ν
2097 1252 2109 1270 S
2119 1251 2132 1270 Ρ
2143 1252 2151 1270 1
2161 1261 2170 1266 -

1131 1285 1240 1306 vas.
1312 1280 1414 1306 Decora
1452 1278 1533 1305 Ouid.
1554 1278 1619 1304 Met.
1636 1284 1668 1309 2,
1689 1285 1746 1311 773.
1817 1277 1914 1311 Magno
1933 1277 2007 1303 diues
2024 1278 2171 1306 Philomela

1086 1324 1117 1349 30
1132 1322 1222 1350 paratu
1232 1335 1240 1347 ,
1258 1315 1378 1341 Diuitior
1390 1314 1478 1341 forma
1502 1312 1583 1341 Ouid.
1598 1313 1662 1339 Met.
1678 1315 1704 1344 6,
1718 1319 1776 1346 452.
1849 1313 1974 1347 Egregius
1996 1314 2082 1340 forma
2097 1315 2171 1341 iuue-

1131 1352 1172 1376 nis
1198 1351 1272 1385 Virg.
1288 1351 1353 1376 Aen.
1361 1352 1387 1382 6,
1402 1353 1455 1380 861.
1548 1348 1657 1382 Insignis
1678 1347 1715 1374 Id.
1731 1347 1795 1374 ibid.
1809 1355 1832 1380 5,
1845 1356 1897 1380 295.
1990 1350 2171 1377 Laudatissima

1131 1385 1211 1413 Ouid.
1227 1386 1304 1420 Epist.
1319 1394 1363 1418 19,
1376 1394 1422 1418 131.
1493 1383 1704 1411 Praestantiffima
1743 1383 1781 1409 Id.
1798 1384 1861 1409 Met.
1878 1391 1920 1416 15,
1940 1392 1993 1416 130.
2086 1387 2171 1412 Perfe-

1132 1421 1239 1448 &iffima
1261 1420 1392 1455 Qiine’fil.
1408 1430 1427 1453 1,
1444 1429 1480 1446 10.
1587 1420 1663 1453 Virg.
1678 1419 1741 1445 Aen.
1756 1427 1776 1448 1,
1789 1421 1824 1453 76
1850 1420 1987 1451 Qnarum,
2006 1429 2073 1454 quae
2086 1421 2172 1448 forma

1133 1457 1324 1491 pulcherrima,
1349 1455 1506 1491 Deiopeiam
1530 1454 1673 1481 Connubio
1688 1454 1794 1488 iungam
1807 1453 1908 1484 stabili,
1935 1456 2122 1491 propriamque
2135 1457 2173 1483 di.

1091 1503 1119 1529 35
1133 1492 1207 1519 cabo.
1304 1492 1410 1518 Candor
1423 1492 1525 1517 formae
1554 1490 1636 1517 Ouid.
1650 1491 1713 1516 Met.
1727 1498 1746 1521 1,
1759 1498 1815 1523 743.
1886 1491 1988 1516 Damna
2002 1491 2103 1518 formae
2133 1492 2172 1519 Id.

1134 1530 1198 1554 Iler.
1215 1534 1248 1560 15,
1264 1536 1299 1559 32.
1371 1528 1456 1553 Decus
1470 1526 1597 1552 eximium
1611 1526 1714 1551 formae
1741 1525 1802 1551 Stat.
1816 1524 1899 1552 Achil.
1917 1534 1937 1558 1,
1951 1534 2011 1559 290.
2083 1528 2174 1562 Digni-

1133 1570 1170 1590 tas
1184 1564 1286 1589 formae
1298 1562 1395 1589 coloris
1408 1562 1527 1588 bonitate
1542 1561 1637 1587 tuenda
1649 1561 1685 1586 est
1715 1560 1771 1586 Cic.
1786 1561 1838 1586 Off.
1854 1569 1880 1593 1,
1897 1570 1947 1592 130,
2019 1562 2100 1589 Dotes
2119 1564 2173 1589 for.

1134 1608 1192 1625 mae
1219 1598 1299 1625 Ouid.
1314 1598 1390 1632 Epist,
1402 1601 1444 1629 16,
1457 1605 1510 1629 305.
1582 1596 1673 1622 Gratia
1686 1596 1788 1621 formae
1819 1596 1855 1621 Id.
1874 1597 1939 1622 Met.
1952 1605 1978 1628 7,
1998 1603 2044 1629 44.
2116 1598 2173 1624 Pul.

1135 1634 1260 1660 chritudo
1272 1634 1374 1660 formae
1403 1632 1534 1666 Quinctil.
1548 1640 1570 1663 2,
1584 1640 1618 1663 15.
1690 1631 1834 1657 veneratio
1847 1631 1949 1656 formae
1972 1631 2062 1656 lustin.
2075 1640 2098 1664 5,
2113 1641 2137 1664 z,
2153 1640 2173 1663 5.

1082 1683 1118 1708 40
1135 1670 1230 1696 Forma
1244 1676 1269 1695 et
1283 1670 1378 1703 species
1393 1668 1510 1694 liberalis
1534 1667 1589 1693 Cic.
1603 1674 1652 1700 pro
1666 1665 1739 1690 Cael.
1752 1668 1775 1690 6-
1869 1665 1938 1691 Ter.
1953 1665 2033 1691 Andr.
2050 1674 2059 1691 1
2069 1686 2076 1698 ,
2099 1676 2107 1692 1
2117 1687 2124 1698 ‚
2141 1676 2174 1700 92.

1134 1707 1237 1730 Interea
1252 1705 1322 1730 inter
1336 1703 1475 1734 mulieres,
1494 1710 1562 1735 quae
1575 1701 1615 1726 ibi
1628 1700 1749 1729 aderant,
1778 1698 1848 1724 forte
1868 1708 1946 1726 vnam
1960 1700 2076 1734 adspicio
2089 1702 2175 1728 adole-

1134 1739 1273 1764 scentulam
1283 1758 1289 1768 ,
1311 1738 1404 1764 forma.
1422 1744 1471 1763 ³0.
1493 1737 1562 1761 bona
1577 1736 1689 1760 fortasse.
1731 1733 1788 1758 ls’id.
1805 1739 1820 1759 Β
1830 1740 1938 1760 ONVS.
2009 1736 2078 1762 Ter.
2094 1738 2174 1766 Andr,

1135 1781 1153 1802 1,
1169 1781 1187 1803 1,
1202 1781 1233 1804 45
1261 1774 1361 1797 Interea
1375 1771 1474 1796 mulier
1488 1770 1614 1803 quaedam
1634 1767 1730 1793 abhinc
1750 1769 1895 1795 triennium
1915 1778 1945 1795 cx
1959 1770 2051 1797 Andro
2066 1774 2175 1799 commi.

1116 1811 1119 1813 “
1135 1807 1221 1839 grauit
1235 1806 1296 1831 huic
1309 1806 1439 1836 viciniae,
1460 1806 1549 1837 inopia
1564 1809 1590 1829 et
1607 1809 1778 1837 cognatorum
1798 1805 1957 1838 negligentia
1979 1806 2080 1837 10383,
2103 1817 2173 1842 egre⁷

1087 1855 1120 1879 43
1134 1841 1175 1874 gia
1189 1841 1292 1872 forma,
1313 1849 1391 1872 atque
1404 1846 1486 1865 aetate
1499 1839 1608 1873 integra.
1681 1839 1781 1865 Eximia
1795 1839 1881 1866 forma
1895 1850 1959 1874 puer
1986 1843 2041 1868 Cic.
2057 1843 2137 1869 Tuse.
2152 1852 2175 1876 5,

1135 1878 1162 1901 61
1176 1884 1198 1901 c.
1214 1884 1251 1901 21.
1320 1876 1440 1901 Eximiae
1460 1881 1594 1909 correptus
1614 1874 1728 1907 imagine
1742 1875 1845 1900 formae
1881 1876 1959 1902 Ouid.
1974 1877 2038 1902 Met.
2053 1887 2071 1910 4
2086 1898 2093 1910 ‚
2116 1881 2174 1913 673,

1132 1912 1176 1937 Al.
1192 1912 1271 1937 Visae
1283 1911 1394 1937 formae.
1469 1911 1555 1944 Fugax
1586 1909 1762 1942 Semffippol.
1778 1912 1794 1935 6
1808 1919 1831 1935 v.
1846 1917 1903 1944 771.
1974 1911 2042 1938 Ter.
2060 1914 2140 1939 Andr.
2154 1923 2174 1946 1,

1135 1955 1143 1971 1
1155 1966 1163 1977 ,
1184 1954 1215 1980 95
1252 1947 1281 1972 Et
1297 1948 1357 1979 quia
1373 1951 1427 1972 crat
1441 1945 1527 1971 forma
1541 1950 1643 1979 practer
1658 1951 1769 1970 caeteras
1785 1944 1889 1971 honesta
1902 1952 1928 1972 et
1940 1945 2053 1974 liberali.
2125 1951 2175 1975 Ι111-

1133 1982 1266 2015 peratoria
1295 1982 1365 2014 Nep.
1382 1990 1414 2011 11,
1429 1989 1451 2012 3,
1464 1989 1482 2006 1.
1555 1980 1664 2013 Indigna
1676 1979 1711 2005 est
1724 1980 1800 2013 pigro
1814 1981 1899 2007 forma
1912 1983 1999 2015 perire
2013 1984 2061 2010 litu
2093 1985 2175 2013 Ouid.

1082 2027 1113 2052 50
1133 2017 1225 2042 Amor.
1239 2024 1264 2048 2,
1279 2024 1300 2048 3,
1314 2025 1352 2048 14.
1424 2015 1567 2041 Luculenta
1577 2035 1584 2046 ‚
1611 2014 1663 2040 vid.
1677 2022 1692 2041 L
1704 2022 1721 2040 v
1733 2021 1749 2040 C
1763 2022 1780 2039 v
1792 2022 1832 2041 LE
1845 2022 1866 2041 N
1878 2024 1899 2043 Τ
1912 2024 1929 2042 ν
1941 2025 1963 2043 s.

1134 2060 1156 2083 3,
1172 2059 1196 2082 2,
1210 2060 1244 2078 12.
1316 2051 1443 2085 Negleeta
1475 2052 1554 2078 Ouid.
1569 2051 1601 2075 dc
1615 2051 1678 2076 Arte
1693 2051 1750 2076 Am.
1766 2059 1783 2081 1,
1796 2059 1853 2083 509.

1133 2086 1223 2113 &urae
1232 2106 1240 2118 ‚
1260 2086 1312 2112 vid.
1328 2094 1349 2113 N
1360 2094 1367 2112 1
1379 2093 1399 2111 Τ
1409 2093 1425 2112 E
1435 2092 1466 2112 0.

2096 503 2164 529 Ter-

2000 2019 2067 2046 Ter.
2078 2020 2173 2047 Heaut.

1927 2053 2022 2080 Nitida
2036 2054 2122 2081 forma
2136 2058 2174 2090 pi.

1537 2086 1605 2111 Gell.
1621 2094 1649 2117 5,
1665 2094 1685 2111 11
1711 2087 1783 2112 Inter
1796 2087 1867 2113 enim
1879 2088 2082 2121 pulcherrimam
2098 2091 2177 2118 femi-

1132 2130 1190 2147 nam
1205 2127 1231 2148 et
1243 2121 1457 2147 deformiffimam
1472 2121 1558 2147 media
1574 2121 1699 2155 quaedam
1720 2121 1806 2147 forma
1821 2123 1871 2155 est,
1896 2132 1962 2158 quae
1973 2134 1987 2151 a
2007 2126 2106 2152 nimiae
2118 2127 2175 2161 pul-

1132 2156 1290 2182 chritudinis
1310 2157 1446 2190 periculo,
1468 2163 1493 2183 et
1513 2165 1527 2182 a
1547 2157 1650 2182 summo
1668 2156 1844 2184 deformitatis
1857 2158 1921 2185 odio
1940 2166 2027 2187 vacat:
2061 2162 2146 2196 qualis
2160 2171 2175 2189 a

1090 2203 1118 2230 55·
1133 2192 1237 2224 Q1into
1250 2192 1336 2218 Ennio
1351 2193 1379 2218 in
1392 2192 1542 2226 Menalippa
1551 2211 1558 2223 ‚
1580 2201 1706 2226 perquam
1720 2192 1831 2227 eleganti
1845 2194 1976 2221 vocabulo
1990 2196 2053 2222 stata
2066 2197 2174 2229 dicitur,

1132 2236 1199 2261 quae
1213 2236 1299 2262 neque
1313 2227 1389 2261 κοινὴ,
1411 2227 1437 2253 id
1455 2228 1490 2253 est
1509 2229 1673 2260 communis,
1699 2227 1789 2254 futura
1814 2228 1860 2261 sit,
1883 2239 1969 2265 neque
1988 2231 2067 2264 nomi,
2091 2232 2118 2258 id
2139 2233 2175 2259 est

1132 2271 1230 2297 poena,
1259 2272 1338 2297 quam
1360 2264 1476 2289 formam
1495 2263 1626 2289 modicam
1644 2271 1668 2289 et
1686 2263 1831 2298 modestam
1845 2265 1992 2292 Fauorinus
2005 2276 2058 2293 non
2073 2268 2175 2295 meher-

1132 2300 1189 2324 cule
1202 2298 1294 2325 inscite
1307 2299 1419 2333 appellat
1437 2299 1568 2325 vitoriam.
1640 2299 1739 2324 Ennius
1758 2305 1845 2325 autem
1866 2300 1893 2326 in
1914 2301 1975 2334 ista,
2001 2312 2078 2337 quam
2099 2303 2174 2336 dixi,

1132 2334 1283 2369 tragoedia,
1312 2343 1354 2361 eas
1377 2335 1433 2361 fere
1456 2335 1568 2361 feminas
1589 2334 1627 2360 ait
1650 2335 1779 2361 incolumi
1796 2335 1922 2369 pudicitia
1937 2338 2000 2370 effe,
2029 2348 2096 2373 quae
2112 2340 2174 2367 stata

1092 2371 1217 2398 (oforma
1231 2370 1328 2396 forent.
1400 2370 1518 2405 Superba
1560 2369 1728 2403 Ouidffipist.
1746 2379 1788 2402 21,
1804 2379 1839 2402 33.
1938 2373 2064 2408 Virginea
2087 2375 2174 2402 forma

1131 2414 1196 2440 puer
1222 2406 1259 2432 Id.
1273 2407 1338 2432 Met.
1351 2414 1374 2437 3,
1388 2408 1448 2440 607.
1546 2405 1679 2431 Adiuuarc
1692 2406 1805 2432 formam
1818 2415 1878 2434 cura
1887 2427 1894 2439 ,
1922 2409 1974 2434 vid.
1997 2417 2017 2435 A
2027 2417 2046 2436 D
2059 2416 2068 2435 1
2079 2418 2100 2436 v
2110 2417 2131 2436 v
2142 2417 2173 2437 o.

1130 2441 1244 2467 Auferre
1264 2441 1394 2473 formam,
1427 2440 1481 2467 vid.
1512 2446 1680 2467 AVFERO.
1772 2442 1876 2475 Largiri
1907 2442 2020 2470 formam
2052 2445 2173 2478 pluribus

1129 2476 1262 2510 Qiintffil.
1276 2485 1299 2510 5,
1314 2486 1344 2507 11,
1358 2480 1398 2503 26.
1423 2479 1578 2504 meretricum
1590 2474 1632 2509 cst.
1702 2476 1821 2502 Laudare
1838 2477 1950 2504 formam
1971 2479 2082 2506 alicuius
2114 2482 2170 2507 Cic.

1128 2513 1229 2544 Fam.1,
1245 2522 1269 2545 9.
1289 2514 1325 2539 Ex
1339 2513 1482 2539 Terentio.
1557 2511 1673 2537 Laudata
1705 2512 1785 2537 Ouid.
1802 2512 1879 2546 Epist.
1895 2521 1929 2545 15,
1944 2522 1989 2545 131.
2062 2516 2087 2541 Si
2102 2516 2170 2542 mihi

1082 2551 1113 2584 65
1128 2547 1245 2574 difficilis
1259 2548 1374 2574 formam
1387 2554 1480 2573 natura
1493 2546 1624 2580 Negant,
1643 2547 1753 2580 Ingenio
1760 2547 1862 2573 formae
1870 2547 1962 2575 damna
1975 2550 2091 2583 rependo
2098 2560 2171 2578 meae

1127 2583 1165 2609 Id.
1181 2585 1245 2609 Her.
1263 2592 1297 2615 15,
1310 2592 1345 2614 31.
1416 2582 1526 2608 Perdere
1539 2580 1653 2607 formam
1662 2601 1670 2612 ,
1695 2581 1748 2607 vid.
1768 2589 1783 2607 P
1792 2589 1808 2608 Ε
1817 2589 1835 2607 R
1845 2588 1864 2608 D
1875 2588 1906 2609 O.
1979 2585 2099 2613 Polluere
2118 2587 2171 2613 for-

1127 2627 1197 2644 mam
1223 2617 1323 2643 Tibul.
1341 2627 1367 2650 1,
1383 2626 1409 2650 9,
1425 2625 1463 2651 ¹7·
1534 2615 1707 2650 Populabitur
1717 2623 1786 2643 aetas
1801 2617 1915 2644 formam
1945 2619 2025 2646 Ouid.
2041 2621 2073 2648 de
2087 2622 2172 2649 Medi-

1127 2662 1192 2679 cam.
1206 2652 1285 2678 faciei
1299 2660 1341 2685 45.
1413 2651 1549 2678 Prostituis
1570 2651 1701 2681 formam,
1720 2658 1749 2678 vt
1769 2653 1866 2679 vendas
1898 2655 2002 2682 Petron.
2016 2660 2069 2683 126.
2111 2658 2171 2684 Vid.

1126 2697 1181 2713 „mx
1196 2693 1355 2713 VENDERE-
1428 2688 1551 2719 Veteres,
1570 2689 1653 2722 inquit
1667 2687 1783 2713 Donatus
1808 2689 1908 2722 (ulfi-io
1920 2693 1991 2725 quis,
2010 2692 2088 2728 nescio
2105 2694 2170 2728 vbi)

2144 2738 2157 2755 c

1128 2758 1190 2784 ideo
1204 2758 1338 2790 fornaces,
1362 2758 1492 2792 forcipes,
1512 2758 1643 2789 formam,
1663 2764 1688 2784 et
1701 2758 1846 2785 formosos:
1864 2769 1895 2786 ex
1910 2761 2006 2795 quibus
2020 2763 2088 2796 ignis
2099 2735 2171 2791 3111οῗ

1127 2794 1164 2820 ris
1177 2793 1307 2820 exoritur.
1350 2793 1408 2820 Vid.
1427 2799 1443 2819 F
1457 2799 1476 2819 o
1489 2799 1506 2819 R
1518 2800 1542 2819 M
1552 2800 1593 2819 VS
1604 2814 1611 2825 ,
1633 2801 1661 2825 a,
1681 2802 1736 2820 um.
1810 2795 1889 2822 Ouid.
1904 2798 1967 2823 Met.
1982 2806 2019 2830 10,
2035 2801 2082 2833 614
2112 2800 2169 2827 Nec

1128 2829 1215 2855 forma
1228 2829 1357 2863 Tangor,
1387 2835 1505 2864 poteram
1522 2834 1608 2855 tamen
1622 2828 1670 2855 hac
1692 2838 1800 2864 quoque
1820 2832 1901 2866 tangi.
1974 2834 2094 2861 Vendere
2115 2835 2171 2862 for—

1128 2873 1213 2896 mam,
1235 2871 1264 2891 vt
1277 2865 1399 2899 Largiri,
1420 2867 1585 2891 meretricium
1609 2864 1677 2890 Tib.
1692 2874 1711 2897 1,
1728 2873 1762 2897 13,
1778 2875 1810 2898 51.
1966 2866 1986 2906 q
2007 2878 2018 2901 3
2056 2871 2170 2905 Metony-

1081 2907 1113 2934 75
1126 2903 1186 2927 mice
1198 2901 1286 2926 forma
1296 2904 1400 2935 ponitur
1407 2908 1455 2935 pro
1467 2900 1545 2935 puella
1553 2900 1677 2936 formosa.
1729 2901 1797 2929 Ter.
1812 2901 1876 2933 Eun.
1890 2911 1916 2934 2,
1928 2911 1950 2935 3,
1966 2907 1983 2930 6
2008 2905 2113 2932 Taedet
2127 2906 2171 2933 ha·

1125 2945 1184 2962 rum
1199 2936 1416 2970 quotidianarum
1430 2936 1586 2962 formarum.
1640 2937 1715 2970 Prop.
1729 2944 1750 2967 2,
1763 2945 1797 2969 21,
1810 2945 1837 2969 53
1860 2939 2004 2966 Vobiscum
2024 2941 2053 2975 (0
2072 2942 2169 2977 infert)

1127 2972 1163 2998 est
1177 2972 1248 3004 Iole,
1275 2979 1319 2998 etc.
1374 2972 1405 2998 Et
1425 2977 1491 3006 quot
1512 2972 1576 2998 Iona
1598 2971 1675 3004 tulit,
1701 2978 1775 2998 vetus
1800 2979 1826 2998 ct
1849 2981 1914 3007 quot
1939 2974 2037 3002 Achaia
2060 2977 2168 3004 formas.

1126 3009 1158 3034 Et
1171 3016 1195 3037 2,
1209 3016 1231 3040 2,
1244 3016 1276 3041 42
1303 3007 1361 3033 Post
1374 3007 1501 3033 Helenam
1515 3007 1578 3033 haec
1590 3007 1667 3033 terris
1682 3008 1769 3034 forma
1783 3008 1890 3035 secunda
1905 3010 1983 3037 redit.
2055 3013 2087 3037 Et
2100 3021 2124 3043 2,
2139 3021 2167 3045 4,

1127 3048 1157 3072 28
1183 3043 1296 3075 Cynthia
1311 3044 1399 3069 forma
1412 3052 1519 3077 porcus,
1538 3042 1652 3075 Cynthia
1667 3043 1753 3070 forma
1765 3043 1839 3069 leuis.
1895 3046 1963 3071 Hinc
1976 3046 2085 3072 declarat
2104 3049 2168 3073 Bur-

1081 3083 1112 3106 80
1126 3088 1229 3105 mannus
1242 3078 1305 3104 illud
1323 3078 1455 3112 Qinffll.
1471 3078 1541 3104 Dccl.
1558 3087 1598 3111 15,
1619 3087 1631 3105 2
1649 3087 1673 3113 p.
1690 3086 1739 3112 307
1770 3080 1892 3105 Formam
1913 3087 2047 3106 vacantem
2070 3090 2166 3108 vocare

1125 3114 1301 3140 meretricem.
1476 3112 1496 3151 ff
1516 3124 1535 3147 4
1572 3116 1661 3141 Omnis
1679 3117 1784 3140 omnium
1801 3124 1882 3140 rerum
1900 3114 2032 3150 descriptio
2046 3122 2070 3142 ct
2084 3119 2166 3153 imago

1126 3150 1241 3186 quaedam
1255 3151 1296 3176 vel
1307 3156 1385 3176 mente
1396 3157 1526 3184 concepta,
1552 3151 1593 3176 vel
1611 3158 1748 3185 quocunque
1765 3149 1833 3175 modo
1844 3149 1957 3185 figuris,
1977 3152 2065 3181 lineis,
2081 3151 2166 3188 figitis

1124 3185 1249 3221 exprzffa,
1270 3186 1366 3211 Forma
1380 3183 1421 3218 ςίὶ.
1461 3186 1604 3222 Talessunt
1614 3183 1813 3212 Architec‘torum
1825 3185 1943 3212 Formae.
2014 3187 2165 3222 Plin.Epist.

1126 3230 1152 3254 9,
1170 3229 1199 3253 39
1231 3222 1266 3247 Vt
1281 3222 1395 3248 formam
1413 3221 1542 3256 (templi)
1559 3220 1699 3247 secundum
1718 3220 1848 3246 rationem
1869 3220 1922 3247 loci
1936 3221 2040 3248 scribas.
2094 3223 2164 3249 Adel.

1084 3261 1112 3290 85
1126 3257 1195 3283 Gell.
1213 3265 1250 3289 19,
1265 3266 1301 3283 10.
1373 3257 1478 3282 Sueton.
1489 3257 1561 3283 Caes.
1571 3265 1623 3288 (.31
1651 3256 1777 3282 Vitruuio
1792 3256 1950 3290 exemplaria
1957 3258 2026 3291 pitia
2037 3263 2063 3283 et
2076 3258 2165 3285 defor-

1125 3292 1218 3319 matio.
1289 3292 1345 3319 Cic.
1360 3293 1431 3318 Fam.
1444 3301 1468 3324 2,
1482 3298 1494 3322 Β
1526 3293 1710 3326 Metaphorice,
1737 3292 1771 3317 Vt
1785 3299 1816 3317 ex
1836 3293 1888 3318 tuis
1908 3292 1999 3323 literis,
2014 3302 2094 3327 quum
2109 3294 2164 3321 for-

1125 3337 1196 3355 mam
1210 3327 1380 3362 Reipublicae
1393 3327 1508 3354 viderim
1518 3347 1524 3358 ‚
1544 3328 1622 3361 quale
1635 3326 1784 3352 aedificium
1798 3327 1916 3354 futurum
1931 3328 1975 3360 sit,
1994 3329 2059 3355 scire
2066 3328 2163 3363 posl'un.

1125 3365 1244 3390 Mutatur
1260 3364 1356 3390 iterum
1371 3364 1457 3389 forma
1469 3363 1584 3389 ciuitatis
1598 3363 1760 3388 Dccemfflris
1774 3363 1920 3389 constitutis
1950 3365 2010 3389 Liu.
2029 3373 2057 3396 3,
2078 3372 2103 3396 33
2119 3372 2163 3400 pr.

1125 3400 1223 3427 Auson.
1238 3399 1341 3426 Mosell.
1359 3404 1404 3432 298
1440 3399 1552 3425 Pandere
1575 3398 1717 3425 tectonicas
1742 3407 1787 3432 per
1809 3398 1907 3432 singula
1929 3398 2035 3433 praedia
2055 3400 2163 3427 formas.

447 3438 503 3465 Nec
515 3448 581 3465 vero
594 3438 713 3472 intelligo
723 3458 730 3469 ,
748 3446 793 3462 (111·
805 3437 928 3463 maluerit
940 3436 1064 3469 Epicurus
1074 3443 1109 3468 90
1125 3435 1181 3462 Cic.
1190 3435 1241 3462 Off.
1253 3443 1273 3467 1,
1287 3444 1316 3467 14
1343 3436 1466 3461 Formam
1480 3433 1588 3472 quidem
1602 3434 1684 3468 ipsam
1696 3435 1784 3459 Marce
1798 3433 1852 3465 fili,
1879 3439 1904 3459 et
1922 3439 2045 3468 tanquam
2067 3435 2163 3462 faciem

1125 3470 1227 3503 honesti
1242 3470 1325 3497 vides.
1397 3470 1434 3496 Id.
1447 3469 1478 3496 de
1493 3470 1549 3497 Fin.
1563 3479 1593 3502 2,
1609 3475 1641 3502 48
1662 3478 1682 3495 c.
1701 3476 1724 3501 15
1758 3468 1844 3495 Habes
1862 3468 1979 3504 vndiquc
1994 3471 2123 3505 expletam
2137 3476 2163 3498 et

1125 3506 1269 3540 perfeetam
1279 3526 1286 3538 ,
1314 3506 1471 3540 Torquate,
1496 3506 1611 3532 formam
1627 3504 1775 3531 honestatis.
1863 3505 1893 3530 In
1914 3504 2023 3533 breuem
2048 3506 2163 3533 formam

1125 3540 1247 3568 contrahi
1270 3541 1352 3568 Ouid.
1368 3542 1431 3567 Met.
1447 3549 1469 3574 5,
1481 3548 1541 3576 457.
1612 3540 1651 3566 Ad
1664 3540 1776 3566 formam
1808 3539 1871 3564 Plin.
1885 3548 1916 3571 9,
1938 3549 1973 3572 23.
2042 3543 2164 3569 Innume-

1125 3576 1221 3603 rabiles
1235 3585 1316 3611 paene
1330 3578 1387 3603 sunt
1405 3577 1508 3604 formae
1524 3576 1674 3610 figuraeque
1696 3574 1798 3600 dicendi
1822 3575 1906 3608 specie
1918 3575 2048 3610 dispares,
2069 3586 2164 3612 genere

1640 3610 1793 3644 Exprimere
1805 3610 1934 3643 quandam
1949 3612 2078 3645 formam,
2100 3613 2163 3648 figu-

1124 3656 1234 3681 ramque
1247 3647 1353 3674 dicendi
1376 3647 1413 3673 Id.
1427 3648 1492 3673 ibid.
1506 3656 1531 3678 2,
1544 3652 1584 3679 98.
1655 3646 1691 3671 Id.
1708 3645 1734 3670 in
1748 3645 1819 3671 Brut.
1832 3648 1866 3679 69
1902 3647 1999 3673 Ornari
2013 3649 2162 3675 orationem

1125 3683 1219 3708 Graeci
1232 3688 1339 3717 putant,
1359 3682 1376 3709 fi
1390 3683 1536 3710 verborum
1551 3680 1780 3708 immutationibus
1799 3687 1919 3714 vtantur‚
1948 3692 2014 3717 quos
2033 3685 2162 3719 appellant

1125 3717 1225 3751 τρόπεςε
1261 3724 1287 3744 et
1300 3718 1488 3745 sententiarum
1507 3716 1687 3749 orationisque
1706 3715 1817 3748 formis,
1841 3726 1908 3752 quae
1927 3724 2024 3745 vocant
2041 3720 2160 3755 γήματα.

1127 3753 1180 3788 Ipse
1195 3752 1290 3779 cicero
1303 3753 1363 3779 alibi
1377 3754 1566 3780 Sententiarum
1580 3757 1746 3783 ornamenta.
1763 3757 1789 3778 ct
1800 3752 1915 3785 lumina,
1941 3761 1964 3780 et
1979 3757 2005 3780 in
2020 3747 2099 3781 Briito
2114 3762 2161 3785 140

1570 3787 1665 3813 Forma
1679 3786 1820 3814 honestatis
1833 3795 1859 3815 et
1873 3789 2018 3817 limilitudo
2050 3789 2105 3814 Cic.
2128 3788 2160 3813 de

1345 3825 1449 3858 Ingenii
1468 3825 1554 3849 forma
1566 3821 1707 3849 admodum
1721 3823 1842 3857 impolita
1856 3831 1881 3851 et
1896 3825 1970 3859 plane
1984 3823 2055 3849 rudis
2086 3822 2159 3849 Idem

1126 3859 1156 3885 de
1172 3859 1242 3885 Clar.
1255 3860 1329 3884 Orat.
1338 3867 1400 3892 294.
1502 3857 1604 3891 Ingenii
1615 3857 1702 3884 forma
1714 3858 1815 3885 lucebat
1828 3866 1853 3886 et
1876 3859 2061 3886 exercitatione
2076 3858 2159 3891 perfe-

1125 3895 1166 3921 613
1180 3900 1235 3920 erat
1262 3893 1300 3919 Id.
1314 3894 1380 3920 ibid.
1395 3902 1453 3929 227.
1525 3893 1584 3919 Liu.
1598 3901 1622 3924 2,
1634 3899 1667 3927 48
1695 3894 1744 3920 Res
1756 3896 1877 3929 proxime
1887 3893 2031 3921 Latrocinii
2045 3893 2158 3918 formam

1123 3935 1240 3957 venerat.
1312 3929 1359 3955 Sed
1378 3930 1447 3955 Vell.
1468 3937 1483 3954 2
1495 3947 1502 3959 ,
1527 3931 1572 3960 61,
1592 3937 1608 3954 2.
1646 3930 1676 3955 In
1702 3930 1817 3956 formam
1846 3931 1905 3956 iusti
1929 3927 2057 3954 exercitus
2078 3927 2157 3953 coire.

1126 3824 1183 3850 Fin.
1197 3831 1220 3856 5,
1232 3826 1276 3855 69.

1278 3999 1395 4025 Xxxx
2129 3997 2159 4023 in
