2479 4225
0 2843 2 2856 'V
42 2849 171 2876 libertatis
190 2851 330 2877 exarsimus
356 2851 394 2878 Id.
410 2851 521 2886 Philipp.
539 2861 569 2891 4,
588 2853 624 2877 16.

6 3116 9 3125 ,
48 3096 128 3122 Ouid.
140 3099 203 3125 Met.
217 3108 251 3132 13,
266 3108 321 3134 543.

65 231 129 274 453

28 3956 40 3961 >⁴
50 3952 70 3970 1.
87 3948 104 3972 i.
125 3948 214 3975 Exorta
223 3949 293 3986 sunt.
318 3949 391 3976 Cons.
402 3949 471 3983 ΝΘΡ-
489 3957 524 3980 22,
539 3957 564 3981 2,
579 3957 597 3974 ¹⁴

433 217 721 259 EXA

99 312 264 339 εκΑΝιο,
288 307 330 334 vel
353 312 542 339 exuuio,
565 311 617 333 are.
655 305 810 342 [inituram]
845 302 885 331 Ab
904 302 940 329 Ex
961 308 985 329 et
1004 302 1092 329 Sanies

63 343 160 378 composi
172 341 302 378 fignificat
321 343 415 370 samem
435 349 458 368 et
477 345 548 368 virus
568 346 708 378 exprimere.
752 340 817 366 Cels.
832 346 853 371 ς,
868 346 899 372 27
925 338 964 364 Sal
984 347 1092 372 quoque

62 379 103 406 his
122 381 311 412 praecipueque
325 379 366 411 ei,
381 377 452 411 quod
466 379 535 404 canis
555 378 634 413 fecit,
651 377 870 404 medicamentum
890 374 942 405 est,
962 373 980 399 si
1000 383 1092 399 manus

62 413 166 441 vulneri
190 413 226 439 im
246 413 352 445 onitur,
378 413 550 448 superque-id
569 414 670 440 duobus
686 411 774 446 digitis
791 412 960 436 verberatur:
987 410 1091 434 exaniat

62 457 140 476 enim.

62 489 88 512 et
99 483 201 518 postero
214 483 257 510 die
270 485 386 518 pondere
401 485 507 518 pressam
524 485 625 511 baccam
639 483 711 510 velut
731 481 857 507 exaniari.

95 526 270 553 ΕΧΑΝΤΕ,
289 527 338 555 pro
351 523 427 546 Ante.
452 520 507 546 1⁷1'a'.
529 525 636 546 ANTE
659 527 684 543 n.
698 527 741 555 43
961 550 967 555 .

94 561 112 581 Ε
121 562 138 582 Χ
147 561 169 581 Α
179 562 200 581 Ν
210 562 231 581 T
240 561 260 581 Η
270 562 286 581 Ε
296 562 319 580 M
330 562 350 580 Α
361 562 382 582 Τ
391 562 412 581 Α
421 575 428 587 ,
448 555 638 589 [ἐξανθήματα]
667 553 740 586 Qasr
756 558 783 577 tu
797 550 997 577 efflorescentias
1012 549 1091 583 diem,

51 588 114 626 fiant
129 588 243 616 Pustulae
258 591 406 626 papulaeqiie
426 601 504 617 omnir
519 592 615 626 generis
631 595 709 613 cutem
728 585 891 622 infestantes,
903 588 1051 622 speciatim,
1065 593 1093 612 υτ

58 623 92 658 eft
104 625 172 660 apud
183 625 248 652 Cels.
263 634 285 658 ς,
298 631 337 656 28,
351 635 374 656 ις
393 635 460 661 quac
473 634 504 652 ex
517 625 600 652 vrtica
613 630 638 649 et
655 631 686 648 ex
700 622 795 648 sudore
807 623 959 653 nascuntur,
972 627 997 648 et
1011 622 1090 647 modo
1108 631 1137 649 io

58 659 171 694 rubent,
186 661 266 687 modo
281 661 398 688 colorem
411 662 477 688 cutis
491 669 543 687 nou
556 658 693 690 excedunt,
705 665 750 684 etc.

78 697 80 700 “
94 702 111 722 Ε
123 703 170 723 ΧΑ
179 704 200 722 Ν
209 703 255 723 TL
265 704 295 730 o,
315 699 355 723 ves
375 704 391 723 13
400 705 418 724 x
429 705 449 723 Α
460 703 481 722 Ν
491 702 577 726 (21.0,
598 699 651 720 sire.
671 693 818 727 [ἐξαντλεῖν]
841 692 985 719 Exhaurire.
1006 692 1088 719 Plaut.

61 730 149 758 Sticho
162 740 182 764 1,
199 740 221 764 3,
237 734 274 758 116
302 732 360 759 Nae
380 733 426 759 iste
446 730 537 765 edepol
558 730 649 755 vinum
670 729 767 763 poculo
788 728 934 762 pauxillulo
955 729 1034 762 Saepe
1048 737 1090 753 ex-

58 766 167 793 antiauit
187 766 337 794 submerum
351 766 483 794 scitissime.
520 766 617 791 Ennius
631 764 768 790 Euinenid.
784 771 824 798 ap.
840 764 911 790 Non.
924 772 952 796 4,
967 771 1005 796 155
1033 763 1089 789 Nisi

57 808 158 844 patrem
170 809 290 830 materno
303 804 426 837 sanguine
438 800 594 827 exantlando
607 800 766 827 vlciscerein.
789 799 830 825 Gl.
840 798 942 825 Philox.
958 799 1089 831 lixam-lat,
1108 806 1132 831 ¹5

56 836 163 872 ἄρνες-σει.
319 838 339 876 Ἴ
360 847 375 865 2
411 836 497 863 Eadem
519 837 675 870 metaphora,
700 844 749 871 qua
762 834 918 866 exhaurire,
937 834 971 859 ad
986 835 1088 867 labores,

54 870 220 908 molestiasque
231 872 349 910 refertur.
384 871 510 898 Pacuuius
523 873 590 907 apud
603 872 674 898 Non.
688 872 704 897 1.
719 881 740 897 c.
769 871 834 897 Non
852 868 949 904 potest,
963 869 1089 903 Menalip-

52 912 103 943 'pe,
117 907 160 934 hic
181 908 232 935 sine
245 916 289 936 tua
308 916 385 943 opera
399 907 526 933 exantlari
548 907 635 933 clauos
656 907 747 939 (labos
760 905 883 941 legendum
903 904 968 931 resse
987 908 1089 931 coniicit

54 944 214 979 Meroe-rus.)
251 945 345 971 Ennius
365 942 431 969 ibid.
449 952 478 968 ex
497 942 662 968 emendatione
682 943 792 969 Mer-ceri
805 941 918 974 Quantis
937 949 996 966 cum
1015 950 1088 966 aeru-

53 978 123 1006 mnis
136 979 214 1006 illum
227 979 355 1006 exantlaui
367 977 446 1004 diem.

55 1014 161 1040 saeuum
181 1015 326 1049 ingenium:
359 1020 384 1040 et
407 1013 539 1048 Amphitr.
563 1013 701 1048 cladesque
733 1013 892 1039 exantlarem
919 1012 1089 1045 impetibiles.

54 1049 140 1076 Lucil.
156 1050 222 1078 ibid.
255 1051 369 1083 Quantas
391 1058 498 1083 quoque
523 1049 603 1075 niodo
625 1056 777 1079 aerumnas,
801 1053 964 1081 quantosque
986 1047 1089 1074 labores

53 1084 208 1112 Exantlaris.
262 1085 317 1111 cic.
331 1084 423 1110 Diuin.
440 1094 462 1118 2,
477 1088 513 1118 64
525 1094 547 1110 c.
562 1094 592 1117 30
610 1093 638 1110 ex
655 1085 773 1115 Homero,
791 1083 850 1110 Tot
864 1091 912 1108 nos
924 1082 956 1109 ad
971 1083 1088 1110 Troiam

52 1119 120 1147 belli
139 1119 325 1147 exantlabimus
341 1129 431 1146 annos.
487 1120 559 1146 Idem
574 1129 602 1146 ex
618 1120 730 1154 Sophocle
743 1119 826 1144 Tusc.
840 1126 863 1149 2,
878 1127 912 1144 20
933 1127 954 1144 c.
970 1123 983 1148 8
1013 1121 1088 1153 Qiae

53 1164 164 1190 corpore
182 1155 312 1182 exantlaui
331 1161 409 1189 atque
427 1156 517 1182 animo
534 1155 641 1190 pertuli.
666 1156 706 1181 Sic
718 1153 830 1180 Lambin.
849 1153 942 1189 exfiiis
953 1154 1027 1181 MSS.
1044 1164 1087 1180 ex-
1106 1155 1134 1182 ⁸5
1147 1161 1205 1189 pter
1225 1156 1411 1189 antiquitatem,
1426 1163 1496 1189 quam
1508 1153 1629 1180 redolent.

51 1192 154 1218 anclato
165 1193 198 1218 al.
234 1191 305 1217 Ideni
319 1191 397 1217 Acad.
414 1196 457 1221 108
471 1200 492 1217 c.
506 1199 539 1224 34
564 1191 705 1224 Credoque
717 1189 879 1216 Clitomachi
896 1190 931 1215 ita
952 1190 1088 1223 scribenti,

52 1226 164 1253 Herculi
178 1225 307 1260 quendam
326 1226 445 1253 laborem
460 1226 618 1252 exantlatum
636 1234 652 1252 a
665 1224 807 1252 Carneade.
863 1226 893 1251 Et
905 1226 980 1260 plane
998 1235 1026 1251 ex
1038 1226 1087 1262 fica

0 1272 5 1279 ³
46 1263 154 1301 perfinia
167 1262 246 1288 Tusc.
260 1258 350 1289 i‘cxtr.
380 1263 438 1289 Nec
457 1261 485 1288 id
503 1261 621 1296 gigneret
635 1266 680 1288 aut
696 1261 794 1293 aleret,
814 1260 886 1295 quod
900 1270 958 1286 cum
974 1262 1088 1288 exantla-

50 1298 124 1323 visset
143 1306 232 1323 omnes
252 1297 371 1330 labores,
387 1304 444 1324 tum
467 1297 595 1323 incideret
611 1297 639 1323 in
659 1297 753 1323 mortis
771 1296 870 1323 malum
890 1296 1087 1330 sempiternum.

52 1330 189 1364 Festinant
206 1342 277 1368 ergo,
290 1340 319 1359 vt
335 1333 435 1359 videtur

52 1366 86 1394 ab
94 1367 192 1394 vltimis
205 1369 290 1395 etiam
303 1368 450 1395 obliteratis
464 1368 628 1403 temporibus
641 1368 723 1403 refert
733 1368 778 1394 hoc
789 1368 896 1393 verbum.

52 1403 213 1439 obtrusiones
232 1404 302 1430 Cael.
317 1405 380 1430 Aur.
394 1404 468 1430 Acut.
489 1413 515 1438 i,
529 1412 563 1436 ις,
584 1411 634 1436 125.
689 1404 720 1429 Et
737 1412 761 1433 2,
781 1411 823 1435 39,
837 1411 874 1435 23¹
889 1409 954 1430 extr.
981 1404 1032 1429 Hic
1051 1403 1087 1429 est

51 1437 98 1464 ille
118 1439 275 1473 Asclepiades
295 1440 423 1475 frigidans
444 1446 522 1474 atque
540 1439 708 1470 calefaciens,
724 1439 857 1465 exantlans
877 1444 955 1472 atque
975 1440 1089 1473 replens,

50 1481 76 1499 et
88 1474 225 1501 contrariis
238 1475 339 1510 semper
351 1481 424 1502 vtens
436 1475 523 1502 rebus.
679 1472 699 1511 Ἴ
719 1482 731 1506 3
768 1476 806 1500 De
822 1474 1002 1510 orthographia
1019 1482 1089 1500 tanto

949 1368 1087 1394 Exantlare

48 1506 179 1542 difficilius
196 1508 230 1543 est
243 1510 341 1546 aliquid
357 1514 420 1537 certi
435 1518 539 1546 ponere,
554 1519 606 1536 cum
626 1513 653 1536 in
672 1509 861 1545 Lovigobardica
874 1511 1023 1545 scriptura,
1042 1519 1089 1546 qua
1106 1512 1135 1539 35
1152 1509 1245 1535 Tacit.
1261 1509 1328 1536 Hist.
1343 1518 1362 1542 i,
1378 1518 1402 1541 31
1433 1509 1583 1542 Longinum
1597 1509 1717 1533 manibus
1732 1511 1854 1534 coercent
1867 1517 2060 1546 exarmantque.

48 1548 146 1571 exarati
156 1545 220 1580 sunt
234 1548 345 1582 plerique
360 1546 454 1573 codices
468 1549 534 1572 inter
549 1551 566 1572 C
582 1552 606 1572 et
621 1551 642 1570 T
656 1545 722 1571 nihil
733 1544 793 1580 fere
804 1544 843 1578 sit
861 1545 1032 1583 discriminis:
1050 1553 1089 1572 ta-

47 1588 104 1612 ceo,
116 1580 180 1616 quod
194 1584 260 1608 inter
276 1582 390 1608 'eruditos
409 1584 483 1608 etiam
503 1581 621 1607 librarios
635 1582 719 1614 potuit
738 1578 780 1612 effi?
794 1578 912 1614 dffinsto·
949 1581 1049 1607 Literae
1065 1588 1088 1607 T

46 1618 123 1641 nimis
134 1616 210 1651 fauet
225 1615 339 1649 constans
360 1618 581 1643 Grammaticorum
599 1615 683 1647 Festi,
695 1614 799 1647 Nonii,
814 1622 859 1641 etc.
883 1614 1035 1650 obseruatio,
1047 1619 1090 1650 qui

48 1650 223 1678 exhauriendi
241 1655 362 1678 notionem
381 1652 439 1678 huic
454 1651 526 1678 uerbo
544 1650 684 1687 affignant‚
703 1659 763 1685 quae
784 1648 870 1676 exiisse
888 1650 946 1676 adeo
962 1650 1090 1685 respondet

48 1687 142 1712 Graeco
161 1687 289 1718 ἐξαντλεῖν·
309 1686 374 1721 quod
385 1686 482 1713 verbum
496 1686 593 1712 eandem
605 1683 728 1722 sustinere
741 1685 908 1720 metaphoram
919 1684 1025 1718 ostendit
1037 1687 1089 1712 Da·
1097 1697 1135 1723 40
1152 1685 1226 1721 Conf.
1247 1687 1331 1712 Posset.
1348 1687 1402 1711 For.
1422 1687 1491 1711 Rom.
1508 1695 1532 1718 4,
1543 1694 1581 1718 14.

48 1718 127 1753 vilius
138 1721 172 1747 ad
185 1723 240 1748 Cic.
254 1722 336 1749 Tusc.
351 1731 362 1749 1
374 1728 438 1749 extr.
476 1723 562 1757 itaque
581 1720 676 1756 Voffius
689 1723 762 1746 etiam
772 1719 828 1756 post
841 1721 984 1746 Lambinum
1000 1726 1090 1747 exant-

47 1755 103 1782 lare
114 1757 238 1792 praefert.
392 1755 413 1795 fl
433 1765 453 1791 4
491 1758 574 1792 Neque
585 1763 666 1781 tamen
677 1756 812 1781 exanclare
819 1757 896 1789 plane
912 1755 1089 1785 damnauerim,

46 1791 114 1826 quod
124 1795 151 1817 in
164 1792 274 1818 omnibus
285 1794 346 1819 Iocis
359 1796 448 1827 optimi
462 1795 535 1817 etiam
550 1791 610 1816 libri
628 1790 731 1821 habent,
745 1790 875 1815 ediderunt
892 1798 920 1814 ue
932 1792 986 1814 viri
998 1787 1090 1823 doetis-

39 1826 118 1859 fimi,·
136 1835 189 1852 cum
203 1827 279 1860 poffir
298 1837 327 1852 ex
339 1828 418 1853 eodem
430 1826 508 1861 fonte
528 1824 585 1856 effe,
602 1833 614 1849 e
626 1833 672 1858 quo
686 1824 789 1854 Ancus,
802 1824 876 1848 Ancu
889 1831 935 1852 us,
948 1823 1086 1853 Anculare,

0 1858 1 1861 ’
44 1860 164 1890 Ancilla,
177 1861 219 1885 vbi
238 1860 338 1893 vide-,fi
347 1863 416 1886 tanti
434 1858 476 1891 ist.

80 1901 99 1921 E
108 1901 157 1921 ΧΑ
165 1901 180 1920 1²
191 1900 207 1919 E
216 1901 235 1920 R
244 1902 253 1920 1
264 1901 284 1920 ο
295 1913 303 1924 ,
318 1898 365 1920 ire.
392 1891 434 1926 Est
447 1891 583 1927 Augustin.
597 1891 711 1918 Confess.
724 1899 747 1924 2,
761 1899 798 1918 10.

80 1936 98 1958 Ε
107 1936 207 1956 ΧΑΡΤ
216 1936 251 1960 0,
269 1932 321 1956 are.
358 1928 435 1963 Apul.
449 1928 514 1954 Met.
526 1935 548 1954 11
563 1937 587 1962 p.
604 1935 650 1961 271
677 1927 735 1953 Deo
749 1932 871 1962 exaptat-e
884 1936 1003 1956 coi-onas.

79 1971 123 1992 Ex
131 1972 152 1992 A
160 1972 176 1992 Ρ
184 1971 205 1991 T
214 1971 234 1991 V
243 1972 255 1991 s
264 1984 272 1996 ,
292 1973 322 1997 a,
344 1973 399 1990 um.
436 1962 495 1990 Adi.
532 1963 715 1996 [συνημμένος]
750 1964 799 1989 Pro
813 1963 890 1990 Valde
902 1970 984 1999 aptus,
1002 1964 1044 1990 vel
1053 1970 1084 1990 vt

51 1998 156 2029 Tumieb.
175 2003 276 2035 exponit
288 1999 394 2036 Adaei-J:
414 2009 454 2034 29,
474 2008 512 2026 20.
533 1999 569 2024 Ex
589 1999 671 2033 aliquo
686 1997 797 2033 pendens
815 2005 840 2024 et
857 2000 960 2036 ligatus.
996 2000 1084 2026 Lucil.

48 2077 137 2106 exapta
147 2071 242 2098 validis
258 2071 377 2104 lacertis,
397 2073 415 2097 i.
436 2071 534 2105 Aprata
548 2076 572 2096 ct
588 2066 720 2095 coniunfsa
734 2069 837 2096 Lucret.
850 2079 878 2103 4,
892 2075 947 2104 827.

38 2106 42 2107 ⁷
83 2113 258 2146 EXAQVES
270 2113 331 2138 co,
357 2109 411 2134 erc.
446 2106 542 2132 Hieme
565 2104 677 2131 mundus
697 2107 868 2139 exaquesccre
889 2106 996 2134 videtur
1017 2105 1084 2135 Cen-

52 2142 129 2170 101111.
141 2141 227 2172 dedic
242 2143 303 2169 Nat.
318 2152 338 2169 c.
355 2147 389 2173 18.
410 2144 429 2169 ι’.
449 2148 517 2169 totus
530 2143 557 2167 in
570 2150 657 2178 aquam
669 2143 772 2170 mutari.

87 2177 267 2210 rxA'Rcio,
300 2178 353 2205 vid.
389 2183 598 2206 EXSARCIO-

191 449 230 475 Co
243 449 320 475 umel.
335 457 372 481 11,,
384 456 430 482 47,
446 458 473 475 io
501 450 616 476 Patimur
629 455 715 475 autem
728 453 917 480 nonnunquam
935 450 991 471 tota
1003 444 1090 477 nocie,
1116 446 1130 473 5

501 979 594 1004 Accius
609 977 674 1004 ibid.
698 978 764 1004 Fere
779 976 971 1002 exantlauimus
984 977 1088 1008 tyranni
1107 985 1139 1003 20

455 1332 667 1366 Quindhlianus,
680 1342 733 1358 cum
754 1341 773 1364 ι,
789 1334 815 1364 6,
832 1341 868 1364 40
891 1334 958 1358 inter
975 1333 1087 1366 repetita
1105 1341 1138 1366 30

1091 1858 1133 1889 {45
1150 1862 1191 1884 ter
1204 1856 1290 1883 filium
1305 1858 1459 1884 Coriolanum
1474 1859 1620 1884 exarmauit
1640 1858 1756 1884 lacrimis
1768 1859 1829 1885 suis.

1535 214 1822 258 EXA
2113 236 2193 274 454

1155 310 1205 331 tur.
1243 305 1312 331 Suet.
1324 302 1424 330 Tiber.
1439 313 1459 330 c.
1472 313 1505 338 34
1521 304 1729 332 Corinthiorum
1747 306 1869 332 vasorum
1888 309 1972 342 pretia
1986 309 2015 336 in
2030 310 2191 339 immensum

1155 339 1267 367 exarsisse
1280 339 1396 374 grauiter
1409 340 1571 373 conquestus.

1192 382 1207 401 1-,·
1218 383 1234 401 x
1245 383 1264 401 A
1274 382 1291 402 R
1301 383 1314 402 s
1324 381 1342 399 v
1353 382 1365 400 s
1375 394 1382 406 ‚
1399 383 1413 400 a
1423 394 1431 406 ‚
1450 384 1501 401 um.
1524 377 1590 403 Part.
1624 376 1677 403 Res
1691 375 1790 404 vestrae
1801 376 1925 403 incendio
1939 381 2040 407 exarsae
2052 382 2071 408 1.
2085 390 2108 409 ii
2120 382 2190 410 eod.

1156 409 1187 436 dc
1201 410 1310 445 his,qui
1322 409 1403 436 accus.
1417 419 1470 435 nou
1484 412 1544 444 poss‘.

1192 453 1208 472 13
1218 454 1235 472 x
1247 453 1267 472 Α
1278 453 1295 472 R
1307 447 1323 472 i}
1332 452 1352 471 N
1365 451 1384 471 O
1395 463 1403 476 ,
1425 449 1476 471 arc.
1512 446 1675 508 [ἔξαμμᾶωὲ
1703 448 1850 483 Expurgare
1863 453 1887 474 ot
1898 450 2013 475 aremlas
2026 453 2082 486 igni
2094 454 2134 479 vol
2143 454 2190 480 ali-

1154 487 1192 506 ter
1211 481 1311 517 auferre
1331 490 1360 507 ex
1373 489 1440 511 aere,
1461 482 1524 515 quoti
1544 483 1641 516 quidam
1674 482 1818 518 xsquamare
1836 483 1930 509 dicunt.
1968 484 2034 510 Plin.
2048 494 2084 518 33,
2098 496 2110 518 3
2123 493 2187 515 extr.
2222 494 2225 497 '

1155 516 1244 542 Postea
1258 521 1429 548 exarcnatur,
1445 524 1477 541 an
1493 516 1551 542 satis
1563 517 1699 543 decoctum
1715 517 1743 544 sit
1756 518 1892 552 splendore
1907 519 2127 555 deprehendente,
2142 524 2190 550 ite.

1154 560 1268 586 rumque
1281 551 1416 578 exhalatur
1429 551 1494 584 igni,
1507 561 1551 577 i'lt'.
1587 554 1624 578 De
1637 562 1690 578 acre
1703 554 1841 580 inaurando
1853 554 1971 590 loquitur.

1192 594 1206 613 r.
1217 596 1234 614 x
1245 589 1291 613 Ᾱκ
1302 595 1317 613 Ε
1327 594 1363 620 0,
1377 585 1430 620 Jiue
1449 590 1532 621 potius
1553 593 1569 612 i:
1579 595 1594 613 x
1605 595 1626 613 A
1636 594 1701 614 aus
1711 596 1770 619 co,
1790 589 1833 620 ui,
1852 592 1905 616 ere.
1942 588 2104 626 [ιὲυαίωμοιι]
2138 594 2189 620 Sic.

1154 631 1206 648 cum
1223 626 1295 656 lieri,
1314 629 1337 648 et
1349 622 1480 658 frequenti
1496 626 1678 655 tramititione,
1698 627 1807 659 vigorem
1820 631 1848 650 rt
1862 625 1935 652 robur
1950 632 1973 652 et
1982 627 2062 652 veluti
2082 630 2191 654 vii-orem

1152 667 1182 683 ac
1194 657 1294 693 Jiiccum
1315 660 1414 683 vitalem
1429 660 1550 683 amittere.
1586 659 1668 684 Plaut.
1688 660 1748 685 Mil.
1768 668 1789 691 3,
1805 668 1824 691 1,
1837 662 1873 693 46
1903 661 1998 695 Neque
2018 661 2079 688 dum
2099 663 2190 689 exarui

1152 701 1184 718 ex
1205 701 1295 719 amore
1321 692 1454 726 rebusque
1474 693 1639 726 voluptariis.
1712 695 1819 720 lixaruit
1843 696 1968 722 diuturna
1989 697 2095 724 miseria
2119 697 2190 725 fliius

1153 728 1208 754 Cic.
1224 731 1276 754 Ati.
1292 737 1328 758 io,
1344 730 1382 754 16.
1456 728 1616 755 Exaruerunt
1630 738 1718 755 amnes
1731 731 1804 756 idem
1818 730 1846 756 in
1865 732 1949 757 Pison.
1964 738 1991 760 82
2006 742 2026 758 c.
2038 742 2073 765 33.
2128 733 2190 760 Sole

1153 770 1179 790 et
1197 770 1278 789 vento
1300 764 1404 797 penitus
1422 762 1510 789 siccari
1531 770 1555 789 ct
1570 765 1718 791 exarescere
1738 765 1868 792 Columel.
1889 775 1911 798 3,
1927 776 1949 793 11
1964 771 2026 799 (iz).

1152 800 1222 826 scere
1232 799 1276 825 siti
1290 800 1347 824 Cic.
1361 798 1393 824 de
1405 798 1475 824 Clar.
1491 801 1563 826 Orat.
1576 803 1604 825 16
1626 809 1646 826 c.
1661 810 1688 833 4.
1710 801 1738 826 de
1751 804 1818 836 flore
1837 806 1925 832 exulto.
1997 803 2068 830 Silua
2084 805 2192 832 exaruit

1152 835 1222 860 Suet.
1236 833 1312 860 Gaib.
1327 842 1347 866 1,
1363 842 1382 865 3.
1454 834 1510 859 Cic.
1527 838 1578 861 Ait.
1594 844 1631 867 10,
1647 838 1673 861 16
1711 838 1797 870 Atque
1811 837 1873 863 haec
1893 838 1928 864 ita
1936 839 2031 865 ‚nutius
2044 849 2102 866 cum
2116 841 2181 867 sacri

1153 871 1203 896 inis
1217 869 1388 904 loquebatur,
1401 875 1429 895 vt
1443 878 1492 903 ego
1506 871 1624 899 mirarer,
1638 880 1679 897 eas
1693 877 1744 897 tam
1755 872 1877 898 diuturna
1892 874 1998 900 miseria
2011 884 2065 901 non
2078 876 2191 903 exaruis-

1153 906 1188 932 se.
1260 905 1341 931 Lacus
1360 911 1385 930 et
1404 904 1488 938 stagna
1508 906 1567 931 licet
1582 906 1715 932 interdum
1729 908 1856 938 crescant,
1880 908 2016 936 interdum
2033 913 2194 946 exarescant,

1152 941 1212 967 suos
1225 940 1353 967 terminos
1372 945 1459 966 tamen
1480 942 1592 968 retinent
1605 941 1746 969 Callistrat.
1763 942 1794 967 in
1804 943 1824 968 1.
1845 943 1914 970 lacus
1935 945 1966 970 D.
1981 945 2012 970 de
2026 947 2125 980 acquir.
2141 957 2192 975 rer.

1153 976 1285 1003 dominio.
1357 976 1412 1002 Cic.
1429 977 1489 1002 Fam
1514 986 1540 1009 9,
1556 984 1580 1006 18
1615 977 1717 1002 Deinde
1732 977 1784 1010 ipsa
1800 977 1861 1010 illa,
1875 978 1893 1004 si
1908 988 1959 1013 qua
1977 980 2029 1007 fuit
2047 982 2075 1008 1η
2094 992 2134 1008 1116
2156 984 2193 1010 sa-

1153 1012 1234 1038 cultas
1252 1011 1398 1043 orationis,
1418 1012 1465 1037 nisi
1487 1022 1527 1037 1116
1547 1013 1577 1038 ad
1597 1012 1641 1038 has
1657 1012 1858 1038 exercitationes
1876 1015 2032 1048 retulissem,
2047 1019 2194 1048 exaruisset.

1153 1047 1226 1073 Idem
1239 1047 1321 1073 Tusc.
1336 1055 1347 1081 3
1361 1055 1383 1072 6.
1398 1055 1421 1078 31
1455 1048 1525 1073 Huic
1546 1053 1601 1073 erat
1620 1047 1668 1073 illa
1681 1047 1774 1081 opinio
1795 1048 1917 1081 quotidie
1928 1058 2036 1077 recens:
2057 1062 2122 1086 quac
2137 1062 2194 1082 tum

1153 1083 1267 1117 denique
1284 1091 1339 1108 non
1359 1082 1537 1116 appellabatur
1549 1091 1649 1115 recens,
1663 1092 1744 1117 quum
1759 1082 1886 1109 vetustate
1899 1085 2009 1111 exaruit.
2076 1089 2194 1116 Exarue-

1152 1124 1214 1144 runt
1233 1119 1368 1144 orationes
1386 1118 1484 1144 Galbae
1508 1119 1564 1144 Cic.
1578 1118 1610 1144 de
1623 1118 1693 1146 ctat.
1708 1119 1781 1144 Orat.
1795 1123 1835 1147 82.
1856 1121 1874 1144 i.
1897 1120 1949 1145 lam
1966 1130 2015 1145 non
2034 1125 2120 1157 vigent
2134 1134 2195 1159 pra.

1699 1153 1773 1180 Idem
1784 1153 1859 1180 Fam·
1871 1161 1897 1188 ,75
1910 1163 1937 1186 31
1958 1155 2039 1182 Vides
2054 1159 2125 1184 enim
2138 1168 2196 1187 exa-

2098 769 2191 796 Exare-

1151 1189 1228 1216 ruisse
1242 1189 1296 1215 iam
1311 1195 1427 1215 veterem
1441 1189 1627 1216 vrbanitatcin.

1188 1231 1204 1251 P.
1214 1232 1231 1251 x
1241 1231 1261 1251 Λ
1272 1232 1290 1250 R
1304 1230 1320 1250 E
1331 1231 1347 1251 F
1358 1226 1371 1250 1“
1381 1230 1400 1250 O
1413 1244 1421 1256 ,
1445 1225 1493 1251 eri.
1530 1224 1738 1259 [ἒξαυχμῖἔμαι]
1777 1223 1851 1250 Idem.
1889 1225 1927 1251 De
1939 1224 2004 1260 suco
2021 1231 2118 1255 marino
2131 1230 2196 1257 dicit

1149 1260 1217 1286 Ptin.
1231 1262 1274 1292 26,
1289 1268 1318 1286 10
1346 1259 1395 1286 Sed
1409 1260 1533 1286 omnibus
1551 1259 1726 1287 articulorum
1745 1259 1846 1286 morbis
1864 1259 2001 1294 impositus
2021 1263 2094 1297 prius
2114 1275 2195 1300 quain

1152 1295 1286 1322 exarcfiat.

1188 1336 1407 1364 EXARiDvs,
1437 1339 1465 1363 a,
1491 1340 1544 1357 um.
1574 1329 1636 1357 Adi.

1153 1367 1210 1393 tull.
1225 1367 1256 1393 de
1272 1367 1364 1394 Resur.
1378 1368 1455 1394 Cam.
1470 1376 1492 1392 c.
1506 1375 1546 1398 30.

1189 1409 1205 1429 Ε
1215 1410 1233 1429 x
1244 1409 1291 1428 AR
1302 1409 1371 1434 Mo,
1391 1407 1443 1429 are.
1478 1400 1645 1436 [οἱφαπλίζω]
1679 1402 1768 1428 Armis
1782 1401 1901 1437 spoliare.
1921 1404 1991 1430 Suet.
2006 1405 2107 1433 Domit.
2123 1416 2143 1433 c.
2159 1415 2195 1441 ις,

1153 1440 1168 1464 6
1189 1439 1340 1464 Mineruam
1354 1447 1433 1472 quam
1448 1437 1621 1472 superstition
1637 1436 1755 1469 colebat,
1772 1438 1920 1465 somniauit
1931 1440 2056 1468 excedere
2069 1443 2195 1476 sacrario,

1152 1481 1342 1508 negantemque
1364 1473 1431 1500 vltra
1451 1474 1478 1500 -se
1495 1482 1554 1499 eum
1574 1473 1644 1498 tueri
1663 1474 1747 1506 poste,
1769 1473 1840 1507 quod
1859 1482 1990 1502 exarmata
2010 1478 2070 1503 esset
2087 1487 2101 1504 a
2120 1479 2195 1506 Ioue.

2131 1514 2194 1541 Stat.

1151 1544 1244 1571 Theb.
1258 1553 1285 1577 9,
1302 1550 1352 1577 845
1390 1544 1527 1570 Tui-batos
1548 1543 1642 1576 arripit
1662 1544 1720 1568 ense
1756 1543 1884 1577 Arcadas,
1903 1555 2071 1582 exarmatque
2091 1549 2194 1576 ducem.

1151 1580 1282 1614 Legiones
1299 1580 1389 1606 Tacit.
1404 1579 1469 1606 Hist.
1485 1588 1507 1611 2,
1522 1581 1564 1612 76.
1635 1578 1756 1611 Nauem,
1771 1581 1940 1607 Armamentis
1953 1583 2064 1617 spoliare
2083 1585 2195 1619 Pompo-

1152 1616 1246 1641 nianus
1261 1615 1290 1641 in
1303 1615 1321 1640 l.
1334 1623 1349 1640 2
1362 1615 1392 1640 D.
1408 1615 1440 1641 ad
1454 1615 1472 1641 1.
1487 1614 1572 1640 Rhod.
1587 1612 1619 1639 de
1634 1613 1711 1640 136111.
1770 1615 1915 1648 Nauigium
1930 1617 1987 1642 Seii.
2001 1618 2046 1651 Ep.
2060 1627 2100 1650 30.
2145 1622 2195 1647 Ac.

1152 1650 1314 1676 cusationem
1331 1651 1396 1676 Plin.
1410 1651 1455 1684 Ep,
1475 1659 1496 1681 3,
1517 1658 1533 1682 9
1558 1646 1754 1684 metaphoricos,
1773 1656 1823 1683 pro
1843 1651 1981 1677 Debilitare
2008 1660 2032 1677 et
2058 1657 2085 1679 in
2105 1664 2196 1682 rmare.

1654 1685 1747 1714 Feras,
1759 1684 1784 1709 h.
1799 1694 1818 1709 e.
1837 1686 1944 1716 Dentes,
1966 1696 2071 1723 ungues,
2086 1691 2126 1714 vel
2143 1691 2196 1717 aliz

1677 1330 1760 1356 Status
1779 1336 1915 1358 emortuus
1934 1338 1960 1360 61
1984 1334 2106 1362 exat-idus
2122 1336 2194 1364 Tei-⁴

1150 1725 1226 1746 noxia
1244 1721 1350 1746 membra
1367 1722 1401 1746 eis
1419 1720 1532 1746 adimere.
1574 1718 1643 1743 l‘nde
1659 1719 1690 1743 Ex
1697 1724 1810 1743 armatae
1832 1717 1944 1752 bestiae,
1954 1727 2003 1755 pro
2022 1723 2151 1751 cicuribus
2171 1731 2196 1753 et

1150 1754 1330 1789 mansuefat‘h's
1349 1762 1487 1789 ponuntur.
1524 1752 1659 1786 Laniprid.
1674 1762 1703 1778 111
1716 1753 1824 1785 Heliog.
1848 1763 1870 1780 c.
1883 1763 1910 1780 21
1941 1756 2042 1784 Habuit
2060 1758 2148 1786 leones
2168 1766 2195 1788 et

1150 1789 1289 1821 leopardos
1303 1796 1450 1815 exarmatos
1464 1789 1492 1814 in
1507 1787 1621 1818 deliciis,
1635 1794 1680 1813 eta.
1718 1788 1785 1813 Adii.
1800 1788 1846 1815 Sil.
1862 1797 1881 1819 1,
1892 1799 1936 1823 411
1957 1793 2130 1821 Exarmautur
2142 1797 2195 1822 ser-

1150 1829 1240 1855 pentes
1255 1832 1378 1854 veneno,
1398 1826 1493 1858 Qibus
1507 1827 1564 1858 ujus
1578 1826 1665 1848 veneni
1677 1822 1805 1850 admiztnr.
1843 1826 2110 1863 Mitigare,placare:
2137 1832 2193 1858 Ma-

1428 1893 1445 1900 ..
1540 1894 1545 1898 ἡ
1622 1894 1626 1897 -
1654 1895 1656 1897 ¹
1866 1861 1936 1888 Flor.
1951 1871 1971 1897 1,
1987 1873 2021 1894 5³,
2035 1873 2057 1896 3.
2093 1867 2135 1893 Sic
2147 1868 2194 1893 Pe.

1150 1898 1220 1919 tron.
1234 1901 1256 1919 6.
1270 1901 1313 1926 105
1343 1894 1398 1919 Iam
1413 1894 1496 1920 (Jiton
1510 1893 1628 1920 mirabili
1644 1897 1729 1920 torma
1742 1903 1819 1920 exat-1
1831 1904 1921 1922 auerat
1934 1906 2031 1924 nautas.

1184 1930 1413 1955 EXARMATV
1425 1937 1437 1956 s
1448 1949 1456 1961 ,
1476 1938 1506 1960 a,
1526 1939 1580 1954 um.
1609 1930 1699 1954 Paitic.
1736 1930 1955 1967 [uoewntamas'wd
1992 1935 2128 1964 exarmata
2148 1947 2194 1965 na-

1148 1963 1207 1995 vis,
1225 1967 1243 1989 i.
1261 1965 1431 1990 Armamentis
1443 1964 1554 1999 spoliata
1572 1964 1630 1989 Ser..
1645 1964 1750 1990 Consol.
1766 1972 1797 1990 aa
1812 1966 1890 1993 Helu.
1904 1976 1968 1995 extr.
1989 1970 2035 1996 Ari
2043 1980 2065 1996 ῖς
2077 1981 2194 2000 exarma-

1148 2004 1189 2026 tus
1203 1999 1309 2026 Colum.
1323 2006 1350 2033 7,
1364 2008 1385 2031 3,
1398 2006 1419 2031 ς.
1440 2000 1563 2030 Mutilus,
1573 2008 1628 2032 sine
1646 2000 1768 2027 cornibus.
1811 2001 1943 2029 Exarmati
1964 2005 2081 2038 Leones,
2100 2011 2118 2034 i.
2140 2012 2194 2036 Ar.

1 2044 3 2049 ·
46 2035 112 2072 apud
124 2035 244 2063 Nonium
258 2044 285 2068 4,
298 2045 310 2068 3
330 2035 454 2064 Pellicula
467 2040 583 2061 extrema
596 2039 718 2068 exaptum
734 2033 848 2067 pendere
863 2044 938 2061 onus.
973 2035 1085 2063 Brachia
1101 2042 1134 2070 50
1147 2033 1275 2071 mis-suis,
1282 2035 1341 2072 scis.
1360 2036 1399 2061 Vn
1419 2037 1488 2060 uibus
1501 2045 1530 2060 ar
1544 2034 1656 2060 affitibus
1670 2039 1738 2061 exuti
1751 2037 1884 2071 Laniprid.
1899 2039 2004 2074 Heliog.
2016 2051 2037 2067 c.
2052 2051 2088 2068 21.
2128 2044 2192 2072 Stat.

1148 2071 1240 2101 Theb,
1253 2080 1277 2106 3,
1290 2079 1333 2106 303
1363 2071 1396 2101 Pa
1409 2070 1488 2100 tentes
1500 2079 1562 2109 agar
1577 2078 1724 2100 exaniiatus
1739 2071 1898 2100 advmbras.
1950 2076 2044 2104 Claud.
2061 2078 2149 2113 Epigr.
2162 2088 2193 2114 33

1147 2109 1219 2136 Port.
1239 2110 1341 2142 Smyrn.
1368 2108 1421 2136 Hic
1438 2116 1599 2137 exarmatum
1621 2109 1698 2135 terris
1718 2108 1883 2142 cingentibus
1904 2118 2005 2146 aequor
2041 2114 2192 2149 Clauditur,

1146 2151 1172 2170 et
1188 2145 1318 2179 placidam
1339 2144 1415 2172 discit
1437 2147 1539 2172 seruare
1560 2145 1687 2180 quietem.
1760 2144 1827 2171 Vell.
1842 2154 1862 2177 2,
1881 2153 1919 2180 i7,
1934 2155 1944 2172 1
1982 2148 2096 2176 Romani
2111 2151 2192 2178 vieti.

1146 2179 1314 2215 adfliCtisque
1327 2179 1479 2216 (hostibus)
1500 2181 1545 2215 ipsi
1561 2181 1704 2211 exarmati3
1726 2189 1803 2215 quam
1823 2181 1933 2216 integris
1951 2183 2077 2211 vniuerfis
2098 2185 2194 2214 ciuita-

70 2239 78 2244 ,
87 2220 207 2242 citime
218 2221 239 2240 H
248 2221 257 2240 1
267 2220 359 2240 ATRI
370 2234 377 2245 ,
397 2214 456 2247 [ἐξα
471 2213 587 2250 χιιίτρω]
614 2215 665 2251 Qu·
676 2214 814 2242 Archiatri
830 2213 955 2251 dignitate
967 2211 1084 2251 desunfli
1101 2216 1130 2245 53
1148 2221 1203 2243 tem
1217 2215 1280 2243 dare
1294 2216 1460 2250 maluerunt,
1480 2224 1508 2243 vt
1519 2217 1603 2248 modo,
1616 2219 1741 2252 mitigati,
1749 2219 1854 2251 placati.

44 2248 108 2287 Jiint
122 2252 149 2280 i'n
165 2249 182 2276 l.
195 2251 213 2276 6
224 2250 255 2277 C.
270 2250 301 2276 de
315 2250 455 2278 Profeti'ori
476 2271 482 2277 .
498 2257 522 2277 et
535 2250 631 2277 Medic.
647 2260 675 2277 10
690 2250 756 2278 Cod.

59 2316 62 2317 .
88 2290 313 2319 EXARCHVS‚
338 2287 357 2313 i.
382 2296 417 2313 m.
453 2287 592 2322 [ἔξαρχος]
628 2287 706 2313 Gloss.
722 2287 767 2313 Gr.
784 2286 840 2312 Lat.
859 2286 969 2322 ἕξοιρχοι,
990 2285 1083 2312 Proce-

47 2320 259 2357 res‚Prn¹cipes:
277 2322 387 2350 Exarchi
406 2322 511 2355 Italiae,
529 2324 568 2349 vel
589 2323 744 2354 Rauennae,
765 2325 807 2357 qui
829 2321 858 2347 ab
880 2323 942 2356 Imp.
965 2320 1083 2354 Constan-

45 2357 122 2391 tinop.
137 2359 163 2382 in
175 2359 277 2392 ltaliam
289 2368 341 2385 cum
354 2362 456 2394 imperio
467 2358 635 2384 mittebantur.
667 2358 725 2384 Vici.
738 2360 779 2384 Du
795 2356 882 2418 Γνὲβιε
893 2355 966 2390 quffi
981 2358 1084 2383 Bulena.

46 2388 75 2416 He
88 2393 151 2426 imp.
162 2394 229 2420 Rom.
243 2401 268 2426 θ,
282 2401 325 2429 84.
361 2395 496 2421 Panciroll.
511 2394 577 2420 Not.
592 2394 670 2428 Dign.
682 2395 748 2428 Imp.
763 2393 828 2419 Occi
849 2412 854 2418 .

46 2425 155 2454 Constit.
171 2437 207 2460 133
221 2438 242 2460 c.
256 2438 275 2461 4
301 2429 522 2455 Monasterioruni
540 2429 661 2461 exarchi,
684 2432 702 2455 i.
722 2427 877 2463 Irzspeflorcr
896 2434 919 2453 et
955 2428 1083 2455 ubernato-

44 2471 86 2497 rer
95 2465 203 2498 plurium
217 2462 433 2496 monasteriorum,
446 2464 495 2499 sub
508 2463 595 2499 quibus
602 2464 664 2498 ficut
670 2463 823 2500 singulorum
837 2463 930 2489 Praesti
943 2471 978 2489 es.

82 2504 236 2524 EXARDE
247 2503 266 2523 Ο
278 2517 285 2528 ,
300 2498 343 2533 scu
358 2501 443 2533 potius
470 2505 598 2525 EXARD
609 2505 625 2524 E
637 2504 717 2530 SCO,
737 2499 801 2533 quod
819 2508 876 2525 vero
898 2498 928 2524 ab
947 2500 989 2525 illo
1002 2498 1082 2535 sumit

44 2533 202 2564 Praeterita,
222 2533 316 2564 exarsi,
338 2533 411 2565 sum,
429 2535 480 2560 cre.
519 2533 701 2569 [ἔκπυρόομοιι]
740 2535 786 2561 Vei
807 2537 864 2566 ira,
880 2535 920 2560 vel
941 2543 1081 2570 quacunque

43 2568 95 2593 alm
107 2567 243 2602 cupiditate
259 2569 407 2595 vehementer
420 2573 563 2596 commoueri
575 2576 598 2595 et
616 2571 682 2596 velut
695 2569 855 2606 inflammari.
892 2569 948 2596 Cic.
962 2569 994 2596 de
1008 2571 1080 2596 Ami·
1095 2572 1126 2604 65
1142 2570 1163 2608 q
1184 2581 1196 2604 3

45 2602 90 2627 cit.
103 2608 135 2636 78
169 2602 226 2629 Nisi
241 2603 367 2637 quaedam
385 2603 529 2631 admodum
549 2605 726 2632 intolerabilis
739 2605 838 2632 iniuria
856 2605 892 2631 ita
905 2606 1038 2636 exarserit,
1052 2611 1081 2632 vt

45 2646 131 2671 neque
148 2637 264 2671 redium,
275 2648 361 2674 neque
380 2639 517 2667 honestum
537 2640 581 2671 sit,
594 2650 678 2675 neque
697 2641 756 2667 fieri
775 2640 862 2675 potiit,
876 2647 903 2666 vt
923 2649 977 2666 non
993 2641 1079 2666 statim

44 2673 184 2710 alienatio,
201 2673 397 2709 disiunctioque
417 2673 537 2702 facienda
562 2675 600 2702 sit.
672 2676 728 2702 Cic.
749 2675 780 2701 de
794 2675 886 2701 Diuin.
906 2683 923 2704 1,
942 2677 977 2700 66
1013 2675 1080 2700 Inest

44 2708 127 2742 igitur
147 2709 242 2735 animis
263 2712 394 2744 praesagio
414 2711 571 2736 extrinsecus
590 2709 703 2741 inie&a‚
725 2716 803 2744 atquc
823 2709 921 2734 inclusa
937 2708 1082 2735 diuinitus:

44 2752 73 2769 ea
95 2743 112 2769 si
139 2744 230 2770 exarsit
253 2746 353 2780 acrius,
380 2745 457 2771 furor
476 2745 629 2779 appellatur.
664 2744 747 2771 Ouid.
766 2745 798 2770 de
819 2744 882 2770 Arte
901 2744 960 2769 Am.
981 2752 1002 2774 2,
1022 2752 1078 2777 354.
1089 2755 1126 2782 70
1144 2746 1261 2772 exat-aui.

899 2778 940 2805 Ad
952 2779 1081 2813 cupidita-

950 2814 991 2840 Ad
1009 2815 1080 2849 spem

979 2851 1079 2876 Contra

42 2779 169 2805 Grauiter
188 2780 294 2813 exarsit,
313 2784 331 2806 i.
354 2782 438 2807 Iratus
454 2779 487 2813 ist
505 2780 560 2806 Cic.
574 2780 606 2806 de
620 2780 693 2806 Orat.
707 2789 728 2812 3,
743 2789 761 2813 4
774 2788 795 2805 c.
811 2787 829 2806 1.

41 2821 95 2840 tem
108 2814 238 2841 libertatis
257 2816 449 2850 recuperandae
470 2815 585 2842 exarsisse
600 2815 672 2842 Idem
683 2815 796 2849 Philipp.
812 2823 844 2846 11,
857 2823 878 2846 3.

696 2851 752 2877 Cic.
769 2850 852 2877 Tusc.
873 2857 895 2882 ς,
914 2854 941 2881 83

43 2895 156 2920 quorum
178 2886 343 2920 disciplinam
364 2888 501 2921 ingenium
522 2895 577 2912 eius
599 2887 735 2913 exarserat.
807 2885 879 2911 Idem
898 2885 928 2911 in
942 2885 1016 2911 Orat.
1033 2894 1079 2912 102

0 2922 3 2926 '
43 2922 86 2948 lus
100 2930 178 2948 omne
197 2922 351 2949 retinendae
370 2923 512 2950 maiestatis
525 2921 629 2948 Rabirii
649 2922 723 2948 causa
743 2921 941 2948 continebatur:
969 2929 1032 2955 ergo
1050 2922 1079 2947 in
1091 2927 1124 2955 75
1141 2923 1255 2949 Librum
1267 2922 1377 2949 Phaedr.
1390 2922 1457 2956 prol.
1471 2931 1492 2954 3.

0 2966 1 2970 ¹
43 2957 117 2983 omni
136 2966 229 2991 genere
248 2957 461 2993 amplificationis
479 2957 626 2985 exarsimus.

697 2958 721 2984 O
736 2965 814 2992 quam
833 2955 966 2982 terribiles
986 2956 1079 2984 exarsit

44 3000 141 3026 pronus
154 2993 182 3018 in
196 2993 247 3020 iras
265 2994 381 3021 Martial.
396 2993 510 3028 Spectac.
524 3002 549 3026 9.
620 2991 753 3027 Cupidine
772 2992 864 3019 exarsit
876 3000 961 3018 nouae
975 2992 1078 3019 formae

46 3027 128 3054 Ouid.
146 3029 208 3055 Met.
219 3038 248 3062 4,
262 3037 322 3064 347.
391 3030 435 3055 Ira
461 3036 487 3056 et
510 3029 693 3063 indignatione
718 3028 883 3055 exardescere
903 3027 963 3053 Liu.
987 3036 1023 3061 35,
1043 3036 1078 3060 31.

7 3078 9 3083 ι
38 3060 102 3088 cic.
118 3063 193 3090 Verr.
213 3073 235 3096 2,
254 3070 287 3099 48
327 3065 425 3092 Exarsit
448 3065 584 3091 iracundia
607 3073 635 3090 ac
663 3063 804 3090 stomacho.
840 3062 907 3090 Add.
927 3063 992 3089 Plin.
1005 3072 1042 3095 33,
1059 3072 1078 3090 ι.

639 3100 718 3126 Ν11116
736 3108 801 3126 vero
822 3098 904 3125 sibilis
919 3099 1008 3133 vulgi,
1027 3100 1078 3126 ser·
1091 3105 1123 3131 80
1141 3102 1211 3127 scere
1225 3100 1317 3135 potest.

392 3101 448 3127 Cic.
464 3102 516 3127 Att.
536 3110 562 3132 2,
576 3109 600 3126 21

47 3131 169 3159 monibus
182 3133 366 3167 honestorum,
384 3136 494 3163 fremitu
513 3136 603 3162 Italiae
619 3144 716 3162 vereor
733 3144 766 3161 ne
783 3135 935 3161 exarserint.
1008 3135 1075 3161 Plin.

45 3175 78 3201 37
91 3176 206 3201 prooem.
224 3171 297 3204 Qiae
309 3172 391 3198 fuerit
405 3172 482 3207 origo
496 3180 666 3206 geminarum,
685 3176 711 3198 et
724 3171 820 3205 quibus
835 3170 920 3196 initiis
933 3169 962 3196 in
974 3175 1077 3197 tantum

45 3202 110 3228 haec
123 3202 267 3231 Adiniratio
283 3207 418 3238 exarserit,
437 3209 553 3234 diximus
573 3205 750 3242 quadantenus
768 3207 797 3233 in
815 3205 951 3232 mentione
971 3206 1031 3232 auri
1051 3212 1077 3233 et

46 3238 212 3278 annulorum.
281 3242 399 3269 Ambitio
414 3243 505 3270 exarsit
518 3243 610 3278 magis,
618 3251 697 3277 quam
709 3251 824 3277 vnquam
833 3241 896 3268 alias
910 3241 970 3268 Liu.
985 3249 1021 3274 35,
1041 3260 1048 3267 .
1070 3261 1077 3268 .

47 3274 122 3300 Cinis
135 3274 225 3301 exarsit
236 3276 303 3304 Suet.
311 3278 412 3315 'Tiben
424 3286 470 3314 74,
484 3288 506 3311 3.
577 3279 639 3305 Dies
652 3278 744 3304 exarsit
756 3277 873 3305 Martial.
887 3285 907 3308 3,
921 3279 965 3311 67.

46 3309 90 3335 lor
101 3308 205 3341 exarsit,
229 3314 382 3346 vrgereilli,
394 3319 422 3340 vt
442 3323 489 3340 nos
509 3315 569 3341 loco
590 3319 729 3340 mouerent
754 3315 810 3340 Cic.
826 3314 865 3346 Q
877 3314 945 3339 Frat.
962 3321 986 3342 2,
1024 3332 1030 3338 .
1069 3332 1075 3339 .

47 3344 133 3371 Dolor
147 3344 242 3371 exarsit
255 3347 342 3381 ingens
355 3349 448 3376 ollibus
469 3351 546 3385 Virg.
561 3351 624 3376 Aen.
641 3357 663 3382 ς,
678 3357 732 3384 172.
803 3350 877 3383 Ignes
891 3348 1008 3374 exarsere
1021 3348 1078 3374 ani-

48 3379 185 3420 ῐῐῐῑῆῐξῖθῐῃ
200 3380 262 3420 Αἳη·
275 3391 299 3414 2,
313 3391 363 3417 373.
388 3386 478 3419 Ignes,
492 3388 556 3412 Irae.
628 3386 744 3419 Repente
764 3384 811 3410 ista
831 3384 1018 3418 importunitas
1038 3383 1078 3409 in-

44 3415 131 3442 auditi
148 3415 249 3441 seelcris
270 3419 358 3445 exarsit
382 3421 438 3447 Cic.
452 3430 500 3455 pro
512 3421 582 3448 Sulla
596 3429 636 3455 73.
707 3421 783 3446 Tota
803 3420 878 3446 Italia
898 3418 1027 3445 desiderio
1047 3419 1079 3445 li-

45 3451 155 3478 bertatis
169 3450 260 3477 exarsit
275 3452 344 3478 Idem
358 3455 467 3491 Philipp.
485 3466 523 3489 10,
537 3465 572 3489 19.

790 3492 846 3517 Cic.
859 3490 890 3516 de
904 3491 978 3516 Orat.
991 3499 1015 3520 2,
1029 3499 1075 3523 ¹90

46 3531 68 3563 c.
81 3530 112 3562 43
139 3522 222 3562 Nulla
235 3523 355 3562 materies
366 3530 418 3551 tani
430 3526 514 3554 facilis
527 3527 558 3554 ad
572 3526 789 3554 exardescendum
798 3546 806 3559 ‚
825 3535 892 3561 quae
906 3525 953 3552 nisi
968 3525 1076 3553 admoto

46 3566 119 3591 igni,
138 3566 226 3592 ignem
240 3566 376 3592 concipere
388 3561 467 3593 possit.
502 3564 568 3589 Plin.
584 3571 618 3595 13,
631 3571 670 3595 25.
687 3570 711 3589 et
736 3570 773 3596 i7,
788 3567 824 3592 28.
860 3562 916 3588 Cic.
938 3562 970 3588 de
984 3562 1077 3596 Arusp.

48 3593 121 3628 ΚΕΓΡ·
135 3602 167 3626 45
203 3594 233 3620 ῙΠ
252 3602 293 3619 ¹¹²0
307 3594 469 3626 cognitorem
486 3597 577 3625 harum
598 3599 718 3625 omnium
733 3607 822 3624 rerum
842 3597 887 3623 illa
901 3598 1005 3623 flamma
1019 3597 1078 3623 illo-

874 2401 897 2418 c.
915 2401 935 2418 1.
972 2380 1081 2419 Νο1161ῗ.
1091 2399 1127 2425 60

1024 3277 1077 3304 Do·
1094 3279 1124 3308 85
1142 3278 1206 3305 berit
1221 3284 1356 3304 exaratum
1371 3286 1482 3313 puerum
1496 3279 1634 3306 auEmrem
1648 3279 1673 3305 di

1184 2259 1201 2279 E
1211 2260 1229 2279 x
1239 2251 1261 2279 Ᾰ
1269 2259 1287 2278 R
1298 2259 1335 2284 Ο,
1355 2256 1408 2279 εἵη-6.
1450 2252 1570 2287 [ἔξαρὸω,
1591 2250 1771 2286 &axutam-m]
1806 2252 1927 2286 Αναπίῖο,
1936 2257 1957 2287 i.
1969 2256 2066 2283 colendo
2079 2267 2139 2294 agro
2153 2258 2192 2295 efi-

1138 2286 1226 2323 ficere.
1262 2288 1317 2314 Cic.
1332 2288 1411 2314 Verr.
1432 2296 1453 2319 3,
1467 2296 1500 2321 45
1521 2297 1541 2317 c.
1556 2293 1581 2316 18
1618 2287 1801 2320 Haesiterae,
1817 2288 1934 2322 Iudices,
1950 2290 1979 2317 L.
1993 2293 2112 2326 Metelli,
2125 2304 2191 2329 quas

1146 2323 1269 2354 audistis,
1283 2322 1334 2349 hoc
1349 2330 1475 2358 quantum
1490 2323 1541 2355 est,
1555 2331 1585 2348 ex
1599 2323 1690 2349 Sicilia
1707 2323 1837 2350 frumenti
1851 2324 1992 2352 hornotini
2008 2336 2192 2358 exarauerunt.

1145 2358 1220 2385 Idem
1234 2360 1310 2385 Verr.
1326 2366 1348 2391 ς,
1367 2367 1401 2392 99
1415 2368 1437 2384 c.
1452 2364 1479 2391 38
1516 2360 1692 2384 Aratorumne
1712 2357 1827 2385 liberos}
1846 2369 1962 2395 quorum
1982 2370 2065 2397 patres
2086 2371 2190 2394 tantuin

1145 2394 1238 2421 labore
1251 2395 1299 2420 suo
1312 2394 1441 2421 frumenti
1453 2394 1608 2426 exarabant,
1624 2401 1651 2420 vt
1667 2394 1767 2428 Populo
1781 2395 1858 2421 Rom.
1880 2397 1983 2432 totique
1996 2399 2087 2426 Italiae
2101 2402 2190 2436 suppe.

1145 2430 1229 2456 ditare
1243 2430 1349 2464 possent.
1420 2429 1468 2457 Sed
1484 2431 1596 2456 Exarare
1609 2430 1641 2455 de
1663 2430 1765 2464 integro
1778 2430 1866 2458 locum
1881 2433 2008 2460 frumenti
2022 2436 2095 2462 causa
2109 2438 2191 2463 Colu-

1145 2466 1206 2492 mel.
1226 2474 1250 2496 2,
1265 2471 1300 2497 18,
1314 2473 1336 2497 3.
1534 2464 1555 2502 ἢ
1576 2474 1592 2491 2
1630 2466 1742 2491 Exarare
1762 2466 1862 2492 radices
1893 2468 1959 2494 Plin.
1974 2477 2012 2502 i7,
2026 2475 2060 2499 18.
2091 2473 2189 2504 Eruere,

1144 2500 1260 2534 effodere.
1298 2500 1394 2527 Arcula
1412 2509 1472 2527 cum
1490 2500 1567 2528 libris
1580 2510 1595 2527 a
1607 2501 1741 2526 Terentio
1761 2502 1876 2534 quodam
1897 2510 1999 2529 exarata
2012 2505 2076 2531 Aur.
2092 2507 2189 2536 Vieiot·

1144 2537 1176 2563 de
1199 2537 1254 2563 Vir.
1276 2537 1318 2563 Ill.
1338 2546 1360 2562 c.
1373 2545 1394 2568 3.
1415 2536 1443 2561 id
1460 2536 1524 2571 quod
1545 2535 1693 2569 Augustino
1712 2535 1743 2561 de
1762 2537 1792 2561 C.
1815 2537 1846 2561 D.
1867 2541 1890 2567 8,
1911 2545 1924 2568 5
1945 2537 1978 2570 esi
1997 2546 2084 2567 aratro
2103 2549 2187 2570 eruta.

1233 2573 1280 2598 Per
1292 2573 1481 2597 translationem
1490 2572 1615 2606 scribere:
1635 2572 1685 2604 ‚Qut
1702 2569 1834 2603 emmstilo
1848 2573 1964 2606 scribunt
1977 2577 2004 2599 in
2016 2575 2148 2608 codicillis,
2161 2580 2190 2606 hi

1143 2606 1211 2643 quasi
1223 2607 1308 2641 fiilcos
1319 2605 1400 2637 instar
1411 2613 1538 2631 aratorum
1553 2606 1637 2631 ducere
1651 2605 1774 2631 videntur.
1811 2606 1867 2632 Cic.
1882 2608 1935 2633 Att.
1951 2617 1987 2639 11,,
2002 2619 2009 2635 1
2038 2612 2188 2641 Vndecimo

1143 2642 1188 2667 die
1210 2641 1346 2674 postquam
1366 2649 1381 2666 a
1401 2646 1425 2665 te
1444 2640 1620 2672 dist-efferam,
1643 2639 1693 2666 hoc
1712 2641 1878 2668 litcrularuin
1897 2645 2003 2670 exaraui
2022 2648 2158 2680 egrediens
2171 2658 2188 2676 e

1143 2676 1209 2701 villa
1222 2681 1281 2701 ante
1293 2675 1387 2701 lucem.
1447 2675 1513 2701 Plin.
1526 2676 1604 2709 Epist.
1618 2683 1644 2709 7,
1658 2685 1686 2709 4,
1700 2678 1715 2701 6
1736 2676 1864 2710 Perquam
1879 2678 1975 2712 exiguo
1987 2684 2114 2715 temporis
2129 2694 2185 2712 mo-

1146 2716 1248 2742 mento,
1268 2709 1295 2736 id
1311 2711 1405 2743 ipsum,
1427 2713 1498 2744 quod
1513 2720 1556 2737 1116
1570 2711 1602 2738 acl
1617 2711 1782 2736 scribendum
1802 2713 1996 2748 ἰωῇ-1111116131,
2016 2716 2057 2743 his
2071 2720 2187 2747 versibus

1312 2746 1369 2772 Cic.
1385 2747 1438 2771 Att.
1455 2754 1486 2778 ¹3,
1499 2753 1527 2778 38
1552 2748 1619 2772 Ante
1632 2745 1718 2772 lucem
1739 2755 1821 2780 quum
1834 2748 1976 2776 scriberem
1990 2759 2080 2780 contra
2094 2756 2188 2789 Epicu-

1143 2790 1219 2814 reos,
1239 2781 1270 2807 de
1283 2781 1378 2807 eodem
1389 2781 1450 2807 0160
1469 2788 1494 2807 61
1512 2790 1592 2816 opera
1613 2782 1718 2807 exaraui
1734 2783 1820 2809 nescio
1841 2784 1905 2818 quid
1921 2785 1951 2812 ad
1974 2793 2014 2818 te,
2027 2794 2053 2814 et
2068 2799 2127 2817 ante
2147 2792 2187 2818 lu-

1142 2826 1200 2843 cem
1220 2816 1292 2842 dedi.
1349 2815 1422 2842 Idem
1438 2817 1507 2842 Fam.
1528 2826 1554 2849 9,
1574 2819 1604 2843 26
1640 2817 1823 2844 Accubueram
1843 2819 1909 2846 hora
1921 2830 2007 2854 nona,
2034 2833 2093 2851 cuni
2114 2827 2144 2853 ad
2161 2834 2187 2855 te

1142 2851 1238 2878 harum
1251 2851 1401 2886 exemplum
1418 2852 1447 2877 in
1461 2851 1590 2878 coditillis
1610 2853 1729 2883 cxaraui,
1749 2856 1767 2879 i.
1788 2856 1994 2892 raptim-scripsi,
2008 2866 2036 2885 vt
2049 2860 2115 2887 reHe
2129 2865 2186 2890 Ma-

1140 2890 1226 2913 nucius
1237 2890 1427 2921 interpretatur.
1499 2888 1645 2914 Codicillos
1659 2889 1777 2915 exarauit
1790 2891 1821 2915 ad
1835 2890 1953 2918 sororem
1970 2894 2038 2921 Suet.
2053 2897 2133 2924 Oton.
2148 2907 2188 2927 ιο.

1320 2958 1325 2963 ¹
1565 2924 1646 2950 Ouid.
1663 2932 1694 2949 ex
1707 2926 1791 2951 Ponto
1804 2934 1824 2957 3.
1838 2934 1863 2958 2,
1877 2935 1911 2959 90
1939 2929 1980 2955 Ad
2000 2930 2109 2959 fratrem
2125 2935 2187 2961 scri-

1141 2965 1196 2993 ptas
1209 2964 1298 2985 exarat
1319 2958 1365 2984 illa
1383 2964 1466 2984 notas.
1642 2957 1662 2994 ff
1681 2969 1701 2993 4
1736 2960 1858 2988 Sene6hts
1877 2963 1992 2991 frontem
2007 2968 2078 3001 rugis
2092 2975 2186 2997 exarat

1142 2995 1210 3021 Hor.
1225 2993 1306 3028 Epod.
1321 2999 1345 3026 8,
1358 3003 1379 3026 3.
1470 2994 1572 3020 Delere:
1607 2993 1709 3022 dubium
1725 3004 1753 3021 ex
1773 3006 1837 3022 more
1856 3002 1940 3025 aratri
1958 3000 2078 3034 ducendi,
2091 3005 2187 3032 dirutis·

1140 3030 1251 3056 orbibus.
1290 3029 1371 3069 satill.
1387 3029 1405 3055 1.
1420 3039 1439 3063 4
1454 3027 1512 3068 §.fi
1534 3030 1566 3055 D.
1587 3029 1633 3056 fin.
1648 3031 1755 3065 regund.
1781 3033 1807 3058 Si
1826 3033 1946 3061 dicantur
1958 3037 2066 3063 termini
2085 3039 2184 3068 (1616ᾶὶ

1140 3065 1184 3092 vel
1198 3070 1313 3097 exarati,
1333 3065 1428 3104 iudex,
1448 3073 1495 3099 qui
1509 3065 1540 3091 de
1553 3066 1665 3092 crimine
1677 3068 1819 3100 cognoscit,
1837 3069 1916 3095 etiam
1930 3070 1962 3096 de
1975 3070 2071 3098 finibus
2085 3083 2183 3109 cogno.

1372 3101 1429 3126 Cic.
1443 3099 1475 3126 de
1488 3101 1581 3135 Legib.
1595 3110 1618 3134 2,
1631 3107 1659 3135 58
1694 3103 1785 3136 Qiurn
1805 3104 1887 3130 multa
1901 3105 1929 3130 in
1943 3114 1976 3132 eo
1990 3106 2050 3134 ioco
2064 3109 2183 3143 sepulcra

1138 3137 1259 3166 fuissent,
1273 3141 1376 3162 exarata
1390 3136 1458 3162 sunt.

1175 3179 1192 3198 E
1202 3180 1219 3198 x
1228 3179 1250 3198 A
1259 3178 1278 3198 R
1287 3178 1308 3198 A
1318 3178 1340 3198 T
1350 3178 1370 3195 v
1380 3178 1392 3198 s
1401 3191 1409 3204 ,
1429 3180 1444 3198 a
1452 3191 1460 3203 ‚
1481 3180 1535 3198 um.
1567 3173 1660 3199 Partic.
1697 3173 1802 3199 Arando
1814 3172 1921 3207 eff‘offiis.
1961 3176 2031 3204 Cic.-
2041 3178 2073 3205 dc
2088 3180 2180 3208 Diuin.

1138 3215 1164 3238 2,
1176 3215 1200 3240 51
1221 3216 1242 3233 6.
1257 3215 1287 3239 23
1326 3206 1402 3233 Estne
1421 3208 1560 3242 quisquam
1580 3209 1616 3234 ita
1636 3208 1778 3243 desipiens,
1803 3210 1850 3243 qui
1872 3210 1959 3238 credat
1976 3221 2109 3241 exaratum
2131 3218 2182 3243 csse

1140 3243 1219 3269 deum
1234 3242 1335 3274 dicam,
1356 3251 1389 3268 an
1402 3242 1556 3269 hominem?
1586 3246 1624 3270 De
1640 3246 1678 3270 Ta
1697 3251 1740 3269 ete.
1786 3245 1856 3271 Idem
1870 3246 1906 3272 ib.
1927 3256 1949 3273 c.
1963 3254 1991 3279 38
2015 3249 2115 3276 Etrusci
2136 3252 2182 3279 ha.

1157 3313 1183 3340 *b
1678 3254 1801 3314 fiiplinae
1814 3281 1882 3307 suae.
1918 3283 1986 3310 ΑΜ.
2004 3284 2074 3311 idem
2089 3286 2121 3312 de
2131 3288 2183 3315 Le.

1137 3322 1164 3349 gl
1186 3333 1193 3340 .
1209 3323 1220 3340 2
1240 3323 1262 3340 c.
1278 3322 1316 3346 23.

1174 3352 1384 3377 EXARATIO
1394 3369 1402 3381 ,
1423 3349 1492 3375 onis.
1511 3348 1532 3375 f.
1568 3349 1647 3376 Mart.
1657 3350 1759 3384 Capeti.
1773 3359 1790 3383 9
1802 3360 1827 3386 p.
1838 3360 1891 3385 204
1916 3353 1997 3386 Ipsius
2012 3354 2124 3390 Tagetis
2138 3368 2182 3386 ex.

1139 3385 1234 3411 aratio.
1271 3384 1362 3411 Sidon.
1375 3385 1465 3412 Carm.
1479 3393 1505 3417 9,
1520 3392 1562 3417 333
1573 3385 1632 3424 ‘Isti
1643 3386 1792 3413 exarationi
1805 3388 1931 3421 applicari
1945 3389 2024 3416 theta.

1175 3427 1384 3450 EXARTVO‚
1409 3424 1462 3446 irc.
1514 3419 1640 3453 Dsſjecare
1664 3428 1688 3447 et
1715 3422 1771 3447 ina'e
1790 3424 1883 3449 Part-ic.
1907 3423 2063 3452 Exartuatus
2082 3427 2183 3461 restitui

143 3487 149 3491 ⁴
266 3486 271 3491 .
499 3494 503 3497 .
630 3458 659 3482 Et
673 3465 722 3490 pro
735 3455 825 3482 Rabir.
843 3464 866 3487 13
891 3455 976 3480 Etiam
991 3454 1023 3481 ad
1037 3455 1075 3481 in·
1084 3466 1119 3491 90
1139 3457 1195 3483 vult
1211 3456 1269 3483 Cic.
1284 3457 1337 3483 Att.
1350 3463 1377 3490 7,
1389 3464 1411 3482 2.
1439 3454 1533 3490 Bqfius,
1546 3465 1614 3492 quem
1629 3455 1681 3483 uid.
1694 3466 1720 3491 p.
1728 3460 1772 3490 653
1787 3458 1824 3491 sq.
1838 3458 1926 3484 Graeu.
1940 3460 2032 3487 Parum
2042 3462 2106 3498 sane
2119 3472 2182 3500 pro..

20 3506 23 3507 ν
45 3493 198 3513 nocentium
218 3488 361 3520 pei-iculum
379 3495 478 3524 teinpus
497 3493 562 3518 illud
582 3493 719 3518 exarserat.

1135 3491 1279 3554 ἐαῇιιῑιιέΐκ
1289 3534 1311 3554 Τ
1319 3535 1329 3554 ι
1339 3532 1357 3553 c
1368 3534 1390 3554 v
1398 3533 1415 3553 1.
1425 3533 1445 3553 o
1454 3547 1463 3559 ,
1480 3530 1532 3552 are.
1567 3526 1635 3552 Celsi
1646 3525 1693 3559 effi
1707 3527 1811 3553 dieitur.

1176 3566 1281 3593 EJXAR
1291 3570 1311 3590 T
1321 3571 1330 3589 1
1340 3568 1358 3589 c
1370 3569 1416 3589 VL
1428 3568 1541 3594 ATio,
1560 3563 1627 3588 onis.
1648 3562 1668 3587 f.
1705 3563 1783 3588 Glofs.
1798 3563 1854 3589 Lat.
1867 3562 1915 3590 Gr.
1934 3565 1978 3598 ἐξά
1993 3568 2069 3596 amm,

1175 3604 1192 3624 E
1201 3606 1220 3625 x
1229 3605 1249 3624 Α
1260 3605 1271 3624 s
1281 3604 1299 3624 c
1313 3605 1349 3624 10
1358 3618 1366 3630 ‚
1386 3602 1438 3624 are.
1472 3596 1630 3631 [πελεκίζω]
1665 3598 1799 3629 Decimam,
1811 3598 1951 3636 disponere,
1963 3578 2064 3631 ailam
2076 3612 2101 3632 et
2112 3607 2182 3643 asca

48 3637 107 3655 rum
132 3634 280 3663 temporum
307 3629 504 3661 coniiciebatur.
540 3635 656 3668 Excepi,
681 3640 706 3659 et
724 3643 773 3668 pro
792 3634 875 3667 patria
895 3633 964 3658 solus
985 3632 1075 3659 exarsi.
1089 3637 1121 3664 95
1134 3639 1244 3668 parare,
1264 3633 1371 3660 nondum
1384 3641 1466 3660 tamen
1478 3634 1595 3668 expolire.
1632 3633 1699 3657 Hinc

48 3663 104 3690 Cic.
118 3665 195 3691 Verr.
212 3674 230 3694 1,
244 3667 280 3697 64
291 3673 311 3690 c.
328 3672 356 3696 25
395 3665 482 3705 Hoino
496 3673 524 3693 vt
543 3669 605 3695 haec
625 3669 743 3699 audiuit,
753 3669 785 3695 sic
799 3668 891 3695 exarsit
905 3668 936 3694 ad
952 3667 993 3699 id,
1003 3668 1075 3701 quod

49 3707 102 3726 non
114 3699 194 3726 niodo
207 3701 260 3734 ipse
277 3708 409 3734 nunquam
424 3700 539 3734 viderat,
552 3705 593 3731 sed
606 3712 648 3730 etr.
667 3708 685 3730 i.
706 3706 797 3731 Amore
810 3707 874 3739 capi.
947 3703 986 3729 Ad
1006 3703 1077 3737 spem

42 3733 175 3775 >liberta—tis
202 3737 259 3762 Cic.
281 3736 346 3762 Phil.
369 3745 386 3768 4
402 3745 422 3761 6.
437 3737 462 3762 6.
531 3739 627 3766 Contra
647 3739 749 3774 aliquid
774 3740 846 3765 Idem
866 3738 949 3772 Tusc.
966 3746 978 3770 ς
999 3748 1021 3764 6.
1035 3747 1076 3771 29.

49 3768 80 3795 In
90 3770 189 3797 rabiem
203 3772 344 3798 Frontinus
396 3780 414 3802 1,
430 3780 466 3797 10.
537 3774 671 3802 Iracundia
684 3775 848 3801 exardescere
862 3774 918 3801 Cic.
934 3775 1005 3800 Fam.
1021 3783 1038 3804 1,
1051 3783 1076 3806 9.

51 3812 76 3830 υ.
87 3806 110 3832 h.
121 3807 138 3832 1.
157 3808 255 3834 Manur.
328 3807 510 3834 indicnatione
522 3807 580 3834 Liu.
594 3819 619 3842 4,
632 3812 657 3836 6.

53 3847 103 3872 quo
115 3849 204 3868 eorum
217 3842 358 3869 exardescit
373 3842 425 3868 siue
438 3851 528 3873 amor,
548 3842 600 3868 siue
614 3845 737 3872 amicitia.
809 3845 958 3872 Exardeseit
972 3846 1010 3871 ira
1038 3844 1076 3871 Id.

51 3873 129 3902 Tute.
143 3885 164 3907 2,
177 3883 214 3910 38.
283 3878 430 3905 Euzardescit
447 3877 610 3904 admirabilis
625 3880 750 3912 quaedam
763 3879 964 3908 beneuolentiae
978 3880 1077 3915 magni-

51 3909 114 3936 tudo
126 3911 162 3938 Id.
177 3913 208 3939 de
221 3914 327 3940 Ainicit.
342 3923 380 3944 29.
455 3913 519 3939 Belli
533 3913 621 3939 ciuilis
636 3914 782 3942 exarserunt
795 3917 871 3943 initia
887 3917 983 3942 Patere.
999 3925 1021 3948 2,
1034 3922 1077 3949 48,

634 3948 723 3974 Tacit.
737 3958 761 3982 2,
776 3957 813 3984 38,
827 3961 847 3977 2.
884 3952 940 3978 Cic.
955 3961 1003 3986 pro
1011 3952 1076 3978 Rab.

50 3980 114 4009 Post.
135 3992 155 4009 c.
175 3986 201 4010 6.

270 3985 440 4013 Exardescere
451 3985 535 4020 pretia
554 3983 686 4015 dicuntur,
702 3986 771 4019 Quae
783 3987 894 4023 crqscunt
906 3994 930 4014 et
943 3988 1077 4015 intendun-
1092 3986 1231 4022 ¹051ingua
1250 3991 1303 4020 187.

1178 3675 1194 3694 E
1203 3676 1221 3695 χ
1229 3676 1251 3695 A
1259 3676 1272 3695 ς
1281 3675 1298 3694 c
1306 3676 1315 3694 1
1324 3676 1345 3695 A
1354 3675 1375 3695 Τ
1385 3675 1404 3695 ν
1414 3676 1443 3701 S,
1465 3678 1477 3695 a
1486 3689 1494 3701 ,
1513 3678 1566 3694 um.
1591 3667 1681 3693 Pavrtic.
1713 3673 1761 3702 per
1771 3671 1975 3704 translationem,
1986 3680 2035 3708 pro
2048 3676 2115 3702 Roas
2127 3679 2181 3704 Mt*-

1141 3712 1217 3729 2zrrua
1231 3706 1352 3739 expolitus
1365 3704 1433 3730 dixit
1447 3705 1528 3730 Plaut.
1540 3701 1607 3728 Asin.
1619 3710 1645 3733 2,
1658 3709 1684 3733 2,
1697 3710 1727 3734 93
1756 3704 1810 3730 Iam
1823 3704 1873 3732 hoc
1885 3716 1950 3741 opus
1965 3710 1999 3735 est
2012 3712 2180 3739 exasciatum..

1140 3741 1158 3765 i.
1179 3740 1231 3764 lam
1243 3741 1306 3774 fieri
1319 3746 1428 3774 coeptum
1439 3738 1482 3772 est.
1520 3740 1560 3764 Sic
1573 3738 1683 3763 Lambin.
1704 3737 1771 3764 reHe
1785 3747 1854 3774 puto.
1875 3744 1976 3770 Gutoer-
1994 3745 2024 3771 de
2038 3748 2095 3773 Iure
2106 3749 2180 3774 Man.

1141 3784 1164 3803 2,
1177 3781 1205 3803 18
1218 3778 1292 3809 plane
1299 3774 1441 3810 perfeHum
1453 3782 1476 3800 et
1491 3772 1627 3798 dealbatum
1638 3779 1720 3815 putat.
1745 3775 1803 3802 Vid.
1824 3783 1927 3805 ASCIA.

727 3811 783 3837 Cic.
799 3811 831 3836 dc
845 3809 951 3836 Amicit.
966 3819 1011 3836 100
1042 3810 1076 3835 Ex
1086 3817 1133 3835 100
1178 3816 1195 3836 E
1204 3818 1222 3836 Χ
1231 3818 1253 3837 A
1262 3818 1275 3837 S
1285 3818 1299 3837 P
1309 3809 1350 3836 §R
1359 3817 1378 3837 Ο
1391 3830 1400 3842 ,
1431 3814 1483 3836 7116-
1520 3808 1531 3840 [
1545 3806 1667 3839 ⁴‘'⁷¹¹⁰‘70‘0‘1’
1679 3826 1687 3840 2
1714 3806 1864 3847 dmymxae‘m]
1899 3814 2056 3850 4speriorem
2080 3816 2179 3852 facere.

1141 3845 1207 3871 Plin.
1222 3854 1261 3878 23,
1274 3856 1294 3879 4
1318 3845 1414 3872 Fauces
1426 3845 1573 3876 exasperat,
1585 3849 1611 3868 61
1625 3852 1723 3870 venena
1736 3847 1825 3873 omnia
1835 3847 1953 3876 hebetat.
1998 3852 2084 3877 Varro
2099 3851 2131 3878 de
2145 3854 2178 3878 R.

1141 3881 1172 3907 R.
1189 3889 1251 3920 ¹25²
1281 3880 1310 3920 Id
1325 3881 1354 3906 sit
1367 3889 1381 3906 c
1396 3879 1482 3906 tabula
1496 3878 1626 3918 lapidibus
1638 3886 1683 3905 aut
1696 3881 1769 3908 ferro
1782 3883 1940 3917 exasperata.
2009 3886 2178 3920 Exasperatae

1140 3923 1252 3942 arteriae
1266 3916 1331 3941 Plin.
1346 3924 1389 3946 22,
1401 3924 1441 3947 24.
1512 3914 1607 3941 Pituita
1619 3915 1751 3949 exasperat
1765 3918 1850 3944 fauces
1866 3920 1933 3946 Cels.
1970 3940 1978 3946 .
2013 3940 2019 3945 .
2056 3941 2062 3945 .
2129 3924 2177 3948 Ex-

1141 3952 1274 3985 asperatur
1292 3951 1363 3977 locus
1383 3950 1455 3976 nitro
1472 3949 1590 3975 scribon.
1605 3958 1662 3982 254.
1680 3952 1799 3987 inscalrie
1817 3955 1936 3980 curanda.
2007 3955 2179 3990 Exasperatur

1334 3986 1528 4047 LEsuispemut
1550 3984 1584 4012 ad
1612 3994 1691 4013 omne
1714 3987 1934 4017 medicamentum
1959 3997 2012 4016 220
2039 3992 2068 4017 de
2079 4001 2179 4022 cancro.

1451 4029 1468 4048 a
2087 4028 2180 4056 Ensem
