2479 4225
218 188 300 225 1219
603 168 620 208 1
706 167 750 208 Ν
836 163 874 205 V
1717 164 1735 204 Ι
1823 167 1858 204 O
1951 164 1987 207 C
2269 142 2357 205 1220

217 263 320 292 dicitur,
331 257 534 301 quodfififoliis
547 255 661 284 arborum
673 262 697 283 et
708 258 796 283 vitium
809 252 983 292 circumuolitat
996 258 1018 278 et
1033 251 1149 292 impiicet.
1169 251 1253 292 Plani*²
1315 250 1454 281 iudicauit.
1562 252 1618 287 Qi
1630 261 1716 280 mores
1729 258 1772 280 aut
1783 253 1939 291 vtilesbaut
1951 253 2060 280 inutiles
2073 252 2121 279 sint
2148 252 2203 280 Cic.
2217 251 2250 278 de
2263 250 2358 278 Diuin-

221 297 282 325 Cist.
296 305 323 329 4,
335 304 358 326 2,
371 297 401 326 63
420 294 468 321 bed
481 293 607 328 quidnam
625 292 719 319 amabo
734 292 742 316 ἓ
777 296 803 315 1..
820 287 1005 320 mlloluolum,
1023 296 1070 322 qui
1088 296 1117 313 11¹
1136 295 1255 321 pamplm
1317 295 1342 318 2,
1358 296 1389 313 11-
1496 288 1563 323 Aiga
1591 290 1656 315 tior.
1671 290 1758 315 Carm.
1773 298 1794 322 3,
1810 297 1849 323 17,
1864 298 1899 315 io.
1983 289 2064 315 Faclu
2077 288 2171 315 inutile
2189 289 2261 315 Idem
2275 286 2358 313 Serm-

219 332 290 360 folio
310 333 422 357 intortus
440 329 558 363 implicat
571 329 606 356 se.
674 325 761 354 Festus
774 334 780 350 ι
815 322 990 356 inuoluolus,
1011 323 1161 351 Vermiculi
1174 331 1256 358 genus
1317 330 1339 354 1,
1351 331 1442 356 4‚124.
1479 326 1498 350 ι’.
1513 327 1619 350 noxium.
1712 326 1752 351 Sic
1765 328 1837 350 etiam
1851 323 1932 351 Ouid.
1945 324 2009 350 Met.
2023 333 2055 356 13,
2070 330 2099 355 38
2133 337 2178 343 —
2215 323 2305 349 Donec
2320 322 2360 347 so·
2399 323 2403 325 ”

220 367 267 404 qni
279 367 303 393 se
320 365 434 392 inuoluit
455 364 588 399 pampino.
1318 357 1414 384 lertior
1426 358 1487 392 isto,
1523 360 1571 386 Sed
1585 360 1634 386 fibi
1648 360 1780 392 inutilior,
1800 360 1890 387 timidi
1903 366 2051 386 commenta
2064 359 2160 386 retexit
2196 355 2360 393 Naupliades

258 409 266 427 1
278 408 301 427 N
311 408 331 427 v
342 405 362 426 Ο
373 408 389 426 L
399 401 443 427 Vc
453 407 514 432 RE,
536 400 566 426 is.
585 407 610 424 n.
646 396 785 429 [ἔλυτρον]
818 394 942 426 Linteum,
951 393 1015 429 quod
1027 392 1135 429 tonsores
1147 392 1256 420 humeris
1278 396 1293 423 5
1318 392 1412 420 animi·
1504 394 1644 422 Stomacho
1658 395 1848 422 inutiliffimum
1871 395 1938 421 Plin.
1952 404 1994 427 22,
2010 404 2054 427 24.
2090 397 2107 420 i.
2129 395 2237 419 noxium.

219 435 395 466 :mulendorum
407 436 551 467 inuoluunt,
570 443 599 459 ne
610 431 751 466 capillorum
762 429 920 465 ret-{firmenta
927 448 935 461 ,
952 435 976 455 et
982 429 1154 465 praaesegmivm
1167 426 1256 460 vestem
1353 436 1363 454 1
1373 435 1395 454 N
1404 435 1425 454 ν
1433 434 1454 453 Τ
1463 436 1473 455 1
1481 431 1516 455 1.“1”
1525 437 1545 456 T
1555 438 1571 457 Ε
1582 437 1612 458 R.
1635 432 1699 458 Adii.
1737 431 1875 466 [ἀχρείως]
1913 431 1984 457 Hirr.
1998 430 2028 456 de
2036 431 2063 456 B.
2078 430 2152 456 Alex.
2166 430 2196 460 65
2215 428 2300 454 Multa
2307 428 2360 454 Ro-

214 471 357 509 Jordidmt.
441 471 522 497 Plaut.
537 470 608 501 Caph
623 475 648 498 2,
662 474 687 497 2³
701 473 729 499 17
749 464 845 499 desen?
856 473 917 491 aum
930 468 980 491 iam
993 464 1156 500 ‘'WussgfflstlO’
1175 463 1256 490 Nunc
1318 473 1377 490 mae
1409 463 1476 490 male
1508 471 1535 493 et
1557 467 1691 494 inutiliter
1712 465 1900 493 administrari.
1937 465 2069 499 Qinctu.
2081 474 2106 497 2,
2115 473 2142 498 4.
2178 463 2244 491 Non
2258 462 2363 490 inutill-

220 509 297 535 senex
318 506 354 532 est
372 506 401 532 in
418 506 542 533 tonstrina
556 514 563 533 ;
597 510 664 527 nunc
676 502 730 526 iani
744 499 841 526 cultros
853 499 947 526 attinet
962 511 968 527 :
1003 501 1046 527 Nc
1060 502 1082 526 is
1097 498 1204 534 quidem
1218 498 1257 524 in·
1318 504 1360 526 ter
1377 499 1438 526 Liu·
1452 508 1473 531 3,
1485 506 1519 532 51-
1634 503 1746 537 Compar·
1782 502 1868 528 Varro
1881 501 1913 528 de
1927 501 1958 528 R·
1973 502 2004 528 R·
2018 510 2041 533 32
2054 509 2076 533 5-
2251 511 2260 517 '

219 542 330 571 volucre
342 542 453 568 iniicere
465 538 565 576 voluit,
578 536 672 562 vestem
687 542 716 562 vt
728 544 760 561 ne
775 535 906 570 inquinet.
1358 541 1369 560 1
1380 541 1403 560 N
1413 540 1435 561 v
1446 541 1467 560 T
1477 542 1486 561 1
1495 541 1512 561 L
1521 535 1559 562 ir
1569 543 1611 564 AS
1620 556 1628 569 ,
1648 538 1704 564 atis.
1726 538 1746 563 f.
1782 535 1931 571 [ἐχρηςιά]
1967 537 2024 563 Cic.
2048 536 2079 561 de
2093 536 2196 567 [nuent.
2210 543 2232 565 2,
2246 537 2286 566 158
2300 541 2322 559 c.
2335 539 2363 565 52

255 586 267 605 1
276 584 377 605 Nvor
387 578 407 602 ῦ
417 582 434 602 c
445 582 463 601 R
472 581 537 605 VM,
554 580 573 598 1.
592 581 619 597 n.
653 569 800 605 [εἰλικτόν]
837 570 968 606 Quidquid
978 570 1076 606 aliquid
1087 573 1150 607 tegit
1167 575 1192 596 et
1205 576 1257 604 ope·
1275 584 1304 602 ιο
1321 570 1357 596 Ex
1370 569 1411 596 his
1423 570 1488 596 illud
1504 572 1657 604 conficitur„
1675 578 1703 599 vt
1715 572 1920 607 appetendarum
1935 581 2024 599 rerum
2037 570 2122 605 partes
2136 569 2184 596 tint
2204 568 2324 596 honestas
2337 572 2364 594 et

219 616 267 641 rit.
304 612 359 640 Cic.
373 611 406 638 de
420 611 455 637 N.
468 609 499 634 D.
514 616 536 640 2,
550 614 582 641 37
603 616 624 633 c·
641 615 670 639 14
701 607 735 632 Vt
749 606 828 641 clipei
843 606 916 632 causa
934 607 1119 639 inuolucrum,
1134 606 1258 640 vaginam
1318 606 1421 633 vtilitas
1431 612 1443 632 *t
1478 605 1659 640 vitandarum,
1678 608 1816 642 turpitudo
1830 615 1856 634 et
1871 607 2010 634 inutilitas.
2045 611 2063 633 i.
2084 609 2167 632 noxia.

220 656 309 677 autem
330 646 424 682 gladii,
443 644 476 670 fic
494 648 598 677 praeter
615 641 741 667 mundum
763 648 863 668 caetera
883 642 974 668 omnia
994 642 1108 668 aliorum
1123 642 1195 667 causa
1209 641 1258 667 effe
1357 647 1561 674 1NVVLGO,
1578 647 1630 671 are.
1672 644 1788 678 Vulgare.
1826 643 1895 669 Gell.
1910 652 1960 674 20,
1972 650 1985 675 5
2012 641 2170 677 Disciplinas
2188 638 2266 666 libris
2292 638 2366 665 forat

220 687 350 720 generata.
419 679 490 705 Idem
505 678 536 704 de
549 678 623 704 Orat.
638 686 659 710 1,
671 680 711 703 161
730 678 770 703 Sic
782 676 863 703 modo
878 676 905 702 in
919 677 1042 704 oratione
1056 676 1133 704 Crassi
1147 675 1256 703 diuitias
1319 676 1400 703 editis
1422 676 1584 712 inuulgaffet.
1654 679 1776 706 Graeuius
1811 682 1883 706 etiam
1915 679 1979 706 hanc
2010 687 2091 705 vocem
2122 674 2250 703 Ciceroni
2275 673 2367 700 tribuit

220 729 250 747 ac
263 720 414 745 ornamenta
425 715 482 740 eius
496 712 597 746 ingenii
611 721 657 747 per
676 712 803 746 quaedam
821 712 960 739 inuolucra
978 719 1057 748 atque
1074 713 1256 747 integumenta
1319 713 1371 738 Att.
1385 720 1410 744 2,
1424 721 1443 739 1.
2031 714 2034 715 ⁷

218 751 340 790 prospexi
354 761 360 776 :
391 749 434 776 sed
445 758 477 776 ea
495 757 578 783 quum
590 747 762 781 contemplari
775 756 906 782 cuperem,
915 749 960 774 vix
973 748 1134 784 adspiciendi
1144 747 1255 783 potestas
1275 757 1301 783 ις
1355 755 1365 774 1
1375 755 1395 773 Ν
1408 753 1429 773 ν
1445 754 1465 772 V
1475 753 1492 772 L
1502 753 1523 774 G
1533 755 1586 776 ΛΤ
1599 755 1619 776 ν
1631 757 1643 777 s
1651 769 1660 783 ,
1695 758 1726 783 a,
1765 758 1819 775 um.
1880 750 2010 786 Vulgarir.
2047 747 2115 775 Geu.
2136 755 2169 780 11,
2188 753 2206 781 7
2241 743 2366 778 Inutilga-

217 790 280 818 suit.
381 785 437 811 Cic.
454 785 492 818 Q
502 785 585 811 Fratr.
598 792 618 816 1,
634 792 642 808 1
662 783 754 809 Multis
766 784 837 809 enim
851 783 1045 810 simulationum
1060 784 1205 824 inuolpcris
1220 789 1256 808 te·
1316 789 1343 810 ta
1355 790 1382 810 et
1401 782 1543 810 sordentia.

217 824 305 859 gitur,
340 826 366 847 et
404 820 474 854 quati
510 819 576 845 velis
613 818 771 853 quibusdam
803 819 959 845 obtenditur
984 820 1190 854 vniuscuiuuque
1210 826 1256 845 na·
1358 826 1367 844 1
1378 824 1429 845 Nv
1439 826 1459 845 v
1470 826 1485 845 L
1496 825 1517 844 N
1527 820 1684 847 ERAnim
1695 827 1723 851 s,
1739 828 1762 847 e.
1784 819 1845 846 Adi.
1883 819 1941 846 Seri.
1955 819 2033 854 Epist.
2046 827 2064 852 9
2087 817 2199 844 Anii-nus
2212 814 2368 842 inuulnera·

216 865 283 886 tura.
354 856 493 882 penultima
509 863 680 889 nonnunquam
697 861 811 889 correpta
832 856 925 890 legitur
940 864 956 881 a
979 855 1122 882 Prudentio
1135 854 1183 892 sed
1197 861 1257 889 per·
1319 853 1392 881 bilis.
1496 855 1563 881 Add.
1585 856 1623 883 Id.
1634 857 1665 882 ad
1680 856 1758 882 Helu.
1774 865 1795 882 c.
1811 864 1844 887 13.

213 901 305 930 peram.
341 900 367 917 υ.
387 900 414 927 g.
449 891 569 917 Hamart.
597 897 645 922 921
682 889 811 924 Corporis
842 890 989 918 inuolucris
1021 891 1128 917 tumulo
1157 890 1257 924 frigen-
1356 894 1698 924 INVVLNERATVS,
1719 901 1746 923 a,
1768 900 1822 917 uin.
1850 889 1911 916 Adi.
1949 887 2094 925 [ἄτρωτος]
2130 887 2276 914 Vulnerato
2309 894 2367 912 con·

214 936 240 957 te
257 926 375 962 rePOsti3·
561 959 568 964 ,
1270 933 1306 953 20
1318 928 1435 952 starium·
1471 925 1528 954 Cic.
1541 935 1589 961 pro
1603 928 1672 954 Sext.
1687 936 1734 962 140
1749 936 1769 953 c.
1785 929 1816 959 67
1836 927 1889 953 Aut
1902 926 2014 952 omnino
2028 922 2206 955 iiiuulnerati,
2229 920 2368 949 inuiolati-

250 971 260 990 1
270 970 291 989 N
302 968 374 988 vor.
384 966 463 986 VME
473 965 512 991 N,
531 959 591 986 i'nis.
609 968 636 986 n.
672 961 793 993 ἔνείλημκ
813 960 894 987 Glois.
909 960 954 987 Gr.
970 961 1027 988 Lat.
1322 969 1372 996 que
1387 960 1520 988 vixerunt.
2221 964 2227 965 ⁷

249 1004 319 1026 JNV
328 1003 347 1023 0
356 1004 371 1023 L
380 1002 401 1021 v
411 1001 463 1022 ΜΕ
473 1000 496 1020 N
508 1000 529 1020 T
538 1002 609 1027 VM,
629 995 647 1022 1.
665 1005 692 1022 1¹·
728 996 831 1031 Vulgat-
842 997 897 1031 Sap.
912 1007 934 1029 7,
947 1007 973 1031 4.
1356 1003 1365 1022 1
1377 1002 1401 1022 N
1412 1003 1461 1022 vv
1470 1002 1499 1027 s,
1529 997 1549 1026 i.
1573 1006 1607 1024 ni.
1646 998 1713 1024 Idem
1733 1000 1776 1034 qm·
1797 996 1913 1024 incubus.
1956 996 2014 1023 Nec
2027 994 2146 1021 diuersus
2159 993 2195 1020 est
2207 1002 2222 1020 a
2236 993 2318 1024 Pane,
2335 996 2369 1018 υε

250 1041 260 1059 1
271 1037 432 1060 NVRBAN
443 1036 502 1060 VS,
517 1038 550 1063 a,
568 1039 623 1057 um.
645 1031 705 1058 Adi.
741 1031 885 1065 [tinnulam
901 1031 1001 1065 onoem'5]
1036 1031 1146 1058 Vrbano
1158 1035 1259 1058 contra·
1317 1031 1401 1059 tradit
1414 1031 1528 1059 Seruius.
1575 1033 1652 1068 Virg.
1665 1035 1731 1060 Aen.
1747 1036 1772 1066 6,
1789 1040 1839 1068 775
1859 1032 1992 1059 Pometios
2006 1030 2170 1064 castrumque
2187 1028 2257 1056 Inui.
2284 1059 2287 1061 .
2305 1025 2366 1055 Vid.
2392 1033 2395 1035 ’

212 1071 287 1098 rium.
321 1067 346 1094 h.
360 1076 380 1093 e.
402 1066 534 1098 lnciuilis,
551 1066 640 1099 rudis,
656 1065 757 1099 rusticis
768 1068 876 1094 moribus
883 1068 1025 1103 praedicta.
1060 1068 1115 1094 Cic.
1137 1066 1169 1093 de
1182 1068 1257 1094 Orat.
1320 1073 1339 1094 1³
1349 1075 1401 1094 AV
1410 1074 1432 1093 N
1441 1075 1461 1093 V
1471 1073 1494 1094 S.

213 1114 238 1137 2,
252 1114 288 1138 40
307 1104 418 1136 Inopem
432 1101 562 1136 quendam
577 1102 748 1129 humanitatis
761 1108 839 1137 atque
852 1103 1022 1130 inurbanum.
1095 1103 1164 1130 Add.
1180 1102 1219 1129 Ib.
1235 1112 1256 1129 c.
1274 1109 1308 1136 25
1356 1109 1366 1128 1
1377 1109 1399 1128 N
1409 1109 1457 1128 VX
1467 1109 1486 1129 0
1495 1109 1514 1128 R
1525 1109 1548 1128 v
1557 1110 1569 1130 s
1579 1123 1586 1135 ,
1609 1113 1638 1136 a,
1662 1113 1716 1130 um.
1751 1103 1812 1131 Adi.
1848 1103 1970 1130 Summus
1990 1102 2120 1130 inuxorae
2133 1098 2296 1135 virginitatis
2309 1105 2367 1134 gra-

213 1149 258 1174 90.
328 1137 403 1164 Idem
415 1136 446 1163 de
460 1136 610 1176 Clau-Orat.
618 1145 669 1172 227
689 1137 738 1164 Sed
750 1139 871 1165 omnium
885 1144 1023 1165 oratorum
1037 1138 1089 1165 siue
1102 1138 1258 1165 rabularum
1318 1137 1366 1165 dus
1386 1138 1507 1165 Tertull.
1522 1138 1552 1165 de
1568 1140 1634 1168 Cast.
1650 1149 1671 1166 c.
1685 1149 1711 1174 9.

213 1176 262 1210 qui
285 1179 311 1200 et
332 1173 408 1208 plane
428 1171 549 1205 indocti,
568 1177 613 1199 aut
627 1173 766 1206 inurbani,
785 1179 830 1200 aut
852 1174 943 1201 rustici
965 1174 1047 1201 etiam
1068 1174 1194 1207 fuerunt,
1211 1181 1258 1200 etc.

213 1210 322 1238 Dichim
357 1209 426 1235 Hor.
440 1207 472 1234 de
486 1209 549 1235 Arte
561 1209 633 1235 Poc't.
648 1217 705 1244 273.
799 1209 891 1236 Gestua
919 1219 974 1236 non
1000 1210 1147 1237 inurbanus
1173 1209 1258 1243 Qiin-
1770 1202 1785 1234 Ῑ
1881 1202 1910 1233 Ο

211 1246 266 1273 ciii.
282 1247 307 1275 6,
321 1253 348 1277 4·
1356 1252 1416 1279 10,
1433 1245 1476 1273 'fis-
1496 1247 1515 1273 f.
1552 1246 1627 1282 [²125]
1665 1248 1731 1274 Filia
1743 1247 1846 1281 Inachi,
1865 1257 1881 1275 a
1901 1249 1957 1275 Ioue
1974 1246 2107 1279 adamata,
2126 1253 2199 1281 quam
2216 1242 2244 1270 ob
2264 1242 2370 1269 Iunonia·
2406 1276 2410 1279 Ι

248 1288 257 1306 1
272 1286 293 1306 Ν
304 1286 323 1305 V
335 1280 472 1316 RBANE.
493 1278 562 1306 Adu.
597 1280 718 1314 [σκαιῶς]
755 1281 906 1308 lnciuiliter.
941 1281 997 1307 Cic.
1012 1280 1044 1307 de
1057 1281 1093 1307 N.
1108 1281 1140 1307 D.
1151 1289 1175 1314 3,
1190 1288 1221 1314 50
1235 1290 1256 1306 c.
1275 1290 1308 1315 30
1320 1284 1502 1315 inm-uentum,
1521 1292 1550 1308 ne
1571 1293 1585 1309 a
1605 1283 1758 1319 noſsa-etur,
1776 1285 1803 1309 in
1824 1292 1924 1310 vaccam
1944 1286 2082 1314 conuertit,
2099 1285 2166 1316 eique
2198 1276 2370 1312 custodiendae

213 1324 242 1349 19
270 1314 347 1350 Apud
366 1324 434 1355 quos
451 1324 506 1341 non
520 1314 649 1342 inurbane
662 1316 839 1349 Stratonicus,
858 1322 887 1344 vt
899 1317 982 1343 inuita
996 1325 1094 1351 quum,
1113 1323 1160 1342 etc.
1198 1316 1257 1344 sub·
1323 1319 1386 1345 Iuno
1400 1320 1497 1354 Argum
1505 1293 1640 1355 praefigi-it.
1691 1318 1786 1345 Deinde
1799 1318 1934 1354 interfeHo
1947 1322 2018 1354 Argo
2031 1327 2046 1345 a
2058 1318 2201 1348 Mercurio,
2213 1313 2270 1350 pqst
2282 1314 2371 1349 1071505·

209 1351 285 1382 audi,
302 1351 402 1385 Inquit.
473 1351 546 1387 Cous.
559 1351 624 1377 Plin.
639 1351 717 1385 Epist.
730 1360 754 1382 2,
769 1360 808 1386 14,
821 1360 843 1384 5.
1320 1360 1429 1380 terrores
1452 1362 1591 1389 erroresque
1606 1353 1723 1387 restitum
1736 1355 1839 1390 formae
1859 1361 1883 1380 ct
1906 1354 1953 1388 Isis
1971 1356 2158 1390 Aigyptiorum
2179 1353 2223 1377 dra
2236 1349 2311 1386 fafla
2325 1346 2370 1382 est·

245 1395 255 1414 1
265 1391 376 1413 NVRG
387 1393 404 1412 E
416 1392 452 1417 o,
469 1389 537 1426 ere..
557 1386 661 1426 Lueret.
676 1396 697 1419 5,
713 1395 775 1420 1034
795 1388 902 1414 Cornua
914 1393 972 1414 nata
985 1387 1058 1422 prius
1073 1387 1168 1420 vitulo,
1177 1396 1256 1423 quam
1325 1389 1385 1416 Vid.
1399 1389 1480 1416 Ouid.
1495 1390 1558 1416 Met.
1573 1399 1593 1426 r,
1605 1395 1647 1421 588
1654 1390 1713 1426 sqq.
1785 1391 1817 1416 Et
1830 1389 1909 1424 Epist.
1925 1399 1965 1423 14,
1977 1395 2005 1422 85
2012 1391 2070 1426 ΛΜ.
2138 1389 2211 1421 Vaga
2224 1387 2256 1412 lo
2276 1383 2369 1411 valer.

208 1421 346 1450 frontibus
360 1421 459 1448 exstent
493 1421 551 1448 Illis
564 1428 644 1448 iratus
657 1423 740 1456 petit,
757 1429 835 1457 atque
849 1424 964 1450 infensus
977 1423 1089 1457 inurget.
1123 1424 1148 1452 b.
1163 1433 1182 1450 e.
1209 1424 1257 1451 Vr-
1319 1426 1418 1459 Argon.
1434 1432 1465 1460 7,
1480 1433 1525 1451 111.
1718 1430 1730 1441 ”
1868 1420 1872 1431 '

208 1458 287 1495 gendo
300 1460 419 1497 irrupi-tigit
432 1460 459 1482 in
471 1457 571 1483 arbores
582 1464 626 1484 aut
637 1458 708 1484 aliud
725 1458 862 1494 quidpitun.
1134 1491 1135 1494 Ἴ
1276 1466 1304 1492 35
1357 1469 1367 1487 1
1377 1468 1395 1488 O
1405 1481 1413 1493 ,
1450 1460 1514 1495 [aui]
1550 1461 1713 1487 exclamantis
1731 1461 1860 1488 Particula
1872 1457 1914 1493 cst.
1952 1458 2051 1486 Tibul.
2066 1467 2092 1491 2,
2109 1466 2138 1491 4,
2150 1460 2166 1484 6
2184 1458 2270 1487 Vror,
2289 1456 2318 1482 io
2329 1462 2371 1481 re-

244 1501 254 1519 l
265 1500 284 1519 Ν
296 1500 344 1523 VJ<
355 1500 364 1518 1
379 1499 400 1518 N
412 1498 432 1518 0
442 1512 451 1525 2
470 1497 523 1519 are.
558 1491 729 1527 [ὕποδύομιιι]
765 1495 832 1521 Mem
846 1494 911 1531 quod
927 1495 1035 1522 Vrinm
1049 1505 1058 1524 ;
1092 1497 1110 1521 τ’.
1130 1496 1258 1530 Inaquam
1321 1505 1402 1523 moue
1418 1496 1493 1522 saeua
1503 1496 1591 1530 puella
1606 1496 1682 1522 faces.
1756 1496 1801 1522 Sil.
1817 1508 1840 1528 ⁴,
1853 1501 1898 1531 781
1920 1495 2021 1521 Clamat
2034 1495 2062 1520 io
2076 1494 2173 1520 coniux
2183 1513 2192 1525 ,
2209 1498 2371 1526 quocunque

209 1530 305 1565 mergi,
326 1535 350 1554 2?
363 1528 472 1569 flammi?
484 1538 610 1568 fmt'j‘g'ffl'f·
663 1529 794 1557 COlUfflel-
809 1535 837 1562 ὃ,
853 1540 883 1564 14
915 1531 998 1557 Lacus
1011 1530 1164 1566 piscinaque
1178 1539 1257 1557 manu
1320 1532 1351 1558 in
1363 1532 1471 1558 cardine
1484 1531 1577 1558 mnndi
1615 1532 1685 1558 Bella
1699 1540 1806 1563 moues,
1822 1532 1872 1558 huc
1887 1530 1955 1565 ligna
1969 1531 2049 1557 refer.
2120 1528 2188 1555 Add.
2209 1525 2289 1553 Ouid.
2302 1524 2371 1553 Fast.

212 1563 277 1591 fiant
286 1584 294 1597 ,
313 1570 341 1591 vt
354 1564 402 1591 fint
415 1563 511 1599 quibus
526 1565 662 1592 inurinare
675 1565 767 1600 poffint
786 1575 857 1593 aues.
1320 1577 1348 1600 4,
1362 1575 1427 1602 447.
1495 1568 1622 1602 Exprimit
1633 1567 1761 1604 geyla-ntis
1774 1569 1874 1593 laetitia
1887 1565 2013 1601 affictum.
2050 1563 2132 1591 Ouid.
2148 1564 2180 1590 de
2188 1564 2250 1589 Arte
2258 1563 2315 1588 Am.
2328 1568 2371 1591 2,1

240 1608 258 1641 ς1
268 1601 398 1641 NVRO,
411 1599 472 1631 ussi,
491 1599 592 1635 ustum,
616 1603 669 1627 ere.
704 1601 831 1635 [ἔγκαίω]
866 1601 1035 1638 Ignitofcrro
1049 1604 1207 1637 imprimere,
1227 1605 1258 1628 vt
1321 1603 1409 1630 Dicite
1421 1603 1451 1630 io
1465 1603 1564 1634 Paean,
1584 1609 1610 1630 et
1621 1603 1648 1629 io
1662 1603 1703 1630 bis
1718 1603 1797 1630 dicite
1811 1604 1903 1630 Paean.
1974 1602 2056 1628 Plaut.
2071 1599 2155 1627 Calin.
2171 1608 2199 1632 4,
2213 1607 2234 1630 3,
2249 1608 2260 1629 3
2278 1598 2308 1623 Io
2322 1596 2370 1629 hy-

204 1632 413 1674 flzgmafrontz,
432 1642 455 1660 et
469 1643 581 1674 equorum
593 1639 679 1668 coxis,
697 1644 726 1663 vt
743 1637 922 1672 cognofiantur
934 1647 950 1664 a
961 1638 1098 1664 venditore.
1171 1637 1257 1664 Notas
1272 1644 1310 1669 40
1321 1647 1381 1665 men
1393 1638 1556 1671 hymenaee,
1576 1637 1593 1664 ό
1607 1638 1714 1671 hymen.
1818 1640 1849 1664 Io
1876 1636 2012 1671 triumphe
2042 1637 2108 1663 Hor.
2135 1636 2224 1662 earm.
2240 1645 2265 1666 4,
2284 1641 2308 1664 9,
2325 1640 2372 1666 49·

211 1674 238 1697 at
255 1678 365 1696 uomina
382 1675 493 1695 murunt
505 1670 599 1696 vitulis
625 1671 701 1704 Virg.
714 1672 810 1705 Georg.
824 1682 846 1704 3,
861 1678 910 1705 158.
1003 1673 1124 1700 Adhibno
1137 1675 1259 1708 ignipin-
1324 1674 1382 1701 Vid.
1399 1681 1518 1701 IVBILO.
1612 1675 1749 1701 Irridentis
1762 1672 1924 1701 interiectio:
1960 1673 2043 1700 Plaut.
2057 1673 2138 1698 Merc.
2154 1679 2176 1703 5,
2189 1679 2214 1702 2,
2230 1678 2270 1695 110
2290 1668 2372 1694 Nune

211 1715 268 1743 gere
282 1715 290 1730 :
325 1704 390 1740 quod
401 1713 477 1744 geniis
486 1703 619 1738 pifiurae,
637 1704 770 1744 encaustica·
783 1707 887 1732 dicitur.
922 1708 988 1733 Plin.
1002 1717 1038 1740 35,
1052 1718 1070 1741 4
1090 1709 1260 1742 Cuiussupra
1319 1709 1394 1736 domi
1417 1709 1450 1735 lic
1473 1710 1564 1742 decet,
1585 1709 1617 1735 sic
1641 1710 1701 1737 fieri
1724 1716 1839 1745 oportet.
1876 1717 1903 1736 Ε.
1928 1708 1977 1735 1οέ
2014 1716 2079 1743 quae
2100 1712 2129 1732 tu
2153 1704 2289 1732 somnias3
2326 1703 2373 1729 hie

213 1746 290 1776 caput
314 1740 404 1766 tabula
426 1739 503 1773 bigae
524 1739 670 1774 dependet:
706 1741 802 1767 Niceas
822 1741 921 1775 scripsit
942 1743 967 1767 se
982 1742 1105 1773 inuffiffe,
1124 1743 1173 1768 tali
1187 1743 1261 1771 enim
1319 1744 1403 1771 hoino
1417 1754 1472 1770 non
1485 1746 1559 1770 sanus
1573 1745 1618 1771 est.
1654 1747 1688 1772 al.
1704 1746 1759 1772 Eho
1777 1746 1782 1772 Ξ
1888 1738 2151 1779 Prioremproduxiffi
2168 1741 2269 1768 videtur
2288 1738 2373 1765 Ouid.

212 1777 274 1803 vsus
285 1775 321 1802 est
335 1775 428 1802 verbo.
531 1776 681 1809 Metaphora
693 1785 707 1800 a
717 1779 803 1811 priori
817 1786 901 1803 venere
914 1777 1038 1803 inm-endi.
1075 1777 1130 1802 Cic.
1153 1776 1185 1803 de
1199 1778 1260 1803 Pro-
1320 1780 1384 1806 Met.
1399 1787 1421 1810 5,
1430 1782 1477 1810 625
1498 1781 1529 1805 Et
1541 1780 1583 1805 bis
1597 1782 1627 1806 Io
1643 1782 1787 1812 Arethusa,
1807 1782 1837 1807 10
1852 1780 1978 1807 Arethusa
1992 1779 2107 1806 vocauit.
2179 1777 2220 1804 stc
2227 1777 2307 1802 Mart.
2316 1782 2372 1806 11‚2

214 1813 285 1839 vinc.
308 1810 415 1837 Consul.
437 1813 464 1836 16
482 1819 503 1836 c.
520 1817 538 1844 7
561 1810 607 1836 Sed
623 1809 726 1836 fruatur
740 1812 801 1837 sane
832 1820 863 1837 oc
878 1811 973 1837 solatio
989 1822 994 1837 :
1030 1817 1108 1846 atque
1121 1811 1187 1838 hanc
1201 1811 1260 1838 11111-
1274 1817 1308 1843 45
1322 1813 1441 1839 Clamant
1454 1822 1512 1839 ecce
1526 1814 1579 1839 inei
1594 1816 1624 1841 Io
1637 1815 1785 1843 Saturnalia
1798 1816 1896 1842 versus.
1955 1816 2003 1843 Sed
2021 1820 2140 1850 apparet,
2151 1811 2219 1849 ροβε
2233 1811 2375 1838 enumerari

213 1856 290 1882 gnem
304 1846 497 1882 ignominiam,
516 1845 642 1880 quoniam
657 1846 704 1871 vni
718 1852 821 1879 praeter
834 1847 858 1872 se
872 1847 956 1872 inusta
972 1847 1024 1878 est,
1041 1852 1113 1881 putet
1128 1847 1176 1873 eise
1192 1847 1259 1873 leni·
1319 1848 1475 1882 diuerfimode
1486 1848 1606 1883 Syllabas.

213 1892 297 1910 orem.
401 1882 457 1908 Cic.
480 1881 557 1907 Verr.
583 1889 603 1912 1,
625 1889 662 1912 113
685 1889 706 1906 c.
721 1889 768 1914 44.
862 1882 924 1907 Item
937 1881 1020 1907 Tusc.
1034 1890 1056 1913 3,
1069 1890 1097 1913 19
1117 1883 1259 1915 Proprium

211 1918 249 1945 est
262 1918 334 1944 enim
347 1917 409 1943 irati
425 1925 535 1951 cupere,
554 1924 570 1942 a
581 1925 635 1950 quo
650 1916 732 1942 laesus
743 1915 874 1947 videatur,
893 1916 918 1942 ei
932 1925 1011 1950 quam
1023 1916 1169 1942 niaximum
1183 1916 1259 1942 dolo·
1714 1920 1728 1951 1
1826 1922 1858 1951 Ο
1953 1922 1980 1951 C

211 1963 270 1982 tem
287 1954 402 1980 inurere.
469 1951 536 1978 Add.
550 1951 588 1978 Id.
602 1953 654 1977 Att.
670 1960 689 1983 1,
703 1953 739 1977 16.
811 1952 866 1978 Cic.
883 1960 930 1986 pro
946 1952 1065 1977 Muraen.
1081 1956 1093 1980 8
1109 1960 1130 1976 c.
1143 1961 1161 1984 4
1181 1952 1258 1983 Quae

212 1988 232 2016 fi
244 1989 318 2015 causa
330 1997 385 2014 non
396 1988 470 2019 esset,
492 1993 578 2013 tamen
592 1987 634 2013 vel
647 1986 760 2021 dignitas
773 1986 900 2019 hominis,
918 1987 961 2012 vel
973 1986 1087 2013 honoris
1101 1986 1166 2017 eius,
1179 1995 1259 2020 quem
1276 1990 1308 2017 50
1355 1995 1365 2013 1
1374 1993 1393 2014 o
1403 1992 1420 2014 C
1432 1995 1474 2015 As
1484 1995 1505 2015 T
1514 1995 1536 2015 Α
1545 2008 1553 2021 ,
1574 1997 1612 2015 ae.
1633 1988 1654 2015 f.
1690 1988 1823 2023 [Ἲσκοίςη]
1861 1989 1929 2016 Filia
1949 1988 2079 2021 Creontis,
2101 1993 2125 2014 et
2138 1996 2202 2015 vxor
2215 1987 2289 2019 Laii,
2302 1988 2372 2022 regie

211 2024 319 2059 adeptus
332 2023 380 2053 est,
397 2022 562 2061 amplitudo,
579 2022 707 2061 suminam
720 2022 788 2049 milii
802 2021 942 2056 superbiae
951 2042 958 2054 ‚
982 2021 1201 2055 crudelitatisque
1214 2022 1260 2050 Fa·
1324 2023 1512 2056 Thebanorum,
1527 2023 1583 2060 post
1598 2027 1667 2050 cuius
1679 2034 1757 2051 necem
1770 2024 1911 2059 imprudens
1923 2024 2002 2060 nupstt
2017 2023 2264 2059 Oedipodifili'osuu,
2284 2031 2312 2048 ex
2342 2030 2373 2048 un

212 2069 283 2089 marn
297 2058 432 2090 inuffiffet,
451 2057 468 2083 si
482 2057 598 2083 hominis
612 2064 638 2083 et
649 2058 701 2083 suis
715 2062 740 2083 et
753 2058 815 2092 Pop.
832 2059 908 2085 Rom.
929 2058 1090 2084 ornamentis
1110 2057 1259 2091 :impiissimi
1315 2058 1425 2094 *suscepit
1439 2060 1579 2094 polynicem
1592 2066 1615 2086 rt
1629 2060 1745 2087 Eteoclen:
1760 2070 1768 2085 :
1803 2062 1847 2095 qui
1877 2070 1931 2087 uum
1946 2063 2038 2086 mutuis
2045 2059 2098 2095 sest
2111 2061 2251 2086 uulneribus
2269 2031 2373 2093 occidis:

214 2096 316 2123 causam
338 2094 404 2121 tanti
423 2093 533 2128 periculi
554 2092 735 2126 repudiassem.
829 2093 886 2119 Cic.
901 2102 950 2127 pro
964 2093 1058 2119 Milon.
1074 2101 1099 2123 33
1127 2094 1198 2125 Quas
1212 2093 1259 2119 ille
1312 2093 1388 2130 sent,
1406 2096 1460 2130 ἰωὰ
1473 2105 1566 2131 quoque
1575 2096 1604 2130 se
1616 2098 1722 2122 >zet-auin
1780 2096 1833 2121 Hoc
1846 2068 1879 2130 {sq}
1892 2102 2061 2131 argumentum
2073 2094 2258 2131 tragoediarum
2265 2094 2371 2120 Graeca-

213 2131 282 2165 leges
295 2129 329 2162 (li
346 2130 414 2164 leges
425 2128 601 2155 nominandae
612 2129 688 2164 sunt,
704 2137 733 2154 ac
746 2137 801 2154 non
814 2128 883 2154 faces
897 2128 980 2159 vrbis,
998 2134 1024 2154 et
1037 2128 1117 2162 pestes
1132 2128 1258 2162 Reipub.)
1321 2138 1375 2155 rum
1389 2132 1594 2166 Latinnrmnque.
1642 2132 1680 2157 De
1693 2133 1760 2157 exitu
1775 2131 1843 2157 illius
1858 2132 1919 2160 Stat.
1934 2131 2024 2158 Theb.
2040 2139 2074 2163 11,
2087 2133 2134 2163 623
2156 2129 2257 2164 Regina
2270 2128 2372 2156 extule-

216 2167 300 2193 fuerit
315 2164 484 2200 impositurus
496 2163 574 2190 nobis
592 2164 735 2197 omnibus,
754 2170 832 2198 atque
844 2163 978 2190 inusturus
993 2164 1002 2190 3
1038 2167 1056 2190 ι’.
1074 2165 1104 2188 In
1116 2170 1260 2198 perpetuam
1279 2163 1308 2189 55
1321 2170 1362 2190 rat
1375 2171 1469 2190 notum
1481 2165 1659 2200 penetralibus
1674 2167 1776 2197 ensem,
1796 2173 1842 2194 etc.
1932 2166 2001 2193 Ibid.
2015 2172 2038 2198 8,
2053 2168 2105 2199 642
2122 2166 2209 2192 Prima
2222 2165 2311 2196 videt,
2330 2172 2372 2190 ca·
2431 2182 2436 2190 .

212 2201 324 2237 Reipubt.
342 2203 503 2237 ignominiam
516 2201 621 2226 laturus.
724 2199 786 2225 Liu.
800 2208 820 2231 3,
829 2200 856 2232 58
878 2198 1050 2226 Prehensabat
1066 2197 1187 2232 singulos,
1200 2207 1259 2224 ora·
1322 2208 1433 2233 ramque
1447 2206 1561 2227 tremens
1575 2201 1673 2228 Iocasta
1689 2202 1810 2229 vocabat.
1904 2203 1936 2228 Et
1948 2211 1975 2238 7,
1990 2210 2036 2236 475
2058 2202 2257 2236 Exsanguesque
2271 2199 2372 2228 Iocasta
2418 2195 2439 2218 ‘4

214 2238 322 2272 batque,
330 2246 363 2263 ne
377 2235 503 2263 Claudiae
517 2235 587 2269 genti
602 2244 659 2262 eam
671 2234 784 2261 inustam
796 2235 924 2261 maculam
938 2234 1053 2265 vellent,
1074 2241 1102 2260 vt
1115 2241 1218 2260 carcere
1234 2239 1259 2259 et
1319 2243 1412 2268 genaS,
1432 2242 1477 2260 etc.

214 2272 329 2300 vinculis
339 2272 495 2299 viderentur
508 2271 591 2305 digni.
680 2270 766 2296 Notas
788 2276 903 2297 aeternas
916 2270 1046 2296 memoria
1058 2269 1170 2295 alicuius
1188 2268 1258 2294 Vell.
1358 2276 1368 2294 1
1379 2276 1398 2296 Ο
1406 2276 1423 2296 C
1432 2275 1478 2296 AB
1491 2277 1508 2296 V
1523 2277 1545 2297 N
1557 2277 1575 2297 D
1588 2277 1608 2296 V
1619 2279 1631 2298 s
1641 2291 1649 2304 ,
1670 2278 1708 2299 10
1720 2278 1736 2299 C
1749 2280 1770 2299 A
1779 2278 1801 2298 T
1811 2279 1821 2298 1
1832 2278 1852 2299 o
1861 2291 1869 2304 ,
1887 2279 1897 2298 1
1907 2281 1926 2301 O
1937 2279 1954 2299 C
1962 2280 1983 2298 v
1991 2280 2007 2299 L
2015 2279 2037 2299 Α
2045 2278 2067 2298 Τ
2077 2280 2086 2298 1
2097 2279 2116 2299 o
2124 2292 2133 2304 ,
2153 2272 2206 2298 vid.
2226 2277 2334 2298 locvs.
2372 2265 2380 2270 ⁸

214 2318 238 2341 2,
251 2311 296 2341 64,
311 2317 332 2340 3.
422 2308 547 2334 Aeternas
561 2306 674 2333 maculas
687 2305 766 2333 alicui
784 2306 899 2333 Deciani.
913 2307 941 2332 in
954 2305 1053 2332 Sallust.
1158 2305 1259 2331 Notam
1360 2303 1399 2331 10⁸¹
1409 2311 1426 2332 c
1436 2312 1457 2331 V
1467 2313 1495 2338 s,
1522 2307 1540 2332 i.
1576 2315 1610 2334 in.
1648 2306 1766 2343 [vi-mdxii,
1784 2309 1904 2341 παίγνιον]
1941 2309 2009 2334 Plur.
2030 2307 2059 2333 hi
2073 2308 2144 2337 Ioci,
2167 2308 2209 2333 vel
2222 2307 2285 2332 haec
2299 2307 2370 2332 Iota.

215 2344 372 2372 Censoriam
383 2343 466 2369 alicui
489 2342 554 2369 Plin.
570 2342 646 2376 Epist.
663 2350 689 2374 9,
704 2351 736 2374 13-
1276 2339 1311 2363 60
1322 2341 1415 2367 Iocum
1430 2350 1553 2373 vocamus,
1568 2342 1633 2377 quod
1645 2341 1678 2376 ist
1692 2343 1937 2371 contrariumSerio.
1974 2342 2072 2375 Differt
2085 2348 2163 2368 autem
2170 2342 2245 2367 Iocus
2259 2340 2371 2371 aLudo‚

254 2387 262 2406 1
274 2387 293 2406 Ν
304 2387 324 2405 v
334 2387 346 2405 S
356 2384 376 2404 Τ
386 2386 407 2405 ν
416 2385 428 2404 S
437 2398 445 2410 ,
462 2386 491 2410 a,
511 2387 564 2404 um.
590 2378 682 2404 Pax-tic.
719 2378 869 2412 [ξ’γκαυςος]
905 2376 1013 2410 Sanguis
1027 2375 1127 2402 inustus
1141 2374 1261 2407 vulnere,
1323 2376 1387 2411 quod
1399 2376 1477 2402 ludus
1484 2377 1571 2413 saffis
1585 2388 1592 2403 :
1629 2379 1703 2404 iocus
1711 2383 1844 2415 praecipue
1858 2378 1941 2405 vorbis
1949 2376 2011 2412 fieri
2023 2377 2131 2403 dicatur.
2173 2377 2210 2402 De
2222 2377 2284 2402 iocis
2298 2381 2322 2401 et
2334 2377 2371 2400 iu-

213 2415 240 2444 b.
252 2424 271 2441 c.
295 2417 325 2441 In
337 2413 388 2449 ipfh
403 2415 500 2440 uulnere
521 2411 590 2447 ustus
605 2424 613 2438 :
647 2412 757 2440 Ardenti
778 2416 842 2438 enim
863 2415 953 2452 :irione
973 2410 1076 2447 fat-”tum
1098 2418 1157 2451 erat.
1174 2410 1263 2450 vulnus
1322 2411 1397 2437 candi
1415 2412 1545 2448 generibus
1562 2412 1647 2440 dedita
1665 2423 1738 2449 opera
1749 2418 1804 2451 agit
1825 2414 1880 2441 Cic.
1888 2413 1920 2439 dt·
1928 2413 2023 2440 Orat.2
2039 2422 2059 2439 c.
2074 2420 2103 2444 54
2106 2411 2164 2447 sqq.
2236 2408 2369 2443 Qiinchl.

215 2450 296 2478 Ouid.
312 2451 374 2476 Met.
390 2458 426 2480 iz,
440 2455 495 2483 275.
583 2449 671 2475 Inusta
690 2449 760 2475 testis
779 2447 950 2475 candentibus
963 2453 1038 2473 vetus
1054 2447 1172 2473 hominis
1185 2454 1262 2474 vrina
1323 2449 1349 2476 6,
1363 2455 1384 2478 3.
1455 2447 1574 2474 Mat-rob.
1590 2449 1640 2474 Sat.
1655 2458 1677 2481 2,
1690 2458 1699 2475 1
1719 2464 1763 2469 —-
1783 2452 1808 2477 6.

215 2485 346 2513 Coluinel.
361 2492 387 2519 7,
402 2493 423 2518 5.
460 2486 492 2512 In
517 2493 588 2520 quam
612 2484 731 2525 demersat*
763 2491 799 2510 int
824 2491 848 2509 ct
870 2482 1005 2515 “glliizffce
1018 2481 1162 2518 testaeprae
1172 2481 1262 2508 ardore
1324 2481 1395 2507 culos
1419 2482 1523 2515 vendo,
1543 2490 1613 2516 agite
1633 2484 1762 2510 licemini.
1871 2484 1927 2510 Cic.
1946 2485 2052 2516 Arent,
2068 2491 2098 2515 14
2128 2483 2220 2516 Itaque
2243 2481 2303 2507 Ioca
2325 2485 2373 2507 tua

215 2522 354 2549 candentes.
551 2518 571 2554 *ἢ
594 2529 609 2547 2
644 2521 703 2546 Olla
721 2520 811 2547 neruis
832 2525 858 2545 et
874 2519 967 2546 inustis
981 2519 1057 2553 plena
1068 2517 1189 2545 medullis
1208 2517 1260 2543 Lu·
1276 2514 1307 2545 65
1324 2517 1401 2551 plena
1421 2517 1592 2551 facetiarum,
1613 2526 1659 2544 etc.
1756 2519 1801 2544 Illi
1822 2519 1931 2552 quidem
1951 2518 2133 2546 iusiurandum
2152 2518 2225 2543 iocus
2246 2516 2283 2542 est
2313 2515 2371 2542 Cic.

213 2566 270 2589 can.
286 2563 299 2587 8
309 2577 317 2589 ‚
331 2561 390 2591 787.
424 2558 444 2582 i.
464 2565 511 2582 non
526 2551 598 2589 ustis.
1324 2561 1373 2586 pro
1387 2552 1470 2579 Flacc.
1485 2562 1506 2579 c.
1516 2561 1536 2584 5.
1630 2555 1717 2587 Qiam
1731 2554 1814 2580 multa
1829 2555 1885 2580 ioca
1900 2554 1981 2579 solent
1996 2554 2044 2579 01ῖο
2060 2555 2087 2579 111
2102 2552 2219 2586 epistolis
2240 2552 2296 2578 Cic.
2304 2550 2372 2577 Phil.
2412 2576 2414 2579 ,
2443 2577 2448 2590 1

253 2600 263 2619 1
273 2600 294 2619 Ν
306 2599 323 2619 V
334 2600 347 2619 s
357 2599 365 2617 1
376 2592 460 2618 ΤᾸΤ
473 2597 493 2617 V
505 2599 535 2624 S,
552 2600 582 2622 a,
601 2600 655 2619 uin.
675 2590 735 2617 Adi.
773 2590 912 2625 [αἰτριβὴς]
949 2590 1198 2626 Ιιζῇὶίίηυιρναετεν
1206 2597 1263 2614 con-
1324 2597 1340 2614 2
1354 2597 1376 2614 c.
1389 2597 1418 2620 A..
1516 2588 1589 2615 Idem
1602 2589 1634 2615 de
1648 2590 1704 2617 fin.
1719 2598 1742 2621 2,
1760 2595 1787 2622 85
1813 2590 1856 2615 At
1878 2589 1986 2624 quicum
2006 2590 2064 2615 ioca
2077 2594 2102 2614 et
2117 2588 2197 2618 seria,
2218 2592 2246 2614 vt
2260 2587 2372 2619 dicitur,

212 2627 382 2665 suetudinem,
400 2635 494 2658 nouus,
513 2626 651 2652 inauditus.
706 2627 760 2652 Cic.
774 2628 802 2652 in
814 2628 888 2652 Orat.
906 2634 927 2651 11
941 2636 961 2652 c.
977 2635 989 2658 3
1023 2626 1075 2651 Aut
1087 2623 1262 2658 reprehendet
1324 2624 1433 2658 quicum
1463 2632 1573 2657 arcana,
1593 2625 1701 2660 quicum
1733 2625 1835 2651 occulta
1867 2625 1977 2651 omnia?
2038 2624 2116 2651 AM.
2137 2624 2175 2650 Id.
2195 2623 2248 2649 Off.
2262 2631 2272 2648 1
2293 2631 2314 2648 c.
2328 2630 2373 2655 29.

216 2664 289 2699 quod
301 2662 435 2690 inusitatas
446 2662 503 2688 vias
516 2661 682 2695 indagemus,
700 2662 774 2688 tritas
788 2662 976 2696 relinquamus.
1069 2660 1142 2686 Idem
1156 2660 1187 2686 dc
1203 2659 1260 2685 Fin.
1325 2661 1391 2694 Apta
1415 2659 1476 2685 ioco
1499 2659 1581 2688 verba
1611 2660 1693 2687 Ouid.
1714 2660 1793 2695 Epist.
1815 2669 1849 2693 15,
1866 2666 1909 2693 48.
1977 2660 2088 2696 Antiqui
2109 2658 2199 2685 fabula
2220 2658 2296 2693 plena
2317 2657 2373 2684 ioci

219 2709 232 2732 3
245 2709 267 2727 c.
285 2709 295 2726 1
317 2698 448 2724 Iniifltatiii
461 2697 550 2723 verbis
562 2703 707 2724 vterentur.
815 2697 891 2723 Acies
904 2696 1023 2723 inaudita
1035 2702 1095 2722 ante
1109 2695 1137 2722 id
1151 2700 1262 2728 mutim,
1274 2702 1310 2728 70
1326 2694 1407 2721 Ouid.
1422 2695 1486 2721 Fast.
1503 2704 1524 2726 2,
1538 2704 1596 2729 304.
1673 2696 1751 2723 Extra
1765 2696 1854 2722 iocum
1876 2697 1932 2722 Cic.
1945 2696 2017 2722 Fam.
2033 2704 2059 2731 7,
2074 2704 2105 2723 11.
2197 2694 2304 2721 Furtiui
2317 2692 2374 2720 ioci

216 2735 393 2768 inusitataque
413 2733 474 2759 Liu.
486 2741 514 2765 4,
527 2740 554 2764 33
565 2739 607 2768 pr.
677 2732 826 2759 Clementia
844 2732 898 2758 Cic.
916 2740 965 2766 pro
978 2733 1058 2758 Marc.
1080 2741 1101 2757 c.
1122 2739 1140 2756 1.
1200 2731 1263 2756 Glo-
1326 2730 1410 2757 Ouid.
1434 2729 1466 2756 de
1489 2732 1552 2757 Arte
1577 2732 1636 2757 Am.
1659 2740 1682 2763 3,
1707 2734 1769 2765 640.
1878 2731 2019 2758 Illiberalis
2034 2751 2042 2764 ,
2069 2730 2123 2758 uid.
2158 2735 2371 2757 lLLlssERALis.

217 2771 260 2797 ria
277 2769 344 2797 Piin.
357 2770 448 2803 Paneg.
465 2777 486 2793 c.
500 2777 523 2799 3,
536 2776 557 2799 3.
652 2767 752 2801 Species
764 2768 873 2794 nauium
885 2767 1033 2793 inusitatior
1065 2766 1138 2792 Caes.
1151 2766 1180 2792 B.
1193 2767 1224 2792 G.
1240 2777 1264 2798 4,
1325 2765 1486 2792 inhumanus
1514 2767 1645 2799 Qiinc‘til.
1659 2769 1684 2799 6,
1699 2775 1719 2799 3.
1814 2767 1919 2794 Insanus
1946 2766 2038 2793 Claud.
2057 2767 2086 2795 in
2101 2767 2209 2800 Eutrop.
2222 2774 2236 2792 2
2249 2764 2330 2800 praef.
2347 2766 2374 2791 6.

219 2814 257 2838 25.
362 2804 403 2831 Est
424 2803 591 2833 inusitatum,
609 2811 699 2837 regem
711 2802 803 2837 capitis
819 2811 894 2829 reum
908 2803 956 2828 esse
973 2803 1029 2828 Cic.
1041 2810 1090 2836 pro
1104 2801 1192 2828 Deiot.
1208 2811 1230 2828 c.
1244 2810 1263 2828 1.
1326 2802 1450 2828 Lasciuus
1470 2802 1615 2836 cuiuspiam
1635 2811 1694 2829 cum
1715 2801 1807 2836 aliquo
1835 2803 1902 2829 Plin.
1917 2809 1940 2834 8,
1953 2812 1998 2835 40.
2093 2801 2227 2835 Liber-ales
2243 2800 2317 2827 idem
2330 2800 2375 2826 Pa-

176 2857 181 2863 ·
216 2839 374 2875 Magnitudo
395 2839 462 2866 Plin·
476 2843 500 2871 8,
519 2843 562 2871 48.
1131 2852 1133 2854 ·
1326 2846 1416 2871 negyr.
1432 2846 1475 2871 49.
1542 2838 1671 2865 Liberior
1690 2837 1771 2865 Ouid.
1786 2838 1850 2868 Fast,
1864 2847 1890 2872 4,
1904 2840 1967 2871 946·
2039 2838 2151 2872 Magnus
2167 2836 2234 2863 risus
2245 2837 2373 2869 iocuaque

258 2884 266 2902 1
280 2883 301 2902 Ν
314 2884 333 2902 v
344 2882 358 2902 s
368 2884 377 2902 1
387 2881 408 2900 'r
418 2876 441 2901 ,ξ
451 2880 470 2899 Τ
481 2881 506 2901 Ε.
528 2873 595 2900 Adii.
616 2872 750 2907 [ἀχρεῖον]
787 2872 853 2908 quod
865 2879 888 2900 ee
905 2881 914 2899 1
924 2879 1014 2899 NVSI
1025 2878 1045 2898 Τ
1056 2879 1076 2899 Α
1087 2878 1108 2898 T
1118 2879 1137 2899 o
1151 2872 1263 2899 dicitur.-
1281 2877 1314 2905 75
1325 2873 1394 2900 Hor.
1408 2873 1490 2899 Serm.
1505 2882 1525 2905 1,
1538 2878 1561 2904 8,
1577 2881 1616 2906 50·
1709 2874 1881 2907 opportunus
1901 2872 2034 2907 Qiinffil.
2050 2877 2075 2905 ό,
2090 2882 2111 2905 3.
2182 2873 2296 2898 Remoto
2309 2870 2373 2896 ioco

218 2913 245 2940 h.
259 2922 279 2938 e.
300 2913 402 2938 Praeter
418 2919 508 2936 morem
528 2916 549 2935 ee
562 2908 763 2943 consuetudinem.
800 2909 865 2934 Plin.
880 2909 907 2934 in
921 2910 1013 2943 Paneg.
1030 2916 1051 2940 5.
1143 2907 1263 2934 Absurde
1327 2909 1383 2935 Cic.
1398 2909 1468 2934 Fam.
1483 2915 1508 2944 7,
1526 2917 1555 2934 ii.
1648 2909 1746 2935 Ridens
1772 2909 1832 2936 Stat.
1847 2909 1911 2936 Silu.
1925 2918 1944 2942 1,
1958 2911 1983 2941 6,
1997 2911 2022 2934 6.
2088 2909 2184 2934 Saeuus
2202 2908 2268 2933 Hor.
2282 2906 2373 2932 Cama.

219 2954 246 2974 et
262 2947 382 2974 inusitate
395 2945 503 2978 scriptae
515 2945 638 2979 epistolae
655 2944 711 2970 Cic.
728 2944 765 2977 Q
778 2944 860 2970 Fratr.
875 2953 894 2978 1,
909 2953 932 2970 2.
1005 2946 1035 2970 Ει
1054 2944 1085 2970 de
1105 2944 1174 2970 Clar.
1189 2944 1263 2970 Orat.
1328 2953 1348 2976 1,
1364 2953 1400 2976 33,
1414 2952 1449 2970 12..
1527 2943 1599 2971 Idem
1613 2945 1691 2978 Epist.
1706 2953 1730 2975 2,
1745 2953 1765 2976 i,
1778 2953 1833 2978 ¹49-
1928 2943 2040 2978 Superbi
2059 2944 2156 2970 Lucan.
2169 2942 2202 2968 ad
2217 2941 2301 2968 Pison.
2317 2949 2369 2972 103.

220 2986 269 3009 260
283 2991 304 3010 c.
318 2990 349 3016 75
371 2980 493 3008 Inusitate
515 2981 597 3014 loqui.
664 2980 743 3005 Po‘e‘ta
765 2979 910 3006 inusitatius
935 2985 1102 3007 contraxerat
1125 2978 1200 3005 metim
1216 2979 1264 3014 fa·
1327 2981 1477 3006 Venenatus
1499 2980 1579 3006 Ouid.
1596 2980 1682 3006 Trist.
1697 2988 1722 3012 2,
1736 2983 1791 3012 5c6.
1865 2979 2013 3006 Adniittere
2026 2980 2112 3012 iocos,
2133 2977 2185 3004 vid.
2200 2982 2371 3003 ADMITTO·
2430 3010 2433 3012 ‚

219 3018 286 3045 &iim
300 3027 348 3052 pro
360 3026 465 3044 meorum
472 3014 606 3051 saeclorum
625 3014 680 3041 Cic.
695 3015 723 3041 in
737 3014 811 3042 Orat.
826 3024 847 3040 c.
863 3017 907 3046 46.
1005 3015 1094 3042 Verbo
1114 3014 1263 3041 inusitatius
1327 3015 1410 3042 Ouid.
1426 3016 1490 3041 Met.
1506 3023 1528 3046 3,
1542 3023 1590 3046 320
1624 3030 1670 3036 —
1707 3017 1850 3050 Vacueque
1862 3016 1965 3050 agitasse
1978 3015 2101 3041 remissosx
2128 3014 2196 3040 Cuin
2215 3013 2317 3038 lunone
2330 3012 2370 3038 io-
2413 3034 2418 3039 ,

220 3054 292 3081 [εὲἱο
312 3053 382 3079 dixit
408 3052 536 3078 Laberius
562 3050 630 3077 Gell.
653 3059 684 3082 11,
703 3057 739 3083 15.
842 3050 996 3077 Deceiiiuiri
1010 3050 1198 3077 inusstatiffime
1210 3059 1264 3076 nox
1280 3051 1312 3077 80
1327 3060 1380 3077 cos.
1487 3048 1601 3076 Difficile
1628 3051 1679 3082 est,
1699 3050 1767 3077 tristi
1792 3050 1891 3085 fingere
1911 3057 1998 3077 niente
2020 3051 2110 3077 iocurn
2137 3047 2247 3074 Tibiill.
2268 3057 2289 3080 3,
2303 3054 2329 3081 7,
2345 3055 2370 3074 2.

219 3098 269 3124 pro
282 3089 364 3115 noctu
378 3088 501 3115 dixerunt
521 3085 637 3113 Maerob.
651 3086 754 3112 Saturn.
770 3094 790 3118 1,
802 3094 829 3118 4.
1327 3087 1445 3115 Inserere
1457 3091 1544 3120 turpes
1558 3086 1630 3112 iocos
1644 3086 1770 3113 historiae
1791 3086 1872 3112 Ouid.
1885 3086 1971 3114 Trist.
1985 3095 2008 3118 2,
2022 3094 2087 3118 444.
2162 3084 2274 3109 Mouere
2287 3083 2371 3109 alicui

258 3132 297 3151 ΙΝ
307 3131 326 3150 v
337 3130 407 3163 SQV
422 3129 450 3149 E.
488 3122 554 3148 Adu.
592 3121 700 3148 Aditum
713 3121 759 3147 sibl
775 3122 886 3155 inusqiie
899 3119 986 3146 fauces
998 3120 1062 3147 fecit
1095 3121 1178 3148 Solin.
1192 3130 1214 3148 c.
1228 3129 1264 3154 35.
1328 3122 1410 3148 risum
1424 3126 1450 3147 et
1462 3122 1551 3147 iocum
1578 3122 1646 3148 Hor.
1661 3122 1737 3156 Epist.
1753 3131 1772 3154 1,
1789 3131 1825 3154 19,
1839 3131 1878 3151 20.
1950 3121 1975 3148 Si
1989 3121 2052 3156 quid
2065 3127 2112 3154 per
2126 3118 2214 3144 iocum
2229 3118 2302 3150 dixi,
2322 3127 2370 3144 no-

221 3160 296 3195 Conf.
310 3161 404 3186 Anien.
420 3159 446 3184 in
460 3159 515 3185 Ora
529 3158 618 3184 Marit.
640 3167 664 3182 v.
679 3165 731 3190 525.
744 3159 805 3183 606.
819 3159 875 3189 641.
1330 3158 1379 3184 lito
1393 3157 1420 3182 iii
1438 3157 1534 3184 serium
1548 3165 1701 3184 conuertere
1720 3157 1801 3183 Plaut.
1816 3158 1894 3184 Poen.
1909 3165 1932 3190 5,
1946 3165 2013 3190 5‚4i.
2084 3154 2156 3189 Cous.
2166 3153 2261 3188 Amph.
2270 3162 2292 3186 3,
2300 3162 2322 3186 c,
2332 3162 2370 3186 39.

259 3203 267 3220 1
281 3202 302 3221 N
313 3202 384 3221 vsv
394 3202 422 3227 s,
440 3193 478 3221 sie.
505 3203 541 3220 ni.
576 3194 631 3228 Ego
654 3193 709 3219 sum
730 3193 810 3219 inusu
832 3191 918 3219 faetus
938 3191 1025 3218 nimio
1039 3192 1153 3226 nequior
1182 3192 1264 3218 Plaut.
1330 3193 1376 3219 Vti
1395 3192 1451 3219 Cic.
1467 3192 1518 3219 Ofr'.
1535 3202 1541 3218 i
1556 3202 1578 3218 c.
1591 3201 1632 3224 29.
1705 3193 1811 3219 Petron.
1826 3202 1846 3218 c.
1857 3201 1887 3227 57
1903 3193 1983 3227 Spero
1997 3199 2038 3218 me
2053 3189 2085 3215 fic
2099 3190 2208 3222 viuere,
2227 3195 2254 3215 vt
2267 3189 2371 3215 nemini

219 3231 298 3257 Most.
311 3240 329 3262 i,
342 3240 364 3263 2,
378 3233 418 3263 65.
437 3233 454 3256 i.
469 3232 587 3266 ignauia,
607 3238 654 3255 non
671 3229 725 3263 vsu.
1284 3227 1313 3256 85
1330 3228 1404 3254 iocus
1420 3227 1475 3254 tini.
1546 3228 1618 3254 Ideni
1631 3236 1651 3254 c.
1668 3235 1696 3262 17
1724 3228 1875 3263 Religionis
1901 3229 1989 3255 iocum
2008 3226 2102 3252 facere.
2144 3224 2203 3251 Vid.
2227 3224 2318 3251 Ludus
2341 3229 2370 3252 et

257 3273 266 3291 1
277 3273 297 3291 N
308 3272 359 3292 VT
369 3268 401 3291 “1’1.
414 3272 422 3291 1
433 3273 462 3297 S,
482 3274 505 3291 e.
546 3263 605 3290 Adi.
642 3262 783 3299 [ἄχρις-ος,
797 3262 911 3298 α’χριίης,
930 3262 966 3294 οἷχ
982 3263 1040 3296 εῖος]
1076 3261 1147 3287 Vtili
1166 3269 1264 3288 contra-
1324 3265 1417 3296 Iocus,
1437 3266 1464 3289 iu
1483 3269 1597 3290 LVDVS.

218 3304 294 3327 rium.
335 3303 369 3328 Vt
381 3310 430 3327 non
441 3307 538 3327 tantum
551 3306 620 3335 neget
633 3299 730 3334 aliquid
742 3299 808 3325 vtile
822 3297 875 3332 esth,
886 3298 954 3334 fidi
974 3298 1007 3324 ud
1014 3298 1087 3333 stupe
1098 3297 1265 3332 intelligatur,
1363 3306 1400 3324 10
1410 3306 1426 3325 c
1437 3298 1456 3324 V
1466 3305 1510 3324 LV
1522 3306 1534 3325 S
1546 3319 1554 3330 ‚
1580 3299 1598 3325 i.
1624 3307 1659 3325 ni.
1687 3299 1788 3325 Diinin.
1824 3296 1987 3332 [παιδάριον]
2024 3296 2104 3322 Plaut.
2125 3294 2239 3323 Mosseii.
2257 3303 2279 3326 3,
2301 3303 2321 3326 3,
2335 3303 2372 3321 20

221 3335 264 3369 est&
279 3346 328 3363 rem
346 3340 454 3363 noxiam.
488 3335 570 3362 Plaut.
583 3334 672 3361 Pseud.
686 3343 707 3366 3,
720 3343 745 3366 2,
760 3342 772 3366 5
793 3334 1002 3368 Muhiloquum,
1018 3333 1173 3368 gloriosum,
1187 3333 1265 3358 insul·
1327 3335 1415 3367 Egone
1436 3340 1461 3360 te
1481 3334 1572 3360 ioculo
1592 3334 1672 3360 modo
1692 3334 1772 3361 ausim
1790 3334 1863 3361 dieto
1876 3340 1918 3361 aut
1930 3331 2001 3358 faeie
2016 3331 2127 3358 faliere3
2144 3329 2150 3334 '
2198 3330 2272 3366 Cous.
2295 3329 2370 3356 Idem

222 3372 293 3403 suin,
314 3372 445 3398 inutilem.
515 3371 572 3398 Cic.
586 3370 618 3396 de
632 3371 736 3396 Inuent.
750 3378 768 3400 1,
782 3378 790 3395 1
810 3371 834 3396 Is
849 3369 952 3395 inutilis
966 3368 1029 3399 fibi,
1047 3368 1208 3403 perniciosus
1223 3377 1264 3401 pa-
1325 3369 1411 3396 Truc.
1427 3378 1445 3399 i,
1458 3377 1484 3401 2,
1505 3377 1537 3395 11.

221 3407 287 3433 triae
300 3407 368 3434 ciuis
381 3408 469 3434 alitur.
563 3406 624 3432 Ter
638 3405 740 3432 inutilis
755 3404 834 3431 haesit
847 3405 966 3439 Lingua,
985 3410 1026 3430 ter
1044 3404 1071 3430 in
1086 3404 1174 3438 primo
1189 3403 1265 3430 desti-
1277 3407 1313 3431 90
1365 3411 1404 3431 10
1415 3410 1431 3431 C
1443 3411 1472 3430 O.
1501 3404 1566 3431 Adu.
1604 3405 1652 3430 Per
1677 3407 1770 3437 iocum,
1786 3403 1852 3440 quod
1872 3408 1896 3428 et
1917 3401 1996 3437 Iocofi·
2019 3401 2114 3428 dfciiur
2128 3411 2135 3425 :
2171 3400 2197 3427 h.
2222 3409 2241 3426 e.
2265 3398 2368 3432 festiue.

223 3441 255 3466 tit
269 3451 315 3468 ore
327 3444 403 3470 sonus
423 3441 504 3469 Ouid.
519 3441 629 3468 Heroid.
644 3450 672 3474 4,
687 3450 708 3472 7.
813 3440 869 3466 Cic.
891 3440 922 3466 dc
934 3441 992 3466 Fin.
1007 3449 1015 3465 1
1031 3449 1051 3465 c.
1067 3448 1084 3472 4
1116 3439 1156 3465 Ab
1170 3438 1264 3473 hisque
1327 3439 1394 3466 Ter.
1409 3439 1504 3467 Heaut.
1517 3449 1537 3472 3,
1550 3449 1575 3473 2,
1587 3448 1619 3473 3ο
1651 3440 1764 3473 Iocone,
1785 3448 1817 3466 an
1836 3437 1905 3464 ferio
1928 3437 2003 3463 illaec
2025 3437 2109 3467 dicat,
2127 3436 2224 3462 nescio.
2291 3434 2368 3462 Idem

224 3476 262 3502 M.
276 3478 367 3504 Brutus
381 3477 526 3509 dissentiet,
545 3476 617 3512 quod
629 3482 655 3502 et
669 3482 775 3503 acutum
788 3485 868 3509 genus
881 3475 925 3506 est,
943 3481 968 3501 et
981 3475 1011 3501 ad
1027 3476 1086 3501 vsus
1100 3474 1201 3500 ciuium
1209 3482 1264 3500 non
1326 3475 1391 3501 Eun.
1406 3484 1422 3506 i,
1438 3484 1461 3507 2,
1476 3481 1515 3508 89.
2380 3492 2387 3497 .

224 3511 328 3539 inutile.
422 3514 527 3540 Nomen
547 3513 614 3539 Hor.
629 3513 715 3539 Carni.
731 3521 751 3543 1,
766 3520 803 3544 14,
817 3519 850 3543 13.
934 3511 988 3544 Qii
1003 3511 1139 3536 consensus
1154 3509 1265 3544 priuatis
1363 3518 1371 3536 1
1384 3517 1402 3537 O
1412 3518 1428 3537 C
1438 3512 1456 3537 ὃ
1466 3518 1478 3537 s
1490 3517 1510 3536 v
1522 3517 1534 3537 s
1544 3530 1552 3543 ,
1574 3518 1603 3542 a,
1629 3518 1684 3536 uin.
1723 3508 1783 3536 Adi.
1819 3505 1983 3541 [πκιδώδης]
2020 3507 2089 3534 Serio
2102 3508 2265 3533 contrarium.
2302 3506 2366 3532 Fur-

226 3547 356 3575 inierdum
373 3549 478 3575 inutilis
491 3548 549 3575 effet
559 3568 567 3580 ,
588 3552 607 3575 ι’.
621 3552 709 3574 noxius
728 3547 788 3573 Liii.
805 3555 824 3578 3,
838 3555 874 3579 33,
887 3551 909 3576 8.
1003 3546 1043 3573 Sic
1057 3546 1197 3579 Plin.27,7
1210 3545 1263 3574 s-28
1327 3550 1384 3572 tuin
1397 3546 1514 3572 iocosum
1534 3547 1599 3572 Hor.
1613 3545 1701 3571 Carni.
1717 3554 1736 3578 1,
1750 3553 1787 3575 10,
1801 3549 1826 3576 7.
1918 3542 2032 3569 Martial.
2049 3551 2068 3575 1,
2083 3551 2117 3569 20
2135 3542 2200 3568 Non
2215 3541 2301 3575 potuit
2314 3550 2369 3567 mc·
2474 3555 2475 3558 =

224 3581 271 3607 Sed
286 3582 327 3609 hic
342 3583 481 3615 (absinthii
493 3585 598 3616 succus)
611 3583 716 3610 inutilis
732 3580 866 3608 stomacho
879 3580 1010 3614 capitique
1023 3581 1076 3613 est,
1099 3589 1158 3606 cum
1174 3580 1203 3606 sit
1220 3580 1266 3606 ille
1281 3582 1312 3609 95
1327 3580 1379 3608 lius
1391 3581 1465 3608 litem
1480 3582 1558 3609 finire
1573 3581 1697 3607 iocosam.
1732 3583 1750 3605 i.
1765 3580 1830 3606 Iocis
1842 3585 1864 3603 et
1878 3577 1993 3604 ridiculis
2000 3578 2108 3612 plenam.
2197 3576 2266 3602 Ludi
2284 3575 2366 3602 Ouid.
2462 3595 2479 3611 ‚‹

224 3616 326 3644 decocti
339 3619 533 3645 saluberrimum.
638 3618 706 3646 Cels.
727 3627 749 3650 3,
764 3626 788 3643 21
820 3618 952 3643 Promtius
970 3617 1004 3642 iis
1023 3615 1197 3647 succurritur,
1218 3616 1264 3650 qui
1327 3617 1392 3643 Fast.
1408 3625 1430 3650 5,
1445 3622 1494 3648 ¹83·
1567 3616 1630 3642 Plin.
1646 3625 1682 3648 35,
1698 3624 1725 3642 10
1752 3613 1822 3640 Ideni
1839 3614 1928 3640 iocoso
1943 3613 2051 3639 nomine
2065 3611 2185 3644 Gryllum
2200 3611 2308 3638 ridiculi
2323 3611 2368 3637 ha·
2440 3616 2445 3634 ¹-
2468 3631 2471 3645 ἰ

224 3651 302 3679 facile
314 3660 460 3688 coguntur,
479 3663 557 3688 quain
571 3653 667 3689 quibus
681 3653 784 3681 inutilis
798 3653 905 3680 libertas
920 3651 964 3678 est.
1069 3651 1136 3677 Vell.
1150 3659 1175 3683 2,
1189 3659 1233 3685 47,
1247 3660 1265 3684 4
1326 3652 1397 3679 bitus
1414 3653 1509 3687 pinxit.
1590 3650 1729 3684 >(Qiinctil.
1744 3651 1769 3681 6,
1783 3660 1795 3679 4
1820 3649 1960 3675 Dictorum
1972 3647 2134 3675 vrbanoruni
2149 3647 2199 3674 alia
2211 3647 2294 3678 seria,
2313 3646 2367 3673 alia
2451 3661 2454 3665 ·
2469 3658 2471 3662 ·

226 3686 333 3714 Clodius
350 3699 364 3715 a
386 3689 488 3716 Milone
506 3690 628 3723 exemplo
647 3689 752 3720 inutili,
771 3689 842 3715 facto
861 3687 967 3714 salutari
985 3686 1060 3719 Reip.
1074 3686 1205 3720 iugulatus
1218 3687 1263 3713 est.
1325 3687 1429 3719 iocosa,
1447 3688 1498 3715 alia
1521 3686 1617 3713 media.
1711 3685 1760 3710 Res
1790 3685 1846 3711 Cic.
1859 3683 1910 3711 Off.
1934 3692 1944 3710 1
1959 3693 1980 3709 c.
1995 3691 2034 3717 37.
2128 3683 2219 3708 Sermo
2243 3681 2324 3708 tristis
2343 3688 2368 3707 et
2431 3688 2439 3693 “
2468 3689 2470 3694 “

227 3720 306 3749 Ouid.
330 3733 359 3750 ex
380 3727 463 3752 Ponto
487 3734 511 3756 2,
534 3730 554 3755 8,
569 3733 598 3757 59
625 3726 704 3758 Qiod
719 3724 846 3760 quoniam
859 3723 935 3750 nobis
950 3721 1049 3748 inuidit
1062 3722 1158 3748 inutile
1170 3722 1263 3753 fatum,
1327 3724 1449 3755 Iocosus,
1469 3725 1597 3749 contraria
1616 3722 1681 3748 Hor.
1695 3720 1775 3746 Serui.
1792 3728 1811 3751 i,
1827 3729 1862 3751 io,
1878 3728 1908 3745 11.
1981 3717 2069 3745 Verba
2089 3717 2171 3744 Ouid.
2186 3716 2251 3756 Fastq.
2267 3722 2291 3748 (κ,
2305 3720 2365 3750 092..
2426 3711 2470 3757 ’ἱζ

227 3755 269 3781 ubi
295 3760 397 3792 ostendit
420 3764 575 3788 Burmannus
585 3781 592 3792 ,
613 3765 654 3802 qui
673 3763 737 3789 hanc
754 3755 1164 3797 figizzjficae1'micniilliestrauerint.
1180 3765 1262 3793 nempe
1271 3765 1318 3783 100
1325 3760 1411 3785 Varro
1424 3758 1455 3784 de
1470 3759 1500 3784 R.
1515 3758 1545 3784 R.
1554 3764 1600 3790 2‚5
1619 3757 1652 3781 At
1669 3755 1782 3787 Qiintus
1796 3755 1907 3781 Luccius
1921 3755 2029 3783 Senator
2042 3753 2124 3780 homo
2139 3760 2260 3792 quamuis
2274 3752 2368 3792 huma·
2432 3756 2443 3777 4.

227 3790 321 3830 cuper.
335 3797 396 3822 Obs.
411 3806 431 3829 i,
446 3806 483 3830 14·
555 3797 644 3824 Dauis.
672 3797 703 3823 ad
730 3796 801 3823 Hirr.
835 3796 863 3822 B.
886 3795 960 3821 Alex.
981 3795 1021 3825 65.
1094 3793 1195 3827 Sciopp.
1211 3794 1261 3819 Vc-
1324 3803 1373 3819 nus
1390 3801 1414 3820 et
1428 3794 1540 3820 iocosus.
1611 3791 1677 3817 Hor.
1693 3791 1770 3824 Epist.
1787 3798 1807 3824 1,
1821 3799 1858 3823 19,
1873 3795 1904 3823 89
1925 3789 2045 3816 Oderunt
2060 3788 2172 3816 hilarem
2185 3787 2284 3814 tristes:
2318 3793 2366 3814 tri-

226 3830 259 3861 ¹:1¹
287 3841 303 3857 ι.
319 3842 353 3857 το,
462 3833 577 3859 Addsmm
591 3833 658 3859 Cels.
673 3841 692 3862 1,
707 3842 716 3863 3
742 3832 770 3857 dc
790 3833 904 3863 Vomi'tu,
923 3829 1027 3856 Inutilis
1042 3834 1067 3854 et
1081 3828 1221 3864 gracilibus
1235 3834 1261 3855 et
1322 3829 1439 3864 stemque
1459 3827 1548 3855 ioeofi.
2130 3857 2136 3862 .

227 3866 555 3894 ¹·nbcci11emstomachum
570 3867 734 3894 habentibus.
809 3868 838 3893 Et
867 3872 892 3901 p.
925 3872 982 3891 ante
1007 3864 1032 3890 h.
1052 3865 1070 3890 Ι.
1107 3865 1143 3889 Ex
1170 3863 1261 3890 labore
1360 3869 1504 3891 IOCOSE.
1523 3860 1590 3887 Adii.
1628 3859 1778 3895 [madanti]
1818 3856 1923 3891 Festino,
1942 3859 2066 3886 hilariter.
2104 3858 2160 3884 Cic.
2174 3859 2210 3890 Q
2223 3857 2330 3896 Erat-2,
2342 3865 2366 3883 n

226 3893 325 3937 sudanti
345 3902 440 3936 frigida
454 3904 527 3935 potio
542 3901 750 3938 perniciosissima
770 3902 821 3933 est,
837 3906 914 3936 atque
931 3900 1010 3927 etiam
1033 3899 1262 3940 itinerefatigatis
1321 3899 1442 3933 Eumque
1457 3897 1502 3923 lusi
1516 3897 1603 3923 iocose
1617 3896 1684 3922 satis.
1779 3894 1849 3921 Ideni
1862 3895 1933 3921 Fam.
1949 3904 1972 3928 9,
1986 3903 2027 3928 24,
2120 3893 2232 3927 Compar.
2270 3893 2366 3920 Dicere

226 3935 336 3961 mutilis.
406 3938 429 3963 Λ
451 3937 545 3965 balneo
567 3946 673 3973 quoque
695 3937 862 3975 venientibus
885 3934 1049 3978 Asclepiades
1066 3943 1125 3963 eam
1136 3934 1259 3963 inutilem
1273 3934 1422 3970 io5aliquid
1436 3931 1549 3960 iocosius
1569 3931 1634 3957 Hor.
1651 3932 1731 3958 Serui.
1748 3939 1767 3966 i,
1779 3939 1806 3963 4,
1819 3937 1869 3961 103.
2021 3937 2023 3939 ¹
2279 3968 2354 3989 mcv
2394 3941 2400 3950 .

1902 2448 1983 2475 Plaut.
1998 2447 2078 2474 Stich.
2094 2455 2115 2480 5,
2128 2455 2154 2478 2,
2168 2454 2195 2472 10
2216 2446 2292 2471 locos
2303 2444 2371 2472 ridi-
2389 2462 2394 2463 ⁷
