2479 4225
111 134 153 171 61
463 98 753 173 ,DEI
1618 127 1896 169 DEL
2194 144 2239 191 62

112 218 219 245 ratori3
251 216 347 244 deinde
364 224 438 244 more
461 217 616 243 maiorum?
652 216 747 243 deinde
765 212 854 248 (quod
875 218 951 247 caput
966 211 1019 244 est)
1039 212 1143 238 amico?
1204 221 1233 246 4¹
1246 221 1268 238 c.
1284 218 1308 246 ¹3
1326 212 1457 247 Diogenes
1491 230 1537 236 -
1571 215 1604 242 de
1625 216 1764 248 Minenm,
1785 223 1885 250 pamm,
1907 220 1979 247 Iouis
1999 228 2138 260 ortumque
2157 227 2238 262 virg}

110 251 131 291 ᾖ
152 262 164 279 2
200 254 361 279 Peculiaritrr
374 262 401 278 m
413 251 592 287 reprehensione
606 252 719 288 absaniae
731 251 911 284 consequentiae
922 254 944 275 rt
957 248 1141 287 exprobratione
1206 248 1246 273 nis
1259 247 1291 275 ad
1305 248 1494 283 Phyliologiam
1507 250 1641 278 traducens
1655 251 1774 286 deiungit
1794 262 1807 278 a
1822 254 1918 280 imula.
1989 258 2044 285 Cic,
2064 261 2095 285 de
2117 263 2238 289 anmss.

106 287 253 324 ponisolet,
269 294 298 314 vt
310 284 361 313 §iq-a
374 295 396 313 ct
410 289 500 313 ἔθηκα,
535 288 590 313 Cic,
605 289 680 313 verr.
695 293 736 317 3c.
747 286 774 310 16
790 282 899 317 Adspice
913 283 1004 323 aedem
1016 282 1141 323 Castoris,
1205 291 1233 309 12.
1247 292 1268 323 c.
1283 289 1296 315 ς
1323 285 1361 310 Ita
1383 285 1509 311 neccllitas
1529 287 1613 321 cogit,
1633 294 1661 313 vt
1682 287 1771 313 cadem
1797 288 1843 314 lint
1858 298 1970 323 c.2,quarr
1983 293 2103 322 deiuneta
2118 297 2235 324 fuerunt,

111 323 240 353 deinde,ii
258 322 347 354 audes,
355 322 395 348 fac
404 323 565 349 mentionem
579 320 742 348 innocentiae
755 326 821 344 tuae.
857 333 902 338 —
937 318 1043 358 Codicis
1052 324 1097 358 ¹tui
1111 318 1141 344 11-
1205 318 1364 345 Deiuncium
1382 318 1479 345 bouem
1511 323 1577 348 Hor.
1601 322 1680 357 Epist.
1698 331 1717 353 i,
1732 331 1772 355 14,
1787 324 1886 358 27.Ji²c.
1902 328 2043 353 Lasrztimm
2056 342 2065 359 ‚⁷
2083 333 2114 357 αι,
2131 333 2232 359 mmm.

110 365 181 385 turas
196 358 374 392 contemplare
389 358 416 383 in
429 357 530 384 Sthenii
543 359 665 387 nomine,
685 353 781 380 deinde
793 352 860 380 aude
883 359 908 380 te
929 353 1016 379 dicere
1032 353 1141 388 diligen·
1161 359 1175 386 ς
1204 353 1283 379 cium.
1319 353 1387 380 Add.
1401 356 1465 389 Veg.
1478 357 1588 383 Mulom.
1604 366 1626 390 3,
1639 367 1666 392 4,
1678 366 1720 392 27.

111 400 173 421 tem.
242 393 283 420 Sic
296 392 405 427 Quinti.
421 401 457 424 12,
472 398 494 423 8,
509 402 521 425 ς
542 393 597 427 Qii
608 391 632 418 se
645 398 699 416 non
718 389 786 423 poss'c
805 397 882 422 agere
901 388 1074 421 confitentur,
1098 388 1142 414 dc-
1240 396 1258 415 D
1267 396 1282 414 13
1293 396 1385 416 ivRo
1395 408 1403 422 ,
1424 396 1443 415 D
1454 397 1470 416 E
1480 398 1488 416 1
1498 398 1517 416 v
1528 398 1544 417 R
1557 399 1563 416 l
1581 399 1598 416 v
1610 400 1652 427 M,
1680 393 1732 419 vid.
1757 398 1775 419 D
1786 400 1802 419 F.
1813 400 1872 420 imi
1882 401 1911 422 ο.

112 428 172 455 inde
186 428 285 455 faciunt
299 429 341 459 id,
360 428 431 462 quod
445 429 480 454 est
495 429 522 455 in
535 426 631 463 agendo
645 423 841 451 difficillimum.
883 423 942 450 Vid.
955 427 1028 450 ctiam
1040 429 1063 456 8,
1070 426 1141 456 6‚32.
1239 431 1257 450 D
1267 431 1282 450 13
1292 432 1301 450 1
1310 422 1357 464 xi'y
1368 431 1386 451 ο
1396 444 1405 457 ,
1425 429 1476 452 are.
1512 426 1684 463 [σίκοβοηθέω]
1721 430 1778 454 Non
1792 432 1884 455 iuuare.
1920 431 2134 461 Plaut.Trinum.
2143 444 2168 470 2,
2177 447 2198 469 2,
2207 442 2237 472 63

110 471 133 490 α
153 469 309 491 DfflNCEPs
329 473 354 490 n·
367 471 388 495 3-
863 494 867 498 Ι
1204 457 1329 486 Deserere
1343 459 1435 493 11111111,
1454 466 1480 488 et
1495 460 1620 489 deiuuarc
1632 464 1660 490 iu
1673 463 1751 490 rebus
1764 463 1877 491 aduersis
1888 466 1975 500 pudet.
2012 472 2156 505 Anziquum.

147 505 238 525 DEIN
250 505 353 530 CEPS,
372 498 431 532 ipis.
464 508 498 525 m.
532 495 632 528 Festus,
652 495 796 528 Deinceps,
815 495 870 527 Qu
893 493 989 520 deinde
1008 494 1093 528 cepit,
1113 499 1142 520 vt

109 534 232 568 Princeps
245 534 291 568 qui
306 534 405 568 primus
418 535 494 569 cepit.
562 532 592 558 Ee
599 539 654 556 mox
668 530 824 564 Deincipem
836 529 942 563 antiqui
953 529 1073 556 dicebant
1080 538 1140 563 pro·
1159 542 1187 561 10
1573 523 1602 554 D
1705 527 1731 556 Ε
1834 526 1859 557 L

112 571 183 596 xime
198 578 328 604 quemque
340 576 456 603 captum,
474 573 501 594 vt
516 566 662 600 Principem
675 566 792 600 primum
805 570 907 599 captum
916 565 960 598 ,id
968 565 1003 591 est
1016 564 1139 590 eiectum.
1239 571 1258 591 D
1267 572 1283 592 Ε
1294 572 1311 591 L
1321 573 1343 592 Α
1352 572 1368 592 Β
1377 573 1412 599 o,
1432 571 1484 594 fire.
1518 567 1707 605 [οἶπολιιθοιίνω]
1744 572 1812 598 Ηιήσ

111 605 179 631 Haec
191 611 272 639 nempe
284 607 380 630 nomina
394 614 440 630 non
453 613 468 629 a
480 603 563 636 Caput
577 604 694 632 veniunt,
708 600 756 636 sed
775 610 791 626 a
813 601 911 634 Capio,
934 600 997 636 quod
1016 599 1140 639 interfltfm
1241 606 1259 626 D
1268 608 1284 627 Ε
1293 608 1309 627 1.
1318 609 1338 628 Α
1350 608 1392 628 ΒΑ
1401 609 1423 628 Ν
1432 610 1444 628 s
1453 623 1462 634 ‚
1481 602 1523 629 tis.
1545 604 1610 630 Part.
1646 605 1722 631 Auci.
1736 606 1767 632 ad
1781 608 1897 633 Herenn.
1913 611 1979 641 4,68
1994 619 2015 636 c.
2025 617 2052 643 ςς
2078 611 2107 637 <le
2117 613 2225 642 Grac-she

110 639 346 701 Eligerefignigicat.
361 637 485 674 compqfita
496 643 574 664 autem
588 645 617 675 ες
631 637 714 670 Caput
727 636 834 671 faciunt
851 637 990 662 Gcnitiunm
1012 637 1039 660 in
1063 640 1139 669 pitis:
1203 634 1258 660 dum
1271 636 1407 669 occiditur,
1424 637 1470 664 Ille
1483 638 1555 665 nulla
1568 648 1632 665 voce
1645 640 1764 668 delabans
1778 641 1851 668 insita
1867 643 1982 677 virtute,
2001 646 2116 674 concidit
2135 636 2237 676 tacitus,

109 682 138 701 vt
152 675 241 709 inceps
249 694 257 706 ‚
297 675 401 709 icipitis.
501 671 634 698 Secundum
645 672 704 697 haec
721 675 803 706 itaque
817 671 970 705 probabilior
988 667 1021 703 ist
1037 673 1139 704 mitiqua
1202 673 1220 696 i.
1253 672 1342 697 nullam
1374 681 1454 698 vocem
1480 676 1581 699 mittens
1614 675 1744 711 indignam
1773 680 1874 704 uirtute.
1924 680 1966 706 St'c
1995 682 2072 707 Grut.
2116 684 2164 710 Set!
2194 671 2236 712 vas

107 709 180 736 laelio
193 710 271 744 Apul,
282 710 380 736 Floria.
389 717 410 741 3,
423 708 451 733 16
464 715 489 740 p.
501 714 553 740 353,
563 715 590 739 33
606 705 712 733 Elmcnh.
727 706 871 741 Reliquum
886 711 971 732 autem
1008 721 1052 725 —-
1088 707 1139 731 linc
1156 718 1181 746 ¹5
1199 708 1251 731 riat
1264 705 1346 732 chio.

108 745 294 772 intermistione
301 745 418 777 deincipe
429 741 472 767 die
480 748 661 776 perrecturum
671 753 676 768 :
685 742 791 768 elmenh.
801 740 950 775 deincipiti,
957 749 1024 776 quem
1026 741 1140 776 sequitur
1239 747 1257 766 D
1266 747 1282 766 E
1290 748 1306 767 L
1315 744 1337 768 ri
1345 748 1360 768 B
1370 748 1390 768 ο
1400 749 1430 774 R,
1437 742 1552 777 delapsus
1566 745 1630 777 siun,
1640 744 1702 771 labi.
1711 747 1775 780 Dcp.
1802 748 1996 783 [κατολιιθαίνῳ
2004 753 2169 788 καταπίνεται]
2189 756 2237 782 ὓς.

108 780 232 807 floridas.
269 780 346 807 Index
359 777 464 805 Elmenh.
486 777 671 812 Deincipiente
682 777 733 803 die.
770 776 816 804 Sed
838 779 975 811 upa-iores,
991 776 1139 837 (quibus-liaf-
1202 776 1282 811 orfiaem
1293 776 1352 802 labi.
1389 777 1463 811 virg.
1479 778 1531 804 Ecl.
1545 781 1571 811 6,
1585 782 1612 806 16
1632 782 1702 807 Serta
1717 784 1805 815 procul
1822 784 1901 817 capiti
1919 792 2019 812 tantuin
2046 787 2148 821 delapsa
2170 791 2237 816 iacc-

100 816 152 850 [να
171 823 227 843 atur
243 814 336 850 Festus,
354 812 491 846 Deincipe.
526 813 599 838 (mod
621 819 700 839 amem
721 815 795 839 ctiam
834 820 969 838 ermonem
1009 811 1139 846 eincipem
1202 811 1273 837 bant.
1352 812 1473 847 Delapsus
1486 813 1519 839 ab
1531 815 1586 841 alto
1598 815 1667 842 tecko
1688 816 1768 843 Ouid.
1783 817 1867 844 Trist.
1880 828 1903 850 3,
1918 831 1941 853 4,
1954 829 1990 853 ¹9-
2069 824 2173 850 Arbore
2186 826 2238 852 alm

105 854 142 878 tri
158 854 196 877 uit
208 853 310 886 Apuleio
322 849 431 883 Scaliger
441 847 476 874 ad
487 838 595 881 Ffflm,
615 851 666 874 ciut
678 848 756 880 nihil,
773 855 848 883 neque
860 846 942 873 indici·
958 847 1054 874 Floridi
1071 846 1141 873 adiu-
1203 845 1320 880 delapsus
1337 847 1454 874 Scribon.
1471 856 1521 875 101.
1592 851 1699 884 Signum
1711 852 1783 877 caelo
1797 852 1927 886 delapsum
1947 857 2001 882 Cic.
2016 857 2130 892 Philipp.
2148 869 2180 892 ir,
2194 870 2236 895 24.

105 893 162 919 tus,
182 889 288 913 inuenio.
1151 897 1185 915 20
1202 881 1230 907 de
1243 883 1327 907 ancili.
1397 883 1478 909 Caelo
1492 890 1597 918 repente
1610 885 1727 920 delapsus
1744 886 1803 912 Liu.
1819 895 1838 919 1,
1854 891 1890 913 16.
1961 891 2055 918 Delabi
2070 894 2103 919 de
2122 896 2194 921 caclo
2213 904 2238 923 et

143 924 336 948 DEiNCEps.
357 917 424 944 Adu.
461 917 552 952 [ἑξῆς]
589 916 688 951 Postea,
706 919 746 944 vel
766 917 859 943 deinde.
896 917 952 949 Cic.
966 917 996 943 de
1015 917 1105 943 Diuin.
1121 926 1140 948 1,
1201 923 1216 942 e
1231 916 1303 943 caclo
1324 916 1379 943 Cic.
1394 917 1426 944 de
1439 920 1495 946 Fin.
1513 928 1533 951 1,
1571 939 1576 946 .
1614 939 1622 947 .
1695 921 1804 947 Flumen
1817 923 1906 948 medio
1918 924 1994 952 alueo
2007 937 2066 954 cum
2084 938 2148 963 pace
2169 931 2237 958 dela.

107 959 143 989 64
154 966 175 983 c,
190 965 220 989 30
239 957 299 988 Quo
315 953 388 979 affert
401 953 535 979 Rhodium
548 953 679 987 quendam
698 952 871 983 morientem,
889 953 932 979 sex
950 953 1070 987 aequales
1092 962 1138 979 no·
1200 951 1262 978 bens
1276 952 1303 977 iu
1316 961 1388 978 mare
1409 955 1474 981 Hor.
1488 954 1539 981 Od.
1553 962 1575 989 3,
1591 964 1631 988 29,
1644 962 1680 988 35.
1750 957 1805 983 Cic.
1819 958 1853 991 Q
1869 958 1952 984 Fratr.
1965 969 1985 992 1,
1998 970 2038 993 1‚2
2056 964 2126 990 Nam
2142 966 2235 994 Graeci

106 992 226 1023 minafl‘e,
245 998 269 1016 et
291 989 396 1022 dixiss‘e,
417 989 464 1023 qui
482 987 582 1023 primus
595 997 703 1020 eorum,
723 988 770 1022 qui
791 987 932 1020 secunduS,
952 989 997 1022 qui
1019 987 1139 1022 deinceps
1200 987 1308 1021 quidem
1322 987 1354 1013 fic
1369 993 1393 1013 te
1406 989 1441 1015 ita
1456 989 1590 1016 viuentem
1603 990 1790 1023 intuebuntur,
1806 999 1835 1018 vt
1848 994 1977 1034 quendam
1990 1005 2020 1022 ex
2034 1000 2169 1026 annalium
2183 1011 2238 1028 me.

106 1025 329 1054 m'oriturusdcffet.
398 1024 453 1051 Cic.
468 1023 520 1050 Off.
534 1032 557 1056 3,
571 1028 616 1050 160
631 1033 652 1050 c.
667 1031 699 1055 43
715 1023 751 1049 Vt
764 1024 849 1057 prima
861 1023 919 1049 Diis
935 1023 1139 1056 immortalibus,
1200 1023 1288 1049 moria
1304 1028 1350 1048 aut
1370 1024 1450 1050 etiam
1469 1024 1500 1051 de
1520 1025 1592 1051 caelo
1606 1024 1743 1052 demissum
1756 1026 1893 1054 hominem
1907 1030 1955 1054 effe
1971 1030 1999 1056 in
2013 1035 2179 1065 prouinciam
2193 1037 2237 1064 de-

105 1062 213 1089 secunda
225 1060 339 1096 patriae,
360 1060 436 1086 tertia
452 1059 617 1093 parentibus,
640 1058 759 1092 deinceps
774 1058 902 1093 gradatim
916 1059 1041 1093 reliquis,
1062 1058 1139 1086 debe·
1150 1063 1182 1090 25
1200 1058 1300 1091 lapsum
1314 1063 1413 1092 putent.
1484 1061 1638 1094 Pompeium
1650 1060 1713 1087 sicut
1725 1062 1841 1096 aliquem
1856 1062 1888 1089 de
1900 1064 1972 1091 caelo
1987 1066 2116 1101 delapsum
2132 1071 2236 1099 intuen-

105 1103 189 1125 antur.
284 1095 392 1129 Quin&
406 1102 434 1130 7,
448 1103 486 1127 10,
498 1103 512 1128 5
529 1095 559 1121 111
577 1094 716 1129 prooemio
735 1094 771 1120 est
790 1094 892 1128 aliquid
909 1095 1043 1128 primum,
1063 1101 1089 1121 et
1102 1095 1138 1121 se-
1201 1100 1245 1120 tur
1271 1094 1327 1119 Cic.
1347 1103 1395 1127 pro
1415 1094 1443 1121 L.
1463 1096 1534 1122 Man.
1554 1105 1575 1121 c.
1597 1104 1635 1130 14.
1706 1096 1814 1131 Delapsa
1832 1098 1864 1124 dc
1876 1099 1996 1127 manibus
2009 1103 2236 1134 audaciffimorum

106 1132 233 1163 cundum,
250 1139 278 1157 ac
304 1130 433 1165 deinceps.
536 1129 575 1156 Id.
597 1138 634 1162 12,
654 1135 676 1160 8,
700 1137 723 1162 ις
745 1130 886 1163 Propolitis
910 1130 1051 1163 omnibus,
1071 1139 1137 1164 quae
1199 1129 1338 1155 hominum
1351 1138 1423 1156 arma
1435 1130 1592 1156 ceciderunt.
1628 1131 1657 1157 Id
1669 1131 1705 1157 est
1718 1132 1794 1158 furor
1807 1133 1907 1160 ciuium
1928 1138 2081 1171 compress'us
2106 1141 2162 1168 Cic.
2182 1143 2234 1169 Off.
2260 1130 2267 1133 γ

123 1167 201 1194 rolint
215 1171 373 1198 noceantue,
392 1166 499 1193 tertiam
512 1164 632 1200 deinceps
648 1166 785 1199 personam
799 1165 891 1192 induat
906 1165 1010 1192 iudicis.
1064 1166 1137 1192 Caes.
1199 1173 1220 1196 1,
1236 1171 1279 1198 77.
1349 1165 1380 1191 In
1395 1166 1491 1191 flumen
1504 1165 1621 1200 delapsus
1641 1167 1696 1193 Cic.
1710 1166 1741 1193 de
1754 1167 1844 1194 Diuin.
1859 1178 1868 1195 1
1888 1179 1910 1196 c.
1924 1176 1961 1200 28·
2037 1174 2154 1202 Pondere
2165 1177 2236 1205 dela-

103 1176 132 1229 ἕ.
146 1203 176 1228 G.
190 1210 215 1236 7,
227 1210 239 1233 3
261 1201 331 1228 Nam
356 1201 403 1228 vbi
426 1202 513 1227 maior
534 1207 612 1236 atque
633 1200 761 1227 illustrior
781 1200 874 1226 incidit
887 1210 943 1233 res,
963 1201 1078 1228 clamore
1092 1209 1138 1235 per
1199 1199 1228 1226 bi
1243 1199 1270 1225 in
1283 1204 1380 1226 terram
1399 1201 1503 1228 Luci-et.
1519 1203 1546 1232 6,
1559 1207 1612 1236 837.
1683 1202 1764 1229 Ouid.
1779 1204 1837 1230 Am.
1852 1212 1872 1236 3,
1888 1213 1907 1237 1,
1921 1214 1946 1238 51
1968 1207 2063 1235 Delabi
2078 1217 2147 1243 toro,
2155 1214 2237 1248 Lflcb-

101 1246 193 1271 agros,
212 1237 383 1271 regionesque
413 1236 564 1271 fignificant.
600 1235 662 1263 hinc
676 1236 723 1263 alii
740 1235 862 1270 deinceps
875 1236 1019 1270 excipiunt,
1039 1243 1065 1263 ct
1078 1245 1138 1270 pro.
1149 1242 1181 1267 30
1199 1234 1284 1261 ducere
1292 1235 1329 1270 fi.
1523 1234 1544 1273 ἢ
1566 1246 1581 1262 2
1617 1237 1778 1272 Metaphorae
1791 1249 1799 1263 :
1835 1240 1943 1273 Delabi,
1963 1251 2004 1268 res
2017 1244 2160 1278 jamilz'a,.1-5
2174 1249 2235 1275 dici-

102 1273 179 1300 ximis
194 1272 309 1298 tradunt.
416 1273 473 1298 Cic.
492 1272 570 1298 Acad.
597 1281 623 1305 1,
660 1291 666 1298 .
703 1291 709 1297 .
746 1270 928 1305 Opinionibus
958 1279 984 1298 et
1012 1271 1139 1298 institutis
1198 1276 1255 1302 tur,
1275 1270 1402 1306 simillimi,
1422 1277 1444 1296 ct
1461 1271 1495 1297 ad
1509 1272 1614 1298 mhilmn
1633 1272 1734 1309 redigi:
1770 1273 1826 1300 Cic.
1844 1275 1896 1301 off.
1908 1285 1933 1308 2,
1947 1279 1982 1310 64
2001 1279 2128 1307 Habenda
2141 1283 2176 1308 est
2189 1293 2234 1310 au-

97 1308 191 1340 ,omnia
204 1308 304 1340 teneri,
324 1306 392 1333 nihil
406 1308 515 1334 veritati
528 1307 661 1342 relinqui,
671 1306 793 1341 deinceps
804 1307 894 1333 omnia
908 1307 1021 1334 tenebris
1029 1307 1139 1333 circum·
1200 1311 1253 1332 tem
1272 1306 1341 1332 ratio
1358 1306 1399 1332 rei
1419 1306 1574 1339 familiaris,
1591 1316 1669 1342 quam
1682 1307 1770 1335 delabi
1784 1308 1865 1337 linere
1879 1312 2036 1346 flagitiosum
2051 1316 2094 1342 est.
2131 1321 2173 1344 Al.
2187 1320 2233 1345 Di-

102 1344 158 1370 fusa
171 1344 217 1370 ess'e
230 1343 361 1369 dixerunt.
450 1343 523 1369 Idem
536 1343 588 1370 Off.
604 1352 624 1375 1,
634 1345 688 1369 160.
768 1344 800 1369 Et
814 1343 846 1368 de
860 1343 918 1370 Fin.
931 1351 954 1375 3,
967 1352 1001 1369 20
1021 1343 1139 1369 Primum
1200 1341 1272 1373 labi,
1291 1340 1355 1376 quod
1366 1341 1464 1368 videtur
1476 1345 1557 1378 magis
1569 1345 1696 1369 conuenire
1708 1344 1764 1370 huic
1777 1348 1822 1370 rei.
1927 1348 2066 1377 Delabitur
2083 1351 2112 1377 in
2125 1361 2166 1379 eas
2182 1355 2233 1380 dif-

100 1379 137 1404 est
149 1377 265 1405 officium
278 1377 324 1410 (id
338 1378 411 1404 enim
424 1378 527 1413 appello
540 1379 664 1410 καθῆκον)
685 1383 714 1405 vt
727 1378 752 1404 se
766 1379 902 1406 conseruet
915 1378 945 1404 in
968 1384 1074 1405 naturae
1092 1378 1138 1404 sta-
1200 1376 1326 1403 ficultates
1334 1396 1343 1408 ,
1365 1382 1394 1402 ν1
1416 1377 1586 1403 necessitatem
1609 1378 1658 1404 fati
1677 1379 1814 1406 confirmet
1836 1380 1936 1408 inuitus
1960 1383 2015 1409 Cic.
2036 1385 2067 1412 de
2081 1387 2145 1414 Fato
2157 1398 2178 1416 c.
2195 1398 2232 1424 17.

98 1419 128 1440 111
142 1424 148 1440 2
181 1413 300 1449 deinceps
314 1420 342 1440 vt
355 1422 384 1439 ea
392 1419 486 1447 teneat,
494 1422 559 1449 quae
572 1414 715 1446 seeundum
728 1419 848 1441 naturam
863 1414 927 1446 sint,
937 1414 1068 1449 pellatque
1076 1422 1137 1439 con·
1152 1420 1180 1447 35·
1199 1411 1294 1452 Del-bi
1309 1412 1337 1438 in
1351 1411 1472 1438 fraudem
1492 1412 1547 1439 Cic.
1563 1412 1595 1439 de
1609 1414 1684 1440 Orat.
1695 1422 1718 1447 3,
1755 1435 1762 1442 .
1800 1435 1807 1441 .
1875 1417 1907 1443 In
1921 1417 2024 1446 infidias
2046 1422 2151 1450 Plimde
2160 1426 2233 1452 Viris

97 1449 187 1476 traria.
293 1449 438 1483 Deinceps,
453 1457 503 1485 pro
516 1451 608 1477 lterum
620 1461 627 1474 :
663 1450 765 1477 Auelor
778 1449 810 1477 ad
825 1450 923 1477 Heren.
938 1458 963 1481 1,
985 1458 1015 1482 14
1033 1450 1135 1475 Cauen—
1180 1469 1184 1478 .
1196 1447 1344 1473 illustribus
1358 1456 1379 1474 c.
1393 1455 1423 1480 14
1436 1447 1468 1474 de
1481 1448 1557 1475 CCC·
1573 1448 1669 1475 Fabiis.
1775 1451 1805 1477 In
1817 1451 1887 1478 idem
1900 1461 1980 1486 genus
1994 1456 2082 1482 morbi
2108 1459 2164 1485 Cic.
2176 1461 2231 1487 Art.

97 1484 162 1511 dum
177 1484 213 1511 est
229 1485 319 1517 etiam,
335 1494 370 1511 ne
388 1485 425 1518 id,
438 1485 510 1520 quod
529 1486 607 1512 semel
630 1486 706 1520 supra
724 1486 857 1519 diximus,
878 1485 998 1519 deinceps
1010 1484 1134 1511 dicamus.
1198 1490 1224 1518 7,
1237 1490 1258 1515 ς.
1331 1483 1362 1509 In
1395 1483 1588 1522 turpitudinem
1613 1484 1670 1510 Cic.
1692 1484 1745 1510 Off.
1771 1494 1791 1516 1,
1829 1504 1835 1510 .
1872 1504 1878 1512 .
1949 1488 1980 1514 In
1999 1490 2097 1519 vitium
2123 1495 2178 1521 Cic.
2199 1496 2232 1522 de

96 1518 118 1558 fl
139 1529 155 1546 2.
190 1519 358 1555 Succeffionem
369 1527 420 1546 tum
434 1523 551 1554 locatum
565 1525 682 1556 temporis
690 1525 841 1556 proximam,
849 1528 872 1548 et
880 1521 946 1548 naua
960 1523 1011 1546 alia
1022 1530 1048 1546 re
1059 1523 1137 1546 inter·
1196 1519 1269 1544 Orat.
1284 1526 1299 1544 2
1312 1527 1333 1543 c.
1347 1520 1390 1543 60.
1493 1519 1588 1544 Delabi
1600 1518 1705 1553 aliquo,
1718 1525 1768 1558 pro
1781 1520 1924 1548 conuertere
1930 1522 2063 1557 sermonem
2076 1537 2084 1552 :
2120 1530 2174 1555 Cic.
2183 1539 2233 1564 pro

95 1555 193 1582 cedente
206 1556 343 1591 abruptam,
350 1562 430 1582 notat.
465 1557 525 1583 Liu.
539 1565 559 1589 1,
567 1565 592 1582 21
605 1563 669 1583 ωηεν.
689 1558 749 1583 Duo
763 1557 882 1591 deinceps
896 1565 977 1591 reges,
995 1558 1014 1582 i.
1021 1558 1135 1591 proxime
1196 1554 1316 1578 Muraen.
1353 1571 1359 1577 .
1398 1570 1404 1576 -
1441 1552 1499 1591 1²9st
1506 1572 1514 1585 2
1523 1553 1813 1593 'quumidafl'eqinn'on
1826 1557 1979 1589 potuissent,
1996 1559 2060 1586 istuc
2073 1563 2232 1594 potissmium

90 1591 120 1628 fi
134 1594 289 1626 excipt'mtcs.
359 1592 390 1617 Et
401 1600 428 1624 2,
447 1599 484 1626 47
498 1598 562 1618 extr.
587 1592 688 1618 Funera
711 1592 807 1618 deinde
830 1592 883 1618 duo
907 1592 1028 1626 deinceps
1051 1590 1176 1624 ducit.40
1195 1588 1254 1613 sunt
1267 1586 1376 1620 ‘lempst’
1394 1591 1423 1612 Vt
1435 1593 1509 1613 aumt
1520 1597 1548 1613 ¹¹¹
1562 1588 1668 1613 Graeffls
1682 1588 1845 1621 arssfic¹b1185
1865 1599 1910 1616 eos
1948 1599 1994 1618 etc.
2064 1597 2121 1622 Cic.
2152 1599 2232 1626 Acad,

96 1626 168 1653 Caes.
183 1628 210 1653 B.
224 1627 253 1653 C.
268 1635 288 1658 1,
300 1633 331 1660 25¹
348 1627 397 1653 His
411 1626 535 1661 perfeciis
549 1626 734 1660 collocatisque
746 1627 810 1652 alias
823 1626 944 1662 deinceps
955 1633 1023 1653 rates
1043 1627 1132 1661 iunge·
1196 1633 1220 1656 4,
1237 1631 1268 1655 59
1287 1621 1449 1661 Carneadem
1464 1622 1648 1661 aliteniexiam
1663 1622 1725 1662 heri·
1733 1623 1902 1651 audiebamus
1915 1625 2023 1655 solitum
2036 1631 2084 1656 effe
2099 1632 2185 1660 delabi
2193 1635 2231 1661 in-

96 1660 151 1688 bat.
256 1661 312 1687 Cic.
327 1662 399 1687 Fam.
412 1671 435 1694 2,
449 1667 474 1691 18
497 1662 561 1688 Illos
582 1666 634 1687 tres
647 1662 740 1687 fratres
755 1662 856 1688 summo
869 1662 930 1688 loco
943 1669 1019 1688 natos
1052 1677 1098 1681 —
1196 1658 1310 1690 terdfflss,
1329 1662 1370 1696 Vt,
1387 1656 1486 1696 ‘lmese‘
1513 1664 1699 1690 0P¹¹¹³ss¹sl¹¹¹¹‚
1718 1656 1746 1697 {d
1766 1658 1817 1690 est,
1839 1667 2004 1693 peccaturum
2018 1666 2065 1690 effe
2077 1667 2231 1701 sapientem,

92 1695 179 1722 'video
192 1694 312 1729 de'mceps
324 1696 465 1722 Tribunos
476 1696 511 1731 pl.
524 1705 571 1730 per
583 1696 727 1722 triennium
739 1697 807 1722 fore.
897 1698 930 1721 Et
947 1697 1031 1721 Tusc.
1050 1705 1069 1729 4
1083 1705 1105 1721 c.
1120 1703 1133 1720 2
1196 1694 1251 1720 Cic.
1266 1693 1298 1719 de
1311 1693 1468 1732 A¹¹¹¹f¹f·.7⁶
1482 1701 1503 1718 c.
1517 1700 1544 1718 21
1552 1699 1596 1727 pr.
1616 1693 1671 1732 Iam
1686 1701 1758 1718 enim
1772 1702 1786 1732 a
1800 1695 1944 1729 sapientum
1961 1698 2187 1731 familiaritatibus
2198 1704 2230 1732 ad

96 1732 202 1757 Morem
217 1730 404 1763 apudmaiores
418 1731 486 1757 hunc
500 1730 635 1763 epularum
648 1730 740 1761 fuisse,
759 1736 789 1755 vt
802 1729 940 1762 deinceps,
959 1730 1008 1763 qui
1026 1729 1134 1755 accuba-
1194 1729 1316 1762 vulgares
1330 1733 1459 1754 amicitias
1475 1727 1561 1753 nostra
1575 1726 1707 1754 delabitur
1720 1735 1817 1755 oratio.
1912 1732 1968 1758 Cic.
1985 1735 2021 1768 Q
2035 1736 2117 1764 Fratr.
2133 1747 2141 1765 1
2172 1749 2181 1766 1
2213 1744 2231 1768 6

95 1770 169 1794 rent,
189 1769 310 1790 canerent
331 1764 362 1790 ad
385 1764 479 1790 tibiam
506 1765 640 1790 clarorum
663 1763 784 1789 virorum
807 1762 895 1788 laudes
920 1769 997 1798 atque
1011 1765 1132 1790 virtutes.
1140 1768 1174 1794 45
1194 1763 1242 1790 Sed
1255 1764 1411 1798 nescio,quo
1426 1763 1503 1797 padio
1511 1761 1542 1788 ad
1556 1762 1736 1803 praecipiendi
1746 1765 1877 1793 rationem
1890 1766 1990 1802 delapsa
2003 1770 2039 1795 est
2056 1759 2219 1803 oratio’mea

91 1797 132 1826 Id.
146 1799 234 1824 Somn.
249 1798 316 1831 Scip.
329 1800 358 1824 16
370 1807 391 1823 e.
405 1805 422 1832 7
439 1798 513 1831 Qiin
525 1798 606 1823 etiam
618 1797 636 1823 fi
649 1798 735 1831 cupiat
749 1797 836 1831 proles
848 1798 893 1824 illa
912 1798 1066 1825 futurorum
1086 1800 1132 1826 ho·
1195 1808 1278 1833 quum
1293 1800 1320 1825 id
1334 1798 1402 1826 mihi
1417 1797 1579 1835 propositum
1594 1798 1673 1824 1¹¹3th
1685 1807 1740 1825 ¹¹0ss
1753 1799 1848 1826 fuiiset.
1953 1804 2008 1830 Cic.
2022 1806 2054 1832 de
2068 1808 2140 1834 Orat.
2155 1819 2166 1836 1
2195 1797 2232 1844 96,

92 1834 196 1860 minum
208 1832 328 1867 deinceps
343 1832 431 1859 laudes
444 1833 650 1867 vniuscuiusque
662 1832 780 1859 nostrum
797 1841 812 1859 a
823 1833 941 1867 patribus
956 1841 1070 1869 acceptas
1085 1843 1131 1869 po·
1193 1843 1249 1860 c.21
1272 1835 1415 1869 Insperanti
1439 1833 1527 1867 mihi,
1548 1834 1652 1870 inquit,
1669 1840 1695 1861 et
1715 1835 1823 1867 Cottae,
1844 1835 1885 1861 sed
1905 1837 1980 1865 valde
2001 1843 2102 1874 optanti
2121 1830 2229 1880 vtri’que

93 1869 168 1897 stetis
180 1868 292 1904 prodere
306 1879 314 1899 ;
348 1873 435 1895 tamen
448 1874 555 1903 propter
567 1868 704 1895 eluuiones
715 1868 914 1904 exustionesque
922 1875 1131 1905 terrarum,quas
1192 1870 1311 1896 nostrum
1324 1871 1434 1904 recidit,
1453 1879 1482 1899 vt
1494 1871 1522 1899 in
1537 1870 1616 1898 istum
1629 1872 1778 1897 sermonem
1791 1869 1987 1900 delaberemini.
2068 1878 2124 1904 Cic.
2139 1881 2228 1908 Parcit,

93 1904 212 1932 accidere
226 1910 345 1938 tempore
357 1909 428 1930 certo
443 1905 540 1931 necess'e
553 1904 606 1936 est,
626 1913 679 1930 non
692 1903 774 1930 inodo
794 1910 924 1931 aeternam
934 1925 943 1937 ,
963 1905 1006 1932 sed
1024 1915 1057 1932 ne
1071 1906 1130 1932 diu-
1192 1914 1220 1932 12
1234 1915 1255 1932 c.
1270 1914 1289 1938 4
1309 1906 1361 1932 Aut
1376 1915 1391 1933 a
1403 1907 1554 1935 minoribua
1566 1905 1598 1933 ad
1613 1906 1715 1933 maiora
1727 1905 1921 1939 adscendimus,
1941 1915 1987 1934 aut
2002 1918 2017 1936 a
2036 1912 2182 1941 maioribus
2194 1918 2229 1944 ad

92 1946 196 1968 turnam
210 1939 318 1974 quidem
331 1939 442 1973 gloriam
455 1940 552 1975 affequi
566 1940 705 1974 possumus.
794 1940 867 1967 Idem
886 1940 918 1967 de
931 1941 1002 1968 Clar.
1016 1941 1091 1967 Orat.
1105 1946 1168 1973 1250
1191 1941 1296 1967 minora
1309 1940 1476 1974 delabimur„
1560 1942 1642 1969 Ouid.
1656 1950 1688 1969 ex
1700 1943 1784 1969 Ponto
1797 1950 1825 1976 4,
1838 1949 1873 1975 15,
1884 1949 1911 1973 33
1931 1943 2049 1972 Scribere
2062 1948 2136 1982 saepe
2155 1951 2228 1980 aliud

93 1985 116 2003 c.
127 1984 142 2008 3
160 1975 299 2010 Posteaque
311 1976 448 2009 prosperae
460 1984 501 2002 res
513 1975 634 2009 deinceps
654 1975 752 2001 multae
775 1977 926 2003 consecutae
952 1977 1019 2003 sunt.
1097 1978 1129 2003 Et
1191 1976 1314 2010 cupiens,
1333 1976 1444 2004 delabor
1465 1977 1568 2004 eodem.
1671 1977 1726 2003 Cic.
1737 1978 1799 2004 'Ata
1824 1986 1859 2009 12,
1897 1996 1903 2003 .
1942 1997 1949 2004 .
1985 1980 2025 2006 De
2051 1982 2161 2013 Mustela
2198 1994 2229 2015 vt

90 2010 153 2039 ibid.
168 2019 212 2043 3¹2
225 2019 247 2036 c.
261 2018 295 2042 90
315 2011 407 2044 Itaque
429 2011 514 2044 prima
538 2011 621 2037 Causa
647 2010 767 2045 publica,
792 2010 911 2046 deinceps
932 2011 994 2038 inde
1021 2012 1129 2045 multae,
1190 2011 1298 2044 scribis,
1317 2012 1361 2038 etii
1375 2020 1499 2047 magnum
1511 2021 1576 2047 opus
1590 2011 1642 2043 est,
1661 2019 1695 2038 eo
1708 2012 1791 2046 magis
1806 2011 1915 2040 delabor
1929 2013 1960 2040 ad
1969 2014 2098 2047 Clodiam.
2168 2006 2227 2051 ’Cim

92 2055 156 2081 quas
173 2055 227 2073 non
245 2046 330 2072 minus
347 2045 491 2080 diligenter
508 2045 654 2072 elaboratas
672 2046 720 2072 eise
739 2054 817 2081 quam
830 2047 992 2073 elucubratas
1004 2047 1128 2074 affereba-
1190 2048 1260 2073 Fam.
1269 2050 1294 2079 6,
1304 2055 1332 2072 10
1352 2047 1423 2073 Nam
1436 2054 1461 2074 et
1474 2049 1538 2081 ipse,
1552 2047 1599 2081 qui
1612 2046 1755 2080 plurimum
1768 2048 1865 2081 potest,
1885 2050 2006 2085 quotidie
2019 2053 2086 2081 mihi
2098 2054 2186 2084 delabi
2193 2059 2227 2086 ad

92 2091 159 2109 mus.
194 2081 292 2108 Iudicat
304 2081 414 2107 celeriter
419 2081 448 2116 ss'
461 2081 602 2118 consecutas
612 2079 792 2109 illusaelioncs.
861 2083 946 2109 Varro
961 2083 992 2109 R.
1006 2083 1036 2108 R.
1050 2091 1130 2116 2,4‚2
1221 2081 1347 2115 quitatem
1370 2087 1396 2107 et
1414 2082 1448 2108 ad
1468 2091 1558 2108 rerum
1582 2087 1703 2108 naturam
1724 2081 1838 2110 videtur.
1918 2085 1974 2113 Cic.
1996 2096 2045 2122 pro
2058 2090 2175 2119 Marcell.
2190 2103 2228 2130 24

94 2116 224 2151 Septimus
239 2115 359 2150 deinceps
372 2117 521 2143 Praetorius
534 2118 563 2143 in
573 2122 651 2150 gente
664 2116 760 2143 nostra.
830 2119 862 2144 Et
876 2127 896 2150 1,
910 2127 957 2152 14,
969 2126 985 2144 2
1003 2118 1130 2151 Deinceps
1145 2123 1173 2150 ςς
1217 2117 1288 2143 mnia
1302 2125 1367 2151 quae
1381 2116 1481 2152 delapsa
1495 2117 1548 2144 iam
1561 2117 1708 2150 fluxerunt,
1727 2118 1824 2145 seueris
1836 2118 1939 2153 legibus
1954 2122 2095 2152 vincienda
2107 2127 2173 2154 sunt.

94 2152 249 2179 constitutae
264 2151 381 2178 arbores.
618 2160 630 2184 3
666 2152 793 2187 Deinceps
804 2156 878 2179 etiam
889 2153 1018 2180 adhibetur
1033 2153 1075 2179 vbi
1086 2152 1132 2180 Ad
1227 2158 1245 2178 D
1255 2159 1270 2178 E
1280 2158 1295 2177 L
1306 2159 1327 2178 A
1337 2159 1353 2178 B
1362 2153 1402 2179 &R
1413 2159 1431 2179 o
1440 2172 1448 2185 ,
1468 2157 1520 2180 are.
1563 2153 1640 2180 Valde
1653 2152 1780 2187 laborare,
1801 2160 1830 2181 vt
1841 2154 1950 2183 videtur.
1990 2160 2078 2187 Vtitur
2086 2161 2177 2191 Afran.
2185 2171 2218 2201 ap

90 2187 221 2224 abfitrdwn
237 2186 351 2214 deducere
368 2188 479 2214 volumus
493 2186 569 2213 aduer
581 2191 677 2217 arium,
697 2190 737 2214 vel
754 2188 855 2224 absurde
873 2188 952 2224 ipfizm
966 2192 1075 2215 rationes
1081 2195 1129 2224 pu·
1190 2188 1263 2215 Non.
1278 2196 1310 2221 4,
1323 2196 1378 2221 423.
2219 2186 2227 2193 ’

89 2229 144 2250 tare
157 2229 200 2249 aut
208 2221 297 2258 facere
308 2222 367 2260 adpo
379 2220 576 2256 demonstramus.
620 2223 677 2250 isid.
687 2224 779 2251 Schult.
787 2223 820 2249 ad
827 2224 958 2257 Qiintffil.
972 2224 1043 2251 Deci.
1052 2222 1093 2259 ip.
1103 2230 1128 2256 ις
1226 2230 1244 2250 D
1253 2230 1268 2249 E
1278 2231 1294 2250 L
1302 2230 1323 2250 A
1331 2231 1347 2250 C
1356 2223 1374 2250 1}
1382 2230 1400 2250 R
1412 2229 1432 2250 O
1441 2244 1449 2256 ‚
1475 2227 1527 2250 ΞΓΕ.
1561 2223 1754 2259 [καταμύσσω]
1783 2231 1834 2261 pro
1862 2228 2022 2262 Dilacerare,
2042 2237 2067 2258 et
2096 2233 2227 2269 abfiaemere.

84 2259 139 2295 fiq.
151 2257 258 2291 similem
269 2259 312 2287 τῆς
323 2260 375 2284 εἶτα
388 2258 456 2294 vsizm
468 2256 573 2292 ostendit
583 2261 709 2286 Deuarius
722 2259 751 2286 de
763 2261 900 2287 Pas-riculis
913 2261 1024 2287 Graecis.
1071 2260 1130 2287 Vid.
1190 2259 1272 2286 Plaut.
1284 2260 1357 2293 Capt.
1372 2268 1394 2291 3,
1408 2267 1431 2292 ς,
1445 2268 1475 2292 14
1494 2260 1698 2292 Delacerauisti,
1718 2260 1941 2298 deartuauistique
1953 2273 2024 2299 opes.
2059 2268 2206 2305 Antiquam.

91 2300 207 2321 DEINDE
220 2302 246 2319 n.
261 2302 286 2320 2.
327 2302 331 2307 ’
1136 2301 1170 2325 60
1225 2300 1244 2320 D
1253 2301 1269 2321 E
1281 2301 1297 2320 L
1306 2301 1328 2321 Α
1337 2301 1354 2322 C
1363 2293 1403 2321 Rs
1414 2301 1438 2320 M
1448 2301 1467 2321 0
1475 2314 1482 2325 ι
1516 2298 1568 2321 “¹1¹0-
1605 2293 1784 2331 [καταδακρύω
1795 2300 1806 2330 ]
1843 2297 1885 2331 Est
1908 2300 2026 2328 lacrimas
2046 2305 2087 2329 vel
2106 2306 2228 2333 humorem

126 2336 145 2356 Ι)
152 2335 187 2355 ΕΙ
196 2337 217 2356 N
226 2336 244 2356 D
252 2336 269 2356 E
277 2348 285 2360 ‚
311 2328 364 2356 vid,
385 2335 429 2356 DE
438 2336 449 2356 1
458 2337 490 2356 N.
1187 2339 1252 2356 more
1273 2331 1430 2356 lacrimantis
1442 2329 1577 2356 demittere.
1612 2331 1744 2357 Columel.
1757 2340 1786 2365 4,
1799 2340 1825 2365 9,
1838 2341 1851 2358 2
1866 2333 1894 2359 de
1906 2337 1958 2361 vite
1969 2337 2069 2371 loquens
2078 2349 2089 2364 .-
2124 2340 2172 2366 Sed
2179 2350 2228 2368 nee

124 2371 169 2391 DE
178 2372 187 2391 1
197 2371 219 2390 N
227 2372 240 2392 s
249 2372 269 2391 v
281 2371 320 2391 PE
330 2371 348 2390 R
357 2384 366 2397 ‚
380 2371 429 2400 pra
442 2367 480 2392 Dc
493 2371 562 2401 uper.
596 2365 728 2400 [ἄνωθεν]
760 2367 860 2393 Sallust.
880 2367 948 2393 Hist.
968 2375 977 2393 1
996 2372 1036 2402 ap.
1054 2366 1128 2392 Non.
1188 2365 1220 2405 ad
1233 2374 1290 2391 eam
1304 2371 1491 2405 partem,-qua
1504 2365 1540 2391 est
1554 2374 1673 2399 gemma,
1688 2375 1782 2393 verum
1797 2368 1829 2393 ad
1841 2369 2012 2402 posteriorem
2026 2372 2183 2407 declinatur,
2197 2383 2228 2403 vt

90 2408 128 2433 ιι,
140 2405 182 2433 48.
217 2407 241 2426 ε1
254 2400 327 2427 Cort.
341 2409 365 2434 p.
377 2403 427 2433 956
443 2401 467 2428 A
497 2400 616 2428 medium
629 2403 699 2437 quafi
713 2401 853 2437 deinsuper
866 2402 994 2429 astantum
1008 2401 1129 2428 manibus
1188 2409 1218 2428 1η
1249 2406 1345 2427 terram
1376 2407 1464 2435 potius
1498 2401 1597 2428 deuexa
1608 2421 1616 2434 ,
1635 2410 1714 2437 quam
1741 2402 1770 2429 in
1797 2412 1905 2437 germen
1927 2405 2085 2433 delacrimet.
2155 2411 2225 2439 Add,

88 2436 118 2462 in
130 2444 236 2462 murum
249 2435 390 2461 attollitur.
1186 2436 1306 2463 Scribon.
1326 2444 1363 2471 37.

126 2477 144 2497 D
153 2477 217 2497 ElN
226 2477 271 2497 TE
280 2477 355 2497 GRo
364 2491 373 2503 ‚
393 2474 446 2498 are.
481 2471 588 2498 Nonius
607 2481 633 2504 2,
652 2480 700 2505 223
725 2473 882 2501 Diminuere
901 2472 1032 2500 Caecilius
1041 2492 1051 2505 ,
1071 2472 1128 2499 No-
1139 2477 1171 2509 65
1223 2478 1241 2497 D
1252 2479 1267 2498 E
1280 2478 1295 2497 L
1308 2479 1329 2498 Α
1338 2479 1354 2499 c
1364 2479 1401 2498 at
1410 2478 1435 2498 Μ
1444 2479 1511 2498 A‘ri
1522 2478 1557 2504 0,
1595 2472 1663 2498 bnis.
1695 2472 1715 2498 f.
1751 2471 1871 2498 VerbaJe.
1907 2472 2121 2513 [καταδᾰκρυσις]
2156 2481 2223 2509 plin,

89 2514 150 2534 men
163 2506 291 2541 virginis,
310 2505 359 2532 nisi
372 2507 472 2533 mirum
485 2507 537 2540 est,
557 2507 741 2542 deintegrauit.
1189 2516 1230 2540 34,
1244 2516 1266 2533 11
1281 2508 1298 2532 s·
1315 2510 1345 2535 26
1364 2507 1412 2533 Vis
1433 2508 1489 2533 eius
1509 2507 1627 2538 collyriis
1647 2507 1787 2532 oculorum
1801 2506 1942 2540 aptissima,
1958 2515 1984 2535 et
2002 2510 2225 2544 delacrimationi-

123 2548 166 2569 DE
185 2557 197 2562 -
216 2548 256 2568 m
266 2548 312 2568 TE
321 2548 368 2568 GR
378 2549 396 2568 o
405 2561 413 2574 ,
439 2542 493 2568 vid.
513 2550 533 2569 n
544 2549 561 2569 E
589 2544 799 2578 Praepositionem.
1188 2544 1236 2569 bus
1249 2542 1395 2568 mordendo
1411 2542 1558 2576 proficiens.
1628 2540 1702 2566 Idem
1713 2548 1752 2573 ας,
1768 2549 1792 2573 13
1806 2542 1824 2567 s-
1837 2550 1873 2574 99
1899 2543 2053 2572 Claritatem
2066 2548 2129 2575 facit
2147 2552 2225 2580 imin.

125 2583 168 2603 DE
178 2584 188 2603 1
198 2584 220 2602 N
231 2583 282 2603 TV
292 2583 314 2603 S.
334 2576 402 2603 Adu.
440 2578 496 2610 Qi
510 2578 590 2610 fecit,
612 2579 683 2613 quod
703 2578 804 2606 deforis
818 2580 870 2612 est,
890 2580 970 2605 etiam
992 2578 1036 2610 id,
1055 2577 1126 2612 quod
1187 2578 1236 2604 c‘tis
1249 2578 1349 2608 oculis,
1369 2575 1665 2609 delacrimationemque
1678 2584 1727 2601 ceu
1743 2576 1839 2602 sumuS.
1911 2578 1983 2605 Idem
1997 2589 2040 2613 20,
2054 2590 2067 2614 ς
2080 2584 2098 2610 s.
2113 2594 2156 2612 20,

89 2610 190 2638 deintus
203 2611 255 2642 est,
275 2611 339 2637 fecit
355 2612 432 2645 Vulg.
446 2613 509 2638 Luc.
525 2621 559 2644 11,
570 2622 616 2647 40·
685 2614 754 2643 Add,
766 2615 803 2640 ib.
814 2624 841 2641 v.
852 2622 878 2648 7.
951 2613 1020 2640 Adii.
1035 2615 1126 2647 Veget.
1220 2619 1238 2638 D
1248 2618 1264 2638 E
1275 2619 1290 2637 L
1298 2619 1320 2638 A
1328 2617 1345 2637 c
1354 2618 1373 2637 R
1381 2617 1422 2637 1M
1431 2617 1482 2637 AT
1492 2616 1512 2637 o
1522 2617 1542 2637 R
1550 2618 1560 2637 1
1569 2615 1591 2636 v
1599 2617 1628 2643 s,
1658 2618 1674 2637 a
1682 2629 1692 2643 ,
1714 2619 1768 2641 um.
1798 2610 1859 2638 Adi.
1902 2612 1953 2647 Vt,
1971 2615 2223 2651 Delacriniatorium

88 2646 201 2672 Mulom.
215 2654 236 2677 3,
248 2654 277 2678 4,
291 2654 328 2671 10.
1133 2656 1168 2683 70
1186 2647 1335 2678 Collyrium
1354 2646 1472 2672 Marcell.
1486 2647 1557 2680 Emp.
1572 2655 1594 2671 c.
1606 2650 1631 2674 ,8.

125 2688 143 2707 D
155 2688 189 2708 131
200 2686 220 2707 0
231 2687 252 2707 Ν
261 2687 276 2706 Ε
286 2700 294 2712 ,
308 2689 349 2707 es.
385 2680 507 2713 [Δηϊᾶνη]
544 2681 629 2707 Mater
642 2682 727 2707 Milni
738 2691 767 2707 ex
779 2682 905 2717 Apollinis
917 2681 1061 2708 concubitu:
1081 2690 1126 2708 vn-
1220 2689 1239 2709 D
1248 2689 1264 2708 E
1274 2689 1289 2707 L
1299 2688 1319 2708 Α
1328 2688 1344 2708 C
1354 2688 1375 2708 T
1384 2687 1403 2707 O
1411 2699 1418 2711 ‚
1437 2684 1490 2707 are.
1525 2683 1544 2706 i.
1557 2678 1660 2707 ablabio.
1702 2681 1771 2709 Cels.
1807 2702 1814 2708 .
1853 2703 1859 2708 ,
1895 2704 1903 2710 ,

87 2714 115 2742 de
129 2716 245 2742 Miletum
259 2714 416 2742 Deionidem
430 2723 504 2741 vocat
523 2716 603 2741 Ouid.
618 2717 682 2742 Met.
697 2725 713 2748 9
722 2736 730 2748 ,
743 2725 799 2750 442
1224 2724 1242 2743 D
1252 2724 1268 2743 E
1277 2723 1293 2742 L
1303 2722 1409 2743 ACTA
1419 2722 1440 2742 T
1449 2723 1470 2742 v
1479 2723 1509 2748 s,
1534 2724 1565 2748 a,
1589 2724 1643 2742 um.
1680 2716 1772 2743 Partic.
1809 2718 1974 2748 Delac'tatum
1983 2741 1993 2756 ‚
2024 2723 2224 2758 οἷπογαληκτιθέι

241 2751 324 2776 Tunc
338 2755 392 2776 erat
404 2749 552 2781 inualidus,
571 2750 771 2784 Deionidenque
784 2751 908 2777 iuuentae
1184 2752 1263 2778 Glofl'.
2210 2758 2212 2761 ’

242 2785 350 2812 Robore
368 2785 508 2818 Miletum,
528 2784 689 2820 Phoeboque
706 2791 827 2819 parente,
845 2785 987 2820 superbum
1222 2794 1241 2814 D
1249 2793 1265 2813 E
1274 2793 1289 2811 L
1300 2793 1322 2813 A
1332 2792 1349 2812 C
1361 2792 1383 2813 'r
1391 2792 1414 2812 A
1424 2793 1445 2812 T
1455 2794 1464 2811 1
1474 2792 1493 2812 0
1501 2806 1510 2818 ‚
1530 2786 1597 2813 finis.
1616 2785 1637 2812 f.
1677 2787 1752 2815 Cato.
1786 2797 1818 2813 an
1836 2790 2011 2820 Carbonem?

239 2820 391 2848 Pertimuit.=
1136 2829 1169 2857 75
1223 2829 1241 2849 D
1251 2829 1266 2849 E
1275 2829 1292 2848 L
1302 2829 1323 2848 A
1332 2827 1349 2848 c
1360 2827 1382 2846 T
1391 2828 1413 2847 Α
1421 2828 1442 2848 T
1450 2829 1469 2847 R
1479 2829 1489 2847 1
1498 2830 1516 2848 x
1524 2841 1533 2854 ‚
1553 2822 1609 2848 icis.
1629 2821 1650 2848 f.
1684 2822 1819 2857 Angustia.

125 2862 145 2883 D
154 2863 170 2884 Ε
181 2862 191 2883 x
203 2852 250 2883 ὄΤ
258 2854 280 2883 li
288 2862 336 2883 RV
345 2862 358 2881 s
367 2875 376 2888 ,
397 2855 416 2881 i.
435 2864 471 2881 iu.
508 2855 670 2891 [Δηϊόταρος]
706 2856 819 2882 Galatiae
831 2865 875 2883 rex
887 2865 902 2882 a
916 2856 1005 2883 Senatu
1025 2857 1128 2880 iuuante
1221 2863 1240 2884 1)
1249 2864 1266 2884 Ε
1276 2864 1292 2883 L
1302 2863 1322 2883 Α
1330 2864 1346 2883 E
1356 2864 1376 2883 ν
1386 2863 1404 2883 0
1414 2876 1422 2890 ‚
1446 2857 1498 2884 vid,
1520 2863 1539 2883 Β
1549 2864 1565 2884 E
1575 2864 1590 2883 L
1602 2864 1617 2882 E
1627 2863 1647 2882 v
1659 2862 1687 2883 ο.

87 2893 198 2927 Pompeio
205 2889 312 2927 sacius,
331 2894 358 2917 in
370 2890 430 2917 bello
444 2891 522 2917 Ciuili
531 2894 583 2917 eius
600 2889 683 2925 postea
696 2896 787 2925 partes
800 2891 934 2927 sequutus,
946 2889 1004 2926 post·
1015 2896 1126 2926 pugnam
1224 2900 1241 2919 D
1252 2901 1267 2919 Ε
1276 2900 1322 2919 LA
1331 2900 1355 2919 M
1364 2899 1379 2919 B
1388 2898 1406 2918 O
1415 2911 1423 2924 ‚
1444 2893 1496 2918 ere.
1533 2892 1715 2927 [καταλέχω]
1752 2894 1818 2919 Idem
1831 2895 1897 2929 quod
1906 2896 2028 2925 Lambere.
2063 2898 2222 2930 Stat.Theb.

88 2927 256 2963 Pharsalicam
270 2926 398 2962 domumse
409 2929 508 2962 recepit.
562 2926 658 2952 Deinde
676 2927 710 2952 ad
722 2926 834 2962 Cacfizris
851 2929 1001 2953 clementiam
1013 2925 1127 2961 confugi-
1186 2937 1213 2962 2,
1226 2931 1269 2959 631
1289 2928 1434 2962 Molliaque
1448 2927 1531 2954 eiee‘h
1545 2927 1671 2954 delambit
1685 2929 1784 2955 vellera
1799 2929 1897 2963 lingua,

89 2972 131 2988 ens
138 2983 147 2995 ‚
167 2961 226 2990 bella
238 2965 335 2999 gerenti
339 2961 448 2997 Jiihfidia
460 2960 623 2993 mimstram't.
680 2963 762 2996 ere
781 2962 813 2987 ab
822 2963 873 2998 {Dso
886 2971 930 2988 rex
944 2960 1069 2994 dimissas,
1087 2969 1126 2986 ve·
1223 2971 1241 2990 D
1251 2972 1267 2991 Ε
1277 2971 1293 2990 L
1303 2971 1323 2990 Α
1331 2971 1355 2990 M
1364 2970 1380 2990 Ε
1389 2971 1410 2990 Ν
1419 2970 1441 2990 Τ
1450 2970 1469 2989 0
1479 2964 1565 2996 mari.
1585 2964 1649 2998 Dep.
1668 2963 1819 2998 [ἕπιθρηνέω]
1841 2967 1921 2993 Ouid.
1932 2968 1994 2995 Met.
2002 2977 2035 3002 11,
2042 2978 2081 3002 331
2099 2971 2129 2998 Et
2137 2979 2222 3000 natam

87 3008 141 3025 rum
154 3004 230 3033 parte
249 3007 275 3024 re
294 3000 321 3023 ni
339 3004 434 3024 tantum
455 2995 588 3023 manatus
601 2997 668 3033 ficit.
708 2997 817 3023 Tandem
836 2998 962 3033 accusatus
982 3007 996 3022 a
1010 2997 1125 3030 Philippo
1138 3002 1169 3028 80
1186 2999 1377 3026 delamentatur
1390 2998 1528 3025 ademtam.

86 3033 204 3069 quodam,
222 3042 266 3069 quo
301 3033 400 3068 Caesari
422 3032 490 3067 apud
502 3033 531 3068 fh
550 3032 685 3058 diui-rtemi
702 3031 954 3066 insidfflsjlruxiſjkt,
968 3042 982 3057 a
996 3032 1127 3059 Cicerone
1222 3041 1354 3061 DELAN
1366 3033 1446 3065 ico,
1464 3043 1506 3067 as,
1527 3039 1579 3061 ire.
1615 3033 1749 3069 Difi-indo,
1768 3041 1792 3060 et
1817 3035 1884 3070 quasi
1913 3038 2007 3064 Lanam
2029 3040 2112 3068 traho„
2154 3042 2221 3068 17„sp

87 3068 246 3105 defenditur,
262 3069 386 3095 luculenta
401 3067 445 3094 illa
452 3075 501 3103 pro
514 3068 641 3094 Deiotaro
654 3077 709 3103 rege
722 3071 842 3095 oratione.
885 3068 1018 3095 Vidillius
1030 3076 1125 3103 argum.
1186 3070 1309 3103 Lacinia,
1328 3075 1354 3096 et
1366 3069 1478 3102 Lanius,
1498 3069 1544 3104 qui
1557 3078 1633 3104 pecus
1647 3070 1777 3096 discindit.
1796 3070 1890 3097 Festus.

89 3107 223 3139 antiquum.
293 3104 390 3131 Lucan.
416 3111 438 3136 ς,
457 3111 485 3136 55
505 3110 550 3129 etc.
587 3118 633 3123 ——
668 3103 817 3138 Fidumque
843 3112 889 3138 per
912 3112 984 3130 arma
1018 3103 1125 3129 Deiota·
1222 3112 1290 3133 DEL
1300 3111 1438 3138 APIDO,
1456 3109 1510 3132 are.
1545 3104 1728 3140 [εἰπολιθοίζω]
1764 3106 1829 3132 Cato
1843 3107 1912 3134 ΚΡ..
1925 3117 1948 3134 c.
1959 3111 1996 3142 46
2011 3110 2110 3137 Locum
2123 3110 2220 3146 delapi-

90 3146 163 3172 runi,
183 3145 208 3166 et
233 3139 336 3174 gelidae
358 3139 497 3165 dominum
519 3138 690 3174 Rhascipolin
711 3147 783 3166 orae.
854 3140 893 3166 De
911 3139 982 3166 Filio
997 3139 1125 3165 Deiotaro
1187 3141 1264 3174 dato,
1281 3144 1298 3167 i.
1313 3140 1437 3176 lapidibus
1444 3147 1570 3177 purgato,
1588 3147 1616 3167 vt
1628 3140 1774 3174 Elapidare.

89 3174 144 3200 Cic.
157 3175 210 3201 Ate.
223 3182 252 3207 ς,
268 3182 305 3209 ¹7·
1140 3182 1169 3211 ες
1222 3184 1265 3203 DE
1274 3185 1289 3203 L
1298 3184 1318 3203 A
1329 3183 1344 3202 1>
1356 3183 1392 3203 ID
1401 3182 1452 3203 A'r
1461 3183 1482 3203 A
1492 3196 1500 3209 ,
1532 3176 1663 3207 dicuntur,
1682 3176 1779 3210 Lapide
1798 3176 1875 3203 strata
1899 3178 1982 3205 Festo.
2019 3180 2097 3207 Gloss'.
2116 3180 2221 3217 Delapi-

127 3215 146 3235 D
155 3209 191 3236 Ei
199 3217 214 3236 P
222 3217 242 3236 H
253 3208 271 3236 ὅ
281 3217 297 3237 Β
306 3215 327 3235 V
338 3214 354 3236 S
361 3230 369 3242 ,
382 3210 409 3236 i.
430 3219 466 3236 m.
487 3209 648 3243 [Δηΐφοβος]
685 3210 781 3236 Priami
793 3216 817 3236 et
829 3209 939 3237 Hecubae
950 3209 1028 3244 filius.
1048 3209 1124 3243 Virg.
1186 3212 1244 3240 data
1263 3212 1412 3246 λιθόςρωτα,

93 3243 157 3269 Aen.
177 3247 204 3277 6,
223 3252 271 3278 500
291 3245 428 3280 Deiphobe
450 3245 610 3279 armipotens
618 3265 627 3278 ,
646 3254 726 3280 genus
748 3246 803 3272 alto
828 3254 842 3271 a
864 3246 988 3279 sanguine
1009 3245 1124 3271 Teucri.
1221 3255 1239 3274 D
1250 3255 1266 3274 F,
1274 3255 1289 3273 L
1299 3255 1321 3274 A
1329 3255 1344 3274 1³
1353 3255 1364 3274 s
1374 3254 1393 3273 v
1404 3255 1416 3274 s
1424 3266 1433 3279 ‚
1447 3246 1500 3272 vid.
1524 3252 1542 3272 D
1550 3252 1566 3273 E
1575 3251 1591 3271 L
1600 3250 1645 3273 AB
1655 3253 1674 3274 o
1683 3253 1713 3273 R.

93 3279 144 3304 Hic·
157 3279 243 3307 Paride
261 3288 369 3313 mortuo,
389 3282 505 3307 Helenam
525 3280 597 3306 duxit
615 3290 714 3307 vxorcm
727 3291 734 3306 :
777 3281 835 3308 Vid.
847 3281 931 3315 -Virg.
951 3283 979 3306 in
991 3281 1041 3306 loco
1054 3280 1124 3306 modo
1222 3290 1240 3310 D
1250 3291 1266 3310 Ε
1277 3290 1292 3308 L
1303 3291 1324 3310 Α
1333 3290 1346 3309 S
1355 3290 1367 3309 s
1377 3290 1412 3317 ο,
1431 3286 1482 3308 sire.
1519 3281 1666 3316 [κοπιάθω]
1709 3280 1785 3309 Valde
1798 3281 1892 3316 laffizre.
1926 3281 2008 3310 Plaut.
2022 3283 2090 3311 Afin.
2104 3293 2131 3318 ς,
2146 3295 2162 3313 2
2171 3308 2178 3320 ‚
2192 3297 2220 3315 22

91 3315 177 3339 simm-
243 3316 308 3342 Acer
321 3316 476 3351 Deiphobus
496 3317 563 3342 Hor·
576 3315 627 3342 Od-
641 3325 669 3349 4,
683 3325 707 3348 9,
720 3325 762 3342 22·
850 3315 994 3342 Priamides
1008 3315 1124 3350 Deipho-
1186 3318 1228 3345 Ibi
1242 3319 1333 3346 labore
1346 3318 1509 3349 delassatum,
1529 3322 1610 3343 totam
1624 3317 1729 3344 noGtem
1742 3317 1857 3345 stertere.
1958 3318 2067 3345 Delasset
2078 3329 2169 3348 omnes
2184 3324 2219 3350 fa-

93 3347 142 3374 b¹¹⁵
162 3347 236 3387 yjrg·
248 3351 311 3377 Aen·
325 3353 351 3384 6,
365 3360 428 3385 494·
501 3352 601 3377 Domus
615 3352 700 3386 ampla
712 3350 848 3386 Deiphobi
866 3352 940 3386 Virg·
956 3352 1106 3383 Aen.2,311.
1131 3364 1167 3389 90
1185 3354 1258 3381 bulas
1271 3356 1410 3381 Poetarum
1431 3352 1543 3379 Martial.
1558 3361 1596 3384 10,
1612 3360 1634 3385 ς.
1729 3354 1795 3379 Hor.
1809 3353 1858 3379 Sat.
1873 3362 1897 3385 1,
1911 3361 1937 3385 1,
1953 3362 1983 3387 14
2007 3355 2118 3382 Caetera
2132 3357 2163 3384 de
2179 3368 2221 3393 ge.

128 3390 147 3410 D
158 3389 173 3409 12·
183 3390 192 3408 1
201 3390 216 3409 P
225 3389 245 3409 H
254 3383 296 3410 61³
306 3393 337 3419 E,
357 3396 391 3414 CS-
419 3387 439 3413 f·
476 3386 629 3422 [Δηϊφόβῆ]
666 3389 760 3414 Nomen
768 3390 899 3422 proprium
921 3387 1024 3422 Sibyllae
1040 3387 1125 3413 Cuma·
1185 3399 1249 3417 nere
1263 3389 1314 3416 hoc
1329 3388 1412 3421 (adeo
1424 3389 1482 3414 sunt
1496 3387 1594 3420 inulta)
1610 3388 1747 3422 loquacem
1761 3389 1888 3414 Delass‘are
1904 3388 1992 3415 valent
2007 3388 2137 3418 Fabium.¹

91 3427 154 3450 nac,
172 3418 258 3458 Glauci
273 3419 357 3458 filiae,
375 3432 435 3458 quae
455 3425 562 3449 Aeneam
582 3421 615 3448 ad
640 3422 740 3459 Inferos
764 3423 844 3448 duxit.
881 3423 956 3457 Virg.
975 3423 1041 3449 Aen.
1056 3425 1080 3453 6,
1092 3424 1124 3454 36
1222 3425 1498 3456 DELASSATok,
1517 3423 1581 3449 oris.
1602 3433 1636 3449 m.
1671 3424 1752 3449 Marc.
1773 3423 1870 3456 Empir.
1908 3443 1914 3449 .
1952 3444 1958 3450 .

91 3453 208 3493 Phoebi,
226 3453 389 3493 Triuiaeque
402 3457 541 3490 Sacerdos,
576 3457 715 3492 Deiphobe
728 3458 830 3484 Glauci.
1220 3469 1240 3488 D
1250 3468 1266 3488 E
1276 3467 1292 3486 1,
1301 3468 1322 3488 A
1331 3468 1344 3487 S
1354 3466 1367 3486 s
1377 3466 1439 3486 ΑΒΙ
1450 3466 1521 3489 Lis,
1538 3467 1560 3484 e.
1596 3458 1657 3485 Adi.
1692 3458 1781 3484 Pee‘ius
1800 3457 1890 3484 Manil.
1904 3469 1931 3492 4,
1944 3467 2007 3492 240.

130 3496 148 3516 D
160 3496 193 3515 El
208 3493 277 3515 PHY
289 3495 345 3521 LE,
364 3501 398 3519 es.
437 3493 456 3519 f-
493 3492 645 3527 [Δηὶφύλη]
682 3493 784 3520 Adrasti
799 3493 870 3525 filia,
887 3491 979 3525 Tydei
993 3501 1077 3523 vxor,
1093 3500 1125 3518 ex
1222 3502 1424 3528 0151111011,
1446 3501 1638 3526 DELA‘rm,
1659 3493 1712 3519 vid.
1732 3499 1892 3519 DEFERO.

94 3533 149 3564 qiio
164 3522 322 3564 Diomeden}
336 3525 457 3561 suscepit,
477 3529 526 3563 qui
540 3529 569 3554 in
581 3528 651 3554 bello
662 3529 788 3556 Troiano
806 3529 834 3555 in
848 3528 947 3555 virtute
962 3528 1061 3562 primus
1069 3527 1125 3562 post
1138 3536 1171 3563 95
1223 3538 1267 3558 DE
1279 3538 1294 3557 L
1304 3530 1326 3559 Ᾱ
1337 3538 1357 3557 v
1369 3538 1405 3563 o,
1424 3530 1483 3561 fiui,
1501 3530 1591 3562 otum,
1610 3534 1660 3555 ire.
1695 3529 1868 3562 [zamrim-m]
1904 3528 1986 3555 Plaut.
2013 3529 2080 3559 Rud.
2107 3540 2133 3565 2,
2153 3541 2179 3568 7,
2191 3542 2221 3560 21

93 3562 198 3586 Aiacem
211 3565 237 3586 et
253 3559 383 3587 Achillem
394 3562 425 3588 ab
438 3564 557 3591 Homero
572 3564 707 3592 scribitur.
748 3564 806 3592 Vid.
822 3564 921 3598 Hygin.
943 3563 1005 3590 Fab.
1022 3566 1066 3597 69.
1102 3569 1125 3590 et
1186 3566 1244 3594 Eho
1262 3576 1296 3593 an
1316 3572 1342 3593 te
1363 3566 1497 3600 poenitet,
1531 3566 1562 3591 In
1580 3565 1647 3591 mari
1670 3562 1741 3597 quod
1762 3562 1866 3595 delaui,
1885 3572 1917 3590 ne
1929 3563 1972 3590 hic
1985 3565 2014 3591 in
2030 3572 2098 3593 terra
2113 3578 2220 3603 quoque

91 3595 193 3622 Dtotlor.
204 3605 229 3630 5,
242 3598 266 3621 6.
296 3608 299 3611 ·
1185 3603 1272 3629 elnam
1285 3603 1294 3628 ζ
1328 3603 1475 3636 Antiquam.
1569 3601 1625 3625 Alii
1636 3608 1687 3625 cum
1707 3598 1817 3624 Turnebo
1824 3597 1928 3634 Aduers
1942 3609 1978 3632 21,
1992 3610 2019 3627 12
2036 3603 2121 3638 legunt
2132 3604 2221 3632 Elaui:

127 3637 148 3658 D
159 3636 290 3662 EITAS,
311 3629 362 3656 vid·
383 3636 485 3670 DEVS.
1185 3638 1249 3674 quod
1259 3637 1331 3664 habet
1343 3640 1415 3663 etiam
1429 3637 1504 3662 Gran.
1540 3635 1586 3662 Sed
1598 3634 1648 3659 vid·
1662 3632 1755 3659 032ss
1769 3634 1835 3660 Hor·
1851 3643 1868 3665 ¹,
1884 3643 1893 3660 Ι
1908 3641 1930 3660 et
1940 3644 1967 3669 4-
2006 3637 2078 3670 Apic.
2094 3643 2116 3669 8,
2125 3647 2150 3673 7.

128 3673 146 3693 1)
155 3673 172 3693 E
181 3674 190 3692 1
199 3672 220 3691 v
229 3672 251 3692 G
259 3673 268 3692 1
276 3673 289 3693 s
299 3685 307 3697 ‚
328 3674 350 3691 e.
370 3664 430 3691 Adi.
464 3668 568 3696 Vertice
580 3676 648 3704 nunc
663 3670 766 3696 summo
777 3675 932 3705 properant,
949 3678 1018 3696 nunc
1030 3669 1126 3703 deiuge
1222 3679 1240 3699 D
1249 3680 1266 3700 E
1275 3680 1291 3699 1.
1303 3678 1322 3698 o
1333 3679 1354 3698 T
1363 3679 1384 3698 v
1393 3679 1405 3698 s
1414 3691 1422 3702 ,
1442 3680 1466 3702 a,
1485 3679 1537 3696 um.
1557 3669 1649 3696 Partic.
1684 3669 1831 3703 eoagulum
1843 3669 1941 3704 leporis
1953 3679 1967 3696 e
1979 3671 2044 3698 vino
2058 3675 2141 3700 veteri
2149 3674 2220 3700 delo.

92 3701 172 3728 dorso
190 3702 286 3727 Auson.
298 3700 408 3727 Mosella
424 3701 479 3733 164.
495 3705 513 3728 i.
526 3704 613 3731 declini
626 3716 633 3730 :
659 3705 756 3741 iugum
764 3708 828 3732 enim
841 3708 932 3731 montis
943 3707 1104 3731 continuatio.
1132 3713 1241 3735 motum
1263 3707 1321 3735 Οᾶ,
1334 3709 1428 3734 Horat.
1444 3715 1469 3740 1,
1485 3714 1512 3737 4.

126 3743 145 3763 D
154 3744 171 3764 E
181 3743 190 3762 1
199 3735 221 3763 ἤ
229 3743 250 3763 G
259 3742 278 3763 Ο
288 3755 297 3768 ,
318 3740 368 3762 Ere.
403 3735 562 3772 [οἶποζυγόω]
596 3742 754 3776 Disinngere.
790 3740 916 3767 Pacuuius
934 3741 1046 3772 Chryse,
1066 3740 1124 3766 Per·
1222 3750 1240 3771 ῃ
1249 3751 1266 3771 E
1274 3751 1290 3770 L
1298 3750 1315 3770 E
1325 3750 1341 3770 B
1349 3750 1358 3768 1
1367 3749 1382 3768 L
1393 3750 1423 3769 IS
1432 3761 1440 3773 ‚
1457 3740 1510 3766 vid.
1533 3745 1550 3764 D
1560 3745 1576 3764 E
1585 3745 1600 3764 L
1610 3745 1626 3765 E
1635 3744 1663 3765 O.
2127 3773 2129 3775 ι

93 3779 144 3806 que
163 3772 277 3799 nostram
295 3771 427 3806 egregiam
444 3771 656 3807 vnanimitatem‚
675 3785 754 3810 quam
772 3776 901 3802 memoria
922 3775 1041 3810 deiugat‚
1058 3774 1126 3811 apud
1222 3784 1342 3805 DELEC
1354 3784 1375 3803 'r
1386 3785 1420 3808 ο,
1442 3781 1492 3801 Cure.
1527 3773 1691 3807 [ἐπείγομαι]
1726 3780 1744 3802 a
1756 3774 1876 3807 Delicio,
1892 3786 1925 3802 an
1938 3786 1952 3802 a
1966 3776 2046 3804 Laclo
2061 3778 2070 3802 ἓ
2105 3776 2140 3810 2st
2159 3785 2220 3813 pro-

91 3807 211 3834 Nonium
224 3809 312 3840 2,256.
332 3809 373 3843 qui
386 3810 579 3842 interpetatur,
597 3810 761 3846 Deiungere,
780 3812 912 3845 separare,
926 3810 1069 3837 diffociare.
1179 3818 1238 3850 prie
1252 3814 1353 3840 Illicere
1366 3819 1389 3838 et
1400 3809 1547 3837 Attrahere.
1583 3810 1681 3837 Ennius
1693 3809 1810 3842 Thyeste
1837 3831 1844 3837 .
1875 3831 1881 3837 .
1919 3812 1967 3838 Sed
1987 3822 2028 3838 me
2050 3814 2146 3846 Apollo
2166 3814 2219 3847 ipse

126 3849 188 3869 DEI
198 3849 278 3870 VNG
288 3849 323 3873 Ο,
364 3843 444 3875 unxi,
483 3841 606 3875 inustum,
642 3848 695 3872 ere.
740 3846 926 3881 [οέπσςέυγνῦω]
963 3849 1123 3882 Disiungere.
1185 3850 1312 3881 deletitat,
1332 3847 1433 3877 duc‘tat,
1455 3843 1605 3878 Delphicus.
1640 3844 1831 3880 Quadrigarius
1845 3847 1987 3874 Annalium
2000 3847 2016 3872 l.
2032 3857 2058 3879 4.
2078 3848 2172 3874 Fabius
2186 3847 2219 3873 de

88 3874 170 3908 Plaut·
184 3877 251 3905 Afin-
264 3886 288 3912 3,
302 3886 325 3911 3,
338 3885 370 3912 75
389 3878 432 3906 Nc
445 3886 492 3905 nos
506 3877 617 3913 deiunge
628 3887 749 3908 amantes.
819 3882 876 3910 Cic.
890 3882 922 3911 de
936 3882 997 3910 Nat.
1011 3883 1092 3910 Deor.
1103 3891 1123 3916 1,
1132 3885 1261 3920 105noe'te
1273 3884 1360 3919 coepit
1372 3880 1582 3944 hostibuchastra
1597 3881 1716 3910 {imulare
1729 3889 1895 3916 oppugnare,
1908 3888 1973 3915 >eum
1992 3882 2092 3909 hostem
2112 3882 2221 3910 deiecta-

1544 3924 1562 3942 2.
2180 3927 2220 3949 fe,
