2479 4225
284 170 340 207 2¹3
672 146 710 186 D
789 145 805 184 1
885 142 911 182 S
1780 128 1818 168 D
1909 129 1925 170 1
2018 130 2045 171 S
2284 101 2414 173 ·216>

285 245 357 271 ,imo
371 242 395 268 ei
409 236 558 266 concinenti.
628 234 691 261 Fide
703 232 770 268 patri
783 227 965 257 dissimillimus
982 223 1049 250 Vell.
1064 232 1089 255 2,
1096 230 1136 257 73.
1207 220 1258 246 Suo
1266 225 1309 252 ge·
1369 223 1395 259 eg
1409 217 1508 260 iniuria
1515 223 1540 246 et
1552 217 1736 259 sceleratorum
1750 215 1891 245 hominum
1899 218 1978 260 furor
1991 219 2144 261 detrahere,
2161 206 2411 261 eripuitQabstuli't,

285 279 343 306 neri
358 274 481 303 djffimilis
495 272 572 305 virgo
592 270 677 297 Senec.
689 269 716 295 in
730 265 854 294 Phoeniss'.
868 269 902 292 81.
972 258 1041 286 Add.
1061 259 1119 285 Sen.
1136 256 1168 283 de
1180 256 1219 282 Ira
1234 263 1255 286 3,
1270 261 1307 292 17-
1369 253 1506 289 dissipauit.
1578 256 1633 281 Cic.
1649 262 1676 280 m
1689 254 1763 281 Orat.
1775 261 1820 286 235
1833 262 1853 279 c.
1867 261 1895 288 71
1916 256 2029 283 Facilius
2044 255 2079 282 est
2092 264 2163 281 enim
2183 261 2242 290 apta
2262 256 2409 286 diffluere,

287 315 318 340 (ζ’
357 312 399 337 Att
420 318 435 335 2
457 313 469 338 8
490 308 541 333 Aut
554 304 753 340 quiescendum,
773 300 843 335 quod
856 297 890 323 est
904 302 957 321 non
970 293 1105 325 diffimile,
1126 298 1203 325 atque
1226 290 1264 315 ire
1279 297 1308 314 111
1371 298 1449 322 quam
1466 290 1580 324 dissipata
1593 289 1756 316 connectere.
1807 324 1811 328 η
1864 289 1920 317 Cic.
1933 290 1964 317 de
1976 292 2049 318 Orat.
2065 299 2083 321 ¹,
2099 296 2143 325 187
2162 291 2260 318 Omnia
2272 292 2328 318 fere
2342 299 2409 326 quae

286 349 300 374 S
311 322 418 372 liconiiiiii
437 331 490 369 'aut
501 342 618 369 Antium.
723 334 858 364 Diffimilia
872 332 940 357 inter
953 329 978 355 se
999 331 1083 356 Varro
1097 328 1127 354 de
1141 328 1170 352 R.
1186 326 1215 351 R.
1228 333 1247 355 1,
1283 342 1289 350 .
1372 325 1430 363 funt
1443 326 1562 352 conclusa
1576 335 1643 353 nunc
1655 325 1770 357 artibus,
1786 323 1899 358 dispersa
1910 331 1936 353 et
1948 326 2062 361 diffipata
2084 326 2216 360 quondam
2235 327 2361 359 fuerunt,
2379 332 2411 353 vt

285 357 330 408 Cic
354 380 385 405 de
398 363 458 405 cl’ar
482 378 556 404 Orat.
571 385 622 409 294
635 384 655 401 c.
670 378 696 405 83
716 373 804 404 Quum
827 368 874 393 sint
901 365 947 399 ipsi
971 363 1134 391 dissimillimi
1157 362 1225 400 inter
1239 360 1310 399 sese.
1334 367 1347 393 5
1373 368 1402 385 111
1415 360 1518 387 muficis
1531 362 1637 388 numeri
1649 368 1675 388 et
1687 368 1764 386 voces
1779 366 1803 386 et
1818 359 1902 399 modi.
2016 363 2072 389 Cic,
2088 362 2187 395 Att.15‚
2200 370 2222 388 11
2241 362 2346 389 prorsus
2360 361 2410 388 dis.

283 418 314 443 In
325 401 353 441 re
365 414 399 440 ali
420 398 575 439 ua.mulmm
589 409 715 436 diffimsses
734 407 799 432 Hor.
812 401 889 435 Epist,
905 409 924 433 1,
938 408 976 432 10,
991 409 1015 426 2.
1087 396 1221 436 Dislinulis
1237 404 1265 435 111
1280 395 1312 435 il·
1376 394 1491 435 solutum
1506 396 1605 423 offendi
1617 397 1772 430 nauigium,
1787 395 1830 422 vel
1845 402 1933 430 potius
1945 395 2099 432 dissipatum.
2169 397 2311 432 Dissipari,
2327 397 2413 424 extin-

285 452 337 477 lum
370 423 418 484 pr}
433 449 506 475 Illius
536 448 576 473 vel
590 445 640 471 Illi.
677 441 766 468 Tacit.
778 439 843 465 Ann.
860 445 884 468 2,
898 445 928 468 39
949 436 1044 462 Forma
1063 434 1131 460 haud
1153 431 1266 471 dissimili
1284 438 1313 456 m
1375 439 1437 464 gui,
1454 429 1557 471 dissolui
1582 432 1637 459 Cic.
1666 432 1750 459 Tusc.
1782 439 1806 461 1,
1825 438 1863 468 17.
1969 432 2041 459 Idem
2057 433 2088 459 dc
2103 432 2138 459 N.
2153 432 2183 459 D.
2198 441 2223 464 2,
2236 442 2266 466 41
2285 433 2413 468 Idemque

284 470 420 512 dominum
435 489 497 510 erat,
513 467 522 480 ⁹
602 476 769 505 Dissimilior,
787 479 810 498 et
823 471 1022 503 diffimillimus,
1041 477 1069 496 vt
1083 467 1239 496 Diffimillor
1255 465 1312 492 illa·
1375 473 1534 500 quocunque
1547 467 1655 500 1nuasit,
1672 467 1766 494 cuneta
1789 465 1916 493 disturbat
1939 474 1968 491 ac
1987 467 2096 503 dissipat.
2193 468 2254 494 Stat.
2273 468 2337 494 Silu.
2353 477 2376 501 3,
2390 477 2413 499 2,

284 529 342 546 rum
363 520 418 546 (ἧς,
428 518 504 545 Acad,
519 526 537 549 4
549 525 568 541 c.
583 522 626 546 40.
712 507 884 536 Dislimillimi
898 508 1006 534 suorum
1027 505 1083 532 Cic.
1099 513 1148 539 pro
1164 502 1268 529 Cluent.
1282 505 1312 531 28
1373 503 1406 534 56
1425 501 1521 527 Saeuus
1533 501 1580 528 vbi
1600 511 1615 529 e
1637 503 1718 537 puppi
1750 502 1829 537 longo
1850 501 1965 528 clamore
1983 504 2104 537 magister
2139 503 2249 538 Dissipat
2269 504 2414 540 amplexus,

283 564 295 582 c
320 556 346 581 ,6
424 553 490 581 Add.
504 550 540 577 ld,
555 548 618 575 phil,
633 553 648 573 2
661 555 682 572 ς,
693 553 737 577 24.
766 540 774 545 ’
1296 571 1302 576 θ
1330 543 1358 562 10
1375 542 1453 571 atque
1468 535 1555 562 oscula
1570 536 1620 564 fida
1633 538 1757 570 reticuit,
1774 541 1792 564 i.
1807 537 1928 574 discedere
1942 536 2008 563 iubet
2020 541 2198 573 amplexantes,
2213 540 2317 566 alterum
2331 542 2358 564 in
2369 548 2413 565 na.

298 575 304 581 *
318 596 336 616 D
348 596 356 615 1
370 595 403 615 ss
412 597 422 615 1
430 596 454 614 Μ
464 596 472 614 1
482 594 497 612 L
508 584 520 611 ἱ
528 591 572 611 TE
584 589 612 609 R.
639 582 705 608 Adu.
740 575 887 612 [αἷνομοίως]
922 577 978 604 Cic.
998 574 1078 602 Tusc.
1094 584 1126 608 4,
1140 581 1173 600 22
1198 573 1315 612 Caeteri-
1376 575 1428 598 vim
1442 572 1497 598 dum
1511 578 1603 611 uocat..
1661 574 1716 600 Cic.
1731 575 1802 601 Fani.
1818 582 1855 605 12,
1870 582 1898 606 14
1919 572 2139 607 Quandoquidem
2152 574 2236 600 classis
2251 574 2370 609 dissipata
2377 573 2414 600 est

282 634 333 659 que
347 623 498 651 djffimjlfiter
510 618 616 650 morbi,
636 614 881 650 aegrotationesque
895 613 1051 639 morborum
1065 611 1214 637 nascuntur.
1257 608 1314 633 Dis·
1376 607 1503 634 aduentus
1521 606 1606 633 nostri
1623 607 1720 636 timore
1735 620 1741 635 :
1776 609 1889 641 milites,
1920 608 2050 643 ducesque
2069 609 2223 643 effugerunt.
2330 611 2414 637 Curas

282 660 402 687 similiter
421 663 495 690 atque
515 654 532 680 si
545 653 596 685 ,sub
616 648 730 679 custodia
750 657 808 675 mea
822 648 852 674 sit
878 648 981 674 Paullus
995 647 1052 673 inl.
1067 655 1079 679 3
1094 644 1117 682 6.
1132 645 1224 671 Nerua
1237 643 1269 669 D.
1283 642 1315 669 de
1375 643 1475 683 edaceis
1489 642 1612 677 dissipare
1630 643 1696 670 Hor.
1711 645 1798 671 Carm.
1813 653 1837 675 2,
1851 653 1883 676 11,
1899 651 1936 678 17.
2008 644 2064 670 Cic.
2078 644 2109 670 de
2123 646 2228 672 Amicit.
2238 652 2324 680 2407
2339 647 2415 679 Qiae

281 692 429 729 acquirend.
443 690 535 725 possess.
649 684 812 712 Diffimiliter
831 683 961 709 iudicatae
981 691 1022 709 res
1047 682 1077 708 A.
1092 681 1124 707 ad
1138 681 1202 706 Her.
1217 688 1232 705 z
1246 688 1267 718 c.
1282 686 1315 710 13.
1376 687 1406 704 in
1422 687 1512 705 rerum
1526 682 1623 717 natura.
1630 683 1740 713 totoque
1752 679 1852 706 mundo
1864 679 2026 712 constarent,
2046 688 2165 714 quaeque
2176 687 2366 713 mouerentur,
2385 689 2417 707 ea
2435 695 2438 700 .

283 731 341 757 Liu.
355 737 396 762 27,
408 732 439 759 48
458 725 525 751 Dein
545 722 704 749 decrescente
722 719 866 746 certamine
886 724 911 745 et
925 719 1056 749 clamore,
1079 717 1239 750 impotentes
1261 723 1315 740 iam
1334 722 1359 747 15
1377 713 1533 740 contrahere
1547 713 1707 746 amicitiam,
1725 714 1848 750 dissipare
1863 715 2031 742 discordiam.
2122 715 2227 743 Famam
2250 717 2361 743 alicuius
2375 716 2416 743 rei
2435 725 2448 729 ”

282 766 337 799 regi
371 764 438 788 inter
452 760 513 786 duas
524 759 591 785 acies
605 756 718 788 versari,
738 754 812 780 velut
826 754 921 781 incerti
933 762 1049 788 quorum
1067 753 1160 782 essent,
1182 749 1250 777 haud
1265 749 1314 775 dis-
1377 749 1501 784 dissipare
1526 749 1581 776 Cic.
1596 748 1708 783 Philipp.
1722 758 1761 783 14,
1775 759 1800 783 15
1814 760 1834 777 c.
1849 753 1874 776 6.
1893 754 1912 776 ι’.
1926 752 2073 786 Diuulgare.
2114 750 2173 778 Vid.
2193 752 2339 785 Rumores,
2359 752 2415 778 Ser-

281 784 397 826 fimil'iter
428 795 539 821 nauibus
570 792 622 819 sine
656 789 835 826 gubernaculo
864 789 947 823 vagis.
1018 787 1088 816 Add.
1113 787 1223 814 Vitruu.
1244 790 1272 817 8,
1293 793 1314 817 3-
1379 793 1469 811 mones
1482 784 1612 819 disfipare.
1659 819 1664 824 ¹
1696 785 1822 811 Fortunas
1836 785 1961 820 dissipare
1981 787 2038 813 Cic.
2054 787 2126 813 Fam.
2140 795 2168 820 4,
2184 795 2217 818 13.
2306 787 2417 814 Frufilus

282 833 347 861 Gen,
362 837 394 863 18,
413 839 448 857 12.
1378 821 1436 847 suos
1451 820 1583 847 effundere
1597 829 1626 846 ac
1639 819 1762 854 dissipare
1780 821 1836 846 Cic.
1850 821 1882 847 de
1894 822 1963 855 Lege
1978 823 2041 856 Agr.
2055 827 2093 852 88.
2181 822 2275 849 Hostes
2294 822 2418 857 dissipare

314 874 331 893 D
344 874 351 892 l
364 873 376 891 S
385 874 397 892 S
410 873 419 891 1
430 871 453 890 M
465 871 473 889 1
484 871 500 890 L
511 870 521 889 1
534 869 556 889 Τ
566 863 588 889 V
597 868 615 888 D
625 868 643 888 O
652 882 660 894 ,
681 861 741 887 inis.
762 860 782 886 f.
816 859 928 886 Denom.
966 856 1143 893 [οἷνομοιότης,
1161 856 1315 895 οἷνομοῖωσιςλ
1378 864 1408 882 at:
1419 861 1566 890 perterrere
1586 856 1658 881 Caes,
1672 856 1699 881 Β,
1714 856 1746 881 G,
1761 857 1789 887 6,
1801 864 1842 889 34,
1931 859 1963 884 Et
1977 858 2037 884 Liu.
2051 866 2096 892 27³
2132 877 2138 883 ¹
2177 877 2184 883 ⁴
2219 857 2341 892 Disfipati
2354 859 2419 893 fuga

279 903 333 929 Cic.
347 900 422 927 Acad.
435 907 503 932 4,14
522 898 599 924 Tum
612 896 810 927 similitudines,
829 894 1113 927 dissimilitudinesque.
1151 893 1191 919 Sic
1205 891 1363 930 Dillinu-zo
1377 900 1423 926 per
1436 900 1520 926 agros.
1593 892 1742 917 Humorem
1756 890 1894 924 dissipare,
1910 891 1943 924 est
1957 893 2022 928 quod
2034 893 2106 919 verbo
2119 894 2168 919 alio
2181 892 2284 925 dicitur,
2299 895 2424 931 Digeren*

277 936 400 964 litudines
414 934 561 961 studiorum
581 934 636 960 Cic.
651 934 727 958 Verr.
740 940 761 964 3,
776 938 811 963 35.
882 929 1001 956 Varietas
1014 927 1249 961 dissimilitudoque
1257 927 1314 952 Cic.
1378 926 1499 953 humorem
1517 926 1584 953 Cels.
1600 934 1621 958 5,
1636 931 1675 956 28.
1764 926 1916 953 Inflationes
1935 927 1964 954 in
1975 929 2030 962 ipsa
2042 928 2200 955 distentione
2212 927 2334 962 dissipare
2352 929 2419 965 Sexis

277 972 308 998 de
322 972 412 998 Diuin.
428 979 440 996 2
453 979 474 996 c.
488 972 530 1003 46.
578 968 616 995 Id.
631 968 682 995 Off.
697 976 717 1000 1,
732 975 777 999 109
799 975 820 991 c.
834 974 865 998 3ο
885 964 1094 991 Innumerabiles
1109 963 1176 990 aliae
1189 961 1312 989 dissimili-
1379 961 1443 988 bon.
1457 968 1497 995 89.
1515 966 1532 989 i.
1547 961 1677 998 discutere.
1748 961 1874 988 Futuram
1887 962 2099 997 suppurationem
2113 964 2234 998 dissipare
2253 966 2310 996 263.
2361 964 2419 992 Cic.
2462 986 2464 988 ,

277 1007 379 1034 tudines
402 1007 459 1032 sunt
479 1011 588 1031 naturae
607 1011 780 1037 morumque,
809 1001 920 1027 minime
950 1006 1038 1027 tamen
1070 998 1315 1034 vituperandorum.
1377 996 1410 1023 de
1418 998 1496 1032 Orat.
1511 1007 1532 1029 2,
1548 1006 1593 1030 142
1614 997 1751 1023 Pollicitus
1766 998 1791 1023 se
1806 998 1847 1023 ius
1860 997 1955 1029 ciuile,
1974 999 2046 1034 quod
2058 1009 2126 1026 nunc
2139 999 2264 1025 diffusum
2277 1005 2303 1025 et
2316 999 2421 1035 dissipa-

277 1043 332 1069 cic.
346 1042 397 1068 Off.
412 1050 432 1074 1,
446 1048 492 1075 107
508 1041 542 1067 Vt
557 1040 626 1066 enim
640 1040 667 1065 in
685 1036 841 1072 corporibus
866 1044 974 1070 magnae
997 1033 1219 1061 dissimilitudines
1243 1034 1316 1060 sunt:
1377 1039 1435 1059 tum
1448 1033 1498 1065 est,
1513 1034 1542 1060 in
1563 1040 1632 1059 certa
1652 1042 1746 1067 genera
1766 1032 1935 1065 coacturum,
1953 1040 1979 1060 et
1996 1034 2028 1061 ad
2045 1041 2127 1062 artem
2145 1035 2223 1062 facile
2243 1034 2420 1062 redacturum.

276 1078 341 1105 alios
354 1078 425 1104 enim
438 1076 574 1107 videmus,
593 1082 638 1101 etc.
674 1073 706 1100 fic
728 1075 756 1099 in
768 1072 863 1099 animis
877 1072 992 1099 existunt
1006 1071 1122 1097 maiores
1136 1070 1215 1096 etiam
1229 1070 1315 1096 varie·
1329 1077 1360 1103 23
1379 1069 1435 1095 Cic.
1450 1077 1498 1103 pro
1511 1069 1595 1095 Planc.
1610 1076 1641 1103 57
1655 1077 1675 1094 c.
1690 1077 1719 1100 23
1753 1068 1833 1095 Nihil
1854 1068 1890 1094 est
1908 1074 1996 1095 autem
2014 1076 2067 1096 tam
2079 1071 2197 1103 volucre,
2210 1079 2290 1105 quam
2310 1070 2420 1098 maledi.

277 1120 349 1140 tates.
441 1112 494 1138 Cic.
509 1111 540 1137 de
554 1111 617 1136 Fato
629 1114 642 1139 8
663 1110 697 1135 At
709 1109 780 1134 enim
794 1108 922 1142 quoniam
937 1108 965 1133 in
978 1106 1079 1133 naturis
1092 1105 1233 1132 hominum
1248 1104 1315 1131 dilli-
1378 1104 1450 1130 6111111
1466 1115 1471 1130 :
1505 1104 1575 1132 nihil
1603 1104 1708 1130 facilius
1728 1104 1876 1136 emittitur,
1896 1103 1965 1130 nihil
1991 1105 2068 1132 citius
2086 1107 2234 1141 excipitur,
2254 1106 2322 1132 nihil
2342 1106 2421 1133 latius

277 1147 440 1175 militudines
454 1148 525 1178 sunt,
546 1151 574 1171 vt
587 1145 651 1171 alios
664 1144 768 1176 dulcia,
785 1143 851 1170 alios
864 1143 999 1170 subamara
1012 1141 1158 1174 delectent,
1175 1148 1220 1168 etc.
1257 1141 1315 1167 Cic.
1378 1139 1523 1174 dissipatur.
1594 1140 1676 1167 Ouid.
1690 1140 1776 1166 Trist.
1791 1148 1811 1172 3,
1831 1148 1857 1172 9,
1873 1147 1907 1174 27
1937 1141 2023 1174 Atque
2054 1142 2090 1168 ita
2126 1142 2247 1173 diuellit,
2266 1141 2422 1177 diuulsaque

278 1184 309 1210 de
323 1185 395 1210 Orat.
411 1192 430 1215 1,
445 1190 492 1214 252
506 1191 526 1207 c.
540 1189 569 1213 59
590 1181 663 1206 Hanc
678 1179 757 1206 habet
770 1179 802 1205 ab
817 1179 871 1206 illis
884 1178 962 1205 rebus
975 1177 1222 1204 diffimilitudinem.
1259 1176 1315 1203 Cic.
1378 1175 1498 1202 membra
1511 1184 1558 1210 per
1572 1184 1649 1210 agros
1684 1175 1812 1209 Dissipat,
1833 1175 1862 1201 in
1879 1175 1970 1202 multis
1984 1176 2145 1204 inuenienda
2158 1176 2237 1209 locis,
2255 1177 2283 1204 de
2295 1177 2385 1204 Medea
2397 1183 2423 1204 et

277 1220 348 1246 Fam.
363 1228 388 1250 2,
403 1227 429 1244 12
443 1220 502 1249 (13)
523 1217 610 1242 Genus
629 1214 811 1242 institutorum
830 1220 855 1241 et
869 1215 1005 1241 rationum
1026 1222 1146 1240 mearum
1159 1212 1315 1239 dissimilitu·
1373 1211 1465 1248 fratre
1476 1214 1527 1237 eius
1538 1211 1657 1247 Absyrto.
1708 1211 1800 1237 Nexus
1814 1210 1939 1245 dissipare
1957 1211 2044 1240 Valer.
2060 1213 2158 1248 Argon.
2172 1219 2199 1247 7,
2213 1215 2270 1240 626.
2341 1213 2423 1240 Patri-

279 1255 366 1281 dinem
374 1253 525 1279 nonnullam
539 1251 617 1278 habet
630 1259 688 1277 cum
701 1250 773 1277 illius
784 1250 1014 1277 administratione
1034 1249 1199 1284 prouinciae.
1330 1255 1362 1280 30
1380 1247 1501 1274 monium
1515 1246 1637 1282 dissipare
1651 1247 1784 1273 conuiuiis
1804 1246 1860 1273 Cic.
1875 1255 1924 1280 pro
1937 1246 2019 1274 Flacc.
2035 1256 2078 1280 90.
2150 1248 2191 1275 Sic
2202 1248 2334 1283 Disfipare
2346 1257 2424 1283 pecu-

312 1296 329 1315 1)
341 1296 350 1314 1
361 1296 373 1315 s
383 1296 395 1315 s
407 1295 413 1313 1
425 1286 501 1314 111171,
512 1293 547 1319 0,
566 1290 618 1312 are.
655 1285 839 1321 [ᾄρωκύομαι]
876 1283 909 1319 est
926 1286 1044 1322 Fingere,
1065 1284 1093 1310 id
1106 1294 1153 1311 non
1173 1283 1230 1318 effe,
1251 1280 1317 1318 quod
1379 1283 1453 1310 niam
1473 1283 1529 1309 Cic.
1541 1284 1579 1317 Q
1591 1284 1676 1309 Fratr.
1690 1291 1710 1315 1,
1724 1291 1746 1315 3.
1836 1282 2001 1309 Poss'esfiones
2019 1282 2170 1318 disperdere
2184 1292 2213 1310 ac
2225 1284 2348 1318 dissipare
2363 1284 2423 1312 Cic.

276 1322 317 1357 est.
355 1324 433 1349 Plaut.
446 1322 528 1349 Milit.
542 1331 570 1355 4,
582 1331 607 1354 2,
620 1330 635 1348 2
654 1320 824 1348 Dislimulabo
838 1321 885 1348 hos
900 1320 970 1356 quasi
984 1330 1038 1347 non
1056 1320 1169 1346 videam.
1241 1318 1315 1345 Idem
1379 1318 1412 1344 de
1426 1319 1495 1353 Lege
1509 1319 1571 1353 Agr.
1586 1327 1595 1344 1
1615 1327 1636 1344 c.
1652 1327 1671 1344 1.
1779 1318 1845 1344 Rem
1860 1318 2020 1345 familiarem
2035 1318 2159 1353 dissipare
2188 1319 2245 1346 Cic.
2264 1320 2336 1346 Fam.
2355 1328 2384 1353 4,
2396 1327 2423 1355 7.

274 1360 351 1386 Poen.
366 1358 432 1384 Prol.
447 1366 486 1384 112.
506 1358 535 1385 Et
548 1358 570 1384 is
584 1366 675 1383 omnes
688 1357 788 1392 linguas
802 1358 865 1389 scit,
883 1357 926 1383 sed
940 1355 1078 1383 dissimulat
1097 1356 1178 1382 sciens
1199 1356 1223 1381 se
1242 1354 1316 1381 scire.
1380 1355 1510 1381 Rumores
1523 1353 1646 1388 dissipare
1667 1353 1721 1380 Cic.
1736 1352 1850 1388 Philipp.
1868 1361 1908 1386 14,
1945 1374 1950 1379 .
1988 1374 1994 1380 .
2032 1357 2050 1380 i.
2069 1356 2216 1390 Diuulgare.
2286 1355 2426 1382 Sermones

274 1395 315 1423 sic
329 1393 491 1420 Diffimulare
507 1392 700 1427 aegritudinem
713 1393 797 1419 animi
818 1393 879 1419 Liu.
895 1401 915 1425 1,
930 1401 955 1425 9.
1035 1391 1200 1418 Diffimulare
1213 1390 1317 1416 silentio
1378 1390 1433 1417 Cic.
1448 1391 1543 1417 Verr.1
1556 1399 1576 1416 c.
1585 1391 1610 1416 6.
1683 1390 1715 1415 Et
1729 1389 1806 1424 ellipt.
1827 1390 1872 1416 Te
1886 1388 2047 1416 subrostrani
2062 1390 2217 1424 dissiparunt
2228 1390 2333 1425 periisse
2352 1389 2425 1417 Cael.

273 1437 403 1464 acceptam
415 1429 540 1455 iniuriam
561 1428 694 1462 Quinctil.
710 1436 730 1461 5,
746 1436 779 1460 13.
883 1428 939 1455 Cic.
955 1436 1004 1462 pro
1017 1427 1086 1454 Sext.
1100 1435 1127 1459 35
1154 1428 1242 1461 anue
1263 1434 1317 1452 non
1334 1429 1361 1456 35
1379 1425 1411 1452 ad
1426 1425 1482 1452 Cic.
1497 1426 1565 1452 Fam.
1580 1430 1603 1457 8,
1617 1433 1626 1451 1
1639 1431 1705 1451 extr.
1740 1424 1814 1459 Cemf.
1823 1425 1929 1451 Famam
1940 1425 2073 1460 dissipare.
2144 1426 2262 1454 Statuam
2274 1425 2426 1458 deturbare,

274 1465 377 1491 silentio
391 1464 535 1491 Consulum
548 1463 785 1495 dissimularentur,
804 1463 846 1490 sed
860 1469 885 1489 et
898 1472 963 1489 voce
976 1467 1001 1489 et
1014 1463 1141 1489 sententia
1162 1461 1317 1496 comproba·
1378 1461 1510 1495 affligere,
1528 1460 1727 1492 comminuere,
1745 1460 1869 1495 dissipare
1897 1461 1952 1487 Cic.
1966 1461 1994 1487 in
2009 1462 2093 1488 Pison.
2108 1470 2147 1494 93.

273 1508 374 1528 rentur.
445 1501 500 1527 Cic.
516 1500 569 1525 Att.
580 1508 598 1531 1,
619 1507 642 1531 13
662 1498 741 1525 Nihil
755 1497 823 1524 mihi
837 1507 904 1525 nunc
919 1499 985 1524 scito
998 1504 1051 1524 tam
1065 1497 1162 1528 deesse,
1181 1506 1260 1532 quam
1269 1497 1316 1523 ho·
1414 1503 1473 1523 DIS
1483 1503 1515 1523 31
1527 1504 1542 1522 Ρ
1552 1504 1572 1523 Α
1582 1503 1641 1527 NS,
1660 1497 1736 1522 antis.
1756 1497 1823 1522 Part.
1859 1496 1941 1531 Vulg.
1961 1497 2074 1532 Interpr.
2093 1496 2186 1524 Ezech.
2201 1504 2229 1532 7,
2248 1505 2272 1524 u
2306 1497 2425 1525 Ventum

274 1537 372 1563 minem
386 1545 456 1567 eum,
476 1544 590 1569 quocum
603 1535 778 1568 omnia,quae
794 1542 835 1559 me
854 1542 915 1560 cura
927 1533 1016 1567 aliqua
1028 1531 1162 1565 afficiunt,
1183 1542 1234 1558 vna
1247 1541 1317 1558 com-
1378 1531 1490 1567 percelle
1505 1531 1679 1565 dissipantem.
1715 1531 1790 1566 Conf.
1809 1532 1886 1558 Prou.
1902 1537 1937 1564 18,
1951 1540 1976 1564 9.
2371 1561 2375 1563 ,

276 1572 425 1603 municem,
445 1571 490 1604 qui
510 1579 552 1595 me
577 1576 660 1602 amet,
681 1571 728 1604 qui
750 1570 846 1603 sapiat,
867 1570 977 1604 quicum
998 1577 1047 1602 ego
1066 1567 1220 1602 colloquar,
1244 1567 1315 1592 nihil
1412 1573 1431 1592 1)
1444 1568 1676 1598 1331ΡᾸΤν3,
1694 1575 1725 1598 a,
1745 1575 1799 1592 um.
1820 1567 1887 1593 Part.
1923 1564 2123 1600 [ὃιοισκεδαιθεὶς]
2164 1567 2215 1599 Vt,
2241 1566 2335 1594 Hostes
2353 1565 2426 1594 dissi·

276 1607 389 1641 fingam,
408 1605 474 1631 nihil
501 1604 670 1637 diffimulem,
689 1604 758 1631 nihil
775 1604 906 1639 obtegam.
1010 1603 1065 1630 Cic.
1084 1612 1133 1638 pro
1152 1603 1258 1629 Cluent.
1279 1609 1316 1636 74
1325 1609 1362 1634 40
1380 1601 1449 1635 pati,
1472 1601 1527 1628 Cic.
1543 1602 1615 1628 Fam.
1632 1609 1653 1631 2,
1667 1609 1683 1634 9
1703 1602 1808 1627 Interea
1821 1611 1880 1628 cum
1893 1603 1959 1629 meis
1974 1603 2058 1637 copiis
2071 1601 2196 1629 omnibus
2208 1603 2304 1629 vexaui
2318 1603 2425 1629 Amani-

277 1643 372 1676 Neque
385 1641 412 1667 id
426 1641 536 1667 obscure
549 1640 667 1671 ferebat,
687 1649 734 1666 nec
749 1639 904 1666 diffimulare
917 1639 973 1665 vllo
987 1639 1068 1665 modo
1083 1644 1195 1673 poterat.
1232 1637 1316 1664 Plane.
1381 1637 1465 1663 enseis
1494 1635 1580 1663 hostes
1613 1637 1785 1671 sempiternos
1800 1646 1806 1662 :
1840 1637 1920 1663 multi
1952 1638 2046 1673 occisi,
2066 1639 2151 1673 capti,
2169 1637 2273 1673 reliqui
2300 1637 2420 1672 dissipati-

277 1678 324 1704 sub
338 1678 393 1704 Cic.
409 1678 478 1704 Fam.
492 1685 530 1708 10,
545 1680 557 1705 8
577 1677 667 1710 Itaque
680 1684 814 1715 nunquam
825 1673 959 1701 diffitebor
973 1675 1056 1701 multa
1074 1683 1133 1706 me,
1153 1679 1182 1700 vt
1202 1673 1234 1700 ad
1254 1671 1314 1699 effe-
1380 1671 1483 1699 Diuersi
1496 1671 1555 1698 dissi
1576 1672 1665 1706 atique
1681 1672 1709 1698 in
1724 1681 1815 1698 omncs
1834 1678 1919 1706 partes
1936 1674 2008 1700 Caes.
2024 1674 2054 1700 B.
2067 1674 2098 1700 G.
2112 1682 2137 1706 2,
2156 1682 2199 1707 24.
2270 1672 2362 1707 Copiis
2374 1672 2419 1699 hd·

277 1713 347 1740 6111111
369 1713 464 1739 horum
486 1711 655 1738 consiliorum
675 1719 856 1745 permenii-em,
877 1718 902 1737 et
921 1710 1045 1736 simulasse
1058 1710 1190 1740 inuitum,
1210 1714 1235 1735 et
1250 1708 1316 1734 disli-
1380 1706 1458 1732 stium
1473 1707 1551 1741 depul
1563 1717 1584 1733 is
1597 1716 1625 1734 ac
1638 1707 1766 1741 dissipatis
1791 1708 1848 1734 Cic.
1856 1717 1904 1742 pro
1915 1708 2004 1736 Domo
2015 1709 2059 1735 sua
2068 1716 2102 1741 15.
2173 1709 2307 1735 Exercitus
2322 1706 2424 1741 dissipa-

275 1749 380 1774 mulass'e
393 1756 451 1774 cum
465 1746 567 1773 dolore.
636 1746 753 1781 Capillos
767 1746 923 1773 dissimulare
942 1745 1021 1772 Ouid.
1037 1746 1102 1772 Met.
1117 1754 1138 1776 2,
1151 1753 1211 1778 374.
1266 1744 1316 1770 De..
1379 1747 1420 1767 tus
1440 1742 1495 1767 Cic.
1512 1743 1563 1770 Att,
1578 1750 1613 1774 15,
1626 1752 1654 1775 4.
1745 1743 1834 1769 Genus
1847 1742 1987 1769 hominum
2002 1745 2030 1770 in
2043 1743 2179 1771 montibus
2195 1753 2224 1771 ac
2236 1744 2308 1771 filuis
2321 1742 2425 1776 dissipa-

276 1782 353 1808 decus
367 1782 523 1808 diffimulare
543 1781 624 1808 Ouid.
640 1783 731 1808 Amor.
746 1791 766 1814 3,
779 1782 858 1816 7‚[84.
947 1780 1018 1808 Idem
1034 1780 1112 1815 Epist.
1126 1789 1152 1812 9,
1166 1785 1199 1811 84
1227 1778 1315 1805 Facta·
1329 1779 1362 1806 45
1380 1782 1436 1803 tum
1455 1777 1510 1803 Cic.
1526 1777 1558 1802 de
1572 1778 1648 1803 Orat.
1663 1784 1672 1802 1
1686 1785 1707 1802 c.
1723 1784 1762 1810 37.
1834 1778 1872 1802 Id.
1887 1778 1944 1811 post
1958 1779 2021 1804 Red.
2037 1780 2065 1804 in
2080 1780 2175 1810 Sen.23
2194 1780 2250 1804 Vos
2263 1777 2426 1808 decreuistis,

275 1827 326 1853 que
338 1817 460 1844 narrabas
474 1816 653 1843 diffimulanda
666 1817 726 1843 tibi.
817 1817 896 1844 Ouid.
912 1818 975 1843 Met.
990 1818 1016 1849 6,
1031 1818 1075 1849 653
1097 1814 1260 1841 Dillimulare
1273 1822 1317 1839 ne-
1379 1819 1408 1838 vt
1426 1811 1515 1838 cuncti
1536 1820 1567 1838 ex
1591 1811 1665 1838 omni
1677 1811 1767 1843 Italia,
1786 1812 1833 1845 qui
1848 1813 1988 1846 Rempubl.
2003 1813 2100 1838 saluam
2113 1813 2224 1843 vellent,
2241 1811 2273 1838 ad
2287 1820 2330 1845 me
2341 1820 2426 1838 vnum
2472 1828 2473 1831 =

275 1853 334 1888 quit
348 1852 465 1879 crudelia
477 1850 571 1885 gaudia
586 1852 693 1885 Progne.
782 1852 884 1879 Odium
902 1853 1040 1879 aduersum
1052 1850 1165 1878 illustres
1178 1849 1317 1876 dislimula-
1381 1847 1519 1874 hominem
1533 1847 1647 1874 fractum
1662 1852 1688 1872 et
1701 1855 1784 1880 prope
1805 1846 1956 1882 dissipatum
1977 1846 2168 1874 restituendum
2185 1853 2211 1874 et
2230 1846 2427 1873 defendendum
2442 1858 2446 1861 ·
2466 1844 2467 1847 ’

275 1895 331 1915 tum
344 1888 376 1914 ad
392 1888 519 1921 praesens,
527 1891 552 1913 et
565 1895 627 1912 mox
642 1886 773 1913 redditum
792 1888 883 1914 Tacit.
897 1889 965 1913 Ann.
980 1890 1018 1919 16,
1031 1895 1052 1920 5.
1157 1886 1207 1911 Pro
1218 1885 1317 1910 Conni·
1380 1883 1512 1909 venirent.
1583 1882 1714 1908 Homines
1728 1881 1862 1915 dissipatos
1877 1892 1960 1910 vnum
1974 1883 2002 1909 in
2017 1883 2107 1909 locum
2120 1891 2280 1917 congregare
2305 1882 2360 1908 Cic.
2376 1889 2426 1915 pro

276 1932 340 1950 vere
355 1924 383 1949 in
395 1923 412 1948 l.
427 1923 503 1949 diuus
518 1930 547 1954 14
561 1922 592 1947 D.
606 1921 637 1947 de
651 1921 719 1948 offic.
735 1921 842 1956 praesid.
862 1923 935 1948 Potes
949 1922 981 1948 de
994 1922 1076 1948 modo
1090 1929 1189 1956 poenae
1202 1920 1258 1945 eius
1267 1920 1316 1944 dis-
1384 1918 1453 1943 Sext.
1468 1925 1506 1949 91.
1576 1918 1667 1943 Homo
1680 1917 1709 1942 in
1722 1916 1863 1950 cogitando
1879 1918 1983 1950 tardus,
2003 1918 2032 1944 in
2048 1918 2202 1944 instruendo
2215 1917 2350 1951 dissipatus
2368 1916 2426 1943 Cic.

277 1958 408 1985 simulare.
495 1958 579 1983 Aliter
591 1956 657 1982 dixit
671 1956 788 1989 Paullus,
811 1956 976 1983 Diffimulare
991 1956 1023 1981 de
1043 1958 1087 1982 sua
1100 1955 1269 1986 conditione,
1289 1957 1316 1980 in
1334 1964 1367 1990 50
1381 1952 1413 1978 de
1429 1952 1498 1978 Clar.
1513 1952 1586 1978 Orat.
1601 1954 1647 1978 216
1661 1961 1682 1977 c.
1698 1959 1737 1983 59.
1810 1951 1849 1977 Id.
1864 1961 1912 1985 pro
1926 1953 1993 1978 Sext.
2009 1960 2053 1986 145
2073 1953 2168 1978 Euersa
2189 1952 2282 1978 domus
2301 1951 2351 1985 est,
2371 1951 2428 1982 fore

278 1994 298 2020 1.
312 2004 329 2027 4
339 1993 423 2027 Qiib.
438 1991 469 2018 ad
482 1991 569 2017 libert.
584 1992 709 2025 proclam.
724 2001 778 2018 non
790 1992 834 2019 lic.
930 1991 1032 2019 Sallust.
1045 1991 1122 2018 Catil.
1136 1998 1173 2026 47
1198 1989 1318 2016 Diffimu-
1382 1992 1460 2014 tunae
1477 1992 1593 2018 vexatae,
1603 1986 1720 2020 dissipati
1733 1985 1830 2019 liberi,
1852 1993 1952 2021 raptata
1971 1989 2104 2019 coniunx,
2124 1994 2170 2013 etc.
2241 1987 2336 2014 Oratio
2355 1986 2428 2014 disfi-

276 2029 331 2057 lare
343 2029 374 2055 de
387 2027 578 2054 coniuratione.
1381 2030 1455 2058 pata,
1472 2028 1497 2049 et
1512 2022 1611 2049 inculta
1624 2042 1633 2055 ‚
1652 2028 1677 2048 et
1694 2021 1814 2048 diffluens
1834 2022 1890 2048 Cic.
1905 2022 1933 2049 in
1947 2023 2020 2051 Orat.
2037 2031 2084 2055 133.
2115 2022 2140 2049 h.
2154 2031 2174 2049 e.
2190 2021 2339 2056 Dlffbluta,
2349 2022 2428 2049 nullo-

314 2071 333 2091 D
342 2072 351 2089 1
362 2071 374 2090 S
383 2071 394 2090 S
405 2071 412 2088 1
423 2071 446 2089 Μ
456 2070 475 2089 v
484 2070 500 2088 L
510 2068 531 2089 Α
540 2069 561 2088 N
571 2069 599 2093 S,
619 2060 694 2087 antis.
713 2062 781 2088 Part.
818 2061 953 2088 Domitius
973 2061 1131 2088 dissimulans
1152 2061 1225 2087 Caes.
1245 2060 1272 2086 B.
1287 2060 1318 2086 C.
1382 2068 1426 2094 que
1443 2065 1586 2085 ornamento
1598 2059 1681 2090 culta,
1697 2057 1746 2094 fid
1757 2066 1816 2093 quae
1830 2057 1897 2092 quali
1910 2060 1971 2084 male
1979 2055 2127 2093 praecinffa
2137 2058 2241 2089 mulier,
2261 2056 2362 2092 drffluit.
2388 2059 2428 2085 De
2441 2060 2453 2078 ν’

282 2109 303 2131 1,
318 2108 345 2132 19
364 2098 505 2125 Lentulum
519 2097 716 2123 dissimulantem
731 2102 874 2131 coarguunt
901 2097 960 2123 Sall.
975 2097 1053 2123 Catil.
1067 2106 1089 2123 c.
1102 2103 1148 2131 47.
1239 2096 1320 2121 Arma
1383 2097 1494 2120 oratione
1506 2097 1633 2129 loquitur,
1654 2102 1713 2128 quae
1727 2102 1774 2119 non
1787 2091 1819 2126 cst
1833 2103 1988 2119 numerorum
1992 2092 2095 2126 similis.
2167 2091 2207 2121 Id.
2221 2094 2295 2120 Orat.
2308 2101 2368 2129 c.71
2381 2094 2428 2122 Fa.

280 2133 463 2162 dislitnulantia
488 2134 559 2159 Grat.
574 2134 670 2167 Cyneg.
686 2142 712 2158 v.
724 2141 763 2165 93.
1337 2137 1365 2164 55
1383 2129 1458 2156 cilius
1472 2129 1508 2156 est
1520 2135 1578 2163 apta
1592 2129 1732 2155 dissoluere
1741 2149 1750 2162 ‚
1769 2137 1848 2163 quam
1861 2128 1980 2163 dissipata
1992 2127 2157 2155 connee‘tere.

319 2175 450 2196 Diss11u
461 2176 480 2194 v
493 2170 594 2195 ιᾹΤν
605 2175 634 2200 3,
649 2177 679 2200 a,
700 2177 753 2194 um.
773 2168 839 2194 Part.
876 2165 1050 2203 [εἰρωνευθεὶς]
1093 2167 1142 2197 Vt,
1164 2165 1247 2192 Amor
1269 2164 1317 2191 dis.
1416 2170 1540 2191 D1ssu³
1551 2171 1666 2197 ATIO,
1687 2165 1755 2190 onis.
1779 2164 1800 2190 f.
1836 2163 2005 2198 [σκεδασμὸς,
2021 2162 2191 2200 &manao-fads]
2232 2163 2427 2199 Vt,Disfipatio

280 2205 412 2232 simulatus
426 2209 451 2230 et
463 2203 557 2230 celatus
578 2203 645 2229 Ter.
659 2202 738 2229 Andr.
754 2211 774 2234 1,
787 2212 806 2235 1,
823 2210 874 2235 105.
958 2201 1039 2229 Ouid.
1053 2201 1118 2228 Fast.
1133 2204 1163 2233 6,
1178 2210 1212 2233 90
1230 2201 1319 2233 Dixit,
1381 2200 1492 2235 praedae
1512 2200 1568 2226 Cic.
1589 2199 1702 2234 Philipp.
1723 2208 1757 2233 13,
1777 2208 1806 2226 10
1826 2209 1847 2226 c.
1870 2210 1890 2230 ς.
1961 2198 2034 2226 Idem
2048 2200 2079 2226 de
2092 2200 2127 2226 N.
2141 2200 2175 2226 D.
2189 2208 2210 2232 1,
2223 2206 2252 2234 71
2265 2208 2286 2226 c.
2301 2207 2332 2233 23
2353 2201 2427 2229 Idem

282 2247 309 2267 et
324 2241 352 2266 in
366 2240 437 2266 litem
452 2239 537 2266 fludio
549 2239 699 2265 certaminis
712 2239 798 2269 issent,
835 2239 921 2272 Atque
936 2238 975 2264 ira
984 2238 1065 2272 pietas
1078 2236 1233 2263 dislimulata
1241 2237 1319 2269 foret.
1381 2236 1445 2262 facit
1459 2236 1487 2262 in
1504 2243 1596 2263 natura
1610 2235 1737 2267 deorum,
1756 2234 1818 2261 dum
1839 2235 2041 2262 indiuiduorum
2065 2244 2207 2270 corporum
2230 2236 2429 2264 concretionem

281 2276 348 2303 Add.
363 2275 399 2302 ib.
413 2284 438 2301 v.
453 2280 507 2307 850.
587 2275 676 2300 Virtus
691 2274 841 2299 dissimulata
861 2273 942 2299 Ouid.
956 2273 1021 2300 Fast.
1034 2281 1059 2305 2,
1067 2278 1122 2305 843·
1196 2274 1244 2298 Pro
1258 2275 1319 2298 reci·
1382 2272 1468 2306 fugit,
1494 2280 1526 2297 ne
1541 2271 1663 2297 interitus
1683 2278 1708 2297 et
1726 2271 1861 2305 dissipatio
1879 2272 2070 2306 consequatur,
2086 2277 2163 2306 negat
2182 2271 2231 2297 esse
2252 2279 2347 2306 corpus
2366 2271 2429 2299 deo-

273 2318 351 2347 puoto
360 2331 367 2343 ‚
388 2317 410 2336 et
424 2312 489 2336 velut
503 2309 612 2342 mediafi
631 2308 770 2344 nisit-atione
780 2329 787 2340 ‚
805 2308 886 2334 Ouid.
894 2309 926 2335 de
938 2309 1001 2334 Arte
1010 2309 1068 2335 Am.
1078 2318 1097 2341 1,
1105 2310 1157 2340 690
1177 2307 1206 2334 de
1213 2308 1319 2341 Achille,
1333 2311 1368 2337 60
1382 2316 1441 2334 rum
1450 2327 1457 2339 ,
1482 2307 1524 2333 sed
1537 2313 1661 2341 tanquam
1681 2315 1774 2341 corpus
1783 2326 1791 2339 ‚
1810 2313 1856 2333 etc.

281 2346 356 2373 Veste
370 2346 458 2372 virum
473 2345 550 2380 longa
564 2319 731 2371 disligmulatus
751 2350 813 2370 erat.
1417 2349 1676 2374 DisSIPATOR,
1698 2343 1760 2368 oris.
1788 2351 1823 2368 m.
1862 2343 1913 2377 Qu·
1932 2341 1989 2377 diffi
2006 2348 2040 2369 at.
2077 2341 2200 2369 Prudent.
2232 2342 2345 2370 Praefat.
2369 2342 2427 2377 Psy·
2446 2331 2460 2365 Ε

315 2387 414 2407 1)1331
425 2387 476 2405 MV
487 2387 501 2405 1.
511 2388 597 2407 ATE.
636 2379 704 2407 Adu.
741 2380 796 2406 Cic.
810 2378 841 2405 de
854 2379 956 2406 Inuent.
970 2386 980 2405 1
995 2386 1016 2404 c.
1032 2385 1061 2409 32
1086 2376 1246 2404 Dissimulate
1273 2379 1321 2405 ali·
1381 2378 1468 2406 thom.
1482 2387 1507 2404 v.
1523 2387 1555 2411 34
1573 2377 1672 2404 Abram
1684 2377 1817 2412 triumphi
1831 2377 1968 2412 dissipator
1984 2348 2094 2404 liostici.
2441 2363 2457 2406 'z

280 2416 344 2451 quid
358 2415 506 2441 defendere.
1246 2447 1250 2451 .
1415 2420 1433 2439 1)
1443 2421 1473 2440 13
1484 2420 1568 2440 SIPA
1578 2420 1593 2440 11
1605 2412 1695 2443 1113,
1714 2422 1736 2439 e.
1769 2413 1829 2440 Adi.
1867 2411 2014 2448 [σκεδαςός]
2052 2412 2125 2448 Qeod
2138 2412 2250 2449 dispergi
2259 2418 2303 2439 aue
2310 2412 2429 2450 separari
2446 2411 2453 2445 ζ

315 2458 333 2477 D
344 2459 373 2477 13
383 2458 411 2477 31
422 2458 444 2476 Μ
455 2450 531 2476 vizi
543 2456 565 2475 T
579 2455 598 2475 o
612 2457 642 2482 R,
661 2449 724 2476 oris.
745 2458 779 2476 m.
816 2447 906 2484 [39:215
922 2446 1015 2483 εἴρωνος,
1031 2446 1164 2480 κρυψίνους]
1202 2448 1319 2474 Cuuisli-
1377 2447 1459 2482 facile
1469 2447 1555 2482 potest.
1592 2449 1647 2475 Cic.
1663 2448 1695 2474 de
1708 2449 1744 2475 N.
1762 2449 1793 2475 D.
1808 2457 1830 2481 3,
1845 2458 1878 2483 34
1891 2458 1911 2475 c.
1927 2457 1952 2475 12
1972 2449 2042 2483 Ignis
2058 2457 2124 2475 vero
2138 2454 2164 2474 et
2178 2450 2224 2475 a‘e‘r
2235 2448 2311 2475 omni
2331 2449 2428 2484 impul-

280 2486 324 2514 bet
338 2488 376 2513 rei
392 2485 526 2512 simulator
538 2494 567 2511 ac
580 2485 752 2510 diffimulator
772 2485 831 2510 Sall.
847 2484 925 2510 Catil.
942 2492 963 2516 5.
1048 2483 1169 2517 Decipias
1182 2483 1248 2509 alios
1262 2493 1317 2509 ver·
1333 2483 1365 2515 65
1384 2484 1426 2515 su,
1447 2483 1573 2509 facillime
1595 2484 1718 2517 pellitur,
1736 2490 1883 2519 naturaque
1905 2485 1996 2511 cedens
2015 2484 2051 2510 est
2071 2484 2186 2510 maxime
2211 2489 2238 2510 et
2261 2484 2427 2520 disfipabilie.

280 2522 321 2548 bis
335 2522 462 2556 vultuque
476 2520 606 2554 benigno,
627 2521 697 2546 Nam
705 2519 773 2546 mihi
787 2520 839 2544 iam
852 2526 930 2545 notus
945 2518 1115 2544 diffiinulator
1130 2518 1181 2544 eris
1202 2519 1319 2545 Martial.
1385 2517 1453 2545 Add.
1470 2517 1541 2544 Lact.
1556 2518 1587 2543 de
1600 2520 1642 2544 Ira
1656 2527 1677 2544 c.
1693 2527 1721 2544 10
1735 2519 1753 2544 s.
1767 2527 1812 2552 29.

282 2566 311 2590 4,
324 2562 364 2589 89.
434 2556 490 2582 Cic.
503 2555 534 2581 de
548 2557 621 2582 Orat.
637 2564 662 2588 2,
700 2574 706 2581 .
744 2574 750 2581 .
787 2555 822 2580 Vt
836 2554 883 2588 qui
903 2553 1101 2579 dissimulatores
1116 2553 1262 2579 studiorum
1278 2555 1318 2580 fu·
1417 2560 1435 2580 D
1447 2560 1455 2579 1
1468 2561 1501 2580 ss
1513 2552 1521 2578 i
1532 2560 1547 2578 Ί
1562 2560 1621 2586 vs,
1641 2562 1671 2585 a,
1690 2562 1744 2579 um.
1766 2553 1826 2580 Adi.
1862 2552 2021 2586 [dnoex3=?5,
2041 2552 2158 2586 ἐπέχων]
2193 2551 2370 2586 Procutfitus,
2388 2562 2426 2580 re-

283 2593 362 2618 erint.
433 2590 609 2623 Q1i11&.2‚18
630 2590 709 2622 Quod
721 2599 775 2616 non
790 2589 860 2621 ideo,
873 2595 901 2615 vt
914 2597 962 2623 pro
977 2597 1042 2614 vero
1056 2588 1318 2623 accipiamus,estpo-
1380 2596 1476 2620 motus,
1497 2587 1600 2621 dtstims.
1638 2589 1714 2624 Apul.
1734 2589 1762 2615 in
1784 2589 1854 2615 Flor.
1870 2596 1913 2624 pr.
1950 2588 2079 2615 Homines
2120 2596 2206 2622 neque
2238 2588 2346 2621 longule
2377 2587 2432 2616 diss.

283 2627 358 2654 situm
373 2637 378 2652 :
414 2625 456 2652 scd
469 2633 496 2651 vt
510 2625 618 2650 Antonii
633 2626 738 2658 persona
757 2625 891 2656 seruetur,
916 2625 963 2658 qui
982 2623 1153 2650 dislimulator
1174 2625 1237 2650 artis
1257 2624 1317 2651 fuit.
1383 2623 1443 2655 sita,
1461 2632 1546 2658 neque
1562 2625 1683 2657 proxime
1696 2623 1775 2650 adsita
1788 2625 1918 2658 poffunms
1932 2632 2048 2650 cernere.
2084 2623 2158 2657 Conf.
2173 2622 2212 2648 Id.
2227 2622 2292 2648 Met.
2306 2630 2324 2655 9
2337 2630 2362 2657 p.
2376 2617 2432 2657 ³²4¹*

283 2662 388 2690 Amoris
400 2661 459 2688 veri
471 2670 525 2687 non
537 2659 706 2686 dislimulator
724 2659 806 2685 Ouid.
821 2660 884 2684 Met.
902 2667 924 2691 5,
939 2662 976 2685 61.
1330 2665 1366 2693 70
1382 2660 1442 2684 Elm.
1513 2659 1571 2684 Pars
1585 2659 1688 2685 animae
1701 2668 1748 2692 per
1761 2664 1848 2684 totum
1860 2658 1948 2684 dissita
1960 2667 2054 2692 corpus
2070 2658 2175 2684 Lucret.
2189 2664 2213 2690 3,
2226 2664 2284 2691 144.
2305 2659 2368 2685 i.Di
2386 2658 2422 2685 ri.

322 2704 339 2723 D
351 2703 484 2723 lsS1MV
495 2702 511 2721 L
523 2696 577 2722 ᾹΤ
591 2702 597 2720 1
609 2702 645 2726 o,
664 2694 730 2720 onis.
749 2694 767 2719 f.
805 2694 843 2727 [el
858 2694 940 2727 ωνεὶα]
976 2693 1031 2719 Cic.
1049 2693 1100 2720 Off.
1110 2696 1172 2725 3,6o
1190 2695 1226 2720 Ex
1242 2695 1317 2720 omni
1379 2694 1438 2720 buta
1453 2703 1460 2718 .·
1492 2692 1607 2725 dolente.
2414 2695 2419 2701 '

284 2733 340 2759 vita
354 2732 502 2763 simulatio,
522 2730 741 2763 diffimulatioque
755 2706 870 2755 tollenda
883 2728 927 2754 est.
1034 2728 1088 2754 Cic.
1103 2728 1134 2753 de
1147 2730 1219 2754 Orat.
1236 2738 1260 2760 2,
1275 2738 1319 2761 330
1415 2736 1434 2755 D
1446 2736 1453 2754 1
1465 2736 1477 2754 3
1488 2735 1499 2754 3
1511 2737 1518 2754 1
1530 2735 1550 2754 Τ
1562 2736 1581 2752 v
1591 2735 1610 2754 D
1620 2736 1655 2760 o,
1671 2729 1732 2755 i'nis.
1750 2728 1775 2754 f.
1813 2727 1883 2761 Sulp.
1898 2727 1985 2755 Seuer.
1999 2728 2027 2754 in
2039 2728 2101 2754 Vita
2115 2728 2193 2754 Mart.
2205 2727 2297 2755 Praef..
2315 2726 2343 2752 Si
2360 2723 2426 2760 quid

285 2768 409 2795 Libenter
422 2768 493 2793 cuim
507 2772 532 2792 te
544 2766 677 2800 cognitum
692 2765 743 2790 iam
758 2763 882 2790 artificem
892 2783 899 2795 ‚
918 2762 1114 2796 aliquandoque
1130 2764 1265 2789 euolutum
1288 2764 1317 2789 il·
1383 2773 1415 2790 ex
1430 2764 1469 2789 his
1484 2763 1574 2789 studiis
1589 2765 1655 2790 olim
1669 2764 1774 2790 fortasse
1794 2763 1926 2794 libassem,
1946 2768 2032 2788 totum
2053 2763 2080 2789 id
2098 2761 2251 2790 dissitudine
2267 2766 2342 2788 tanto
2359 2766 2425 2788 tem-

285 2803 316 2830 lis
329 2802 514 2836 integumentis
529 2800 736 2827 dillimulationis
749 2806 817 2831 tuac,
832 2797 957 2824 nudatum
972 2798 1109 2831 perspicio.
1200 2798 1318 2831 Suspeffta
1381 2798 1453 2831 poris
1465 2797 1640 2831 perdidiffem.
1675 2800 1716 2824 Ita
1729 2797 1839 2823 emendat
1852 2798 1973 2824 Barthius
1986 2798 2094 2834 Aduers.
2107 2807 2146 2828 12,
2161 2803 2197 2825 18-

286 2840 359 2865 Curt.
372 2847 398 2872 7,
412 2847 437 2870 2,
450 2846 474 2870 9.
545 2836 600 2863 Cic.
615 2836 646 2862 de
660 2836 734 2862 Orat.
750 2843 775 2867 2,
788 2837 838 2866 269
854 2843 875 2860 c.
885 2837 919 2868 67
938 2832 1043 2859 Vrbana
1058 2833 1136 2858 etiam
1151 2831 1318 2858 diffimulatio
1332 2839 1363 2867 75
1418 2839 1436 2858 D
1448 2839 1478 2857 13
1489 2839 1501 2857 s
1511 2839 1529 2857 O
1540 2839 1556 2858 C
1566 2840 1573 2857 1
1584 2838 1602 2857 o
1613 2852 1621 2863 ‚
1647 2836 1699 2858 are.
1737 2830 1864 2866 stimplo),
1891 2829 2008 2866 διΐςημι]
2044 2831 2194 2865 Dzſjoluere,
2215 2835 2239 2856 et
2269 2839 2285 2856 a
2303 2830 2426 2866 chietate

286 2874 321 2900 est
337 2883 418 2908 quum
432 2873 482 2899 alia
496 2871 620 2898 dicuntur
630 2880 659 2897 ac
678 2871 830 2899 sententias,
850 2876 894 2895 etc.
989 2867 1164 2901 Abrumpitur
1183 2867 1321 2893 dislimula-
1382 2863 1522 2901 disiungere
1535 2866 1696 2901 cic-separare.
1738 2866 1792 2894 Cic.
1806 2866 1838 2893 de
1854 2868 1959 2894 Amicit.
1976 2870 2011 2901 76
2031 2877 2052 2894 c.
2066 2875 2100 2893 20
2119 2866 2240 2899 Dispares
2253 2865 2324 2894 enim
2338 2875 2426 2893 mores

285 2909 340 2939 tio,
359 2909 410 2934 vid.
430 2914 591 2935 ABRVMPO.
697 2905 772 2932 Veste
793 2905 882 2931 seruili
903 2905 928 2930 in
947 2903 1177 2930 diffimulauonem
1196 2903 1234 2928 sui
1250 2912 1319 2928 com-
1383 2902 1497 2934 disparia
1522 2901 1605 2927 studia
1626 2903 1784 2936 sequuntur,
1806 2912 1922 2938 quorum
1943 2901 2125 2928 dissimilitudo
2145 2900 2263 2927 dissociat
2283 2902 2424 2930 amicitias.

285 2944 381 2979 positus
401 2944 491 2970 Tacit.
507 2944 573 2969 Ann.
588 2951 622 2974 13,
636 2948 675 2973 κς.
745 2940 783 2967 Id.
798 2941 832 2967 ib.
848 2948 914 2971 13,15
936 2939 1004 2973 Quia
1018 2938 1245 2964 diffimulationem
1259 2947 1321 2968 nox,
1383 2937 1478 2971 Copias
1493 2936 1609 2963 dissociat
1629 2937 1719 2964 Tacit.
1734 2938 1803 2964 Ann.
1818 2947 1857 2970 12,
1869 2946 1905 2970 55.
1976 2937 2122 2970 Legionem
2138 2945 2153 2962 a
2167 2936 2271 2971 legione
2285 2937 2423 2965 dissociant

284 2986 310 3006 et
325 2980 430 3006 lasciuia
441 2984 579 3004 exemerat.
649 2978 697 3003 Pro
712 2977 805 3002 Irom'a.
852 2976 908 3001 Cic.
922 2973 1000 3000 Acad.
1015 2983 1043 3006 4,
1057 2981 1080 3006 15
1095 2973 1221 3000 Libenter
1235 2974 1273 3000 vti
1284 2975 1322 2999 so-
1383 2971 1456 2998 Idem
1469 2972 1536 2997 ibid.
1553 2980 1573 3004 1,
1588 2977 1626 3002 28.
1731 2973 1859 3000 Continui
1878 2973 1983 2999 Montes
2002 2971 2050 2998 nist
2063 2971 2233 2998 dissocientur
2247 2981 2328 3006 opaca
2347 2973 2424 3000 Valle

287 3016 348 3042 litus
362 3014 396 3040 est
409 3023 438 3041 ea
451 3012 666 3044 dissimulafione,
685 3020 762 3046 quam
776 3011 869 3037 Graeci
884 3009 990 3043 εἰρωνείαν
1003 3015 1106 3035 vocant.
1337 3013 1368 3038 80
1384 3008 1451 3033 Hor.
1466 3007 1543 3041 Epist.
1560 3015 1579 3039 1,
1594 3010 1631 3039 16,
1641 3015 1662 3040 5.
1765 3009 1851 3035 Partes
1864 3007 1947 3035 arelas
1962 3007 2097 3034 dissociare
2117 3007 2222 3035 Lucret.
2237 3013 2317 3040 3,810.
2353 3008 2424 3036 Add.

324 3057 342 3077 D
354 3057 361 3076 1
373 3058 385 3076 s
394 3056 406 3076 s
419 3057 426 3075 1
439 3057 462 3075 M
472 3056 491 3074 v
504 3056 518 3075 1.
529 3056 550 3075 A
561 3055 580 3073 N
591 3055 612 3074 ‘r
622 3056 630 3073 1
639 3055 658 3074 Α
669 3067 677 3080 ,
696 3056 734 3073 ae.
758 3047 777 3072 f.
814 3045 951 3079 [εἰρωνεία]
987 3045 1052 3071 Idem
1072 3044 1135 3080 quod
1147 3043 1322 3077 Diffinmlatio.
1386 3051 1408 3075 ς,
1424 3051 1474 3075 355-
1578 3043 1714 3069 Tironem
1728 3052 1742 3070 a
1755 3050 1882 3070 veterano
1896 3042 2032 3069 diss'ociant
2050 3043 2141 3069 Tacit.
2154 3043 2221 3069 Ann.
2236 3051 2256 3075 1,
2270 3048 2309 3074 28.

288 3087 342 3112 Cic.
356 3085 387 3111 de
401 3086 474 3111 Orat.
489 3093 514 3117 2,
526 3091 577 3118 270
595 3092 616 3110 c.
631 3085 665 3117 67
682 3083 815 3108 Socratem
829 3082 925 3115 opinor
945 3081 972 3106 in
992 3079 1038 3106 hac
1060 3081 1147 3106 ironia
1165 3079 1321 3105 dislimulan-
1421 3085 1438 3104 D
1449 3085 1500 3105 133
1510 3085 1529 3104 0
1539 3084 1601 3105 clA
1611 3086 1631 3105 T
1642 3086 1662 3104 v
1672 3085 1699 3107 S,
1730 3088 1759 3110 a,
1798 3088 1852 3105 um.
1892 3079 1958 3105 Part.
1993 3077 2151 3111 Distinetus,
2164 3078 2193 3115 fi
2211 3085 2306 3106 aratus.
2342 3078 2424 3106 Ouid.

286 3121 375 3155 tiaque
389 3121 467 3154 longe
480 3118 569 3154 lepore
584 3125 608 3145 ct
622 3118 783 3144 humanitate
795 3116 918 3143 omnibus
931 3115 1091 3149 praestitisse.
1384 3114 1448 3139 Met.
1465 3122 1484 3145 1,
1498 3122 1527 3145 23
1548 3114 1685 3140 Diss'ociata
1700 3114 1765 3140 locis
1777 3114 1902 3141 concordi
1916 3122 1977 3149 pace
1991 3113 2093 3148 ligauit.
2227 3122 2290 3149 epos
2303 3122 2350 3148 23,
2365 3123 2395 3147 2,
2407 3123 2425 3142 2

324 3162 343 3182 1)
357 3163 385 3183 13
395 3162 423 3182 <1
435 3163 457 3182 M
469 3162 486 3180 ν
500 3161 577 3181 ιΛΜ
587 3160 691 3181 ΕΝΤν
701 3161 724 3180 M
734 3173 742 3185 ,
762 3155 780 3179 i.
801 3162 827 3178 n.
864 3151 939 3179 Idem.
977 3151 1051 3185 Apul.
1065 3151 1134 3177 Flor.
1151 3158 1160 3176 1
1173 3158 1249 3184 P·341
1263 3150 1322 3176 Mu-
1384 3149 1530 3174 Diss'ociatis
1549 3149 1644 3175 animis
1665 3149 1773 3175 ciuium.

288 3191 328 3217 sae
340 3200 398 3217 cum
412 3191 550 3223 Minerua,
570 3189 779 3216 dissimulamenti
792 3188 874 3222 gratia
883 3207 890 3220 ,
906 3186 1004 3212 iudices
1017 3186 1146 3212 adstitere.
1338 3187 1366 3215 8,-
1422 3191 1440 3210 D
1452 3192 1459 3210 1
1470 3192 1482 3209 s
1493 3192 1504 3204 ⁹
1514 3191 1556 3211 OC
1566 3192 1574 3210 1
1585 3192 1605 3211 Α
1615 3192 1652 3211 Τ]
1665 3191 1683 3211 O
1693 3204 1700 3216 ,
1720 3185 1785 3211 finis.
1806 3186 1825 3211 f.
1862 3183 2007 3219 [διαέςασω]
2042 3184 2108 3210 ΡΙ111.
2117 3193 2159 3216 22,
2168 3193 2192 3210 21
2201 3185 2219 3210 s.
2228 3193 2258 3217 3ο
2266 3184 2294 3210 de
2301 3184 2424 3218 Adianto,

326 3233 343 3252 1)
356 3233 362 3251 1
376 3234 387 3251 3
397 3233 542 3253 51MV1.A
552 3232 602 3252 NT
612 3232 627 3251 E
638 3232 666 3251 R.
694 3224 758 3250 Adu.
796 3223 948 3257 [εἰρωνικῶς]
984 3222 1039 3248 Cic.
1053 3220 1084 3247 de
1097 3221 1166 3247 Clar.
1185 3221 1259 3246 Orat.
1275 3228 1319 3254 :73
1383 3224 1468 3253 Aquas
1483 3220 1595 3253 respuit,
1614 3220 1749 3254 perfusum
1764 3221 1912 3246 mersumue
1927 3220 1992 3246 sicco
2012 3219 2094 3246 simile
2114 3220 2165 3252 est,
2185 3226 2255 3246 tanta
2275 3220 2422 3247 difl'ociatio

292 3268 312 3285 c.
328 3268 361 3293 79
381 3262 443 3287 Non
457 3267 562 3296 aperte,
582 3269 629 3286 nec
642 3260 736 3286 eodem
751 3259 830 3285 modo
844 3259 960 3292 semper,
981 3257 1022 3283 sed
1039 3257 1110 3282 varie
1124 3256 1321 3283 dissimulanter·
1382 3255 1600 3288 deprehenditur,
1619 3255 1688 3282 vnde
1701 3262 1726 3281 ct
1739 3265 1836 3282 nomen
1852 3265 1865 3282 a
1878 3256 1992 3282 Graecis.
2030 3257 2121 3292 Nempe
2133 3253 2220 3281 διαίνων
2235 3253 2423 3289 esthumeflare.

291 3303 341 3328 que
355 3297 485 3323 conclutis,
556 3296 612 3322 Cic.
627 3295 657 3321 de
671 3296 745 3322 Orat.
763 3304 787 3325 2,
803 3302 848 3327 149
872 3294 1002 3322 Idumen
1023 3292 1209 3318 diffimulantcr
1225 3292 1321 3321 facere,
1381 3289 1453 3316 Idem
1468 3300 1498 3324 7,
1515 3299 1547 3323 ¹3-

291 3338 323 3354 ne
338 3329 383 3355 fibi
397 3331 439 3357 ille
452 3331 553 3366 aliquid
567 3331 693 3366 proficere
708 3330 841 3362 videatur,
861 3329 999 3364 prudentia
1012 3327 1056 3354 est.
1126 3327 1190 3353 Non
1208 3324 1322 3352 dissinm-
1417 3333 1435 3351 1)
1446 3334 1452 3351 1
1463 3334 1474 3351 s
1484 3334 1496 3351 S
1506 3333 1524 3352 O
1535 3333 1552 3352 C
1565 3333 1603 3352 1A
1613 3332 1634 3352 ‘r
1646 3332 1706 3355 ΟΒ,
1725 3325 1788 3352 bris.
1815 3335 1850 3352 m.
1888 3325 1986 3352 Arnob.
2023 3345 2030 3352 .
2068 3346 2075 3352 .
2113 3346 2119 3353 .

293 3363 374 3390 lanter
403 3366 462 3392 irati
499 3368 555 3393 Cic.
579 3368 650 3394 Fam.
674 3375 694 3399 1,
716 3375 728 3399 5
751 3372 814 3393 extr.
885 3364 953 3392 Add.
977 3364 1036 3391 Liu.
1058 3372 1105 3397 40,
1128 3371 1166 3394 23.
1239 3360 1320 3388 Ouid.
1334 3370 1370 3392 90
1421 3359 1665 3388 mssoemnri
1683 3368 1731 3393 13,
1752 3370 1773 3387 e.
1803 3361 1863 3388 Adi.
1899 3359 2047 3394 [διαέςατος]
2084 3361 2156 3396 Quod
2166 3361 2278 3396 fhciari,
2294 3363 2421 3397 coniungi-

292 3399 401 3425 Heroid.
416 3409 456 3431 20,
472 3411 520 3433 ¹30·
1383 3404 1427 3430 que
1440 3406 1486 3420 non
1497 3395 1574 3430 potqll
1586 3417 1593 3428 ‚
1608 3397 1653 3430 stu
1669 3397 1819 3431 insociabile.
1856 3396 1946 3422 Tacit.
1961 3397 1988 3422 in
2000 3397 2087 3431 Agric.
2103 3406 2124 3429 3,
2141 3406 2149 3423 1
2168 3398 2198 3423 Et
2213 3404 2360 3432 quanquam
2368 3396 2421 3430 pri-

330 3439 347 3458 1)
358 3441 365 3458 1
376 3441 387 3459 s
397 3441 409 3459 S
421 3442 460 3461 1M
470 3443 488 3461 v
499 3443 513 3461 1,
523 3438 544 3463 A
555 3443 576 3463 'r
589 3445 639 3464 ῙΜ.
674 3436 741 3463 Adu.
777 3433 979 3469 [κατ’σῖρωνείαν]
1015 3432 1091 3469 Apud
1109 3430 1240 3466 Qunffil.
1258 3440 1297 3464 1ο,
1310 3440 1321 3458 1
1383 3439 1428 3456 ino
1443 3430 1487 3456 stas
1503 3441 1526 3456 111
1546 3431 1680 3457 beatiffimi
1697 3432 1790 3458 saeculi
1804 3438 1864 3458 ortu
1879 3441 1920 3458 res
1935 3432 1999 3458 olim
2013 3432 2184 3458 dissociabiles
2199 3432 2340 3463 miscuerit,
2349 3432 2420 3465 prin-

295 3466 370 3500 Saepe
384 3477 516 3502 praeparat
527 3472 700 3498 dissimulatim
715 3471 817 3498 insidias
831 3471 936 3497 Orator.
1384 3467 1496 3500 cipatum
1506 3486 1513 3498 ,
1533 3474 1557 3492 et
1572 3467 1729 3493 libertatem.
1825 3468 1942 3493 Oceanus
1958 3467 2122 3494 dissociabilis
2143 3469 2210 3495 Hor.
2225 3469 2369 3499 Carm.1,3,
2378 3475 2420 3494 22.

332 3507 349 3526 D
360 3509 366 3526 1
376 3510 387 3528 s
398 3511 425 3529 31
436 3510 459 3529 Μ
472 3511 491 3529 v
501 3512 516 3530 1.
526 3506 588 3532 AB?
600 3515 655 3534 113
665 3528 673 3540 ,
697 3517 720 3534 e.
747 3507 806 3534 Adi.
841 3504 998 3541 [eipwveuro's]
1035 3502 1138 3530 DiHum
1152 3502 1207 3536 eslb,
1228 3503 1322 3539 colligi·
1384 3509 1411 3527 at
1427 3503 1462 3527 ibi
1477 3503 1600 3528 Bentleii&
1613 3504 1633 3528 le
1652 3506 1672 3527 it
1686 3502 1786 3529 Terras
1801 3502 1989 3536 diss'ociabilcs,
2010 3513 2055 3529 non
2065 3524 2072 3536 ‚
2092 3504 2198 3530 Oceano
2212 3502 2422 3535 disl'ociabili,ve

296 3541 352 3563 tur.
371 3538 506 3572 nonsatis,
520 3546 595 3572 puto,
612 3551 675 3568 certo
695 3553 723 3569 ar
743 3548 837 3569 umento
857 3551 886 3567 ex
905 3536 999 3566 nomine
1019 3538 1239 3566 Indillimulabilis
1258 3538 1323 3574 apud
1337 3543 1369 3569 95
1387 3538 1454 3573 Ualg.
1469 3538 1556 3572 Cunig.
1571 3539 1617 3573 leg.
1652 3537 1810 3570 iffociabile,
1828 3538 2010 3565 aduaeerbialitcr.

297 3570 363 3596 Gell.
380 3579 416 3602 ¹0,
431 3581 461 3598 22
475 3573 541 3598 Cum
561 3576 668 3613 quadam
689 3579 725 3604 in<
737 3577 895 3604 iffimulabili
909 3576 1020 3602 veritate
1042 3575 1169 3601 diss'cruit.
1420 3579 1438 3598 D
1450 3581 1455 3598 1
1467 3580 1501 3599 ss
1513 3579 1531 3599 o
1543 3580 1606 3599 οιΑ
1617 3580 1631 3598 1.
1642 3581 1649 3598 1
1660 3580 1689 3604 3,
1709 3582 1731 3599 e.
1752 3574 1812 3599 Adi.
1848 3574 1975 3600 Humanis
1990 3574 2085 3600 animal
2099 3573 2229 3601 diffociale
2242 3572 2308 3599 cibis
2335 3572 2423 3600 Rutil.
2454 3568 2457 3574 '

323 3611 350 3644 'D
362 3613 368 3631 1
379 3613 410 3631 SS
422 3614 427 3645 ,Ι
440 3614 498 3646 1²{V
511 3614 532 3646 1ξῖ
546 3627 552 3638 5
572 3618 600 3647 ¹¹.·
619 3619 642 3635 n.
678 3612 827 3646 Intestinum.
866 3611 982 3638 Macrob.
998 3611 1025 3637 in
1038 3611 1125 3636 Somn.
1143 3609 1233 3644 Scip.6
1254 3611 1320 3636 Inte·
1382 3608 1441 3635 Itin.
1458 3617 1477 3640 1,
1491 3613 1545 3641 384.
1564 3607 1592 3633 de
1606 3608 1718 3640 Iudaeis,
1736 3609 1801 3635 cibos
1817 3609 1932 3643 quosdam
1944 3611 2121 3642 azael-lintribus.

299 3639 363 3665 ilina
389 3642 541 3675 principalia
561 3649 629 3668 tria:
663 3654 741 3673 vnum
763 3648 891 3682 dissipium
921 3653 1048 3678 vocatur,
1068 3645 1137 3679 quod
1160 3653 1276 3671 ventrem
1296 3650 1322 3671 et
1422 3649 1580 3670 DISSOLN
1600 3650 1636 3675 O,
1655 3644 1700 3675 ui,
1721 3644 1823 3677 lutum,
1843 3647 1894 3670 cre.
1931 3643 2053 3679 [διαλύω,
2067 3641 2343 3678 καταλύω,παςαλὺω]
2365 3644 2419 3670 Au-

298 3682 397 3714 cactcra
413 3676 529 3715 intestina
543 3676 662 3703 discernit
678 3690 682 3704 z
717 3683 823 3708 alterum
837 3682 967 3713 medium⁷
988 3681 1060 3716 quod
1075 3681 1167 3707 Graeci
1188 3682 1322 3715 μεσέντερον
1385 3687 1426 3715 get
1440 3679 1781 3715 'sig›1:J,c..=tiommsmpliczs
1796 3690 1804 3707 ,·
1841 3688 1992 3707 cmm-aruum
2012 3679 2194 3709 coniunHioni,
2215 3677 2356 3714 alligationi
2374 3685 2419 3705 etc.

299 3709 388 3736 dicunt
401 3721 406 3735 ·.
442 3716 565 3742 tertium,
584 3712 653 3745 quod
668 3721 764 3742 veteres
779 3717 861 3744 hiram
875 3723 1010 3744 vocarunt.
1080 3719 1123 3742 Al.
1136 3715 1323 3750 Diffiptumpro
1330 3726 1377 3744 100
1386 3715 1466 3741 Plaut.
1481 3716 1557 3740 Poen.
1575 3723 1592 3744 1,
1607 3723 1626 3746 1,
1638 3723 1671 3740 20
1691 3715 1715 3739 Si
1735 3714 1920 3741 arietoritatem
1945 3717 2031 3750 postea
2050 3712 2195 3748 defugeris,
2215 3712 2261 3739 vbi
2284 3714 2420 3740 dissolutus

299 3745 440 3786 Disicptum
451 3765 458 3777 ‚
477 3753 504 3771 ot
517 3746 666 3780 Conliptum
678 3755 722 3782 pro
736 3752 864 3785 Coul'epto
877 3756 907 3785 gs?
922 3753 987 3788 apud
1006 3754 1033 3779 Fe
1058 3761 1104 3777 um.
1385 3757 1412 3776 tu
1428 3750 1489 3781 sies,
1509 3759 1558 3783 ego
1574 3749 1708 3783 pendeam.
1816 3751 1871 3776 Cic.
1887 3751 1916 3778 de
1931 3752 2031 3778 Senect.
2046 3759 2079 3784 72
2091 3759 2112 3775 c.
2128 3757 2162 3774 20
2188 3748 2260 3783 Opus
2274 3749 2328 3783 ipsa
2343 3750 2418 3775 suum

337 3786 393 3821 nis
404 3788 414 3804 ς
429 3786 486 3806 ¹¹³0
502 3800 510 3812 ⁷
525 3786 580 3820 .'u·e.-
611 3779 788 3818 [δἀσκθδὶξω]
824 3788 981 3822 Dujpergcre:
1000 3788 1122 3813 dissicere.
1159 3785 1322 3817 Columela,
1385 3786 1473 3811 eadem
1496 3794 1561 3819 quac
1580 3785 1788 3819 coagmentauit,
1810 3794 1900 3813 natura
1916 3787 2038 3813 dissoluit.
2108 3783 2164 3810 Cic.
2180 3783 2210 3809 dc
2226 3784 2324 3810 Sene&
2340 3792 2374 3819 72
2410 3804 2418 3810 .

303 3823 330 3840 10
352 3816 394 3854 Sin
409 3821 493 3841 autem
508 3817 734 3856 proximae-mellis
746 3823 921 3854 occupandum
935 3824 985 3849 erit
998 3822 1114 3850 restibile
1135 3821 1240 3847 deseclis
1262 3821 1321 3846 stra·
1384 3822 1418 3847 Vt
1430 3829 1539 3855 nauem,
1561 3820 1746 3846 vtaedisicv'um
1763 3821 1830 3847 idem
1848 3822 1956 3849 destruit
1977 3821 2100 3848 facillime
2119 3819 2165 3852 qui
2186 3819 2330 3846 construxit
2345 3830 2350 3845 :
2386 3818 2419 3845 fic
2443 3841 2451 3845 .

300 3857 410 3889 nient-is,
429 3856 542 3883 quatuor
555 3857 579 3877 et
593 3859 688 3890 vigum
702 3853 776 3879 vchcs
789 3855 906 3881 stercoris
920 3857 947 3881 in
960 3856 1319 3891 iugerumdisponcnms,dis·
1382 3856 1519 3882 hominem
1532 3855 1620 3881 eadcui
1635 3857 1734 3889 optime
1755 3866 1820 3891 quac
1841 3857 2049 3893 conglutinauit,
2068 3860 2159 3880 natura
2173 3854 2295 3880 diuoluit.
2350 3855 2420 3880 Con·

300 3884 497 3920 lipabunusque.
599 3886 654 3912 Cic.
668 3887 722 3920 poll
736 3888 797 3915 Rea.
811 3890 842 3917 ad
857 3891 933 3923 Qlir.
947 3900 974 3924 19
998 3893 1067 3920 Mihi
1085 3892 1157 3928 quod
1176 3892 1262 3928 potuit
1282 3891 1321 3918 vis
1330 3897 1373 3924 105
1382 3897 1481 3919 textum
1494 3890 1631 3918 dilibluere
1652 3892 1754 3919 Luci-et.
1769 3901 1788 3924 1,
1812 3901 1875 3927 244.
2070 3887 2091 3927 fl
2109 3897 2124 3916 2
2161 3890 2324 3926 Metaphoras
2344 3892 2419 3925 parit
2460 3895 2463 3898 ’

2331 3933 2419 3952 varlas
