2479 4225
37 165 108 214 465
425 155 705 197 Exc
1510 155 1777 196 axo
2090 159 2171 210 466

38 251 92 278 lum
104 245 253 280 sententias,
271 245 313 272 sed
327 246 407 272 etiam
419 244 508 271 Verba
522 245 612 271 omnia
630 245 757 279 excipere.
828 243 884 268 Huc
899 239 996 276 referat
1007 239 1071 279 illud
1127 242 1225 270 Fronte
1238 243 1305 270 laeta
1318 248 1438 277 exceptos
1454 243 1530 270 (ἔξω
1546 243 1647 270 inducit
1661 243 1752 278 hospes
1772 245 1817 272 Sil.
1833 254 1854 278 ὃ,
1892 266 1899 273 ·
1938 266 1945 274 ⁸
2015 247 2112 274 Gladio
2126 257 2171 274 ex-

39 285 92 314 Att'.
106 293 127 315 2,
140 291 160 310 ιι
181 282 259 308 Nunc
273 281 321 307 nili
336 281 353 308 fi
366 279 430 315 quid
443 288 474 306 ex
487 286 668 314 praetereunte
679 280 786 306 Viatore
797 284 934 312 exceptum
948 275 1066 307 est‚sc1re
1129 286 1217 312 ceptus
1231 287 1309 313 puer,
1327 281 1346 304 i.
1369 279 1469 314 Occisus
1489 280 1547 305 Seu.
1560 279 1672 311 Thyest.
1686 279 1705 305 s.
1718 289 1742 306 z.
1858 282 1931 309 Cure,
1945 291 1971 315 9,
1986 290 2008 316 ς,
2025 292 2041 316 9
2074 284 2122 310 lue
2138 283 2170 310 ad

40 319 106 348 nihil
118 317 254 354 possumus.
370 315 486 342 Verbera
506 315 635 349 patienter
658 314 738 342 Ouid.
753 312 818 340 Fast.
832 320 855 344 2,
867 319 941 351 4272
1014 311 1070 350 ,να
1131 322 1220 340 omnes
1234 315 1301 341 ictus
1315 313 1443 348 expofitus
1455 323 1533 349 aegre
1547 315 1599 341 iam
1614 320 1749 349 exceptum
1768 315 1913 349 poplitibus
1933 327 2027 353 corpus
2047 318 2171 346 tuebatur

39 356 100 383 stem
112 352 210 387 regiam
229 352 302 378 Curt.
316 361 336 383 3,
350 359 371 383 3,
387 359 420 384 ις.
436 353 453 376 ι’.
467 349 594 383 tractare,
606 352 726 387 seruare,
741 355 837 375 curare.
909 348 971 372 Vim
985 345 1068 379 frigo·
1130 348 1212 375 dom-c
1227 356 1272 376 etc.

37 398 96 418 rum
107 388 274 421 hiememque
295 386 350 412 Cic.
365 395 412 420 pro
426 385 516 412 Rabir.
531 386 597 412 Post.
610 395 648 418 42.
749 382 810 409 Liu.
824 390 870 414 40,
883 388 900 415 7
921 380 960 421 Ad
973 380 1018 407 has
1026 389 1068 420 cx·
1092 386 1106 412 ς
1165 391 1181 410 Ε
1192 393 1209 411 x
1219 392 1235 411 c
1245 392 1260 411 Ε
1270 392 1284 411 Ρ
1296 390 1318 411 ‘r
1330 384 1378 410 171<
1387 390 1407 409 v
1417 391 1429 409 s
1439 403 1446 415 ‚
1465 393 1494 414 a,
1525 394 1578 411 um.
1610 385 1703 412 Partic.
1739 383 1937 420 [ἔκληψᾶμενος]
1973 388 2070 415 Lucan.
2085 398 2105 422 1,
2120 397 2171 416 220

37 423 165 460 cipiendas
178 423 261 449 Voces
281 421 427 455 speculator
443 430 475 447 ex
488 422 608 448 conuiuis
622 418 706 448 Persei
716 418 819 449 miss'us,
839 425 921 457 quum
935 422 1067 442 incautlor
1131 419 1233 446 Primus
1271 420 1300 446 in
1338 419 1478 453 obliquum
1514 421 1617 455 sonipes
1653 421 1800 455 opponitur
1837 429 1942 449 amnena
2013 425 2172 459 Excepturus

36 459 226 489 obuersaretur,
240 463 360 491 exceptus
372 466 387 483 a
400 457 541 483 iuuenibus
554 457 625 483 forte
639 453 756 482 triclinio
769 453 879 486 egressus
894 452 961 478 male
974 451 1067 491 multa·
1129 463 1217 489 aquas,
1231 475 1233 479 ,

37 501 87 525 tur.
154 493 210 520 Cic.
223 492 255 519 de
268 493 342 519 Orat.
357 501 372 518 2
385 501 406 519 c.
419 497 432 522 8
450 493 586 526 Praecepta
619 505 664 511 —
698 487 730 515 ad
751 488 891 514 hominum
904 487 1068 526 exeun-endas
1166 497 1182 516 E
1193 499 1210 517 x
1221 495 1238 516 c
1250 497 1282 516 Π)
1291 497 1300 515 1
1309 496 1382 516 ΕΝΒ
1392 494 1434 515 vs
1443 508 1451 520 ‚
1477 497 1491 515 a
1500 508 1506 520 ,
1534 499 1587 516 um.
1623 491 1716 518 Partic.
1752 485 1920 527 [ἕκληπτέος]
1956 492 2038 519 Ouid.
2053 494 2129 528 Epist.
2144 503 2171 529 2,

37 529 196 563 Voluntates.
222 531 240 554 i.
262 528 392 563 capiendas
404 528 521 564 fcrarum
539 525 626 560 instar.
673 523 731 564 Isid-
751 522 821 549 modo
839 523 916 548 Senes
937 530 1066 562 excipere·
1131 534 1173 558 130
1195 526 1331 560 Linquor,
1357 530 1382 551 et
1395 524 1498 564 ancillis
1513 525 1664 558 excipienda
1678 526 1752 552 cado.

36 564 91 592 Cic.
105 572 154 598 pro
167 564 235 590 Sext.
249 571 279 594 23
306 563 443 590 Subcunda
461 572 509 598 pro
529 561 612 597 patria
625 558 755 595 pericula,
776 558 892 584 Vulnera
904 557 1066 592 excipienda.
1085 565 1113 584 ιο
1167 566 1383 592 EXCEPT10,
1406 564 1473 585 orus.
1511 560 1530 585 f.
1567 561 1753 596 [παραγραφῆ]
1790 562 1846 596 Qu
1866 561 1894 588 de
1906 561 2064 595 vnr'uerfitatc
2076 563 2174 597 aliquid

36 599 108 635 Conf.
123 597 192 625 S'uet.
210 599 276 632 Aug.
291 607 311 624 c.
327 607 368 624 zo.
564 594 584 633 q
610 604 628 628 4
664 595 827 631 Peculiariter
837 593 879 620 hic
892 596 1010 619 annotari
1022 602 1068 619 mc-
1132 599 1265 631 excipuur.
1307 595 1364 622 Vid.
1381 600 1511 622 excimo
1527 604 1553 621 n.
1568 603 1589 627 ς.
1680 598 1735 623 Cic.
1751 596 1782 623 de
1796 598 1898 623 Inuent.
1913 605 1932 628 1,
1945 600 1974 630 56
1988 606 2010 624 c.
2023 605 2049 629 33
2071 597 2173 624 Adstri.

32 641 116 666 retur,
142 633 261 668 excipere
283 633 406 660 interdum
427 633 490 659 idem
510 630 570 665 ff‘›
592 629 658 666 quod
666 630 753 665 sequi,
767 628 911 664 succedere,
932 626 1068 660 ἐκδέκεσθαι.
1132 631 1176 657 bat
1196 630 1228 656 ad
1251 631 1349 664 legem,
1369 637 1394 656 et
1416 629 1492 656 addat
1515 630 1694 665 exceptionem
1719 632 1801 665 hanc,
1821 633 1899 659 Extra
1921 640 2000 667 quam
2015 632 2032 659 fi
2046 632 2105 666 quis
2125 639 2171 658 etc.

35 670 125 697 Vitam
144 675 170 696 et
188 669 314 695 virtutem
333 669 455 695 Herculis
474 674 584 701 corpore
597 666 654 692 eius
667 664 786 692 ambusto
799 664 984 690 immortalitas
997 672 1068 689 exce·
1132 667 1188 692 Cic.
1208 666 1240 691 de
1260 666 1367 692 Amicit.
1387 667 1420 691 62
1445 665 1522 691 Tum
1543 665 1571 692 fit
1585 666 1654 692 inter
1673 676 1716 693 eos
1730 668 1852 694 omnium
1864 677 1970 700 rerum,
1989 667 2173 699 consiliorum,

35 705 97 741 pilse
109 704 206 731 dicitur
246 705 302 730 Cic.
318 713 365 739 pro
380 704 447 730 Sext.
463 711 505 736 143
518 711 539 727 t·-
553 705 593 730 68.
697 700 770 727 Caes·
783 700 811 726 B·
825 699 854 725 C·
876 707 908 729 2⁴5
922 706 938 733 7
972 699 1027 725 Hac
1041 708 1069 725 re
1131 707 1156 728 et
1169 701 1350 733 voluntatum,
1371 701 1423 727 fine
1436 700 1487 726 vlla
1502 702 1654 735 exceptione
1662 703 1845 729 communitas.
1940 703 2073 730 Polliceor
2087 704 2112 729 ei
2121 702 2173 729 stu-

35 740 138 775 eoguita
151 745 235 766 tantus
248 739 332 766 luctus
345 740 453 773 excepit.
524 736 595 763 Flor.
605 744 625 767 1,
637 744 649 767 3
667 735 771 769 Excipit
784 734 943 769 Pompilium
953 734 1070 761 Numam
1087 743 1111 769 ις
1131 736 1205 763 dium
1219 737 1327 770 quidem
1342 745 1432 762 mcum
1445 742 1470 762 et
1484 745 1591 771 operam
1607 736 1659 763 fine
1674 738 1724 764 vlla
1738 739 1892 773 exceptione
1905 745 1949 764 aut
1964 739 2063 766 laboris
2077 744 2120 766 aut
2128 747 2172 765 oc-

36 776 132 803 Tullus
146 775 282 802 Hostilius.
354 774 459 807 Excepit
472 772 609 798 Caesarem
621 771 726 805 grauius
741 769 840 797 bellum
861 769 926 796 Vell.
942 778 967 801 z,
978 778 1029 802 551,
1045 778 1068 796 2.
1131 772 1296 807 cupationis,
1315 777 1359 798 aut
1373 772 1499 805 temporis
1524 772 1581 798 Cic.
1600 773 1669 799 Fam.
1684 776 1710 805 6,
1723 781 1744 806 ς.
1848 773 1972 800 Victoria
1987 774 2040 800 fine
2061 773 2173 809 excepti-

35 811 94 838 Liu.
105 819 132 843 a,
146 813 175 837 61
186 817 228 850 pr.
248 809 447 837 Turbulentior
461 806 522 833 inde
535 815 617 833 annus
635 806 745 841 excepit.
833 804 907 845 Idem
921 812 941 837 ς,
954 813 986 837 42
1007 805 1069 831 Nox
1131 817 1183 834 one
1199 807 1268 834 Flor.
1284 815 1310 839 2,
1325 812 1360 839 18,
1378 815 1413 833 12.
1435 810 1452 832 i.
1468 806 1576 841 absoluta
1589 808 1689 834 deditio.
1804 808 1856 836 Sub
1868 810 2031 843 exceptione,
2040 809 2091 836 vid.
2107 816 2172 836 svn.

34 846 104 872 diem
115 846 222 880 excipit.
293 845 361 872 Add.
375 845 446 870 Cure.
474 850 517 876 ,7‚
524 851 552 875 4.
746 838 768 902 Ξ
789 848 803 874 ς
837 841 961 874 Excipere
982 840 1012 866 ab
1026 841 1070 867 illa
1132 843 1188 870 Cic.
1202 844 1240 876 Q
1250 843 1333 868 Fratr.
1349 851 1368 874 1,
1384 851 1404 875 1,
1419 851 1442 874 13
1467 843 1562 877 Neque
1574 849 1599 869 te
1612 844 1695 877 patiar
1708 846 1852 877 (qnantum
1867 845 1918 870 erit
1932 846 1958 871 in
1974 849 2035 876 me)
2058 854 2117 871 cum
2131 853 2172 871 ex-

27 884 114 917 prima
129 884 254 907 notatione
267 879 421 915 transfertur
434 888 448 904 a
480 878 539 907 hoc,
558 875 733 913 vtfignificet,
764 886 775 902 e
787 875 953 909 vniuerfitate,
961 885 1068 908 nurnero,
1131 878 1252 913 ceptione
1265 877 1376 904 laudari.
1417 877 1475 904 lljd,
1501 884 1620 905 LAVDO.
1710 879 1778 905 Cum
1796 879 1842 905 hac
1857 881 2010 914 exceptione
2024 881 2100 907 dmm.
2115 881 2173 907 gen·

32 917 121 949 turba,
135 918 185 952 lege
197 916 294 952 aliquid
303 917 411 941 eximere.
448 913 504 940 Cic.
518 913 601 939 Tusc.
616 921 636 944 1,
648 920 664 944 9
676 921 697 938 c.
713 919 725 944 ς
746 913 843 938 Omnes
856 911 1007 946 quicunque
1015 913 1068 938 nati
1080 923 1114 940 20
1132 913 1209 948 Epist.
1223 916 1249 939 6.
1443 911 1464 950 ff
1486 921 1502 939 2
1536 913 1612 949 Apud
1626 915 1699 940 ICtos
1715 912 1747 946 cst
1761 917 1827 940 ratio
1834 915 1858 949 s.
1867 915 1980 950 formula
1993 915 2174 952 intentionis-sl

33 951 100 982 sunt,
113 958 239 982 eruntue,
257 959 310 977 non
323 949 407 975 solum
421 949 526 978 miseri,
546 947 589 974 sed
603 950 683 974 etiam
697 948 798 981 semper
812 946 910 972 miseri.
967 947 1037 973 Nam
1050 947 1067 973 fi
1130 948 1240 975 actionis
1261 954 1378 983 tanquam
1397 949 1441 974 teli
1461 949 1587 975 cuiusdam
1608 948 1759 983 excipiendi
1779 950 1853 982 (vid.
1876 960 1900 975 n.
1920 952 1957 984 7)
1977 958 2000 977 et
2018 951 2174 986 infirmandi.

33 987 103 1014 solos
122 996 167 1014 eos
189 987 287 1013 diceres
299 985 423 1015 miseros,
440 983 537 1018 quibus
550 981 719 1009 moriendum
730 983 805 1014 ess‘et,
824 982 958 1008 neminem
973 988 999 1008 tu
1012 982 1069 1016 qui·
1131 985 1189 1011 Cic.
1205 984 1237 1010 de
1249 984 1350 1010 Inuent.
1365 991 1388 1013 2,
1402 991 1433 1018 57
1447 993 1469 1010 c.
1484 992 1512 1017 ¹9
1530 984 1600 1010 Nam
1613 990 1638 1010 et
1651 983 1792 1010 Praetoriis
1806 985 2004 1018 exceptionibus
2017 987 2114 1013 multae
2131 995 2174 1013 ex-

34 1021 94 1049 dem
113 1031 222 1054 eorum,
244 1021 290 1055 qui
311 1019 447 1051 vim-rent,
468 1019 620 1053 exciperes:
654 1017 823 1044 moriendum
843 1017 879 1044 est
898 1018 970 1043 enim
984 1018 1069 1044 omni·
1130 1020 1272 1046 cluduntur
1285 1018 1411 1045 aftiones.
1515 1020 1546 1045 lit
1555 1026 1584 1054 p.
1594 1025 1625 1054 p.
1652 1020 1682 1045 In
1703 1019 1762 1044 iure
1780 1019 1868 1053 (apud
1881 1021 2043 1055 Praetorem)
2061 1028 2087 1048 et
2101 1030 2174 1048 exce-

32 1056 92 1084 bus.
162 1057 232 1084 Idem
246 1057 298 1082 Att.
312 1063 344 1087 11,
357 1061 374 1088 7
394 1055 469 1081 Tum
484 1054 530 1080 ille
544 1053 628 1081 edixit
643 1053 694 1085 ita,
715 1058 744 1079 vt
755 1062 798 1079 me
815 1054 947 1087 exciperet
962 1059 987 1079 et
1008 1055 1069 1080 Lae-
1130 1056 1234 1089 ptiones
1248 1054 1427 1089 postulantur,
1447 1060 1473 1081 et
1493 1054 1692 1089 quodammodo
1710 1054 1804 1088 agendi
1825 1054 1935 1088 potestas
1955 1056 2039 1082 datur.
2094 1056 2134 1090 Est
2146 1061 2174 1083 in

32 1092 99 1119 lium
112 1091 284 1122 nominatim,
302 1089 374 1124 quod
388 1090 446 1116 sane
459 1089 565 1116 nollem.
635 1089 739 1115 Poterat
751 1088 823 1114 enim
843 1088 895 1114 fine
908 1089 1015 1115 nomine
1029 1099 1069 1116 res
1082 1094 1113 1120 25
1133 1091 1247 1124 Digestis
1272 1088 1364 1116 titulus
1384 1093 1449 1123 (44,
1463 1092 1491 1121 ι)
1510 1089 1543 1116 de
1565 1089 1785 1124 Excepdonibus,
1803 1089 2070 1124 praescriptionibus,
2092 1093 2174 1127 (quae

32 1127 87 1162 ipsa
101 1127 196 1161 excipi.
266 1127 297 1151 Et
321 1126 373 1151 Att.
393 1128 419 1157 6,
436 1132 449 1151 t
479 1125 572 1151 Furnii
592 1123 712 1157 exceptio
732 1123 801 1150 mihi
815 1133 868 1150 non
881 1124 963 1158 placet
980 1135 987 1155 ;
1024 1134 1069 1151 nec
1132 1126 1213 1152 eadem
1225 1134 1266 1152 res
1280 1123 1335 1159 cst)
1353 1130 1379 1151 et
1392 1124 1563 1151 Praeiudiciis
1577 1135 1583 1150 z
1611 1125 1676 1160 sunt
1694 1127 1753 1150 item
1772 1124 1845 1151 tituli
1866 1125 1898 1151 dc
1912 1126 2066 1160 exceptione
2080 1135 2119 1152 rci
2134 1136 2174 1152 iu<

20 1163 105 1190 -enim
117 1171 165 1198 ego
177 1161 260 1189 vllurn
273 1160 347 1187 aliud
360 1167 461 1195 tempus
474 1160 573 1194 timeo,
590 1159 638 1186 nisi
653 1158 719 1185 illud
728 1179 737 1191 ,
753 1159 826 1194 quod
838 1160 884 1186 ille
905 1160 988 1186 solum
1003 1161 1071 1187 exci-
1132 1161 1234 1188 dicatae
1248 1164 1313 1195 (44,
1326 1163 1357 1192 2)
1394 1167 1417 1186 et
1430 1160 1461 1187 de
1477 1160 1631 1195 exceptione
1645 1160 1686 1186 rei
1698 1159 1821 1186 venditae
1835 1163 1937 1193 (44,3)
1972 1170 2002 1187 ne
2014 1160 2075 1196 quid
2089 1161 2118 1188 de
2125 1171 2175 1187 ma-

31 1198 79 1235 pit.
150 1199 181 1224 Et
203 1196 263 1223 ibid.
280 1195 336 1231 post
357 1203 401 1232 pr.
421 1203 537 1222 memorat
558 1193 689 1229 conceffiffe
700 1194 729 1230 se
743 1196 835 1226 Bruto,
855 1196 890 1231 Vt
905 1195 977 1230 quod
990 1196 1070 1222 vellet
1131 1206 1182 1232 gna
1193 1199 1222 1223 vi
1237 1197 1342 1222 aliarum
1356 1196 1556 1230 exceptionum,
1573 1205 1674 1231 quarum
1682 1195 1771 1230 passim
1787 1200 1876 1221 mentio
1888 1195 1938 1228 est,
1957 1196 2075 1223 dicamus.
2119 1198 2176 1223 Mo-

31 1232 206 1269 praefeci-uras
227 1233 354 1263 sumeret,
375 1232 435 1257 dum
454 1240 485 1257 ne
504 1231 666 1264 negotiatori
701 1245 746 1250 —
782 1230 869 1256 deinde
884 1240 909 1256 eo
928 1231 1070 1266 respiciens,
1132 1232 1163 1259 do
1176 1232 1239 1258 illud
1244 1234 1354 1267 primum
1368 1231 1535 1267 ohseruamus,
1555 1231 1600 1257 hoc
1610 1240 1687 1267 genus
1699 1234 1864 1265 exceptionum
1880 1232 1948 1267 nasci
1955 1233 2015 1268 fere
2028 1241 2055 1258 ex
2068 1231 2110 1258 illo
2118 1235 2177 1267 pri-

33 1269 61 1296 id
72 1277 152 1301 vero,
169 1270 267 1303 inquit,
287 1276 333 1302 per
346 1274 371 1293 te
385 1275 584 1301 exceperamus,
603 1274 636 1291 ne
649 1266 829 1299 negotiatori:
865 1271 890 1292 et
904 1266 921 1291 fi
935 1268 1070 1301 cuiquam,
1082 1273 1115 1297 30
1132 1276 1180 1294 ore.
1217 1269 1284 1302 Qz-ae
1303 1269 1366 1293 enim
1384 1268 1423 1293 lex
1444 1270 1556 1302 excepit,
1573 1269 1609 1292 iis
1628 1269 1693 1293 tueri
1698 1266 1727 1301 se
1751 1273 1838 1293 contra
1851 1276 1918 1299 cum,
1950 1271 1977 1293 ui
1988 1269 2063 1304 legem
2077 1268 2176 1300 obiicit,

35 1303 95 1332 huic
107 1309 192 1330 tamen
205 1310 267 1329 non.
337 1302 410 1328 Idem
422 1302 454 1329 ad
468 1303 505 1336 Q
516 1303 599 1328 Fratr.
614 1310 634 1333 1,
652 1309 670 1332 1,
685 1309 709 1327 12
736 1301 958 1336 Nominatimque
973 1302 1014 1328 lex
1028 1310 1070 1328 ex-
1131 1304 1198 1330 licet.
1272 1302 1403 1338 Intelligas
1415 1302 1459 1328 hoc
1473 1311 1501 1328 ex
1513 1302 1566 1337 ipso
1586 1302 1642 1328 Cic.
1659 1301 1690 1328 de
1705 1301 1762 1328 Fin.
1774 1310 1800 1334 2,
1817 1310 1845 1328 21
1858 1311 1879 1328 c.
1894 1310 1911 1337 7
1948 1303 1957 1328 i
1970 1303 2008 1329 ita
2021 1303 2102 1335 dicit,
2121 1312 2176 1329 non

35 1339 146 1375 ciperet,
177 1344 206 1366 vt
231 1337 263 1364 ad
287 1337 413 1372 templum
436 1337 685 1370 monimentumque
705 1336 823 1362 nostrum
846 1345 937 1371 capere
970 1337 1070 1364 liceret.
1133 1339 1182 1364 esse
1194 1337 1425 1372 reprehendendos
1439 1338 1597 1368 luxuriosos,
1608 1337 1761 1371 fisapientes
1770 1337 1828 1370 finr,
1838 1337 1903 1364 dicit
1916 1337 2027 1364 absurde
2061 1353 2107 1358 —-
2144 1339 2175 1365 Et

36 1376 93 1403 Cic.
105 1374 136 1402 de
148 1375 203 1401 Inu.
216 1381 241 1406 2,
256 1381 298 1404 130
311 1382 332 1400 c.
346 1381 378 1406 45
400 1373 537 1399 Consuess'e
556 1382 601 1399 eos
610 1393 618 1405 ,
636 1372 683 1406 qui
705 1371 774 1406 leges
791 1372 920 1403 scribant,
940 1374 1071 1407 exceptio·
1134 1379 1223 1400 tamen
1234 1372 1299 1408 quid
1307 1372 1547 1400 attinetluxuriofis
1559 1373 1676 1407 aliquam
1688 1373 1868 1407 exceptionem
1880 1373 1918 1406 (a
1929 1375 1980 1409 lege
1990 1381 2109 1405 naturae,
2127 1383 2176 1409 qua

37 1411 116 1438 nibus
128 1409 175 1437 vti.
209 1407 309 1436 Deinde
332 1414 437 1443 oportet
461 1408 573 1435 recitare
596 1408 665 1441 leges
684 1416 743 1433 cum
755 1408 953 1442 exceptionibus
965 1409 1071 1443 scriptas
1133 1409 1172 1436 illi
1185 1412 1311 1444 excipiant
1322 1409 1527 1444 reprehensores)
1542 1407 1600 1434 dari
1617 1409 1626 1434 3
1702 1410 1732 1434 Et
1746 1411 1798 1435 Att.
1811 1411 1837 1441 6,
1854 1417 1863 1434 1
1873 1407 1929 1443 post
1942 1409 2003 1435 med.
2030 1410 2069 1435 De
2083 1409 2174 1436 Bibuli

34 1448 87 1466 —‘-
121 1453 174 1480 quo
186 1444 266 1479 magis
280 1451 340 1470 etun
373 1445 456 1481 (legis
463 1444 635 1480 scriptorem)
654 1442 782 1477 probetur
799 1443 875 1470 fuisse
889 1451 1070 1478 excepturum,
1087 1453 1116 1479 35
1133 1444 1222 1471 edicto
1234 1444 1303 1471 nihil
1318 1444 1402 1476 moui,
1425 1450 1529 1478 praeter
1541 1443 1614 1470 illam
1628 1444 1807 1478 exceptionem
1843 1459 1889 1464 —
1924 1444 1978 1479 Ego
1990 1450 2076 1471 tamen
2088 1444 2175 1471 habeo

32 1479 52 1506 fi
64 1479 127 1514 quid
140 1479 320 1514 excipiendum
334 1485 454 1513 putaret,
473 1485 499 1505 et
513 1478 650 1506 ostendere
664 1485 711 1504 etc.
755 1478 823 1504 Add.
840 1487 888 1512 140
903 1488 924 1506 c.
938 1487 974 1514 47
989 1481 1071 1515 Atqui
1133 1477 1306 1513 ἵσοδυνοεμῖςσαν
1325 1480 1367 1506 sed
1387 1480 1545 1511 tectiorem,
1564 1488 1596 1505 ex
1616 1480 1654 1512 Q
1665 1480 1750 1505 Mucii
1769 1480 1794 1505 P.
1808 1480 1836 1505 F.
1849 1478 1938 1506 edicto
1952 1480 2080 1513 Asiatico,
2097 1481 2175 1506 Extra

31 1514 74 1542 lex
87 1514 154 1542 nihil
168 1515 279 1550 excepit.
327 1515 391 1541 Non
410 1523 473 1549 ergo
492 1515 583 1541 omnia
596 1514 713 1548 scriptis,
733 1513 775 1539 sed
790 1514 919 1548 quaedam
933 1524 1000 1549 quae
1014 1525 1071 1550 per·
1132 1524 1212 1550 quam
1226 1515 1244 1542 fi
1258 1516 1294 1542 ita
1307 1516 1443 1550 negotium
1458 1515 1557 1549 gestum
1570 1514 1621 1546 est,
1641 1519 1670 1539 vt
1688 1523 1720 1541 eo
1733 1515 1794 1541 stari
1807 1524 1860 1540 non
1875 1522 1996 1549 oporteat
2015 1525 2045 1542 ex
2063 1516 2114 1542 fide
2128 1516 2174 1541 bo-

31 1549 119 1585 spicua
132 1552 204 1583 sunt,
220 1550 305 1577 tacitis
318 1549 519 1585 exceptionibus
532 1549 630 1576 caueri.
738 1549 794 1575 Cic.
807 1550 884 1576 Acad.
899 1559 925 1582 4,
940 1558 970 1584 73
990 1551 1070 1578 Nihil
1133 1560 1174 1578 na.
1212 1553 1285 1577 Hanc
1297 1560 1387 1586 quoque
1405 1551 1467 1587 legis
1488 1552 1664 1585 exceptionem,
1688 1551 1739 1586 lege
1757 1554 1842 1587 agenti
1859 1557 1977 1586 tanquam
1996 1553 2099 1586 clipeum
2118 1560 2174 1577 reus

30 1586 145 1620 excipit,
165 1586 197 1612 de
213 1595 267 1621 quo
279 1593 333 1611 non
346 1585 507 1620 profiteatur.
613 1583 668 1611 Cic.
681 1583 759 1610 Catil.
772 1592 800 1617 4,
815 1592 838 1616 15
859 1586 946 1611 Hosce
960 1594 1009 1620 ego
1024 1586 1070 1613 ho-
1128 1584 1209 1621 potest
1222 1586 1332 1613 obiicere.
1405 1587 1457 1612 Iam
1468 1592 1583 1620 ponemus
1613 1584 1712 1611 uaedam
1725 1585 1752 1611 de
1764 1586 1865 1622 legibus.
1923 1586 2027 1619 leian.
2040 1586 2058 1613 l.
2074 1595 2082 1611 1
2097 1586 2130 1611 D.
2142 1585 2175 1611 de

31 1621 115 1648 mines
127 1622 232 1656 excipio
244 1627 270 1646 et
283 1621 388 1647 secerno
401 1621 523 1647 libenter.
638 1620 697 1645 Hoc
711 1628 794 1645 vnum
805 1620 909 1654 excipio
929 1621 1024 1647 Catuli.
1035 1628 1070 1654 ις,
1078 1631 1115 1656 40
1133 1621 1311 1655 exceptionib.
1334 1622 1418 1655 Agere
1432 1619 1511 1648 etiam
1527 1621 1548 1646 is
1565 1620 1592 1646 vi
1612 1626 1685 1652 etur,
1705 1621 1752 1654 qui
1765 1620 1919 1654 exceptione
1938 1621 2032 1646 vtitur.
2103 1620 2175 1646 Nam
2218 1640 2221 1642 -

32 1665 65 1688 13.
136 1657 192 1683 Cic.
205 1657 237 1683 de
250 1655 343 1689 Diuin.
360 1664 379 1686 1,
392 1661 424 1690 87
443 1655 538 1689 Excepi
553 1654 584 1680 de
599 1654 731 1688 antiquis,
747 1655 1070 1690 praeterXenophontem,
1132 1665 1192 1683 reus
1208 1657 1235 1682 in
1248 1657 1400 1691 exceptione
1412 1656 1486 1682 aeter
1499 1655 1543 1682 est.
1647 1656 1679 1680 Et
1691 1654 1708 1680 l.
1717 1664 1730 1680 2
1751 1655 1875 1689 Exceptio
1886 1654 1957 1680 dieta
1970 1655 2005 1680 cst
2018 1654 2088 1688 quafi
2097 1663 2175 1689 quae-

29 1691 172 1718 neminem.
245 1691 275 1717 Id
289 1691 389 1725 legibus
403 1691 533 1725 excipitur
564 1689 621 1715 Cic.
636 1692 697 1723 Agr.
712 1697 727 1715 2
742 1699 763 1715 c.
777 1698 803 1722 9.
918 1692 949 1717 In
961 1692 1069 1718 summis
1132 1692 1192 1718 dam
1205 1692 1331 1723 exclusio,
1358 1700 1425 1725 quae
1448 1691 1549 1725 opponi
1568 1689 1669 1715 aeunni
1687 1690 1816 1723 cuiusque
1838 1689 1878 1717 rei
1891 1689 1956 1715 solet
1970 1690 2001 1715 ad
2016 1689 2175 1716 cludendum

4 1726 5 1753 ἰ
29 1726 144 1753 alicuius
168 1726 290 1753 laudibus
318 1734 396 1752 vnam
417 1727 536 1760 excipere
558 1725 723 1751 iracundiam
751 1725 806 1751 Cic.
822 1726 860 1758 Q
872 1726 954 1752 Fratr.
970 1735 1023 1758 1,1,
1038 1736 1068 1759 13.
1132 1727 1279 1759 (Haloand.
1299 1726 1477 1752 exhibendum
1492 1736 1497 1750 ε
1534 1724 1634 1749 videtur
1651 1725 1697 1759 leg.
1718 1723 1896 1755 eludendum)
1921 1724 1948 1750 id
1963 1725 2035 1759 quod
2050 1726 2080 1751 in
2091 1725 2176 1751 inten-

4 1757 6 1792 ᾖ
30 1761 111 1788 Nihil
135 1762 188 1788 iam
208 1761 361 1796 cupiditati,
381 1760 449 1787 nihil
477 1760 586 1787 libidini
608 1765 744 1793 exceptum
772 1760 863 1785 Tacit.
883 1761 969 1793 Agric.
988 1769 1022 1792 ις,
1040 1770 1067 1793 4.
1130 1762 1231 1786 tionem
1245 1759 1527 1786 condeninationemue
1540 1757 1682 1784 deductum
1697 1759 1741 1785 est.
1813 1759 2006 1793 Replicationes
2020 1760 2089 1787 nihil
2101 1760 2175 1788 aliud

4 1800 6 1806 ⁴
30 1797 105 1830 Virg.
129 1798 193 1823 Aen.
214 1805 247 1829 9,
274 1804 317 1830 271
352 1811 396 1816 ——-
431 1797 519 1830 Ipsum
537 1794 614 1820 illum
633 1794 763 1827 clipeum,
783 1794 924 1826 cristasque
943 1794 1067 1819 rubentes
1080 1798 1115 1824 45
1131 1795 1203 1823 sunt,
1223 1803 1302 1827 quam
1317 1795 1498 1828 exceptiones,
1518 1799 1543 1819 et
1555 1801 1569 1818 a
1583 1798 1656 1826 parte
1669 1793 1766 1820 actoris
1780 1795 1908 1827 veniunt,
1927 1804 1995 1830 quae
2007 1795 2116 1830 quidem
2129 1796 2174 1822 ad-

0 1807 7 2221 !
28 1831 162 1865 Excipiam
184 1831 265 1862 sorti,
287 1832 339 1856 iam
359 1840 428 1855 nunc
460 1835 504 1855 tua
536 1828 653 1860 praemia
685 1827 759 1852 Nise.
796 1829 815 1851 i.
835 1828 941 1852 Praeter
969 1828 1067 1853 sortem
1130 1836 1163 1853 eo
1177 1829 1331 1854 necessariae
1347 1830 1420 1861 sunt,
1441 1836 1469 1855 vt
1484 1828 1648 1862 exceptiones
1661 1829 1808 1857 excludant.
1860 1831 1967 1864 Semper
1980 1833 2051 1857 enim
2065 1831 2176 1865 replica-

0 1862 1 1865 *
27 1865 112 1897 dabo,
132 1871 160 1890 vt
172 1868 211 1890 ait
223 1865 336 1889 Seruius.
405 1864 488 1889 Plaut.
501 1862 561 1887 Mil.
576 1869 602 1891 2,
615 1869 638 1890 2,
651 1869 672 1891 13
694 1861 732 1885 Ita
745 1861 822 1886 senex
837 1860 904 1886 talos
916 1861 983 1887 elidi
998 1862 1065 1889 iussit
1128 1862 1168 1888 tio
1189 1862 1290 1889 idcirco
1308 1863 1454 1896 obiicitur,
1470 1870 1499 1890 vt
1513 1864 1695 1897 exceptionem
1710 1870 1851 1900 oppugnet.
1886 1880 1932 1885 —-
1968 1865 2016 1892 Sed
2035 1872 2061 1893 et
2081 1872 2174 1893 contra

28 1899 160 1926 conseritis
177 1899 260 1929 meis,
280 1897 323 1923 sed
343 1906 385 1922 me
405 1897 505 1931 excepit
521 1906 526 1922 ε
564 1895 645 1921 nihili
671 1894 744 1920 facio
763 1894 828 1929 quid
847 1895 926 1923 faciat
947 1898 1065 1924 caeteris.
1128 1897 1331 1932 replicationem
1354 1900 1421 1925 solet
1441 1899 1497 1926 dari
1519 1899 1665 1933 triplicatio
1685 1907 1730 1926 etc.
1767 1914 1810 1920 ·—
1847 1900 1979 1927 Dilatoria
1995 1901 2031 1927 est
2045 1901 2175 1936 exceptio,

67 1937 84 1962 6
119 1933 244 1961 Interdum
258 1932 376 1967 excipere
390 1942 437 1958 non
455 1930 629 1967 itafigniftcat
642 1933 746 1956 eximere
765 1930 878 1965 aliquid,
897 1938 927 1958 vt
939 1934 1014 1967 plane
1033 1933 1068 1959 ad
1129 1942 1197 1967 quae
1219 1933 1308 1960 differt
1329 1934 1463 1961 aditionem
1478 1954 1486 1966 ,
1522 1935 1606 1960 veluti
1627 1935 1811 1961 Procuratoria
1835 1936 1955 1970 exceptio
1976 1936 2102 1964 dilatoria
2127 1937 2172 1964 est.

26 1969 206 2004 uniuersitatem
218 1977 266 1994 non
278 1971 416 2003 pertineat,
429 1967 476 2003 sed
486 1968 630 1993 nominatim
643 1965 711 1992 modo
732 1972 755 1992 et
771 1972 872 2000 praeter
891 1974 987 1994 caetera
1004 1978 1066 1994 com·
1079 1973 1111 1999 50
1129 1968 1199 1994 Nam
1215 1970 1263 2002 qui
1276 1969 1355 2001 dicit,
1372 1979 1426 1996 non
1445 1970 1526 1995 licere
1545 1970 1729 2002 procuratorio
1748 1971 1858 1997 nomine
1877 1972 1934 2005 agi,
1954 1980 2008 1998 non
2020 1974 2126 2007 prorsus
2140 1972 2173 1999 li-

28 2014 173 2038 memorare,
199 2013 271 2039 eaque
290 2007 386 2030 ratione
405 2002 523 2038 definire,
546 2001 726 2040 determinare,
745 1999 902 2037 restringere.
944 2003 998 2029 Cic.
1017 2013 1077 2038 pro.
1128 2009 1182 2029 tem
1202 2003 1348 2037 infitiatur,
1369 2004 1413 2031 sed
1440 2005 1576 2039 personam
1595 2004 1686 2031 euitat.
1790 2006 1872 2032 Gaius
1887 2007 1904 2033 l.
1920 2014 1932 2038 3
1947 2007 2006 2034 eod.
2035 2008 2173 2042 Exceptio-

29 2041 131 2069 Cluent.
145 2048 188 2067 120
201 2048 223 2066 c.
237 2047 270 2073 43
289 2040 350 2073 Qia
363 2045 472 2073 propter
485 2038 513 2063 in
527 2036 650 2064 omnibus
672 2035 793 2070 leg1bus,
812 2036 909 2071 quibus
927 2045 1065 2073 exceptum
1127 2047 1172 2065 nes
1209 2053 1254 2059 --
1288 2046 1428 2074 perpetuae
1446 2045 1526 2074 atque
1545 2040 1721 2073 peremtoriae
1739 2042 1811 2073 sunt,
1832 2050 1899 2076 quac
1911 2043 2013 2076 semper
2024 2043 2113 2070 locum
2128 2043 2173 2070 ha-

31 2077 82 2110 est,
99 2075 131 2103 de
142 2074 237 2110 quibus
252 2075 330 2101 causis
344 2080 389 2101 aut
403 2073 582 2109 magistratum
595 2081 687 2106 capere
700 2081 754 2098 non
769 2072 861 2104 liceat,
883 2079 928 2099 aut
948 2074 1065 2101 iudicem
1127 2073 1206 2107 bent‚
1225 2083 1272 2101 nec
1288 2075 1383 2102 euitari
1398 2075 1514 2110 possunt,
1530 2075 1614 2109 qualis
1629 2075 1665 2101 est
1680 2075 1735 2102 doli
1749 2077 1831 2109 mali,
1851 2083 1877 2103 et
1897 2078 1937 2103 rei
1950 2078 2096 2112 iudicatae,
2115 2085 2140 2105 et
2153 2078 2171 2106 fi

33 2111 100 2147 legi,
119 2117 162 2138 aut
180 2111 292 2138 alterum
311 2111 446 2142 accusare,
467 2108 530 2136 haec
550 2108 714 2142 ignominiae
733 2108 807 2134 causa
826 2111 1002 2141 praetermissa
1020 2110 1064 2136 est.
1127 2109 1192 2143 quid
1213 2117 1303 2137 contra
1325 2110 1394 2144 leges
1430 2125 1476 2130 —
1511 2110 1612 2136 factum
1625 2111 1673 2137 ess'e
1684 2111 1788 2139 dicetur
1823 2127 1868 2132 —
1902 2113 2173 2149 Temporalesatque

33 2147 169 2182 Exceptum
182 2146 226 2177 est,
238 2149 256 2172 i.
269 2152 380 2176 cautum,
399 2143 557 2178 constitutum
564 2143 696 2179 speciatim
709 2141 751 2175 est.
820 2142 895 2169 Idem
915 2152 963 2178 pro
982 2145 1065 2173 Balbo
1081 2147 1110 2174 55
1127 2144 1283 2178 dilatoriae,
1304 2154 1371 2180 quae
1393 2154 1448 2172 non
1471 2146 1571 2180 semper
1590 2145 1678 2172 locum
1701 2147 1798 2174 habent
1832 2163 1877 2168 —
1912 2149 2016 2176 Paullus
2037 2150 2055 2176 Ι,
2070 2159 2100 2176 20
2112 2150 2172 2176 eod,

34 2178 66 2215 ⁸32.
77 2191 139 2216 e.14
170 2182 203 2209 At
221 2182 293 2208 enim
306 2181 434 2216 quaedam
455 2178 563 2206 foedera
577 2178 693 2211 exstant,
711 2183 740 2204 vt
752 2179 947 2206 Germanorum
983 2196 1030 2201 —-
1128 2180 1298 2214 Exceptiones
1321 2186 1504 2216 opponuntur,
1522 2187 1566 2208 aut
1590 2181 1651 2216 quia
1673 2182 1772 2209 facium
1798 2182 1844 2215 fit,
1877 2185 1948 2218 quod
1975 2185 2034 2211 fieri
2056 2191 2172 2221 oportet,

36 2226 146 2253 quorum
158 2217 185 2244 in
197 2217 350 2244 foederibus
365 2222 500 2250 exceptum
514 2215 567 2247 est,
585 2223 619 2240 ne
639 2214 698 2248 quis
711 2223 805 2241 eorum
819 2223 833 2240 a
847 2214 926 2241 nobis
943 2215 1010 2242 ciuis
1025 2225 1064 2243 re·
1127 2216 1166 2248 (a
1179 2217 1242 2251 reo)
1262 2222 1307 2243 aut
1329 2217 1393 2251 quia
1414 2216 1513 2243 facturn
1535 2225 1589 2243 non
1612 2216 1642 2243 fit
1661 2218 1714 2251 (ab
1735 2218 1841 2253 affore)
1862 2219 1933 2253 quod
1956 2219 2014 2247 fieri
2030 2220 2171 2247 debuerat:

34 2253 150 2288 cipiattir.
217 2252 297 2287 Qiod
318 2252 336 2278 fi
356 2251 475 2286 exceptio
487 2251 566 2283 facit,
585 2258 618 2276 ne
631 2249 708 2276 liceat
720 2260 726 2276 z
762 2249 802 2276 ibi
815 2252 911 2277 necesse
925 2251 960 2277 est
974 2252 1064 2285 licere,
1124 2256 1169 2278 aut
1185 2252 1248 2287 quia
1265 2251 1316 2286 (ab
1329 2249 1436 2287 affore)
1455 2252 1556 2278 factum
1569 2261 1623 2278 non
1637 2252 1683 2285 fit,
1703 2253 1777 2288 quod
1790 2253 1848 2280 fieri
1861 2255 1996 2282 debuerat.
2067 2256 2171 2283 Paullus

32 2287 78 2314 vbi
91 2297 142 2314 non
155 2288 190 2315 est
203 2294 347 2323 exceptum.
383 2288 438 2314 Vbi
450 2287 486 2313 est
500 2287 582 2321 igitur
595 2291 731 2319 exceptum
743 2285 853 2312 foedere
866 2286 1011 2317 Gaditano,
1031 2297 1063 2314 ne
1124 2286 1141 2312 Ι.
1157 2295 1190 2313 22
1203 2286 1262 2314 eod.
1288 2288 1413 2322 Exceptio
1425 2287 1461 2313 est
1475 2287 1595 2314 conditio
1604 2308 1612 2320 ‚
1624 2297 1691 2322 quae
1704 2289 1785 2315 modo
1798 2290 1892 2316 eximit
1905 2300 1979 2317 reum
1993 2287 2171 2323 damnatione,

6 2321 7 2347 ζ
30 2331 107 2358 quem
119 2324 230 2358 Populus
243 2325 320 2351 Rom.
335 2323 494 2350 Gaditanum
505 2321 616 2356 recipiat
635 2321 743 2347 ciuitate
758 2322 768 2347 3
805 2322 885 2348 Etiam
918 2323 960 2348 hic
991 2331 1063 2349 exce.
1071 2326 1107 2352 60
1125 2322 1207 2349 modo
1218 2323 1317 2349 minuit
1330 2323 1535 2350 damnationem.
1572 2323 1720 2358 Replicatio
1741 2324 1777 2351 est
1796 2327 1927 2353 contraria
1948 2328 2083 2362 exceptio,
2098 2328 2169 2363 quasi

0 2350 7 2400 ”l
29 2364 101 2393 ptum
119 2359 154 2385 cst
174 2361 240 2386 nihil
251 2359 320 2386 aliud
324 2359 472 2397 fignificat,
491 2367 563 2394 quam
575 2363 672 2383 cautum
686 2355 734 2389 est,
753 2355 911 2389 constitutum
925 2356 966 2391 est.
1023 2358 1064 2392 Est
1125 2359 1287 2392 exceptionis
1301 2359 1430 2393 exceptio.
1468 2359 1569 2389 Caetera
1583 2368 1598 2385 a
1613 2361 1683 2385 ICtis
1696 2361 1851 2396 requirenda.
2048 2361 2068 2400 q
2090 2373 2100 2395 3
2121 2364 2169 2389 Ex.

6 2406 7 2430 3
27 2397 98 2421 etiam
110 2398 137 2420 in
149 2395 240 2421 talibus
251 2397 334 2431 aliqua
347 2397 511 2428 uniuersitas,
525 2392 571 2429 fid
583 2402 631 2418 non
644 2395 671 2418 in
685 2394 744 2434 lege,
800 2393 855 2419 Lex
874 2393 972 2428 excipit
990 2396 1064 2434 ›ze-li·
1125 2394 1213 2434 ceptio
1239 2393 1350 2429 definitio
1369 2393 1418 2427 est,
1437 2392 1579 2434 restriflio,
1599 2394 1787 2428 determinatio,
1805 2403 1834 2422 vt
1858 2398 1991 2432 loquuntur
2017 2398 2168 2434 Philosophi.

26 2436 94 2463 ceat,
114 2430 178 2465 quod
209 2431 286 2461 aliar,
302 2430 390 2465 obtque
419 2430 466 2455 hac
496 2430 547 2464 lege
580 2427 600 2459 Ιῐ
630 2426 700 2460 cffet,
719 2426 816 2453 licebat.
929 2429 971 2455 Sic
996 2429 1063 2457 Plin.
1125 2429 1192 2456 Plin.
1211 2430 1270 2456 Pan.
1290 2435 1328 2462 38,
1347 2437 1364 2464 7
1389 2429 1438 2456 Tu
1462 2428 1587 2464 quidem,
1607 2431 1718 2463 Caesar,
1737 2431 1809 2458 illam
1827 2433 2007 2466 exceptionem
2020 2434 2169 2466 remouisti,

6 2473 68 2499 ‚⁷14,
82 2474 91 2492 ι
109 2467 127 2491 s.
143 2474 155 2497 3
182 2465 209 2491 de
227 2465 336 2495 vitibus,
356 2466 385 2490 In
405 2469 507 2489 tantum
527 2462 667 2494 sublimes,
683 2468 711 2488 vt
730 2462 894 2489 vindemitor
913 2464 1064 2492 auctoratus
1126 2465 1153 2490 Si
1166 2464 1247 2491 modo
1260 2464 1331 2491 filius
1344 2465 1372 2491 in
1384 2465 1509 2500 potestate
1523 2465 1604 2499 patris
1617 2466 1711 2493 fuiffet.
1749 2468 1841 2502 Nempe
1852 2477 1881 2493 ex
1897 2470 1945 2493 tali
1956 2468 2115 2503 definitione,
2129 2478 2166 2496 ra-

6 2503 8 2534 ξ
25 2509 120 2534 rogum
133 2509 162 2526 ac
175 2500 307 2525 tumulum
320 2499 446 2533 excipiat,
464 2501 483 2524 i.
492 2496 665 2532 praestandum
673 2495 879 2532 fibistt'puletur,
892 2498 917 2531 st
930 2499 1005 2534 forte
1024 2501 1064 2527 de·
1076 2498 1108 2530 65
1115 2498 1252 2533 strictione
1264 2506 1309 2527 etc.
1329 2498 1437 2535 efficitur
1450 2508 1474 2526 et
1479 2500 1611 2535 formatur
1625 2501 1743 2535 exceptio
1752 2505 1855 2536 proprie
1868 2501 1945 2527 diHa.
1999 2503 2130 2536 Qiine'lil.
2144 2513 2167 2536 2,

6 2536 7 2539 ’
25 2535 108 2570 lapsus
121 2537 248 2560 moriatur.
319 2533 390 2559 Idem
404 2542 447 2566 29,
464 2542 472 2559 1
488 2534 504 2559 s.
518 2538 531 2562 8
549 2533 639 2566 Quum
654 2533 766 2559 Graecos
780 2533 855 2559 Italia
867 2534 1003 2568 pellerent,
1018 2545 1058 2563 ex-
1124 2542 1159 2568 ις,
1179 2538 1208 2566 36
1230 2535 1356 2562 Albutius
1392 2551 1438 2556 --
1472 2536 1608 2562 scientiam
1628 2536 1694 2562 bene
1708 2537 1814 2562 dicendi
1835 2537 1883 2562 effe
1904 2537 2090 2572 (rhetoricen)
2104 2548 2165 2565 cou-

27 2570 118 2603 cepiss'e
132 2568 251 2595 Medicos
260 2588 266 2599 ,
285 2571 301 2594 i.
315 2570 378 2604 quod
383 2569 509 2605 sententia
516 2568 627 2603 postulat
633 2588 641 2600 ‚
651 2571 798 2595 nominatim
812 2574 835 2595 et
842 2576 944 2604 praeter
955 2578 1063 2598 caeteros
1124 2571 1202 2598 sentit
1216 2582 1222 2597 ι
1256 2571 1300 2597 sed
1314 2571 1514 2605 exceptionibus
1527 2577 1628 2603 peccat,
1647 2571 1815 2603 adiiciendo,
1836 2571 1905 2597 circa
1924 2572 2016 2599 ciuiles
2035 2575 2166 2607 quaestio-

26 2613 105 2630 eorum
118 2607 259 2630 mentionem
265 2603 360 2640 fectſje.
396 2606 463 2632 Nam
476 2613 519 2630 nec
536 2610 593 2629 ante
609 2603 734 2638 excepisse
751 2605 878 2631 inculcare
897 2605 1063 2642 duriusculum
1122 2615 1184 2638 nes,
1202 2612 1227 2632 et
1242 2605 1417 2632 credibiliter.
1522 2605 1594 2631 Idem
1609 2608 1635 2637 6,
1649 2613 1672 2638 3,
1689 2613 1716 2631 ιο
1742 2606 1957 2640 Vrbanitatemfic
1969 2607 2028 2642 finit
2040 2611 2166 2636 Domitius

26 2637 77 2672 est,
94 2646 118 2666 et
132 2639 209 2675 tpfiam
221 2649 310 2675 quoque
322 2640 495 2666 vehementiam
510 2640 589 2665 Plinii
608 2643 635 2665 in
652 2639 756 2665 medicos
770 2643 903 2674 praecipue
922 2642 1063 2668 inuehcntis
1122 2641 1240 2675 Marsus,
1257 2640 1398 2666 Vrbanitas
1410 2639 1447 2666 est
1459 2639 1545 2665 virtus
1553 2640 1681 2674 quaedam
1695 2641 1724 2669 in
1738 2641 1821 2668 breue
1835 2641 1936 2669 dictum
1950 2643 2056 2674 coacta,
2074 2651 2165 2680 etapta

24 2673 92 2710 quast
103 2681 202 2701 eneruat
213 2684 242 2700 ac
255 2675 337 2701 diluit.
407 2676 474 2701 Plin.
486 2675 514 2700 in
527 2675 619 2708 Paneg.
627 2676 658 2702 68
677 2674 747 2700 Nam
760 2682 819 2700 cum
833 2675 964 2708 excipias,
983 2682 1011 2702 vt
1024 2677 1060 2703 ita
1069 2678 1105 2705 70
1121 2675 1152 2700 ad
1166 2674 1332 2701 delectandos
1345 2682 1390 2701 etc.
1427 2675 1479 2701 Cui
1493 2675 1678 2710 (definitioni)
1697 2676 1715 2702 fi
1729 2676 1867 2703 breuitatis
1879 2679 2060 2712 exceptionem
2081 2679 2164 2707 detra-

26 2710 132 2736 demum
151 2717 176 2736 te
190 2710 236 2736 Dii
250 2711 368 2742 seruent,
386 2709 404 2735 fi
419 2709 484 2735 bene
497 2709 589 2741 Remp.
604 2714 629 2734 et
643 2716 674 2733 ex
688 2708 803 2734 vtilitate
816 2709 939 2734 omnium
950 2711 1061 2741 rexeris,
1122 2710 1206 2741 xeris,
1225 2719 1316 2737 omues
1332 2710 1463 2737 orationis
1481 2711 1593 2737 virtutes
1613 2711 1749 2745 complexa
1766 2711 1804 2738 sit.
1843 2713 1936 2748 Nempe
1948 2714 1993 2740 hoc
2007 2718 2080 2741 etiam
2092 2725 2164 2742 exee-

24 2748 43 2774 i.
58 2754 111 2771 cum
124 2746 189 2781 hanc
201 2745 363 2771 conditionem
372 2750 452 2778 ponas
463 2747 490 2769 in
499 2743 613 2778 precibus
627 2745 687 2768 tuis.
723 2743 876 2778 Quamquam
890 2744 946 2776 hic,
963 2752 992 2771 vt
1005 2746 1061 2772 bene
1122 2744 1221 2778 ptionis
1233 2755 1309 2781 genus
1323 2756 1352 2772 ex
1365 2745 1541 2779 vniuerfitate,
1560 2747 1601 2772 ve!
1612 2755 1698 2781 genere
1709 2747 1807 2782 aliquid
1817 2751 1911 2774 eximit.
1948 2750 2104 2785 Arnob.7p.
2112 2760 2164 2778 220

23 2781 187 2809 Schwarzius
199 2788 293 2813 monet,
306 2779 387 2815 potest
402 2789 442 2806 res
460 2781 534 2805 etiam
547 2778 581 2804 ad
594 2781 755 2813 exceptionem
768 2780 841 2815 vulgo
860 2782 897 2805 ita
910 2778 1004 2807 distant
1023 2790 1061 2808 re·
1121 2780 1213 2815 Itaque
1226 2790 1290 2815 ergo
1303 2781 1336 2808 ab
1352 2781 1401 2807 DIs
1418 2781 1497 2814 longe
1515 2781 1625 2807 infamia
1639 2781 1675 2807 est
1688 2781 1736 2808 ista
1748 2788 1803 2809 tota
1815 2783 1935 2817 pellenda
1969 2800 2014 2806 —
2050 2786 2068 2812 fi
2082 2787 2164 2814 modo

0 2816 99 2854 ?Jerri.
138 2818 230 2851 Nempe
244 2819 299 2849 ita,
318 2817 424 2843 Seruate
442 2824 484 2842 me
498 2815 549 2846 DI,
567 2813 620 2840 nist
633 2813 701 2840 male
720 2822 824 2840 texero.
866 2814 924 2842 Vid.
944 2822 988 2843 Ex
999 2822 1016 2842 c
1026 2823 1060 2843 Ε-
1121 2815 1158 2841 DI
1173 2816 1231 2843 veri
1244 2817 1318 2849 sunt,
1335 2822 1413 2885 ajque
1427 2816 1456 2842 in
1470 2816 1585 2843 nominis
1602 2816 1681 2843 huius
1700 2819 1855 2852 exceptione
1874 2820 1999 2853 ponendi.
2051 2823 2115 2849 Veri
2130 2821 2164 2855 est

23 2858 135 2885 PTlO,
152 2861 179 2878 n,
211 2860 231 2883 3.
442 2848 462 2888 q
481 2857 506 2912 Z
541 2848 744 2888 Qemadmodum
776 2849 946 2884 excipiuntur
974 2851 1058 2884 ictus,
1071 2853 1107 2883 75'
1121 2854 1238 2885 exceptio.
1275 2852 1312 2879 DI
1323 2859 1363 2887 po·
1376 2858 1421 2878 unt
1434 2850 1476 2885 effi
1488 2853 1600 2888 Iupiter,
1620 2854 1695 2884 Iuno,
1713 2857 1805 2881 caeteri
1818 2865 1826 2880 .·
1862 2855 1921 2881 veri
1938 2854 1979 2889 (ste
1991 2866 2039 2882 non
2053 2857 2161 2892 poffimt.

0 2887 4 2937 l
23 2887 154 2923 pericula,
190 2887 241 2913 tela
272 2893 317 2913 etc.
359 2889 397 2913 ita
432 2894 479 2922 apu
533 2886 606 2912 ICtos
633 2885 782 2919 simpliciter
804 2885 932 2919 ‚excipere
964 2887 1058 2914 dicitur
1117 2886 1191 2922 Conf.
1205 2892 1487 2914 EXCEPTWNCVLA.

0 2940 5 2958 :
24 2932 97 2956 rent,
134 2932 188 2950 cum
220 2919 342 2949 ac‘lionem
363 2921 415 2956 fibi
438 2925 586 2948 intentatam
616 2926 734 2955 tanquam
764 2921 854 2953 telum,
871 2921 979 2957 oppofita
1011 2924 1058 2950 ali·
1156 2928 1323 2950 EXCEPTi
1336 2929 1522 2955 vchLA‚
1546 2931 1586 2949 ae.
1615 2923 1635 2949 f.
1672 2924 1775 2951 Dimin.
1810 2925 1868 2951 Sen.
1883 2925 1960 2960 Epist.
1975 2935 2009 2953 20
2040 2928 2111 2961 Qu'd
2126 2928 2162 2955 est

42 2967 72 2983 ua
101 2961 209 2987 ratione,
247 2957 360 2992 excipit,
378 2967 438 2993 quae
470 2957 524 2992 ipsa
553 2958 619 2982 ratio
650 2955 773 2990 Exceptio
804 2962 917 2983 vocatur.
978 2958 1009 2985 V.
1033 2968 1060 2995 g.
1119 2957 1265 2991 sapientia?
1300 2959 1407 2993 Semper
1421 2958 1491 2984 idern
1506 2958 1575 2984 velle
1588 2963 1613 2984 et
1626 2957 1697 2985 idem
1710 2960 1790 2987 nolle.
1827 2961 1900 2987 Licet
1920 2962 1992 2988 illam
2012 2964 2162 2997 exceptiun-

55 2991 62 3018 l
82 2992 132 3023 ian.
146 2993 163 3020 l.
178 3002 187 3019 1
201 2991 223 3029 ᾗ.
238 2995 266 3019 16
279 2993 312 3019 D.
326 2992 359 3020 de
371 2993 501 3019 fluminib.
521 2991 611 3018 Labeo
629 2990 736 3024 scribit,
770 3007 816 3016 —.
851 2992 893 3025 ei,
912 2993 958 3027 qui
979 2994 1058 3021 inter-
1119 2993 1205 3019 culam
1218 3002 1271 3020 non
1286 2994 1410 3026 adiicias,
1429 2999 1458 3020 vt
1470 2993 1572 3020 rectum
1585 2993 1629 3026 fit,
1650 2995 1722 3030 quod
1735 2996 1811 3023 velis.
1848 2997 1913 3023 Non
1931 2997 2015 3031 potest
2035 2999 2161 3034 cuiquam

28 3001 99 3054 (Ιίἆο
119 3029 274 3055 conuenitur
307 3044 353 3048 —
388 3029 425 3054 ita
450 3029 499 3054 effe
529 3026 728 3061 excipiendum,
744 3027 824 3054 Extra
843 3036 921 3062 quam
940 3028 957 3055 fi
971 3030 1007 3056 ita
1021 3030 1058 3056 fa-
1070 3031 1103 3058 80
1120 3029 1221 3063 semper
1234 3029 1306 3056 idem
1321 3029 1437 3064 placere»
1454 3028 1503 3055 nifi
1521 3029 1632 3056 refilssm·

30 3061 100 3088 &um
114 3062 161 3096 fit,
175 3064 219 3090 vti‘
229 3063 260 3090 de
274 3063 330 3098 lege
344 3063 402 3091 fieri
418 3064 502 3090 licuit.
573 3062 679 3089 Paullus
707 3062 724 3088 l.
747 3071 765 3096 4
787 3063 819 3089 D.
836 3063 868 3090 de
880 3065 1057 3099 exceptionib.
1154 3071 1170 3091 E
1180 3072 1197 3091 Χ
1207 3071 1222 3091 C
1233 3071 1248 3090 E
1257 3071 1271 3090 Ρ
1280 3071 1301 3090 Τ
1313 3071 1333 3091 o
1343 3085 1351 3096 ‚
1371 3069 1423 3091 are.
1441 3065 1581 3098 Frequent.
1617 3066 1728 3100 [σνχνῶς
1740 3066 1908 3100 ἐκλαμβάνοι]
1944 3067 2018 3101 Virg.
2031 3068 2126 3102 Georg.
2136 3077 2160 3102 3,

29 3096 56 3122 Si
69 3105 124 3123 rem
138 3097 244 3132 legatam
258 3105 326 3133 petat
341 3099 498 3134 legatarius,
518 3097 549 3125 de
564 3098 627 3125 dolo
640 3098 769 3124 testatoris
787 3099 926 3133 excipitur.
999 3102 1057 3128 Cel·
1119 3107 1166 3134 273
1188 3101 1243 3126 Ore
1255 3108 1346 3126 omnes
1361 3101 1451 3128 versae
1466 3100 1494 3126 in
1507 3100 1654 3135 Zephyrum
1668 3101 1733 3128 stant
1740 3102 1849 3136 rupibus
1856 3103 1931 3134 altis,
1965 3103 2159 3138 Exceptantque

10 3146 13 3156 .
30 3132 70 3158 sus
84 3131 100 3158 Ι.
114 3139 130 3164 9
142 3133 173 3159 D.
185 3133 216 3159 de
230 3134 409 3168 probationib.
429 3135 484 3169 Qu
498 3134 609 3169 excipit,
629 3133 740 3168 probare
754 3132 846 3167 debet,
867 3135 938 3169 quod
960 3137 1058 3172 excipi-
1119 3135 1190 3161 leues
1203 3144 1286 3162 auras.
1323 3139 1341 3162 i.
1365 3137 1514 3170 Frequenter
1528 3139 1555 3162 in
1563 3136 1592 3171 se
1604 3137 1723 3169 trahunt,
1739 3144 1762 3163 et
1773 3141 1890 3173 capium,
1910 3143 1934 3163 et
1947 3139 2013 3163 velut
2029 3139 2158 3166 hauriunt.

29 3171 73 3193 tur
106 3181 150 3187 -—
178 3178 181 3185 ’
203 3170 295 3199 etitor‚
313 3179 366 3197 non
386 3170 433 3205 qui
451 3170 562 3205 excipit,
583 3169 695 3204 probare
716 3169 802 3196 debet.
874 3172 905 3197 Et
924 3171 941 3198 l.
963 3177 988 3202 18
1002 3171 1055 3209 §.2
1118 3171 1167 3197 Per
1180 3170 1287 3205 pectora
1299 3172 1386 3198 saeuas
1400 3172 1521 3205 Exceptat
1535 3177 1634 3198 mortes
1653 3172 1697 3198 Sil.
1713 3181 1739 3204 9,
1752 3175 1805 3204 368.
1836 3175 1854 3199 i.
1871 3175 1898 3198 in
1907 3173 1936 3209 se
1948 3176 2038 3208 recipit
2050 3174 2080 3199 ab
2097 3176 2158 3200 aliis

29 3201 88 3242 eod.
107 3177 494 3244 Impositamnimprobationem
513 3214 566 3232 non
586 3205 628 3238 ei,
654 3205 701 3240 qui
719 3205 818 3240 excepit
838 3205 863 3232 se
880 3215 934 3232 non
951 3209 1056 3242 respon.
1073 3210 1102 3239 85
1117 3208 1265 3232 translatas.
1357 3207 1414 3233 Sen.
1428 3206 1460 3232 de
1474 3207 1563 3233 Bencf.
1576 3209 1599 3238 6,
1615 3213 1641 3239 38
1670 3208 1843 3242 Eloquentiae
1860 3214 1976 3243 exceptat
1994 3210 2106 3243 pretium
2126 3210 2159 3236 li-

29 3235 108 3269 diss'e,
126 3237 167 3264 scd
184 3237 276 3266 ὓᾶοῐι.
467 3239 488 3278 q
509 3246 521 3271 8
559 3241 618 3277 Obs.
638 3241 778 3276 Singularis
790 3239 823 3273 esl'
836 3242 901 3267 Iocus
915 3242 975 3268 Liu.
988 3251 1012 3276 ς,
1028 3252 1058 3278 14
1118 3242 1185 3268 tium
1199 3251 1331 3268 numerus.
1425 3243 1467 3269 Sic
1475 3243 1589 3279 Erasmus
1601 3243 1708 3270 dederat.
1746 3243 1792 3269 Sed
1804 3241 1836 3276 est
1850 3242 1922 3269 IeHio
1935 3243 2061 3270 admodum
2074 3245 2157 3277 dubia,

23 3279 68 3308 pr·
99 3271 147 3312 Ipfi
164 3273 288 3308 (patricii
305 3278 332 3303 in
351 3276 524 3312 difieptatione
545 3284 632 3303 contra
645 3277 751 3311 plebeios
768 3275 950 3313 magistratus)
966 3278 1060 3305 cuncta
1117 3277 1182 3312 quod
1200 3277 1283 3304 videri
1295 3274 1375 3313 potest
1387 3277 1454 3312 apud
1464 3279 1602 3305 Gruterum.
1639 3279 1714 3304 Gron.
1730 3278 1903 3314 Eloquentiae
1915 3285 2020 3313 exoptat
2031 3281 2157 3313 pretium,

0 3314 4 3321 ’
30 3313 192 3342 experientes
204 3317 255 3336 non
269 3309 384 3338 homines
397 3312 488 3345 modo,
504 3312 545 3338 sed
554 3313 622 3338 Deos
631 3313 710 3338 etiam
722 3311 901 3346 excipiebant,
920 3316 938 3339 i.
959 3321 988 3339 vt
997 3314 1057 3349 sua-
1117 3312 1207 3339 litium
1221 3322 1354 3340 numerus.
1390 3314 1515 3348 Optimum
1522 3313 1596 3348 forte
1611 3313 1767 3348 Eloquentia
1801 3329 1847 3335 ——-
1882 3323 2030 3340 numerum.

0 3342 6 3366 ’ἱ
28 3343 216 3378 detftntentia,
230 3351 277 3379 pro
284 3345 330 3380 sua
342 3348 412 3382 causa
424 3348 568 3384 allegabant.
604 3347 650 3374 Sed
662 3349 728 3374 locus
737 3347 812 3382 forte
823 3355 953 3384 corruptus
966 3347 1015 3382 ‘st’
1034 3356 1057 3376 et
1153 3354 1170 3374 E
1179 3356 1197 3375 x
1208 3354 1225 3374 C
1237 3355 1253 3375 E
1264 3355 1278 3374 P
1288 3355 1309 3374 Τ
1318 3354 1408 3380 ANS,
1424 3349 1500 3374 antis.
1521 3349 1613 3375 Partic.
1650 3349 1706 3376 Cic.
1722 3350 1750 3376 in
1763 3350 1851 3376 Parad.
1865 3359 1893 3382 5,
1907 3359 1918 3375 2
1944 3350 1974 3375 Et
1988 3349 2094 3376 videant
2107 3350 2154 3377 ali-

0 3370 5 3422 l
24 3377 136 3416 praestat
148 3380 234 3414 legere,
243 3380 305 3413 quod
316 3389 357 3407 net
371 3383 570 3410 Drakenborchio
584 3383 706 3418 displicet,
717 3382 862 3409 exciebant.
1062 3389 1099 3412 90
1116 3392 1194 3417 quem
1215 3384 1322 3410 summis
1340 3393 1374 3418 po
1394 3383 1433 3410 uli
1452 3384 1586 3410 beneficiis
1599 3385 1672 3410 vsum
1681 3405 1690 3417 ‚
1707 3384 1858 3413 barbatulos
1877 3385 1961 3411 mulos
1975 3382 2154 3414 exceptantem

30 3448 36 3454 ·
60 3420 82 3454 'E
91 3420 109 3453 x
119 3420 135 3440 c
145 3420 184 3453 Ei>
195 3419 216 3439 Τ
229 3420 270 3440 vs
279 3433 288 3446 ,
310 3424 333 3448 a,
353 3425 406 3444 um.
439 3419 531 3445 Partic.
567 3419 741 3453 [ἐξῃρημένος]
777 3418 896 3453 Exceptis
910 3417 1054 3445 insularum
1115 3419 1151 3446 de
1160 3419 1266 3453 piscina.
1336 3393 1520 3452 Resliituendmn
1533 3423 1604 3446 etiam
1614 3427 1731 3454 putamus
1743 3421 1788 3448 hoc
1801 3421 1898 3446 uerbum
1907 3419 2069 3447 Ciceronid:
2078 3422 2153 3448 Orat.

0 3459 5 3511 ι
28 3449 122 3489 incolis
136 3449 200 3475 Plin.
214 3457 237 3481 3,
252 3457 272 3480 3.
341 3451 452 3487 Excepto
464 3461 536 3488 patre
549 3459 596 3480 tuo
611 3454 678 3480 Plin.
693 3455 721 3480 in
736 3455 827 3488 Paneg.
840 3461 881 3488 43.
951 3455 1007 3480 Cic.
1022 3454 1054 3481 de
1115 3463 1137 3487 3,
1150 3457 1176 3487 6,
1190 3464 1202 3487 3
1237 3454 1422 3489 Illatanquam
1435 3456 1537 3487 Cycnca
1551 3455 1602 3481 fuit
1616 3455 1703 3483 diuini
1717 3456 1831 3482 hominis
1845 3464 1896 3481 vox
1912 3461 1936 3480 et
1949 3457 2052 3488 oratio,
2073 3466 2152 3491 quarn

19 3485 133 3525 ,stu-uem
149 3493 197 3518 ¹04
219 3485 272 3510 Vos
284 3489 369 3511 autem
382 3487 488 3522 hortor,
505 3495 534 3517 vt
547 3490 583 3516 ita
596 3490 723 3516 virtutem
735 3489 842 3521 locetis,
857 3489 910 3515 fine
924 3498 974 3523 qua
988 3491 1053 3516 ami·
1115 3490 1184 3524 quali
1199 3496 1361 3525 exceptantes
1374 3491 1456 3523 (male
1470 3492 1561 3527 legitur
1576 3491 1661 3526 ubique
1673 3491 1864 3524 exspectantes)
1875 3490 1930 3524 post
1942 3490 1998 3516 eius
2012 3491 2152 3520 interitum

0 3525 6 3543 l
29 3525 89 3547 ‘¹⁸²³
102 3520 156 3560 ..effe
173 3528 226 3546 non
241 3519 338 3553 potest,
355 3526 384 3547 vt
402 3531 430 3549 ea
446 3531 563 3559 excepta,
584 3524 652 3551 nihil
671 3525 788 3551 amicitia
807 3524 985 3560 praestabilius
1005 3526 1053 3552 else
1114 3525 1284 3552 veniebamus
1299 3526 1326 3552 in
1340 3526 1449 3552 curiam.
1556 3527 1604 3553 Eos
1618 3527 1670 3561 ipse
1685 3527 1771 3552 rursus
1785 3525 1896 3560 fingulos
1909 3534 2044 3561 exceptans
2055 3528 2082 3553 in
2096 3538 2152 3555 mu-

29 3559 130 3588 puteus.
200 3556 327 3595 Excepto,
344 3557 414 3595 quod
428 3567 480 3585 non
495 3560 568 3587 simul
585 3561 662 3593 effes,
681 3566 782 3586 caetera
796 3560 876 3587 laetus
894 3561 961 3587 Hor.
973 3561 1051 3595 Epist.
1067 3566 1098 3592 95
1115 3570 1174 3587 rum
1189 3561 1283 3588 extulit
1301 3563 1371 3588 Caes.
1386 3562 1412 3588 B.
1428 3562 1459 3587 G.
1474 3568 1501 3595 7,
1514 3568 1559 3596 47.

0 3596 2 3600 '
31 3594 51 3622 Ι,
67 3598 92 3630 {0
110 3598 172 3617 extr.
244 3591 308 3630 ΒΙΙΠ·
324 3590 399 3624 Eplst-
412 3597 435 3624 8,
449 3602 459 3619 1
479 3596 530 3622 lter
543 3595 680 3622 conunode
698 3596 831 3630 explicui,
848 3602 967 3630 excepto,
981 3596 1053 3630 quod
1150 3602 1166 3622 E
1175 3604 1193 3623 x
1203 3604 1220 3624 C
1229 3604 1244 3623 E
1254 3604 1268 3622 P
1277 3604 1357 3624 TiCl
1368 3603 1390 3623 V,
1399 3604 1427 3627 s,
1445 3605 1476 3629 a,
1494 3606 1548 3623 um.
1568 3597 1626 3623 Adi.
1648 3595 1803 3630 [ἐξαίρετος]
1838 3594 1878 3628 Est
1891 3596 1972 3623 alicae
1985 3597 2150 3626 adulterinae

31 3625 136 3659 quidam
155 3635 187 3653 ex
205 3634 271 3652 meis
291 3625 423 3652 aduersam
443 3628 615 3657 valetudinem
637 3631 841 3658 feruescentibus
859 3631 971 3658 aestibus
993 3640 1053 3658 con·
1115 3632 1237 3665 epitheton
1251 3632 1317 3666 apud
1336 3633 1401 3658 Pliu.
1417 3637 1455 3662 18,
1471 3640 1491 3658 11
1504 3633 1521 3658 s.
1538 3641 1566 3664 ²9
1577 3642 1608 3664 ,3
1629 3631 1769 3665 Posteaque
1781 3631 1850 3665 gypsi
1863 3640 1920 3665 pars
1941 3640 2033 3667 quarta
2051 3634 2149 3669 inspar-

30 3661 163 3701 tnxcrint.
216 3661 323 3695 Qun&
337 3671 362 3694 9,
375 3670 393 3693 4
413 3662 443 3687 Et
455 3664 559 3696 quidem
572 3667 727 3694 Ciceronem
744 3667 836 3701 sequar
850 3677 855 3692 :
875 3675 934 3693 nam
957 3667 978 3692 is
989 3666 1054 3692 eini-
1114 3666 1201 3699 gitur,
1221 3673 1299 3701 atque
1312 3674 1341 3694 vt
1354 3667 1482 3699 cohaesit,
1501 3667 1629 3693 farinario
1642 3665 1730 3691 cribro
1745 3667 1905 3693 succernunt.
1975 3669 2049 3703 Qiae
2068 3671 2098 3696 in
2116 3679 2150 3697 eo

30 3696 182 3737 uentissimos
190 3697 353 3724 Graecorum
365 3696 400 3723 est
414 3697 524 3736 secutus:
542 3709 648 3736 excepto
661 3702 733 3736 quod
748 3702 822 3736 pedes
836 3702 993 3734 trisyllabos,
1006 3708 1051 3728 etc.
1114 3701 1249 3732 remanfit,
1268 3703 1410 3737 excepticia
1424 3703 1569 3737 appellatur
1578 3721 1584 3731 ,
1603 3707 1627 3727 et
1641 3701 1803 3735 grandissima
1816 3702 1861 3729 est.
1898 3703 2045 3738 Excepticia
2058 3709 2148 3742 igitur,

31 3737 50 3756 t.
61 3737 159 3773 praeter
176 3742 246 3768 quam
258 3733 329 3768 quod.
399 3733 454 3773 Cic.
468 3733 537 3760 Fam.
553 3744 574 3767 1,
592 3746 601 3762 1
628 3739 651 3763 Is
660 3758 668 3769 ,
690 3738 734 3764 hac
754 3738 824 3772 regia
843 3738 914 3763 causa
935 3743 1172 3772 excepta‚1ooquae
1185 3737 1264 3763 cribri
1277 3745 1318 3773 ope
1330 3748 1346 3764 a
1358 3739 1494 3764 minoribus
1501 3738 1635 3772 particulis
1643 3737 1762 3771 separata
1775 3744 1799 3763 et
1811 3745 1909 3773 excepta
1925 3738 1965 3770 est.

34 3772 133 3806 caeteris
146 3776 174 3794 in
187 3767 266 3794 rebus
285 3769 309 3794 se
323 3776 480 3794 acerrimum
500 3770 539 3795 tui
558 3769 718 3799 defensorem
737 3773 796 3799 fore
815 3772 936 3799 ostendit.
1004 3773 1052 3799 Ex·
1148 3779 1164 3798 E
1176 3779 1192 3798 x
1203 3778 1265 3799 011>
1274 3780 1295 3799 v
1305 3780 1325 3799 v
1334 3780 1375 3806 M,
1399 3773 1468 3808 quod
1482 3772 1624 3805 excipitur,
1641 3778 1668 3797 vt
1677 3772 1860 3807 praecipuum,
1877 3773 1949 3808 quod
1962 3782 2021 3800 ante
2035 3775 2145 3809 capitug.

14 3829 16 3850 Ι
34 3806 107 3833 ceptis
119 3803 222 3843 duobus
240 3804 310 3838 Nep.
325 3813 362 3837 14,
376 3812 400 3833 1,
421 3812 439 3829 1.
480 3803 548 3843 Add.
567 3806 620 3844 Cic.
638 3807 669 3834 de
682 3809 756 3834 Orat.
771 3817 781 3834 1
806 3817 827 3834 c.
841 3817 865 3840 9.
937 3808 1051 3842 Benigne
1113 3806 1207 3833 Festus.
1277 3810 1404 3845 Analogia
1417 3817 1486 3844 quam
1501 3806 1584 3832 laudat
1604 3807 1654 3841 ipse
1673 3808 1869 3840 Grammaticus,
1886 3811 2025 3844 excipuum
2038 3809 2144 3845 suadet:

14 3856 15 3879 ἦ
34 3841 128 3873 excepti
142 3839 215 3866 Curt.
228 3844 251 3871 8,
264 3847 301 3871 ιο,
317 3847 339 3865 z.
394 3839 501 3878 Excepti
514 3838 632 3873 pluribus
644 3842 748 3869 ferculis
761 3844 865 3870 Petron.
881 3853 902 3870 c.
910 3852 934 3869 2.
983 3845 1050 3871 Hor.
1112 3849 1134 3868 et
1145 3842 1178 3872 fic
1190 3843 1300 3869 meliores
1314 3844 1384 3871 editi.
1426 3841 1562 3875 Excipiam
1569 3841 1683 3877 sphalma
1690 3842 1763 3878 forte
1775 3843 1919 3878 Amstelaed.

14 3882 15 3887 =
32 3877 59 3895 m
71 3871 129 3897 Arte
141 3874 210 3901 Poet.
222 3882 268 3907 43²
286 3875 342 3901 Hae
358 3883 440 3908 nugae
455 3875 519 3900 scria
533 3873 626 3901 ducent
655 3877 684 3902 In
698 3879 764 3905 mala
777 3879 890 3905 derisum
905 3879 993 3912 semel,
1007 3889 1051 3906 ex-
1110 3887 1114 3903 τ
1147 3883 1215 3905 EXC
1225 3884 1233 3902 1
1244 3884 1342 3906 PVLA
1353 3900 1360 3911 ‚
1381 3888 1420 3905 ae·
1440 3878 1457 3903 f·
1478 3878 1517 3903 vel
1537 3884 1553 3904 Ε
1563 3884 1648 3904 ΧΟΙΡ
1658 3884 1678 3902 V
1688 3885 1699 3903 ἰ
1713 3885 1733 3905 V
1744 3887 1768 3905 Μ
1780 3899 1787 3911 ,
1808 3881 1825 3906 i·
1845 3889 1870 3906 ¹¹-
1900 3879 2035 3910 Machina,
2053 3876 2144 3911 ''nstru‘

29 3909 175 3944 ceptumque
187 3909 302 3971 finistriir.1
398 3911 472 3944 Equo
483 3916 619 3943 exceptus,
641 3912 660 3936 i.
680 3914 707 3937 in
720 3921 777 3948 equo
783 3914 872 3953 chens
891 3914 936 3942 Sil.
950 3923 972 3950 5,
1002 3935 1010 3942 .
1042 3921 1243 3948 ‚105mentumue
1256 3915 1402 3950 excipiendi.
1414 3912 1504 3975 NPlin.
1520 3920 1546 3945 9,
1560 3921 1591 3941 22
1618 3914 1742 3941 Hiemato
1756 3915 1828 3948 lacu,
1848 3914 1970 3942 fluetibus
1985 3915 2143 3973 glomelratae

170 3952 252 3974 vor..
305 3965 311 3971 .
789 3955 791 3958 ’
1467 3956 1485 3974 n
1502 3956 1520 3974 n
2031 3957 2067 3975 vo
2078 3957 2141 3974 uun-
