2479 4225
5 1559 9 1563 “
47 1557 164 1591 Liu.26‚
201 1579 207 1585 .
246 1579 253 1585 .

0 1651 7 1675 Ι.
48 1638 68 1661 1,
84 1638 105 1662 2,
119 1637 144 1665 7.

2 1995 5 1999 <
45 1979 117 2006 mine
131 1978 214 2005 subita
228 1977 421 2004 exaestuatione
435 1976 569 2004 fei-uestit.

3 2027 5 2030 ·
45 2015 84 2042 tio
96 2014 186 2041 animi.

0 2064 2 2071 ν
82 2056 271 2082 EXAEvio,
291 2049 377 2076 melius
396 2047 470 2084 forte
494 2053 670 2079 EXSAEVIO,
690 2048 739 2072 ire.
777 2047 827 2073 Pro
849 2046 995 2082 Defheuire,
1019 2046 1044 2073 b.
1067 2055 1086 2072 e.
1099 2055 1130 2081 50

11 2086 12 2089 ’
47 2086 157 2120 Desinere
169 2085 275 2122 saeuire.
312 2085 372 2111 Liu.
386 2092 427 2116 30,
442 2092 473 2116 39
491 2082 632 2109 Consulem
647 2082 791 2109 Claudiurn
808 2087 883 2108 atrox
900 2082 940 2108 vis
952 2081 1087 2116 tempesta-

11 2148 12 2151 ,
49 2121 82 2148 tis
95 2122 199 2151 adorta,
219 2121 246 2147 in
265 2126 365 2146 metum
385 2120 520 2154 ingentem
539 2118 634 2153 adegit.
669 2117 835 2151 Populoneos
857 2117 919 2144 inde
933 2126 1015 2153 quum
1027 2126 1086 2152 per-

11 2340 12 2355 1
43 2334 119 2359 veluti
131 2343 240 2371 aggerem
253 2341 325 2369 atque
340 2342 453 2360 aceruum
468 2341 559 2368 cogere.

9 2528 11 2542 1,
40 2519 106 2540 rem.
120 2518 166 2536 etc.

71 249 146 289 449
456 229 741 271 EXA

106 330 123 350 Ε
132 330 150 350 x
158 327 204 348 Ar:
213 325 231 346 n
241 326 276 347 11⁷
288 325 297 345 1
308 325 325 346 c
334 325 353 346 A
364 324 385 346 1·
394 325 401 345 1
411 325 430 345 o
440 339 448 351 ‚
469 319 536 346 onis.
561 319 580 345 f.
617 317 828 352 [οῐνοικοδᾰμησις]
862 317 919 343 Cic.
938 316 970 342 de
983 317 1058 343 Orat.
1072 325 1097 349 2,

69 362 98 393 63
111 367 131 385 c.
145 364 170 390 15
186 356 242 390 Ipsa
254 354 435 382 exaedificatio
448 358 569 381 orationis
582 355 663 390 polita
677 355 712 381 cst
727 355 754 380 in
766 352 844 379 rebus
858 358 883 378 et
896 352 1001 391 verbis..

101 400 117 420 Ε
125 401 143 420 x
152 399 174 419 A
183 398 198 417 E
208 397 226 417 D
237 398 243 417 1
254 397 269 417 r
278 398 287 417 i
295 398 311 418 c
321 398 341 417 A
353 396 374 416 T
385 397 404 414 v
415 398 427 417 s
436 410 443 422 ,
464 400 477 416 a
486 411 494 423 ‚
514 399 567 417 um.
603 392 670 417 Part.
712 385 935 422 [ἐνοικοδομήθεις]
971 387 1028 413 Cic.
1043 387 1096 414 Art.

20 443 21 451 1
66 437 95 462 4,
107 436 123 463 7
143 427 263 454 Dimensa
278 432 302 452 et
319 425 484 452 exaedificata
504 427 593 452 animo
614 426 715 452 domus.
751 423 931 450 Hibernacula
946 423 1006 449 Liu.
1020 431 1061 455 30,
1076 432 1097 455 3.

66 464 154 491 vinae
169 463 197 489 in
211 461 317 488 vrbium
334 461 442 487 niodum
458 462 515 488 Sall.
531 463 586 488 Cat.
601 471 623 487 c.
638 469 673 487 12-

100 506 117 526 E
126 506 142 526 x
152 505 172 524 A
181 504 196 524 E
205 503 253 533 Qv
263 503 282 523 o
292 517 300 529 ,
320 501 373 522 are.
414 497 531 532 [ἕξισάω]
565 499 677 531 Aequum
686 491 784 530 facere.
820 494 969 529 Exaequare
982 494 1098 521 tumulos

65 533 170 561 tumulis
196 533 268 559 Hirt.
283 533 314 558 de
331 533 358 559 B.
373 532 446 566 Hisp.
463 541 484 566 5.
554 533 703 565 Exaequare
728 528 760 555 ad
785 529 918 563 regulam,
935 536 985 564 pro
1005 528 1097 556 Exae‘ie

63 569 217 605 conformare
231 568 289 594 Scn.
305 567 382 602 Epist.
397 577 435 593 20.
508 568 562 594 Cic.
576 566 632 601 post
644 563 699 591 red.
714 565 741 590 in
755 564 838 590 Senat.
853 573 885 591 22
899 574 920 590 c.
935 573 950 597 9
981 566 1098 599 Propter-

65 612 94 631 ea
107 603 178 639 quod
200 603 363 638 superiorem
384 604 432 629 eise
451 609 541 630 eontra
557 601 710 635 improbos,
729 600 816 626 minus
831 600 866 626 est
880 600 998 634 negotii,
1018 609 1095 635 quam

62 638 140 667 bonis
154 639 301 680 exaequari.

63 674 203 710 exaequari
217 676 317 701 (inei-et.
389 675 460 700 Caes.
477 674 504 700 Β.
520 673 548 699 C.
562 681 581 704 1,
596 681 614 704 4
634 672 689 706 Ipse
704 672 842 706 Pompeius
853 671 886 697 ab
900 671 1017 698 inimicis
1032 673 1094 698 Cae-

64 711 126 738 saris
139 711 272 741 incitatus,
291 709 362 745 quod
375 710 506 736 neminem
519 707 646 742 dignitate
662 708 747 732 secum
761 707 901 742 exaequari
918 707 1038 738 volebat,
1058 714 1095 734 to-

63 751 119 773 tum
141 746 166 772 se
185 745 218 772 ab
239 746 295 772 cius
315 745 431 772 amicitia
448 749 586 770 auerterat.
658 742 813 776 Superiores
831 750 976 776 exaequare
995 742 1020 768 se
1037 752 1095 770 cum

62 781 236 810 inferioribus
257 781 352 807 debent
382 780 437 806 Cic.
456 779 487 805 de
505 779 613 804 Amicit.
633 786 654 804 c.
670 786 711 804 20.
782 778 863 804 Ouid.
883 778 974 804 Amor.
996 785 1018 810 3,
1032 784 1055 810 8,
1068 781 1095 805 61

61 818 97 845 At
108 825 175 843 nunc
189 823 316 851 exaequet
336 816 437 846 tetricas
450 814 510 840 licet
525 813 569 840 illa
583 813 700 846 Sabinas,
713 820 759 840 etc.

61 851 216 886 dignitatem
230 852 338 886 pecunia
351 848 471 877 Cic.'Att.
483 858 512 882 4,
527 857 560 882 15.
616 850 688 875 Idem
702 849 733 875 de
747 848 806 875 Fin.
822 857 844 881 3,
858 856 888 883 37
910 848 1024 875 Videsne
1036 859 1093 876 ver-

58 886 155 915 borum
169 887 281 922 gloriam
302 886 353 913 tibi
373 893 431 912 cuni
444 884 579 917 Pyrrhone
591 890 616 911 et
628 894 689 911 cum
703 884 838 918 Aristone,
858 884 905 918 qui
917 885 1005 910 omnia
1021 894 1093 911 exae-

59 929 155 957 quant,
176 923 224 949 esse
244 921 427 950 communem?
495 920 649 954 Exaequare
664 920 751 955 pretio
764 920 854 946 onmia
870 920 926 946 iura
946 921 1002 946 Cic.
1020 922 1093 947 Verr.

57 966 84 991 2,
99 966 139 985 121
160 968 180 984 c.
195 967 235 991 50.
304 958 451 990 Exacquare
470 955 540 982 facia
560 956 652 982 dicitis:
670 958 693 982 h.
706 965 726 982 e.
747 957 822 981 Paria
837 952 915 982 diffls
927 954 1006 990 saffo
1020 956 1094 989 osten-

57 993 122 1020 dere.
160 993 259 1020 Sallust.
267 992 344 1019 Catil.
359 1000 380 1016 c.
394 999 406 1022 3
425 991 456 1016 In
472 991 564 1025 primis
579 991 690 1018 arduum
703 991 808 1018 videtur
820 1000 862 1017 res
873 990 952 1025 gestas
966 991 1093 1019 scribere:
1107 1001 1142 1020 20

56 1029 174 1064 primum
187 1029 257 1064 quod
275 1026 343 1054 fa&a
362 1025 440 1052 diens
453 1026 620 1062 exaequanda
638 1026 694 1053 fint.
767 1026 825 1053 Nos
839 1033 965 1061 exaequat
980 1027 1094 1054 victoria

57 1064 130 1091 caelo
142 1065 245 1091 Lucret.
261 1071 281 1096 1,
293 1068 333 1092 80.
369 1061 436 1089 Add.
450 1062 487 1088 ib.
503 1072 527 1089 v.
541 1071 584 1097 70.
733 1059 754 1097 q
776 1069 788 1087 2
826 1064 888 1096 Dep.
909 1062 1028 1089 laudatur
1044 1064 1095 1090 Lu-

56 1108 113 1126 can.
125 1099 155 1126 ad
169 1100 252 1126 Pison.
265 1100 298 1124 26
320 1097 378 1124 Nos
392 1106 499 1132 quoque
521 1104 609 1133 pacata
622 1098 742 1124 Pisonem
761 1096 838 1123 laude
850 1098 979 1124 nitentem
1015 1100 1094 1125 Exae-

56 1143 170 1170 quamur
180 1135 243 1160 auis.
264 1132 311 1159 Sed
318 1134 496 1167 Exaequamus
505 1135 569 1160 Scal.
582 1132 712 1166 Cort.Jine
725 1134 829 1158 alteriur
841 1131 955 1159 Ιεὲἶιόηί,Γ
967 1138 1094 1161 mentione.

91 1177 135 1202 ij
143 1176 165 1196 A
174 1176 190 1195 E
198 1176 248 1205 Qv
256 1176 278 1195 A
288 1176 309 1195 Τ
318 1176 338 1194 ν
347 1175 360 1195 s
368 1188 375 1200 ,
395 1177 409 1194 a
418 1189 425 1200 ‚
447 1178 501 1195 um.
527 1169 619 1195 Partic.
656 1168 760 1194 Lucret.
776 1178 797 1198 ε,
812 1176 872 1209 1295
892 1169 1093 1205 Exaequataque
1105 1178 1137 1205 25

53 1205 112 1231 sunt
123 1206 224 1239 creperi
237 1204 380 1230 certamina
395 1204 469 1230 belli.
540 1205 692 1238 Exaequato
704 1203 826 1230 omnium
839 1212 898 1230 iure
915 1205 1004 1231 lustin.
1019 1214 1060 1239 43,
1076 1215 1095 1238 1,

43 1250 82 1310 st.
106 1263 114 1268 .
135 1241 233 1267 Cortex
255 1248 314 1266 cum
337 1240 436 1266 cortice
461 1246 619 1274 exaequatus
649 1239 727 1266 Varr.
747 1239 779 1266 R.
800 1240 832 1266 R.
851 1248 877 1270 1,
895 1249 939 1274 40.
960 1241 989 1267 de
1007 1243 1095 1278 empla-

73 1278 177 1303 ratione.

88 1317 367 1348 fixAEQVATim
387 1310 454 1336 onis.
473 1310 492 1336 f.
529 1310 636 1337 Viti-uu.
656 1317 679 1343 ς,
699 1318 735 1337 12.
772 1309 832 1337 Liu.
851 1319 891 1344 34,
912 1320 931 1345 4
951 1312 1041 1345 Hanc,
1055 1309 1099 1339 in?

54 1347 129 1382 quit,
142 1347 220 1381 ipsam
233 1347 450 1380 exaequationem
465 1353 519 1372 non
531 1346 607 1378 fero,
621 1346 667 1372 illa
682 1345 808 1381 locuples,
821 1353 867 1373 etc.

89 1388 480 1419 EXAEQVAMENTVM,
499 1381 517 1407 i.
534 1391 561 1407 n.
595 1381 715 1408 Tei-tull.
752 1401 759 1408 .
842 1401 849 1408 .

90 1423 415 1454 nxArQrALiTER.
442 1416 509 1443 Adu.
547 1417 624 1450 Apul.
642 1418 706 1444 Met.
722 1425 746 1449 2,
783 1436 789 1443 .
826 1437 833 1444 .
869 1418 980 1444 Caetera
1000 1425 1092 1452 corpo·

49 1452 276 1514 rga-exaequant&
291 1452 324 1479 ad
345 1452 471 1488 regulam.
510 1453 552 1480 Ita
564 1452 676 1480 Beroald.
691 1453 739 1489 sed
750 1452 856 1479 Elmenh.
874 1460 901 1489 p.
920 1463 958 1488 ¹¹5
975 1454 1092 1489 Inexpli-

50 1496 64 1514 c
99 1495 180 1515 inter.

1121 466 1134 492 5

373 639 434 665 Liu.
448 648 486 671 23,
498 645 525 670 35
552 638 632 663 Vetus
645 635 721 662 miles
735 635 833 668 tironi,
847 635 917 662 liber
931 636 1031 662 Voloni
1046 637 1095 662 sese
1112 646 1141 664 10

829 814 958 847 Exaequat
972 814 1094 841 omnium
1112 821 1137 847 15

1535 230 1817 275 EXA

1158 317 1272 352 exagitat
1285 318 1381 345 Lucan.
1396 326 1421 350 2,
1435 321 1490 349 688.
1547 319 1638 348 Lustra
1654 322 1771 349 ferarum
1786 323 1831 350 Sil.
1847 328 1882 356 16,
1918 348 1924 354 ,
1964 351 1970 356 ,
2039 333 2149 368 propert
2171 343 2187 362 3

1161 358 1182 383 8,
1198 362 1225 386 ¹9
1255 355 1371 388 Exagitet
1392 354 1492 381 nostros
1506 356 1611 389 Manes,
1638 357 1750 385 [celetur
1769 364 1794 385 et
1814 361 1927 388 vmbras.
2006 367 2061 394 Cic.
2076 370 2129 396 Att.
2146 378 2157 402 3
2179 354 2197 405 ’Ξ

1162 388 1213 428 Ne.
1226 396 1250 415 ct
1272 399 1358 416 meum
1373 390 1524 416 Moerorem
1543 393 1689 426 exagitem,
1709 400 1735 420 et
1754 398 1779 420 te
1796 395 1825 421 in
1845 397 1956 424 eundem
1976 400 2076 430 lunum
2094 393 2186 431 voceiu

1162 423 1269 466 Odium·
1282 432 1357 451 vetus
1370 425 1498 458 Augustae
1519 428 1631 461 exagitat
1644 430 1746 456 Seianus
1765 433 1792 455 in
1805 432 1874 467 Agri
1887 435 1967 467 pina,
1981 436 2070 463 Tacit.
2085 441 2151 466 Anii.
2168 426 2196 474 4·

1165 467 1201 491 12,
1214 468 1235 492 5.
1259 470 1277 486 1.
1296 460 1414 495 inuidicgse
1427 470 1603 489 commemomt.
1709 465 1846 499 Exagitare
1859 468 1875 492 Ρ
1887 468 1962 494 ebeni
1976 471 2141 501 criminando
2155 461 2197 502 Se?

1161 502 1266 527 natum,
1285 498 1304 521 ι’.
1322 503 1456 530 inquietam
1476 503 1498 521 ct
1513 506 1593 522 rerum
1606 500 1813 533 nouarumstudso
1827 504 1914 528 elatam
1930 504 2030 531 reddere
2044 508 2101 535 Sall.
2117 511 2186 537 Catil

1160 536 1197 569 38,
1212 539 1229 570 ¹5
1264 531 1320 557 Vid.
1334 540 1389 570 mox
1403 530 1516 565 Vulgum
1538 535 1676 566 exagitare.
1698 537 1738 561 Ita
1752 536 1811 563 Sall.
1827 538 1906 565 Catil.
1926 547 1961 572 51,
1975 549 2004 572 32
2024 542 2115 577 Rcmp.
2131 531 2197 573 sedi:

1160 565 1278 592 tionibus
1293 574 1432 600 exagitare.
1532 568 1666 606 'Volucres
1681 570 1727 596 alis
1740 572 1873 606 Zephyros
1885 575 2016 609 exagitant
2029 577 2091 604 Stat.
2104 580 2186 607 Theb

1160 609 1183 632 3,
1199 610 1246 640 5¹5·
1309 601 1408 642 Vrbem
1428 601 1588 639 clamoribus
1603 604 1673 633 Idem
1687 605 1777 633 Theb.
1792 616 1813 640 5,
1833 616 1877 643 97.
1938 611 2051 646 Vulgum
2066 603 2196 643 exauitani

1161 636 1275 676 seditiosi
1300 636 1461 671 magistratus
1488 638 1546 663 Sall.
1562 639 1618 672 Iug.
1639 647 1678 673 73.
1700 644 1717 666 i.
1735 646 1870 670 concitant.
1921 638 1922 645 ἵ
1942 644 1976 672 Di
1995 635 2129 683 exagitent(
2144 659 2187 677 me

1159 671 1177 697 fi
1190 671 1353 705 quidquam,
1367 680 1412 711 (ic.
1450 673 1555 699 Iuramli
1567 675 1650 700 modus
1670 676 1735 702 Hor.
1750 678 1830 704 Serm.
1845 688 1870 711 2,
1885 681 1911 712 6,
1926 689 1967 714 54.
2187 672 2196 685 ²

1192 713 1211 747 ,¹5
1221 714 1268 746 xA
1278 713 1298 733 G
1310 715 1318 733 1
1329 714 1379 734 TA
1389 714 1410 733 Τ
1422 713 1440 746 y
1452 714 1464 733 s
1474 728 1482 739 ‚
1501 716 1525 740 a,
1546 718 1598 736 um.
1621 711 1712 737 Partic.
1740 711 1954 750 [din-potprue'ros]
1990 717 2100 753 Spoliati
2113 726 2139 747 et
2152 730 2195 748 ex-

1157 748 1249 781 agitati
1266 748 1382 769 aratores
1396 742 1453 768 Cic.
1468 744 1543 770 Verr.
1559 752 1579 784 37
1593 753 1641 777 119.
1663 781 1667 786 .
1697 747 1736 773 Ad
1755 756 1779 774 te
1794 750 1903 784 confugi
1917 753 2061 787 exagitatus
2074 764 2089 782 a
2103 757 2197 784 cuneta

1158 778 1268 804 Graecia
1283 778 1352 812 Nep.
1366 786 1392 810 2,
1405 786 1430 810 9,
1443 787 1480 818 4..
1541 780 1767 814 Disputationibus
1780 784 1931 819 aliquorum
1945 790 2088 823 exagitatus
2102 792 2157 819 Cic.
2167 793 2196 819 in

1158 813 1274 853 Orat512
1288 822 1311 839 c.
1324 821 1345 845 3.
1401 849 1405 853 Ι
1449 815 1506 854 Cic.
1528 815 1583 849 post
1600 817 1652 843 red.
1673 818 1700 843 in
1714 818 1798 845 Senat.
1820 823 1848 846 16
1888 823 1942 856 Qui
1965 826 2065 851 causam
2090 827 2196 855 Senatus

1157 854 1312 883 exagitatam
1332 849 1506 888 concionibus
1528 851 1730 886 improborum,
1757 854 1789 880 lic
1809 856 1852 882 sua
1872 856 2009 892 diligentia
2030 861 2197 891 multitudini

1158 883 1366 916 commendauit,
1381 890 1425 916 vt,
1439 892 1484 910 etc.
1581 888 1651 913 Idem
1666 897 1713 922 pro
1727 889 1796 915 Sulla
1812 900 1843 922 70
1857 901 1878 918 c.
1893 901 1920 919 21
1956 895 2049 922 Omnis
2063 898 2196 933 Pompeia-

1156 928 1252 946 norum
1270 919 1480 954 colonorumque
1496 919 1613 948 dissensio
1633 922 1716 950 delata
1735 925 1767 950 ad
1786 932 1909 958 patronos
1924 929 1976 961 est,
1996 941 2077 965 quum
2092 933 2143 960 iam
2159 935 2198 962 in-

1156 955 1307 995 veterasset,
1326 964 1355 981 ae
1377 956 1474 982 multos
1498 964 1579 983 annos
1608 959 1668 984 esset
1689 961 1825 992 exagitata.
1896 964 1988 991 Frenis
2007 976 2053 993 ora
2067 971 2196 1004 exagitata

1157 990 1202 1030 Sil.
1222 993 1249 1023 6,
1283 1011 1289 1017 .
1327 1010 1333 1016 .
1371 1010 1381 1030 ¹.
1484 992 1565 1018 Ouid.
1585 993 1617 1018 de
1633 994 1696 1019 Arte
1717 995 1774 1020 Am.
1790 1004 1813 1026 3,
1826 998 1878 1022 662
1918 999 2029 1028 Credula
2056 1002 2073 1028 ss
2101 1005 2185 1033 fueri,

1156 1026 1224 1052 aliae
1243 1033 1286 1052 tua
1305 1025 1399 1060 gaudia
1412 1035 1533 1060 carpent,
1567 1028 1599 1054 Et
1610 1029 1695 1062 Lepus
1710 1028 1752 1055 hic
1772 1030 1831 1056 aliis
1849 1035 1992 1066 exagitatus
2007 1038 2066 1064 erit.
2092 1026 2196 1068 Prouert

1157 1063 1232 1087 bium.
1302 1062 1351 1088 Res
1365 1061 1438 1095 vulgi
1451 1061 1601 1088 rumoribus
1614 1065 1743 1098 exagitata
1759 1064 1818 1090 Sall.
1831 1066 1887 1093 Cat.
1901 1077 1922 1093 c.
1939 1077 1980 1101 29.
2053 1074 2108 1100 Cic,
2123 1076 2185 1103 Fam

1158 1105 1179 1129 1,
1193 1105 1202 1123 1
1221 1097 1256 1123 Vt
1267 1097 1296 1122 in
1310 1097 1389 1123 rebus
1405 1097 1489 1124 multo
1501 1104 1560 1124 ante
1573 1107 1652 1132 quam
1667 1099 1801 1133 profectus
1814 1109 1840 1127 es
1857 1101 1890 1127 ab
1903 1102 1959 1137 ipso
1972 1114 2034 1139 rege
2070 1115 2096 1135 et
2110 1111 2142 1136 ab
2157 1097 2195 1138 in:

1156 1132 1229 1158 timis
1242 1141 1271 1158 ac
1284 1131 1432 1159 domesticis
1447 1133 1565 1167 Pompeii
1586 1134 1651 1160 clam
1667 1134 1836 1167 exulceratis,
1856 1135 1952 1165 deinde
1969 1127 2054 1174 palan'i
2068 1151 2082 1169 a
2097 1145 2197 1173 Consu-

1157 1167 1257 1194 laribus
1269 1169 1405 1202 exagitatis
1414 1188 1422 1200 ,
1436 1175 1460 1194 et
1475 1170 1502 1195 in
1516 1169 1643 1195 summam
1656 1169 1785 1196 inuidiam
1801 1170 1919 1200 adducitis
1938 1174 1974 1201 ita
1988 1178 2131 1206 versamur.

1192 1209 1266 1230 ExA
1277 1205 1476 1238 G1TAT0R‚
1496 1204 1558 1231 oris.
1590 1214 1625 1232 m.
1662 1202 1837 1240 [ὃιαςροφειὶς]
1874 1209 1930 1236 Cic.
1949 1211 1977 1237 in
1997 1213 2071 1239 Orat.
2085 1224 2118 1247 4²
2135 1225 2156 1242 c.
2171 1225 2195 1250 ¹3

1157 1239 1191 1265 At
1206 1247 1235 1264 ea
1248 1238 1280 1264 de
1297 1239 1401 1265 seniore
1421 1240 1513 1266 scribit
1526 1240 1614 1272 Plato,
1635 1248 1660 1267 et
1676 1240 1765 1268 scribit
1785 1244 1917 1278 aequalis,
1940 1253 1966 1272 et
1986 1248 2095 1282 quidem
2109 1252 2195 1286 exagi-

1157 1280 1227 1301 tator
1240 1276 1362 1301 omnium
1377 1274 1539 1306 Rhetorum,
1556 1275 1624 1302 hunc
1637 1278 1750 1303 miratur
1764 1287 1855 1304 vnum.

1186 1312 1472 1342 'i-:xAG1TAT10,
1495 1312 1562 1337 onis.
1602 1311 1621 1337 f.
1655 1313 1787 1345 auyxlmm
1807 1314 1885 1341 Gloss'.
1908 1316 1965 1343 Lat.
1984 1318 2030 1345 Gr.
2052 1320 2087 1347 H.
2107 1322 2194 1358 Steph.

2123 260 2199 297 450

1104 1358 1137 1382 30
1155 1345 1295 1372 commotio.
1309 1348 1336 1373 A
1349 1347 1473 1374 nonnnLlis
1486 1347 1587 1373 Tacito
1603 1347 1731 1373 tribuitur.

1194 1379 1397 1413 ΕΧᾸσινΜ,
1416 1382 1435 1407 i.
1455 1390 1480 1407 n.
1517 1382 1584 1408 Idem
1604 1383 1668 1418 quod
1682 1385 1800 1414 Examen,
1811 1383 1867 1417 fiue
1880 1386 2036 1416 Examinatio
2055 1391 2133 1419 librae
2148 1400 2196 1429 per

1148 1416 1268 1452 pondera.
1311 1417 1369 1443 Vid.
1383 1418 1441 1443 Vct.
1456 1418 1574 1452 Inscript.
1589 1418 1666 1444 Rom.
1681 1419 1786 1445 Gruter.
1800 1429 1825 1454 p.
1839 1423 1892 1455 647
1905 1430 1929 1448 n.
1943 1425 1960 1449 6
1980 1425 2022 1450 vbi
2034 1425 2087 1453 Sub
2101 1430 2195 1464 exagio

1153 1461 1248 1487 pecora
1263 1452 1393 1485 vendere,
1412 1450 1445 1485 est
1458 1455 1573 1490 Appen-fii
1585 1454 1618 1479 ad
1629 1455 1718 1480 librom
1731 1462 1821 1489 pecora
1835 1457 1944 1484 vendere.
1981 1459 2060 1487 Gloff.
2077 1463 2123 1491 Gr.
2138 1465 2187 1492 lat

1154 1487 1263 1520 ἐξάγων,
1282 1488 1430 1522 pensitatio.
1465 1488 1601 1523 Ἔξαγιοέζω
1620 1491 1758 1522 examino,
1772 1491 1913 1525 perpendo.
1950 1493 2065 1523 Nouella
2078 1485 2196 1528 Valenti-⁰

84 1529 128 1550 Ex
138 1531 184 1551 ΑΕ
195 1529 313 1555 sTvo,
335 1526 387 1550 are.
424 1524 437 1558 [
445 1524 600 1557 ἔκκυμαίνω]
634 1522 735 1555 Aestum
767 1525 892 1555 emittere,
919 1530 944 1549 et
967 1525 1089 1552 exhalare.
1106 1535 1135 1561 33
1153 1523 1227 1549 niani
1242 1523 1312 1550 inter
1325 1522 1527 1550 Theodofianas
1543 1533 1572 1557 25
1591 1523 1623 1549 dc
1637 1525 1723 1558 pretio
1736 1526 1813 1552 solidi
1822 1537 1829 1557 ;
1851 1526 1883 1552 de
1896 1529 2057 1562 ponderibus
2076 1543 2194 1570 quoque,

289 1560 405 1587 Incertae
418 1558 567 1585 altitudinis
587 1564 721 1592 vtcunque
734 1558 865 1584 exaestuat
886 1567 966 1585 mare.
1023 1561 1090 1587 Plin.

51 1601 93 1629 37,
109 1603 121 1620 2
142 1594 310 1621 Exaestuante
323 1603 434 1621 oceano.
504 1594 628 1620 Bitumen
642 1592 727 1628 passim
740 1602 755 1619 e
767 1600 838 1620 terra
852 1594 984 1620 exaestuat
1001 1595 1091 1622 Iustin.

217 1629 371 1656 Exaestuare
394 1630 494 1664 semper
515 1629 615 1656 fretum
646 1630 719 1656 Curt.
737 1638 767 1662 4,
787 1637 809 1661 2,
825 1631 862 1655 16.
935 1630 1028 1656 Fundo
1047 1639 1091 1656 ex-

49 1665 148 1692 aestuat
167 1665 224 1691 imo
244 1666 319 1699 Virg.
339 1666 403 1690 Aen.
416 1673 438 1697 3,
454 1666 512 1698 576.
582 1665 686 1691 Lucret.
701 1666 728 1697 6,
740 1665 786 1694 816
817 1664 873 1690 Hos
901 1664 985 1699 igitur
1013 1666 1091 1692 tellus

50 1701 153 1726 omneis
165 1700 296 1727 exaestuat
309 1700 399 1726 aestus.
454 1701 517 1734 Igne
528 1708 625 1733 magno
639 1699 770 1726 exaestuat
781 1699 877 1726 Lucan.
891 1707 914 1732 5,
928 1707 980 1734 173.

49 1734 92 1761 fus
110 1736 241 1762 exaestuat
259 1736 347 1762 acrior
365 1735 434 1770 ignis
459 1734 541 1762 Ouid.
557 1736 621 1761 Met.
640 1744 675 1768 13,
694 1737 752 1770 867.
823 1735 900 1768 Virg.
914 1735 979 1761 Aen.
995 1744 1022 1768 9,
1039 1741 1089 1770 798

12 1769 13 1780 ¹
49 1771 229 1805 lmproperata
252 1771 349 1802 refert,
369 1777 395 1797 et
421 1779 493 1797 mens
513 1770 645 1796 exaestuat
667 1771 714 1796 ira.
734 1770 759 1795 h.
772 1778 792 1795 e.
820 1770 976 1795 Vehementer
988 1768 1090 1800 aestuat.

47 1805 122 1831 Vnda
140 1806 269 1831 exaestuat
285 1805 433 1832 vorticibus
447 1806 521 1839 Virg.
536 1805 632 1837 Georg.
648 1812 672 1835 3,
685 1812 748 1835 240.
784 1803 859 1837 Conf.
879 1803 962 1828 Ouid.
976 1804 1041 1829 Met.
1057 1811 1091 1834 13,

0 1841 7 1852 ¹*
46 1842 104 1873 867.
126 1847 149 1865 et
168 1843 193 1871 6,
207 1842 263 1870 623.

82 1880 155 1900 fixa
164 1880 201 1899 Es
210 1881 232 1899 Τ
241 1879 261 1897 ν
270 1879 291 1898 Α
300 1879 323 1898 Ν
332 1879 361 1903 s,
380 1871 457 1897 antis.
492 1871 586 1897 Partic.
622 1871 742 1897 Oceanus
761 1869 914 1896 exaestuant
935 1870 1005 1897 Mela
1024 1879 1046 1903 3,
1066 1880 1128 1906 2.45

0 1905 7 1934 i
44 1909 117 1935 Curt.
133 1917 158 1941 9,
172 1916 197 1940 9,
209 1916 234 1940 9.
255 1907 329 1933 Mare
356 1907 432 1932 Curt.
447 1908 472 1936 6,
486 1914 514 1938 4,
530 1914 568 1938 ¹9-

82 1949 125 1970 EX
133 1951 154 1970 A
164 1950 180 1969 E
188 1950 201 1970 s
211 1949 233 1969 Τ
243 1949 264 1967 V
274 1949 294 1968 A
303 1949 325 1968 Τ
333 1949 343 1968 1
354 1947 374 1967 0
383 1963 392 1976 ‚
413 1941 482 1967 onis.
502 1941 523 1967 f.
559 1938 640 1967 Solin.
656 1949 678 1967 c.
690 1949 712 1967 11
737 1939 872 1966 Herbesus
887 1940 915 1966 in
929 1939 1020 1967 medio
1039 1941 1087 1967 flu-

619 1977 724 2003 Tralate
743 1975 850 2002 Nonius
863 1978 889 2008 6,
903 1984 933 2009 91
952 1975 1088 2003 Exaestua-

49 2157 168 2189 venisset,
189 2156 258 2183 stetit
274 2155 328 2188 ibi,
349 2155 412 2182 dum
426 2150 559 2189 reliquum
574 2153 736 2188 tempestatis
748 2153 894 2180 exaeuiret.

85 2198 302 2224 EXAGELLA,
319 2191 372 2217 vid.
388 2188 662 2230 post-EXAG1VM.

87 2234 130 2254 1-:x
148 2244 158 2249 -
173 2236 191 2254 A
201 2234 247 2255 GE
257 2234 277 2253 N
288 2234 345 2254 TE.
367 2227 500 2253 Ainmian.
512 2234 551 2258 22,
570 2233 592 2257 3.
612 2228 631 2252 i.
651 2227 695 2261 qui
706 2225 790 2260 Agens
804 2224 833 2250 in
845 2222 924 2251 rebus
931 2222 999 2260 suit.
1024 2223 1084 2251 Vid.
1100 2229 1129 2256 55

50 2267 98 2324 EXE
105 2264 211 2325 {Aci—{G
221 2296 309 2331 ERO,
334 2301 386 2325 are.
422 2295 576 2332 [καταχὸω,
594 2294 711 2330 nemim]
746 2296 909 2326 Coaceruare,
926 2301 948 2321 et
965 2297 992 2321 in
1009 2303 1084 2321 vnum

605 2331 672 2358 Plin.
687 2340 726 2363 19,
739 2336 752 2362 8
774 2334 802 2357 in
819 2330 1012 2357 condiendarum
1030 2331 1085 2357 her-

42 2367 125 2395 barum
138 2372 249 2402 ratione,
266 2368 451 2404 Exaggerando
464 2368 543 2396 aliam
556 2367 712 2394 accumules.
755 2367 856 2393 Locum
869 2366 994 2401 operibus
1007 2375 1083 2401 exag-

43 2412 132 2438 gerare
149 2405 255 2432 Vitruu.
270 2414 308 2435 io,
324 2414 359 2431 22.

41 2445 65 2472 8,
87 2448 119 2472 11,
136 2449 160 2473 9.
186 2440 260 2469 rid.
286 2441 360 2467 Curt.
378 2441 405 2470 6,
428 2447 452 2471 ς,
469 2448 508 2465 20.
547 2439 653 2464 Traiaee
670 2445 719 2472 pro
733 2440 820 2472 Amplt'
839 2447 904 2464 care.
975 2437 1032 2464 Cic.
1049 2437 1082 2464 de

40 2475 114 2501 Orat.
130 2485 153 2505 ρ,
167 2483 209 2508 29¹
238 2476 273 2500 Vt
290 2475 357 2500 boni
374 2474 446 2507 quod
465 2473 576 2505 habeat,
593 2473 621 2498 id
634 2472 791 2507 amplectar,
809 2481 953 2505 exornem,
973 2481 1082 2508 exagge-

236 2510 310 2535 Idem
323 2509 406 2535 Tusc.
421 2516 442 2541 5=
459 2517 484 2541 51
514 2509 687 2534 Xenocratem
707 2508 784 2534 illum
803 2508 978 2543 grauissimum
994 2509 1081 2543 philo-

40 2545 151 2579 sophum
172 2551 370 2578 exaggerantem
389 2550 526 2578 tantopere
545 2543 673 2570 virtutem
687 2563 696 2576 ‚
721 2550 746 2570 et
765 2550 950 2570 extenuantem
970 2551 1081 2571 caetera.

42 2581 74 2606 Et
87 2588 136 2614 pro
150 2579 233 2619 Plane.
246 2588 276 2614 71
293 2589 314 2606 c.
328 2588 361 2613 29
399 2580 433 2606 At
452 2581 522 2606 enim
535 2579 614 2606 nimis
631 2588 680 2613 ego
699 2588 822 2614 magnum
837 2579 995 2606 beneficium
1009 2580 1071 2607 Plan
1092 2589 1124 2621 65
1142 2587 1210 2607 rent.
1246 2581 1320 2607 Ideni
1340 2581 1372 2607 de
1385 2582 1459 2607 Orat.
1474 2589 1492 2612 i,
1511 2589 1546 2607 121
1564 2590 1586 2606 c.
1601 2583 1642 2608 26.

42 2616 100 2646 cio,
120 2621 145 2641 et
165 2621 193 2641 vt
208 2624 264 2647 ais,
281 2615 307 2641 id
325 2615 416 2642 verbis
434 2624 572 2649 exaggero.
641 2615 771 2642 Iniuriam
801 2615 917 2642 nostram
942 2624 1081 2650 exaggera-

41 2659 98 2677 mus
112 2650 243 2684 Qiintiiil.
257 2653 283 2683 6,
296 2659 320 2678 2.
392 2651 447 2677 Cic.
461 2651 493 2677 de
508 2651 582 2677 Orat.
600 2659 621 2682 1,
634 2659 679 2684 214
713 2651 821 2678 Veritus
835 2660 872 2682 es,
884 2650 931 2676 nisi
952 2652 1026 2677 istam
1040 2660 1080 2677 ar-

40 2692 92 2712 tem
107 2686 228 2712 oratione
240 2687 427 2720 exaggerass‘es,
447 2695 480 2711 ne
494 2694 601 2719 operam
616 2685 776 2718 perdidisses.
848 2687 1010 2718 Exaggerare
1022 2694 1080 2711 rem

40 2721 200 2747 familiarem
210 2728 273 2756 ,pro
285 2727 382 2757 Augere
395 2721 451 2747 Cic.
466 2720 517 2746 Off.
532 2728 551 2751 1,
565 2728 595 2751 92
616 2728 637 2745 c.
655 2722 695 2745 26.
732 2719 778 2746 sed
796 2722 865 2746 intra
881 2720 955 2745 uerba
974 2718 1007 2752 esi
1019 2719 1082 2745 illud

431 2402 647 2438 Exaggeranduui
662 2403 808 2429 stramentis
819 2403 948 2429 >tiniarum
975 2402 1123 2431 Colum.60

1152 1565 1182 1585 vt
1193 1559 1266 1585 fraus
1281 1559 1384 1593 penitus
1396 1565 1560 1593 amputetur,
1581 1568 1594 1585 a
1609 1559 1687 1585 nobis
1700 1568 1814 1594 aguntur
1825 1564 1924 1596 exagia.
1959 1566 2017 1592 Vni.
2032 1568 2051 1593 1.
2067 1569 2186 1598 Gothofr

1152 1593 1185 1620 ad
1199 1594 1216 1619 l.
1231 1603 1248 1626 4
1261 1595 1290 1620 C.
1303 1594 1409 1621 Theod.
1429 1594 1460 1620 de
1472 1595 1570 1620 Suariis
1580 1614 1588 1626 ,
1601 1596 1740 1629 pecuariis.
1792 1598 1960 1633 Eijerijcbmid
1977 1600 2006 1626 de
2023 1603 2151 1636 ponderib.
2171 1592 2196 1633 ei

1152 1629 1259 1664 mensur.
1278 1638 1303 1664 p.
1317 1632 1356 1661 36.
1374 1629 1476 1665 profert
1495 1639 1591 1656 numum
1630 1639 1698 1656 orma
1718 1631 1857 1666 quadrata,
1875 1636 1918 1667 qui
1933 1635 1963 1659 ab
1976 1644 2026 1661 vna
2037 1638 2111 1672 faeie
2123 1641 2196 1668 habet

1152 1667 1284 1700 imaginem
1304 1672 1327 1691 et
1345 1674 1429 1691 nomen
1448 1666 1572 1698 Honorii,
1589 1675 1604 1691 a
1631 1667 1712 1691 altera
1731 1673 1838 1691 monetae
1857 1674 1959 1702 typum,
1980 1678 2034 1695 cum
2052 1676 2193 1709 epigraphe,

1027 1702 1133 1733 Lae-40
1152 1700 1172 1725 E
1179 1700 1201 1725 X
1209 1701 1231 1725 A
1239 1700 1281 1726 GI
1290 1701 1351 1726 VM
1385 1700 1400 1726 S
1407 1701 1432 1726 Ο
1439 1700 1479 1726 LI
1488 1701 1511 1725 D
1519 1701 1531 1725 1
1539 1719 1547 1732 ,
1573 1702 1592 1726 i.
1608 1699 1709 1735 pondus
1723 1702 1774 1736 lege
1786 1700 1914 1736 definitum
1921 1721 1931 1734 ,
1948 1703 1982 1729 ad
1992 1706 2057 1740 quod
2069 1712 2138 1745 exigi
2155 1711 2194 1738 dg.

1149 1734 1207 1759 bem
1220 1734 1309 1768 solidi.

1188 1774 1204 1793 E
1215 1776 1233 1794 x
1243 1775 1263 1794 A
1274 1775 1295 1794 G
1305 1775 1321 1794 Ε
1331 1774 1346 1793 L
1357 1775 1373 1794 1.
1385 1774 1406 1794 A
1417 1788 1426 1800 ,
1450 1777 1488 1796 ae.
1516 1768 1536 1793 f.
1573 1767 1648 1794 Idem.
1684 1768 1820 1796 Ennodius
1840 1770 1868 1796 in
1895 1772 1956 1799 Vita
1980 1774 2000 1800 E

1151 1801 1231 1834 Qiafi
1244 1803 1389 1835 exagellam
1403 1803 1557 1837 relinquens
1569 1803 1594 1828 se
1609 1803 1666 1837 ipso
1685 1804 1874 1839 praestantior,
1893 1810 1912 1834 i.
1931 1812 1997 1845 egres

1143 1836 1232 1871 suram
1246 1844 1269 1862 et
1277 1837 1376 1871 pondus
1384 1856 1393 1869 ,
1412 1847 1458 1872 quo
1477 1840 1541 1864 alias
1553 1838 1703 1874 censebatur.

1188 1876 1398 1904 EXAGMEN,
1424 1873 1483 1899 inis.
1511 1882 1537 1899 n.
1576 1876 1626 1900 Pro
1647 1875 1783 1910 Exagizcm‚
1800 1876 1917 1904 laudatur
1947 1880 2041 1907 Auien.
2065 1884 2133 1918 apud
2152 1886 2193 1913 Pi-

1148 1904 1258 1932 thecum
1273 1907 1290 1932 l.
1303 1916 1330 1940 4.
1351 1909 1429 1934 Locus
1442 1906 1475 1941 est
1489 1918 1512 1943 p.
1529 1917 1572 1943 ¹57
1592 1910 1678 1945 Epigr.
1692 1910 1751 1936 edit.
1765 1912 1842 1947 Lugd.
1856 1917 1923 1946 1596.
1939 1917 1966 1940 in
1982 1917 2063 1953 Paris
2076 1929 2132 1953 159⁰
2150 1932 2194 1949 au.

1148 1948 1233 1982 tempp.
1246 1944 1298 1972 186.
1324 1943 1458 1978 Vtrobique
1471 1946 1579 1979 legitur,
1597 1944 1673 1971 Vnde
1694 1945 1777 1979 ligant
1790 1952 1894 1973 teneros
1907 1957 1938 1975 ex
1954 1952 2059 1985 agmine
2072 1955 2193 1985 flammea

1151 1978 1226 2002 casses
1235 1997 1243 2009 ,
1263 1980 1280 2003 ι’.
1299 1987 1328 2003 ex
1341 1977 1437 2010 ordine,
1452 1985 1480 2004 vt
1493 1986 1631 2004 contextum
1646 1984 1769 2007 orationis
1781 1982 1895 2009 indicat:
1912 1989 1983 2021 verJu
1996 1996 2053 2014 anre
2064 1989 2130 2016 hunc
2142 1999 2192 2019 ter-

1148 2015 1185 2038 tio
1197 2010 1245 2045 est,
1265 2012 1342 2038 Socio
1357 2013 1423 2039 latus
1437 2013 1541 2048 agmine
1552 2014 1689 2049 quadrant.

1186 2054 1202 2073 E
1211 2055 1228 2074 x
1237 2055 1257 2074 A
1266 2054 1287 2075 G
1297 2055 1316 2075 ο
1325 2054 1377 2075 GA
1390 2068 1400 2081 ,
1427 2057 1465 2074 ae.
1496 2057 1532 2075 m.
1568 2049 1717 2084 [ἐξαγωγή]
1759 2050 1879 2085 maffia,
1900 2061 2052 2091 prouentus,
2083 2061 2189 2091 redtrm,

1149 2082 1230 2109 Plaut.
1241 2083 1308 2109 Rud.
1323 2092 1346 2116 3,
1358 2093 1382 2115 2,
1397 2091 1425 2118 17
1445 2084 1544 2118 Teque
1555 2093 1605 2111 oro
1617 2091 1643 2112 et
1657 2087 1768 2120 quaeso,
1783 2087 1800 2113 fl
1816 2089 1900 2122 speras
1914 2090 1964 2117 tibi
1978 2091 2028 2119 hoc
2040 2103 2110 2123 anno
2125 2099 2190 2126 mul-

1149 2123 1205 2144 tum
1221 2119 1341 2145 futurum
1353 2119 1420 2153 sirpe
1431 2126 1457 2146 et
1471 2120 1644 2154 laserpitium,
1652 2130 1763 2156 eamque
1770 2130 1922 2151 euenturam
1936 2135 2078 2164 exagogam
2091 2133 2190 2163 saluam
2214 2130 2217 2133 ’

1149 2160 1175 2180 et
1198 2154 1330 2188 sospitem.
1386 2156 1482 2181 Facere
1504 2164 1648 2190 exagogam
1679 2155 1752 2183 Idem
1772 2158 1857 2186 Truc.
1872 2169 1900 2193 4,
1920 2170 1945 2196 2,
1963 2166 1987 2189 6.

1147 2189 1321 2216 Eueffionem
1343 2193 1524 2226 interpretatur
1543 2192 1639 2218 Festus.
1693 2194 1761 2219 Hinc
1779 2195 1875 2229 Lipsius
1892 2200 1966 2224 etiam
1982 2200 2033 2236 legi
2051 2204 2105 2229 vult
2124 2206 2192 2240 apud

1148 2225 1229 2251 Plaut.
1244 2225 1331 2252 True.
1346 2234 1372 2258 2,
1386 2233 1412 2260 7,
1428 2235 1444 2252 2.
1476 2227 1514 2253 ite
1537 2227 1584 2253 hac
1602 2227 1678 2253 simul
1697 2228 1807 2256 mulieri
1821 2230 2013 2266 damnigeruli‚
2027 2236 2099 2264 foras
2113 2249 2188 2273 gero-

1146 2269 1207 2293 nes,
1221 2260 1354 2288 bonorum
1368 2270 1508 2296 exagogae.
1549 2264 1583 2289 Vt
1602 2261 1752 2297 ainraHum
1765 2272 1876 2300 ponoena-
1889 2277 1938 2303 pro
1952 2279 2073 2298 concreto.
2097 2276 2145 2302 Sed
2155 2284 2189 2304 et.

1145 2299 1195 2323 iam
1207 2296 1270 2322 bona
1286 2296 1319 2329 est
1331 2298 1435 2333 vulgata
1449 2299 1666 2333 Hamaxagogac,
1684 2309 1709 2325 v.
1723 2309 1749 2325 v.

1181 2339 1197 2359 Ε
1207 2339 1224 2358 Χ
1234 2339 1255 2358 Α
1264 2339 1285 2359 G
1293 2338 1312 2359 o
1320 2340 1359 2365 N,
1378 2334 1487 2367 Legatus
1499 2342 1531 2360 cx
1545 2334 1648 2360 familia
1660 2334 1805 2367 Psyllorum
1820 2337 1931 2365 Romam
1945 2342 2079 2374 profectus

1145 2367 1215 2394 fama
1228 2368 1411 2402 percrebuisset
1424 2370 1493 2403 ipsos
1506 2368 1575 2395 tadiu
1590 2369 1699 2396 metune
1712 2370 1802 2398 leuare
1817 2374 1976 2408 serpentium
1993 2365 2092 2406 morsui<

1145 2412 1197 2438 que
1210 2404 1374 2437 serpentibus
1393 2404 1491 2430 terrori
1505 2406 1570 2437 effe,
2095 2401 2103 2413 ⁹

2020 1775 2074 1811 ἱρὴ·
2104 1788 2129 1813 Ρ·
2147 1790 2193 1814 413

2007 1810 2035 1837 its
2050 1815 2116 1840 velut
2129 1826 2194 1843 men.

2040 2167 2190 2204 Exagogm,

2104 2355 2187 2381 quum

1714 2407 1718 2411 .
1791 2408 1795 2412 .
1881 2410 1885 2414 .
2118 2383 2187 2417 ἕρδε-

1146 2439 1152 2444 ,
1324 2439 1330 2444 .
1583 2414 1596 2431 a
1611 2406 1771 2433 Consulibus
1788 2416 1816 2433 in
1831 2408 1933 2437 dolium
1947 2412 2106 2447 serpentium
2126 2428 2186 2445 con-

1144 2438 1228 2465 ieftus
1241 2440 1417 2474 experimenti
1430 2440 1519 2473 causa,
1540 2441 1818 2470 circummulcentibus
1828 2444 1927 2479 linguis
1941 2450 2098 2477 miraculum
2112 2462 2186 2486 prae-

1143 2474 1216 2509 busp
1247 2475 1314 2501 Plin.
1331 2480 1370 2506 28,
1385 2484 1408 2507 3.

1178 2517 1195 2537 E
1204 2518 1222 2537 x
1232 2517 1278 2537 AL
1288 2517 1328 2537 BE
1338 2517 1350 2536 s
1360 2518 1376 2538 c
1386 2518 1421 2543 0,
1444 2512 1498 2537 ere.
1534 2511 1548 2544 [
1561 2511 1653 2545 ὤχρωίω
1665 2513 1679 2546 ]
1715 2512 1860 2547 pallescere,
1891 2522 1916 2541 et
1932 2517 2034 2542 colorem
2046 2519 2184 2553 pristinum

1143 2547 1170 2571 in
1189 2546 1270 2572 album
1289 2554 1444 2572 commutare.
1481 2546 1535 2573 Cic.
1550 2547 1629 2572 Acad.
1644 2555 1670 2578 4,
1683 2551 1716 2578 48
1745 2547 1771 2572 Si
1784 2550 1829 2581 qui
1844 2549 1988 2578 fremerent
2000 2559 2026 2579 et
2039 2549 2184 2585 exalbesce.

1712 2582 1882 2610 Exalbescere
1901 2593 1973 2612 metu
1993 2589 2049 2615 Cic.
2064 2591 2096 2617 de
2108 2593 2175 2621 Orat

1142 2625 1164 2647 3,
1180 2619 1231 2641 216.
1266 2615 1340 2642 Idem
1355 2615 1388 2641 de
1401 2616 1458 2641 Fin.
1473 2623 1495 2647 ς,
1508 2624 1532 2646 31
1545 2624 1566 2641 c.
1581 2623 1603 2640 11
1625 2616 1662 2641 Ex
1675 2619 1779 2651 antiquo
1795 2619 1871 2644 Poeta
1891 2621 1974 2657 verfiis
1986 2627 2082 2651 citatur
2122 2615 2183 2656 Cui⁴

1141 2659 1215 2710 piot-s
1229 2659 1299 2703 cuma
1307 2650 1517 2684 appropinquet,
1535 2650 1599 2676 Non
1613 2650 1728 2685 refugiat
1746 2653 1844 2680 timido
1857 2655 1988 2690 sanguem
2007 2667 2060 2686 non
2080 2646 2185 2692 e’xalbe:

1154 2690 1192 2710 cat
1210 2691 1282 2711 metu
1292 2706 1298 2711 .

1178 2726 1194 2745 E
1204 2727 1221 2746 x
1230 2727 1251 2746 A
1261 2727 1276 2746 L
1285 2727 1301 2746 Β
1311 2718 1324 2746 i'
1332 2726 1351 2746 D
1361 2726 1380 2746 V
1390 2726 1412 2751 S,
1427 2729 1451 2753 a,
1464 2729 1518 2746 um.
1537 2719 1599 2747 Adi.
1620 2720 1787 2756 [ὑπόλεικσς]
1808 2723 1958 2758 praepositio
1971 2729 2069 2769 aliquid
2081 2736 2182 2769 minuit,

39 2758 95 2783 Cic.
114 2765 162 2790 pro
181 2757 287 2783 Caecin.
307 2762 332 2787 18
369 2756 399 2783 Et
411 2764 494 2791 quum
513 2754 566 2789 ipse
585 2754 712 2781 sextulam
725 2754 840 2780 nimium
858 2755 929 2781 suam
944 2763 1121 2794 exaggera-70
1139 2761 1169 2780 ut
1181 2758 1208 2780 in
1220 2755 1340 2788 Edurus,
1353 2755 1489 2790 Egelidus,
1501 2755 1635 2782 Eualidus.
1671 2756 1735 2783 Plin.
1749 2766 1792 2791 24,
1807 2766 1835 2791 19
1869 2761 1943 2788 Folia
1961 2770 2060 2792 vmcae
2081 2767 2108 2794 jn
2128 2779 2181 2797 me-

34 2797 81 2819 ret
94 2811 101 2822 ‚
131 2793 240 2818 nomine
271 2791 375 2818 heredis
413 2791 542 2817 arbitrum
572 2789 691 2816 familiae
724 2790 892 2816 erciscundae
928 2790 1080 2824 postulauit.

0 2847 4 2852 .
39 2827 148 2854 Phaedr.
163 2835 184 2859 3,
199 2836 208 2853 1
229 2828 390 2861 Exaggerare
409 2827 532 2859 diuitias,
552 2828 570 2852 i.
587 2827 694 2862 Auget-e.

0 2870 3 2886 ¹.
38 2869 92 2890 tam
103 2863 254 2889 Germanici
268 2863 437 2897 exaggerauit
452 2860 605 2888 honoribus.

739 2826 836 2852 Patere.
849 2833 874 2858 2,
890 2834 940 2859 129,
953 2834 966 2852 2
983 2827 1078 2852 quen-

77 2903 94 2924 Ε
102 2906 120 2925 x
128 2906 150 2925 A
158 2905 207 2932 QG
217 2905 233 2925 E
243 2906 261 2925 R
270 2905 292 2924 A
302 2906 322 2924 N
333 2905 354 2924 Τ
363 2905 378 2924 Ε
389 2905 417 2925 R.
439 2896 507 2924 Adii.
543 2895 663 2923 Tcrtull.
677 2895 710 2922 de
723 2896 808 2922 Carne
823 2895 922 2922 Christi
937 2905 958 2922 c.
976 2903 1012 2928 19.

78 2935 395 2966 ExAGGERA'rvs,
421 2942 449 2963 a,

41 2974 112 2996 ratus
125 2970 267 2996 virtutibus
285 2969 389 2995 animus
416 2969 473 2995 Cic.
487 2969 514 2994 in
528 2966 617 2994 Parad.
635 2975 657 3001 5.

42 3009 84 3031 tae
103 3004 223 3031 fortunae
247 3005 319 3032 Idem
339 3005 368 3031 in
380 3004 458 3032 Catil.
478 3012 547 3036 4,19
566 3012 588 3029 c.
603 3011 628 3036 9.

41 3039 80 3066 ld.
94 3039 125 3066 de
141 3039 210 3067 Clar.
225 3041 299 3068 Orat.
314 3043 348 3067 66
367 3050 389 3067 c.
403 3048 429 3075 7.
471 3038 528 3066 isid.
548 3039 659 3071 Oratio,
676 3041 704 3064 in
723 3045 796 3066 ORO.

43 3081 77 3106 13,
89 3082 121 3109 24
139 3075 232 3110 Neque
246 3077 363 3103 ornatius
377 3076 423 3108 fit,
443 3084 529 3110 neque
543 3074 732 3109 exaggeratius.

81 3116 387 3144 EXAGGERA‘rm,
412 3111 479 3138 anis.
505 3111 524 3136 f.

728 2967 826 2994 Aueiae
845 2974 924 3002 atque
939 2976 1077 3002 exaggera·

700 3003 796 3030 Oratio
820 3002 900 3030 altius
922 3010 1077 3038 exaggerata

868 3039 980 3075 Compar.
1007 3039 1076 3066 Gell.

9 3135 11 3151 ζ
43 3143 73 3171 de
85 3146 213 3181 Aegypto,
236 3147 310 3181 Qiae
327 3147 379 3174 siue
401 3145 647 3182 exaggerationibus
667 3154 773 3180 regum,
800 3144 853 3171 fiue
867 3145 926 3172 Nili
946 3145 1075 3173 trahentis

3 3473 5 3476 ·
40 3464 107 3491 citer
120 3463 225 3489 dicitur.
306 3482 318 3488 ,

20 3501 31 3504 ᾖ
76 3506 120 3526 Ex
130 3506 151 3525 A
161 3505 181 3525 G
192 3503 324 3525 G1.RAT
334 3504 397 3529 GR,
416 3501 477 3528 oris.
497 3512 532 3529 m.
569 3502 681 3529 Hieron.
701 3501 780 3536 Epist.
793 3509 826 3528 22
843 3510 865 3527 c.
880 3510 916 3528 12.

44 3180 152 3212 limum,
171 3187 298 3209 terrarum
312 3182 481 3210 recentissima
494 3181 623 3209 videatur.
660 3181 707 3208 Sed
714 3181 795 3207 editur
814 3180 911 3215 dimfim
924 3190 955 3208 ex
970 3190 1075 3216 aggera-

43 3215 172 3242 tionibus.
244 3218 346 3245 Transi.
366 3218 421 3246 Cic.
435 3219 518 3245 Tusc.
532 3226 557 3250 2,
569 3220 605 3251 64
618 3226 639 3244 c.
652 3219 686 3243 26
707 3218 765 3243 Hoc
783 3217 866 3251 igitur
885 3216 937 3243 tibi
957 3226 1075 3251 propone

44 3249 243 3285 amplitudinem
256 3253 353 3287 animi,
373 3261 399 3281 et
412 3254 482 3289 quasi
495 3252 626 3293 quandam
642 3253 873 3287 exaggerationem
894 3261 972 3287 quam
990 3253 1077 3279 altissi-

45 3295 115 3313 mam
145 3286 242 3322 animi,
265 3289 312 3323 qui
347 3291 461 3316 maxime
484 3290 584 3316 eminet
611 3297 640 3315 in
660 3288 859 3315 contemnendis
883 3294 909 3314 et
935 3288 1077 3322 despicien-
1090 3300 1118 3328 ες
1139 3287 1272 3322 dirigunt,
1286 3288 1462 3324 fodiuntque‚
1476 3296 1502 3316 et
1519 3289 1632 3316 exaltant
1648 3290 1676 3316 in
1694 3296 1746 3316 tres
1767 3290 1853 3325 pedes-

44 3321 84 3348 dis
104 3320 254 3349 doloribus:
273 3331 354 3350 vnam
374 3326 422 3352 csse
440 3326 561 3352 omnium
587 3333 644 3351 rem
664 3324 876 3359 pulcherrimam.
950 3324 1019 3350 Gell.
1042 3333 1077 3357 13,

44 3365 72 3389 23
91 3359 201 3392 quaerit,
217 3367 260 3383 cur
272 3359 365 3386 Praeda
376 3368 399 3387 et
411 3360 554 3388 Manubiae
573 3363 730 3401 iungantur?
784 3360 859 3386 Num
876 3358 1018 3390 onerandi,
1033 3360 1074 3386 vel

0 3419 1 3422 ,
42 3391 221 3427 exprobrandi
235 3393 351 3421 criminis
368 3397 440 3423 causa
460 3403 690 3431 exagverationem
708 3395 824 3430 aliquam
838 3395 979 3430 speciosam
995 3395 1076 3422 facit?

42 3428 118 3455 sicuti
153 3442 197 3447 ——
232 3436 283 3454 vna
294 3430 433 3466 eademque
444 3441 485 3459 res
499 3418 619 3467 pli’iribus
628 3431 717 3458 verbis
731 3430 901 3458 vehementer
914 3436 993 3466 atque
1006 3437 1075 3458 atro—

76 3541 94 3560 E
103 3543 122 3562 x
131 3542 153 3561 A
162 3541 183 3561 G
194 3533 207 3560 1⁹
216 3540 238 3560 Τ
248 3539 268 3558 0
279 3553 287 3565 ,
303 3537 355 3559 are.
391 3535 404 3569 [
416 3533 543 3573 δικςροφέω
555 3540 568 3573 ]
609 3538 765 3564 Vehementer
780 3546 885 3569 vexare,
910 3544 934 3564 et
952 3538 1072 3574 agitando

42 3578 193 3596 commouere.
228 3568 310 3609 Plaut.
324 3569 405 3596 Merc.
417 3579 444 3604 4,
458 3579 480 3604 5,
494 3582 520 3606 ες
539 3573 639 3609 Suppes.
660 3573 730 3599 Mala
750 3572 812 3599 bilis
823 3572 922 3600 cruciat
936 3582 979 3600 me
991 3581 1071 3608 atque

44 3606 163 3639 exagitat.
219 3604 274 3630 Cic.
290 3605 364 3630 Verr.
377 3612 399 3636 3,
412 3608 446 3637 46
460 3615 480 3632 c.
495 3613 519 3638 18
545 3609 609 3635 Non
628 3609 712 3635 solum
725 3609 872 3640 arationes,
886 3609 928 3635 sed
942 3609 1021 3636 etiam
1034 3610 1070 3635 se-

43 3639 87 3666 des
99 3641 153 3667 suas
166 3640 261 3675 patrias
280 3639 354 3665 istius
369 3639 472 3667 iniuriis
486 3645 608 3678 exagitati
623 3644 794 3679 reliquerant.

43 3674 100 3702 lust.
114 3677 190 3704 Catil.
205 3684 226 3702 c.
240 3680 273 3709 48
292 3675 399 3702 Tamen
411 3676 473 3708 quia
485 3677 514 3703 in
523 3680 574 3705 ⁴tali
588 3686 708 3714 tempore
720 3686 790 3706 tanta
803 3679 843 3706 vis
855 3678 972 3705 hominis
987 3680 1070 3714 magis

43 3709 178 3745 lenienda,
196 3720 274 3746 quam
292 3711 445 3745 exagitanda
463 3711 607 3741 videbatur.
643 3715 711 3742 Ibid.
733 3725 754 3742 c.
767 3720 806 3745 28.
878 3715 934 3741 Cic.
949 3715 980 3741 de
993 3716 1068 3742 Orat.

43 3753 65 3777 3³
77 3749 106 3779 56
125 3748 198 3774 Hanc
213 3746 318 3773 dicendi
332 3746 546 3773 exercitatinem
557 3751 717 3784 exagitarent
729 3758 755 3777 et
768 3756 974 3777 contemnerent.
1029 3751 1070 3777 In-

45 3780 131 3813 fe&ari
150 3790 175 3810 et
188 3782 319 3817 exagitare
338 3782 410 3808 Idem
430 3783 481 3808 Att.
496 3790 516 3813 1,
531 3791 563 3814 ¹3.
629 3786 825 3816 Concionibus,
840 3785 1070 3820 Disputationibus

46 3819 170 3851 ‘flagitare
190 3818 304 3853 aliquem
323 3818 360 3844 Id.
373 3819 401 3843 in
413 3818 487 3844 Orat.
500 3826 521 3843 c.
537 3827 556 3847 ς.

46 3857 79 3881 12,
93 3859 112 3884 5.
177 3854 273 3880 Lucan.
286 3858 310 3886 8,
323 3862 354 3885 43
374 3853 477 3879 Tristes
491 3852 621 3887 praesagia
634 3855 713 3882 Curas
734 3857 879 3891 Exagitant.
951 3858 1006 3884 Cic.
1019 3866 1067 3891 pro

45 3885 201 3925 §luent-100
220 3889 424 3924 Exagitabantur
437 3897 527 3915 omnes
540 3888 595 3913 eius
609 3889 720 3918 Fraudes
731 3899 809 3927 atque
823 3892 954 3919 fallaciae:
969 3902 1001 3919 eo
1015 3893 1069 3919 vita

43 3923 212 3961 meiusmodi
223 3925 325 3951 ratione
340 3925 438 3951 versata
456 3923 632 3958 aperiebatur.
736 3927 816 3954 Ouid.
831 3927 896 3954 Fast.
911 3936 932 3960 5,
947 3936 989 3962 141
1021 3929 1069 3955 Ex.

40 3963 136 3991 agitant
160 3967 185 3986 et
206 3961 258 3986 Lar
275 3967 301 3986 et
321 3961 398 3987 turba
421 3960 515 3986 Diania
539 3960 628 3985 Fures.
722 3961 834 3988 Furores
857 3963 942 3989 Catul.
963 3966 1002 3996 65.
1022 3972 1067 3997 94.

39 3991 123 4021 Furor
142 3995 256 4030 aliquem
276 3996 390 4029 exagitat
407 3996 464 4023 Sen.
478 3995 590 4027 Thyest.
603 3994 621 4021 s.
633 4003 661 4028 4.

184 4037 267 4058 voi..
301 4032 343 4058 11.

476 2941 529 2959 um.
564 2932 658 2958 Partic.
698 2932 919 2966 [ἓπικεχωσμένος]
962 2931 1077 2966 Exagge-
1087 2943 1120 2971 75·

561 3109 802 3145 [ἔπιχωμοιτισμὸς]
839 3109 929 3136 lustin.
946 3119 968 3143 2,
983 3119 991 3136 1
1009 3117 1074 3137 extr.
1086 3120 1118 3146 80

1085 3479 1122 3504 90

733 3995 824 4024 Litora
836 3998 936 4025 clamor
947 3999 1067 4026 nauticus
1074 4008 1118 4035 105

1141 2789 1186 2816 dio
1200 2791 1336 2823 exalbida,
1356 2791 1446 2817 eadem
1467 2790 1623 2825 procedente
1644 2797 1762 2826 tempore
1782 2799 1836 2820 tota
1850 2796 1981 2825 rubentia.
2018 2802 2089 2829 inem
2104 2813 2129 2830 17
2152 2815 2161 2832 ι

1140 2826 1233 2852 Petunt
1252 2826 1279 2852 in
1292 2826 1444 2852 Helimaeos
1459 2826 1582 2853 arborem
1596 2826 1718 2860 brutam,
1737 2830 1854 2863 cupresso
1873 2832 1945 2859 fusae
1962 2833 2072 2863 similem
2111 2814 2182 2867 eri-317

1140 2860 1209 2887 bidis
1228 2862 1317 2888 ramis.
1344 2862 1370 2888 h.
1382 2871 1402 2888 e.
1424 2864 1501 2888 veluti
1518 2862 1710 2898 Albescentieius.
1783 2866 1853 2892 Vina
1883 2869 2027 2897 admodum
2059 2858 2180 2905 effalbida-

1139 2896 1205 2923 Plin.
1219 2905 1256 2930 23,
1272 2906 1292 2923 1.
1313 2900 1330 2923 i.
1351 2900 1378 2924 in
1391 2898 1470 2924 album
1481 2899 1583 2923 colorem
1598 2902 1735 2934 vergentia.

1174 2939 1191 2959 E
1201 2940 1218 2959 x
1228 2939 1274 2959 AL
1283 2939 1341 2963 ΒΟ,
1361 2937 1412 2959 z'ire.
1449 2932 1568 2960 Tertull.
1586 2934 1644 2959 adu.
1660 2935 1742 2961 Marc.
1755 2943 1784 2968 4,
1797 2944 1833 2962 10.

1174 2975 1191 2994 E
1201 2975 1219 2995 x
1228 2975 1250 2994 A
1259 2975 1275 2993 L
1286 2975 1302 2995 Β
1311 2976 1332 2995 Α
1341 2975 1362 2995 T
1371 2976 1390 2995 v
1400 2976 1413 2995 s
1423 2988 1431 3001 ‚
1451 2977 1465 2995 a
1473 2989 1481 3001 ,
1502 2977 1556 2994 um.
1582 2969 1650 2995 Part.
1686 2970 1804 2997 Tei-tull.
1819 2971 1886 2999 ibid.
1900 2982 1929 3007 4,
1942 2979 1965 3005 8.

1174 3010 1191 3030 E
1200 3011 1218 3030 X
1227 3011 1248 3030 A
1258 3011 1273 3030 L
1284 3010 1299 3030 Β
1308 3011 1328 3029 V
1338 3011 1357 3030 R
1367 3011 1389 3030 N
1397 3011 1419 3030 A
1427 3011 1446 3031 R
1456 3010 1480 3030 E.
1501 3004 1662 3038 [ε’κμυελὲν]
1685 3006 1823 3033 Alburnum
1837 3008 1971 3036 detrahere.
2008 3012 2073 3040 Plin.
2091 3017 2120 3042 16
2142 3025 2179 3050 40

1139 3038 1158 3065 E
1173 3039 1283 3074 reliquis
1296 3039 1439 3066 arboribus
1453 3039 1583 3066 ficciffima
1595 3040 1680 3073 lotos,
1698 3050 1765 3076 quae
1778 3043 1878 3070 Romae
1897 3045 1933 3071 ita
1945 3047 2098 3080 appellatur.
2120 3036 2179 3079 'De-

1138 3075 1201 3101 inde
1213 3074 1297 3101 robur
1309 3075 1522 3102 cxalburnatum:
1536 3082 1562 3102 et
1574 3075 1636 3102 huic
1650 3077 1780 3111 nigricans
1793 3079 1875 3105 color.
1903 3081 1960 3106 Vid.
1981 3090 2011 3107 Ai
2024 3090 2166 3113 BVRNVM

1174 3117 1190 3137 Ε
1199 3118 1217 3150 ’Χ
1227 3117 1248 3137 A
1259 3117 1274 3136 1.
1284 3117 1306 3150 ’ζ’
1315 3117 1334 3137 O
1343 3131 1351 3143 ,
1372 3115 1424 3137 are.
1459 3110 1563 3146 [ὗψᾶω]
1600 3113 1630 3138 In
1643 3113 1719 3138 altum
1730 3114 1820 3143 toLlere,
1834 3113 1866 3147 est
1877 3115 1963 3150 paffim
1975 3118 2087 3152 Vulgato
2095 3107 2176 3148 Inter:

1138 3152 1206 3180 preti
1230 3145 1388 3173 ssibhorum.
1425 3147 1472 3174 Sed
1489 3154 1512 3172 et
1527 3147 1584 3173 Sen.
1600 3148 1653 3181 Qi.
1669 3148 1731 3174 Nat.
1745 3156 1756 3180 3
1770 3149 1827 3175 Pro.
1854 3150 1924 3177 Deus
1935 3151 1987 3178 alia
2001 3155 2095 3181 exaltat
2124 3157 2176 3184 alia

1138 3181 1279 3208 submittit.
1316 3181 1364 3209 Sed
1378 3182 1545 3209 Columellae
1557 3182 1635 3215 idem,
1649 3184 1713 3218 quod
1723 3186 1772 3209 alio
1783 3183 1892 3219 respet‘lu
1905 3186 2047 3221 deprimere.
2084 3176 2176 3228 Nempe

1139 3216 1167 3242 de
1180 3217 1257 3253 foffis
1275 3224 1299 3243 et
1310 3217 1391 3253 sulcis
1407 3218 1522 3250 adhibet,
1541 3227 1641 3252 quorum
1660 3219 1768 3245 altitudo
1785 3220 1864 3246 eadem
1879 3223 2055 3257 profunditas.
2092 3228 2132 3253 Sic
2152 3237 2165 3260 3

1140 3261 1174 3284 13,
1190 3261 1208 3285 4
1242 3253 1350 3279 Paribus
1363 3253 1471 3280 alternis
1484 3253 1578 3280 omissis
1592 3254 1693 3288 spatiis,
1714 3255 1802 3281 senum
1816 3255 1912 3290 pedum
1932 3258 2076 3286 latitudinis
2091 3247 2175 3290 sulcos

1896 3293 1944 3318 Vbi
1957 3304 2002 3319 non
2015 3295 2124 3323 debebam
2137 3308 2175 3325 re.

1134 3323 1284 3358 prehendere
1298 3325 1456 3357 Beroaldum‚
1471 3335 1614 3361 quamquam
1621 3325 1739 3361 fiispensa
1751 3336 1825 3353 manu
1838 3327 1867 3353 id
1871 3327 1973 3363 facium
1985 3328 2025 3360 est.
2063 3333 2104 3358 Ita
2118 3343 2174 3360 mox

1138 3359 1156 3385 s.
1173 3367 1189 3391 9
1217 3359 1323 3386 Sulcum
1342 3361 1478 3395 paullatim
1498 3362 1627 3393 exaltare,
1646 3369 1669 3386 et
1688 3370 1714 3392 4,
1727 3371 1755 3395 4,
1775 3370 1791 3388 2
1820 3363 1939 3389 Exaltare
1960 3364 2056 3392 fortius
2078 3367 2172 3397 orbem

1136 3394 1348 3430 ablaqueationis
1366 3396 1447 3423 fossor
1467 3396 1559 3429 studet.
1612 3397 1744 3423 Firmicus
1758 3406 1781 3429 2,
1806 3417 1812 3423 .
1840 3417 1846 3424 .
1882 3398 2022 3429 Babylonii
2043 3410 2073 3428 ea
2093 3403 2162 3439 figna

1138 3431 1167 3457 in
1180 3431 1276 3466 quibus
1289 3431 1376 3458 stellae
1391 3433 1552 3464 exaltantur,
1572 3430 1710 3458 domicilia
1723 3441 1813 3459 cai-um
1827 3433 1874 3458 effe
1888 3433 2038 3462 voluerunt.
2161 3425 2173 3439 ⁰

1172 3473 1190 3493 E
1199 3474 1217 3493 x
1226 3474 1246 3494 A
1257 3474 1273 3493 1.
1283 3474 1304 3494 T
1314 3475 1334 3494 A
1342 3474 1364 3494 T
1373 3475 1393 3494 ν
1403 3475 1415 3495 s
1424 3487 1430 3499 ‚
1454 3476 1468 3494 a
1476 3488 1485 3499 ,
1501 3476 1555 3494 um.
1576 3468 1669 3494 Partic.
1707 3468 1782 3501 Vulg.
1796 3469 1904 3500 Interpr.
1919 3477 1928 3494 1
1944 3469 2007 3504 Reg.
2021 3479 2047 3505 a,
2063 3477 2082 3499 i.

1171 3508 1187 3528 E
1197 3510 1214 3529 x
1224 3510 1270 3530 AL
1282 3509 1304 3529 'r
1315 3510 1428 3535 A‘rio,
1445 3504 1511 3529 onis.
1532 3503 1552 3530 f.
1573 3504 1700 3538 Superbia.
1737 3502 1853 3529 Tertull.
1868 3502 1900 3529 dc
1915 3504 1985 3532 Cult.
1999 3507 2071 3534 Fem.
2085 3518 2101 3536 2
2114 3519 2135 3537 c.
2148 3519 2170 3545 3.

1134 3537 1258 3572 Cyprian.
1272 3538 1317 3573 Ep.
1333 3547 1353 3571 1,
1366 3547 1386 3571 3.

1169 3580 1185 3599 E
1194 3581 1212 3600 x
1223 3581 1245 3601 A
1255 3581 1270 3600 1.
1281 3581 1333 3600 VM
1343 3581 1352 3600 1
1363 3581 1384 3599 N
1395 3573 1447 3600 ᾹΤ
1456 3581 1477 3600 v
1486 3581 1498 3600 s
1507 3593 1515 3606 ,
1532 3581 1562 3606 a,
1582 3582 1634 3599 uin.
1671 3573 1782 3599 Denom.
1803 3573 1833 3598 ab
1844 3573 1985 3603 Alumine:
2019 3577 2085 3606 Plin.
2104 3589 2131 3614 9,
2144 3589 2171 3615 35

1133 3608 1238 3635 Summa
1250 3609 1305 3635 laus
1323 3609 1421 3637 coloris
1442 3609 1493 3641 est,
1522 3609 1714 3636 exaluminatos
1732 3609 1845 3642 vocari,
1868 3613 1887 3636 i.
1909 3611 1955 3638 Ad
1971 3613 2072 3641 colorem
2084 3618 2171 3645 alumi-

855 3644 997 3670 Contraria.
1018 3644 1069 3670 Sal·
1080 3649 1112 3676 95
1128 3646 1170 3669 nis
1182 3644 1329 3671 accedentes.

1169 3686 1365 3712 ΕΧΑΜΒΙΟ,
1385 3684 1434 3708 ire.
1472 3681 1519 3707 Per
1540 3679 1655 3705 ambitum
1677 3679 1754 3709 eniti,
1774 3676 1842 3711 ficut
1862 3679 2000 3709 Eblandiri.
2044 3686 2168 3720 cyprian.

1134 3714 1212 3748 Epist.
1228 3723 1262 3741 ιο
1281 3723 1304 3750 p.
1317 3724 1349 3748 43
1386 3717 1475 3750 Qum
1499 3713 1677 3748 comperissem
1700 3720 1760 3745 eos,
1781 3714 1828 3748 qui
1852 3715 1983 3751 sacrilegis
2006 3722 2170 3750 contactibus

1133 3758 1225 3775 manus
1244 3751 1300 3776 suas
1317 3758 1396 3786 atque
1414 3760 1460 3778 ora
1473 3749 1652 3779 maculassent,
1671 3746 1857 3784 (turificatos)
1877 3751 1918 3777 vel
1936 3754 2057 3782 nefandis
2069 3757 2169 3784 libellia

1133 3784 1310 3812 nihilominus
1323 3787 1508 3813 conscientiam
1523 3783 1685 3823 polluissent,
1706 3784 1891 3820 (libellaticos)
1906 3789 2040 3817 exambire
2054 3792 2085 3817 ad
2101 3802 2168 3819 inar-

626 3821 820 3848 Conscientiam
841 3822 932 3848 Tacit.
953 3822 1020 3848 Ann.
1041 3830 1123 3855 4,100
1132 3826 1201 3852 tyres
1221 3821 1323 3855 paffim,
1341 3823 1496 3848 confessores
1515 3827 1622 3853 quoque
1640 3824 1789 3852 importuna
1809 3827 1835 3847 et
1853 3823 1966 3856 gratiosa
1985 3825 2167 3860 deprecatione

1133 3865 1311 3890 corrumpere.
1346 3859 1377 3884 Et
1391 3856 1467 3891 Epist.
1485 3857 1518 3888 67
1533 3863 1556 3888 p.
1571 3862 1613 3889 173
1645 3854 1681 3880 Vt
1699 3855 1859 3887 exambiret,
1873 3859 1967 3892 reponi
1985 3861 2011 3886 se
2029 3862 2123 3888 iniuste
2137 3863 2166 3889 in

1133 3892 1326 3925 episcopatum,
1347 3892 1379 3918 de
1391 3900 1444 3927 quo
1459 3891 1543 3916 fuerat
1563 3890 1629 3916 iuste
1643 3889 1780 3924 depositus.
1832 3892 1927 3924 Symni.
1943 3902 1968 3928 7.
1994 3914 2000 3920 .
2027 3915 2032 3920 .
2070 3897 2165 3924 Suffra-

1133 3928 1204 3962 gium
1224 3927 1324 3953 fauoris
1341 3929 1382 3954 tui
1401 3925 1533 3953 exambio.
1603 3924 1667 3958 Psff.
1686 3926 1785 3952 Arnob.
1803 3935 1817 3959 3
1837 3937 1860 3962 p.
1876 3937 1918 3961 ¹¹4
1948 3930 2086 3964 Numquid
2107 3933 2162 3959 Rex

1131 3963 1186 3998 poli
1206 3962 1334 3988 libamine
1351 3963 1441 3996 aliquo
1454 3959 1621 3994 exambitur,
1637 3967 1680 3987 aut
1696 3961 1786 3988 hostia.

1167 3998 1373 4059 ΕΧΔΜΒῑΤῖεὶ
1390 4006 1421 4057 q,
1441 4005 1494 4024 um.
1514 3997 1581 4025 Part.
1621 3997 1665 4030 Vs,
1681 3996 1819 4024 Exambita
1834 3998 1906 4033 regia
1925 3999 2056 4026 Ammian.
2072 4003 2111 4033 26,
2126 4011 2163 4035 ¹9·

2018 4038 2164 4071 ExAMEN,
