2479 4225
59 203 165 244 <1081
475 193 493 234 1
571 194 616 234 N
697 193 734 232 D
1312 229 1315 232 ⁴
1557 193 1574 234 Ῑ
1655 194 1729 235 N¹
1778 198 1812 237 Ε
2140 209 2233 249 1082

82 284 209 320 Pompeio
229 298 275 304 ——
292 282 425 317 Qinffil.
437 291 460 315 3,
474 288 498 317 ε,
511 289 550 316 ςο.
659 282 715 309 Cic.
724 281 776 308 Off.
788 289 818 314 3,
833 288 874 320 43.
893 278 1055 319 Ponit-enim
1070 279 1128 306 Pcr—
1193 288 1194 291 ¹
1224 286 1323 308 1NDv
1333 287 1346 307 s
1356 300 1364 312 ‚
1383 279 1402 319 ir
1422 289 1457 308 m.
1493 279 1601 317 [Ἰνδὸς]
1658 284 1759 310 Fluumr
1771 293 1786 310 α
1801 294 1846 320 quo
1860 287 1934 315 India
1947 293 2073 317 nominata
2086 289 2134 324 est.-
2168 301 2238 328 quem

57 342 65 347 .
83 320 174 347 sonam
187 319 282 351 amici,
303 327 385 354 quum
401 319 487 345 induit
502 316 607 345 iudicis.
678 319 818 344 Personam
831 315 984 352 philosophi
1002 314 1128 355 induere,
1188 319 1215 343 in
1230 319 1287 353 iugo
1301 317 1399 348 Caucasi
1412 320 1518 349 montis,
1538 319 1602 353 quod
1615 327 1717 346 vocatur
1731 321 1928 355 Paropamiys‘as,
1944 325 2059 361 aduerfias
2074 328 2137 353 Solis
2156 336 2236 354 orrum

82 356 111 383 'et
123 355 172 382 fibi
180 354 291 389 ipsrhoc
304 363 402 381 nomen
415 354 559 388 inscribere
583 352 623 379 Id.
638 352 722 379 Tusc.
737 361 761 386 ς,
773 360 813 387 73.
836 386 840 391 ῃ
916 351 1002 376 Aliter
1016 351 1126 391 Quinct.
1187 352 1293 389 effufiam
1306 354 1394 391 aiunt,
1412 354 1438 377 in
1449 352 1521 388 quuc
1535 361 1552 380 x
1564 362 1572 380 1
1582 361 1599 380 Χ
1613 363 1696 381 amnes
1711 358 1827 390 recipere.
1883 360 2000 386 Mummi
2014 362 2069 387 Cic.
2079 362 2110 388 de
2125 363 2201 391 NJ).
2211 373 2225 390 2

83 400 112 424 4,
125 399 135 417 1
161 390 358 417 Declamaturus
373 397 460 417 autem
475 389 590 417 maxime
605 388 698 422 politas
712 389 741 414 in
755 386 891 421 affectibus
904 386 999 426 causas,
1013 395 1128 421 proprus
1192 396 1243 419 ¹30·
1300 388 1331 413 E!
1344 387 1410 413 Plin.
1426 390 1451 417 6,
1465 397 1506 414 20.
1564 391 1615 415 Hic
1627 392 1656 416 ab
1671 392 1758 417 incolis
1775 391 1868 418 dicitnr
1882 392 1988 420 Sandus.
2040 398 2114 434 Cous.
2126 400 2200 425 Curt.
2214 384 2237 429 8⁷

41 443 47 448 .
83 426 203 453 Personis
216 425 293 452 debet
307 425 427 454 induere.
493 423 686 452 Persualionem
698 423 748 450 libi
756 422 877 450 scientiae
886 421 977 447 falsam
986 422 1129 449 induerunt
1153 434 1168 460 5
1192 431 1217 456 9,
1231 431 1254 449 ε.
1289 422 1372 449 Ouid.
1387 422 1452 449 Fast.
1467 432 1487 455 3,
1502 431 1562 458 720.
1598 426 1689 452 lustin.
1705 435 1727 459 3,
1744 435 1771 460 4,
1785 435 1829 453 20.
2229 419 2238 431 ²

37 464 40 466 ’
84 461 158 488 Idem
170 469 191 494 1,
205 469 223 486 1.
265 461 325 488 Vid.
338 462 362 488 h.
371 463 388 487 1.
401 463 486 489 Burm.
501 460 609 495 idemque
622 459 656 486 ad
667 461 769 486 Petron.
783 467 804 484 c.
813 458 835 489 4¹.
906 457 998 496 Tacit.
1011 458 1077 484 Ann.
1093 460 1130 489 16,
1229 459 1403 488 INDVleR,
1419 458 1467 484 ari.
1489 459 1555 492 Dep.
1582 461 1682 494 Vtstiri.
1710 463 1787 488 Mart.
1797 461 1896 497 Capell.
1906 470 1916 488 1
1935 463 2236 499 Cumipsumtonantem

84 502 113 527 ,Β
142 496 200 522 Nifi
214 502 306 523 cosm-2,
325 497 458 527 instituta,
476 503 502 523 et
516 495 688 523 caerimonias
701 495 832 522 maiorum
845 491 1012 518 Prod1torem
1027 494 1112 528 palam
1122 513 1130 525 ‚
1192 494 1314 520 induuiis
1327 493 1453 520 indusiari
1468 501 1613 523 cernerent.
1722 497 1796 524 ldem
1810 506 1826 524 2
1861 498 1931 524 Lana
1945 499 2078 529 indutiari,

81 537 108 558 et
121 531 223 558 hostem
238 533 359 560 Thrasea
371 532 501 559 induisset,
570 530 608 558 Μ,
624 530 690 558 ibid,
703 539 730 564 2,
744 538 768 558 ις
807 527 863 560 Qui
875 536 908 568 ne
923 527 1021 568 bellum
1034 530 1130 555 tolera·
1230 536 1239 555 1
1251 536 1273 555 N
1285 535 1303 555 D
1313 536 1332 554 v
1341 536 1354 556 s
1363 535 1373 554 1
1384 535 1406 555 A
1418 536 1438 556 T
1448 536 1468 555 v
1478 536 1490 556 s
1505 549 1513 562 ,
1540 538 1553 555 a
1562 550 1568 561 ,
1597 540 1652 558 um.
1714 532 1831 566 Vestitus.
1905 534 1983 568 Apul.
2002 537 2086 562 Miles.
2107 546 2118 562 2
2147 548 2170 573 p.
2194 549 2235 572 123

84 573 159 600 rent,
178 567 341 595 Seditionem
356 568 509 595 induerunt.
576 567 638 593 Liu.
652 576 677 599 1,
692 568 722 599 56
753 565 849 591 Comes
862 563 902 589 his
917 563 1021 590 additus
1043 565 1071 591 L.
1087 565 1129 591 Iu-
1192 565 1271 591 Pueri
1284 564 1468 596 calamistrati,
1489 565 1597 599 pulchre
1610 567 1741 596 indusiati.
1844 568 1919 596 Idem
1935 578 1964 596 10
1983 579 2009 605 p.
2023 580 2062 605 153
2094 574 2237 602 Indnfiatus

46 635 49 637 ¹
81 603 143 630 nius
156 603 250 630 Brutus
267 605 423 639 Tarquinia
436 605 528 630 sorore
543 603 612 637 regis
627 608 719 634 natus,
737 599 843 626 iuuenis
856 599 1129 635 longe-aliusingenm,
1146 613 1175 632 10
1193 600 1349 627 adolescens.

48 640 51 641 ⁷
82 647 164 673 quam
181 639 255 674 cujus
268 640 470 667 Simulationem
485 637 616 665 induerat.
675 664 677 667 ,
719 636 810 662 Tacit.
825 635 892 660 Ann.
908 643 945 667 12,
959 644 982 666 ¹3
1005 637 1131 669 Qiorum
1230 643 1239 661 1
1251 642 1272 661 N
1282 643 1332 662 DV
1342 643 1354 662 s
1366 641 1374 661 1
1385 642 1406 662 V
1417 641 1444 661 M
1454 655 1462 668 ,
1484 636 1502 662 i.
1525 645 1551 662 n.
1587 636 1762 672 [χιτωυῖσκοι]
1818 638 1899 672 Vestis
1911 642 2027 674 interior,
2035 641 2111 677 fitper
2125 652 2171 678 qua
2184 655 2238 671 mox

39 678 50 686 ‘¹
82 683 130 702 rex
145 675 266 707 Hyliates
278 676 435 702 Societatem
448 674 609 702 Meherdatis
621 672 707 707 palam
719 671 851 711 induerat.
959 671 1076 705 Speciem
1092 673 1130 698 iu-
1185 671 1462 708 subuculasumehutur.
1520 673 1608 698 Varro
1623 673 1652 698 L.
1670 674 1698 699 L.
1714 684 1741 706 4,
1754 683 1785 706 30
1814 675 2016 712 ludibundus-suo
2030 687 2095 704 more
2111 679 2238 706 Intufium

83 709 150 736 dicii
162 710 275 737 induere
287 720 341 737 non
358 717 461 746 poterat
497 711 536 737 Id.
549 708 616 735 ibid.
632 717 663 740 15,
677 710 720 740 69.
808 707 867 732 Liu.
881 714 934 746 40,
950 714 973 731 12
981 714 1023 742 pr.
1051 708 1130 733 Nunc
1192 707 1272 739 dicit,
1292 709 1438 747 maturuit,¹
1448 707 1537 733 Vnum
1551 707 1623 742 quod
1636 709 1702 734 foris
1712 728 1718 739 ,
1738 718 1752 735 a
1772 710 1855 743 palam
1871 712 1953 745 palla:
1988 712 2100 740 alterum
2114 715 2186 749 quod
2201 716 2240 741 in.

44 752 48 757 .
82 754 137 772 no„
152 745 313 773 infidiatoris
326 747 416 779 modo,
430 746 474 773 sed
488 745 597 772 latronis
610 742 744 770 manifesti
756 748 782 768 et
795 742 948 776 percutioris
962 742 1077 776 Speciem
1092 744 1130 769 in-
1194 749 1250 773 tus‚
1267 751 1282 768 a
1295 751 1348 777 quo
1362 745 1496 768 intuitum.
1568 745 1635 769 Hinc
1650 744 1722 770 Non.
1738 753 1776 777 14,
1794 751 1819 775 18
1844 746 1978 773 Imlulium
1992 747 2028 774 est
2041 749 2241 782 vestimentum,

82 780 151 807 duit.
230 782 321 811 Tacit.
335 782 403 809 Hist.
416 791 445 815 4,
458 790 495 816 57,
508 791 526 814 4
550 778 660 806 Galbam
672 785 698 805 et
714 778 827 804 infraeta
843 776 943 804 tributa
958 777 1064 805 hostiles
1076 779 1130 813 Spi-
1147 786 1172 812 15
1197 777 1270 813 quod
1283 777 1390 812 corpori
1406 777 1474 804 intra
1488 778 1614 812 plurimas
1629 780 1711 806 vestes
1731 780 1869 812 adhaeret,
1888 782 1959 816 quasi
1973 783 2107 812 intufium.
2142 786 2242 814 Laudat

80 817 150 843 ritus
164 815 285 844 induifl'e.
379 818 444 844 Plin.
459 824 498 848 23,
512 824 521 841 1
547 816 580 841 At
592 824 640 841 nos
653 823 667 841 e
683 814 790 849 diuerso
803 813 872 839 fumi
886 814 1062 840 amaritudine
1078 816 1130 841 Ve-
1199 813 1285 840 demde
1299 813 1385 839 Plauti
1398 813 1489 844 Iocum,
1508 813 1671 849 qucmstarlm
1685 816 1769 841 duntur
1789 825 1846 842 uoce
1866 824 2061 845 1ΝΙ)1’81ΑΤΑ.

62 882 67 883 .
81 852 203 878 tustatem
217 852 292 879 indui
306 854 454 888 persuasum
468 850 602 878 habemus.
709 849 825 876 Martial.
837 857 865 880 2,
878 856 907 880 41
942 850 1035 876 Vultus
1048 856 1076 877 tu
1091 851 1130 877 in·
1228 856 1238 876 1
1249 855 1271 875 Ν
1283 855 1302 875 D
1311 856 1330 875 v
1339 856 1351 875 S
1361 854 1370 873 1
1380 855 1400 874 Α
1411 855 1429 874 R
1440 856 1448 874 1
1459 856 1477 875 V
1487 856 1499 875 S
1508 869 1515 881 ,
1536 850 1554 876 i.
1580 860 1614 876 m.
1652 853 1703 886 Qu
1719 851 1816 885 mdujia
1828 852 1937 887 conficit.
1993 854 2074 882 Plaut.
2089 856 2150 883 Aul.
2165 865 2195 890 3,
2208 865 2237 891 ς,

82 887 134 913 due
147 889 229 922 magis
243 889 362 920 seueros,
398 889 485 922 Quam
499 886 598 913 coniux
612 885 726 919 Priami,
746 893 881 919 nurusque
898 884 993 911 maior.
1066 886 1129 912 Vul-
1191 893 1220 918 35
1251 884 1406 919 Pamgiarii,
1428 884 1581 918 induiiarii,
1602 886 1773 918 tlammcarh,
1791 888 1911 914 violarii.

77 928 140 949 ‘tuin
155 924 239 950 animi
253 924 291 950 sui
305 924 352 950 sibi
382 924 439 950 Sen.
455 922 487 949 de
501 922 591 949 Benef.
607 930 638 953 2,
653 931 674 947 2.
802 925 811 928 “
851 916 871 956 fl
899 927 911 951 ς
952 922 1010 947 Cum
1025 922 1130 957 Pracpo-
1227 927 1237 946 1
1247 926 1296 946 ND
1306 927 1325 945 V
1336 927 1349 946 S
1359 920 1456 946 ΙᾹΤΑ
1466 940 1474 953 ,
1491 923 1531 947 vet
1552 928 1559 946 1
1574 928 1595 947 N
1607 929 1628 948 T
1638 929 1658 948 V
1669 930 1681 949 s
1693 930 1701 948 1
1713 929 1763 949 AT
1773 930 1793 949 Α
1803 943 1811 955 ,
1830 932 1868 950 ae.
1890 924 1908 949 f.
1945 924 2013 951 Idem
2025 926 2092 961 quod
2102 926 2237 962 Iudufium.

73 958 167 993 μβηρηε
181 960 212 985 Ῑῃ
225 959 326 986 uidetur
335 958 398 986 idem
411 958 582 995 qaodfiibirc,
597 956 783 995 ivitrarefaciq.
837 955 868 981 In
881 961 979 982 mentes
988 956 1127 983 hominum
1138 966 1174 985 20
1190 955 1271 982 Plaut.
1285 955 1360 995 Epid.
1373 964 1402 988 2,
1424 964 1455 987 2,
1474 963 1510 990 47
1543 956 1617 990 Quid
1631 957 1708 989 istae,
1727 967 1793 991 qnae
1811 960 1952 992 quotannis
1975 970 2081 988 uomina
2097 963 2239 991 inueniunt

81 993 171 1021 induit
183 1004 241 1021 cum
255 994 384 1022 audiendi
398 994 511 1030 quadam
531 993 657 1019 illecebra
671 992 797 1027 apologos
811 991 926 1031 Aesopus
959 992 1027 1018 Gell.
1040 1002 1067 1025 2,
1087 1001 1128 1025 29.
1190 991 1278 1023 noua',
1298 997 1413 1031 tunicam
1426 991 1535 1024 rallam,
1554 993 1669 1019 tunicam
1683 994 1798 1027 spinam,
1819 995 1975 1027 linteolum,
1996 997 2144 1031 caefieium,
2163 1000 2239 1027 indu*

44 1046 47 1047 ν
80 1031 187 1066 Legitur
202 1037 225 1056 et
237 1031 352 1057 Induxit.
424 1030 499 1064 Virg.
512 1030 578 1055 Aen.
591 1036 624 1062 7,
644 1037 678 1054 20
711 1028 785 1061 Quos
799 1025 939 1053 hommum
955 1037 985 1054 ex
1001 1029 1067 1054 faeie
1080 1029 1129 1055 dea
1189 1026 1278 1053 statam
1288 1046 1296 1058 ,
1318 1033 1472 1061 pataglatam
1482 1047 1490 1059 ,
1510 1028 1649 1058 caltulam,
1670 1035 1715 1054 etc.
1764 1028 1822 1055 Vid.
1839 1031 1910 1056 Non.
1924 1038 1948 1057 et
1962 1033 2048 1058 Varro
2055 1033 2143 1068 fiipra.

79 1065 158 1091 saeua
171 1065 324 1100 potentibus
339 1065 430 1092 herbis
466 1065 591 1099 Induerat
603 1064 682 1090 Circe
699 1062 728 1088 in
742 1061 843 1094 vultus,
870 1071 898 1088 ac
919 1070 989 1097 terga
1001 1064 1127 1091 ferarum.
1229 1069 1239 1087 Ι
1253 1069 1274 1088 Ν
1285 1067 1333 1088 DV
1343 1069 1412 1089 STR
1423 1070 1431 1088 1
1444 1070 1480 1094 A,
1500 1071 1539 1088 ae·
1572 1063 1587 1088 f
1587 1083 1592 1088 ·
1629 1061 1739 1096 [wad‘vh
1758 1063 1848 1099 αἱρετή,
1866 1068 1993 1098 φιλοπονία
2005 1068 2082 1097 ΟΙοιΓ,
2099 1069 2155 1096 Lat.
2169 1070 2238 1105 Gn]

79 1101 137 1127 Cic,
152 1100 183 1126 de
196 1101 287 1127 Diuin,
302 1109 329 1131 2,
349 1110 387 1134 44
406 1111 428 1128 c,
443 1109 473 1134 ¹9
501 1100 585 1127 Placet
598 1098 692 1125 Stoicis
705 1097 836 1129 anhelitus
851 1103 935 1124 terrae
965 1115 1010 1119 —
1030 1109 1088 1126 cum
1104 1101 1129 1126 se
1191 1098 1321 1130 Studium,
1348 1104 1370 1124 et
1389 1098 1546 1133 diligentiam
1568 1105 1655 1130 notat,
1678 1108 1707 1124 ac
1725 1106 1828 1125 naturae
1840 1104 1980 1135 opponitur.
2035 1105 2073 1130 De
2089 1112 2166 1139 etymo
2184 1108 2239 1136 vid,

78 1135 108 1162 in
129 1136 227 1162 nubem
241 1136 379 1163 induerint
411 1151 456 1157 ·—-
476 1142 531 1162 tum
546 1141 572 1162 et
585 1134 701 1168 fulgores
715 1140 740 1160 et
754 1133 1005 1162 tonitruaexistcre.
1086 1136 1129 1161 In-
1138 1138 1169 1165 25
1190 1139 1406 1160 INDVsTnlvs.
1419 1134 1537 1160 Donatus
1544 1134 1578 1160 ad
1587 1134 1650 1160 illud
1657 1134 1725 1160 Ter.
1735 1134 1914 1168 Andr.4,5‚55
1933 1136 2172 1168 Paullaminteress'e
2180 1151 2237 1169 cen-

79 1170 139 1197 duit
151 1172 177 1198 se
192 1171 307 1206 Reipub.
334 1172 392 1198 Seu.
408 1172 439 1199 de
454 1172 538 1198 Clem.
553 1179 580 1202 1,
616 1190 622 1196 .
660 1190 667 1197 .
703 1172 722 1195 i.
742 1170 881 1204 [inplicuit.
998 1171 1129 1204 Qiinetil.
1191 1169 1245 1201 se5,
1271 1177 1301 1194 ex
1321 1169 1411 1196 animo
1429 1169 1536 1201 onmia,
1566 1170 1602 1196 Vt
1619 1170 1671 1196 fert
1690 1176 1799 1202 natura,
1818 1170 1912 1202 facias,
1936 1180 1969 1197 an
1988 1173 2019 1199 de
2040 1174 2184 1209 industria,
2198 1176 2239 1211 fic

78 1214 116 1236 12,
129 1215 175 1240 1,.3
202 1207 258 1240 Qu
273 1207 300 1233 in
312 1207 474 1242 grauiffimas
487 1207 641 1241 frequenter
655 1205 756 1239 legum,
775 1206 878 1239 semper
891 1214 955 1231 vero
968 1207 1051 1233 malae
1067 1216 1128 1233 con-
1186 1211 1363 1244 αξιηι-ηεηταιιιν
1373 1224 1380 1235 ,
1414 1204 1562 1244 Industria,
1589 1205 1713 1238 scientia,
1739 1213 1763 1231 et
1786 1206 1953 1239 prouidentia
1968 1218 1973 1233 :
2009 1217 2039 1235 ea
2059 1218 2130 1236 cnun
2143 1231 2150 1243 ,
2171 1222 2238 1246 quae

79 1241 203 1268 scientiae
216 1251 312 1276 poenas
326 1252 341 1269 a
354 1242 494 1278 semetipsis
508 1241 655 1275 improuiso
669 1249 760 1267 rerum
779 1241 852 1267 exitu
867 1242 1017 1268 induantur.
1071 1244 1129 1269 Atii
1190 1240 1331 1271 (ilfi—'lmus'
1349 1245 1375 1265 et
1395 1240 1505 1272 snmus,
1531 1242 1686 1274 operatione
1708 1242 1795 1275 genita
1813 1247 1839 1267 et
1857 1241 1984 1269 industria
2002 1244 2115 1278 quadam
2136 1248 2238 1275 scimus.

34 1304 37 1308 y
76 1277 163 1312 legunt
175 1278 346 1306 inducantur.
453 1277 534 1304 Plaut.
549 1276 633 1303 Cafin.
649 1285 674 1308 1,
690 1286 715 1308 1,
727 1285 754 1306 25
786 1277 867 1303 Proin
883 1283 909 1303 tu
926 1284 949 1302 te
964 1278 990 1302 in
1003 1278 1127 1311 laqueum
1189 1275 1307 1301 Rutilius
1320 1276 1385 1309 Lup.
1399 1275 1431 1302 de
1444 1276 1499 1309 Fig.
1515 1277 1622 1304 sentent.
1636 1277 1760 1311 Epipioce
1775 1287 1800 1310 p.
1815 1286 1832 1310 4
1846 1286 1876 1303 ex
1891 1278 2026 1312 Lycurgo,
2059 1282 2092 1307 At
2107 1283 2174 1309 mihi
2190 1284 2239 1310 mi-

76 1312 187 1346 induas,
204 1316 223 1340 i,
231 1313 377 1350 suspendas.
434 1313 481 1340 Sed
492 1311 601 1345 Quin&
616 1321 639 1346 5,
652 1320 684 1346 7,
699 1321 720 1338 11
745 1311 774 1338 de
787 1310 896 1345 testibm,
910 1313 1082 1345 Turbantur‚
1104 1320 1129 1340 et
1141 1319 1173 1342 30
1189 1320 1249 1337 rum
1263 1311 1379 1343 videtur,
1400 1312 1537 1345 (ironice)
1557 1312 1629 1346 quod
1643 1320 1694 1338 tam
1712 1313 1842 1338 excelsum
1853 1313 2032 1348 beniga-adum
2046 1315 2128 1344 homo
2142 1319 2238 1346 summi

75 1349 223 1382 apatronis
236 1349 354 1376 diuersae
368 1348 449 1383 partis
464 1348 609 1374 induuntur
620 1348 648 1373 in
664 1348 804 1382 laqueum,
831 1351 848 1374 i.
868 1351 1137 1384 capiunturstupui-12»
1190 1347 1291 1373 laboris
1309 1347 1457 1381 exceperit?
1494 1347 1564 1372 Nam
1585 1348 1628 1373 cui
1645 1349 1747 1382 praesto
1767 1348 1802 1374 est
1822 1349 1864 1374 sua
1885 1350 2021 1382 voluntaS,
2045 1352 2187 1380 industrius
2208 1354 2238 1382 fit
2252 1382 2259 1388 ,

65 1389 124 1410 vter.
193 1385 251 1411 Cic.
265 1386 339 1411 Verr.
353 1392 378 1414 2,
392 1392 434 1410 101
454 1384 483 1410 in
497 1384 631 1418 captiones
645 1393 669 1409 υ.
678 1393 702 1410 υ.
724 1384 776 1409 Hic
790 1383 887 1415 videte,
901 1386 928 1410 in
942 1391 1007 1418 quot
1020 1385 1127 1419 laqueos
1188 1383 1285 1408 necess‘e
1297 1382 1348 1408 est:
1385 1381 1538 1408 industriam
1560 1392 1625 1409 vero
1644 1385 1750 1410 scientia
1771 1385 1953 1418 consequitur:
1990 1395 2020 1412 cx
2042 1388 2148 1415 scientia
2161 1391 2239 1425 copia

73 1419 103 1445 -se
117 1418 250 1446 induerit:
285 1428 401 1454 quorum
415 1427 446 1445 ex
460 1419 536 1445 nullo
560 1420 584 1445 sc
598 1428 714 1454 vnquam
727 1419 872 1453 expediret.
943 1420 974 1446 Se
993 1429 1048 1446 non
1069 1430 1128 1454 pur·
1188 1425 1213 1444 et
1227 1418 1336 1444 facultas
1349 1417 1451 1452 ingenii
1467 1419 1591 1448 nascitur,
1603 1428 1634 1444 ex
1650 1428 1700 1453 qua
1713 1419 1834 1445 facultate
1851 1429 1912 1446 vera
1927 1428 1952 1447 et
1966 1421 2040 1448 facili
2059 1424 2171 1451 felicitas
2184 1425 2241 1452 lau-

75 1454 165 1487 gauit,
186 1455 229 1481 sed
244 1455 374 1481 indicauit
388 1460 467 1489 atque
480 1454 568 1480 induit
595 1454 633 1481 Id.
650 1463 699 1489 pro
712 1456 832 1481 Muraen.
846 1464 868 1481 c.
882 1464 920 1482 25.
957 1459 976 1481 i.
995 1457 1129 1490 implicuit.
1190 1453 1230 1479 dis
1243 1454 1340 1480 oritur.
1395 1454 1490 1488 Neque
1505 1454 1576 1480 enim
1590 1461 1688 1481 temere
1703 1454 1815 1489 diligens
1829 1455 1943 1482 studium
1951 1457 2059 1484 virtutis
2073 1459 2239 1488 1111611ιεῖ01·-

17 1515 34 1522 .,
59 1489 115 1516 “Id.
140 1491 217 1516 Verr.
244 1497 276 1523 5,
304 1493 347 1523 165
390 1491 439 1516 Sua
458 1489 617 1516 confessioue
637 1490 764 1517 induatur
781 1499 810 1516 ac
824 1491 958 1524 iuguletur
970 1493 1067 1517 neccsse
1081 1491 1125 1518 est.
1144 1499 1172 1526 35
1190 1496 1268 1515 tunae
1283 1488 1363 1514 fallit.
1435 1489 1518 1516 Plaut.
1532 1489 1610 1515 Most.
1626 1499 1650 1523 2,
1666 1499 1684 1523 1,
1700 1499 1709 1516 1
1740 1491 1859 1525 Iuppiter
1872 1492 2006 1526 supremus
2021 1495 2128 1521 summis
2141 1497 2239 1530 opibus

26 1541 33 1554 =,
74 1524 156 1558 Qiafi
168 1525 253 1557 dicat,
269 1526 319 1552 Sua
333 1525 493 1552 confeffione
506 1523 687 1552 conuincatur.
783 1526 822 1552 Id.
837 1526 905 1553 ibid.
915 1535 936 1559 2,
951 1534 994 1559 105
1022 1527 1128 1559 Videte,
1189 1531 1268 1559 atque
1280 1523 1416 1551 industriis
1430 1533 1473 1550 me
1495 1526 1614 1559 periiss'e,
1637 1532 1662 1551 et
1686 1526 1894 1554 Philolachetem
1911 1528 1984 1562 cupit
2005 1528 2116 1556 herilem
2142 1531 2238 1559 filium.

74 1566 106 1587 vt
119 1560 182 1587 dum
194 1561 320 1595 expedire
334 1562 386 1587 sese
398 1562 471 1592 vult,
491 1561 592 1588 induat.
686 1562 720 1587 At
732 1561 956 1596 quemadmodum
975 1564 1027 1588 sese
1040 1563 1129 1589 induit
1189 1561 1256 1587 Plin.
1271 1560 1349 1594 Epist.
1362 1569 1385 1600 ᾗ,
1397 1568 1418 1600 7·
1427 1568 1471 1595 Pr·
1504 1561 1540 1586 EX
1557 1561 1744 1588 proconsulatu
1757 1561 1831 1592 Afiile
1845 1562 1957 1596 gibriani
1970 1571 2166 1600 repat-temerat,
2186 1577 2240 1594 ma-

73 1595 166 1631 priore
178 1596 302 1623 actione?
338 1596 376 1622 ld.
390 1596 458 1623 ibid.
473 1604 551 1631 5,72.
621 1595 677 1622 Cic.
691 1597 769 1623 Acad.
783 1606 810 1630 4,
827 1603 850 1627 18
869 1598 946 1624 Philo
959 1598 1128 1629 autem‚dum
1189 1596 1275 1622 culam
1288 1602 1388 1622 veteris
1412 1595 1554 1622 industriae
1569 1596 1696 1623 laudabili
1710 1597 1768 1623 otio
1783 1597 1910 1625 abluerat.
2020 1601 2076 1626 Cic.
2113 1621 2120 1628 .
2159 1622 2165 1629 .
2203 1605 2239 1630 Vt

75 1640 148 1658 noua
162 1631 291 1666 quaedam
305 1638 474 1665 commouet,
492 1631 564 1667 quod
578 1640 608 1658 ea
621 1632 749 1659 sustinere
761 1633 807 1658 vix
821 1639 941 1667 poterat,
958 1643 1025 1668 quae
1038 1640 1128 1660 contra
1189 1631 1318 1658 industria
1331 1631 1418 1671 nostra
1438 1638 1498 1657 tuae
1517 1641 1620 1658 morem
1634 1641 1753 1665 geramus
1766 1633 1908 1660 voluntati.
1979 1634 2053 1661 Idem
2075 1637 2149 1663 Verr.
2163 1646 2191 1670 3,
2211 1646 2240 1671 35

73 1667 295 1694 Academicorum
309 1667 482 1701 pertinaciam
497 1667 671 1700 dicebantur,
690 1676 715 1694 et
729 1674 818 1702 aperte
832 1669 976 1700 mentitur,
996 1675 1025 1696 vt
1039 1670 1075 1695 cst
1090 1679 1171 1703 re-40
1188 1668 1218 1694 In
1234 1676 1288 1701 quo
1301 1675 1387 1692 meam
1402 1666 1594 1693 mdustriamac
1608 1667 1774 1701 diligentiam
1784 1668 1896 1701 spectari
1908 1668 1990 1694 volo?
2061 1671 2132 1705 Virg.
2142 1673 2240 1707 Georg-

73 1702 217 1737 prehensus
228 1711 243 1729 a
257 1710 330 1737 patre
346 1703 458 1736 Catulo,
475 1709 500 1729 et
521 1707 568 1735 (vt
581 1703 672 1729 docuit
687 1704 852 1736 Antiochus)
874 1705 901 1730 in
916 1705 942 1731 id
956 1705 1041 1739 ipsum
1055 1706 1127 1731 sein-
1189 1711 1212 1735 3,
1227 1711 1279 1736 209
1307 1702 1356 1728 Sed
1367 1711 1421 1728 nou
1435 1702 1488 1728 vlla
1501 1702 1583 1736 magis
1597 1703 1668 1728 vires
1681 1702 1809 1728 industria
1824 1702 1925 1735 firmat,
1945 1705 2033 1736 Quam
2044 1707 2193 1740 Venerem,
2213 1715 2241 1735 et

73 1737 143 1772 duit,
158 1738 231 1773 quod
245 1738 365 1765 timebat.
400 1742 419 1765 ι’.
437 1746 467 1765 vt
475 1739 526 1774 ipse
538 1739 616 1770 dicit,
639 1740 688 1772 Eo,
703 1749 757 1774 qno
771 1740 884 1766 minime
897 1741 956 1767 vult
969 1742 1129 1767 reuolnitur.
1188 1738 1259 1763 caeci
1274 1737 1395 1764 stimulos
1409 1742 1529 1763 auertere
1542 1737 1650 1763 amoris.
1757 1737 1857 1763 Sallust.
1871 1739 1990 1772 Iugurtlu
2005 1749 2026 1765 c.
2036 1748 2067 1773 95
2095 1742 2239 1777 Nunquam

72 1772 106 1799 In
119 1773 241 1800 fraudem
255 1773 391 1800 induimus
405 1783 453 1800 nos
485 1776 589 1801 Lucret.
604 1783 638 1807 4,
656 1780 704 1804 εις.
776 1776 824 1802 Sed
841 1779 915 1801 etiam
928 1776 962 1800 ad
975 1778 1078 1801 vulnera
1091 1785 1128 1801 νε·
1188 1774 1266 1806 super
1280 1772 1436 1797 industriam
1449 1772 1559 1798 fortuna
1578 1772 1640 1796 fuit·
1674 1789 1679 1791 ⁴
1729 1771 1778 1797 Illa
1792 1772 1907 1799 tumultu
1921 1773 2036 1807 gaudens
2049 1785 2102 1803 non
2115 1778 2151 1804 est
2165 1779 2241 1805 indu-

65 1808 168 1843 sertur.
243 1810 317 1843 Virg.
332 1810 398 1836 Aen.
416 1818 461 1842 10,
482 1812 525 1839 6251
555 1811 654 1836 Animo
668 1819 739 1835 nunc
752 1810 819 1841 huc,
839 1819 908 1836 nunc
924 1810 1033 1835 fluctuat
1047 1810 1110 1835 illuc
1120 1830 1129 1841 ,
1188 1807 1252 1832 stria
1277 1807 1334 1831 Sen-
1348 1806 1426 1839 Epist·
1440 1814 1462 1837 3-
1480 1840 1485 1844 ι
1568 1807 1624 1831 Cic·
1639 1814 1687 1839 pro
1700 1806 1730 1832 L.
1745 1807 1839 1833 Manil.
1853 1813 1888 1841 '29
1917 1809 1981 1835 Illae
1996 1811 2053 1837 sunt
2066 1813 2177 1840 virtutes
2189 1814 2240 1841 im.

27 1852 32 1857 ⁴
73 1844 115 1869 An
128 1843 181 1877 sese
194 1844 324 1870 Mucrone
338 1845 374 1870 ob
388 1850 490 1872 tantum
504 1844 615 1869 dedecus
629 1853 718 1870 amens
733 1845 837 1875 Induat,
858 1850 884 1869 et
899 1844 1010 1869 crudum
1023 1853 1070 1877 per
1085 1853 1127 1869 co-
1140 1848 1174 1873 45
1190 1841 1355 1875 ΡΕΓΜΟΥῘὸΕ,
1381 1840 1458 1866 labor
1478 1849 1507 1866 ¹¹¹
1532 1841 1663 1875 negotiis,
1688 1841 1822 1868 fortitudo
1839 1843 1867 1869 in
1891 1845 2031 1878 periculis,
2052 1847 2183 1875 industria
2210 1851 2239 1877 in

73 1877 122 1904 stas
141 1878 229 1912 exigat
247 1880 345 1905 ensem.
420 1879 502 1905 Ouid.
517 1880 575 1905 Am.
590 1887 621 1910 z,
641 1888 684 1911 10,
697 1887 722 1910 31
754 1878 983 1905 Induataduerfis
996 1880 1129 1905 contraria
1188 1875 1307 1909 agendo,
1337 1875 1457 1902 celeritas
1474 1875 1503 1901 iu
1528 1875 1709 1908 conficiendO,
1730 1878 1868 1904 confilium
1882 1879 1910 1904 in
1924 1880 2099 1912 prouidendo.
2170 1884 2239 1913 Ter,

93 1913 183 1940 efflora
195 1913 275 1940 Telis
288 1914 379 1946 Miles,
397 1920 423 1940 et
435 1913 706 1948 aeternumsanguine
714 1922 810 1940 nomen
825 1921 903 1940 emat.
976 1915 1018 1940 Sic
1032 1915 1129 1940 Stimu-
1190 1911 1258 1937 Prol-
1272 1911 1423 1945 Adelph-23
1455 1911 1543 1937 Facite
1556 1912 1747 1945 aequanimitas
1762 1913 1855 1938 l'o'etae
1870 1914 1901 1939 ad
1915 1915 2080 1943 scribendum
2094 1927 2188 1953 augeat
2200 1921 2241 1949 in-

72 1922 108 1976 iis
119 1950 146 1975 se
158 1949 269 1976 induere
295 1950 369 1976 Caes.
384 1950 413 1976 B.
428 1950 459 1975 G.
475 1957 507 1984 7,
521 1955 559 1979 82.
593 1952 624 1975 it.
638 1949 721 1975 Vallis
735 1949 885 1976 acutissimis
910 1949 948 1975 Id.
963 1949 1032 1975 B.G.
1047 1957 1073 1983 7,
1087 1958 1127 1983 73.
1189 1947 1325 1972 dustriam.
1392 1945 1522 1972 Industria
1535 1953 1561 1972 et
1574 1953 1681 1972 conatus
1707 1948 1763 1973 Cic.
1779 1948 1835 1974 Act.
1854 1950 1927 1976 Verr.
1941 1959 1959 1980 1,
1973 1959 2009 1982 35.
2080 1954 2181 1988 1bid.,-‚
2191 1964 2238 1990 ¹79

107 1992 118 2010 1
127 1991 149 2010 N
159 1991 177 2010 D
186 1990 206 2009 V
216 1991 233 2010 Ε
242 1991 262 2009 N
273 1991 286 2011 s
296 2004 304 2016 ‚
325 1986 402 2010 entis.
438 1985 532 2010 Partic.
568 1984 648 2018 Vulg.
663 1985 806 2010 Int.Leuit.
817 1990 839 2016 8,
854 1993 878 2018 7.
914 1991 938 2010 et
952 1984 1079 2015 Colosl23,
1090 1993 1126 2010 10.
1190 1981 1339 2007 Hominum
1351 1980 1486 2006 nobilium
1500 1990 1554 2007 non
1567 1982 1624 2008 fere
1638 1981 1777 2016 quisquam
1791 1983 1893 2010 nostrae
1906 1985 2051 2013 industriae
2063 1989 2144 2016 fauet.
2181 1993 2238 2019 Cic,

107 2020 267 2046 mnxJ‘rv
278 2026 308 2052 s,
333 2028 362 2051 a,
385 2028 440 2045 um.
477 2019 570 2045 Partic.
611 2017 854 2053 [βμςεςλημέως]
907 2019 996 2044 Vestes
1019 2019 1128 2045 indutae
1140 2023 1172 2048 50
1190 2017 1269 2042 Verr.
1283 2024 1295 2047 3
1308 2035 1317 2048 ,
1335 2022 1364 2048 35
1395 2017 1425 2041 In
1448 2025 1501 2050 quo
1520 2026 1611 2047 ,meam
1630 2016 1784 2044 industriam
1804 2028 1832 2045 ac
1845 2019 2011 2054 diligentiam
2031 2023 2142 2057 specim-i
2155 2027 2238 2054 volo?

72 2055 150 2089 Virg.
165 2056 263 2089 Georg.
276 2063 303 2086 3,
322 2057 380 2087 364.
468 2052 583 2080 Exuuias
598 2053 707 2080 indutus
720 2054 833 2080 Achillis
865 2053 938 2080 Idem
953 2054 1017 2079 Aen.
1030 2062 1056 2087 2,
1070 2062 1127 2088 275.
1188 2051 1288 2091 Aginlis,
1317 2050 1370 2076 vid·
1391 2058 1413 2077 A
1424 2058 1462 2091 Gt1
1474 2059 1488 2077 L
1499 2058 1507 2076 1
1517 2059 1540 2078 S.
1648 2053 1704 2078 Cic.
1718 2053 1801 2079 Tusc.
1820 2063 1854 2087 4,
1874 2064 1901 2087 43
1921 2065 1940 2082 c.
1955 2064 1983 2088 19
2018 2058 2046 2084 de
2064 2060 2220 2091 Demosthene

71 2091 147 2126 conf
161 2091 237 2116 Cum
252 2099 278 2123 4,
293 2097 326 2122 ¹3,
341 2099 382 2124 27·
417 2096 481 2124 1⁵²7,
495 2098 520 2121 9²
534 2098 556 2122 3,
1188 2087 1244 2119 Qu
1262 2085 1357 2125 dolere·
1375 2087 1404 2125 ‘se
1429 2086 1550 2118 dicebat,
1568 2086 1585 2112 fi
1609 2089 1714 2121 quando
1735 2089 1888 2117 antelucana
1908 2092 1994 2118 victus
2016 2095 2075 2121 ess'et
2099 2083 2237 2125 industria}
2260 2102 2263 2103 ⁷

107 2133 149 2152 IN
159 2133 178 2153 D
189 2127 240 2152 VT
250 2133 310 2158 vs,
332 2124 371 2152 sis.
393 2135 428 2151 m.
465 2123 588 2158 [Mutus]
624 2123 716 2151 Tacit.
730 2124 798 2150 Ann.
814 2126 852 2156 16,
865 2134 878 2155 4
911 2123 970 2150 Nisi
982 2132 1027 2154 ea,
1047 2133 1127 2158 quam
1188 2123 1270 2160 Acuat
1286 2123 1310 2147 se
1325 2121 1445 2155 Diligens
1460 2122 1589 2149 industria
1617 2122 1725 2149 Phaedr.
1734 2131 1759 2156 2,
1773 2132 1792 2155 1,
1805 2134 1828 2156 4.
1901 2127 2042 2160 Militat-is,
2062 2132 2114 2157 vid.
2127 2140 2236 2160 MILES.

23 2165 28 2191 ξ
71 2161 182 2188 indutui
194 2161 317 2196 gerebat,
334 2161 406 2188 veste
419 2160 576 2195 detergeret.
668 2160 800 2186 Ammian.
814 2168 852 2190 3ο,
865 2167 900 2192 24
923 2159 1126 2185 Valentinianus
1186 2158 1243 2182 Cic.
1259 2165 1307 2189 pro
1320 2157 1432 2197 Cael..q33
1451 2166 1472 2182 c.
1489 2165 1516 2196 ¹5?
1549 2157 1687 2196 Ingenium
1703 2159 1791 2193 saepe,
1808 2161 1887 2187 etiam
1901 2162 1918 2188 li
1933 2164 2059 2192 industria
2074 2175 2128 2192 non
2141 2168 2237 2201 alitur,

70 2197 210 2224 indutibus
223 2197 412 2231 imperatoriae
425 2197 566 2223 maiestatis
579 2200 697 2221 ornatus.
783 2194 857 2220 Idem
873 2203 919 2225 30,
933 2201 945 2225 5
978 2195 1126 2220 Horrentes
1142 2196 1170 2221 55
1186 2191 1257 2231 vastet
1273 2197 1361 2217 tamen
1375 2196 1460 2225 iplum
1475 2193 1526 2217 suis
1541 2192 1658 2219 Viribus:
1695 2194 1737 2220 sed
1757 2203 1841 2223 inerat
1863 2198 1933 2224 ratio
1953 2205 1978 2225 et
1992 2200 2068 2227 bonis
2081 2202 2182 2229 artibus
2196 2204 2235 2230 in-

70 2232 329 2266 indutibussigidis.
437 2231 584 2264 Symmacb.
598 2231 677 2263 Epist.
692 2239 721 2262 3,
736 2237 765 2255 10
791 2228 901 2255 Indutui
911 2228 973 2253 csse.
1064 2245 1067 2248 -
1186 2226 1296 2259 stituta,
1314 2233 1353 2266 ‘et
1377 2236 1439 2253 cura
1465 2234 1491 2254 et
1511 2228 1613 2262 vigiliis
1636 2228 1778 2257 elaborata.
1846 2233 1914 2258 Haec
1937 2237 2019 2270 igitur
2041 2235 2074 2269 ql}
2095 2238 2235 2267 Industria.

107 2275 117 2294 1
132 2275 155 2294 N
167 2267 356 2297 Dv‘rsms‚
374 2276 397 2293 e.
436 2268 497 2293 Adi.
534 2268 601 2292 Cato
615 2266 645 2291 R.
655 2266 686 2291 R.
700 2275 721 2291 c.
732 2272 786 2296 135,
802 2272 817 2289 2
846 2263 939 2289 Vomis
958 2263 1014 2297 (al.
1028 2264 1125 2290 Vome-
1185 2262 1290 2296 Augerc
1312 2262 1484 2295 industriam,
1516 2264 1569 2290 vul·
1591 2271 1670 2290 AVG
1682 2271 1735 2291 EO.
1807 2267 1864 2293 Cic.
1879 2268 1907 2294 in
1919 2269 1994 2296 Orat.
2010 2273 2026 2296 6
2057 2273 2108 2299 Aut
2130 2274 2237 2310 langue-

69 2303 126 2335 ris)
152 2303 275 2330 indutilis
288 2303 404 2336 optimus
418 2303 484 2333 erit,
504 2305 547 2337 qui
559 2303 635 2327 eximi
648 2307 671 2325 et
684 2299 787 2334 iuduifi
802 2299 858 2324 indi
867 2297 955 2334 potest.
1174 2298 1240 2324 ·scat
1253 2297 1389 2324 industria.
1462 2299 1562 2326 Ponere
1582 2300 1738 2326 industriam
1776 2301 1814 2327 Id.
1831 2303 1901 2328 Fam.
1917 2312 1945 2336 3,
1965 2313 1989 2337 9.
2106 2309 2145 2335 De
2159 2311 2236 2338 indu-

106 2345 264 2365 INDVME
274 2345 295 2364 N
305 2344 407 2369 TVM,
428 2346 447 2363 1.
468 2346 494 2362 n.
533 2333 701 2369 [high-tuoe,
718 2334 863 2369 περίζῗλημα
873 2354 881 2366 ,
901 2333 1054 2367 α’μπεχὸνη]
1093 2333 1126 2360 Id
1185 2333 1247 2359 stria
1262 2334 1365 2368 aliquid
1379 2334 1481 2366 facere,
1500 2335 1593 2361 Dedita
1607 2340 1693 2370 opera,
1715 2337 1754 2361 uel
1765 2337 1824 2362 data
1840 2347 1920 2373 opera.
1976 2341 2095 2369 scribon.
2110 2353 2125 2370 2
2147 2349 2171 2372 6.
2188 2356 2226 2373 2÷1

66 2381 114 2408 quo
128 2374 263 2400 induimur.
320 2372 389 2399 Gell.
404 2374 440 2404 16,
454 2381 480 2405 19
507 2372 635 2398 Arionem
650 2380 711 2397 cum
723 2370 821 2396 fidibus
835 2376 860 2396 et
876 2370 1050 2401 indumentis,
1064 2378 1122 2395 cum
1132 2375 1167 2399 60
1185 2369 1253 2395 Ter.
1270 2369 1351 2395 Andr.
1364 2380 1391 2403 4,
1407 2377 1429 2401 5,
1441 2372 1473 2402 56
1499 2370 1619 2396 Paullum
1633 2370 1753 2397 interess'e
1766 2373 1850 2399 censes
1860 2396 1868 2408 ‚
1885 2383 1916 2401 ex
1928 2376 2019 2403 animo
2032 2380 2122 2406 omnia
2135 2367 2236 2410 11Γέπέ

67 2409 166 2443 quibus
180 2409 205 2435 se
218 2409 247 2435 in
259 2408 341 2434 salum
357 2408 557 2437 eiaculanerat.
570 2407 691 2432 extitisse.
734 2405 808 2432 Idem
824 2414 852 2437 5,
866 2413 892 2440 7.
965 2406 1022 2432 Cic.
1038 2405 1069 2431 de
1085 2406 1121 2432 N.
1184 2410 1278 2430 natura
1293 2404 1389 2436 facias,
1416 2413 1449 2430 an
1470 2404 1502 2430 de
1523 2405 1669 2432 industria?
1715 2407 1770 2435 Cic.
1786 2408 1838 2434 Off.
1857 2418 1885 2442 1,
1908 2419 1952 2444 24.
1987 2420 2012 2438 et
2033 2415 2109 2441 Verr.
2124 2401 2139 2442 i.
2160 2428 2173 2444 c
2196 2427 2222 2445 12

68 2445 102 2472 D.
125 2453 152 2478 1,
171 2447 202 2474 68
239 2444 329 2477 Qiod=
342 2452 425 2477 quum
444 2441 548 2468 efficere
569 2442 666 2473 vultis,
697 2441 851 2467 indumenta
867 2449 954 2467 tamen
975 2441 1121 2474 corripitis.
1182 2441 1219 2466 Ex
1234 2439 1363 2465 industria
1392 2438 1464 2465 Idem
1479 2440 1610 2473 QninCtil.
1625 2450 1644 2474 1,
1658 2450 1683 2474 9.
1721 2450 1742 2468 ft
1757 2443 1815 2470 Liu.
1830 2447 1873 2477 26,
1887 2454 1920 2478 51.
1993 2449 2123 2477 Industria
2157 2438 2233 2480 Abla:

64 2480 205 2518 Legendum
219 2489 249 2505 ex
266 2481 368 2512 antiquo
386 2477 485 2510 codice,
512 2479 542 2504 In
559 2477 673 2504 dumeta.
725 2477 799 2513 Conf.
821 2478 940 2503 Lat-[iant.
954 2476 987 2503 de
1006 2477 1056 2511 Op.
1070 2475 1122 2502 Dei
1181 2479 1266 2506 tinus,
1292 2475 1364 2505 idem,
1396 2474 1443 2500 uod
1455 2477 1493 2501 Dc
1506 2474 1638 2509 industria.
1709 2478 1791 2505 Plaut.
1806 2480 1891 2506 Truc.
1907 2490 1932 2513 1,
1952 2491 1977 2514 1,
1995 2492 2027 2518 37
2063 2471 2149 2520 Atqu}
2169 2488 2233 2516 haec

59 2525 89 2544 e.
103 2525 135 2548 13.
172 2522 196 2541 et
209 2516 274 2540 Aur.
288 2513 358 2540 vict.
371 2513 404 2539 de
417 2514 489 2539 Caes.
505 2523 527 2539 c.
536 2522 572 2539 21.
1182 2510 1296 2536 celamus
1307 2519 1355 2536 nos
1386 2519 1462 2537 amna
1476 2512 1601 2538 industria
1612 2532 1619 2544 ‚
1637 2522 1719 2547 quum
1735 2514 1786 2540 iam
1801 2524 1858 2542 rem
1872 2515 2004 2552 fidemque
2017 2528 2117 2555 nosque
2131 2531 2234 2552 nosmet

102 2547 280 2578 INDVCVL
290 2556 326 2582 A,
345 2558 384 2575 ae.
420 2550 441 2575 f.
492 2547 668 2582 [ἐνδυμάτων]
725 2547 806 2574 Plaut.
821 2547 897 2581 Epid.
911 2556 933 2579 2,
947 2556 970 2580 2,
984 2555 1015 2580 39
1045 2546 1120 2581 Qud
1134 2546 1165 2578 65
1180 2547 1325 2586 perdimus
1372 2581 1377 2586 ι
1431 2548 1501 2573 Plur.
1539 2547 1595 2574 Cic.
1611 2548 1639 2573 iu
1654 2549 1729 2575 Verr.
1742 2558 1765 2581 3,
1780 2557 1796 2584 7
1813 2560 1857 2583 c.4
1883 2551 1982 2579 Odistis
1995 2554 2135 2584 hominum
2148 2568 2233 2587 nouo-

67 2593 123 2614 erat
137 2585 246 2613 induta?
281 2594 314 2611 an
327 2584 449 2619 regillam
463 2584 615 2611 induculam
626 2604 635 2617 ‚
655 2593 687 2610 an
701 2583 879 2610 mendiculam
891 2584 900 2609 3
1182 2591 1243 2609 rum
1265 2581 1417 2607 industrias.

103 2628 146 2649 1N
159 2627 178 2647 D
189 2628 209 2647 v
222 2627 261 2647 PE
271 2626 289 2647 11
301 2627 338 2653 o,
351 2621 377 2656 s.
399 2627 416 2647 E
426 2626 476 2646 N‘D
487 2627 529 2647 OP
540 2626 555 2646 E
565 2627 584 2646 R
594 2626 632 2652 ο,
652 2625 706 2645 are.
742 2621 791 2646 Pro
807 2621 911 2654 Jmpcro.
967 2618 1066 2650 Solon,
1086 2627 1120 2644 ne
1218 2625 1227 2643 1
1238 2623 1260 2656 n
1272 2623 1290 2642 D
1301 2623 1322 2643 v
1334 2624 1346 2643 s
1357 2623 1377 2642 T
1387 2624 1405 2643 R
1416 2623 1424 2642 1
1435 2623 1455 2641 v
1465 2624 1492 2647 s,
1511 2626 1542 2649 a,
1562 2626 1617 2644 um.
1655 2617 1716 2645 Adi.
1753 2619 1876 2655 [εῦφω)ς,
1894 2622 2016 2660 oe'yxt'm]
2052 2629 2170 2665 Diligens
2207 2638 2232 2658 n.

66 2657 132 2692 quid
145 2657 242 2689 nimiS,
261 2655 433 2690 induperabit
465 2656 567 2690 Hygin.
586 2655 639 2681 fab.
652 2663 708 2681 221.
762 2654 836 2688 Conf.
858 2655 924 2680 Eun.
942 2660 983 2688 ap.
1005 2654 1070 2679 Fest.
1092 2654 1122 2680 in
1180 2652 1346 2685 considerate,
1362 2651 1518 2688 stmiiofiquc
1532 2663 1608 2689 agens
1619 2661 1742 2690 negotium
1750 2656 1831 2690 Jimm.
1903 2659 1960 2685 Cic.
1980 2662 2056 2688 Vcrr.
2072 2673 2084 2695 3
2122 2674 2145 2696 -3
2164 2650 2186 2692 ς’
2200 2676 2230 2694 21

65 2694 175 2720 Nauus:
209 2699 232 2719 et
247 2699 286 2727 ap.
301 2691 396 2719 Hessel.
411 2699 494 2725 p.110.
565 2692 708 2718 Nauorum
722 2690 866 2724 imperium
882 2690 986 2716 seruare
999 2689 1036 2715 est
1043 2690 1120 2715 Indu-
1179 2687 1308 2722 Nympho
1321 2687 1356 2713 est
1371 2688 1572 2723 Centuripinus,
1591 2688 1673 2716 homo
1687 2699 1768 2716 nauus
1781 2698 1807 2718 et
1820 2691 1974 2726 industrius,
1993 2682 2229 2732 experie’niissimus

58 2734 204 2764 per-autum
211 2734 261 2762 pro
275 2728 491 2761 insuperantum,
506 2726 571 2762 quod
583 2726 672 2752 habene
686 2726 755 2752 libri.
1126 2729 1162 2756 70
1178 2733 1206 2749 ac
1220 2723 1430 2758 diligentissimus
1445 2730 1541 2751 arator.
1636 2725 1709 2752 Idem
1724 2727 1807 2753 Tusc.
1822 2737 1846 2760 2,
1859 2737 1887 2761 35
1914 2731 2008 2766 Itaque
2023 2734 2166 2763 industrios
2181 2738 2228 2764 ho-

104 2771 115 2789 1
125 2769 253 2790 NDVPE
263 2770 282 2790 R
292 2764 418 2795 ATOR,
437 2763 499 2788 oris.
521 2771 556 2788 m.
595 2760 788 2797 [αὐτοκράτωρ]
826 2761 875 2786 Pro
883 2761 1031 2794 Imperator,
1053 2759 1120 2794 apud
1142 2761 1144 2763 ’
1178 2760 1264 2786 mines
1278 2759 1319 2786 illi
1340 2759 1486 2792 studiosos,
1509 2761 1550 2787 vel
1565 2759 1652 2795 potius
1664 2768 1780 2789 amantes
1795 2763 1897 2790 doloris
1909 2768 2040 2801 appellant
2052 2780 2058 2796 τ
2094 2781 2141 2798 nos
2156 2782 2225 2800 com-

32 2812 37 2815 ,
66 2800 173 2832 pffms,
184 2805 231 2834 Per
238 2798 415 2834 eamfiguram
430 2807 490 2833 quae
505 2797 645 2832 Epenthcjis
658 2797 760 2823 dics-tur.
816 2796 872 2823 Cic.
888 2795 920 2821 de
934 2796 1026 2822 Diuin.
1041 2803 1118 2830 1,1o7
1178 2796 1285 2822 modius
1299 2795 1456 2822 laboriosos.
1553 2796 1716 2823 Industrium
1736 2798 1841 2834 (inquit
1857 2801 1960 2834 Festus)
1983 2806 2087 2840 antiqui
2104 2807 2227 2836 dicebant

301 2834 368 2861 viris
388 2839 447 2861 vter
467 2833 528 2859 ess'et
545 2833 728 2867 induperator.
784 2833 820 2858 Ex
838 2831 933 2857 Ennio.
1024 2832 1116 2857 quen.
1177 2831 1364 2863 Indostruum,
1385 2831 1455 2866 quasi
1471 2831 1601 2867 quidquid
1615 2839 1717 2866 ageret,
1736 2835 1811 2860 Intro
1822 2835 1949 2870 strueret,
1976 2846 2001 2865 et
2015 2841 2129 2870 studeret
2143 2844 2226 2872 domi.

17 2903 22 2905 .
63 2834 203 2903 gaTlx?12¹{
221 2843 326 2934 ssles
339 2876 400 2896 tunc
414 2869 502 2904 epulas
515 2870 600 2903 ipsum
613 2869 842 2903 glutisl'eputeinus
879 2867 1117 2910 induperatorem}
1175 2867 1204 2907 ,Si
1217 2868 1301 2907 placet
1321 2876 1431 2901 etymon,
1449 2867 1652 2910 potius-dicam,
1676 2869 1842 2897 indestruere
1862 2871 1905 2905 eſjga
1915 2874 2065 2910 simpliciter
2083 2878 2226 2907 instruere:

64 2905 224 2942 Corif.‹Gell.
242 2913 251 2931 1
269 2925 277 2937 ,
291 2914 316 2937 9.
354 2906 460 2932 Lucret.
473 2913 501 2938 4,
515 2907 579 2938 964.
613 2911 637 2930 ct
650 2912 673 2938 5,
689 2906 759 2931 1226.
832 2905 863 2930 Et
877 2903 967 2930 sidon.
984 2904 1073 2930 Carm.
1089 2911 1117 2938 7,
1129 2909 1160 2937 75
1176 2903 1339 2945 industrium
1352 2911 1431 2929 autem
1442 2924 1450 2936 ,
1474 2913 1516 2946 qui
1539 2904 1649 2945 instruat
1667 2905 1818 2946 diligenter,
1845 2915 1950 2950 etparcr
1964 2915 2059 2943 omnia,
2078 2915 2153 2950 fsque
2165 2916 2225 2943 adeo

59 2950 119 2979 ¹314.
155 2942 198 2968 Al.
212 2941 403 2975 Endoperator.
1175 2938 1270 2974 ipsum,
1289 2938 1323 2964 ad
1334 2938 1454 2973 agendum
1466 2939 1571 2974 aliqusd.
1659 2941 1751 2967 Homo
1763 2943 1876 2976 Vigilans
1892 2952 1917 2971 et
1929 2946 2073 2974 industrius
2099 2951 2155 2977 Cic.
2169 2952 2223 2979 Att,

21 3001 23 3003 .
67 3013 74 3018 -
102 2984 112 3003 1
122 2984 144 3004 N
153 2984 171 3004 D
180 2984 201 3017 y
211 2983 251 3003 pf
261 2983 278 3002 D
290 2984 297 3001 1
309 2982 329 3002 0
341 2983 360 3003 R
371 2997 379 3009 3
403 2975 449 3002 fri,
493 2973 693 3010 [ἒμπηδιξομκι]
739 2976 788 3001 Pro
805 2974 940 3015 impedior..
988 2974 1116 3001 Materies
1176 2979 1200 3006 8,
1215 2983 1246 3000 11.
1319 2974 1386 3013 Acer
1399 2981 1424 2999 et
1437 2973 1581 3005 industrius
1593 2975 1638 3002 vir
1651 2975 1679 3001 iu
1693 2976 1773 3004 rebus
1788 2979 1911 3012 gerendis
1935 2981 1973 3007 Id.
1982 2983 2063 3010 Tusc.
2073 2992 2095 3017 ς,
2105 2994 2135 3021 57
2150 2996 2170 3013 c.
2179 2996 2222 3015 20,

20 3041 23 3043 ,
64 3012 221 3053 mdupedtta
254 3012 357 3053 Lucret.
376 3021 394 3043 1,
411 3021 470 3044 240.
542 3010 615 3038 Idem
628 3019 664 3044 4,
685 3012 715 3040 68
744 3011 776 3037 Et
795 3012 878 3051 multo
897 3017 992 3043 citius,
1015 3018 1115 3045 quanto
1175 3011 1245 3050 Gens
1272 3008 1363 3049 lustin·
1379 3018 1399 3049 Ι,-
1410 3017 1435 3043 7⁵
1450 3018 1486 3036 ¹2·
1601 3012 1715 3046 COWPW‘·
1751 3013 1833 3053 Plffl¹t5
1848 3016 1925 3043 Most-
1942 3026 1961 3049 1,
1975 3026 1997 3048 2,
2012 3026 2041 3053 71
2060 3022 2121 3054 Quo
2137 3031 2223 3056 neque

10 3052 13 3059 ¹
58 3056 155 3075 -rnmus
169 3048 324 3083 indupediri
358 3049 441 3074 Pauca
456 3054 565 3082 queunt.
619 3048 663 3073 A).
680 3045 874 3081 Endopeditus,
893 3053 939 3072 etc.
974 3055 976 3057 ¹
1175 3044 1323 3072 industrior
1341 3044 1373 3071 de
1393 3051 1533 3072 iuuentute
1554 3052 1610 3073 erat
1631 3053 1687 3074 arte
1705 3049 1879 3083 gynniastica,
1912 3052 1997 3083 disco,
2031 3053 2126 3088 hastis,
2153 3058 2224 3091 pila,

104 3083 276 3116 IND‘VRO,
295 3088 346 3110 are.
389 3083 534 3118 [σκληρὸω]
585 3082 786 3117 Durum-facere.
842 3082 907 3109 Plin.
923 3087 949 3113 8,
968 3089 996 3114 52
1030 3082 1112 3108 Tunc
1124 3086 1157 3113 80
1172 3083 1266 3113 cursu,
1284 3081 1382 3113 armiS,
1396 3089 1481 3115 equo,
1507 3088 1553 3108 etc.
1621 3084 1687 3110 Cato
1702 3083 1769 3119 apud
1787 3085 1907 3112 Priscian.
1925 3087 1969 3113 Ed.
1984 3090 2081 3124 Purfi-h,
2096 3101 2108 3123 3
2130 3102 2154 3125 p,
2175 3096 2222 3121 501

65 3119 137 3146 inter
150 3119 175 3144 sc
188 3118 329 3152 dimicant,
348 3119 501 3146 indurantes
522 3118 615 3145 attritu
632 3117 758 3144 arborum
776 3118 872 3151 costas,
896 3118 1006 3152 lutoque
1023 3118 1048 3144 se
1062 3124 1113 3144 ter·
1174 3118 1323 3151 Imperator
1337 3116 1442 3143 laudem
1457 3117 1541 3151 capit,
1559 3119 1706 3145 exercitum
1720 3120 1858 3146 meliorem
1873 3128 1899 3148 ct
1911 3122 2099 3152 industriorem
2114 3128 2186 3154 facit.

63 3160 197 3189 gorantes.
240 3154 373 3190 deficibus.
420 3155 424 3158 '
466 3153 538 3180 Idem
555 3162 591 3187 15,
607 3161 636 3188 17
659 3154 769 3184 Punica,
789 3163 856 3188 aqua
869 3155 969 3180 marina
990 3154 1111 3180 feruente
1166 3165 1169 3167 >
1210 3158 1332 3179 INDVS
1343 3159 1364 3178 Τ
1377 3159 1394 3178 R
1406 3160 1450 3179 [Ε.
1486 3153 1554 3180 Adu.
1592 3153 1718 3188 [εὐφυῶς]
1756 3156 1858 3191 Ingenio
1872 3166 1893 3183 e.
1928 3159 2060 3191 Qiinciil.
2076 3171 2097 3194 ς,
2112 3171 2140 3189 12
2155 3164 2220 3190 For-

60 3189 188 3217 indurari
201 3196 315 3223 oportet.
431 3190 517 3217 Niues
530 3190 637 3216 indurat
649 3189 744 3216 Boreas
770 3190 850 3216 Ouid.
865 3191 930 3216 Met.
944 3192 969 3221 6,
984 3192 1042 3222 692.
1171 3189 1235 3215 titer
1248 3195 1273 3215 et
1285 3188 1413 3214 industrie
1427 3194 1523 3216 tutatus
1537 3196 1626 3216 contra
1639 3190 1749 3224 piratas,
1768 3198 1813 3217 etc.
1857 3192 1928 3219 Caes.
1944 3195 1971 3220 Β.
1987 3196 2016 3221 C.
2031 3204 2060 3228 3,
2073 3205 2112 3230 95.
2150 3206 2174 3225 ct
2188 3200 2216 3226 Β,

24 3238 25 3242 =
103 3232 113 3251 1
123 3231 145 3250 N
156 3230 232 3251 DVR
242 3232 263 3250 A
273 3232 295 3251 Τ
307 3232 368 3259 vs,
383 3235 414 3258 a,
433 3235 488 3252 um.
537 3226 631 3252 Partic.
686 3225 787 3252 Glacies
800 3226 919 3252 indurata
929 3245 936 3257 ‚
958 3227 1026 3260 ωας
1039 3225 1111 3251 indu·
1171 3225 1204 3251 G.
1219 3232 1246 3259 7,
1259 3227 1301 3250 60.
1338 3224 1412 3260 Conf.
1426 3224 1497 3252 Flor.
1515 3234 1534 3254 1,
1548 3228 1574 3258 6,
1590 3234 1610 3251 2.
1645 3225 1736 3251 lustin.
1753 3234 1784 3257 13,
1800 3235 1825 3258 2,
1839 3236 1864 3259 9.
1885 3235 1908 3254 et
1921 3238 1963 3261 43,
1977 3239 1999 3262 5,
2015 3239 2036 3261 ς.
2104 3234 2217 3269 Compar,

22 3260 43 3283 ’ἒ
58 3264 135 3293 .r1‹it,
155 3266 177 3287 et
189 3263 341 3287 concretione
354 3260 528 3297 duriorfafba
542 3260 574 3295 cst
593 3261 655 3288 Liu.
670 3269 711 3292 21,
729 3263 760 3294 3'6
778 3268 842 3289 extr.
895 3263 939 3288 Al.
954 3259 1064 3294 rectius,
1082 3261 1110 3287 in
1126 3267 1155 3296 ες
1171 3261 1227 3286 Cic.
1243 3269 1291 3295 pro
1304 3261 1392 3286 Domo
1408 3268 1438 3295 27
1453 3269 1474 3286 c.
1484 3270 1506 3287 11
1534 3261 1601 3294 Quis
1615 3260 1683 3294 apud
1697 3262 1825 3294 Populum
1838 3263 1989 3292 Romanum
2002 3265 2034 3292 de
2045 3267 2117 3295 illius
2131 3269 2218 3304 digni-

44 3299 47 3303 *
65 3298 173 3328 durata,
189 3301 236 3320 cte.
306 3296 406 3323 Milites
430 3297 521 3324 lustin.
536 3300 562 3330 6,
576 3306 654 3331 4,,13.
689 3305 716 3331 7,
730 3305 755 3329 2,
768 3300 792 3324 6.
829 3305 856 3331 9,
868 3306 890 3330 3,
906 3306 934 3323 10
947 3303 993 3323 etc.
1054 3297 1109 3323 Ora
1168 3302 1221 3322 tate
1235 3296 1395 3328 industrius,
1415 3296 1474 3330 quis
1488 3297 1592 3322 Senatui
1607 3297 1706 3330 saepius
1719 3296 1786 3323 dixit
1798 3299 1806 3323 ἐ

64 3332 189 3361 indurata
203 3338 299 3368 cornu·
318 3331 397 3358 Ouid.
411 3334 475 3359 Met.
492 3342 532 3366 14,
552 3342 606 3366 503.
643 3332 670 3359 de
682 3339 777 3360 mutato
791 3336 818 3359 in
830 3343 906 3360 auem.
999 3331 1108 3358 Robora
1206 3339 1247 3358 1N
1257 3338 1275 3358 D
1285 3339 1305 3358 V
1315 3340 1327 3358 S
1337 3339 1385 3359 TR
1396 3338 1403 3357 1
1415 3340 1433 3358 o
1443 3339 1455 3358 S
1466 3339 1485 3358 v
1495 3339 1525 3364 s,
1549 3341 1578 3364 a,
1600 3340 1654 3357 um.
1692 3331 1754 3358 Adi.
1811 3333 1870 3360 Val.
1884 3335 1954 3362 Max.
1970 3345 1991 3369 3,
2007 3347 2034 3371 4,
2052 3347 2072 3365 2.
2110 3339 2168 3366 sen,
2183 3340 2216 3368 de

61 3368 189 3395 indurata
200 3366 314 3391 flammis
330 3366 400 3393 stat.
412 3368 506 3396 Theb.
518 3378 546 3402 4,
559 3372 604 3402 64.
696 3368 769 3395 vLiu.
783 3377 824 3401 30,
840 3374 864 3399 18
886 3368 1022 3394 lnduratus
1037 3377 1108 3402 prae-
1166 3368 1319 3394 Prouident.
1335 3377 1356 3393 c.
1369 3376 1390 3393 2.
1628 3387 1635 3394 .

63 3410 106 3431 ter
118 3404 189 3438 spem
203 3400 362 3434 resistendo,
379 3402 494 3431 hostium
509 3406 608 3437 timor,
627 3413 660 3431 ne
674 3404 702 3430 in
715 3405 851 3431 audaciam
864 3410 948 3430 vertat
961 3404 1107 3438 periculum
1204 3410 1213 3429 1
1225 3410 1246 3430 N
1258 3411 1276 3430 D
1289 3411 1308 3428 v
1320 3411 1332 3430 S
1342 3410 1390 3430 TR
1402 3410 1409 3428 1
1420 3410 1438 3430 O
1449 3409 1495 3429 SE.
1537 3401 1605 3428 Adu.
1661 3403 1750 3429 Genus
1764 3403 1906 3438 scripturae
1924 3405 2084 3435 industriose
2097 3411 2215 3438 excoluit

64 3439 111 3467 est.
228 3437 341 3471 Compar.
393 3437 450 3472 Sen.
462 3439 492 3465 de
506 3442 548 3467 Ira
562 3449 589 3474 1,
612 3449 633 3466 11
663 3440 736 3474 Qid
750 3441 886 3467 Germanis
909 3439 1056 3466 induratius
1075 3440 1150 3471 ad90
1166 3439 1235 3466 Suet.
1250 3441 1267 3466 s.
1282 3441 1398 3465 Incertus
1411 3439 1443 3465 de
1462 3438 1523 3464 Vita
1536 3437 1678 3465 quenalis.
1723 3439 1797 3473 Adai.
1818 3440 1960 3468 Caffiodor.
1982 3443 2060 3478 Epist.
2078 3454 2098 3472 1.
2147 3447 2216 3474 Cato

10 3465 35 3507 “4⁹
59 3482 172 3502 omnem
189 3472 359 3512 patientiam,
387 3477 417 3498 vt
438 3475 531 3508 quibus
545 3486 639 3512 magna
652 3485 683 3502 ex
697 3481 770 3511 parte
783 3485 836 3503 non
851 3481 1000 3511 tegumenta
1014 3484 1107 3510 corpo-
1164 3475 1232 3511 apud
1245 3475 1346 3502 Charis.
1365 3484 1388 3508 p.
1401 3479 1448 3504 181.
1628 3490 1630 3495 ν
2166 3474 2168 3476 ’

10 3509 27 3540 ’ζ
60 3520 122 3540 rum
135 3509 242 3543 prouisa
257 3509 330 3539 sunt,
358 3513 404 3533 etc.
505 3523 509 3525 -
1203 3519 1243 3537 IN
1253 3518 1271 3537 D
1282 3517 1301 3535 v
1313 3517 1333 3535 v
1344 3517 1352 3535 1
1363 3517 1383 3535 Α
1393 3518 1424 3542 ε,
1446 3517 1530 3535 arum.
1562 3508 1582 3535 f.
1630 3510 1668 3535 Pl.
1723 3509 1806 3535 Plaut.
1819 3511 1889 3537 Men.
1905 3520 1924 3543 1,
1937 3521 1958 3544 3,
1970 3522 1987 3546 9
2012 3514 2140 3543 Induuiae
2155 3523 2215 3545 tuae

59 3561 62 3563 >
98 3553 139 3572 1N
150 3552 168 3571 D
178 3551 228 3570 VR
238 3551 258 3570 A
268 3551 288 3570 Ν
298 3549 346 3568 DV
356 3549 385 3574 ὃ,
405 3551 507 3579 aium.
540 3547 633 3575 Partic.
688 3547 852 3574 Indurandus
866 3547 901 3574 est
914 3546 1034 3579 animus,
1052 3551 1077 3573 et
1090 3555 1105 3573 a
1165 3553 1243 3581 atque
1258 3546 1350 3572 vxoris
1363 3545 1484 3571 exuuiae.
1540 3543 1615 3581 Cous.
1635 3544 1747 3571 Saluian.
1766 3545 1799 3571 de
1818 3546 1887 3573 Gub.
1903 3548 1952 3574 Dei
1965 3557 1975 3575 1
1995 3559 2020 3584 p.
2034 3559 2070 3578 22.
2106 3560 2129 3578 et
2150 3554 2213 3581 Pru-

16 3603 19 3607 ,
38 3583 43 3589 ’
61 3579 250 3609 blandimentis
263 3578 432 3613 voluptatum
443 3579 534 3613 procul
545 3582 731 3610 abstrahendus
762 3584 819 3610 Sen.
835 3583 913 3618 Epist.
927 3590 962 3613 52.
1165 3583 1235 3609 dent.
1251 3581 1383 3614 Psychom.
1398 3589 1455 3615 579.

97 3625 108 3644 1
121 3624 143 3643 N
154 3623 203 3642 DV
213 3622 231 3641 R
240 3622 261 3641 A
271 3622 292 3641 T
302 3621 312 3640 1
321 3622 358 3646 o,
377 3614 446 3641 bnis.
482 3615 501 3642 f.
564 3619 616 3645 Vox
629 3620 753 3656 frequens
771 3619 838 3655 apud
859 3620 1009 3654 Theologos,
1028 3624 1104 3653 prae·
1117 3625 1150 3652 95
1202 3626 1211 3644 1
1221 3626 1242 3644 N
1252 3625 1270 3644 D
1280 3624 1299 3643 v
1309 3624 1328 3643 v
1342 3615 1413 3643 ivm
1422 3636 1431 3649 ,
1451 3615 1470 3642 i.
1501 3625 1528 3643 n.
1570 3615 1691 3649 [φλοιὸς]
1745 3617 1794 3643 Pro
1808 3617 1904 3644 Cortice
1915 3619 2028 3651 arboris,
2048 3630 2093 3656 quo
2106 3622 2160 3658 ipsa
2173 3626 2212 3648 in-

52 3653 146 3690 fern-m
165 3650 304 3685 Augustim
1164 3653 1259 3680 duitnr.
1332 3652 1398 3678 Plin.
1413 3661 1453 3684 13,
1476 3661 1495 3686 4
1523 3651 1622 3677 Vtilem
1637 3651 1685 3677 fibi
1700 3650 1857 3686 arborisque
1870 3653 1988 3682 induuiis
2001 3656 2129 3684 circulum
2142 3658 2210 3686 mira

10 3685 14 3691 “
59 3697 61 3699 ·
97 3695 107 3714 1
116 3696 138 3714 N
147 3694 166 3713 D
175 3694 223 3713 VR
232 3694 252 3713 A
262 3693 283 3712 T
293 3693 311 3712 ο
321 3691 339 3710 R
349 3705 358 3717 ,
376 3684 440 3712 aris.
461 3694 497 3712 m.
531 3687 608 3715 Glost'.
622 3690 669 3717 Gr.
682 3685 738 3717 Lat.
751 3690 870 3724 ςομωτής,
885 3689 1032 3716 indurator.
1164 3689 1320 3724 pernicitate
1334 3695 1389 3715 tum
1402 3687 1513 3715 homine
1524 3686 1661 3714 subeunte.
1716 3688 1754 3713 De
1761 3689 1865 3723 palmis.

98 3730 109 3749 1
120 3730 142 3750 N
153 3730 172 3750 D
182 3729 202 3748 v
214 3728 285 3749 REO
298 3741 305 3752 ‚
330 3725 382 3748 ere.
421 3719 476 3753 flue
506 3727 547 3747 im
557 3728 630 3751 nvn
641 3732 659 3752 E
670 3733 736 3753 sco
751 3746 759 3758 ,
790 3728 843 3753 ere.
899 3724 1102 3760 [σκληρύνομαι]

57 3760 157 3786 Durum
173 3758 240 3793 fieri.
306 3756 438 3783 Columel.
450 3761 481 3786 2‘,
494 3764 521 3782 21
549 3758 616 3785 Ante
628 3769 705 3794 quam
718 3771 750 3788 ex
764 3767 822 3788 toto
836 3771 914 3796 grana
927 3760 1102 3786 indurescant.
1554 3760 1568 3791 Ι
1663 3759 1696 3792 Ν
1791 3762 1820 3794 Ε

22 3809 25 3811 >
58 3795 102 3823 Sic
115 3803 153 3827 12,
169 3802 194 3827 15
220 3794 288 3820 Ante
301 3801 380 3827 quam
393 3791 557 3818 indurescant
571 3793 672 3822 fictilia.
751 3798 817 3824 Plin,
831 3800 874 3830 16,
887 3806 903 3832 7
930 3796 1101 3823 ludin-escunt
1108 3803 1156 3822 100

59 3829 90 3856 in
101 3830 212 3856 modum
224 3829 317 3864 gallae.
425 3828 457 3853 lu
471 3835 582 3862 prauum
604 3829 732 3862 Qiinffll.
741 3842 761 3865 1,
774 3843 794 3865 3,
807 3842 843 3860 12.
912 3834 1011 3859 Venter
1024 3830 1101 3857 indu-
1198 3836 1208 3855 1
1220 3837 1242 3856 N
1251 3837 1268 3856 E
1277 3838 1298 3858 A
1307 3851 1314 3862 ‚
1350 3830 1401 3857 vid.
1410 3830 1458 3866 sub
1477 3835 1486 3855 1
1498 3835 1520 3855 N
1531 3835 1562 3856 Α.
1582 3841 1585 3842 ’

13 3868 25 3906 ’ς’
59 3865 139 3892 rescit
164 3858 231 3891 (Rls.
245 3874 273 3898 4,
288 3861 313 3890 1'2
323 3870 366 3899 pr.
437 3863 540 3898 Corpus
554 3864 674 3891 induruit
687 3867 734 3892 vsu
759 3869 838 3895 Ouid.
851 3868 936 3895 Trist.
953 3877 973 3898 ς,
986 3877 1012 3899 2,
1026 3875 1047 3900 ς.
1199 3872 1208 3891 1
1220 3873 1241 3892 Ν
1251 3873 1376 3893 EBRAE
1390 3867 1476 3897 Aucs,
1510 3866 1586 3898 Quae
1606 3864 1634 3891 in
1653 3865 1772 3900 auguriis
1796 3867 1900 3903 aliquid
1918 3867 1975 3894 fieri
1996 3867 2152 3902 prohibent,
2179 3875 2205 3896 et

22 3928 28 3936 .
95 3907 106 3926 1
118 3907 142 3926 N
152 3907 171 3927 D
180 3908 202 3926 v
211 3907 229 3926 R
239 3906 276 3927 10
285 3907 298 3927 s
309 3906 328 3925 v
340 3906 367 3931 s,
384 3907 414 3931 a,
432 3907 487 3925 um.
524 3899 584 3925 Adi.
622 3906 649 3925 ct
671 3906 679 3925 1
691 3907 714 3926 N
724 3908 742 3927 D
750 3909 770 3927 V
779 3910 796 3929 R
807 3911 844 3931 10
852 3912 868 3931 s
876 3911 901 3931 1⁷..
946 3904 1012 3931 Adu.
1068 3903 1100 3928 Ie-
1162 3902 1269 3935 prorsus
1283 3902 1372 3928 omnia
1380 3902 1471 3928 inebra
1485 3900 1659 3934 appellantur,
1678 3911 1745 3936 quae
1759 3903 1862 3930 tardant
1876 3904 1918 3930 vel
1931 3910 2068 3930 morantur
2079 3909 2205 3937 agentem,

10 3946 11 3953 ι
24 3944 28 3951 ’
54 3942 150 3971 guntur
163 3945 179 3961 a
190 3935 334 3971 quibusdam
347 3940 388 3970 αρ’.
403 3934 463 3961 Val.
475 3935 546 3962 Max.
560 3944 581 3967 3,
595 3944 624 3968 4,
637 3935 662 3963 2‘.
697 3942 721 3963 ot
733 3936 841 3966 Caffiod.
855 3948 885 3974 5,
901 3949 922 3968 1.
965 3941 1009 3970 Al.
1023 3938 1100 3966 indu·
1162 3937 1260 3963 Festus.
1330 3939 1391 3964 Vct.
1405 3936 1483 3963 Gloff.
1498 3935 1609 3969 Inebra,
1628 3935 1698 3972 ἕρνεον
1710 3938 1876 3971 patrm-randi.
1950 3938 2041 3964 nidor.
2057 3947 2097 3969 12,
2119 3949 2131 3970 7
2162 3940 2204 3966 In-

32 4009 34 4011 >
52 3971 162 4000 striosus
175 3970 378 4035 etvirotdlpstrffse.
1106 3981 1151 4009 105
1162 3972 1241 4000 hibae
1255 3972 1390 4035 dicuntug,
1405 3972 1429 4035 ἐξ
1442 3971 1566 4000 aduersae
1578 3972 1654 4007 sunt,
1675 3974 1747 4008 quod
1762 3973 1912 4005 inhibeant,
1929 3973 1958 4000 id
1972 3973 2021 4007 est,
2040 3975 2202 4044 viprtgisiktgmefi

271 4025 278 4034 ι
340 4026 350 4034 ι
2191 4029 2201 4042 5

3 4026 6 4035 ο

4 4046 5 4059 l
