<?xml version="1.0" encoding="UTF-8"?>
<!DOCTYPE html PUBLIC "-//W3C//DTD XHTML 1.0 Transitional//EN"
    "http://www.w3.org/TR/xhtml1/DTD/xhtml1-transitional.dtd">
<html xmlns="http://www.w3.org/1999/xhtml" xml:lang="en" lang="en">
 <head>
  <title>
</title>
<meta http-equiv="Content-Type" content="text/html;charset=utf-8" />
  <meta name='ocr-system' content='tesseract 3.04.00' />
  <meta name='ocr-capabilities' content='ocr_page ocr_carea ocr_par ocr_line ocrx_word'/>
</head>
<body>
  <div class='ocr_page' id='page_1' title='image "./novuslinguaeeter02gesn/novuslinguaeeter02gesn_0282.png"; bbox 0 0 2479 4225; ppageno 0'>
   <div class='ocr_carea' id='block_1_1' title="bbox 296 186 2464 260">
    <p class='ocr_par' dir='ltr' id='par_1_1' title="bbox 296 186 2464 260">
     <span class='ocr_line' id='line_1_1' title="bbox 296 186 2464 260; baseline 0.002 -22"><span class='ocrx_word' id='word_1_1' title='bbox 296 223 357 260; x_wconf 78' lang='lat'>535</span> <span class='ocrx_word' id='word_1_2' title='bbox 684 207 718 246; x_wconf 86' lang='lat' dir='ltr'>E</span> <span class='ocrx_word' id='word_1_3' title='bbox 807 205 841 243; x_wconf 85' lang='lat' dir='ltr'>X</span> <span class='ocrx_word' id='word_1_4' title='bbox 929 202 957 241; x_wconf 94' lang='lat' dir='ltr'>P</span> <span class='ocrx_word' id='word_1_5' title='bbox 1774 201 1807 241; x_wconf 91' lang='lat' dir='ltr'>E</span> <span class='ocrx_word' id='word_1_6' title='bbox 1892 202 1929 241; x_wconf 90' lang='lat' dir='ltr'>X</span> <span class='ocrx_word' id='word_1_7' title='bbox 2018 203 2046 243; x_wconf 91' lang='lat' dir='ltr'>P</span> <span class='ocrx_word' id='word_1_8' title='bbox 2355 186 2464 252; x_wconf 51' lang='lat'>536⁸&gt;</span> 
     </span>
    </p>
   </div>
   <div class='ocr_carea' id='block_1_2' title="bbox 293 274 2459 400">
    <p class='ocr_par' dir='ltr' id='par_1_2' title="bbox 293 274 2459 400">
     <span class='ocr_line' id='line_1_2' title="bbox 293 274 2458 331; baseline -0.003 -10"><span class='ocrx_word' id='word_1_9' title='bbox 293 303 342 331; x_wconf 81' lang='lat' dir='ltr'>pro</span> <span class='ocrx_word' id='word_1_10' title='bbox 362 296 473 329; x_wconf 79' lang='lat' dir='ltr'>spretus,</span> <span class='ocrx_word' id='word_1_11' title='bbox 491 300 521 321; x_wconf 82' lang='lat' dir='ltr'>vt</span> <span class='ocrx_word' id='word_1_12' title='bbox 539 294 675 330; x_wconf 67' lang='lat' dir='ltr'>expe-&amp;are</span> <span class='ocrx_word' id='word_1_13' title='bbox 690 300 737 328; x_wconf 83' lang='lat' dir='ltr'>pro</span> <span class='ocrx_word' id='word_1_14' title='bbox 756 291 886 330; x_wconf 67' lang='lat' dir='ltr'>spetf&#39;tare,</span> <span class='ocrx_word' id='word_1_15' title='bbox 901 288 945 315; x_wconf 84' lang='lat' dir='ltr'>illa</span> <span class='ocrx_word' id='word_1_16' title='bbox 962 293 1075 330; x_wconf 69' lang='lat' dir='ltr'>ratione,</span> <span class='ocrx_word' id='word_1_17' title='bbox 1088 297 1134 324; x_wconf 78' lang='lat' dir='ltr'>qun</span> <span class='ocrx_word' id='word_1_18' title='bbox 1153 292 1227 329; x_wconf 51' lang='lat' dir='ltr'>etiam</span> <span class='ocrx_word' id='word_1_19' title='bbox 1241 289 1329 328; x_wconf 84' lang='lat' dir='ltr'>specu·</span> <span class='ocrx_word' id='word_1_20' title='bbox 1390 299 1451 322; x_wconf 81' lang='lat' dir='ltr'>ves,</span> <span class='ocrx_word' id='word_1_21' title='bbox 1471 299 1537 325; x_wconf 83' lang='lat' dir='ltr'>quac</span> <span class='ocrx_word' id='word_1_22' title='bbox 1563 291 1793 331; x_wconf 22' lang='lat' dir='ltr'>constiqtuta&#39;erant</span> <span class='ocrx_word' id='word_1_23' title='bbox 1813 290 1840 315; x_wconf 91' lang='lat' dir='ltr'>in</span> <span class='ocrx_word' id='word_1_24' title='bbox 1859 290 1995 318; x_wconf 71' lang='lat' dir='ltr'>connic‘tos</span> <span class='ocrx_word' id='word_1_25' title='bbox 2013 290 2138 318; x_wconf 83' lang='lat' dir='ltr'>maleficii</span> <span class='ocrx_word' id='word_1_26' title='bbox 2158 291 2246 317; x_wconf 85' lang='lat' dir='ltr'>seruos</span> <span class='ocrx_word' id='word_1_27' title='bbox 2277 288 2335 331; x_wconf 80' lang='lat' dir='ltr'>Cic.</span> <span class='ocrx_word' id='word_1_28' title='bbox 2348 289 2421 318; x_wconf 85' lang='lat' dir='ltr'>Verr.</span> <span class='ocrx_word' id='word_1_29' title='bbox 2446 274 2458 314; x_wconf 56' lang='grc' dir='ltr'>ἠ</span> 
     </span>
     <span class='ocr_line' id='line_1_3' title="bbox 300 324 2459 365; baseline -0.002 -8"><span class='ocrx_word' id='word_1_30' title='bbox 300 333 370 362; x_wconf 82' lang='lat' dir='ltr'>lum,</span> <span class='ocrx_word' id='word_1_31' title='bbox 390 329 493 365; x_wconf 55' lang='lat' dir='ltr'>spatha,</span> <span class='ocrx_word' id='word_1_32' title='bbox 515 331 625 365; x_wconf 87' lang='lat' dir='ltr'>species,</span> <span class='ocrx_word' id='word_1_33' title='bbox 646 330 750 365; x_wconf 80' lang='lat' dir='ltr'>spiritus</span> <span class='ocrx_word' id='word_1_34' title='bbox 768 336 794 352; x_wconf 80' lang='lat' dir='ltr'>in</span> <span class='ocrx_word' id='word_1_35' title='bbox 814 326 922 359; x_wconf 72' lang='lat' dir='ltr'>Elpeio,</span> <span class='ocrx_word' id='word_1_36' title='bbox 943 325 1038 360; x_wconf 83' lang='lat' dir='ltr'>Espec,</span> <span class='ocrx_word' id='word_1_37' title='bbox 1053 324 1269 364; x_wconf 74' lang='lat' dir='ltr'>hspece‚l:spr1t,</span> <span class='ocrx_word' id='word_1_38' title='bbox 1283 330 1330 350; x_wconf 74' lang='lat' dir='ltr'>etc.</span> <span class='ocrx_word' id='word_1_39' title='bbox 1391 333 1413 358; x_wconf 87' lang='lat'>5,</span> <span class='ocrx_word' id='word_1_40' title='bbox 1434 334 1469 358; x_wconf 89' lang='lat'>19.</span> <span class='ocrx_word' id='word_1_41' title='bbox 1541 327 1612 362; x_wconf 71' lang='lat' dir='ltr'>Saepe</span> <span class='ocrx_word' id='word_1_42' title='bbox 1626 327 1752 363; x_wconf 55' lang='lat' dir='ltr'>significat</span> <span class='ocrx_word' id='word_1_43' title='bbox 1772 328 1838 360; x_wconf 77' lang='lat' dir='ltr'>loqui</span> <span class='ocrx_word' id='word_1_44' title='bbox 1858 333 1879 352; x_wconf 82' lang='lat' dir='ltr'>et</span> <span class='ocrx_word' id='word_1_45' title='bbox 1901 326 1995 358; x_wconf 76' lang='lat' dir='ltr'>dicere,</span> <span class='ocrx_word' id='word_1_46' title='bbox 2013 329 2053 353; x_wconf 76' lang='lat' dir='ltr'>vel</span> <span class='ocrx_word' id='word_1_47' title='bbox 2071 335 2210 362; x_wconf 79' lang='lat' dir='ltr'>quacunque</span> <span class='ocrx_word' id='word_1_48' title='bbox 2228 332 2324 352; x_wconf 83' lang='lat' dir='ltr'>rat1one</span> <span class='ocrx_word' id='word_1_49' title='bbox 2342 326 2424 352; x_wconf 83' lang='lat' dir='ltr'>Mani·</span> <span class='ocrx_word' id='word_1_50' title='bbox 2450 347 2459 354; x_wconf 79' lang='grc'>,,</span> 
     </span>
     <span class='ocr_line' id='line_1_4' title="bbox 300 359 2423 400; baseline -0.002 -8"><span class='ocrx_word' id='word_1_51' title='bbox 300 366 435 400; x_wconf 67' lang='lat' dir='ltr'>Hispanis,</span> <span class='ocrx_word' id='word_1_52' title='bbox 450 372 472 391; x_wconf 86' lang='lat' dir='ltr'>et</span> <span class='ocrx_word' id='word_1_53' title='bbox 487 366 670 392; x_wconf 69' lang='lat' dir='ltr'>Franco-Gallu</span> <span class='ocrx_word' id='word_1_54' title='bbox 682 361 820 389; x_wconf 68' lang='lat' dir='ltr'>autlorsbm</span> <span class='ocrx_word' id='word_1_55' title='bbox 833 364 959 393; x_wconf 72' lang='lat' dir='ltr'>transiere.</span> <span class='ocrx_word' id='word_1_56' title='bbox 996 363 1059 396; x_wconf 81' lang='lat' dir='ltr'>Ergo</span> <span class='ocrx_word' id='word_1_57' title='bbox 1073 362 1095 386; x_wconf 91' lang='lat' dir='ltr'>lt</span> <span class='ocrx_word' id='word_1_58' title='bbox 1109 360 1232 393; x_wconf 82' lang='lat' dir='ltr'>Magister</span> <span class='ocrx_word' id='word_1_59' title='bbox 1244 369 1258 384; x_wconf 79' lang='lat' dir='ltr'>a</span> <span class='ocrx_word' id='word_1_60' title='bbox 1271 367 1328 394; x_wconf 78' lang='lat' dir='ltr'>pue·</span> <span class='ocrx_word' id='word_1_61' title='bbox 1385 360 1480 397; x_wconf 77' lang='lat' dir='ltr'>festum</span> <span class='ocrx_word' id='word_1_62' title='bbox 1493 361 1581 397; x_wconf 70' lang='lat' dir='ltr'>facere</span> <span class='ocrx_word' id='word_1_63' title='bbox 1597 370 1669 398; x_wconf 77' lang='lat' dir='ltr'>atque</span> <span class='ocrx_word' id='word_1_64' title='bbox 1686 364 1822 388; x_wconf 67' lang='lat' dir='ltr'>muntiare.</span> <span class='ocrx_word' id='word_1_65' title='bbox 1856 361 1935 388; x_wconf 86' lang='lat' dir='ltr'>Plaut.</span> <span class='ocrx_word' id='word_1_66' title='bbox 1948 363 2006 388; x_wconf 92' lang='lat' dir='ltr'>Mil.</span> <span class='ocrx_word' id='word_1_67' title='bbox 2025 371 2045 394; x_wconf 95' lang='lat'>1,</span> <span class='ocrx_word' id='word_1_68' title='bbox 2060 371 2082 394; x_wconf 83' lang='lat'>3,</span> <span class='ocrx_word' id='word_1_69' title='bbox 2100 365 2146 394; x_wconf 89' lang='lat'>169</span> <span class='ocrx_word' id='word_1_70' title='bbox 2166 360 2243 388; x_wconf 87' lang='lat' dir='ltr'>Haud</span> <span class='ocrx_word' id='word_1_71' title='bbox 2261 359 2423 387; x_wconf 70' lang='lat' dir='ltr'>centesimam</span> 
     </span>
    </p>
   </div>
   <div class='ocr_carea' id='block_1_3' title="bbox 2419 149 2479 3781">
    <p class='ocr_par' dir='ltr' id='par_1_3' title="bbox 2419 149 2479 3781">
     <span class='ocr_line' id='line_1_5' title="bbox 2444 149 2479 631; baseline 0 0"><span class='ocrx_word' id='word_1_72' title='bbox 2444 149 2479 631; x_wconf 95' lang='lat' dir='ltr'>  </span> 
     </span>
     <span class='ocr_line' id='line_1_6' title="bbox 2444 631 2479 1451; baseline 0 -74"><span class='ocrx_word' id='word_1_73' title='bbox 2444 631 2479 1451; x_wconf 95' lang='lat' dir='ltr'>     </span> 
     </span>
     <span class='ocr_line' id='line_1_7' title="bbox 2451 2384 2479 2610; baseline 0 0"><span class='ocrx_word' id='word_1_74' title='bbox 2451 2384 2479 2610; x_wconf 95' lang='lat' dir='ltr'>     </span> 
     </span>
     <span class='ocr_line' id='line_1_8' title="bbox 2419 2610 2479 2819; baseline 0 -141"><span class='ocrx_word' id='word_1_75' title='bbox 2419 2610 2479 2819; x_wconf 95' lang='lat' dir='ltr'>        </span> 
     </span>
     <span class='ocr_line' id='line_1_9' title="bbox 2443 2819 2479 2892; baseline 0 1333"><span class='ocrx_word' id='word_1_76' title='bbox 2443 2819 2479 2892; x_wconf 95' lang='lat' dir='ltr'> </span> 
     </span>
     <span class='ocr_line' id='line_1_10' title="bbox 2452 2892 2479 3781; baseline 0 -534"><span class='ocrx_word' id='word_1_77' title='bbox 2452 2892 2479 3781; x_wconf 95' lang='lat' dir='ltr'>     </span> 
     </span>
    </p>
   </div>
   <div class='ocr_carea' id='block_1_4' title="bbox 290 394 2460 1179">
    <p class='ocr_par' dir='ltr' id='par_1_4' title="bbox 292 394 2460 472">
     <span class='ocr_line' id='line_1_11' title="bbox 299 394 2460 436; baseline -0.002 -9"><span class='ocrx_word' id='word_1_78' title='bbox 299 411 327 427; x_wconf 81' lang='lat' dir='ltr'>ro</span> <span class='ocrx_word' id='word_1_79' title='bbox 338 402 450 436; x_wconf 68' lang='lat' dir='ltr'>pulsatus</span> <span class='ocrx_word' id='word_1_80' title='bbox 463 409 485 426; x_wconf 73' lang='lat' dir='ltr'>et</span> <span class='ocrx_word' id='word_1_81' title='bbox 499 404 535 427; x_wconf 85' lang='lat' dir='ltr'>ita</span> <span class='ocrx_word' id='word_1_82' title='bbox 549 402 644 436; x_wconf 80' lang='lat' dir='ltr'>spretus</span> <span class='ocrx_word' id='word_1_83' title='bbox 657 400 778 432; x_wconf 72' lang='lat' dir='ltr'>turpiter,</span> <span class='ocrx_word' id='word_1_84' title='bbox 794 395 864 429; x_wconf 83' lang='lat' dir='ltr'>quali</span> <span class='ocrx_word' id='word_1_85' title='bbox 882 395 994 427; x_wconf 89' lang='lat' dir='ltr'>laterna,</span> <span class='ocrx_word' id='word_1_86' title='bbox 1009 406 1067 432; x_wconf 64' lang='lat' dir='ltr'>quoe*</span> <span class='ocrx_word' id='word_1_87' title='bbox 1080 395 1159 421; x_wconf 64' lang='lat' dir='ltr'>vnoo</span> <span class='ocrx_word' id='word_1_88' title='bbox 1180 395 1263 421; x_wconf 91' lang='lat' dir='ltr'>linteo</span> <span class='ocrx_word' id='word_1_89' title='bbox 1275 403 1330 420; x_wconf 86' lang='lat' dir='ltr'>con—</span> <span class='ocrx_word' id='word_1_90' title='bbox 1392 402 1491 431; x_wconf 86' lang='lat' dir='ltr'>partem</span> <span class='ocrx_word' id='word_1_91' title='bbox 1505 396 1579 428; x_wconf 83' lang='lat' dir='ltr'>dixi,</span> <span class='ocrx_word' id='word_1_92' title='bbox 1593 405 1686 431; x_wconf 79' lang='lat' dir='ltr'>atque,</span> <span class='ocrx_word' id='word_1_93' title='bbox 1699 398 1784 423; x_wconf 88' lang='lat' dir='ltr'>otium</span> <span class='ocrx_word' id='word_1_94' title='bbox 1797 396 1836 423; x_wconf 88' lang='lat' dir='ltr'>rei</span> <span class='ocrx_word' id='word_1_95' title='bbox 1854 395 1871 422; x_wconf 87' lang='lat' dir='ltr'>fi</span> <span class='ocrx_word' id='word_1_96' title='bbox 1884 396 1928 429; x_wconf 86' lang='lat' dir='ltr'>fit,</span> <span class='ocrx_word' id='word_1_97' title='bbox 1941 397 2027 431; x_wconf 85' lang='lat' dir='ltr'>possim</span> <span class='ocrx_word' id='word_1_98' title='bbox 2042 405 2205 431; x_wconf 81' lang='lat' dir='ltr'>expromere.</span> <span class='ocrx_word' id='word_1_99' title='bbox 2276 396 2332 422; x_wconf 80' lang='lat' dir='ltr'>cic.</span> <span class='ocrx_word' id='word_1_100' title='bbox 2347 394 2425 423; x_wconf 81' lang='lat' dir='ltr'>Acad.</span> <span class='ocrx_word' id='word_1_101' title='bbox 2452 405 2460 422; x_wconf 65' lang='lat' dir='ltr'><strong>J</strong></span> 
     </span>
     <span class='ocr_line' id='line_1_12' title="bbox 292 431 2422 472; baseline -0.002 -10"><span class='ocrx_word' id='word_1_102' title='bbox 292 436 400 472; x_wconf 75' lang='lat' dir='ltr'>ficitur,</span> <span class='ocrx_word' id='word_1_103' title='bbox 415 437 519 471; x_wconf 66' lang='lat' dir='ltr'>spleniis</span> <span class='ocrx_word' id='word_1_104' title='bbox 534 444 557 462; x_wconf 85' lang='lat' dir='ltr'>et</span> <span class='ocrx_word' id='word_1_105' title='bbox 569 432 652 460; x_wconf 59' lang='lat' dir='ltr'>enfin</span> <span class='ocrx_word' id='word_1_106' title='bbox 665 435 805 458; x_wconf 72' lang='lat' dir='ltr'>linamentis</span> <span class='ocrx_word' id='word_1_107' title='bbox 820 431 926 465; x_wconf 66' lang='lat' dir='ltr'>insacie</span> <span class='ocrx_word' id='word_1_108' title='bbox 937 432 1023 467; x_wconf 72' lang='lat' dir='ltr'>positis</span> <span class='ocrx_word' id='word_1_109' title='bbox 1037 431 1198 466; x_wconf 75' lang='lat' dir='ltr'>deformatus.</span> <span class='ocrx_word' id='word_1_110' title='bbox 1351 439 1365 465; x_wconf 83' lang='lat'>5</span> <span class='ocrx_word' id='word_1_111' title='bbox 1392 442 1419 465; x_wconf 89' lang='lat'>4,</span> <span class='ocrx_word' id='word_1_112' title='bbox 1435 440 1484 465; x_wconf 84' lang='lat'>144</span> <span class='ocrx_word' id='word_1_113' title='bbox 1504 442 1525 458; x_wconf 90' lang='lat' dir='ltr'>c.</span> <span class='ocrx_word' id='word_1_114' title='bbox 1542 441 1577 468; x_wconf 87' lang='lat'>47</span> <span class='ocrx_word' id='word_1_115' title='bbox 1620 435 1778 467; x_wconf 77' lang='lat' dir='ltr'>Expromam</span> <span class='ocrx_word' id='word_1_116' title='bbox 1804 432 1919 466; x_wconf 87' lang='lat' dir='ltr'>primum</span> <span class='ocrx_word' id='word_1_117' title='bbox 1938 432 1983 458; x_wconf 87' lang='lat' dir='ltr'>illa</span> <span class='ocrx_word' id='word_1_118' title='bbox 2001 433 2147 465; x_wconf 86' lang='lat' dir='ltr'>inuidiosa,</span> <span class='ocrx_word' id='word_1_119' title='bbox 2173 431 2244 466; x_wconf 88' lang='lat' dir='ltr'>quod</span> <span class='ocrx_word' id='word_1_120' title='bbox 2261 440 2306 457; x_wconf 87' lang='lat' dir='ltr'>eos</span> <span class='ocrx_word' id='word_1_121' title='bbox 2325 439 2422 465; x_wconf 74' lang='lat' dir='ltr'>omnes,</span> 
     </span>
    </p>

    <p class='ocr_par' dir='ltr' id='par_1_5' title="bbox 290 463 2458 1179">
     <span class='ocr_line' id='line_1_13' title="bbox 336 463 2458 502; baseline -0.002 -4"><span class='ocrx_word' id='word_1_122' title='bbox 336 479 351 498; x_wconf 71' lang='lat'>13</span> <span class='ocrx_word' id='word_1_123' title='bbox 364 479 380 497; x_wconf 80' lang='lat' dir='ltr'>x</span> <span class='ocrx_word' id='word_1_124' title='bbox 395 478 408 497; x_wconf 79' lang='lat' dir='ltr'>P</span> <span class='ocrx_word' id='word_1_125' title='bbox 419 479 436 497; x_wconf 86' lang='lat' dir='ltr'>R</span> <span class='ocrx_word' id='word_1_126' title='bbox 446 470 489 498; x_wconf 75' lang='lat'>613</span> <span class='ocrx_word' id='word_1_127' title='bbox 499 478 516 497; x_wconf 76' lang='lat' dir='ltr'>R</span> <span class='ocrx_word' id='word_1_128' title='bbox 527 477 561 501; x_wconf 88' lang='lat'>0,</span> <span class='ocrx_word' id='word_1_129' title='bbox 588 475 636 494; x_wconf 70' lang='lat' dir='ltr'>are.</span> <span class='ocrx_word' id='word_1_130' title='bbox 673 463 803 499; x_wconf 57' lang='lat' dir='ltr'>[dradz&#39;g&#39;Q</span> <span class='ocrx_word' id='word_1_131' title='bbox 823 467 947 502; x_wconf 63' lang='grc' dir='ltr'>προφέρω]</span> <span class='ocrx_word' id='word_1_132' title='bbox 984 468 1075 494; x_wconf 68' lang='lat' dir='ltr'>Probi-o</span> <span class='ocrx_word' id='word_1_133' title='bbox 1092 467 1208 496; x_wconf 73' lang='lat' dir='ltr'>obiicere,</span> <span class='ocrx_word' id='word_1_134' title='bbox 1229 471 1253 491; x_wconf 66' lang='lat' dir='ltr'>ft</span> <span class='ocrx_word' id='word_1_135' title='bbox 1272 475 1329 500; x_wconf 82' lang='lat' dir='ltr'>qua-</span> <span class='ocrx_word' id='word_1_136' title='bbox 1392 468 1438 502; x_wconf 88' lang='lat' dir='ltr'>qui</span> <span class='ocrx_word' id='word_1_137' title='bbox 1452 468 1480 493; x_wconf 90' lang='lat' dir='ltr'>in</span> <span class='ocrx_word' id='word_1_138' title='bbox 1493 470 1621 495; x_wconf 83' lang='lat' dir='ltr'>concione</span> <span class='ocrx_word' id='word_1_139' title='bbox 1638 469 1735 495; x_wconf 82' lang='lat' dir='ltr'>stabant</span> <span class='ocrx_word' id='word_1_140' title='bbox 1745 488 1752 499; x_wconf 94' lang='lat'>,</span> <span class='ocrx_word' id='word_1_141' title='bbox 1772 468 1889 499; x_wconf 80' lang='lat' dir='ltr'><strong>exsules,</strong></span> <span class='ocrx_word' id='word_1_142' title='bbox 1904 468 2007 500; x_wconf 86' lang='lat' dir='ltr'>seruos,</span> <span class='ocrx_word' id='word_1_143' title='bbox 2020 469 2123 495; x_wconf 87' lang='lat' dir='ltr'>insanos</span> <span class='ocrx_word' id='word_1_144' title='bbox 2142 468 2190 494; x_wconf 83' lang='lat' dir='ltr'>esse</span> <span class='ocrx_word' id='word_1_145' title='bbox 2205 467 2306 494; x_wconf 87' lang='lat' dir='ltr'>dicatis.</span> <span class='ocrx_word' id='word_1_146' title='bbox 2365 466 2422 494; x_wconf 79' lang='lat' dir='ltr'>Liu.</span> <span class='ocrx_word' id='word_1_147' title='bbox 2448 467 2458 483; x_wconf 76' lang='lat'>²&#39;</span> 
     </span>
     <span class='ocr_line' id='line_1_14' title="bbox 299 501 2451 542; baseline -0.002 -9"><span class='ocrx_word' id='word_1_148' title='bbox 299 507 435 542; x_wconf 72' lang='lat' dir='ltr'>Iemcunque</span> <span class='ocrx_word' id='word_1_149' title='bbox 448 508 541 540; x_wconf 63' lang='lat' dir='ltr'>culpam</span> <span class='ocrx_word' id='word_1_150' title='bbox 554 506 695 538; x_wconf 67' lang='lat' dir='ltr'>impingere.</span> <span class='ocrx_word' id='word_1_151' title='bbox 732 501 812 527; x_wconf 78' lang='lat' dir='ltr'>Plaut.</span> <span class='ocrx_word' id='word_1_152' title='bbox 826 502 903 528; x_wconf 83' lang='lat' dir='ltr'>Most.</span> <span class='ocrx_word' id='word_1_153' title='bbox 920 511 940 535; x_wconf 87' lang='lat'>1,</span> <span class='ocrx_word' id='word_1_154' title='bbox 952 511 974 535; x_wconf 78' lang='grc'>3,</span> <span class='ocrx_word' id='word_1_155' title='bbox 990 512 1036 536; x_wconf 84' lang='lat'>142</span> <span class='ocrx_word' id='word_1_156' title='bbox 1055 502 1183 536; x_wconf 83' lang='lat' dir='ltr'>Triginta</span> <span class='ocrx_word' id='word_1_157' title='bbox 1198 509 1269 526; x_wconf 80' lang='lat' dir='ltr'>mnas</span> <span class='ocrx_word' id='word_1_158' title='bbox 1280 509 1328 535; x_wconf 80' lang='lat' dir='ltr'>pro</span> <span class='ocrx_word' id='word_1_159' title='bbox 1392 512 1432 535; x_wconf 83' lang='lat'>20,</span> <span class='ocrx_word' id='word_1_160' title='bbox 1447 512 1456 528; x_wconf 92' lang='lat'>1</span> <span class='ocrx_word' id='word_1_161' title='bbox 1496 504 1684 537; x_wconf 87' lang='lat' dir='ltr'>Expromerent</span> <span class='ocrx_word' id='word_1_162' title='bbox 1704 504 1768 539; x_wconf 90' lang='lat' dir='ltr'>quid</span> <span class='ocrx_word' id='word_1_163' title='bbox 1787 504 1928 535; x_wconf 72' lang='lat' dir='ltr'>sentirent,</span> <span class='ocrx_word' id='word_1_164' title='bbox 1954 512 2012 529; x_wconf 90' lang='lat' dir='ltr'>cum</span> <span class='ocrx_word' id='word_1_165' title='bbox 2036 504 2105 530; x_wconf 89' lang='lat' dir='ltr'>bona</span> <span class='ocrx_word' id='word_1_166' title='bbox 2124 504 2200 529; x_wconf 84' lang='lat' dir='ltr'>venia</span> <span class='ocrx_word' id='word_1_167' title='bbox 2221 504 2246 529; x_wconf 92' lang='lat' dir='ltr'>se</span> <span class='ocrx_word' id='word_1_168' title='bbox 2263 502 2423 529; x_wconf 87' lang='lat' dir='ltr'>auditurum.</span> <span class='ocrx_word' id='word_1_169' title='bbox 2447 514 2451 525; x_wconf 86' lang='lat'>·</span> 
     </span>
     <span class='ocr_line' id='line_1_15' title="bbox 301 536 2447 578; baseline -0.003 -9"><span class='ocrx_word' id='word_1_170' title='bbox 301 543 386 578; x_wconf 86' lang='lat' dir='ltr'>capite</span> <span class='ocrx_word' id='word_1_171' title='bbox 407 549 452 568; x_wconf 93' lang='lat' dir='ltr'>tuo</span> <span class='ocrx_word' id='word_1_172' title='bbox 467 541 533 566; x_wconf 87' lang='lat' dir='ltr'>dedi.</span> <span class='ocrx_word' id='word_1_173' title='bbox 555 546 568 563; x_wconf 80' lang='grc'>1·</span> <span class='ocrx_word' id='word_1_174' title='bbox 580 544 599 562; x_wconf 80' lang='lat' dir='ltr'><em>H</em></span> <span class='ocrx_word' id='word_1_175' title='bbox 610 545 618 563; x_wconf 90' lang='lat'>1</span> <span class='ocrx_word' id='word_1_176' title='bbox 631 545 635 561; x_wconf 88' lang='grc'>1</span> <span class='ocrx_word' id='word_1_177' title='bbox 655 544 680 563; x_wconf 67' lang='lat' dir='ltr'>rt.</span> <span class='ocrx_word' id='word_1_178' title='bbox 700 545 746 562; x_wconf 90' lang='lat' dir='ltr'>cur</span> <span class='ocrx_word' id='word_1_179' title='bbox 759 537 921 572; x_wconf 74' lang='lat' dir='ltr'>exprobras?</span> <span class='ocrx_word' id='word_1_180' title='bbox 940 546 954 564; x_wconf 81' lang='lat' dir='ltr'>P</span> <span class='ocrx_word' id='word_1_181' title='bbox 964 545 984 564; x_wconf 81' lang='lat' dir='ltr'><em>H</em></span> <span class='ocrx_word' id='word_1_182' title='bbox 994 547 1003 564; x_wconf 92' lang='lat'>1</span> <span class='ocrx_word' id='word_1_183' title='bbox 1014 546 1027 563; x_wconf 92' lang='lat' dir='ltr'>L</span> <span class='ocrx_word' id='word_1_184' title='bbox 1037 545 1066 564; x_wconf 86' lang='lat' dir='ltr'>o.</span> <span class='ocrx_word' id='word_1_185' title='bbox 1087 546 1170 571; x_wconf 82' lang='lat' dir='ltr'>egone</span> <span class='ocrx_word' id='word_1_186' title='bbox 1188 536 1215 562; x_wconf 92' lang='lat' dir='ltr'>id</span> <span class='ocrx_word' id='word_1_187' title='bbox 1235 545 1330 572; x_wconf 85' lang='lat' dir='ltr'>expro-</span> <span class='ocrx_word' id='word_1_188' title='bbox 1392 538 1464 573; x_wconf 79' lang='lat' dir='ltr'>Cous.</span> <span class='ocrx_word' id='word_1_189' title='bbox 1482 539 1556 565; x_wconf 88' lang='lat' dir='ltr'>Curt.</span> <span class='ocrx_word' id='word_1_190' title='bbox 1570 549 1596 572; x_wconf 87' lang='lat'>4,</span> <span class='ocrx_word' id='word_1_191' title='bbox 1612 548 1648 570; x_wconf 87' lang='lat'>10,</span> <span class='ocrx_word' id='word_1_192' title='bbox 1661 549 1688 571; x_wconf 77' lang='lat'>4.</span> <span class='ocrx_word' id='word_1_193' title='bbox 1761 540 1891 566; x_wconf 85' lang='lat' dir='ltr'>Conferre</span> <span class='ocrx_word' id='word_1_194' title='bbox 1906 540 2007 570; x_wconf 78' lang='lat' dir='ltr'>causas,</span> <span class='ocrx_word' id='word_1_195' title='bbox 2021 539 2123 574; x_wconf 88' lang='lat' dir='ltr'>etquid</span> <span class='ocrx_word' id='word_1_196' title='bbox 2138 540 2165 565; x_wconf 87' lang='lat' dir='ltr'>in</span> <span class='ocrx_word' id='word_1_197' title='bbox 2179 547 2312 573; x_wconf 85' lang='lat' dir='ltr'>quamque</span> <span class='ocrx_word' id='word_1_198' title='bbox 2327 538 2423 564; x_wconf 87' lang='lat' dir='ltr'>senten·</span> <span class='ocrx_word' id='word_1_199' title='bbox 2442 548 2447 563; x_wconf 85' lang='lat'>·.</span> 
     </span>
     <span class='ocr_line' id='line_1_16' title="bbox 300 571 2446 612; baseline -0.003 -8"><span class='ocrx_word' id='word_1_200' title='bbox 300 578 389 609; x_wconf 85' lang='lat' dir='ltr'>brem,</span> <span class='ocrx_word' id='word_1_201' title='bbox 416 578 460 610; x_wconf 88' lang='lat' dir='ltr'>qui</span> <span class='ocrx_word' id='word_1_202' title='bbox 478 573 597 600; x_wconf 86' lang='lat' dir='ltr'>mihimet</span> <span class='ocrx_word' id='word_1_203' title='bbox 617 574 696 607; x_wconf 87' lang='lat' dir='ltr'>cupio</span> <span class='ocrx_word' id='word_1_204' title='bbox 716 571 741 597; x_wconf 87' lang='lat' dir='ltr'>id</span> <span class='ocrx_word' id='word_1_205' title='bbox 762 573 969 608; x_wconf 75' lang='lat' dir='ltr'>opprobrarier3</span> <span class='ocrx_word' id='word_1_206' title='bbox 1013 573 1085 608; x_wconf 55' lang='lat' dir='ltr'>Cvnf.</span> <span class='ocrx_word' id='word_1_207' title='bbox 1104 573 1186 599; x_wconf 78' lang='grc' dir='ltr'>Τι-ἰη.</span> <span class='ocrx_word' id='word_1_208' title='bbox 1207 581 1228 603; x_wconf 84' lang='lat'>2,</span> <span class='ocrx_word' id='word_1_209' title='bbox 1246 581 1270 602; x_wconf 82' lang='lat'>2,</span> <span class='ocrx_word' id='word_1_210' title='bbox 1291 579 1329 606; x_wconf 85' lang='grc'>37.</span> <span class='ocrx_word' id='word_1_211' title='bbox 1391 574 1455 600; x_wconf 92' lang='lat' dir='ltr'>tiam</span> <span class='ocrx_word' id='word_1_212' title='bbox 1475 574 1527 600; x_wconf 89' lang='lat' dir='ltr'>dici</span> <span class='ocrx_word' id='word_1_213' title='bbox 1546 574 1617 608; x_wconf 87' lang='lat' dir='ltr'>possit</span> <span class='ocrx_word' id='word_1_214' title='bbox 1636 583 1791 609; x_wconf 80' lang='lat' dir='ltr'>expromere</span> <span class='ocrx_word' id='word_1_215' title='bbox 1818 575 1873 601; x_wconf 87' lang='lat' dir='ltr'>Cic.</span> <span class='ocrx_word' id='word_1_216' title='bbox 1889 573 1921 600; x_wconf 90' lang='lat' dir='ltr'>de</span> <span class='ocrx_word' id='word_1_217' title='bbox 1934 574 2025 601; x_wconf 90' lang='lat' dir='ltr'>Diuin.</span> <span class='ocrx_word' id='word_1_218' title='bbox 2045 583 2070 607; x_wconf 86' lang='lat'>2,</span> <span class='ocrx_word' id='word_1_219' title='bbox 2090 583 2127 608; x_wconf 87' lang='lat'>151</span> <span class='ocrx_word' id='word_1_220' title='bbox 2149 584 2170 600; x_wconf 89' lang='lat' dir='ltr'>c.</span> <span class='ocrx_word' id='word_1_221' title='bbox 2184 582 2227 609; x_wconf 85' lang='lat'>72.</span> <span class='ocrx_word' id='word_1_222' title='bbox 2297 574 2446 612; x_wconf 33' lang='lat' dir='ltr'>Expromeff</span> 
     </span>
     <span class='ocr_line' id='line_1_17' title="bbox 301 606 2426 644; baseline -0.003 -4"><span class='ocrx_word' id='word_1_223' title='bbox 301 614 356 640; x_wconf 88' lang='lat' dir='ltr'>Cic.</span> <span class='ocrx_word' id='word_1_224' title='bbox 373 612 403 638; x_wconf 88' lang='lat' dir='ltr'>de</span> <span class='ocrx_word' id='word_1_225' title='bbox 417 610 518 637; x_wconf 77' lang='lat' dir='ltr'>Amicit.</span> <span class='ocrx_word' id='word_1_226' title='bbox 535 616 570 641; x_wconf 85' lang='lat'>74</span> <span class='ocrx_word' id='word_1_227' title='bbox 583 616 604 633; x_wconf 90' lang='lat' dir='ltr'>c.</span> <span class='ocrx_word' id='word_1_228' title='bbox 619 616 649 633; x_wconf 83' lang='lat'>20</span> <span class='ocrx_word' id='word_1_229' title='bbox 669 607 799 634; x_wconf 81' lang='lat' dir='ltr'>Odiosmn</span> <span class='ocrx_word' id='word_1_230' title='bbox 814 609 871 634; x_wconf 89' lang='lat' dir='ltr'>sane</span> <span class='ocrx_word' id='word_1_231' title='bbox 886 618 966 643; x_wconf 75' lang='lat' dir='ltr'>genus</span> <span class='ocrx_word' id='word_1_232' title='bbox 981 608 1119 635; x_wconf 86' lang='lat' dir='ltr'>hominum</span> <span class='ocrx_word' id='word_1_233' title='bbox 1134 606 1221 634; x_wconf 84' lang='lat' dir='ltr'>officia</span> <span class='ocrx_word' id='word_1_234' title='bbox 1237 616 1329 642; x_wconf 86' lang='lat' dir='ltr'>expro-</span> <span class='ocrx_word' id='word_1_235' title='bbox 1345 616 1373 634; x_wconf 87' lang='lat'>10</span> <span class='ocrx_word' id='word_1_236' title='bbox 1392 618 1520 644; x_wconf 77' lang='lat' dir='ltr'>propere,</span> <span class='ocrx_word' id='word_1_237' title='bbox 1538 610 1598 636; x_wconf 86' lang='lat' dir='ltr'>sede</span> <span class='ocrx_word' id='word_1_238' title='bbox 1618 619 1669 643; x_wconf 87' lang='lat' dir='ltr'>qua</span> <span class='ocrx_word' id='word_1_239' title='bbox 1684 612 1785 644; x_wconf 89' lang='lat' dir='ltr'>genitus</span> <span class='ocrx_word' id='word_1_240' title='bbox 1801 611 1871 636; x_wconf 88' lang='lat' dir='ltr'>clues</span> <span class='ocrx_word' id='word_1_241' title='bbox 1889 610 1946 636; x_wconf 80' lang='lat' dir='ltr'>sen.</span> <span class='ocrx_word' id='word_1_242' title='bbox 1961 610 1992 635; x_wconf 83' lang='lat' dir='ltr'>de</span> <span class='ocrx_word' id='word_1_243' title='bbox 2005 610 2092 636; x_wconf 89' lang='lat' dir='ltr'>Morte</span> <span class='ocrx_word' id='word_1_244' title='bbox 2106 610 2197 636; x_wconf 82' lang='lat' dir='ltr'>Claud.</span> <span class='ocrx_word' id='word_1_245' title='bbox 2271 607 2370 635; x_wconf 77' lang='lat' dir='ltr'>Absens</span> <span class='ocrx_word' id='word_1_246' title='bbox 2384 617 2426 635; x_wconf 90' lang='lat' dir='ltr'>au-</span> 
     </span>
     <span class='ocr_line' id='line_1_18' title="bbox 300 643 2442 680; baseline 0.001 -12"><span class='ocrx_word' id='word_1_247' title='bbox 300 648 439 676; x_wconf 61' lang='lat' dir='ltr'>bmmium,</span> <span class='ocrx_word' id='word_1_248' title='bbox 465 652 531 677; x_wconf 86' lang='lat' dir='ltr'>quae</span> <span class='ocrx_word' id='word_1_249' title='bbox 547 643 691 669; x_wconf 77' lang='lat' dir='ltr'>meminill&#39;e</span> <span class='ocrx_word' id='word_1_250' title='bbox 707 643 784 669; x_wconf 87' lang='lat' dir='ltr'>debet</span> <span class='ocrx_word' id='word_1_251' title='bbox 803 644 841 676; x_wconf 86' lang='lat' dir='ltr'>is,</span> <span class='ocrx_word' id='word_1_252' title='bbox 856 645 884 670; x_wconf 94' lang='lat' dir='ltr'>in</span> <span class='ocrx_word' id='word_1_253' title='bbox 900 654 978 678; x_wconf 81' lang='lat' dir='ltr'>quein</span> <span class='ocrx_word' id='word_1_254' title='bbox 992 645 1085 670; x_wconf 87' lang='lat' dir='ltr'>collata</span> <span class='ocrx_word' id='word_1_255' title='bbox 1098 645 1170 676; x_wconf 86' lang='lat' dir='ltr'>sunt,</span> <span class='ocrx_word' id='word_1_256' title='bbox 1191 652 1244 669; x_wconf 91' lang='lat' dir='ltr'>non</span> <span class='ocrx_word' id='word_1_257' title='bbox 1259 652 1329 669; x_wconf 87' lang='lat' dir='ltr'>com-</span> <span class='ocrx_word' id='word_1_258' title='bbox 1391 645 1479 671; x_wconf 84' lang='lat' dir='ltr'>dacius</span> <span class='ocrx_word' id='word_1_259' title='bbox 1496 645 1584 680; x_wconf 86' lang='lat' dir='ltr'>aliqua</span> <span class='ocrx_word' id='word_1_260' title='bbox 1604 648 1735 680; x_wconf 84' lang='lat' dir='ltr'>expromit</span> <span class='ocrx_word' id='word_1_261' title='bbox 1755 647 1811 673; x_wconf 87' lang='lat' dir='ltr'>Cic.</span> <span class='ocrx_word' id='word_1_262' title='bbox 1826 647 1896 672; x_wconf 88' lang='lat' dir='ltr'>Fam.</span> <span class='ocrx_word' id='word_1_263' title='bbox 1911 653 1934 678; x_wconf 76' lang='grc' dir='ltr'>ς,</span> <span class='ocrx_word' id='word_1_264' title='bbox 1948 654 1982 671; x_wconf 80' lang='lat'>12.</span> <span class='ocrx_word' id='word_1_265' title='bbox 2054 646 2130 679; x_wconf 85' lang='lat' dir='ltr'>Apud</span> <span class='ocrx_word' id='word_1_266' title='bbox 2144 655 2188 672; x_wconf 84' lang='lat' dir='ltr'>eos</span> <span class='ocrx_word' id='word_1_267' title='bbox 2200 644 2271 680; x_wconf 87' lang='lat' dir='ltr'>quod</span> <span class='ocrx_word' id='word_1_268' title='bbox 2289 643 2323 670; x_wconf 87' lang='lat' dir='ltr'>ab</span> <span class='ocrx_word' id='word_1_269' title='bbox 2344 644 2377 670; x_wconf 88' lang='lat' dir='ltr'>iis</span> <span class='ocrx_word' id='word_1_270' title='bbox 2390 643 2426 670; x_wconf 79' lang='lat' dir='ltr'>di·</span> <span class='ocrx_word' id='word_1_271' title='bbox 2440 661 2442 664; x_wconf 94' lang='lat'>-</span> 
     </span>
     <span class='ocr_line' id='line_1_19' title="bbox 299 679 2442 716; baseline -0.003 -6"><span class='ocrx_word' id='word_1_272' title='bbox 299 689 443 710; x_wconf 83' lang='lat' dir='ltr'>memorare</span> <span class='ocrx_word' id='word_1_273' title='bbox 461 679 507 713; x_wconf 89' lang='lat' dir='ltr'>qui</span> <span class='ocrx_word' id='word_1_274' title='bbox 526 679 646 705; x_wconf 89' lang='lat' dir='ltr'>contulit.</span> <span class='ocrx_word' id='word_1_275' title='bbox 717 679 772 705; x_wconf 89' lang='lat' dir='ltr'>Cic.</span> <span class='ocrx_word' id='word_1_276' title='bbox 789 679 821 704; x_wconf 89' lang='lat' dir='ltr'>de</span> <span class='ocrx_word' id='word_1_277' title='bbox 834 680 940 706; x_wconf 85' lang='lat' dir='ltr'>Amicit.</span> <span class='ocrx_word' id='word_1_278' title='bbox 954 688 984 714; x_wconf 85' lang='lat'>73</span> <span class='ocrx_word' id='word_1_279' title='bbox 1012 682 1134 713; x_wconf 78' lang='lat' dir='ltr'>Qiorum</span> <span class='ocrx_word' id='word_1_280' title='bbox 1150 680 1271 715; x_wconf 82' lang='lat' dir='ltr'>plerique</span> <span class='ocrx_word' id='word_1_281' title='bbox 1286 683 1330 704; x_wconf 88' lang='lat' dir='ltr'>aut</span> <span class='ocrx_word' id='word_1_282' title='bbox 1392 680 1534 707; x_wconf 85' lang='lat' dir='ltr'>dicerimus</span> <span class='ocrx_word' id='word_1_283' title='bbox 1549 690 1704 716; x_wconf 85' lang='lat' dir='ltr'>expromere</span> <span class='ocrx_word' id='word_1_284' title='bbox 1734 681 1806 708; x_wconf 85' lang='lat' dir='ltr'>Idem</span> <span class='ocrx_word' id='word_1_285' title='bbox 1820 682 1935 716; x_wconf 78' lang='lat' dir='ltr'>QFrat.</span> <span class='ocrx_word' id='word_1_286' title='bbox 1952 689 1973 713; x_wconf 93' lang='lat'>1,</span> <span class='ocrx_word' id='word_1_287' title='bbox 1989 689 2008 706; x_wconf 92' lang='lat'>1.</span> <span class='ocrx_word' id='word_1_288' title='bbox 2081 682 2174 708; x_wconf 80' lang='lat' dir='ltr'>Causas</span> <span class='ocrx_word' id='word_1_289' title='bbox 2193 687 2323 707; x_wconf 83' lang='lat' dir='ltr'>tantarum</span> <span class='ocrx_word' id='word_1_290' title='bbox 2339 688 2426 706; x_wconf 86' lang='lat' dir='ltr'>rerum</span> <span class='ocrx_word' id='word_1_291' title='bbox 2440 690 2442 703; x_wconf 86' lang='lat'>‹</span> 
     </span>
     <span class='ocr_line' id='line_1_20' title="bbox 299 713 2427 754; baseline -0.001 -10"><span class='ocrx_word' id='word_1_292' title='bbox 299 723 440 754; x_wconf 82' lang='lat' dir='ltr'>queruntur</span> <span class='ocrx_word' id='word_1_293' title='bbox 454 715 553 748; x_wconf 76' lang='lat' dir='ltr'>semper</span> <span class='ocrx_word' id='word_1_294' title='bbox 565 713 683 748; x_wconf 87' lang='lat' dir='ltr'>aliquid,</span> <span class='ocrx_word' id='word_1_295' title='bbox 706 723 750 740; x_wconf 86' lang='lat' dir='ltr'>aut</span> <span class='ocrx_word' id='word_1_296' title='bbox 764 714 842 740; x_wconf 90' lang='lat' dir='ltr'>etiam</span> <span class='ocrx_word' id='word_1_297' title='bbox 857 715 1027 750; x_wconf 80' lang='lat' dir='ltr'>exprobrant.</span> <span class='ocrx_word' id='word_1_298' title='bbox 1084 715 1271 742; x_wconf 83' lang='lat' dir='ltr'>Vehementius</span> <span class='ocrx_word' id='word_1_299' title='bbox 1287 723 1329 739; x_wconf 90' lang='lat' dir='ltr'>ex·</span> <span class='ocrx_word' id='word_1_300' title='bbox 1391 716 1486 742; x_wconf 82' lang='lat' dir='ltr'>Lucan.</span> <span class='ocrx_word' id='word_1_301' title='bbox 1502 725 1521 747; x_wconf 87' lang='lat'>1,</span> <span class='ocrx_word' id='word_1_302' title='bbox 1536 720 1578 750; x_wconf 79' lang='grc'>67.</span> <span class='ocrx_word' id='word_1_303' title='bbox 1650 717 1764 743; x_wconf 83' lang='lat' dir='ltr'>Consilia</span> <span class='ocrx_word' id='word_1_304' title='bbox 1783 718 1889 752; x_wconf 68' lang='lat' dir='ltr'>pecTtore</span> <span class='ocrx_word' id='word_1_305' title='bbox 1912 716 1991 743; x_wconf 84' lang='lat' dir='ltr'>Plaut.</span> <span class='ocrx_word' id='word_1_306' title='bbox 2007 715 2097 742; x_wconf 81' lang='lat' dir='ltr'>Bacch.</span> <span class='ocrx_word' id='word_1_307' title='bbox 2117 726 2144 748; x_wconf 88' lang='lat'>4,</span> <span class='ocrx_word' id='word_1_308' title='bbox 2160 726 2187 749; x_wconf 80' lang='lat'>4,</span> <span class='ocrx_word' id='word_1_309' title='bbox 2205 725 2231 749; x_wconf 89' lang='lat'>9.</span> <span class='ocrx_word' id='word_1_310' title='bbox 2302 715 2359 742; x_wconf 85' lang='lat' dir='ltr'>Cic.</span> <span class='ocrx_word' id='word_1_311' title='bbox 2379 723 2427 749; x_wconf 83' lang='lat' dir='ltr'>pro</span> 
     </span>
     <span class='ocr_line' id='line_1_21' title="bbox 298 749 2443 789; baseline -0.001 -10"><span class='ocrx_word' id='word_1_312' title='bbox 298 752 417 789; x_wconf 88' lang='lat' dir='ltr'>probrari</span> <span class='ocrx_word' id='word_1_313' title='bbox 432 749 562 782; x_wconf 69' lang='lat' dir='ltr'>innctil.</span> <span class='ocrx_word' id='word_1_314' title='bbox 576 758 604 782; x_wconf 88' lang='lat'>4,</span> <span class='ocrx_word' id='word_1_315' title='bbox 620 758 640 775; x_wconf 84' lang='lat'>2.</span> <span class='ocrx_word' id='word_1_316' title='bbox 711 749 877 785; x_wconf 86' lang='lat' dir='ltr'>Exprobrare</span> <span class='ocrx_word' id='word_1_317' title='bbox 892 758 917 777; x_wconf 91' lang='lat' dir='ltr'>et</span> <span class='ocrx_word' id='word_1_318' title='bbox 930 751 1047 778; x_wconf 80' lang='lat' dir='ltr'>obiicere</span> <span class='ocrx_word' id='word_1_319' title='bbox 1061 752 1130 777; x_wconf 81' lang='lat' dir='ltr'>casus</span> <span class='ocrx_word' id='word_1_320' title='bbox 1143 750 1252 777; x_wconf 84' lang='lat' dir='ltr'>bellicos</span> <span class='ocrx_word' id='word_1_321' title='bbox 1273 750 1329 776; x_wconf 83' lang='lat' dir='ltr'>Cic.</span> <span class='ocrx_word' id='word_1_322' title='bbox 1392 752 1489 778; x_wconf 91' lang='lat' dir='ltr'>Milon.</span> <span class='ocrx_word' id='word_1_323' title='bbox 1503 761 1529 784; x_wconf 82' lang='grc'>33</span> <span class='ocrx_word' id='word_1_324' title='bbox 1550 762 1571 778; x_wconf 84' lang='lat' dir='ltr'>c.</span> <span class='ocrx_word' id='word_1_325' title='bbox 1590 760 1613 783; x_wconf 83' lang='lat'>13</span> <span class='ocrx_word' id='word_1_326' title='bbox 1653 753 1790 785; x_wconf 77' lang='lat' dir='ltr'>Qtoniam</span> <span class='ocrx_word' id='word_1_327' title='bbox 1808 754 1836 779; x_wconf 88' lang='lat' dir='ltr'>in</span> <span class='ocrx_word' id='word_1_328' title='bbox 1856 761 1917 779; x_wconf 89' lang='lat' dir='ltr'>meo</span> <span class='ocrx_word' id='word_1_329' title='bbox 1936 751 2048 778; x_wconf 89' lang='lat' dir='ltr'>inimico</span> <span class='ocrx_word' id='word_1_330' title='bbox 2066 751 2247 779; x_wconf 80' lang='lat' dir='ltr'>crudelitatem</span> <span class='ocrx_word' id='word_1_331' title='bbox 2266 749 2443 785; x_wconf 51' lang='lat' dir='ltr'>expromfistir</span> 
     </span>
     <span class='ocr_line' id='line_1_22' title="bbox 298 785 2428 822; baseline 0 -10"><span class='ocrx_word' id='word_1_332' title='bbox 298 791 369 814; x_wconf 84' lang='lat' dir='ltr'>Verr.</span> <span class='ocrx_word' id='word_1_333' title='bbox 384 794 405 817; x_wconf 85' lang='lat'>5,</span> <span class='ocrx_word' id='word_1_334' title='bbox 421 793 457 816; x_wconf 79' lang='lat'>131</span> <span class='ocrx_word' id='word_1_335' title='bbox 478 793 500 810; x_wconf 92' lang='lat' dir='ltr'>c.</span> <span class='ocrx_word' id='word_1_336' title='bbox 521 792 560 817; x_wconf 87' lang='lat'>50.</span> <span class='ocrx_word' id='word_1_337' title='bbox 632 785 731 818; x_wconf 83' lang='lat' dir='ltr'>Fugam</span> <span class='ocrx_word' id='word_1_338' title='bbox 758 786 931 821; x_wconf 82' lang='lat' dir='ltr'>exprobrauit</span> <span class='ocrx_word' id='word_1_339' title='bbox 965 787 1006 812; x_wconf 93' lang='lat' dir='ltr'>illi</span> <span class='ocrx_word' id='word_1_340' title='bbox 1040 787 1120 814; x_wconf 87' lang='lat' dir='ltr'>Ouid.</span> <span class='ocrx_word' id='word_1_341' title='bbox 1144 788 1207 813; x_wconf 90' lang='lat' dir='ltr'>Met.</span> <span class='ocrx_word' id='word_1_342' title='bbox 1231 795 1269 817; x_wconf 80' lang='lat'>13,</span> <span class='ocrx_word' id='word_1_343' title='bbox 1285 788 1329 817; x_wconf 90' lang='lat'>69.</span> <span class='ocrx_word' id='word_1_344' title='bbox 1349 794 1374 820; x_wconf 90' lang='lat'>15</span> <span class='ocrx_word' id='word_1_345' title='bbox 1392 793 1481 821; x_wconf 83' lang='lat' dir='ltr'>tuam,</span> <span class='ocrx_word' id='word_1_346' title='bbox 1498 790 1516 813; x_wconf 86' lang='lat' dir='ltr'>i.</span> <span class='ocrx_word' id='word_1_347' title='bbox 1537 787 1607 814; x_wconf 82' lang='lat' dir='ltr'>rebus</span> <span class='ocrx_word' id='word_1_348' title='bbox 1619 787 1676 822; x_wconf 73' lang='lat' dir='ltr'>ipsis</span> <span class='ocrx_word' id='word_1_349' title='bbox 1690 787 1829 821; x_wconf 72' lang='lat' dir='ltr'>declarasti.</span> <span class='ocrx_word' id='word_1_350' title='bbox 1867 788 1914 815; x_wconf 75' lang='lat' dir='ltr'>Sed</span> <span class='ocrx_word' id='word_1_351' title='bbox 1923 789 1998 814; x_wconf 85' lang='lat' dir='ltr'>aliter</span> <span class='ocrx_word' id='word_1_352' title='bbox 2019 796 2067 822; x_wconf 88' lang='lat' dir='ltr'>pro</span> <span class='ocrx_word' id='word_1_353' title='bbox 2081 788 2168 814; x_wconf 91' lang='lat' dir='ltr'>Domo</span> <span class='ocrx_word' id='word_1_354' title='bbox 2181 790 2215 813; x_wconf 90' lang='lat'>60</span> <span class='ocrx_word' id='word_1_355' title='bbox 2234 787 2281 813; x_wconf 88' lang='lat' dir='ltr'>Sed</span> <span class='ocrx_word' id='word_1_356' title='bbox 2300 785 2365 821; x_wconf 88' lang='lat' dir='ltr'>quid</span> <span class='ocrx_word' id='word_1_357' title='bbox 2379 794 2428 820; x_wconf 80' lang='lat' dir='ltr'>ego</span> 
     </span>
     <span class='ocr_line' id='line_1_23' title="bbox 294 820 2429 858; baseline -0.001 -9"><span class='ocrx_word' id='word_1_358' title='bbox 294 824 458 855; x_wconf 85' lang='lat' dir='ltr'>Languorem</span> <span class='ocrx_word' id='word_1_359' title='bbox 481 826 507 845; x_wconf 88' lang='lat' dir='ltr'>et</span> <span class='ocrx_word' id='word_1_360' title='bbox 525 820 646 854; x_wconf 87' lang='lat' dir='ltr'>soporem</span> <span class='ocrx_word' id='word_1_361' title='bbox 662 820 743 846; x_wconf 85' lang='lat' dir='ltr'>alicui</span> <span class='ocrx_word' id='word_1_362' title='bbox 767 822 822 847; x_wconf 89' lang='lat' dir='ltr'>Cic.</span> <span class='ocrx_word' id='word_1_363' title='bbox 842 822 870 848; x_wconf 94' lang='lat' dir='ltr'>in</span> <span class='ocrx_word' id='word_1_364' title='bbox 885 822 984 848; x_wconf 84' lang='lat' dir='ltr'>Sallust.</span> <span class='ocrx_word' id='word_1_365' title='bbox 999 830 1031 855; x_wconf 83' lang='lat'>15.</span> <span class='ocrx_word' id='word_1_366' title='bbox 1103 822 1228 848; x_wconf 80' lang='lat' dir='ltr'>Meritum</span> <span class='ocrx_word' id='word_1_367' title='bbox 1248 821 1330 847; x_wconf 76' lang='lat' dir='ltr'>alicui</span> <span class='ocrx_word' id='word_1_368' title='bbox 1391 823 1503 850; x_wconf 89' lang='lat' dir='ltr'>vestram</span> <span class='ocrx_word' id='word_1_369' title='bbox 1521 823 1711 849; x_wconf 78' lang='lat' dir='ltr'>Crudelitatem</span> <span class='ocrx_word' id='word_1_370' title='bbox 1731 832 1875 858; x_wconf 87' lang='lat' dir='ltr'>expromo,</span> <span class='ocrx_word' id='word_1_371' title='bbox 1899 827 1917 849; x_wconf 86' lang='lat' dir='ltr'>i.</span> <span class='ocrx_word' id='word_1_372' title='bbox 1938 832 2034 849; x_wconf 78' lang='lat' dir='ltr'>enarro.</span> <span class='ocrx_word' id='word_1_373' title='bbox 2113 824 2205 849; x_wconf 87' lang='lat' dir='ltr'>Finem</span> <span class='ocrx_word' id='word_1_374' title='bbox 2225 831 2313 849; x_wconf 84' lang='lat' dir='ltr'>rerum</span> <span class='ocrx_word' id='word_1_375' title='bbox 2332 821 2429 848; x_wconf 86' lang='lat' dir='ltr'>Lucan.</span> 
     </span>
     <span class='ocr_line' id='line_1_24' title="bbox 294 855 2439 893; baseline 0 -11"><span class='ocrx_word' id='word_1_376' title='bbox 294 857 373 884; x_wconf 86' lang='lat' dir='ltr'>Ouid.</span> <span class='ocrx_word' id='word_1_377' title='bbox 388 855 467 890; x_wconf 82' lang='lat' dir='ltr'>Epist.</span> <span class='ocrx_word' id='word_1_378' title='bbox 482 864 518 886; x_wconf 84' lang='lat'>12,</span> <span class='ocrx_word' id='word_1_379' title='bbox 535 863 571 881; x_wconf 82' lang='lat'>21.</span> <span class='ocrx_word' id='word_1_380' title='bbox 643 856 698 881; x_wconf 87' lang='lat' dir='ltr'>Cic.</span> <span class='ocrx_word' id='word_1_381' title='bbox 713 856 743 881; x_wconf 89' lang='lat' dir='ltr'>de</span> <span class='ocrx_word' id='word_1_382' title='bbox 757 857 831 882; x_wconf 89' lang='lat' dir='ltr'>Orat.</span> <span class='ocrx_word' id='word_1_383' title='bbox 846 866 871 890; x_wconf 87' lang='lat'>2,</span> <span class='ocrx_word' id='word_1_384' title='bbox 886 866 931 890; x_wconf 77' lang='lat'>305</span> <span class='ocrx_word' id='word_1_385' title='bbox 949 867 969 884; x_wconf 88' lang='lat' dir='ltr'>c.</span> <span class='ocrx_word' id='word_1_386' title='bbox 982 865 1013 892; x_wconf 86' lang='lat'>75</span> <span class='ocrx_word' id='word_1_387' title='bbox 1050 858 1123 891; x_wconf 79' lang='lat' dir='ltr'>Qrid</span> <span class='ocrx_word' id='word_1_388' title='bbox 1142 857 1159 884; x_wconf 86' lang='lat' dir='ltr'>fi</span> <span class='ocrx_word' id='word_1_389' title='bbox 1179 866 1245 892; x_wconf 90' lang='lat' dir='ltr'>quae</span> <span class='ocrx_word' id='word_1_390' title='bbox 1265 856 1331 883; x_wconf 87' lang='lat' dir='ltr'>vitia</span> <span class='ocrx_word' id='word_1_391' title='bbox 1393 866 1416 892; x_wconf 86' lang='lat'>5,</span> <span class='ocrx_word' id='word_1_392' title='bbox 1435 861 1474 889; x_wconf 79' lang='lat'>68.</span> <span class='ocrx_word' id='word_1_393' title='bbox 1547 860 1623 885; x_wconf 90' lang='lat' dir='ltr'>Mens</span> <span class='ocrx_word' id='word_1_394' title='bbox 1639 859 1771 893; x_wconf 81' lang='lat' dir='ltr'>expromit</span> <span class='ocrx_word' id='word_1_395' title='bbox 1784 859 1851 885; x_wconf 83' lang='lat' dir='ltr'>fetus</span> <span class='ocrx_word' id='word_1_396' title='bbox 1866 860 2001 885; x_wconf 83' lang='lat' dir='ltr'>Musarum</span> <span class='ocrx_word' id='word_1_397' title='bbox 2016 858 2102 885; x_wconf 89' lang='lat' dir='ltr'>Catul.</span> <span class='ocrx_word' id='word_1_398' title='bbox 2116 860 2156 891; x_wconf 89' lang='grc'>63,</span> <span class='ocrx_word' id='word_1_399' title='bbox 2170 867 2191 890; x_wconf 89' lang='grc'>3.</span> <span class='ocrx_word' id='word_1_400' title='bbox 2263 856 2365 885; x_wconf 84' lang='lat' dir='ltr'>Odium</span> <span class='ocrx_word' id='word_1_401' title='bbox 2384 856 2439 893; x_wconf 61' lang='lat' dir='ltr'>ali-¹</span> 
     </span>
     <span class='ocr_line' id='line_1_25' title="bbox 292 890 2430 928; baseline 0 -10"><span class='ocrx_word' id='word_1_402' title='bbox 292 899 336 919; x_wconf 89' lang='lat' dir='ltr'>aut</span> <span class='ocrx_word' id='word_1_403' title='bbox 350 890 517 917; x_wconf 87' lang='lat' dir='ltr'>incommoda</span> <span class='ocrx_word' id='word_1_404' title='bbox 532 891 590 916; x_wconf 89' lang='lat' dir='ltr'>sunt</span> <span class='ocrx_word' id='word_1_405' title='bbox 611 890 638 916; x_wconf 88' lang='lat' dir='ltr'>in</span> <span class='ocrx_word' id='word_1_406' title='bbox 653 891 745 926; x_wconf 89' lang='lat' dir='ltr'>aliquo</span> <span class='ocrx_word' id='word_1_407' title='bbox 766 892 851 918; x_wconf 88' lang='lat' dir='ltr'>iudice</span> <span class='ocrx_word' id='word_1_408' title='bbox 868 902 922 919; x_wconf 91' lang='lat' dir='ltr'>vno</span> <span class='ocrx_word' id='word_1_409' title='bbox 936 898 980 919; x_wconf 85' lang='lat' dir='ltr'>aut</span> <span class='ocrx_word' id='word_1_410' title='bbox 1000 893 1138 927; x_wconf 88' lang='lat' dir='ltr'>pluribus,</span> <span class='ocrx_word' id='word_1_411' title='bbox 1157 903 1186 920; x_wconf 89' lang='lat' dir='ltr'>ea</span> <span class='ocrx_word' id='word_1_412' title='bbox 1204 899 1231 919; x_wconf 90' lang='lat' dir='ltr'>tu</span> <span class='ocrx_word' id='word_1_413' title='bbox 1247 892 1274 918; x_wconf 89' lang='lat' dir='ltr'>in</span> <span class='ocrx_word' id='word_1_414' title='bbox 1288 891 1331 918; x_wconf 85' lang='lat' dir='ltr'>ad·</span> <span class='ocrx_word' id='word_1_415' title='bbox 1393 894 1465 924; x_wconf 69' lang='lat' dir='ltr'>cuius</span> <span class='ocrx_word' id='word_1_416' title='bbox 1485 894 1542 921; x_wconf 85' lang='lat' dir='ltr'>Cic.</span> <span class='ocrx_word' id='word_1_417' title='bbox 1566 896 1618 920; x_wconf 84' lang='lat' dir='ltr'>Att.</span> <span class='ocrx_word' id='word_1_418' title='bbox 1638 903 1662 925; x_wconf 82' lang='lat'>2,</span> <span class='ocrx_word' id='word_1_419' title='bbox 1684 900 1705 924; x_wconf 78' lang='lat'>8.</span> <span class='ocrx_word' id='word_1_420' title='bbox 1812 895 1951 921; x_wconf 69' lang='lat' dir='ltr'>Perfidiam</span> <span class='ocrx_word' id='word_1_421' title='bbox 1971 894 2082 920; x_wconf 78' lang='lat' dir='ltr'>alicuius</span> <span class='ocrx_word' id='word_1_422' title='bbox 2099 894 2179 920; x_wconf 87' lang='lat' dir='ltr'>Plaut.</span> <span class='ocrx_word' id='word_1_423' title='bbox 2195 894 2276 920; x_wconf 86' lang='lat' dir='ltr'>Merc.</span> <span class='ocrx_word' id='word_1_424' title='bbox 2297 892 2364 928; x_wconf 87' lang='lat' dir='ltr'>prol.</span> <span class='ocrx_word' id='word_1_425' title='bbox 2385 899 2430 927; x_wconf 85' lang='lat'>47.</span> 
     </span>
     <span class='ocr_line' id='line_1_26' title="bbox 292 925 2430 965; baseline 0 -11"><span class='ocrx_word' id='word_1_426' title='bbox 292 927 413 954; x_wconf 86' lang='lat' dir='ltr'>versariis</span> <span class='ocrx_word' id='word_1_427' title='bbox 431 925 615 961; x_wconf 74' lang='lat' dir='ltr'>exprobrando</span> <span class='ocrx_word' id='word_1_428' title='bbox 633 935 687 953; x_wconf 89' lang='lat' dir='ltr'>non</span> <span class='ocrx_word' id='word_1_429' title='bbox 708 927 854 962; x_wconf 76' lang='lat' dir='ltr'>intelligas,</span> <span class='ocrx_word' id='word_1_430' title='bbox 873 934 899 954; x_wconf 90' lang='lat' dir='ltr'>te</span> <span class='ocrx_word' id='word_1_431' title='bbox 911 929 938 954; x_wconf 91' lang='lat' dir='ltr'>in</span> <span class='ocrx_word' id='word_1_432' title='bbox 952 928 1050 955; x_wconf 88' lang='lat' dir='ltr'>iudices</span> <span class='ocrx_word' id='word_1_433' title='bbox 1064 929 1171 959; x_wconf 82' lang='lat' dir='ltr'>inuehi;</span> <span class='ocrx_word' id='word_1_434' title='bbox 1196 928 1330 954; x_wconf 86' lang='lat' dir='ltr'>mediocre</span> <span class='ocrx_word' id='word_1_435' title='bbox 1394 930 1518 963; x_wconf 82' lang='lat' dir='ltr'>Qterelas</span> <span class='ocrx_word' id='word_1_436' title='bbox 1532 936 1618 956; x_wconf 89' lang='lat' dir='ltr'>mente</span> <span class='ocrx_word' id='word_1_437' title='bbox 1638 930 1777 962; x_wconf 84' lang='lat' dir='ltr'>Catul.62‚</span> <span class='ocrx_word' id='word_1_438' title='bbox 1791 938 1841 962; x_wconf 79' lang='lat'>223.</span> <span class='ocrx_word' id='word_1_439' title='bbox 1911 931 1974 957; x_wconf 90' lang='lat' dir='ltr'>Vim</span> <span class='ocrx_word' id='word_1_440' title='bbox 1992 930 2160 965; x_wconf 81' lang='lat' dir='ltr'>eloquentiae</span> <span class='ocrx_word' id='word_1_441' title='bbox 2181 929 2236 956; x_wconf 86' lang='lat' dir='ltr'>Cic.</span> <span class='ocrx_word' id='word_1_442' title='bbox 2250 930 2279 955; x_wconf 91' lang='lat' dir='ltr'>in</span> <span class='ocrx_word' id='word_1_443' title='bbox 2291 930 2365 956; x_wconf 87' lang='lat' dir='ltr'>Orat.</span> <span class='ocrx_word' id='word_1_444' title='bbox 2380 934 2430 961; x_wconf 73' lang='grc' dir='ltr'>ης,</span> 
     </span>
     <span class='ocr_line' id='line_1_27' title="bbox 291 962 2430 1000; baseline 0.001 -13"><span class='ocrx_word' id='word_1_445' title='bbox 291 969 424 998; x_wconf 77' lang='lat' dir='ltr'>peccatum</span> <span class='ocrx_word' id='word_1_446' title='bbox 446 962 497 987; x_wconf 69' lang='lat' dir='ltr'>cst?</span> <span class='ocrx_word' id='word_1_447' title='bbox 589 962 627 988; x_wconf 90' lang='lat' dir='ltr'>De</span> <span class='ocrx_word' id='word_1_448' title='bbox 647 971 729 989; x_wconf 88' lang='lat' dir='ltr'>vxore</span> <span class='ocrx_word' id='word_1_449' title='bbox 749 963 834 989; x_wconf 78' lang='lat' dir='ltr'>desine</span> <span class='ocrx_word' id='word_1_450' title='bbox 852 963 919 990; x_wconf 90' lang='lat' dir='ltr'>mihi</span> <span class='ocrx_word' id='word_1_451' title='bbox 939 964 1100 1000; x_wconf 82' lang='lat' dir='ltr'>exprobrare</span> <span class='ocrx_word' id='word_1_452' title='bbox 1129 965 1197 999; x_wconf 87' lang='lat' dir='ltr'>Nep.</span> <span class='ocrx_word' id='word_1_453' title='bbox 1213 972 1245 997; x_wconf 72' lang='grc' dir='ltr'>ις,</span> <span class='ocrx_word' id='word_1_454' title='bbox 1267 972 1289 996; x_wconf 77' lang='grc'>5,</span> <span class='ocrx_word' id='word_1_455' title='bbox 1309 971 1329 995; x_wconf 82' lang='grc' dir='ltr'>ς.</span> <span class='ocrx_word' id='word_1_456' title='bbox 1340 974 1378 992; x_wconf 86' lang='lat'>20</span> <span class='ocrx_word' id='word_1_457' title='bbox 1393 966 1475 992; x_wconf 87' lang='lat' dir='ltr'>Voces</span> <span class='ocrx_word' id='word_1_458' title='bbox 1489 965 1598 992; x_wconf 85' lang='lat' dir='ltr'>moestas</span> <span class='ocrx_word' id='word_1_459' title='bbox 1611 967 1685 1000; x_wconf 87' lang='lat' dir='ltr'>Virg.</span> <span class='ocrx_word' id='word_1_460' title='bbox 1700 967 1764 992; x_wconf 86' lang='lat' dir='ltr'>Aen.</span> <span class='ocrx_word' id='word_1_461' title='bbox 1778 974 1804 998; x_wconf 83' lang='lat'>2,</span> <span class='ocrx_word' id='word_1_462' title='bbox 1820 971 1874 996; x_wconf 83' lang='lat'>280.</span> <span class='ocrx_word' id='word_1_463' title='bbox 1945 967 2046 992; x_wconf 86' lang='lat' dir='ltr'>Vocem</span> <span class='ocrx_word' id='word_1_464' title='bbox 2059 965 2178 992; x_wconf 82' lang='lat' dir='ltr'>anhelam</span> <span class='ocrx_word' id='word_1_465' title='bbox 2192 965 2325 999; x_wconf 88' lang='lat' dir='ltr'>expromit</span> <span class='ocrx_word' id='word_1_466' title='bbox 2338 963 2430 991; x_wconf 83' lang='lat' dir='ltr'>Claud.</span> 
     </span>
     <span class='ocr_line' id='line_1_28' title="bbox 291 997 2431 1038; baseline 0 -14"><span class='ocrx_word' id='word_1_467' title='bbox 291 1000 347 1025; x_wconf 87' lang='lat' dir='ltr'>Cic.</span> <span class='ocrx_word' id='word_1_468' title='bbox 362 1007 410 1033; x_wconf 87' lang='lat' dir='ltr'>pro</span> <span class='ocrx_word' id='word_1_469' title='bbox 426 997 500 1023; x_wconf 84' lang='lat' dir='ltr'>Rosc.</span> <span class='ocrx_word' id='word_1_470' title='bbox 514 997 602 1025; x_wconf 82' lang='lat' dir='ltr'>Amer.</span> <span class='ocrx_word' id='word_1_471' title='bbox 615 1005 648 1030; x_wconf 83' lang='lat'>45</span> <span class='ocrx_word' id='word_1_472' title='bbox 687 999 751 1025; x_wconf 91' lang='lat' dir='ltr'>Non</span> <span class='ocrx_word' id='word_1_473' title='bbox 771 999 842 1025; x_wconf 90' lang='lat' dir='ltr'>enim</span> <span class='ocrx_word' id='word_1_474' title='bbox 855 1000 1031 1035; x_wconf 86' lang='lat' dir='ltr'>exprobrandi</span> <span class='ocrx_word' id='word_1_475' title='bbox 1048 1001 1136 1032; x_wconf 89' lang='lat' dir='ltr'>causa,</span> <span class='ocrx_word' id='word_1_476' title='bbox 1156 999 1198 1026; x_wconf 90' lang='lat' dir='ltr'>sed</span> <span class='ocrx_word' id='word_1_477' title='bbox 1213 1008 1331 1025; x_wconf 83' lang='lat' dir='ltr'>commo-</span> <span class='ocrx_word' id='word_1_478' title='bbox 1393 1001 1422 1027; x_wconf 89' lang='lat' dir='ltr'>in</span> <span class='ocrx_word' id='word_1_479' title='bbox 1436 1001 1542 1036; x_wconf 88' lang='lat' dir='ltr'>Eutrop.</span> <span class='ocrx_word' id='word_1_480' title='bbox 1564 1010 1589 1033; x_wconf 86' lang='lat'>2,</span> <span class='ocrx_word' id='word_1_481' title='bbox 1610 1010 1668 1034; x_wconf 85' lang='lat'>390.</span> <span class='ocrx_word' id='word_1_482' title='bbox 1865 999 1885 1038; x_wconf 56' lang='lat' dir='ltr'><strong>ff</strong></span> <span class='ocrx_word' id='word_1_483' title='bbox 1906 1009 1921 1027; x_wconf 90' lang='lat'>2</span> <span class='ocrx_word' id='word_1_484' title='bbox 1958 1000 2022 1035; x_wconf 75' lang='lat' dir='ltr'>Paſj]</span> <span class='ocrx_word' id='word_1_485' title='bbox 2047 1001 2103 1028; x_wconf 86' lang='lat' dir='ltr'>Cic.</span> <span class='ocrx_word' id='word_1_486' title='bbox 2125 1001 2153 1026; x_wconf 90' lang='lat' dir='ltr'>in</span> <span class='ocrx_word' id='word_1_487' title='bbox 2168 1000 2246 1026; x_wconf 87' lang='lat' dir='ltr'>Catil.</span> <span class='ocrx_word' id='word_1_488' title='bbox 2263 1009 2285 1033; x_wconf 88' lang='lat'>2,</span> <span class='ocrx_word' id='word_1_489' title='bbox 2300 1008 2328 1026; x_wconf 85' lang='lat'>22</span> <span class='ocrx_word' id='word_1_490' title='bbox 2351 1000 2431 1033; x_wconf 49' lang='grc' dir='ltr'>(ξω,-</span> 
     </span>
     <span class='ocr_line' id='line_1_29' title="bbox 291 1031 2432 1071; baseline 0 -11"><span class='ocrx_word' id='word_1_491' title='bbox 291 1033 369 1060; x_wconf 87' lang='lat' dir='ltr'>nendi</span> <span class='ocrx_word' id='word_1_492' title='bbox 384 1033 467 1068; x_wconf 86' lang='lat' dir='ltr'>gratia</span> <span class='ocrx_word' id='word_1_493' title='bbox 487 1031 580 1059; x_wconf 87' lang='lat' dir='ltr'>dicam.</span> <span class='ocrx_word' id='word_1_494' title='bbox 601 1036 619 1059; x_wconf 92' lang='lat' dir='ltr'>i.</span> <span class='ocrx_word' id='word_1_495' title='bbox 644 1035 701 1059; x_wconf 82' lang='lat' dir='ltr'>Non</span> <span class='ocrx_word' id='word_1_496' title='bbox 721 1041 749 1060; x_wconf 83' lang='lat' dir='ltr'>ut</span> <span class='ocrx_word' id='word_1_497' title='bbox 766 1035 816 1061; x_wconf 87' lang='lat' dir='ltr'>tibi</span> <span class='ocrx_word' id='word_1_498' title='bbox 834 1036 947 1062; x_wconf 68' lang='lat' dir='ltr'>obiiciant</span> <span class='ocrx_word' id='word_1_499' title='bbox 968 1036 1154 1071; x_wconf 70' lang='lat' dir='ltr'>turpitudinem.</span> <span class='ocrx_word' id='word_1_500' title='bbox 1227 1036 1293 1062; x_wconf 84' lang='lat' dir='ltr'>Plin.</span> <span class='ocrx_word' id='word_1_501' title='bbox 1308 1039 1332 1067; x_wconf 88' lang='lat'>8,</span> <span class='ocrx_word' id='word_1_502' title='bbox 1393 1045 1452 1064; x_wconf 89' lang='lat' dir='ltr'>rum</span> <span class='ocrx_word' id='word_1_503' title='bbox 1471 1037 1557 1063; x_wconf 85' lang='lat' dir='ltr'>omnis</span> <span class='ocrx_word' id='word_1_504' title='bbox 1576 1036 1705 1063; x_wconf 82' lang='lat' dir='ltr'>industria</span> <span class='ocrx_word' id='word_1_505' title='bbox 1721 1037 1807 1069; x_wconf 83' lang='lat' dir='ltr'>vitae,</span> <span class='ocrx_word' id='word_1_506' title='bbox 1825 1043 1851 1063; x_wconf 84' lang='lat' dir='ltr'>et</span> <span class='ocrx_word' id='word_1_507' title='bbox 1869 1036 1999 1071; x_wconf 82' lang='lat' dir='ltr'>vigilandi</span> <span class='ocrx_word' id='word_1_508' title='bbox 2019 1037 2095 1064; x_wconf 87' lang='lat' dir='ltr'>labor</span> <span class='ocrx_word' id='word_1_509' title='bbox 2115 1037 2144 1063; x_wconf 90' lang='lat' dir='ltr'>in</span> <span class='ocrx_word' id='word_1_510' title='bbox 2164 1035 2324 1063; x_wconf 77' lang='lat' dir='ltr'>antelucanis</span> <span class='ocrx_word' id='word_1_511' title='bbox 2343 1034 2432 1062; x_wconf 62' lang='lat' dir='ltr'>coeni:</span> 
     </span>
     <span class='ocr_line' id='line_1_30' title="bbox 290 1068 2441 1107; baseline 0.002 -11"><span class='ocrx_word' id='word_1_512' title='bbox 290 1077 315 1102; x_wconf 85' lang='lat'>51</span> <span class='ocrx_word' id='word_1_513' title='bbox 337 1068 444 1096; x_wconf 84' lang='lat' dir='ltr'>Catonis</span> <span class='ocrx_word' id='word_1_514' title='bbox 457 1068 579 1094; x_wconf 83' lang='lat' dir='ltr'>Censoris</span> <span class='ocrx_word' id='word_1_515' title='bbox 593 1069 727 1096; x_wconf 90' lang='lat' dir='ltr'>orationes</span> <span class='ocrx_word' id='word_1_516' title='bbox 746 1070 906 1106; x_wconf 86' lang='lat' dir='ltr'>exprobrant</span> <span class='ocrx_word' id='word_1_517' title='bbox 921 1071 1015 1097; x_wconf 86' lang='lat' dir='ltr'>callum</span> <span class='ocrx_word' id='word_1_518' title='bbox 1029 1080 1186 1107; x_wconf 81' lang='lat' dir='ltr'>aprugnum.</span> <span class='ocrx_word' id='word_1_519' title='bbox 1259 1071 1331 1097; x_wconf 87' lang='lat' dir='ltr'>Suet.</span> <span class='ocrx_word' id='word_1_520' title='bbox 1394 1073 1566 1106; x_wconf 84' lang='lat' dir='ltr'>expromitur.</span> <span class='ocrx_word' id='word_1_521' title='bbox 2440 1097 2441 1103; x_wconf 68' lang='grc'><strong>,</strong></span> 
     </span>
     <span class='ocr_line' id='line_1_31' title="bbox 291 1103 2439 1142; baseline -0 -10"><span class='ocrx_word' id='word_1_522' title='bbox 291 1105 390 1132; x_wconf 86' lang='lat' dir='ltr'>Tiber.</span> <span class='ocrx_word' id='word_1_523' title='bbox 403 1114 423 1130; x_wconf 86' lang='lat' dir='ltr'>c.</span> <span class='ocrx_word' id='word_1_524' title='bbox 438 1106 467 1136; x_wconf 84' lang='lat'>67</span> <span class='ocrx_word' id='word_1_525' title='bbox 493 1103 571 1130; x_wconf 88' lang='lat' dir='ltr'>Nihil</span> <span class='ocrx_word' id='word_1_526' title='bbox 588 1104 698 1131; x_wconf 83' lang='lat' dir='ltr'>honoris</span> <span class='ocrx_word' id='word_1_527' title='bbox 713 1105 821 1132; x_wconf 88' lang='lat' dir='ltr'>adiiciet</span> <span class='ocrx_word' id='word_1_528' title='bbox 836 1106 903 1133; x_wconf 92' lang='lat' dir='ltr'>mihi</span> <span class='ocrx_word' id='word_1_529' title='bbox 917 1108 998 1142; x_wconf 87' lang='lat' dir='ltr'>patris</span> <span class='ocrx_word' id='word_1_530' title='bbox 1011 1107 1166 1142; x_wconf 83' lang='lat' dir='ltr'>appellatio:</span> <span class='ocrx_word' id='word_1_531' title='bbox 1193 1106 1271 1133; x_wconf 82' lang='lat' dir='ltr'>vobis</span> <span class='ocrx_word' id='word_1_532' title='bbox 1287 1115 1332 1132; x_wconf 86' lang='lat' dir='ltr'>au-</span> <span class='ocrx_word' id='word_1_533' title='bbox 1429 1114 1494 1134; x_wconf 79' lang='lat' dir='ltr'>EXP</span> <span class='ocrx_word' id='word_1_534' title='bbox 1504 1115 1550 1135; x_wconf 84' lang='lat' dir='ltr'>Ro</span> <span class='ocrx_word' id='word_1_535' title='bbox 1560 1115 1584 1134; x_wconf 87' lang='lat' dir='ltr'>M</span> <span class='ocrx_word' id='word_1_536' title='bbox 1594 1114 1630 1140; x_wconf 88' lang='grc' dir='ltr'>Ο,</span> <span class='ocrx_word' id='word_1_537' title='bbox 1647 1112 1699 1134; x_wconf 67' lang='lat' dir='ltr'>Ere.</span> <span class='ocrx_word' id='word_1_538' title='bbox 1736 1107 1809 1142; x_wconf 88' lang='lat' dir='ltr'>Apic.</span> <span class='ocrx_word' id='word_1_539' title='bbox 1824 1110 1848 1139; x_wconf 86' lang='lat'>6,</span> <span class='ocrx_word' id='word_1_540' title='bbox 1862 1116 1875 1133; x_wconf 87' lang='lat'>2</span> <span class='ocrx_word' id='word_1_541' title='bbox 1896 1108 1984 1142; x_wconf 82' lang='lat' dir='ltr'>Rupes</span> <span class='ocrx_word' id='word_1_542' title='bbox 1998 1116 2104 1142; x_wconf 86' lang='lat' dir='ltr'>quoque</span> <span class='ocrx_word' id='word_1_543' title='bbox 2118 1113 2147 1134; x_wconf 90' lang='lat' dir='ltr'>vt</span> <span class='ocrx_word' id='word_1_544' title='bbox 2160 1106 2319 1142; x_wconf 85' lang='lat' dir='ltr'>Expromari</span> <span class='ocrx_word' id='word_1_545' title='bbox 2332 1104 2439 1140; x_wconf 59' lang='lat' dir='ltr'>poffintf</span> 
     </span>
     <span class='ocr_line' id='line_1_32' title="bbox 291 1139 2339 1179; baseline 0 -12"><span class='ocrx_word' id='word_1_546' title='bbox 291 1147 345 1167; x_wconf 90' lang='lat' dir='ltr'>tem</span> <span class='ocrx_word' id='word_1_547' title='bbox 361 1139 532 1179; x_wconf 77' lang='lat' dir='ltr'>exprobrabit</span> <span class='ocrx_word' id='word_1_548' title='bbox 545 1145 588 1165; x_wconf 86' lang='lat' dir='ltr'>aut</span> <span class='ocrx_word' id='word_1_549' title='bbox 601 1141 775 1167; x_wconf 82' lang='lat' dir='ltr'>temeritatem</span> <span class='ocrx_word' id='word_1_550' title='bbox 790 1141 870 1168; x_wconf 83' lang='lat' dir='ltr'>delati</span> <span class='ocrx_word' id='word_1_551' title='bbox 885 1143 953 1168; x_wconf 89' lang='lat' dir='ltr'>mihi</span> <span class='ocrx_word' id='word_1_552' title='bbox 968 1143 1024 1169; x_wconf 88' lang='lat' dir='ltr'>eius</span> <span class='ocrx_word' id='word_1_553' title='bbox 1039 1142 1219 1178; x_wconf 78' lang='lat' dir='ltr'>cognominis,</span> <span class='ocrx_word' id='word_1_554' title='bbox 1235 1149 1278 1168; x_wconf 84' lang='lat' dir='ltr'>aut</span> <span class='ocrx_word' id='word_1_555' title='bbox 1293 1142 1330 1168; x_wconf 85' lang='lat' dir='ltr'>in·</span> <span class='ocrx_word' id='word_1_556' title='bbox 1347 1150 1378 1177; x_wconf 78' lang='lat'>25</span> <span class='ocrx_word' id='word_1_557' title='bbox 1395 1143 1495 1176; x_wconf 79' lang='lat' dir='ltr'>leuabis</span> <span class='ocrx_word' id='word_1_558' title='bbox 1509 1144 1540 1170; x_wconf 90' lang='lat' dir='ltr'>de</span> <span class='ocrx_word' id='word_1_559' title='bbox 1554 1144 1615 1170; x_wconf 90' lang='lat' dir='ltr'>olla.</span> <span class='ocrx_word' id='word_1_560' title='bbox 1656 1145 1746 1175; x_wconf 80' lang='lat' dir='ltr'>Nemo,</span> <span class='ocrx_word' id='word_1_561' title='bbox 1761 1143 1926 1179; x_wconf 80' lang='lat' dir='ltr'>quodsciam,</span> <span class='ocrx_word' id='word_1_562' title='bbox 1939 1143 2058 1170; x_wconf 79' lang='lat' dir='ltr'>declarat.</span> <span class='ocrx_word' id='word_1_563' title='bbox 2099 1144 2157 1170; x_wconf 84' lang='lat' dir='ltr'>Vid.</span> <span class='ocrx_word' id='word_1_564' title='bbox 2175 1147 2339 1170; x_wconf 71' lang='lat' dir='ltr'>exBROMo.</span> 
     </span>
    </p>
   </div>
   <div class='ocr_carea' id='block_1_5' title="bbox 285 1175 2454 1356">
    <p class='ocr_par' dir='ltr' id='par_1_6' title="bbox 285 1175 2454 1356">
     <span class='ocr_line' id='line_1_33' title="bbox 292 1175 2433 1214; baseline 0 -12"><span class='ocrx_word' id='word_1_565' title='bbox 292 1176 461 1203; x_wconf 76' lang='lat' dir='ltr'>constantiam</span> <span class='ocrx_word' id='word_1_566' title='bbox 478 1175 604 1201; x_wconf 88' lang='lat' dir='ltr'>contrarii</span> <span class='ocrx_word' id='word_1_567' title='bbox 620 1176 652 1202; x_wconf 90' lang='lat' dir='ltr'>de</span> <span class='ocrx_word' id='word_1_568' title='bbox 672 1185 714 1202; x_wconf 87' lang='lat' dir='ltr'>me</span> <span class='ocrx_word' id='word_1_569' title='bbox 734 1177 838 1203; x_wconf 92' lang='lat' dir='ltr'>iudicii.</span> <span class='ocrx_word' id='word_1_570' title='bbox 895 1178 986 1204; x_wconf 90' lang='lat' dir='ltr'>Tacit.</span> <span class='ocrx_word' id='word_1_571' title='bbox 1002 1179 1069 1205; x_wconf 89' lang='lat' dir='ltr'>Arm.</span> <span class='ocrx_word' id='word_1_572' title='bbox 1087 1187 1122 1211; x_wconf 87' lang='lat'>15,</span> <span class='ocrx_word' id='word_1_573' title='bbox 1144 1181 1171 1204; x_wconf 91' lang='lat'>16</span> <span class='ocrx_word' id='word_1_574' title='bbox 1211 1177 1331 1204; x_wconf 80' lang='lat' dir='ltr'>Corbulo</span> <span class='ocrx_word' id='word_1_575' title='bbox 1432 1185 1664 1211; x_wconf 77' lang='lat' dir='ltr'>EXPROMTO,</span> <span class='ocrx_word' id='word_1_576' title='bbox 1685 1183 1737 1205; x_wconf 66' lang='lat' dir='ltr'>are.</span> <span class='ocrx_word' id='word_1_577' title='bbox 1774 1178 1892 1213; x_wconf 83' lang='lat' dir='ltr'>Fulgent.</span> <span class='ocrx_word' id='word_1_578' title='bbox 1917 1178 1949 1205; x_wconf 88' lang='lat' dir='ltr'>de</span> <span class='ocrx_word' id='word_1_579' title='bbox 1973 1180 2064 1206; x_wconf 52' lang='lat' dir='ltr'>Contss</span> <span class='ocrx_word' id='word_1_580' title='bbox 2076 1179 2153 1214; x_wconf 87' lang='lat' dir='ltr'>Virg.</span> <span class='ocrx_word' id='word_1_581' title='bbox 2171 1181 2257 1214; x_wconf 84' lang='lat' dir='ltr'>princ.</span> <span class='ocrx_word' id='word_1_582' title='bbox 2289 1178 2366 1204; x_wconf 85' lang='lat' dir='ltr'>Mens</span> <span class='ocrx_word' id='word_1_583' title='bbox 2390 1184 2433 1203; x_wconf 59' lang='lat' dir='ltr'>exe</span> 
     </span>
     <span class='ocr_line' id='line_1_34' title="bbox 292 1211 2434 1250; baseline 0.001 -13"><span class='ocrx_word' id='word_1_584' title='bbox 292 1221 351 1237; x_wconf 80' lang='lat' dir='ltr'>cuni</span> <span class='ocrx_word' id='word_1_585' title='bbox 371 1212 420 1237; x_wconf 89' lang='lat' dir='ltr'>suis</span> <span class='ocrx_word' id='word_1_586' title='bbox 440 1211 521 1245; x_wconf 83' lang='lat' dir='ltr'>copiis</span> <span class='ocrx_word' id='word_1_587' title='bbox 539 1211 571 1236; x_wconf 88' lang='lat' dir='ltr'>ad</span> <span class='ocrx_word' id='word_1_588' title='bbox 590 1211 676 1246; x_wconf 80' lang='lat' dir='ltr'>ripam</span> <span class='ocrx_word' id='word_1_589' title='bbox 692 1212 830 1247; x_wconf 82' lang='lat' dir='ltr'>Euphratis</span> <span class='ocrx_word' id='word_1_590' title='bbox 850 1213 947 1240; x_wconf 86' lang='lat' dir='ltr'>obuius</span> <span class='ocrx_word' id='word_1_591' title='bbox 961 1215 1054 1247; x_wconf 87' lang='lat' dir='ltr'>Paeto,</span> <span class='ocrx_word' id='word_1_592' title='bbox 1070 1223 1124 1241; x_wconf 93' lang='lat' dir='ltr'>non</span> <span class='ocrx_word' id='word_1_593' title='bbox 1140 1223 1198 1240; x_wconf 89' lang='lat' dir='ltr'>eam</span> <span class='ocrx_word' id='word_1_594' title='bbox 1220 1214 1331 1249; x_wconf 88' lang='lat' dir='ltr'>speciem</span> <span class='ocrx_word' id='word_1_595' title='bbox 1395 1220 1529 1249; x_wconf 84' lang='lat' dir='ltr'>promtare</span> <span class='ocrx_word' id='word_1_596' title='bbox 1548 1214 1622 1241; x_wconf 85' lang='lat' dir='ltr'>desiit</span> <span class='ocrx_word' id='word_1_597' title='bbox 1641 1223 1708 1249; x_wconf 87' lang='lat' dir='ltr'>quae</span> <span class='ocrx_word' id='word_1_598' title='bbox 1730 1214 1841 1246; x_wconf 86' lang='lat' dir='ltr'>didicit,</span> <span class='ocrx_word' id='word_1_599' title='bbox 1857 1218 1875 1240; x_wconf 83' lang='lat' dir='ltr'>i.</span> <span class='ocrx_word' id='word_1_600' title='bbox 1894 1221 2011 1250; x_wconf 78' lang='lat' dir='ltr'>tanquam</span> <span class='ocrx_word' id='word_1_601' title='bbox 2024 1224 2035 1240; x_wconf 85' lang='lat' dir='ltr'>e</span> <span class='ocrx_word' id='word_1_602' title='bbox 2049 1221 2115 1250; x_wconf 79' lang='lat' dir='ltr'>penu</span> <span class='ocrx_word' id='word_1_603' title='bbox 2134 1214 2236 1250; x_wconf 87' lang='lat' dir='ltr'>quodam</span> <span class='ocrx_word' id='word_1_604' title='bbox 2247 1215 2376 1240; x_wconf 80' lang='lat' dir='ltr'>memoriae</span> <span class='ocrx_word' id='word_1_605' title='bbox 2394 1221 2434 1240; x_wconf 65' lang='lat' dir='ltr'>exv</span> 
     </span>
     <span class='ocr_line' id='line_1_35' title="bbox 290 1247 2434 1286; baseline 0 -13"><span class='ocrx_word' id='word_1_606' title='bbox 290 1247 431 1280; x_wconf 81' lang='lat' dir='ltr'>insignium</span> <span class='ocrx_word' id='word_1_607' title='bbox 450 1252 475 1272; x_wconf 90' lang='lat' dir='ltr'>et</span> <span class='ocrx_word' id='word_1_608' title='bbox 493 1255 628 1272; x_wconf 89' lang='lat' dir='ltr'>armorum</span> <span class='ocrx_word' id='word_1_609' title='bbox 648 1248 786 1282; x_wconf 87' lang='lat' dir='ltr'>praetulit,</span> <span class='ocrx_word' id='word_1_610' title='bbox 806 1255 834 1275; x_wconf 88' lang='lat' dir='ltr'>vt</span> <span class='ocrx_word' id='word_1_611' title='bbox 855 1249 1031 1276; x_wconf 69' lang='lat' dir='ltr'>diuet-litatem</span> <span class='ocrx_word' id='word_1_612' title='bbox 1051 1250 1231 1286; x_wconf 79' lang='lat' dir='ltr'>exprobraret.</span> <span class='ocrx_word' id='word_1_613' title='bbox 1254 1253 1271 1275; x_wconf 86' lang='lat' dir='ltr'>i.</span> <span class='ocrx_word' id='word_1_614' title='bbox 1297 1249 1331 1275; x_wconf 74' lang='lat' dir='ltr'>Vt</span> <span class='ocrx_word' id='word_1_615' title='bbox 1392 1257 1511 1286; x_wconf 78' lang='lat' dir='ltr'>promere.</span> <span class='ocrx_word' id='word_1_616' title='bbox 1566 1252 1597 1277; x_wconf 84' lang='lat' dir='ltr'>Et</span> <span class='ocrx_word' id='word_1_617' title='bbox 1611 1259 1634 1285; x_wconf 85' lang='lat' dir='ltr'>p.</span> <span class='ocrx_word' id='word_1_618' title='bbox 1652 1255 1696 1283; x_wconf 88' lang='lat'>148</span> <span class='ocrx_word' id='word_1_619' title='bbox 1735 1250 1784 1277; x_wconf 87' lang='lat' dir='ltr'>Sed</span> <span class='ocrx_word' id='word_1_620' title='bbox 1803 1256 1832 1276; x_wconf 92' lang='lat' dir='ltr'>vt</span> <span class='ocrx_word' id='word_1_621' title='bbox 1852 1250 1947 1283; x_wconf 88' lang='lat' dir='ltr'>sciam,</span> <span class='ocrx_word' id='word_1_622' title='bbox 1971 1260 2013 1277; x_wconf 89' lang='lat' dir='ltr'>me</span> <span class='ocrx_word' id='word_1_623' title='bbox 2034 1259 2088 1277; x_wconf 91' lang='lat' dir='ltr'>non</span> <span class='ocrx_word' id='word_1_624' title='bbox 2105 1249 2238 1277; x_wconf 81' lang='lat' dir='ltr'>Arcadicis</span> <span class='ocrx_word' id='word_1_625' title='bbox 2254 1247 2373 1276; x_wconf 75' lang='lat' dir='ltr'>fabulam</span> <span class='ocrx_word' id='word_1_626' title='bbox 2391 1254 2434 1275; x_wconf 82' lang='lat' dir='ltr'>ex·</span> 
     </span>
     <span class='ocr_line' id='line_1_36' title="bbox 285 1279 2429 1321; baseline 0.002 -12"><span class='ocrx_word' id='word_1_627' title='bbox 285 1282 380 1318; x_wconf 81' lang='lat' dir='ltr'>pudore</span> <span class='ocrx_word' id='word_1_628' title='bbox 399 1279 505 1315; x_wconf 73' lang='lat' dir='ltr'>afficeret</span> <span class='ocrx_word' id='word_1_629' title='bbox 520 1283 617 1308; x_wconf 74' lang='lat' dir='ltr'>Paetum</span> <span class='ocrx_word' id='word_1_630' title='bbox 633 1284 661 1308; x_wconf 85' lang='lat' dir='ltr'>ob</span> <span class='ocrx_word' id='word_1_631' title='bbox 676 1283 888 1318; x_wconf 60' lang='lat' dir='ltr'>diffimulatimzem</span> <span class='ocrx_word' id='word_1_632' title='bbox 901 1292 1044 1320; x_wconf 77' lang='lat' dir='ltr'>apparatus.</span> <span class='ocrx_word' id='word_1_633' title='bbox 1089 1286 1155 1312; x_wconf 85' lang='lat' dir='ltr'>Plin.</span> <span class='ocrx_word' id='word_1_634' title='bbox 1169 1285 1247 1320; x_wconf 81' lang='lat' dir='ltr'>Epist.</span> <span class='ocrx_word' id='word_1_635' title='bbox 1264 1293 1272 1310; x_wconf 95' lang='lat'>1</span> <span class='ocrx_word' id='word_1_636' title='bbox 1287 1284 1333 1310; x_wconf 82' lang='lat' dir='ltr'>vlt.</span> <span class='ocrx_word' id='word_1_637' title='bbox 1395 1291 1527 1321; x_wconf 88' lang='lat' dir='ltr'>promtare</span> <span class='ocrx_word' id='word_1_638' title='bbox 1540 1286 1665 1318; x_wconf 81' lang='lat' dir='ltr'>auribus,</span> <span class='ocrx_word' id='word_1_639' title='bbox 1682 1289 1700 1311; x_wconf 90' lang='lat' dir='ltr'>i.</span> <span class='ocrx_word' id='word_1_640' title='bbox 1719 1295 1834 1312; x_wconf 76' lang='lat' dir='ltr'>narrare.</span> <span class='ocrx_word' id='word_1_641' title='bbox 2424 1304 2429 1311; x_wconf 84' lang='lat'>.</span> 
     </span>
     <span class='ocr_line' id='line_1_37' title="bbox 292 1317 2454 1356; baseline 0 -11"><span class='ocrx_word' id='word_1_642' title='bbox 292 1319 361 1345; x_wconf 87' lang='lat' dir='ltr'>Nam</span> <span class='ocrx_word' id='word_1_643' title='bbox 378 1317 444 1343; x_wconf 87' lang='lat' dir='ltr'>mala</span> <span class='ocrx_word' id='word_1_644' title='bbox 463 1318 546 1343; x_wconf 86' lang='lat' dir='ltr'>emtio</span> <span class='ocrx_word' id='word_1_645' title='bbox 567 1318 668 1353; x_wconf 86' lang='lat' dir='ltr'>semper</span> <span class='ocrx_word' id='word_1_646' title='bbox 683 1319 785 1353; x_wconf 87' lang='lat' dir='ltr'>ingrata</span> <span class='ocrx_word' id='word_1_647' title='bbox 799 1320 850 1350; x_wconf 84' lang='lat' dir='ltr'>est,</span> <span class='ocrx_word' id='word_1_648' title='bbox 868 1329 901 1347; x_wconf 85' lang='lat' dir='ltr'>eo</span> <span class='ocrx_word' id='word_1_649' title='bbox 915 1322 998 1356; x_wconf 83' lang='lat' dir='ltr'>magis</span> <span class='ocrx_word' id='word_1_650' title='bbox 1018 1321 1091 1356; x_wconf 90' lang='lat' dir='ltr'>quod</span> <span class='ocrx_word' id='word_1_651' title='bbox 1112 1322 1273 1356; x_wconf 85' lang='lat' dir='ltr'>exprobrare</span> <span class='ocrx_word' id='word_1_652' title='bbox 1287 1320 1332 1346; x_wconf 89' lang='lat' dir='ltr'>do·</span> <span class='ocrx_word' id='word_1_653' title='bbox 1347 1330 1380 1354; x_wconf 85' lang='lat'>30</span> <span class='ocrx_word' id='word_1_654' title='bbox 1431 1328 1474 1349; x_wconf 83' lang='lat' dir='ltr'>Ex</span> <span class='ocrx_word' id='word_1_655' title='bbox 1484 1329 1527 1348; x_wconf 78' lang='lat' dir='ltr'>PR</span> <span class='ocrx_word' id='word_1_656' title='bbox 1537 1328 1588 1348; x_wconf 83' lang='grc' dir='ltr'>ΟΜ</span> <span class='ocrx_word' id='word_1_657' title='bbox 1598 1329 1619 1348; x_wconf 91' lang='grc' dir='ltr'><strong>Τ</strong></span> <span class='ocrx_word' id='word_1_658' title='bbox 1629 1329 1648 1347; x_wconf 92' lang='lat' dir='ltr'>V</span> <span class='ocrx_word' id='word_1_659' title='bbox 1659 1329 1671 1348; x_wconf 92' lang='lat' dir='ltr'>s</span> <span class='ocrx_word' id='word_1_660' title='bbox 1681 1341 1689 1353; x_wconf 95' lang='lat'>,</span> <span class='ocrx_word' id='word_1_661' title='bbox 1708 1331 1738 1354; x_wconf 90' lang='lat' dir='ltr'>a,</span> <span class='ocrx_word' id='word_1_662' title='bbox 1756 1331 1812 1348; x_wconf 90' lang='lat' dir='ltr'>um.</span> <span class='ocrx_word' id='word_1_663' title='bbox 1846 1321 1941 1347; x_wconf 90' lang='lat' dir='ltr'>Partic.</span> <span class='ocrx_word' id='word_1_664' title='bbox 1983 1321 2017 1347; x_wconf 86' lang='lat' dir='ltr'>Vt</span> <span class='ocrx_word' id='word_1_665' title='bbox 2029 1321 2150 1349; x_wconf 72' lang='lat' dir='ltr'>Promtus</span> <span class='ocrx_word' id='word_1_666' title='bbox 2163 1323 2237 1346; x_wconf 79' lang='lat' dir='ltr'>etiam</span> <span class='ocrx_word' id='word_1_667' title='bbox 2249 1317 2342 1346; x_wconf 69' lang='lat' dir='ltr'>Afflue</span> <span class='ocrx_word' id='word_1_668' title='bbox 2354 1317 2436 1355; x_wconf 73' lang='lat' dir='ltr'>figm·</span> <span class='ocrx_word' id='word_1_669' title='bbox 2450 1330 2454 1343; x_wconf 72' lang='grc' dir='ltr'><em>ι</em></span> 
     </span>
    </p>
   </div>
   <div class='ocr_carea' id='block_1_6' title="bbox 291 1353 2454 2100">
    <p class='ocr_par' dir='ltr' id='par_1_7' title="bbox 292 1353 2454 1462">
     <span class='ocr_line' id='line_1_38' title="bbox 292 1353 2453 1392; baseline 0.001 -13"><span class='ocrx_word' id='word_1_670' title='bbox 292 1355 366 1380; x_wconf 89' lang='lat' dir='ltr'>mino</span> <span class='ocrx_word' id='word_1_671' title='bbox 380 1353 515 1379; x_wconf 85' lang='lat' dir='ltr'>stultitiam</span> <span class='ocrx_word' id='word_1_672' title='bbox 529 1353 645 1380; x_wconf 88' lang='lat' dir='ltr'>videtur.</span> <span class='ocrx_word' id='word_1_673' title='bbox 1389 1356 1464 1392; x_wconf 79' lang='lat' dir='ltr'>ficut.</span> <span class='ocrx_word' id='word_1_674' title='bbox 1499 1357 1568 1384; x_wconf 90' lang='lat' dir='ltr'>Ter.</span> <span class='ocrx_word' id='word_1_675' title='bbox 1582 1356 1663 1383; x_wconf 89' lang='lat' dir='ltr'>Andr.</span> <span class='ocrx_word' id='word_1_676' title='bbox 1678 1367 1707 1391; x_wconf 80' lang='lat'>4,</span> <span class='ocrx_word' id='word_1_677' title='bbox 1719 1366 1747 1390; x_wconf 89' lang='lat'>4,</span> <span class='ocrx_word' id='word_1_678' title='bbox 1761 1366 1774 1383; x_wconf 88' lang='lat'><strong>2</strong></span> <span class='ocrx_word' id='word_1_679' title='bbox 1803 1356 1881 1389; x_wconf 72' lang='lat' dir='ltr'>Mysis</span> <span class='ocrx_word' id='word_1_680' title='bbox 1900 1366 1968 1382; x_wconf 90' lang='lat' dir='ltr'>nunc</span> <span class='ocrx_word' id='word_1_681' title='bbox 1982 1365 2048 1391; x_wconf 87' lang='lat' dir='ltr'>opus</span> <span class='ocrx_word' id='word_1_682' title='bbox 2067 1356 2103 1382; x_wconf 80' lang='lat' dir='ltr'>est</span> <span class='ocrx_word' id='word_1_683' title='bbox 2116 1362 2159 1383; x_wconf 90' lang='lat' dir='ltr'>tua</span> <span class='ocrx_word' id='word_1_684' title='bbox 2173 1356 2241 1382; x_wconf 90' lang='lat' dir='ltr'>mihi</span> <span class='ocrx_word' id='word_1_685' title='bbox 2253 1354 2285 1381; x_wconf 90' lang='lat' dir='ltr'>ad</span> <span class='ocrx_word' id='word_1_686' title='bbox 2299 1354 2365 1381; x_wconf 86' lang='lat' dir='ltr'>hanc</span> <span class='ocrx_word' id='word_1_687' title='bbox 2378 1361 2435 1381; x_wconf 83' lang='lat' dir='ltr'>rem</span> <span class='ocrx_word' id='word_1_688' title='bbox 2450 1362 2453 1384; x_wconf 69' lang='lat'>3</span> 
     </span>
     <span class='ocr_line' id='line_1_39' title="bbox 327 1389 2454 1428; baseline 0 -13"><span class='ocrx_word' id='word_1_689' title='bbox 327 1396 343 1415; x_wconf 83' lang='lat' dir='ltr'>E</span> <span class='ocrx_word' id='word_1_690' title='bbox 353 1397 370 1416; x_wconf 86' lang='lat' dir='ltr'>x</span> <span class='ocrx_word' id='word_1_691' title='bbox 380 1395 394 1414; x_wconf 79' lang='lat'>12</span> <span class='ocrx_word' id='word_1_692' title='bbox 405 1395 423 1415; x_wconf 81' lang='lat' dir='ltr'>R</span> <span class='ocrx_word' id='word_1_693' title='bbox 433 1395 451 1413; x_wconf 82' lang='lat'>0</span> <span class='ocrx_word' id='word_1_694' title='bbox 461 1395 503 1415; x_wconf 75' lang='lat' dir='ltr'>BR</span> <span class='ocrx_word' id='word_1_695' title='bbox 512 1397 533 1415; x_wconf 67' lang='lat' dir='ltr'>A</span> <span class='ocrx_word' id='word_1_696' title='bbox 543 1395 558 1415; x_wconf 87' lang='grc' dir='ltr'>Β</span> <span class='ocrx_word' id='word_1_697' title='bbox 571 1397 576 1414; x_wconf 86' lang='grc'>1</span> <span class='ocrx_word' id='word_1_698' title='bbox 589 1397 604 1415; x_wconf 96' lang='lat' dir='ltr'>L</span> <span class='ocrx_word' id='word_1_699' title='bbox 614 1396 623 1415; x_wconf 90' lang='lat'>1</span> <span class='ocrx_word' id='word_1_700' title='bbox 633 1395 646 1414; x_wconf 89' lang='lat' dir='ltr'>s</span> <span class='ocrx_word' id='word_1_701' title='bbox 655 1409 663 1422; x_wconf 89' lang='lat'>‚</span> <span class='ocrx_word' id='word_1_702' title='bbox 684 1398 705 1416; x_wconf 91' lang='lat' dir='ltr'>e.</span> <span class='ocrx_word' id='word_1_703' title='bbox 730 1389 789 1417; x_wconf 81' lang='lat' dir='ltr'>Adi.</span> <span class='ocrx_word' id='word_1_704' title='bbox 820 1390 897 1425; x_wconf 81' lang='lat' dir='ltr'>Vulg.</span> <span class='ocrx_word' id='word_1_705' title='bbox 913 1392 1026 1426; x_wconf 75' lang='lat' dir='ltr'>Interpr.</span> <span class='ocrx_word' id='word_1_706' title='bbox 1041 1393 1118 1418; x_wconf 91' lang='lat' dir='ltr'>Prou.</span> <span class='ocrx_word' id='word_1_707' title='bbox 1133 1401 1155 1418; x_wconf 91' lang='lat' dir='ltr'>c.</span> <span class='ocrx_word' id='word_1_708' title='bbox 1168 1395 1202 1423; x_wconf 83' lang='lat'>18,</span> <span class='ocrx_word' id='word_1_709' title='bbox 1218 1399 1236 1417; x_wconf 89' lang='lat'>1.</span> <span class='ocrx_word' id='word_1_710' title='bbox 1395 1399 1533 1427; x_wconf 83' lang='lat' dir='ltr'>expromta</span> <span class='ocrx_word' id='word_1_711' title='bbox 1540 1393 1680 1419; x_wconf 87' lang='lat' dir='ltr'>memoria.</span> <span class='ocrx_word' id='word_1_712' title='bbox 1700 1396 1718 1418; x_wconf 91' lang='lat' dir='ltr'>i.</span> <span class='ocrx_word' id='word_1_713' title='bbox 1738 1394 1807 1428; x_wconf 71' lang='lat' dir='ltr'>Qut</span> <span class='ocrx_word' id='word_1_714' title='bbox 1815 1393 1897 1427; x_wconf 78' lang='lat' dir='ltr'>facile</span> <span class='ocrx_word' id='word_1_715' title='bbox 1911 1399 2038 1427; x_wconf 80' lang='lat' dir='ltr'>expromat</span> <span class='ocrx_word' id='word_1_716' title='bbox 2050 1401 2086 1424; x_wconf 82' lang='lat' dir='ltr'>ea,</span> <span class='ocrx_word' id='word_1_717' title='bbox 2099 1393 2186 1428; x_wconf 81' lang='lat' dir='ltr'>quibus</span> <span class='ocrx_word' id='word_1_718' title='bbox 2196 1400 2249 1417; x_wconf 87' lang='lat' dir='ltr'>cum</span> <span class='ocrx_word' id='word_1_719' title='bbox 2261 1393 2365 1416; x_wconf 78' lang='lat' dir='ltr'>maxime</span> <span class='ocrx_word' id='word_1_720' title='bbox 2378 1395 2438 1425; x_wconf 70' lang='lat' dir='ltr'>epm.</span> <span class='ocrx_word' id='word_1_721' title='bbox 2451 1400 2454 1412; x_wconf 70' lang='grc' dir='ltr'>ι</span> 
     </span>
     <span class='ocr_line' id='line_1_40' title="bbox 329 1424 2437 1462; baseline 0 -11"><span class='ocrx_word' id='word_1_722' title='bbox 329 1431 344 1451; x_wconf 74' lang='lat' dir='ltr'>E</span> <span class='ocrx_word' id='word_1_723' title='bbox 355 1433 372 1451; x_wconf 80' lang='lat' dir='ltr'>x</span> <span class='ocrx_word' id='word_1_724' title='bbox 383 1431 397 1450; x_wconf 72' lang='lat' dir='ltr'>r</span> <span class='ocrx_word' id='word_1_725' title='bbox 408 1431 452 1450; x_wconf 74' lang='lat' dir='ltr'>Ro</span> <span class='ocrx_word' id='word_1_726' title='bbox 462 1431 477 1450; x_wconf 76' lang='grc' dir='ltr'>Β</span> <span class='ocrx_word' id='word_1_727' title='bbox 487 1431 504 1450; x_wconf 81' lang='lat' dir='ltr'>R</span> <span class='ocrx_word' id='word_1_728' title='bbox 514 1431 532 1450; x_wconf 73' lang='grc' dir='ltr'><em>Α</em></span> <span class='ocrx_word' id='word_1_729' title='bbox 545 1431 584 1450; x_wconf 77' lang='lat' dir='ltr'>&#39;ri</span> <span class='ocrx_word' id='word_1_730' title='bbox 595 1431 613 1451; x_wconf 92' lang='lat' dir='ltr'><strong>O</strong></span> <span class='ocrx_word' id='word_1_731' title='bbox 623 1445 632 1456; x_wconf 94' lang='lat'>‚</span> <span class='ocrx_word' id='word_1_732' title='bbox 652 1426 720 1451; x_wconf 76' lang='lat' dir='ltr'>onis.</span> <span class='ocrx_word' id='word_1_733' title='bbox 742 1425 761 1451; x_wconf 89' lang='lat' dir='ltr'>f.</span> <span class='ocrx_word' id='word_1_734' title='bbox 798 1424 959 1461; x_wconf 62' lang='grc' dir='ltr'>[ὄναδισμός]</span> <span class='ocrx_word' id='word_1_735' title='bbox 996 1428 1060 1453; x_wconf 76' lang='lat' dir='ltr'>Ptin.</span> <span class='ocrx_word' id='word_1_736' title='bbox 1078 1436 1115 1460; x_wconf 87' lang='lat'>19,</span> <span class='ocrx_word' id='word_1_737' title='bbox 1137 1437 1163 1461; x_wconf 87' lang='lat'>4.</span> <span class='ocrx_word' id='word_1_738' title='bbox 1212 1427 1242 1452; x_wconf 81' lang='lat' dir='ltr'>Et</span> <span class='ocrx_word' id='word_1_739' title='bbox 1262 1426 1333 1453; x_wconf 85' lang='lat' dir='ltr'>Ter.</span> <span class='ocrx_word' id='word_1_740' title='bbox 1395 1428 1438 1462; x_wconf 82' lang='lat' dir='ltr'>est.</span> <span class='ocrx_word' id='word_1_741' title='bbox 1476 1428 1522 1456; x_wconf 77' lang='lat' dir='ltr'>Sed</span> <span class='ocrx_word' id='word_1_742' title='bbox 1540 1427 1604 1461; x_wconf 68' lang='lat' dir='ltr'>Post}</span> <span class='ocrx_word' id='word_1_743' title='bbox 1626 1429 1774 1462; x_wconf 85' lang='lat' dir='ltr'>Expromtis</span> <span class='ocrx_word' id='word_1_744' title='bbox 1788 1428 1863 1455; x_wconf 84' lang='lat' dir='ltr'>mille</span> <span class='ocrx_word' id='word_1_745' title='bbox 1875 1430 1978 1460; x_wconf 87' lang='lat' dir='ltr'>aureis,</span> <span class='ocrx_word' id='word_1_746' title='bbox 1998 1436 2064 1462; x_wconf 84' lang='lat' dir='ltr'>quos</span> <span class='ocrx_word' id='word_1_747' title='bbox 2084 1428 2112 1453; x_wconf 93' lang='lat' dir='ltr'>in</span> <span class='ocrx_word' id='word_1_748' title='bbox 2124 1427 2180 1454; x_wconf 80' lang='lat' dir='ltr'>sinu</span> <span class='ocrx_word' id='word_1_749' title='bbox 2194 1426 2306 1453; x_wconf 84' lang='lat' dir='ltr'>laciniae</span> <span class='ocrx_word' id='word_1_750' title='bbox 2317 1431 2437 1453; x_wconf 64' lang='lat' dir='ltr'>contexe·</span> 
     </span>
    </p>

    <p class='ocr_par' dir='ltr' id='par_1_8' title="bbox 291 1460 1756 1499">
     <span class='ocr_line' id='line_1_41' title="bbox 291 1460 1756 1499; baseline 0.002 -13"><span class='ocrx_word' id='word_1_751' title='bbox 291 1460 371 1487; x_wconf 77' lang='lat' dir='ltr'>Andr.</span> <span class='ocrx_word' id='word_1_752' title='bbox 389 1469 409 1491; x_wconf 90' lang='lat'>1,</span> <span class='ocrx_word' id='word_1_753' title='bbox 426 1468 444 1491; x_wconf 84' lang='grc'>1,</span> <span class='ocrx_word' id='word_1_754' title='bbox 457 1467 485 1494; x_wconf 89' lang='lat'>17</span> <span class='ocrx_word' id='word_1_755' title='bbox 506 1460 576 1486; x_wconf 85' lang='lat' dir='ltr'>Nam</span> <span class='ocrx_word' id='word_1_756' title='bbox 591 1460 686 1486; x_wconf 81' lang='lat' dir='ltr'>isthaec</span> <span class='ocrx_word' id='word_1_757' title='bbox 700 1463 920 1488; x_wconf 84' lang='lat' dir='ltr'>commemoratio</span> <span class='ocrx_word' id='word_1_758' title='bbox 929 1462 997 1497; x_wconf 88' lang='lat' dir='ltr'>quali</span> <span class='ocrx_word' id='word_1_759' title='bbox 1011 1463 1183 1499; x_wconf 83' lang='lat' dir='ltr'>exprobratio</span> <span class='ocrx_word' id='word_1_760' title='bbox 1192 1462 1228 1488; x_wconf 85' lang='lat' dir='ltr'>est</span> <span class='ocrx_word' id='word_1_761' title='bbox 1240 1462 1335 1488; x_wconf 89' lang='lat' dir='ltr'>imme-</span> <span class='ocrx_word' id='word_1_762' title='bbox 1396 1470 1437 1491; x_wconf 85' lang='lat' dir='ltr'>rat</span> <span class='ocrx_word' id='word_1_763' title='bbox 1452 1464 1530 1498; x_wconf 88' lang='lat' dir='ltr'>Apul.</span> <span class='ocrx_word' id='word_1_764' title='bbox 1543 1465 1607 1490; x_wconf 89' lang='lat' dir='ltr'>Met.</span> <span class='ocrx_word' id='word_1_765' title='bbox 1626 1471 1643 1497; x_wconf 88' lang='lat'>7</span> <span class='ocrx_word' id='word_1_766' title='bbox 1663 1472 1686 1497; x_wconf 87' lang='lat' dir='ltr'>p.</span> <span class='ocrx_word' id='word_1_767' title='bbox 1703 1469 1756 1496; x_wconf 83' lang='lat'>189.</span> 
     </span>
    </p>

    <p class='ocr_par' dir='ltr' id='par_1_9' title="bbox 291 1495 2192 1534">
     <span class='ocr_line' id='line_1_42' title="bbox 291 1495 2192 1534; baseline 0.003 -15"><span class='ocrx_word' id='word_1_768' title='bbox 291 1496 372 1522; x_wconf 82' lang='lat' dir='ltr'>moris</span> <span class='ocrx_word' id='word_1_769' title='bbox 388 1495 520 1521; x_wconf 63' lang='lat' dir='ltr'>btneficii.</span> <span class='ocrx_word' id='word_1_770' title='bbox 593 1496 762 1522; x_wconf 74' lang='lat' dir='ltr'>crudelitatis</span> <span class='ocrx_word' id='word_1_771' title='bbox 774 1497 947 1532; x_wconf 76' lang='lat' dir='ltr'>exprobratio</span> <span class='ocrx_word' id='word_1_772' title='bbox 967 1498 1056 1525; x_wconf 85' lang='lat' dir='ltr'>lustin.</span> <span class='ocrx_word' id='word_1_773' title='bbox 1073 1507 1092 1530; x_wconf 94' lang='lat'>1,</span> <span class='ocrx_word' id='word_1_774' title='bbox 1108 1504 1131 1531; x_wconf 82' lang='lat'>8,</span> <span class='ocrx_word' id='word_1_775' title='bbox 1146 1507 1177 1530; x_wconf 85' lang='lat'>13.</span> <span class='ocrx_word' id='word_1_776' title='bbox 1243 1498 1334 1524; x_wconf 80' lang='lat' dir='ltr'>Tanta</span> <span class='ocrx_word' id='word_1_777' title='bbox 1352 1508 1380 1534; x_wconf 76' lang='lat'>35</span> <span class='ocrx_word' id='word_1_778' title='bbox 1432 1506 1448 1526; x_wconf 74' lang='grc' dir='ltr'><strong>Ε</strong></span> <span class='ocrx_word' id='word_1_779' title='bbox 1458 1508 1476 1526; x_wconf 86' lang='lat' dir='ltr'>x</span> <span class='ocrx_word' id='word_1_780' title='bbox 1490 1506 1504 1525; x_wconf 83' lang='lat' dir='ltr'>P</span> <span class='ocrx_word' id='word_1_781' title='bbox 1516 1506 1533 1525; x_wconf 82' lang='lat' dir='ltr'>R</span> <span class='ocrx_word' id='word_1_782' title='bbox 1545 1505 1564 1524; x_wconf 94' lang='lat'>0</span> <span class='ocrx_word' id='word_1_783' title='bbox 1574 1506 1589 1525; x_wconf 80' lang='lat' dir='ltr'>P</span> <span class='ocrx_word' id='word_1_784' title='bbox 1599 1506 1607 1525; x_wconf 93' lang='lat'>1</span> <span class='ocrx_word' id='word_1_785' title='bbox 1618 1505 1639 1525; x_wconf 90' lang='lat' dir='ltr'>T</span> <span class='ocrx_word' id='word_1_786' title='bbox 1651 1505 1657 1523; x_wconf 93' lang='lat'>1</span> <span class='ocrx_word' id='word_1_787' title='bbox 1670 1505 1703 1529; x_wconf 85' lang='lat' dir='ltr'>O,</span> <span class='ocrx_word' id='word_1_788' title='bbox 1724 1503 1775 1524; x_wconf 68' lang='lat' dir='ltr'>ire.</span> <span class='ocrx_word' id='word_1_789' title='bbox 1801 1498 1962 1531; x_wconf 78' lang='grc' dir='ltr'><strong><em>ἓξιλοίσκομσιι</em></strong></span> <span class='ocrx_word' id='word_1_790' title='bbox 1982 1498 2061 1525; x_wconf 79' lang='lat' dir='ltr'>Gloffi</span> <span class='ocrx_word' id='word_1_791' title='bbox 2076 1498 2121 1524; x_wconf 86' lang='lat' dir='ltr'>Gr.</span> <span class='ocrx_word' id='word_1_792' title='bbox 2135 1498 2192 1524; x_wconf 81' lang='lat' dir='ltr'>Lat.</span> 
     </span>
    </p>

    <p class='ocr_par' dir='ltr' id='par_1_10' title="bbox 291 1529 2438 1569">
     <span class='ocr_line' id='line_1_43' title="bbox 291 1529 2438 1569; baseline 0.001 -12"><span class='ocrx_word' id='word_1_793' title='bbox 291 1531 464 1566; x_wconf 79' lang='lat' dir='ltr'>impotentiae</span> <span class='ocrx_word' id='word_1_794' title='bbox 486 1530 657 1566; x_wconf 81' lang='lat' dir='ltr'>exprobratio</span> <span class='ocrx_word' id='word_1_795' title='bbox 683 1532 812 1565; x_wconf 65' lang='lat' dir='ltr'>Quintilis</span> <span class='ocrx_word' id='word_1_796' title='bbox 835 1535 861 1565; x_wconf 87' lang='lat'>6,</span> <span class='ocrx_word' id='word_1_797' title='bbox 882 1541 907 1559; x_wconf 88' lang='lat'>2.</span> <span class='ocrx_word' id='word_1_798' title='bbox 978 1534 1031 1559; x_wconf 79' lang='lat' dir='ltr'>Effe</span> <span class='ocrx_word' id='word_1_799' title='bbox 1061 1535 1089 1560; x_wconf 87' lang='lat' dir='ltr'>in</span> <span class='ocrx_word' id='word_1_800' title='bbox 1116 1533 1334 1569; x_wconf 82' lang='lat' dir='ltr'>exprobratione,</span> <span class='ocrx_word' id='word_1_801' title='bbox 1432 1542 1448 1561; x_wconf 84' lang='lat' dir='ltr'>E</span> <span class='ocrx_word' id='word_1_802' title='bbox 1460 1541 1478 1559; x_wconf 87' lang='lat' dir='ltr'>x</span> <span class='ocrx_word' id='word_1_803' title='bbox 1490 1541 1504 1560; x_wconf 72' lang='grc' dir='ltr'><strong>Ρ</strong></span> <span class='ocrx_word' id='word_1_804' title='bbox 1514 1540 1669 1560; x_wconf 76' lang='lat' dir='ltr'>ROXIMV</span> <span class='ocrx_word' id='word_1_805' title='bbox 1679 1540 1691 1559; x_wconf 83' lang='lat' dir='ltr'>s</span> <span class='ocrx_word' id='word_1_806' title='bbox 1701 1553 1709 1565; x_wconf 93' lang='lat'>,</span> <span class='ocrx_word' id='word_1_807' title='bbox 1740 1535 1910 1568; x_wconf 70' lang='lat' dir='ltr'>Qaiproximi</span> <span class='ocrx_word' id='word_1_808' title='bbox 1923 1533 2046 1569; x_wconf 81' lang='lat' dir='ltr'>dignitate</span> <span class='ocrx_word' id='word_1_809' title='bbox 2053 1531 2165 1569; x_wconf 70' lang='lat' dir='ltr'>fum‘lus</span> <span class='ocrx_word' id='word_1_810' title='bbox 2178 1530 2229 1565; x_wconf 80' lang='lat' dir='ltr'>est,</span> <span class='ocrx_word' id='word_1_811' title='bbox 2241 1531 2262 1558; x_wconf 90' lang='lat'>1.</span> <span class='ocrx_word' id='word_1_812' title='bbox 2273 1531 2346 1558; x_wconf 88' lang='lat' dir='ltr'>vnic.</span> <span class='ocrx_word' id='word_1_813' title='bbox 2361 1531 2392 1558; x_wconf 86' lang='lat' dir='ltr'>C.</span> <span class='ocrx_word' id='word_1_814' title='bbox 2405 1529 2438 1559; x_wconf 71' lang='lat' dir='ltr'>de</span> 
     </span>
    </p>

    <p class='ocr_par' dir='ltr' id='par_1_11' title="bbox 291 1567 1776 1604">
     <span class='ocr_line' id='line_1_44' title="bbox 291 1567 1776 1604; baseline 0.001 -12"><span class='ocrx_word' id='word_1_815' title='bbox 291 1570 309 1592; x_wconf 82' lang='lat' dir='ltr'>i.</span> <span class='ocrx_word' id='word_1_816' title='bbox 338 1568 404 1591; x_wconf 59' lang='lat' dir='ltr'>Vitio</span> <span class='ocrx_word' id='word_1_817' title='bbox 422 1569 495 1592; x_wconf 78' lang='lat' dir='ltr'>ucrti.</span> <span class='ocrx_word' id='word_1_818' title='bbox 532 1567 598 1592; x_wconf 86' lang='lat' dir='ltr'>Plin.</span> <span class='ocrx_word' id='word_1_819' title='bbox 616 1575 653 1599; x_wconf 87' lang='lat'>19,</span> <span class='ocrx_word' id='word_1_820' title='bbox 666 1577 684 1600; x_wconf 90' lang='lat'><strong>4</strong></span> <span class='ocrx_word' id='word_1_821' title='bbox 701 1567 772 1594; x_wconf 87' lang='lat' dir='ltr'>Nam</span> <span class='ocrx_word' id='word_1_822' title='bbox 792 1568 849 1603; x_wconf 82' lang='lat' dir='ltr'>gari</span> <span class='ocrx_word' id='word_1_823' title='bbox 871 1568 997 1595; x_wconf 84' lang='lat' dir='ltr'>desideria</span> <span class='ocrx_word' id='word_1_824' title='bbox 1010 1570 1091 1596; x_wconf 88' lang='lat' dir='ltr'>etiam</span> <span class='ocrx_word' id='word_1_825' title='bbox 1104 1576 1178 1596; x_wconf 88' lang='lat' dir='ltr'>erant</span> <span class='ocrx_word' id='word_1_826' title='bbox 1198 1570 1226 1595; x_wconf 93' lang='lat' dir='ltr'>in</span> <span class='ocrx_word' id='word_1_827' title='bbox 1240 1577 1335 1604; x_wconf 85' lang='lat' dir='ltr'>expro-</span> <span class='ocrx_word' id='word_1_828' title='bbox 1396 1569 1497 1604; x_wconf 87' lang='lat' dir='ltr'>magist.</span> <span class='ocrx_word' id='word_1_829' title='bbox 1512 1570 1574 1595; x_wconf 84' lang='lat' dir='ltr'>sacr.</span> <span class='ocrx_word' id='word_1_830' title='bbox 1587 1569 1664 1595; x_wconf 87' lang='lat' dir='ltr'>scrin.</span> <span class='ocrx_word' id='word_1_831' title='bbox 1680 1568 1728 1595; x_wconf 87' lang='lat' dir='ltr'>lib.</span> <span class='ocrx_word' id='word_1_832' title='bbox 1743 1577 1776 1595; x_wconf 88' lang='lat'>12.</span> 
     </span>
    </p>

    <p class='ocr_par' dir='ltr' id='par_1_12' title="bbox 291 1600 2435 1675">
     <span class='ocr_line' id='line_1_45' title="bbox 291 1600 2435 1639; baseline -0.002 -8"><span class='ocrx_word' id='word_1_833' title='bbox 291 1601 422 1628; x_wconf 72' lang='lat' dir='ltr'>bratione.</span> <span class='ocrx_word' id='word_1_834' title='bbox 1434 1613 1450 1632; x_wconf 85' lang='lat' dir='ltr'>E</span> <span class='ocrx_word' id='word_1_835' title='bbox 1459 1613 1477 1631; x_wconf 86' lang='lat' dir='ltr'>x</span> <span class='ocrx_word' id='word_1_836' title='bbox 1488 1611 1501 1630; x_wconf 75' lang='grc' dir='ltr'>Ρ</span> <span class='ocrx_word' id='word_1_837' title='bbox 1513 1612 1531 1630; x_wconf 86' lang='grc' dir='ltr'><strong><em>ν</em></strong></span> <span class='ocrx_word' id='word_1_838' title='bbox 1541 1610 1560 1630; x_wconf 88' lang='lat' dir='ltr'>D</span> <span class='ocrx_word' id='word_1_839' title='bbox 1569 1611 1588 1630; x_wconf 94' lang='lat' dir='ltr'>o</span> <span class='ocrx_word' id='word_1_840' title='bbox 1598 1611 1615 1630; x_wconf 78' lang='lat' dir='ltr'>R</span> <span class='ocrx_word' id='word_1_841' title='bbox 1626 1611 1648 1630; x_wconf 81' lang='lat' dir='ltr'>A</span> <span class='ocrx_word' id='word_1_842' title='bbox 1660 1610 1681 1630; x_wconf 85' lang='grc' dir='ltr'>Τ</span> <span class='ocrx_word' id='word_1_843' title='bbox 1693 1611 1713 1630; x_wconf 86' lang='grc' dir='ltr'><strong><em>ν</em></strong></span> <span class='ocrx_word' id='word_1_844' title='bbox 1724 1611 1736 1630; x_wconf 86' lang='lat' dir='ltr'>s</span> <span class='ocrx_word' id='word_1_845' title='bbox 1746 1624 1754 1636; x_wconf 92' lang='lat'>,</span> <span class='ocrx_word' id='word_1_846' title='bbox 1773 1612 1804 1636; x_wconf 87' lang='lat' dir='ltr'>a,</span> <span class='ocrx_word' id='word_1_847' title='bbox 1823 1612 1877 1630; x_wconf 89' lang='lat' dir='ltr'>um.</span> <span class='ocrx_word' id='word_1_848' title='bbox 1918 1603 2071 1639; x_wconf 73' lang='lat' dir='ltr'>Impudicus</span> <span class='ocrx_word' id='word_1_849' title='bbox 2094 1600 2187 1629; x_wconf 86' lang='lat' dir='ltr'>Ifidor.</span> <span class='ocrx_word' id='word_1_850' title='bbox 2210 1602 2239 1629; x_wconf 81' lang='lat' dir='ltr'>in</span> <span class='ocrx_word' id='word_1_851' title='bbox 2256 1601 2334 1628; x_wconf 80' lang='lat' dir='ltr'>Glols.</span> <span class='ocrx_word' id='word_1_852' title='bbox 2356 1600 2435 1628; x_wconf 84' lang='lat' dir='ltr'>habet</span> 
     </span>
     <span class='ocr_line' id='line_1_46' title="bbox 329 1637 1924 1675; baseline 0.002 -13"><span class='ocrx_word' id='word_1_853' title='bbox 329 1644 344 1662; x_wconf 68' lang='lat' dir='ltr'>E</span> <span class='ocrx_word' id='word_1_854' title='bbox 356 1644 372 1663; x_wconf 71' lang='lat' dir='ltr'>t&lt;</span> <span class='ocrx_word' id='word_1_855' title='bbox 382 1643 423 1662; x_wconf 68' lang='lat' dir='ltr'>ea</span> <span class='ocrx_word' id='word_1_856' title='bbox 434 1641 453 1661; x_wconf 90' lang='grc' dir='ltr'>ο</span> <span class='ocrx_word' id='word_1_857' title='bbox 464 1641 564 1661; x_wconf 79' lang='lat' dir='ltr'>ERAT</span> <span class='ocrx_word' id='word_1_858' title='bbox 574 1642 592 1662; x_wconf 90' lang='lat' dir='ltr'>o</span> <span class='ocrx_word' id='word_1_859' title='bbox 602 1643 620 1662; x_wconf 79' lang='lat' dir='ltr'>R</span> <span class='ocrx_word' id='word_1_860' title='bbox 632 1656 640 1668; x_wconf 89' lang='lat'>,</span> <span class='ocrx_word' id='word_1_861' title='bbox 664 1637 728 1663; x_wconf 80' lang='lat' dir='ltr'>oris.</span> <span class='ocrx_word' id='word_1_862' title='bbox 755 1647 790 1664; x_wconf 92' lang='lat' dir='ltr'>m.</span> <span class='ocrx_word' id='word_1_863' title='bbox 826 1639 884 1665; x_wconf 87' lang='lat' dir='ltr'>Sen.</span> <span class='ocrx_word' id='word_1_864' title='bbox 899 1640 1030 1666; x_wconf 89' lang='lat' dir='ltr'>Controu.</span> <span class='ocrx_word' id='word_1_865' title='bbox 1046 1638 1080 1666; x_wconf 86' lang='lat'>21</span> <span class='ocrx_word' id='word_1_866' title='bbox 1099 1640 1217 1667; x_wconf 87' lang='lat' dir='ltr'>Oderant</span> <span class='ocrx_word' id='word_1_867' title='bbox 1236 1649 1278 1666; x_wconf 86' lang='lat' dir='ltr'>me</span> <span class='ocrx_word' id='word_1_868' title='bbox 1292 1648 1335 1675; x_wconf 84' lang='lat' dir='ltr'>pa·</span> <span class='ocrx_word' id='word_1_869' title='bbox 1397 1641 1513 1668; x_wconf 89' lang='lat' dir='ltr'>frontem</span> <span class='ocrx_word' id='word_1_870' title='bbox 1528 1639 1716 1674; x_wconf 84' lang='lat' dir='ltr'>expudoratam</span> <span class='ocrx_word' id='word_1_871' title='bbox 1730 1640 1834 1666; x_wconf 87' lang='lat' dir='ltr'>Petron.</span> <span class='ocrx_word' id='word_1_872' title='bbox 1848 1649 1868 1665; x_wconf 90' lang='lat' dir='ltr'>c.</span> <span class='ocrx_word' id='word_1_873' title='bbox 1884 1647 1924 1672; x_wconf 84' lang='grc'>39.</span> 
     </span>
    </p>

    <p class='ocr_par' dir='ltr' id='par_1_13' title="bbox 293 1670 2439 1732">
     <span class='ocr_line' id='line_1_47' title="bbox 293 1670 2439 1732; baseline -0.001 -34"><span class='ocrx_word' id='word_1_874' title='bbox 293 1677 346 1698; x_wconf 87' lang='lat' dir='ltr'>tres</span> <span class='ocrx_word' id='word_1_875' title='bbox 361 1671 430 1703; x_wconf 83' lang='lat' dir='ltr'>quasi</span> <span class='ocrx_word' id='word_1_876' title='bbox 452 1670 553 1704; x_wconf 77' lang='lat' dir='ltr'>publici</span> <span class='ocrx_word' id='word_1_877' title='bbox 570 1671 635 1697; x_wconf 87' lang='lat' dir='ltr'>mali</span> <span class='ocrx_word' id='word_1_878' title='bbox 659 1673 790 1706; x_wconf 80' lang='lat' dir='ltr'>segregem</span> <span class='ocrx_word' id='word_1_879' title='bbox 818 1675 1045 1709; x_wconf 81' lang='lat' dir='ltr'>exprobratorem.</span> <span class='ocrx_word' id='word_1_880' title='bbox 1102 1675 1176 1702; x_wconf 80' lang='lat' dir='ltr'>Idem</span> <span class='ocrx_word' id='word_1_881' title='bbox 1197 1676 1228 1702; x_wconf 89' lang='lat' dir='ltr'>de</span> <span class='ocrx_word' id='word_1_882' title='bbox 1243 1676 1334 1702; x_wconf 85' lang='lat' dir='ltr'>Benef.</span> <span class='ocrx_word' id='word_1_883' title='bbox 1345 1689 1382 1714; x_wconf 83' lang='lat'>40</span> <span class='ocrx_word' id='word_1_884' title='bbox 1435 1683 1480 1703; x_wconf 78' lang='lat' dir='ltr'>Ex</span> <span class='ocrx_word' id='word_1_885' title='bbox 1491 1683 1504 1702; x_wconf 80' lang='grc' dir='ltr'>Ρ</span> <span class='ocrx_word' id='word_1_886' title='bbox 1514 1683 1533 1702; x_wconf 86' lang='grc' dir='ltr'><strong><em>ν</em></strong></span> <span class='ocrx_word' id='word_1_887' title='bbox 1543 1682 1563 1702; x_wconf 89' lang='lat' dir='ltr'>G</span> <span class='ocrx_word' id='word_1_888' title='bbox 1575 1683 1596 1702; x_wconf 90' lang='lat' dir='ltr'>N</span> <span class='ocrx_word' id='word_1_889' title='bbox 1606 1682 1642 1707; x_wconf 93' lang='lat' dir='ltr'>O,</span> <span class='ocrx_word' id='word_1_890' title='bbox 1662 1680 1713 1702; x_wconf 72' lang='lat' dir='ltr'>are.</span> <span class='ocrx_word' id='word_1_891' title='bbox 1750 1675 1963 1709; x_wconf 50' lang='lat' dir='ltr'>[naa-amamini,</span> <span class='ocrx_word' id='word_1_892' title='bbox 1979 1674 2153 1709; x_wconf 72' lang='grc' dir='ltr'>ἒκπολιορκέω]</span> <span class='ocrx_word' id='word_1_893' title='bbox 2189 1671 2325 1711; x_wconf 78' lang='lat' dir='ltr'>Pugnando</span> <span class='ocrx_word' id='word_1_894' title='bbox 2343 1677 2439 1732; x_wconf 70' lang='lat' dir='ltr'>capere,</span> 
     </span>
    </p>

    <p class='ocr_par' dir='ltr' id='par_1_14' title="bbox 296 1707 2440 1780">
     <span class='ocr_line' id='line_1_48' title="bbox 296 1707 2438 1745; baseline -0 -10"><span class='ocrx_word' id='word_1_895' title='bbox 296 1716 316 1739; x_wconf 88' lang='grc'>1,</span> <span class='ocrx_word' id='word_1_896' title='bbox 333 1716 341 1732; x_wconf 85' lang='lat'>1</span> <span class='ocrx_word' id='word_1_897' title='bbox 363 1708 568 1741; x_wconf 70' lang='lat' dir='ltr'>Expl&#39;obratores</span> <span class='ocrx_word' id='word_1_898' title='bbox 582 1713 607 1732; x_wconf 90' lang='lat' dir='ltr'>et</span> <span class='ocrx_word' id='word_1_899' title='bbox 623 1707 766 1734; x_wconf 58' lang='lat' dir='ltr'>eximiores.</span> <span class='ocrx_word' id='word_1_900' title='bbox 1397 1718 1420 1738; x_wconf 79' lang='lat' dir='ltr'>ee</span> <span class='ocrx_word' id='word_1_901' title='bbox 1437 1716 1555 1738; x_wconf 78' lang='lat' dir='ltr'>euincere.</span> <span class='ocrx_word' id='word_1_902' title='bbox 1612 1711 1680 1737; x_wconf 85' lang='lat' dir='ltr'>Ter.</span> <span class='ocrx_word' id='word_1_903' title='bbox 1694 1711 1758 1738; x_wconf 87' lang='lat' dir='ltr'>Eun.</span> <span class='ocrx_word' id='word_1_904' title='bbox 1771 1721 1800 1744; x_wconf 89' lang='lat'>4,</span> <span class='ocrx_word' id='word_1_905' title='bbox 1814 1718 1841 1745; x_wconf 92' lang='lat'>7,</span> <span class='ocrx_word' id='word_1_906' title='bbox 1855 1719 1867 1742; x_wconf 85' lang='lat'>3</span> <span class='ocrx_word' id='word_1_907' title='bbox 1896 1711 2013 1737; x_wconf 84' lang='lat' dir='ltr'>Primum</span> <span class='ocrx_word' id='word_1_908' title='bbox 2033 1710 2118 1736; x_wconf 79' lang='lat' dir='ltr'>aedeis</span> <span class='ocrx_word' id='word_1_909' title='bbox 2138 1708 2304 1743; x_wconf 84' lang='lat' dir='ltr'>expugnabo.</span> <span class='ocrx_word' id='word_1_910' title='bbox 2357 1707 2375 1732; x_wconf 80' lang='lat' dir='ltr'>P</span> <span class='ocrx_word' id='word_1_911' title='bbox 2386 1711 2438 1732; x_wconf 74' lang='lat' dir='ltr'>aut-</span> 
     </span>
     <span class='ocr_line' id='line_1_49' title="bbox 329 1742 2440 1780; baseline 0.001 -14"><span class='ocrx_word' id='word_1_912' title='bbox 329 1748 373 1768; x_wconf 70' lang='lat' dir='ltr'>nx</span> <span class='ocrx_word' id='word_1_913' title='bbox 384 1748 424 1767; x_wconf 76' lang='lat' dir='ltr'>PR</span> <span class='ocrx_word' id='word_1_914' title='bbox 436 1748 455 1766; x_wconf 86' lang='lat' dir='ltr'>o</span> <span class='ocrx_word' id='word_1_915' title='bbox 467 1748 540 1767; x_wconf 61' lang='grc' dir='ltr'>ΒΚΑ</span> <span class='ocrx_word' id='word_1_916' title='bbox 552 1747 573 1766; x_wconf 84' lang='lat' dir='ltr'>T</span> <span class='ocrx_word' id='word_1_917' title='bbox 585 1748 602 1767; x_wconf 81' lang='lat' dir='ltr'>R</span> <span class='ocrx_word' id='word_1_918' title='bbox 614 1749 621 1767; x_wconf 94' lang='lat'>1</span> <span class='ocrx_word' id='word_1_919' title='bbox 633 1749 667 1774; x_wconf 88' lang='lat' dir='ltr'>x,</span> <span class='ocrx_word' id='word_1_920' title='bbox 686 1743 742 1771; x_wconf 74' lang='lat' dir='ltr'>icis,</span> <span class='ocrx_word' id='word_1_921' title='bbox 770 1743 789 1769; x_wconf 87' lang='lat' dir='ltr'>f.</span> <span class='ocrx_word' id='word_1_922' title='bbox 826 1743 884 1770; x_wconf 86' lang='lat' dir='ltr'>Sen.</span> <span class='ocrx_word' id='word_1_923' title='bbox 899 1745 990 1772; x_wconf 86' lang='lat' dir='ltr'>Benef.</span> <span class='ocrx_word' id='word_1_924' title='bbox 1010 1754 1033 1777; x_wconf 90' lang='lat'>7,</span> <span class='ocrx_word' id='word_1_925' title='bbox 1052 1753 1085 1771; x_wconf 87' lang='lat'>22.</span> <span class='ocrx_word' id='word_1_926' title='bbox 1115 1746 1150 1771; x_wconf 91' lang='lat' dir='ltr'>Vt</span> <span class='ocrx_word' id='word_1_927' title='bbox 1169 1745 1232 1772; x_wconf 83' lang='lat' dir='ltr'>haec</span> <span class='ocrx_word' id='word_1_928' title='bbox 1251 1745 1335 1770; x_wconf 86' lang='lat' dir='ltr'>nimia</span> <span class='ocrx_word' id='word_1_929' title='bbox 1399 1746 1494 1780; x_wconf 77' lang='lat' dir='ltr'>Amph.</span> <span class='ocrx_word' id='word_1_930' title='bbox 1509 1755 1528 1777; x_wconf 86' lang='lat'>1,</span> <span class='ocrx_word' id='word_1_931' title='bbox 1541 1755 1559 1776; x_wconf 87' lang='lat' dir='ltr'>t,</span> <span class='ocrx_word' id='word_1_932' title='bbox 1573 1749 1604 1777; x_wconf 79' lang='lat'>36</span> <span class='ocrx_word' id='word_1_933' title='bbox 1634 1746 1817 1780; x_wconf 83' lang='lat' dir='ltr'>Expugnatum</span> <span class='ocrx_word' id='word_1_934' title='bbox 1836 1746 1963 1780; x_wconf 87' lang='lat' dir='ltr'>oppidum</span> <span class='ocrx_word' id='word_1_935' title='bbox 1983 1745 2031 1772; x_wconf 70' lang='lat' dir='ltr'>est.</span> <span class='ocrx_word' id='word_1_936' title='bbox 2083 1746 2156 1772; x_wconf 85' lang='lat' dir='ltr'>Caes.</span> <span class='ocrx_word' id='word_1_937' title='bbox 2170 1746 2197 1772; x_wconf 88' lang='lat' dir='ltr'>B.</span> <span class='ocrx_word' id='word_1_938' title='bbox 2212 1745 2244 1771; x_wconf 91' lang='lat' dir='ltr'>G.</span> <span class='ocrx_word' id='word_1_939' title='bbox 2262 1752 2284 1775; x_wconf 79' lang='lat'>3,</span> <span class='ocrx_word' id='word_1_940' title='bbox 2302 1751 2333 1776; x_wconf 87' lang='lat'>14</span> <span class='ocrx_word' id='word_1_941' title='bbox 2362 1742 2440 1769; x_wconf 82' lang='lat' dir='ltr'>Com-</span> 
     </span>
    </p>

    <p class='ocr_par' dir='ltr' id='par_1_15' title="bbox 293 1776 2444 1870">
     <span class='ocr_line' id='line_1_50' title="bbox 293 1776 2443 1814; baseline 0 -12"><span class='ocrx_word' id='word_1_942' title='bbox 293 1783 319 1803; x_wconf 88' lang='lat' dir='ltr'>et</span> <span class='ocrx_word' id='word_1_943' title='bbox 332 1776 517 1811; x_wconf 78' lang='lat' dir='ltr'>exprobratrix</span> <span class='ocrx_word' id='word_1_944' title='bbox 530 1777 658 1803; x_wconf 86' lang='lat' dir='ltr'>memoria</span> <span class='ocrx_word' id='word_1_945' title='bbox 673 1778 823 1805; x_wconf 79' lang='lat' dir='ltr'>subsideret.</span> <span class='ocrx_word' id='word_1_946' title='bbox 1399 1780 1519 1814; x_wconf 86' lang='lat' dir='ltr'>pluribus</span> <span class='ocrx_word' id='word_1_947' title='bbox 1541 1783 1694 1814; x_wconf 86' lang='lat' dir='ltr'>expugnatis</span> <span class='ocrx_word' id='word_1_948' title='bbox 1717 1782 1831 1814; x_wconf 81' lang='lat' dir='ltr'>oppidis.</span> <span class='ocrx_word' id='word_1_949' title='bbox 1888 1781 1988 1808; x_wconf 84' lang='lat' dir='ltr'>Vrbem</span> <span class='ocrx_word' id='word_1_950' title='bbox 2002 1781 2094 1807; x_wconf 81' lang='lat' dir='ltr'>Tacit.</span> <span class='ocrx_word' id='word_1_951' title='bbox 2111 1782 2178 1807; x_wconf 84' lang='lat' dir='ltr'>Ann.</span> <span class='ocrx_word' id='word_1_952' title='bbox 2193 1788 2216 1814; x_wconf 79' lang='lat'>5,</span> <span class='ocrx_word' id='word_1_953' title='bbox 2229 1788 2263 1812; x_wconf 79' lang='lat'>13,</span> <span class='ocrx_word' id='word_1_954' title='bbox 2277 1781 2303 1805; x_wconf 92' lang='grc'>6.</span> <span class='ocrx_word' id='word_1_955' title='bbox 2357 1777 2443 1807; x_wconf 69' lang='lat' dir='ltr'>Plaut.</span> 
     </span>
     <span class='ocr_line' id='line_1_51' title="bbox 328 1809 2444 1870; baseline -0.002 -27"><span class='ocrx_word' id='word_1_956' title='bbox 328 1819 344 1837; x_wconf 83' lang='lat' dir='ltr'>E</span> <span class='ocrx_word' id='word_1_957' title='bbox 354 1819 372 1837; x_wconf 84' lang='grc' dir='ltr'><strong>Χ</strong></span> <span class='ocrx_word' id='word_1_958' title='bbox 386 1817 400 1835; x_wconf 83' lang='grc' dir='ltr'><em>Ρ</em></span> <span class='ocrx_word' id='word_1_959' title='bbox 412 1818 429 1836; x_wconf 77' lang='lat' dir='ltr'>R</span> <span class='ocrx_word' id='word_1_960' title='bbox 440 1818 491 1837; x_wconf 82' lang='lat' dir='ltr'>OM</span> <span class='ocrx_word' id='word_1_961' title='bbox 502 1818 509 1835; x_wconf 84' lang='lat'>¹</span> <span class='ocrx_word' id='word_1_962' title='bbox 521 1817 614 1843; x_wconf 88' lang='lat' dir='ltr'>TTO,</span> <span class='ocrx_word' id='word_1_963' title='bbox 642 1812 685 1843; x_wconf 69' lang='lat' dir='ltr'>ffi,</span> <span class='ocrx_word' id='word_1_964' title='bbox 707 1813 797 1846; x_wconf 68' lang='lat' dir='ltr'>sssum,</span> <span class='ocrx_word' id='word_1_965' title='bbox 819 1816 873 1842; x_wconf 70' lang='lat' dir='ltr'>ere.</span> <span class='ocrx_word' id='word_1_966' title='bbox 910 1814 1074 1848; x_wconf 70' lang='grc' dir='ltr'>[ἐγγυῶμαι]</span> <span class='ocrx_word' id='word_1_967' title='bbox 1119 1815 1191 1840; x_wconf 81' lang='lat' dir='ltr'>Plene</span> <span class='ocrx_word' id='word_1_968' title='bbox 1210 1820 1233 1839; x_wconf 79' lang='lat' dir='ltr'>tt</span> <span class='ocrx_word' id='word_1_969' title='bbox 1252 1812 1335 1839; x_wconf 74' lang='lat' dir='ltr'>valide</span> <span class='ocrx_word' id='word_1_970' title='bbox 1398 1814 1491 1841; x_wconf 85' lang='lat' dir='ltr'>Bacch.</span> <span class='ocrx_word' id='word_1_971' title='bbox 1505 1824 1533 1848; x_wconf 84' lang='lat'>4,</span> <span class='ocrx_word' id='word_1_972' title='bbox 1546 1823 1572 1847; x_wconf 92' lang='lat'>9,</span> <span class='ocrx_word' id='word_1_973' title='bbox 1587 1823 1603 1848; x_wconf 90' lang='lat'><strong>7</strong></span> <span class='ocrx_word' id='word_1_974' title='bbox 1628 1815 1782 1849; x_wconf 85' lang='lat' dir='ltr'>Expugnaui</span> <span class='ocrx_word' id='word_1_975' title='bbox 1797 1816 1897 1841; x_wconf 81' lang='lat' dir='ltr'>amanti</span> <span class='ocrx_word' id='word_1_976' title='bbox 1921 1816 2001 1841; x_wconf 89' lang='lat' dir='ltr'>herili</span> <span class='ocrx_word' id='word_1_977' title='bbox 2022 1816 2081 1841; x_wconf 87' lang='lat' dir='ltr'>filio</span> <span class='ocrx_word' id='word_1_978' title='bbox 2100 1824 2195 1842; x_wconf 87' lang='lat' dir='ltr'>aurum</span> <span class='ocrx_word' id='word_1_979' title='bbox 2213 1815 2246 1840; x_wconf 92' lang='lat' dir='ltr'>ab</span> <span class='ocrx_word' id='word_1_980' title='bbox 2261 1814 2307 1840; x_wconf 91' lang='lat' dir='ltr'>suo</span> <span class='ocrx_word' id='word_1_981' title='bbox 2321 1818 2403 1847; x_wconf 89' lang='lat' dir='ltr'>patre.</span> <span class='ocrx_word' id='word_1_982' title='bbox 2423 1809 2444 1870; x_wconf 53' lang='grc' dir='ltr'>Ἰ</span> 
     </span>
    </p>

    <p class='ocr_par' dir='ltr' id='par_1_16' title="bbox 292 1846 2443 1885">
     <span class='ocr_line' id='line_1_52' title="bbox 292 1846 2443 1885; baseline 0 -12"><span class='ocrx_word' id='word_1_983' title='bbox 292 1847 456 1875; x_wconf 66' lang='lat' dir='ltr'>Promittere,</span> <span class='ocrx_word' id='word_1_984' title='bbox 478 1852 506 1870; x_wconf 80' lang='lat' dir='ltr'>vt</span> <span class='ocrx_word' id='word_1_985' title='bbox 521 1846 692 1879; x_wconf 83' lang='lat' dir='ltr'>inExaudio,</span> <span class='ocrx_word' id='word_1_986' title='bbox 712 1847 973 1883; x_wconf 79' lang='lat' dir='ltr'>Efficio‚fimilibus,</span> <span class='ocrx_word' id='word_1_987' title='bbox 993 1850 1021 1876; x_wconf 83' lang='lat' dir='ltr'>de</span> <span class='ocrx_word' id='word_1_988' title='bbox 1039 1849 1125 1885; x_wconf 79' lang='lat' dir='ltr'>quibus</span> <span class='ocrx_word' id='word_1_989' title='bbox 1139 1849 1193 1875; x_wconf 82' lang='lat' dir='ltr'>vid.</span> <span class='ocrx_word' id='word_1_990' title='bbox 1215 1856 1252 1875; x_wconf 79' lang='lat' dir='ltr'>Ex</span> <span class='ocrx_word' id='word_1_991' title='bbox 1269 1858 1296 1874; x_wconf 93' lang='lat' dir='ltr'>n.</span> <span class='ocrx_word' id='word_1_992' title='bbox 1311 1853 1333 1878; x_wconf 88' lang='lat'>8.</span> <span class='ocrx_word' id='word_1_993' title='bbox 1348 1857 1382 1884; x_wconf 88' lang='lat'>45</span> <span class='ocrx_word' id='word_1_994' title='bbox 1403 1851 1513 1877; x_wconf 81' lang='lat' dir='ltr'>Technis</span> <span class='ocrx_word' id='word_1_995' title='bbox 1534 1857 1631 1876; x_wconf 77' lang='lat' dir='ltr'>tantum</span> <span class='ocrx_word' id='word_1_996' title='bbox 1652 1850 1740 1883; x_wconf 63' lang='lat' dir='ltr'>effeci,</span> <span class='ocrx_word' id='word_1_997' title='bbox 1764 1856 1793 1876; x_wconf 79' lang='lat' dir='ltr'>vt</span> <span class='ocrx_word' id='word_1_998' title='bbox 1808 1857 1883 1884; x_wconf 83' lang='lat' dir='ltr'>pater</span> <span class='ocrx_word' id='word_1_999' title='bbox 1903 1850 1975 1876; x_wconf 82' lang='lat' dir='ltr'>daret</span> <span class='ocrx_word' id='word_1_1000' title='bbox 1988 1853 2117 1884; x_wconf 80' lang='lat' dir='ltr'>pecunias.</span> <span class='ocrx_word' id='word_1_1001' title='bbox 2190 1850 2344 1884; x_wconf 83' lang='lat' dir='ltr'>Expugnare</span> <span class='ocrx_word' id='word_1_1002' title='bbox 2358 1855 2443 1878; x_wconf 80' lang='lat' dir='ltr'>carce,</span> 
     </span>
    </p>

    <p class='ocr_par' dir='ltr' id='par_1_17' title="bbox 292 1880 2442 1921">
     <span class='ocr_line' id='line_1_53' title="bbox 292 1880 2442 1921; baseline 0.002 -14"><span class='ocrx_word' id='word_1_1003' title='bbox 292 1883 368 1907; x_wconf 77' lang='lat' dir='ltr'>Varr.</span> <span class='ocrx_word' id='word_1_1004' title='bbox 383 1880 413 1906; x_wconf 89' lang='lat' dir='ltr'>de</span> <span class='ocrx_word' id='word_1_1005' title='bbox 424 1881 452 1905; x_wconf 86' lang='lat' dir='ltr'>R.</span> <span class='ocrx_word' id='word_1_1006' title='bbox 464 1881 494 1905; x_wconf 90' lang='lat' dir='ltr'>R.</span> <span class='ocrx_word' id='word_1_1007' title='bbox 509 1889 529 1910; x_wconf 81' lang='lat'>2,</span> <span class='ocrx_word' id='word_1_1008' title='bbox 544 1888 588 1911; x_wconf 81' lang='lat'>2‚5</span> <span class='ocrx_word' id='word_1_1009' title='bbox 610 1882 678 1906; x_wconf 88' lang='lat' dir='ltr'>Cmn</span> <span class='ocrx_word' id='word_1_1010' title='bbox 692 1889 778 1908; x_wconf 88' lang='lat' dir='ltr'>emtor</span> <span class='ocrx_word' id='word_1_1011' title='bbox 792 1883 875 1914; x_wconf 77' lang='lat' dir='ltr'>dixit,</span> <span class='ocrx_word' id='word_1_1012' title='bbox 896 1885 983 1910; x_wconf 77' lang='lat' dir='ltr'>Tanti</span> <span class='ocrx_word' id='word_1_1013' title='bbox 995 1885 1054 1910; x_wconf 92' lang='lat' dir='ltr'>sunt</span> <span class='ocrx_word' id='word_1_1014' title='bbox 1075 1885 1113 1910; x_wconf 92' lang='lat' dir='ltr'>mi</span> <span class='ocrx_word' id='word_1_1015' title='bbox 1128 1885 1228 1910; x_wconf 76' lang='lat' dir='ltr'>emtae3</span> <span class='ocrx_word' id='word_1_1016' title='bbox 1249 1890 1275 1909; x_wconf 87' lang='lat' dir='ltr'>et</span> <span class='ocrx_word' id='word_1_1017' title='bbox 1288 1883 1334 1909; x_wconf 86' lang='lat' dir='ltr'>ille</span> <span class='ocrx_word' id='word_1_1018' title='bbox 1399 1894 1455 1912; x_wconf 83' lang='lat' dir='ltr'>rem</span> <span class='ocrx_word' id='word_1_1019' title='bbox 1465 1892 1531 1919; x_wconf 80' lang='lat' dir='ltr'>‚pro</span> <span class='ocrx_word' id='word_1_1020' title='bbox 1550 1885 1693 1921; x_wconf 75' lang='lat' dir='ltr'>Effringere</span> <span class='ocrx_word' id='word_1_1021' title='bbox 1709 1886 1792 1911; x_wconf 84' lang='lat' dir='ltr'>Plaut.</span> <span class='ocrx_word' id='word_1_1022' title='bbox 1812 1884 1900 1911; x_wconf 84' lang='lat' dir='ltr'>Pseud.</span> <span class='ocrx_word' id='word_1_1023' title='bbox 1919 1896 1947 1919; x_wconf 85' lang='lat'>4,</span> <span class='ocrx_word' id='word_1_1024' title='bbox 1963 1893 1996 1920; x_wconf 91' lang='lat'>7,</span> <span class='ocrx_word' id='word_1_1025' title='bbox 2011 1887 2055 1919; x_wconf 85' lang='lat'>76.</span> <span class='ocrx_word' id='word_1_1026' title='bbox 2125 1884 2237 1911; x_wconf 81' lang='lat' dir='ltr'>Castella</span> <span class='ocrx_word' id='word_1_1027' title='bbox 2254 1885 2310 1910; x_wconf 79' lang='lat' dir='ltr'>Cic·</span> <span class='ocrx_word' id='word_1_1028' title='bbox 2325 1882 2356 1908; x_wconf 72' lang='lat' dir='ltr'>de</span> <span class='ocrx_word' id='word_1_1029' title='bbox 2371 1883 2442 1910; x_wconf 76' lang='lat' dir='ltr'>Clar-</span> 
     </span>
    </p>

    <p class='ocr_par' dir='ltr' id='par_1_18' title="bbox 292 1915 2442 1955">
     <span class='ocr_line' id='line_1_54' title="bbox 292 1915 2442 1955; baseline 0.002 -14"><span class='ocrx_word' id='word_1_1030' title='bbox 292 1916 435 1951; x_wconf 84' lang='lat' dir='ltr'>respoudit,</span> <span class='ocrx_word' id='word_1_1031' title='bbox 450 1916 521 1941; x_wconf 89' lang='lat' dir='ltr'>sunt:</span> <span class='ocrx_word' id='word_1_1032' title='bbox 541 1921 566 1940; x_wconf 89' lang='lat' dir='ltr'>et</span> <span class='ocrx_word' id='word_1_1033' title='bbox 579 1915 698 1949; x_wconf 68' lang='lat' dir='ltr'>(emtor)</span> <span class='ocrx_word' id='word_1_1034' title='bbox 716 1918 868 1950; x_wconf 84' lang='lat' dir='ltr'>expromifit</span> <span class='ocrx_word' id='word_1_1035' title='bbox 881 1927 984 1948; x_wconf 80' lang='lat' dir='ltr'>numos,</span> <span class='ocrx_word' id='word_1_1036' title='bbox 998 1926 1043 1944; x_wconf 79' lang='lat' dir='ltr'>etc.</span> <span class='ocrx_word' id='word_1_1037' title='bbox 1080 1919 1120 1944; x_wconf 84' lang='lat' dir='ltr'>Sic</span> <span class='ocrx_word' id='word_1_1038' title='bbox 1137 1928 1166 1943; x_wconf 75' lang='lat' dir='ltr'>tx</span> <span class='ocrx_word' id='word_1_1039' title='bbox 1179 1919 1253 1944; x_wconf 86' lang='lat' dir='ltr'>MSS.</span> <span class='ocrx_word' id='word_1_1040' title='bbox 1266 1916 1335 1949; x_wconf 72' lang='lat' dir='ltr'>resti·</span> <span class='ocrx_word' id='word_1_1041' title='bbox 1398 1921 1473 1946; x_wconf 79' lang='lat' dir='ltr'>Orat.</span> <span class='ocrx_word' id='word_1_1042' title='bbox 1488 1926 1538 1950; x_wconf 83' lang='lat'>255.</span> <span class='ocrx_word' id='word_1_1043' title='bbox 1610 1920 1726 1953; x_wconf 84' lang='lat' dir='ltr'>Coepta,</span> <span class='ocrx_word' id='word_1_1044' title='bbox 1747 1924 1766 1945; x_wconf 89' lang='lat' dir='ltr'>i.</span> <span class='ocrx_word' id='word_1_1045' title='bbox 1786 1921 1957 1955; x_wconf 75' lang='lat' dir='ltr'>Expugnando</span> <span class='ocrx_word' id='word_1_1046' title='bbox 1976 1928 1999 1946; x_wconf 82' lang='lat' dir='ltr'>et</span> <span class='ocrx_word' id='word_1_1047' title='bbox 2015 1918 2130 1952; x_wconf 81' lang='lat' dir='ltr'>instando</span> <span class='ocrx_word' id='word_1_1048' title='bbox 2149 1920 2255 1953; x_wconf 76' lang='lat' dir='ltr'>affidue,</span> <span class='ocrx_word' id='word_1_1049' title='bbox 2273 1923 2371 1953; x_wconf 76' lang='lat' dir='ltr'>incepta</span> <span class='ocrx_word' id='word_1_1050' title='bbox 2384 1927 2442 1953; x_wconf 81' lang='lat' dir='ltr'>per-</span> 
     </span>
    </p>

    <p class='ocr_par' dir='ltr' id='par_1_19' title="bbox 291 1950 2440 1989">
     <span class='ocr_line' id='line_1_55' title="bbox 291 1950 2440 1989; baseline -0.001 -11"><span class='ocrx_word' id='word_1_1051' title='bbox 291 1956 340 1978; x_wconf 79' lang='lat' dir='ltr'>tuit</span> <span class='ocrx_word' id='word_1_1052' title='bbox 360 1950 503 1983; x_wconf 53' lang='lat' dir='ltr'>Victorius,</span> <span class='ocrx_word' id='word_1_1053' title='bbox 517 1957 564 1985; x_wconf 81' lang='lat' dir='ltr'>pro</span> <span class='ocrx_word' id='word_1_1054' title='bbox 582 1950 723 1985; x_wconf 85' lang='lat' dir='ltr'>expromsit</span> <span class='ocrx_word' id='word_1_1055' title='bbox 742 1953 860 1981; x_wconf 82' lang='lat' dir='ltr'>aliorum,</span> <span class='ocrx_word' id='word_1_1056' title='bbox 880 1952 945 1987; x_wconf 84' lang='lat' dir='ltr'>quod</span> <span class='ocrx_word' id='word_1_1057' title='bbox 957 1952 1010 1977; x_wconf 76' lang='lat' dir='ltr'>idco</span> <span class='ocrx_word' id='word_1_1058' title='bbox 1029 1953 1105 1977; x_wconf 84' lang='lat' dir='ltr'>locum</span> <span class='ocrx_word' id='word_1_1059' title='bbox 1120 1953 1206 1977; x_wconf 79' lang='lat' dir='ltr'>hahere</span> <span class='ocrx_word' id='word_1_1060' title='bbox 1220 1961 1267 1977; x_wconf 80' lang='lat' dir='ltr'>non</span> <span class='ocrx_word' id='word_1_1061' title='bbox 1278 1957 1336 1985; x_wconf 83' lang='lat' dir='ltr'>pot·</span> <span class='ocrx_word' id='word_1_1062' title='bbox 1391 1953 1471 1988; x_wconf 77' lang='lat' dir='ltr'>ficere</span> <span class='ocrx_word' id='word_1_1063' title='bbox 1484 1952 1566 1979; x_wconf 88' lang='lat' dir='ltr'>Ouid.</span> <span class='ocrx_word' id='word_1_1064' title='bbox 1579 1954 1644 1979; x_wconf 88' lang='lat' dir='ltr'>Met.</span> <span class='ocrx_word' id='word_1_1065' title='bbox 1660 1962 1685 1985; x_wconf 87' lang='lat'>9,</span> <span class='ocrx_word' id='word_1_1066' title='bbox 1698 1956 1750 1983; x_wconf 84' lang='lat'>618.</span> <span class='ocrx_word' id='word_1_1067' title='bbox 1823 1955 1888 1980; x_wconf 85' lang='lat' dir='ltr'>Hor.</span> <span class='ocrx_word' id='word_1_1068' title='bbox 1903 1956 1992 1981; x_wconf 87' lang='lat' dir='ltr'>Carm.</span> <span class='ocrx_word' id='word_1_1069' title='bbox 2011 1963 2033 1986; x_wconf 75' lang='lat'>3,</span> <span class='ocrx_word' id='word_1_1070' title='bbox 2048 1962 2082 1986; x_wconf 89' lang='lat'>15,</span> <span class='ocrx_word' id='word_1_1071' title='bbox 2095 1963 2111 1986; x_wconf 90' lang='lat'>9</span> <span class='ocrx_word' id='word_1_1072' title='bbox 2140 1955 2210 1981; x_wconf 77' lang='lat' dir='ltr'>Filia</span> <span class='ocrx_word' id='word_1_1073' title='bbox 2223 1954 2320 1981; x_wconf 67' lang='lat' dir='ltr'>re6fius</span> <span class='ocrx_word' id='word_1_1074' title='bbox 2357 1954 2440 1989; x_wconf 70' lang='lat' dir='ltr'>Expu-</span> 
     </span>
    </p>

    <p class='ocr_par' dir='ltr' id='par_1_20' title="bbox 293 1986 2440 2024">
     <span class='ocr_line' id='line_1_56' title="bbox 293 1986 2440 2024; baseline 0.001 -11"><span class='ocrx_word' id='word_1_1075' title='bbox 293 1986 325 2021; x_wconf 85' lang='lat' dir='ltr'>est</span> <span class='ocrx_word' id='word_1_1076' title='bbox 334 2008 341 2019; x_wconf 84' lang='lat'>,</span> <span class='ocrx_word' id='word_1_1077' title='bbox 357 1993 460 2019; x_wconf 79' lang='lat' dir='ltr'>cum,ot</span> <span class='ocrx_word' id='word_1_1078' title='bbox 474 1987 513 2012; x_wconf 81' lang='lat' dir='ltr'>vel</span> <span class='ocrx_word' id='word_1_1079' title='bbox 525 1986 574 2021; x_wconf 78' lang='lat' dir='ltr'>ipse</span> <span class='ocrx_word' id='word_1_1080' title='bbox 588 1988 629 2013; x_wconf 84' lang='lat' dir='ltr'>hic</span> <span class='ocrx_word' id='word_1_1081' title='bbox 646 1987 713 2012; x_wconf 78' lang='lat' dir='ltr'>locus</span> <span class='ocrx_word' id='word_1_1082' title='bbox 722 1993 749 2021; x_wconf 83' lang='lat' dir='ltr'>p.</span> <span class='ocrx_word' id='word_1_1083' title='bbox 760 1994 787 2022; x_wconf 80' lang='lat' dir='ltr'>p.</span> <span class='ocrx_word' id='word_1_1084' title='bbox 802 1986 899 2013; x_wconf 76' lang='lat' dir='ltr'>indicat</span> <span class='ocrx_word' id='word_1_1085' title='bbox 908 2006 915 2017; x_wconf 96' lang='lat'>,</span> <span class='ocrx_word' id='word_1_1086' title='bbox 933 1990 1005 2012; x_wconf 79' lang='lat' dir='ltr'>emtio</span> <span class='ocrx_word' id='word_1_1087' title='bbox 1019 1986 1130 2013; x_wconf 77' lang='lat' dir='ltr'>venditio</span> <span class='ocrx_word' id='word_1_1088' title='bbox 1146 1993 1284 2022; x_wconf 78' lang='lat' dir='ltr'>peragatur</span> <span class='ocrx_word' id='word_1_1089' title='bbox 1302 1991 1336 2010; x_wconf 75' lang='lat' dir='ltr'>ct·</span> <span class='ocrx_word' id='word_1_1090' title='bbox 1399 1994 1460 2021; x_wconf 80' lang='lat' dir='ltr'>gnat</span> <span class='ocrx_word' id='word_1_1091' title='bbox 1474 1987 1603 2013; x_wconf 89' lang='lat' dir='ltr'>iuuenum</span> <span class='ocrx_word' id='word_1_1092' title='bbox 1616 1987 1726 2020; x_wconf 83' lang='lat' dir='ltr'>domos,</span> <span class='ocrx_word' id='word_1_1093' title='bbox 1738 1987 1767 2014; x_wconf 82' lang='lat' dir='ltr'>de</span> <span class='ocrx_word' id='word_1_1094' title='bbox 1781 1987 1933 2021; x_wconf 67' lang='lat' dir='ltr'>comffznn‘r</span> <span class='ocrx_word' id='word_1_1095' title='bbox 1940 1989 2023 2023; x_wconf 86' lang='lat' dir='ltr'>scorti</span> <span class='ocrx_word' id='word_1_1096' title='bbox 2035 1989 2149 2024; x_wconf 67' lang='lat' dir='ltr'>hsciuia.</span> <span class='ocrx_word' id='word_1_1097' title='bbox 2203 1990 2260 2016; x_wconf 89' lang='lat' dir='ltr'>Cic.</span> <span class='ocrx_word' id='word_1_1098' title='bbox 2274 1998 2323 2024; x_wconf 86' lang='lat' dir='ltr'>pro</span> <span class='ocrx_word' id='word_1_1099' title='bbox 2337 1989 2440 2016; x_wconf 82' lang='lat' dir='ltr'>Cluent.</span> 
     </span>
    </p>

    <p class='ocr_par' dir='ltr' id='par_1_21' title="bbox 292 2020 2441 2059">
     <span class='ocr_line' id='line_1_57' title="bbox 292 2020 2441 2059; baseline 0.001 -10"><span class='ocrx_word' id='word_1_1100' title='bbox 292 2027 341 2049; x_wconf 81' lang='lat' dir='ltr'>iam</span> <span class='ocrx_word' id='word_1_1101' title='bbox 356 2032 403 2048; x_wconf 82' lang='lat' dir='ltr'>non</span> <span class='ocrx_word' id='word_1_1102' title='bbox 416 2021 514 2049; x_wconf 77' lang='lat' dir='ltr'>tradita</span> <span class='ocrx_word' id='word_1_1103' title='bbox 522 2025 636 2056; x_wconf 63' lang='lat' dir='ltr'>pecuina.</span> <span class='ocrx_word' id='word_1_1104' title='bbox 673 2022 797 2048; x_wconf 75' lang='lat' dir='ltr'>Caeterum</span> <span class='ocrx_word' id='word_1_1105' title='bbox 812 2024 876 2049; x_wconf 80' lang='lat' dir='ltr'>alias</span> <span class='ocrx_word' id='word_1_1106' title='bbox 883 2022 944 2058; x_wconf 74' lang='lat' dir='ltr'>fere</span> <span class='ocrx_word' id='word_1_1107' title='bbox 957 2023 1070 2049; x_wconf 84' lang='lat' dir='ltr'>ICtorum</span> <span class='ocrx_word' id='word_1_1108' title='bbox 1080 2025 1209 2057; x_wconf 81' lang='lat' dir='ltr'>proprium</span> <span class='ocrx_word' id='word_1_1109' title='bbox 1221 2020 1263 2055; x_wconf 64' lang='lat' dir='ltr'>est.</span> <span class='ocrx_word' id='word_1_1110' title='bbox 1277 2031 1301 2047; x_wconf 85' lang='grc' dir='ltr'>υ.</span> <span class='ocrx_word' id='word_1_1111' title='bbox 1310 2030 1335 2057; x_wconf 83' lang='lat' dir='ltr'>g.</span> <span class='ocrx_word' id='word_1_1112' title='bbox 1355 2032 1386 2058; x_wconf 80' lang='lat'>50</span> <span class='ocrx_word' id='word_1_1113' title='bbox 1400 2026 1431 2055; x_wconf 83' lang='grc'>36</span> <span class='ocrx_word' id='word_1_1114' title='bbox 1451 2023 1596 2057; x_wconf 88' lang='lat' dir='ltr'>Tanquam</span> <span class='ocrx_word' id='word_1_1115' title='bbox 1615 2023 1704 2058; x_wconf 87' lang='lat' dir='ltr'>aliqua</span> <span class='ocrx_word' id='word_1_1116' title='bbox 1722 2023 1845 2050; x_wconf 90' lang='lat' dir='ltr'>machina</span> <span class='ocrx_word' id='word_1_1117' title='bbox 1864 2023 1969 2050; x_wconf 81' lang='lat' dir='ltr'>admota</span> <span class='ocrx_word' id='word_1_1118' title='bbox 1983 2044 1991 2056; x_wconf 93' lang='lat'>‚</span> <span class='ocrx_word' id='word_1_1119' title='bbox 2018 2033 2109 2059; x_wconf 86' lang='lat' dir='ltr'>capere</span> <span class='ocrx_word' id='word_1_1120' title='bbox 2129 2024 2212 2051; x_wconf 85' lang='lat' dir='ltr'>Asinii</span> <span class='ocrx_word' id='word_1_1121' title='bbox 2229 2024 2441 2057; x_wconf 81' lang='lat' dir='ltr'>adolescentiam,</span> 
     </span>
    </p>

    <p class='ocr_par' dir='ltr' id='par_1_22' title="bbox 292 2056 2440 2100">
     <span class='ocr_line' id='line_1_58' title="bbox 292 2056 2440 2100; baseline 0.001 -16"><span class='ocrx_word' id='word_1_1122' title='bbox 292 2059 396 2094; x_wconf 89' lang='lat' dir='ltr'>leian.</span> <span class='ocrx_word' id='word_1_1123' title='bbox 412 2058 429 2084; x_wconf 92' lang='lat' dir='ltr'>l.</span> <span class='ocrx_word' id='word_1_1124' title='bbox 446 2067 471 2090; x_wconf 92' lang='lat'>19</span> <span class='ocrx_word' id='word_1_1125' title='bbox 486 2056 541 2094; x_wconf 83' lang='lat'>§.4</span> <span class='ocrx_word' id='word_1_1126' title='bbox 553 2057 579 2083; x_wconf 80' lang='lat' dir='ltr'>ff.</span> <span class='ocrx_word' id='word_1_1127' title='bbox 594 2057 626 2083; x_wconf 89' lang='lat' dir='ltr'>de</span> <span class='ocrx_word' id='word_1_1128' title='bbox 635 2057 874 2090; x_wconf 85' lang='lat' dir='ltr'>Donationibus‚Si</span> <span class='ocrx_word' id='word_1_1129' title='bbox 889 2058 1038 2092; x_wconf 82' lang='lat' dir='ltr'>quisSeruo</span> <span class='ocrx_word' id='word_1_1130' title='bbox 1047 2059 1185 2093; x_wconf 84' lang='lat' dir='ltr'>pecuniam</span> <span class='ocrx_word' id='word_1_1131' title='bbox 1194 2056 1336 2083; x_wconf 89' lang='lat' dir='ltr'>crediderit</span> <span class='ocrx_word' id='word_1_1132' title='bbox 1399 2065 1424 2085; x_wconf 92' lang='lat' dir='ltr'>et</span> <span class='ocrx_word' id='word_1_1133' title='bbox 1444 2059 1563 2085; x_wconf 81' lang='lat' dir='ltr'>fortunas</span> <span class='ocrx_word' id='word_1_1134' title='bbox 1585 2059 1641 2084; x_wconf 88' lang='lat' dir='ltr'>eius</span> <span class='ocrx_word' id='word_1_1135' title='bbox 1661 2059 1756 2093; x_wconf 87' lang='lat' dir='ltr'>patrias</span> <span class='ocrx_word' id='word_1_1136' title='bbox 1775 2068 1923 2099; x_wconf 76' lang='lat' dir='ltr'>expugnare</span> <span class='ocrx_word' id='word_1_1137' title='bbox 1942 2060 2018 2094; x_wconf 84' lang='lat' dir='ltr'>posse.</span> <span class='ocrx_word' id='word_1_1138' title='bbox 2089 2061 2196 2100; x_wconf 70' lang='lat' dir='ltr'>Qtanta</span> <span class='ocrx_word' id='word_1_1139' title='bbox 2214 2061 2262 2087; x_wconf 87' lang='lat' dir='ltr'>iste</span> <span class='ocrx_word' id='word_1_1140' title='bbox 2279 2060 2440 2095; x_wconf 77' lang='lat' dir='ltr'>eupiditate,</span> 
     </span>
    </p>
   </div>
   <div class='ocr_carea' id='block_1_7' title="bbox 287 2091 2479 2414">
    <p class='ocr_par' dir='ltr' id='par_1_23' title="bbox 287 2091 2479 2414">
     <span class='ocr_line' id='line_1_59' title="bbox 293 2091 2440 2134; baseline 0.002 -15"><span class='ocrx_word' id='word_1_1141' title='bbox 293 2094 377 2130; x_wconf 81' lang='lat' dir='ltr'>(quod</span> <span class='ocrx_word' id='word_1_1142' title='bbox 389 2091 503 2127; x_wconf 49' lang='lat' dir='ltr'>effessum</span> <span class='ocrx_word' id='word_1_1143' title='bbox 516 2095 608 2128; x_wconf 76' lang='lat' dir='ltr'>alioqui</span> <span class='ocrx_word' id='word_1_1144' title='bbox 621 2102 669 2118; x_wconf 89' lang='lat' dir='ltr'>non</span> <span class='ocrx_word' id='word_1_1145' title='bbox 683 2093 799 2123; x_wconf 70' lang='lat' dir='ltr'>habebat,</span> <span class='ocrx_word' id='word_1_1146' title='bbox 815 2102 868 2119; x_wconf 86' lang='lat' dir='ltr'>cum</span> <span class='ocrx_word' id='word_1_1147' title='bbox 882 2094 922 2119; x_wconf 79' lang='lat' dir='ltr'>ille</span> <span class='ocrx_word' id='word_1_1148' title='bbox 932 2093 998 2119; x_wconf 83' lang='lat' dir='ltr'>nihil</span> <span class='ocrx_word' id='word_1_1149' title='bbox 1010 2094 1083 2128; x_wconf 86' lang='lat' dir='ltr'>suum</span> <span class='ocrx_word' id='word_1_1150' title='bbox 1097 2093 1218 2127; x_wconf 75' lang='lat' dir='ltr'>haberet)</span> <span class='ocrx_word' id='word_1_1151' title='bbox 1240 2091 1337 2118; x_wconf 83' lang='lat' dir='ltr'>deinde</span> <span class='ocrx_word' id='word_1_1152' title='bbox 1400 2094 1497 2134; x_wconf 85' lang='lat' dir='ltr'>quibus</span> <span class='ocrx_word' id='word_1_1153' title='bbox 1511 2094 1715 2128; x_wconf 85' lang='lat' dir='ltr'>allegationibus</span> <span class='ocrx_word' id='word_1_1154' title='bbox 1728 2095 1887 2129; x_wconf 86' lang='lat' dir='ltr'>legationem</span> <span class='ocrx_word' id='word_1_1155' title='bbox 1900 2095 1976 2122; x_wconf 87' lang='lat' dir='ltr'>istam</span> <span class='ocrx_word' id='word_1_1156' title='bbox 1989 2102 2168 2130; x_wconf 83' lang='lat' dir='ltr'>expugnauit,</span> <span class='ocrx_word' id='word_1_1157' title='bbox 2188 2099 2206 2123; x_wconf 80' lang='lat' dir='ltr'>i.</span> <span class='ocrx_word' id='word_1_1158' title='bbox 2223 2100 2374 2133; x_wconf 78' lang='lat' dir='ltr'>impetrauit,</span> <span class='ocrx_word' id='word_1_1159' title='bbox 2382 2105 2440 2131; x_wconf 79' lang='lat' dir='ltr'>qua-</span> 
     </span>
     <span class='ocr_line' id='line_1_60' title="bbox 294 2127 2438 2166; baseline 0.001 -11"><span class='ocrx_word' id='word_1_1160' title='bbox 294 2130 316 2156; x_wconf 84' lang='lat' dir='ltr'>is</span> <span class='ocrx_word' id='word_1_1161' title='bbox 329 2129 397 2155; x_wconf 87' lang='lat' dir='ltr'>liber</span> <span class='ocrx_word' id='word_1_1162' title='bbox 410 2128 494 2155; x_wconf 72' lang='lat' dir='ltr'>faetus</span> <span class='ocrx_word' id='word_1_1163' title='bbox 510 2137 568 2154; x_wconf 88' lang='lat' dir='ltr'>eam</span> <span class='ocrx_word' id='word_1_1164' title='bbox 587 2129 783 2163; x_wconf 83' lang='lat' dir='ltr'>expromiserit,</span> <span class='ocrx_word' id='word_1_1165' title='bbox 804 2128 854 2163; x_wconf 84' lang='lat' dir='ltr'>(vt</span> <span class='ocrx_word' id='word_1_1166' title='bbox 869 2128 926 2155; x_wconf 76' lang='lat' dir='ltr'>adeo</span> <span class='ocrx_word' id='word_1_1167' title='bbox 934 2138 998 2154; x_wconf 88' lang='lat' dir='ltr'>nunc</span> <span class='ocrx_word' id='word_1_1168' title='bbox 1015 2128 1107 2154; x_wconf 77' lang='lat' dir='ltr'>demum</span> <span class='ocrx_word' id='word_1_1169' title='bbox 1121 2128 1203 2154; x_wconf 82' lang='lat' dir='ltr'>valide</span> <span class='ocrx_word' id='word_1_1170' title='bbox 1219 2131 1258 2153; x_wconf 77' lang='lat' dir='ltr'>exi</span> <span class='ocrx_word' id='word_1_1171' title='bbox 1276 2131 1285 2153; x_wconf 88' lang='lat' dir='ltr'>i</span> <span class='ocrx_word' id='word_1_1172' title='bbox 1306 2127 1336 2153; x_wconf 79' lang='lat' dir='ltr'>ab</span> <span class='ocrx_word' id='word_1_1173' title='bbox 1392 2132 1417 2164; x_wconf 74' lang='lat' dir='ltr'>jz</span> <span class='ocrx_word' id='word_1_1174' title='bbox 1431 2130 1459 2156; x_wconf 75' lang='lat' dir='ltr'>de</span> <span class='ocrx_word' id='word_1_1175' title='bbox 1475 2130 1563 2165; x_wconf 78' lang='lat' dir='ltr'>oppido</span> <span class='ocrx_word' id='word_1_1176' title='bbox 1583 2130 1700 2165; x_wconf 78' lang='lat' dir='ltr'>capiendo</span> <span class='ocrx_word' id='word_1_1177' title='bbox 1714 2130 1796 2166; x_wconf 75' lang='lat' dir='ltr'>firmo</span> <span class='ocrx_word' id='word_1_1178' title='bbox 1809 2130 1864 2164; x_wconf 73' lang='lat' dir='ltr'>effi!</span> <span class='ocrx_word' id='word_1_1179' title='bbox 1878 2131 1934 2158; x_wconf 88' lang='lat' dir='ltr'>Cic.</span> <span class='ocrx_word' id='word_1_1180' title='bbox 1948 2133 2025 2158; x_wconf 88' lang='lat' dir='ltr'>Verr.</span> <span class='ocrx_word' id='word_1_1181' title='bbox 2040 2139 2059 2162; x_wconf 86' lang='lat'>1,</span> <span class='ocrx_word' id='word_1_1182' title='bbox 2073 2140 2112 2165; x_wconf 81' lang='lat'>44</span> <span class='ocrx_word' id='word_1_1183' title='bbox 2129 2141 2150 2158; x_wconf 90' lang='lat' dir='ltr'>c.</span> <span class='ocrx_word' id='word_1_1184' title='bbox 2165 2133 2202 2158; x_wconf 90' lang='lat'>16.</span> <span class='ocrx_word' id='word_1_1185' title='bbox 2273 2132 2346 2159; x_wconf 89' lang='lat' dir='ltr'>Idem</span> <span class='ocrx_word' id='word_1_1186' title='bbox 2360 2132 2438 2159; x_wconf 83' lang='lat' dir='ltr'>Verr.</span> 
     </span>
     <span class='ocr_line' id='line_1_61' title="bbox 294 2137 2479 2203; baseline 0.001 -12"><span class='ocrx_word' id='word_1_1187' title='bbox 294 2175 319 2191; x_wconf 79' lang='lat' dir='ltr'>eo</span> <span class='ocrx_word' id='word_1_1188' title='bbox 334 2164 430 2199; x_wconf 64' lang='lat' dir='ltr'>pqfflt)</span> <span class='ocrx_word' id='word_1_1189' title='bbox 449 2173 503 2190; x_wconf 90' lang='lat' dir='ltr'>non</span> <span class='ocrx_word' id='word_1_1190' title='bbox 522 2164 573 2190; x_wconf 84' lang='lat' dir='ltr'>erit</span> <span class='ocrx_word' id='word_1_1191' title='bbox 588 2163 697 2190; x_wconf 89' lang='lat' dir='ltr'>donatio</span> <span class='ocrx_word' id='word_1_1192' title='bbox 721 2163 818 2198; x_wconf 81' lang='lat' dir='ltr'>(illud,</span> <span class='ocrx_word' id='word_1_1193' title='bbox 839 2164 904 2199; x_wconf 81' lang='lat' dir='ltr'>quod</span> <span class='ocrx_word' id='word_1_1194' title='bbox 917 2164 1006 2200; x_wconf 69' lang='lat' dir='ltr'>seruus</span> <span class='ocrx_word' id='word_1_1195' title='bbox 1027 2167 1055 2189; x_wconf 85' lang='lat' dir='ltr'>vi</span> <span class='ocrx_word' id='word_1_1196' title='bbox 1078 2164 1151 2190; x_wconf 85' lang='lat' dir='ltr'>huius</span> <span class='ocrx_word' id='word_1_1197' title='bbox 1165 2137 1337 2203; x_wconf 55' lang='lat' dir='ltr'>promffffiontjs</span> <span class='ocrx_word' id='word_1_1198' title='bbox 1401 2165 1458 2192; x_wconf 61' lang='lat' dir='ltr'>Ao.</span> <span class='ocrx_word' id='word_1_1199' title='bbox 1474 2174 1492 2197; x_wconf 90' lang='lat'>1,</span> <span class='ocrx_word' id='word_1_1200' title='bbox 1503 2175 1522 2199; x_wconf 90' lang='lat'>4</span> <span class='ocrx_word' id='word_1_1201' title='bbox 1553 2165 1633 2192; x_wconf 88' lang='lat' dir='ltr'>Nihil</span> <span class='ocrx_word' id='word_1_1202' title='bbox 1650 2167 1698 2192; x_wconf 71' lang='lat' dir='ltr'>ess‘e</span> <span class='ocrx_word' id='word_1_1203' title='bbox 1716 2173 1769 2193; x_wconf 86' lang='lat' dir='ltr'>tam</span> <span class='ocrx_word' id='word_1_1204' title='bbox 1783 2166 1995 2202; x_wconf 76' lang='lat' dir='ltr'>sanehun,quod</span> <span class='ocrx_word' id='word_1_1205' title='bbox 2009 2176 2063 2194; x_wconf 90' lang='lat' dir='ltr'>non</span> <span class='ocrx_word' id='word_1_1206' title='bbox 2075 2167 2186 2194; x_wconf 87' lang='lat' dir='ltr'>violari:</span> <span class='ocrx_word' id='word_1_1207' title='bbox 2205 2167 2275 2194; x_wconf 89' lang='lat' dir='ltr'>nihil</span> <span class='ocrx_word' id='word_1_1208' title='bbox 2288 2175 2341 2194; x_wconf 90' lang='lat' dir='ltr'>tam</span> <span class='ocrx_word' id='word_1_1209' title='bbox 2356 2166 2439 2201; x_wconf 73' lang='lat' dir='ltr'>muni-</span> <span class='ocrx_word' id='word_1_1210' title='bbox 2474 2172 2479 2188; x_wconf 73' lang='lat'><strong>¹</strong></span> 
     </span>
     <span class='ocr_line' id='line_1_62' title="bbox 287 2197 2479 2237; baseline 0 -11"><span class='ocrx_word' id='word_1_1211' title='bbox 287 2200 388 2236; x_wconf 85' lang='lat' dir='ltr'>soluit)</span> <span class='ocrx_word' id='word_1_1212' title='bbox 409 2199 451 2225; x_wconf 86' lang='lat' dir='ltr'>sed</span> <span class='ocrx_word' id='word_1_1213' title='bbox 467 2199 551 2226; x_wconf 91' lang='lat' dir='ltr'>debiti</span> <span class='ocrx_word' id='word_1_1214' title='bbox 564 2200 670 2226; x_wconf 91' lang='lat' dir='ltr'>solutio.</span> <span class='ocrx_word' id='word_1_1215' title='bbox 725 2199 818 2226; x_wconf 88' lang='lat' dir='ltr'>Iulian.</span> <span class='ocrx_word' id='word_1_1216' title='bbox 830 2199 847 2225; x_wconf 93' lang='grc' dir='ltr'>Ι.</span> <span class='ocrx_word' id='word_1_1217' title='bbox 862 2208 909 2232; x_wconf 89' lang='lat'>104</span> <span class='ocrx_word' id='word_1_1218' title='bbox 929 2197 977 2236; x_wconf 89' lang='lat'>§.1</span> <span class='ocrx_word' id='word_1_1219' title='bbox 997 2198 1029 2226; x_wconf 89' lang='lat' dir='ltr'>de</span> <span class='ocrx_word' id='word_1_1220' title='bbox 1043 2200 1132 2233; x_wconf 84' lang='lat' dir='ltr'>Legat.</span> <span class='ocrx_word' id='word_1_1221' title='bbox 1147 2208 1156 2225; x_wconf 94' lang='lat'>1</span> <span class='ocrx_word' id='word_1_1222' title='bbox 1181 2199 1265 2225; x_wconf 79' lang='lat' dir='ltr'>Lucio</span> <span class='ocrx_word' id='word_1_1223' title='bbox 1284 2199 1336 2224; x_wconf 72' lang='lat' dir='ltr'>Ti-</span> <span class='ocrx_word' id='word_1_1224' title='bbox 1356 2206 1383 2232; x_wconf 91' lang='lat'>55</span> <span class='ocrx_word' id='word_1_1225' title='bbox 1401 2208 1474 2234; x_wconf 79' lang='lat' dir='ltr'>tum,</span> <span class='ocrx_word' id='word_1_1226' title='bbox 1495 2201 1567 2236; x_wconf 87' lang='lat' dir='ltr'>quod</span> <span class='ocrx_word' id='word_1_1227' title='bbox 1586 2211 1642 2228; x_wconf 91' lang='lat' dir='ltr'>non</span> <span class='ocrx_word' id='word_1_1228' title='bbox 1663 2202 1806 2237; x_wconf 83' lang='lat' dir='ltr'>expugnari</span> <span class='ocrx_word' id='word_1_1229' title='bbox 1820 2203 1931 2237; x_wconf 85' lang='lat' dir='ltr'>pecunia</span> <span class='ocrx_word' id='word_1_1230' title='bbox 1949 2202 2031 2237; x_wconf 85' lang='lat' dir='ltr'>poffit.</span> <span class='ocrx_word' id='word_1_1231' title='bbox 2102 2203 2275 2230; x_wconf 86' lang='lat' dir='ltr'>Pertinaciam</span> <span class='ocrx_word' id='word_1_1232' title='bbox 2295 2203 2452 2237; x_wconf 42' lang='lat' dir='ltr'>legatorum·</span> <span class='ocrx_word' id='word_1_1233' title='bbox 2472 2211 2479 2217; x_wconf 93' lang='lat'>··</span> 
     </span>
     <span class='ocr_line' id='line_1_63' title="bbox 295 2234 2451 2274; baseline 0.001 -13"><span class='ocrx_word' id='word_1_1234' title='bbox 295 2235 334 2262; x_wconf 89' lang='lat' dir='ltr'>tio</span> <span class='ocrx_word' id='word_1_1235' title='bbox 344 2256 352 2268; x_wconf 87' lang='lat'>‚</span> <span class='ocrx_word' id='word_1_1236' title='bbox 372 2235 390 2262; x_wconf 82' lang='lat' dir='ltr'>si</span> <span class='ocrx_word' id='word_1_1237' title='bbox 405 2235 426 2261; x_wconf 86' lang='lat' dir='ltr'>is</span> <span class='ocrx_word' id='word_1_1238' title='bbox 444 2234 536 2261; x_wconf 89' lang='lat' dir='ltr'>heredi</span> <span class='ocrx_word' id='word_1_1239' title='bbox 547 2244 608 2262; x_wconf 88' lang='lat' dir='ltr'>meo</span> <span class='ocrx_word' id='word_1_1240' title='bbox 622 2235 728 2262; x_wconf 88' lang='lat' dir='ltr'>tabellas</span> <span class='ocrx_word' id='word_1_1241' title='bbox 737 2255 745 2268; x_wconf 97' lang='lat'>,</span> <span class='ocrx_word' id='word_1_1242' title='bbox 763 2235 859 2270; x_wconf 92' lang='lat' dir='ltr'>quibus</span> <span class='ocrx_word' id='word_1_1243' title='bbox 873 2235 898 2261; x_wconf 88' lang='lat' dir='ltr'>ei</span> <span class='ocrx_word' id='word_1_1244' title='bbox 911 2236 1050 2270; x_wconf 88' lang='lat' dir='ltr'>pecuniam</span> <span class='ocrx_word' id='word_1_1245' title='bbox 1064 2234 1336 2274; x_wconf 54' lang='lat' dir='ltr'>expromiserannae-</span> <span class='ocrx_word' id='word_1_1246' title='bbox 1400 2238 1461 2264; x_wconf 90' lang='lat' dir='ltr'>Liu.</span> <span class='ocrx_word' id='word_1_1247' title='bbox 1475 2244 1515 2272; x_wconf 84' lang='grc'>37,</span> <span class='ocrx_word' id='word_1_1248' title='bbox 1553 2257 1560 2263; x_wconf 90' lang='grc'><strong>,</strong></span> <span class='ocrx_word' id='word_1_1249' title='bbox 1597 2258 1604 2264; x_wconf 88' lang='grc'><strong>.</strong></span> <span class='ocrx_word' id='word_1_1250' title='bbox 1674 2237 1840 2272; x_wconf 81' lang='lat' dir='ltr'>Propositum</span> <span class='ocrx_word' id='word_1_1251' title='bbox 1852 2238 1963 2264; x_wconf 89' lang='lat' dir='ltr'>alicuius</span> <span class='ocrx_word' id='word_1_1252' title='bbox 1975 2237 2150 2272; x_wconf 86' lang='lat' dir='ltr'>postulatione</span> <span class='ocrx_word' id='word_1_1253' title='bbox 2163 2238 2298 2272; x_wconf 88' lang='lat' dir='ltr'>frequenti</span> <span class='ocrx_word' id='word_1_1254' title='bbox 2310 2237 2378 2264; x_wconf 90' lang='lat' dir='ltr'>Colu</span> <span class='ocrx_word' id='word_1_1255' title='bbox 2448 2247 2451 2256; x_wconf 75' lang='lat'><strong><em>⁴</em></strong></span> 
     </span>
     <span class='ocr_line' id='line_1_64' title="bbox 295 2270 2449 2307; baseline 0 -11"><span class='ocrx_word' id='word_1_1256' title='bbox 295 2270 380 2303; x_wconf 90' lang='lat' dir='ltr'>derit,</span> <span class='ocrx_word' id='word_1_1257' title='bbox 393 2277 497 2296; x_wconf 91' lang='lat' dir='ltr'>centum</span> <span class='ocrx_word' id='word_1_1258' title='bbox 519 2270 597 2303; x_wconf 87' lang='lat' dir='ltr'>dato,</span> <span class='ocrx_word' id='word_1_1259' title='bbox 616 2273 634 2297; x_wconf 75' lang='grc' dir='ltr'>ι’.</span> <span class='ocrx_word' id='word_1_1260' title='bbox 654 2271 807 2307; x_wconf 70' lang='lat' dir='ltr'>sollemniter</span> <span class='ocrx_word' id='word_1_1261' title='bbox 821 2274 992 2307; x_wconf 62' lang='lat' dir='ltr'>promileram.</span> <span class='ocrx_word' id='word_1_1262' title='bbox 1028 2270 1135 2306; x_wconf 86' lang='lat' dir='ltr'>leian.</span> <span class='ocrx_word' id='word_1_1263' title='bbox 1152 2270 1169 2296; x_wconf 93' lang='lat' dir='ltr'>l.</span> <span class='ocrx_word' id='word_1_1264' title='bbox 1185 2273 1213 2301; x_wconf 82' lang='lat'>36</span> <span class='ocrx_word' id='word_1_1265' title='bbox 1232 2270 1263 2297; x_wconf 88' lang='lat' dir='ltr'>de</span> <span class='ocrx_word' id='word_1_1266' title='bbox 1278 2278 1337 2296; x_wconf 86' lang='lat' dir='ltr'>mre</span> <span class='ocrx_word' id='word_1_1267' title='bbox 1402 2281 1431 2299; x_wconf 90' lang='lat'>10</span> <span class='ocrx_word' id='word_1_1268' title='bbox 1449 2273 1478 2299; x_wconf 85' lang='lat' dir='ltr'>in</span> <span class='ocrx_word' id='word_1_1269' title='bbox 1492 2273 1575 2307; x_wconf 76' lang='lat' dir='ltr'>praef,</span> <span class='ocrx_word' id='word_1_1270' title='bbox 1594 2282 1615 2306; x_wconf 80' lang='lat'>3,</span> <span class='ocrx_word' id='word_1_1271' title='bbox 1657 2289 1663 2295; x_wconf 84' lang='lat'>.</span> <span class='ocrx_word' id='word_1_1272' title='bbox 1686 2274 1742 2299; x_wconf 78' lang='lat' dir='ltr'>Cic,</span> <span class='ocrx_word' id='word_1_1273' title='bbox 1754 2282 1803 2307; x_wconf 75' lang='lat' dir='ltr'>pro</span> <span class='ocrx_word' id='word_1_1274' title='bbox 1816 2273 1888 2300; x_wconf 74' lang='lat' dir='ltr'>Cael.</span> <span class='ocrx_word' id='word_1_1275' title='bbox 1902 2282 1938 2306; x_wconf 86' lang='lat'>49</span> <span class='ocrx_word' id='word_1_1276' title='bbox 1966 2275 2062 2299; x_wconf 75' lang='lat' dir='ltr'>Vtrum</span> <span class='ocrx_word' id='word_1_1277' title='bbox 2079 2272 2121 2298; x_wconf 83' lang='lat' dir='ltr'>hic</span> <span class='ocrx_word' id='word_1_1278' title='bbox 2140 2273 2192 2300; x_wconf 86' lang='lat' dir='ltr'>tibi</span> <span class='ocrx_word' id='word_1_1279' title='bbox 2204 2273 2233 2299; x_wconf 81' lang='lat' dir='ltr'>L.</span> <span class='ocrx_word' id='word_1_1280' title='bbox 2248 2274 2408 2307; x_wconf 36' lang='lat' dir='ltr'>Herenni,2&#39;</span> <span class='ocrx_word' id='word_1_1281' title='bbox 2448 2284 2449 2288; x_wconf 68' lang='lat'><em>=</em></span> 
     </span>
     <span class='ocr_line' id='line_1_65' title="bbox 295 2305 2434 2343; baseline 0 -10"><span class='ocrx_word' id='word_1_1282' title='bbox 295 2306 397 2333; x_wconf 87' lang='lat' dir='ltr'>dotium</span> <span class='ocrx_word' id='word_1_1283' title='bbox 410 2306 523 2333; x_wconf 88' lang='lat' dir='ltr'>Debitor</span> <span class='ocrx_word' id='word_1_1284' title='bbox 535 2306 654 2333; x_wconf 88' lang='lat' dir='ltr'>mulieris</span> <span class='ocrx_word' id='word_1_1285' title='bbox 667 2307 732 2335; x_wconf 72' lang='lat' dir='ltr'>iussu</span> <span class='ocrx_word' id='word_1_1286' title='bbox 749 2307 806 2333; x_wconf 88' lang='lat' dir='ltr'>eius</span> <span class='ocrx_word' id='word_1_1287' title='bbox 819 2307 957 2342; x_wconf 88' lang='lat' dir='ltr'>pecuniam</span> <span class='ocrx_word' id='word_1_1288' title='bbox 971 2306 1033 2333; x_wconf 88' lang='lat' dir='ltr'>viro</span> <span class='ocrx_word' id='word_1_1289' title='bbox 1047 2305 1211 2342; x_wconf 81' lang='lat' dir='ltr'>expromisit.</span> <span class='ocrx_word' id='word_1_1290' title='bbox 1250 2308 1281 2333; x_wconf 90' lang='lat' dir='ltr'>In</span> <span class='ocrx_word' id='word_1_1291' title='bbox 1295 2305 1337 2332; x_wconf 79' lang='lat' dir='ltr'>his</span> <span class='ocrx_word' id='word_1_1292' title='bbox 1399 2308 1483 2339; x_wconf 87' lang='lat' dir='ltr'>ulter,</span> <span class='ocrx_word' id='word_1_1293' title='bbox 1496 2317 1529 2335; x_wconf 86' lang='lat' dir='ltr'>an</span> <span class='ocrx_word' id='word_1_1294' title='bbox 1547 2314 1665 2340; x_wconf 90' lang='lat' dir='ltr'>amat0r;</span> <span class='ocrx_word' id='word_1_1295' title='bbox 1689 2317 1838 2343; x_wconf 84' lang='lat' dir='ltr'>expugnare</span> <span class='ocrx_word' id='word_1_1296' title='bbox 1858 2308 2027 2343; x_wconf 86' lang='lat' dir='ltr'>pudicitiam,</span> <span class='ocrx_word' id='word_1_1297' title='bbox 2054 2316 2086 2334; x_wconf 90' lang='lat' dir='ltr'>an</span> <span class='ocrx_word' id='word_1_1298' title='bbox 2107 2309 2214 2342; x_wconf 85' lang='lat' dir='ltr'>explere</span> <span class='ocrx_word' id='word_1_1299' title='bbox 2232 2308 2374 2335; x_wconf 86' lang='lat' dir='ltr'>libidinem</span> <span class='ocrx_word' id='word_1_1300' title='bbox 2393 2306 2434 2337; x_wconf 64' lang='lat' dir='ltr'>v‘n-</span> 
     </span>
     <span class='ocr_line' id='line_1_66' title="bbox 292 2341 2439 2414; baseline 0.001 -12"><span class='ocrx_word' id='word_1_1301' title='bbox 292 2342 504 2412; x_wconf 57' lang='lat' dir='ltr'>{5545‘2.223&#39;2³25²⁴st.</span> <span class='ocrx_word' id='word_1_1302' title='bbox 510 2341 906 2414; x_wconf 55' lang='lat' dir='ltr'>{5555521‘2‘225fgas30‘535355f</span> <span class='ocrx_word' id='word_1_1303' title='bbox 914 2349 933 2378; x_wconf 68' lang='grc' dir='ltr'><strong><em>Ρ</em></strong></span> <span class='ocrx_word' id='word_1_1304' title='bbox 935 2342 1336 2414; x_wconf 51' lang='lat' dir='ltr'>rissmg‘&#39;‘i⁷²‘i‘&#39;2‘&#39;ffq221⁰ffc¹⁰⁶v“2&#39;l1{i&#39;</span> <span class='ocrx_word' id='word_1_1305' title='bbox 1352 2381 1387 2405; x_wconf 71' lang='lat'>⁶0</span> <span class='ocrx_word' id='word_1_1306' title='bbox 1401 2344 1657 2413; x_wconf 48' lang='lat' dir='ltr'>illittissfss‘ff..</span> <span class='ocrx_word' id='word_1_1307' title='bbox 1669 2343 1846 2412; x_wconf 58' lang='lat' dir='ltr'>{dff&#39;30A2&#39;22&#39;</span> <span class='ocrx_word' id='word_1_1308' title='bbox 1856 2343 1935 2406; x_wconf 47' lang='lat'>§.³3</span> <span class='ocrx_word' id='word_1_1309' title='bbox 1954 2343 2079 2412; x_wconf 49' lang='grc' dir='ltr'>ἀεκῖξὲῗ</span> <span class='ocrx_word' id='word_1_1310' title='bbox 2088 2343 2184 2404; x_wconf 59' lang='grc' dir='ltr'>ὗῖἶὲἕῗὲ</span> <span class='ocrx_word' id='word_1_1311' title='bbox 2196 2351 2222 2411; x_wconf 64' lang='lat'>‘4</span> <span class='ocrx_word' id='word_1_1312' title='bbox 2233 2350 2311 2413; x_wconf 72' lang='lat'>91&#39;007</span> <span class='ocrx_word' id='word_1_1313' title='bbox 2327 2345 2439 2405; x_wconf 59' lang='lat' dir='ltr'>¹³³⁶c‘iss‘</span> 
     </span>
     <span class='ocr_line' id='line_1_67' title="bbox 570 2396 2436 2412; baseline 0.001 -10"><span class='ocrx_word' id='word_1_1314' title='bbox 570 2396 574 2402; x_wconf 64' lang='lat'>.</span> <span class='ocrx_word' id='word_1_1315' title='bbox 888 2398 894 2404; x_wconf 93' lang='lat'>.</span> <span class='ocrx_word' id='word_1_1316' title='bbox 961 2398 968 2404; x_wconf 91' lang='lat'>.</span> <span class='ocrx_word' id='word_1_1317' title='bbox 1000 2398 1005 2403; x_wconf 94' lang='lat'>.</span> <span class='ocrx_word' id='word_1_1318' title='bbox 1038 2397 1044 2404; x_wconf 92' lang='lat'>.</span> <span class='ocrx_word' id='word_1_1319' title='bbox 1124 2398 1129 2404; x_wconf 94' lang='lat'>.</span> <span class='ocrx_word' id='word_1_1320' title='bbox 1220 2398 1226 2404; x_wconf 94' lang='lat'>.</span> <span class='ocrx_word' id='word_1_1321' title='bbox 1330 2397 1336 2403; x_wconf 95' lang='lat'>.</span> <span class='ocrx_word' id='word_1_1322' title='bbox 1567 2400 1573 2406; x_wconf 93' lang='lat'>.</span> <span class='ocrx_word' id='word_1_1323' title='bbox 1659 2399 1665 2406; x_wconf 92' lang='lat'>.</span> <span class='ocrx_word' id='word_1_1324' title='bbox 1697 2400 1705 2412; x_wconf 93' lang='lat'>,</span> <span class='ocrx_word' id='word_1_1325' title='bbox 1797 2400 1802 2405; x_wconf 92' lang='lat'>.</span> <span class='ocrx_word' id='word_1_1326' title='bbox 1915 2399 1921 2405; x_wconf 98' lang='lat'>.</span> <span class='ocrx_word' id='word_1_1327' title='bbox 2186 2397 2192 2404; x_wconf 92' lang='lat'>.</span> <span class='ocrx_word' id='word_1_1328' title='bbox 2224 2397 2232 2410; x_wconf 91' lang='lat'>‚</span> <span class='ocrx_word' id='word_1_1329' title='bbox 2312 2397 2319 2404; x_wconf 94' lang='lat'>.</span> <span class='ocrx_word' id='word_1_1330' title='bbox 2427 2397 2436 2405; x_wconf 96' lang='lat'>.</span> 
     </span>
    </p>
   </div>
   <div class='ocr_carea' id='block_1_8' title="bbox 293 2412 2448 2699">
    <p class='ocr_par' dir='ltr' id='par_1_24' title="bbox 293 2412 2448 2661">
     <span class='ocr_line' id='line_1_68' title="bbox 293 2412 2435 2450; baseline 0 -11"><span class='ocrx_word' id='word_1_1331' title='bbox 293 2413 320 2439; x_wconf 87' lang='lat' dir='ltr'>Si</span> <span class='ocrx_word' id='word_1_1332' title='bbox 332 2412 440 2438; x_wconf 85' lang='lat' dir='ltr'>mulieri</span> <span class='ocrx_word' id='word_1_1333' title='bbox 460 2413 491 2438; x_wconf 90' lang='lat' dir='ltr'>de</span> <span class='ocrx_word' id='word_1_1334' title='bbox 512 2415 579 2439; x_wconf 88' lang='lat' dir='ltr'>erim</span> <span class='ocrx_word' id='word_1_1335' title='bbox 597 2422 753 2448; x_wconf 85' lang='lat' dir='ltr'>pecuniam,</span> <span class='ocrx_word' id='word_1_1336' title='bbox 774 2420 803 2440; x_wconf 92' lang='lat' dir='ltr'>vt</span> <span class='ocrx_word' id='word_1_1337' title='bbox 817 2422 874 2440; x_wconf 87' lang='lat' dir='ltr'>eam</span> <span class='ocrx_word' id='word_1_1338' title='bbox 893 2413 1020 2440; x_wconf 81' lang='lat' dir='ltr'>creditori</span> <span class='ocrx_word' id='word_1_1339' title='bbox 1034 2422 1095 2440; x_wconf 88' lang='lat' dir='ltr'>meo</span> <span class='ocrx_word' id='word_1_1340' title='bbox 1114 2413 1211 2444; x_wconf 88' lang='lat' dir='ltr'>soluat,</span> <span class='ocrx_word' id='word_1_1341' title='bbox 1231 2412 1273 2440; x_wconf 88' lang='lat' dir='ltr'>vel</span> <span class='ocrx_word' id='word_1_1342' title='bbox 1295 2420 1337 2438; x_wconf 88' lang='lat' dir='ltr'>ex·</span> <span class='ocrx_word' id='word_1_1343' title='bbox 1401 2415 1429 2441; x_wconf 89' lang='lat' dir='ltr'>in</span> <span class='ocrx_word' id='word_1_1344' title='bbox 1442 2415 1531 2441; x_wconf 86' lang='lat' dir='ltr'>Parad.</span> <span class='ocrx_word' id='word_1_1345' title='bbox 1547 2426 1565 2450; x_wconf 89' lang='lat'>4</span> <span class='ocrx_word' id='word_1_1346' title='bbox 1595 2415 1724 2450; x_wconf 87' lang='lat' dir='ltr'>Sapientis</span> <span class='ocrx_word' id='word_1_1347' title='bbox 1743 2416 1846 2441; x_wconf 86' lang='lat' dir='ltr'>animus</span> <span class='ocrx_word' id='word_1_1348' title='bbox 1865 2414 2048 2448; x_wconf 87' lang='lat' dir='ltr'>magnitudine</span> <span class='ocrx_word' id='word_1_1349' title='bbox 2060 2413 2179 2446; x_wconf 85' lang='lat' dir='ltr'>consilii,</span> <span class='ocrx_word' id='word_1_1350' title='bbox 2196 2413 2335 2440; x_wconf 84' lang='lat' dir='ltr'>tolerantia</span> <span class='ocrx_word' id='word_1_1351' title='bbox 2345 2421 2435 2440; x_wconf 81' lang='lat' dir='ltr'>rerum</span> 
     </span>
     <span class='ocr_line' id='line_1_69' title="bbox 293 2448 2438 2484; baseline 0 -11"><span class='ocrx_word' id='word_1_1352' title='bbox 293 2448 447 2484; x_wconf 88' lang='lat' dir='ltr'>promittat,</span> <span class='ocrx_word' id='word_1_1353' title='bbox 466 2448 482 2473; x_wconf 87' lang='lat' dir='ltr'>li</span> <span class='ocrx_word' id='word_1_1354' title='bbox 504 2457 534 2474; x_wconf 91' lang='lat' dir='ltr'>ea</span> <span class='ocrx_word' id='word_1_1355' title='bbox 551 2449 755 2484; x_wconf 84' lang='lat' dir='ltr'>expromiserit,</span> <span class='ocrx_word' id='word_1_1356' title='bbox 775 2450 864 2476; x_wconf 87' lang='lat' dir='ltr'>locmn</span> <span class='ocrx_word' id='word_1_1357' title='bbox 880 2458 934 2475; x_wconf 91' lang='lat' dir='ltr'>non</span> <span class='ocrx_word' id='word_1_1358' title='bbox 951 2449 999 2475; x_wconf 80' lang='lat' dir='ltr'>effe</span> <span class='ocrx_word' id='word_1_1359' title='bbox 1014 2449 1250 2478; x_wconf 88' lang='lat' dir='ltr'>Senatusconsulto.</span> <span class='ocrx_word' id='word_1_1360' title='bbox 1286 2448 1337 2474; x_wconf 82' lang='lat' dir='ltr'>Ga·</span> <span class='ocrx_word' id='word_1_1361' title='bbox 1400 2451 1591 2483; x_wconf 87' lang='lat' dir='ltr'>humanarum,</span> <span class='ocrx_word' id='word_1_1362' title='bbox 1612 2451 1792 2478; x_wconf 87' lang='lat' dir='ltr'>contemtione</span> <span class='ocrx_word' id='word_1_1363' title='bbox 1811 2451 1950 2483; x_wconf 86' lang='lat' dir='ltr'>fortunae,</span> <span class='ocrx_word' id='word_1_1364' title='bbox 1970 2449 2116 2476; x_wconf 89' lang='lat' dir='ltr'>virtutibus</span> <span class='ocrx_word' id='word_1_1365' title='bbox 2137 2448 2252 2483; x_wconf 81' lang='lat' dir='ltr'>denique</span> <span class='ocrx_word' id='word_1_1366' title='bbox 2269 2448 2389 2475; x_wconf 82' lang='lat' dir='ltr'>omnibus</span> <span class='ocrx_word' id='word_1_1367' title='bbox 2408 2453 2438 2475; x_wconf 86' lang='lat' dir='ltr'>vt</span> 
     </span>
     <span class='ocr_line' id='line_1_70' title="bbox 294 2481 2440 2521; baseline -0.001 -10"><span class='ocrx_word' id='word_1_1368' title='bbox 294 2486 334 2511; x_wconf 90' lang='lat' dir='ltr'>ius</span> <span class='ocrx_word' id='word_1_1369' title='bbox 348 2484 366 2510; x_wconf 95' lang='lat' dir='ltr'>l.</span> <span class='ocrx_word' id='word_1_1370' title='bbox 380 2492 405 2516; x_wconf 80' lang='lat'>31</span> <span class='ocrx_word' id='word_1_1371' title='bbox 420 2483 446 2509; x_wconf 81' lang='lat' dir='ltr'>ff.</span> <span class='ocrx_word' id='word_1_1372' title='bbox 471 2481 494 2520; x_wconf 91' lang='grc'>6.</span> <span class='ocrx_word' id='word_1_1373' title='bbox 515 2493 527 2515; x_wconf 89' lang='grc'>3</span> <span class='ocrx_word' id='word_1_1374' title='bbox 549 2484 589 2511; x_wconf 89' lang='lat' dir='ltr'>De</span> <span class='ocrx_word' id='word_1_1375' title='bbox 608 2484 703 2510; x_wconf 85' lang='lat' dir='ltr'>mortis</span> <span class='ocrx_word' id='word_1_1376' title='bbox 723 2486 798 2511; x_wconf 87' lang='lat' dir='ltr'>causa</span> <span class='ocrx_word' id='word_1_1377' title='bbox 824 2485 886 2512; x_wconf 91' lang='lat' dir='ltr'>don.</span> <span class='ocrx_word' id='word_1_1378' title='bbox 907 2485 932 2513; x_wconf 84' lang='lat' dir='ltr'>Si</span> <span class='ocrx_word' id='word_1_1379' title='bbox 953 2485 1053 2511; x_wconf 87' lang='lat' dir='ltr'>iusseris</span> <span class='ocrx_word' id='word_1_1380' title='bbox 1069 2486 1163 2511; x_wconf 85' lang='lat' dir='ltr'>mortis</span> <span class='ocrx_word' id='word_1_1381' title='bbox 1175 2486 1248 2510; x_wconf 87' lang='lat' dir='ltr'>causa</span> <span class='ocrx_word' id='word_1_1382' title='bbox 1262 2483 1337 2510; x_wconf 82' lang='lat' dir='ltr'>debi-</span> <span class='ocrx_word' id='word_1_1383' title='bbox 1399 2486 1540 2512; x_wconf 87' lang='lat' dir='ltr'>moenibus</span> <span class='ocrx_word' id='word_1_1384' title='bbox 1553 2487 1653 2520; x_wconf 87' lang='lat' dir='ltr'>septus,</span> <span class='ocrx_word' id='word_1_1385' title='bbox 1673 2487 1793 2513; x_wconf 86' lang='lat' dir='ltr'>vincetur</span> <span class='ocrx_word' id='word_1_1386' title='bbox 1812 2492 1838 2512; x_wconf 88' lang='lat' dir='ltr'>et</span> <span class='ocrx_word' id='word_1_1387' title='bbox 1851 2485 2064 2521; x_wconf 69' lang='lat' dir='ltr'>expugnabitur?</span> <span class='ocrx_word' id='word_1_1388' title='bbox 2132 2486 2171 2512; x_wconf 83' lang='lat' dir='ltr'>De</span> <span class='ocrx_word' id='word_1_1389' title='bbox 2185 2483 2324 2511; x_wconf 64' lang='lat' dir='ltr'>aHionibus</span> <span class='ocrx_word' id='word_1_1390' title='bbox 2337 2484 2440 2510; x_wconf 73' lang='lat' dir='ltr'>tribuni-</span> 
     </span>
     <span class='ocr_line' id='line_1_71' title="bbox 293 2518 2440 2556; baseline 0 -10"><span class='ocrx_word' id='word_1_1391' title='bbox 293 2525 379 2546; x_wconf 86' lang='lat' dir='ltr'>torem</span> <span class='ocrx_word' id='word_1_1392' title='bbox 400 2525 475 2545; x_wconf 91' lang='lat' dir='ltr'>tuum</span> <span class='ocrx_word' id='word_1_1393' title='bbox 493 2519 562 2545; x_wconf 91' lang='lat' dir='ltr'>mihi</span> <span class='ocrx_word' id='word_1_1394' title='bbox 580 2526 624 2546; x_wconf 87' lang='lat' dir='ltr'>aut</span> <span class='ocrx_word' id='word_1_1395' title='bbox 636 2519 765 2547; x_wconf 85' lang='lat' dir='ltr'>creditori</span> <span class='ocrx_word' id='word_1_1396' title='bbox 783 2530 845 2547; x_wconf 84' lang='lat' dir='ltr'>meo</span> <span class='ocrx_word' id='word_1_1397' title='bbox 865 2521 1063 2555; x_wconf 85' lang='lat' dir='ltr'>expromittere.</span> <span class='ocrx_word' id='word_1_1398' title='bbox 1118 2521 1220 2547; x_wconf 84' lang='lat' dir='ltr'>Paullus</span> <span class='ocrx_word' id='word_1_1399' title='bbox 1234 2520 1251 2546; x_wconf 90' lang='lat' dir='ltr'>l.</span> <span class='ocrx_word' id='word_1_1400' title='bbox 1265 2522 1295 2552; x_wconf 87' lang='lat'>56</span> <span class='ocrx_word' id='word_1_1401' title='bbox 1309 2519 1335 2545; x_wconf 85' lang='lat' dir='ltr'>ff.</span> <span class='ocrx_word' id='word_1_1402' title='bbox 1400 2525 1449 2548; x_wconf 81' lang='lat' dir='ltr'>ciis</span> <span class='ocrx_word' id='word_1_1403' title='bbox 1464 2522 1523 2547; x_wconf 91' lang='lat' dir='ltr'>Liu.</span> <span class='ocrx_word' id='word_1_1404' title='bbox 1539 2530 1567 2554; x_wconf 81' lang='lat'>4,</span> <span class='ocrx_word' id='word_1_1405' title='bbox 1581 2529 1609 2553; x_wconf 80' lang='lat'>35</span> <span class='ocrx_word' id='word_1_1406' title='bbox 1622 2529 1687 2548; x_wconf 81' lang='lat' dir='ltr'>extr.</span> <span class='ocrx_word' id='word_1_1407' title='bbox 1712 2523 1818 2548; x_wconf 89' lang='lat' dir='ltr'>Summa</span> <span class='ocrx_word' id='word_1_1408' title='bbox 1837 2521 1866 2547; x_wconf 91' lang='lat' dir='ltr'>vi</span> <span class='ocrx_word' id='word_1_1409' title='bbox 1885 2527 2061 2556; x_wconf 86' lang='lat' dir='ltr'>expugnatum</span> <span class='ocrx_word' id='word_1_1410' title='bbox 2081 2520 2134 2554; x_wconf 83' lang='lat' dir='ltr'>est,</span> <span class='ocrx_word' id='word_1_1411' title='bbox 2153 2527 2182 2547; x_wconf 89' lang='lat' dir='ltr'>vt</span> <span class='ocrx_word' id='word_1_1412' title='bbox 2202 2519 2308 2547; x_wconf 88' lang='lat' dir='ltr'>tribuni</span> <span class='ocrx_word' id='word_1_1413' title='bbox 2325 2518 2440 2546; x_wconf 83' lang='lat' dir='ltr'>militum</span> 
     </span>
     <span class='ocr_line' id='line_1_72' title="bbox 294 2552 2442 2591; baseline 0 -10"><span class='ocrx_word' id='word_1_1414' title='bbox 294 2555 326 2581; x_wconf 87' lang='lat' dir='ltr'>de</span> <span class='ocrx_word' id='word_1_1415' title='bbox 341 2554 462 2586; x_wconf 85' lang='lat' dir='ltr'>Peculio,</span> <span class='ocrx_word' id='word_1_1416' title='bbox 483 2555 563 2589; x_wconf 83' lang='lat' dir='ltr'>Qtod</span> <span class='ocrx_word' id='word_1_1417' title='bbox 581 2556 671 2582; x_wconf 88' lang='lat' dir='ltr'>seruus</span> <span class='ocrx_word' id='word_1_1418' title='bbox 685 2565 758 2582; x_wconf 84' lang='lat' dir='ltr'>meus</span> <span class='ocrx_word' id='word_1_1419' title='bbox 773 2565 822 2591; x_wconf 89' lang='lat' dir='ltr'>pro</span> <span class='ocrx_word' id='word_1_1420' title='bbox 835 2556 956 2582; x_wconf 87' lang='lat' dir='ltr'>debitore</span> <span class='ocrx_word' id='word_1_1421' title='bbox 970 2565 1030 2582; x_wconf 87' lang='lat' dir='ltr'>meo</span> <span class='ocrx_word' id='word_1_1422' title='bbox 1044 2556 1112 2582; x_wconf 85' lang='lat' dir='ltr'>inihi</span> <span class='ocrx_word' id='word_1_1423' title='bbox 1126 2555 1290 2591; x_wconf 84' lang='lat' dir='ltr'>expromisit,</span> <span class='ocrx_word' id='word_1_1424' title='bbox 1303 2563 1334 2581; x_wconf 92' lang='lat' dir='ltr'>ex</span> <span class='ocrx_word' id='word_1_1425' title='bbox 1352 2555 1384 2586; x_wconf 77' lang='lat'>65</span> <span class='ocrx_word' id='word_1_1426' title='bbox 1401 2557 1532 2584; x_wconf 84' lang='lat' dir='ltr'>consulari</span> <span class='ocrx_word' id='word_1_1427' title='bbox 1551 2556 1676 2590; x_wconf 84' lang='lat' dir='ltr'>potestate</span> <span class='ocrx_word' id='word_1_1428' title='bbox 1696 2563 1857 2583; x_wconf 87' lang='lat' dir='ltr'>crearentur.</span> <span class='ocrx_word' id='word_1_1429' title='bbox 2053 2552 2074 2591; x_wconf 57' lang='lat' dir='ltr'><strong>fi</strong></span> <span class='ocrx_word' id='word_1_1430' title='bbox 2097 2564 2112 2581; x_wconf 88' lang='lat'>2</span> <span class='ocrx_word' id='word_1_1431' title='bbox 2147 2555 2351 2590; x_wconf 75' lang='lat' dir='ltr'>Expugnaffere,</span> <span class='ocrx_word' id='word_1_1432' title='bbox 2370 2555 2442 2581; x_wconf 77' lang='lat' dir='ltr'>Futu-</span> 
     </span>
     <span class='ocr_line' id='line_1_73' title="bbox 294 2587 2448 2628; baseline 0 -13"><span class='ocrx_word' id='word_1_1433' title='bbox 294 2590 400 2625; x_wconf 86' lang='lat' dir='ltr'>peculio</span> <span class='ocrx_word' id='word_1_1434' title='bbox 415 2589 508 2616; x_wconf 84' lang='lat' dir='ltr'>deduci</span> <span class='ocrx_word' id='word_1_1435' title='bbox 521 2590 607 2617; x_wconf 86' lang='lat' dir='ltr'>debet.</span> <span class='ocrx_word' id='word_1_1436' title='bbox 644 2592 747 2618; x_wconf 78' lang='lat' dir='ltr'>Maneat</span> <span class='ocrx_word' id='word_1_1437' title='bbox 766 2596 847 2628; x_wconf 77' lang='lat' dir='ltr'>igstur</span> <span class='ocrx_word' id='word_1_1438' title='bbox 861 2592 1051 2628; x_wconf 83' lang='lat' dir='ltr'>expromittere</span> <span class='ocrx_word' id='word_1_1439' title='bbox 1064 2591 1106 2626; x_wconf 71' lang='lat' dir='ltr'>effe</span> <span class='ocrx_word' id='word_1_1440' title='bbox 1120 2594 1192 2628; x_wconf 78' lang='lat' dir='ltr'>plene</span> <span class='ocrx_word' id='word_1_1441' title='bbox 1208 2598 1231 2618; x_wconf 85' lang='lat' dir='ltr'>et</span> <span class='ocrx_word' id='word_1_1442' title='bbox 1245 2590 1337 2624; x_wconf 79' lang='lat' dir='ltr'>valide,</span> <span class='ocrx_word' id='word_1_1443' title='bbox 1399 2603 1455 2620; x_wconf 78' lang='lat' dir='ltr'>rum</span> <span class='ocrx_word' id='word_1_1444' title='bbox 1472 2592 1599 2627; x_wconf 77' lang='lat' dir='ltr'>Infinittui</span> <span class='ocrx_word' id='word_1_1445' title='bbox 1612 2592 1676 2618; x_wconf 80' lang='lat' dir='ltr'>modi</span> <span class='ocrx_word' id='word_1_1446' title='bbox 1689 2591 1803 2625; x_wconf 74' lang='lat' dir='ltr'>usitatum</span> <span class='ocrx_word' id='word_1_1447' title='bbox 1813 2590 1907 2626; x_wconf 71' lang='lat' dir='ltr'>pristis</span> <span class='ocrx_word' id='word_1_1448' title='bbox 1916 2609 1924 2622; x_wconf 90' lang='lat'>,</span> <span class='ocrx_word' id='word_1_1449' title='bbox 1936 2587 2020 2625; x_wconf 83' lang='lat' dir='ltr'>postea</span> <span class='ocrx_word' id='word_1_1450' title='bbox 2033 2591 2175 2626; x_wconf 68' lang='lat' dir='ltr'>insolitum,</span> <span class='ocrx_word' id='word_1_1451' title='bbox 2186 2598 2235 2625; x_wconf 83' lang='lat' dir='ltr'>pro</span> <span class='ocrx_word' id='word_1_1452' title='bbox 2245 2592 2448 2626; x_wconf 60' lang='lat' dir='ltr'>Expugnaturum·</span> 
     </span>
     <span class='ocr_line' id='line_1_74' title="bbox 293 2624 2448 2661; baseline 0.001 -10"><span class='ocrx_word' id='word_1_1453' title='bbox 293 2627 332 2651; x_wconf 81' lang='lat' dir='ltr'>vel</span> <span class='ocrx_word' id='word_1_1454' title='bbox 337 2632 387 2660; x_wconf 77' lang='lat' dir='ltr'>pro</span> <span class='ocrx_word' id='word_1_1455' title='bbox 395 2624 433 2660; x_wconf 70' lang='lat' dir='ltr'>ft,</span> <span class='ocrx_word' id='word_1_1456' title='bbox 448 2626 486 2651; x_wconf 76' lang='lat' dir='ltr'>uel</span> <span class='ocrx_word' id='word_1_1457' title='bbox 500 2632 548 2659; x_wconf 78' lang='lat' dir='ltr'>pro</span> <span class='ocrx_word' id='word_1_1458' title='bbox 560 2628 608 2651; x_wconf 77' lang='lat' dir='ltr'>alio</span> <span class='ocrx_word' id='word_1_1459' title='bbox 619 2630 774 2660; x_wconf 72' lang='lat' dir='ltr'>promittere.</span> <span class='ocrx_word' id='word_1_1460' title='bbox 1400 2627 1452 2661; x_wconf 80' lang='lat' dir='ltr'>effi.</span> <span class='ocrx_word' id='word_1_1461' title='bbox 1489 2627 1571 2653; x_wconf 85' lang='lat' dir='ltr'>Plaut.</span> <span class='ocrx_word' id='word_1_1462' title='bbox 1586 2627 1682 2660; x_wconf 88' lang='lat' dir='ltr'>Amph.</span> <span class='ocrx_word' id='word_1_1463' title='bbox 1696 2636 1716 2659; x_wconf 92' lang='lat'>1,</span> <span class='ocrx_word' id='word_1_1464' title='bbox 1730 2636 1750 2659; x_wconf 90' lang='lat'>1,</span> <span class='ocrx_word' id='word_1_1465' title='bbox 1764 2634 1791 2660; x_wconf 84' lang='lat'>55</span> <span class='ocrx_word' id='word_1_1466' title='bbox 1817 2627 1875 2653; x_wconf 85' lang='lat' dir='ltr'>Sese</span> <span class='ocrx_word' id='word_1_1467' title='bbox 1894 2626 1976 2660; x_wconf 80' lang='lat' dir='ltr'>igitur</span> <span class='ocrx_word' id='word_1_1468' title='bbox 1988 2626 2090 2652; x_wconf 90' lang='lat' dir='ltr'>summa</span> <span class='ocrx_word' id='word_1_1469' title='bbox 2109 2626 2137 2652; x_wconf 84' lang='lat' dir='ltr'>vi</span> <span class='ocrx_word' id='word_1_1470' title='bbox 2150 2626 2269 2661; x_wconf 87' lang='lat' dir='ltr'>virisque</span> <span class='ocrx_word' id='word_1_1471' title='bbox 2283 2634 2377 2653; x_wconf 89' lang='lat' dir='ltr'>eorum</span> <span class='ocrx_word' id='word_1_1472' title='bbox 2399 2633 2448 2661; x_wconf 54' lang='lat' dir='ltr'>op»</span> 
     </span>
    </p>

    <p class='ocr_par' dir='ltr' id='par_1_25' title="bbox 331 2661 2437 2699">
     <span class='ocr_line' id='line_1_75' title="bbox 331 2661 2437 2699; baseline 0.002 -13"><span class='ocrx_word' id='word_1_1473' title='bbox 331 2666 348 2686; x_wconf 76' lang='grc' dir='ltr'><strong><em>Ε</em></strong></span> <span class='ocrx_word' id='word_1_1474' title='bbox 358 2668 375 2686; x_wconf 83' lang='lat' dir='ltr'>x</span> <span class='ocrx_word' id='word_1_1475' title='bbox 385 2667 399 2685; x_wconf 73' lang='lat'>1³</span> <span class='ocrx_word' id='word_1_1476' title='bbox 410 2667 427 2685; x_wconf 83' lang='lat' dir='ltr'>R</span> <span class='ocrx_word' id='word_1_1477' title='bbox 437 2666 455 2685; x_wconf 92' lang='lat' dir='ltr'>o</span> <span class='ocrx_word' id='word_1_1478' title='bbox 466 2666 488 2684; x_wconf 82' lang='lat' dir='ltr'>M</span> <span class='ocrx_word' id='word_1_1479' title='bbox 504 2666 511 2684; x_wconf 81' lang='grc' dir='ltr'>ι</span> <span class='ocrx_word' id='word_1_1480' title='bbox 523 2666 535 2685; x_wconf 84' lang='lat' dir='ltr'>s</span> <span class='ocrx_word' id='word_1_1481' title='bbox 546 2667 559 2685; x_wconf 91' lang='lat' dir='ltr'>s</span> <span class='ocrx_word' id='word_1_1482' title='bbox 569 2666 588 2685; x_wconf 90' lang='lat' dir='ltr'>o</span> <span class='ocrx_word' id='word_1_1483' title='bbox 597 2667 614 2685; x_wconf 84' lang='lat' dir='ltr'>R</span> <span class='ocrx_word' id='word_1_1484' title='bbox 624 2679 632 2691; x_wconf 88' lang='lat'>,</span> <span class='ocrx_word' id='word_1_1485' title='bbox 652 2661 715 2686; x_wconf 78' lang='lat' dir='ltr'>oris.</span> <span class='ocrx_word' id='word_1_1486' title='bbox 740 2671 775 2687; x_wconf 90' lang='lat' dir='ltr'>m.</span> <span class='ocrx_word' id='word_1_1487' title='bbox 819 2662 973 2698; x_wconf 68' lang='grc' dir='ltr'>[ἐγγυητής]</span> <span class='ocrx_word' id='word_1_1488' title='bbox 1009 2662 1212 2699; x_wconf 77' lang='lat' dir='ltr'>Expromiss&#39;oris</span> <span class='ocrx_word' id='word_1_1489' title='bbox 1240 2670 1336 2694; x_wconf 78' lang='lat' dir='ltr'>nomen,</span> <span class='ocrx_word' id='word_1_1490' title='bbox 1397 2663 1489 2698; x_wconf 84' lang='lat' dir='ltr'>pidum</span> <span class='ocrx_word' id='word_1_1491' title='bbox 1502 2663 1693 2695; x_wconf 67' lang='lat' dir='ltr'>expugnasset-e.</span> <span class='ocrx_word' id='word_1_1492' title='bbox 2427 2673 2437 2690; x_wconf 71' lang='lat' dir='ltr'>»i</span> 
     </span>
    </p>
   </div>
   <div class='ocr_carea' id='block_1_9' title="bbox 290 2694 2449 2839">
    <p class='ocr_par' dir='ltr' id='par_1_26' title="bbox 290 2694 2449 2839">
     <span class='ocr_line' id='line_1_76' title="bbox 294 2694 2435 2734; baseline 0.001 -13"><span class='ocrx_word' id='word_1_1493' title='bbox 294 2698 331 2721; x_wconf 82' lang='lat' dir='ltr'>ait</span> <span class='ocrx_word' id='word_1_1494' title='bbox 345 2696 477 2721; x_wconf 78' lang='lat' dir='ltr'>Connanus</span> <span class='ocrx_word' id='word_1_1495' title='bbox 490 2694 579 2720; x_wconf 87' lang='lat' dir='ltr'>Comm.</span> <span class='ocrx_word' id='word_1_1496' title='bbox 594 2694 610 2720; x_wconf 89' lang='lat' dir='ltr'><em>I</em></span> <span class='ocrx_word' id='word_1_1497' title='bbox 621 2703 642 2720; x_wconf 84' lang='lat' dir='ltr'>c.</span> <span class='ocrx_word' id='word_1_1498' title='bbox 657 2698 681 2725; x_wconf 88' lang='lat'>6,</span> <span class='ocrx_word' id='word_1_1499' title='bbox 695 2699 718 2725; x_wconf 73' lang='grc' dir='ltr'>ὅ,</span> <span class='ocrx_word' id='word_1_1500' title='bbox 727 2705 740 2720; x_wconf 77' lang='lat' dir='ltr'>a</span> <span class='ocrx_word' id='word_1_1501' title='bbox 755 2700 860 2729; x_wconf 77' lang='lat' dir='ltr'>ponitur</span> <span class='ocrx_word' id='word_1_1502' title='bbox 870 2705 915 2732; x_wconf 83' lang='lat' dir='ltr'>pro</span> <span class='ocrx_word' id='word_1_1503' title='bbox 931 2700 973 2730; x_wconf 85' lang='lat' dir='ltr'>Eo,</span> <span class='ocrx_word' id='word_1_1504' title='bbox 988 2703 1030 2733; x_wconf 87' lang='lat' dir='ltr'>qui</span> <span class='ocrx_word' id='word_1_1505' title='bbox 1041 2709 1089 2724; x_wconf 87' lang='lat' dir='ltr'>non</span> <span class='ocrx_word' id='word_1_1506' title='bbox 1102 2699 1196 2724; x_wconf 71' lang='lat' dir='ltr'>accedit</span> <span class='ocrx_word' id='word_1_1507' title='bbox 1209 2698 1338 2734; x_wconf 76' lang='lat' dir='ltr'>obligatio·</span> <span class='ocrx_word' id='word_1_1508' title='bbox 1439 2705 1455 2724; x_wconf 85' lang='lat' dir='ltr'>E</span> <span class='ocrx_word' id='word_1_1509' title='bbox 1464 2706 1482 2725; x_wconf 83' lang='lat' dir='ltr'>x</span> <span class='ocrx_word' id='word_1_1510' title='bbox 1492 2705 1506 2723; x_wconf 80' lang='lat' dir='ltr'>P</span> <span class='ocrx_word' id='word_1_1511' title='bbox 1516 2704 1536 2723; x_wconf 90' lang='lat' dir='ltr'>V</span> <span class='ocrx_word' id='word_1_1512' title='bbox 1545 2703 1566 2724; x_wconf 92' lang='lat' dir='ltr'>G</span> <span class='ocrx_word' id='word_1_1513' title='bbox 1576 2704 1627 2723; x_wconf 83' lang='lat' dir='ltr'>NA</span> <span class='ocrx_word' id='word_1_1514' title='bbox 1639 2703 1660 2722; x_wconf 89' lang='lat' dir='ltr'>N</span> <span class='ocrx_word' id='word_1_1515' title='bbox 1673 2704 1686 2724; x_wconf 87' lang='lat' dir='ltr'>S</span> <span class='ocrx_word' id='word_1_1516' title='bbox 1695 2717 1703 2730; x_wconf 88' lang='lat'>,</span> <span class='ocrx_word' id='word_1_1517' title='bbox 1723 2696 1799 2723; x_wconf 86' lang='lat' dir='ltr'>antis.</span> <span class='ocrx_word' id='word_1_1518' title='bbox 1826 2696 1920 2722; x_wconf 82' lang='lat' dir='ltr'>Partic.</span> <span class='ocrx_word' id='word_1_1519' title='bbox 1958 2694 2193 2731; x_wconf 74' lang='grc' dir='ltr'>[καταπολεμικᾶς]</span> <span class='ocrx_word' id='word_1_1520' title='bbox 2229 2697 2310 2723; x_wconf 88' lang='lat' dir='ltr'>Ouid.</span> <span class='ocrx_word' id='word_1_1521' title='bbox 2324 2696 2390 2723; x_wconf 87' lang='lat' dir='ltr'>Met.</span> <span class='ocrx_word' id='word_1_1522' title='bbox 2404 2705 2414 2723; x_wconf 86' lang='lat'>1</span> <span class='ocrx_word' id='word_1_1523' title='bbox 2433 2699 2435 2701; x_wconf 79' lang='grc'><strong>’</strong></span> 
     </span>
     <span class='ocr_line' id='line_1_77' title="bbox 296 2728 2436 2769; baseline 0.002 -14"><span class='ocrx_word' id='word_1_1524' title='bbox 296 2734 323 2756; x_wconf 77' lang='lat' dir='ltr'>m‘</span> <span class='ocrx_word' id='word_1_1525' title='bbox 332 2750 340 2762; x_wconf 87' lang='lat'>,</span> <span class='ocrx_word' id='word_1_1526' title='bbox 352 2730 400 2765; x_wconf 77' lang='lat' dir='ltr'>fid</span> <span class='ocrx_word' id='word_1_1527' title='bbox 414 2738 464 2756; x_wconf 79' lang='lat' dir='ltr'>cam</span> <span class='ocrx_word' id='word_1_1528' title='bbox 485 2735 561 2755; x_wconf 76' lang='lat' dir='ltr'>totam</span> <span class='ocrx_word' id='word_1_1529' title='bbox 575 2732 602 2755; x_wconf 85' lang='lat' dir='ltr'>in</span> <span class='ocrx_word' id='word_1_1530' title='bbox 616 2728 645 2765; x_wconf 81' lang='lat' dir='ltr'>se</span> <span class='ocrx_word' id='word_1_1531' title='bbox 658 2729 782 2765; x_wconf 74' lang='lat' dir='ltr'>sufiipit,</span> <span class='ocrx_word' id='word_1_1532' title='bbox 798 2730 865 2764; x_wconf 79' lang='lat' dir='ltr'>quast</span> <span class='ocrx_word' id='word_1_1533' title='bbox 882 2734 975 2758; x_wconf 72' lang='lat' dir='ltr'>alienae</span> <span class='ocrx_word' id='word_1_1534' title='bbox 987 2734 1146 2769; x_wconf 76' lang='lat' dir='ltr'>obligationis</span> <span class='ocrx_word' id='word_1_1535' title='bbox 1159 2736 1288 2765; x_wconf 77' lang='lat' dir='ltr'>vicarius,</span> <span class='ocrx_word' id='word_1_1536' title='bbox 1308 2739 1337 2759; x_wconf 84' lang='lat' dir='ltr'>vt</span> <span class='ocrx_word' id='word_1_1537' title='bbox 1353 2740 1389 2769; x_wconf 70' lang='lat'>79</span> <span class='ocrx_word' id='word_1_1538' title='bbox 1403 2743 1429 2761; x_wconf 78' lang='lat'>21</span> <span class='ocrx_word' id='word_1_1539' title='bbox 1459 2733 1519 2759; x_wconf 84' lang='lat' dir='ltr'>Siue</span> <span class='ocrx_word' id='word_1_1540' title='bbox 1533 2733 1727 2767; x_wconf 76' lang='lat' dir='ltr'>expugnantior</span> <span class='ocrx_word' id='word_1_1541' title='bbox 1741 2732 1823 2759; x_wconf 88' lang='lat' dir='ltr'>herba</span> <span class='ocrx_word' id='word_1_1542' title='bbox 1838 2731 1889 2763; x_wconf 85' lang='lat' dir='ltr'>est,</span> <span class='ocrx_word' id='word_1_1543' title='bbox 1907 2731 1988 2758; x_wconf 89' lang='lat' dir='ltr'>Vtere</span> <span class='ocrx_word' id='word_1_1544' title='bbox 2003 2734 2108 2758; x_wconf 84' lang='lat' dir='ltr'>tentatis</span> <span class='ocrx_word' id='word_1_1545' title='bbox 2123 2733 2250 2767; x_wconf 85' lang='lat' dir='ltr'>operosae</span> <span class='ocrx_word' id='word_1_1546' title='bbox 2269 2732 2373 2760; x_wconf 87' lang='lat' dir='ltr'>viribus</span> <span class='ocrx_word' id='word_1_1547' title='bbox 2386 2731 2419 2759; x_wconf 88' lang='lat' dir='ltr'>he</span> <span class='ocrx_word' id='word_1_1548' title='bbox 2434 2732 2436 2735; x_wconf 81' lang='grc'><strong>’</strong></span> 
     </span>
     <span class='ocr_line' id='line_1_78' title="bbox 291 2764 2433 2803; baseline 0.002 -12"><span class='ocrx_word' id='word_1_1549' title='bbox 291 2772 341 2801; x_wconf 74' lang='lat' dir='ltr'>pro</span> <span class='ocrx_word' id='word_1_1550' title='bbox 349 2765 421 2800; x_wconf 71' lang='lat' dir='ltr'>seruo</span> <span class='ocrx_word' id='word_1_1551' title='bbox 435 2764 551 2800; x_wconf 80' lang='lat' dir='ltr'>aduersus</span> <span class='ocrx_word' id='word_1_1552' title='bbox 563 2764 702 2797; x_wconf 80' lang='lat' dir='ltr'>dominum,</span> <span class='ocrx_word' id='word_1_1553' title='bbox 720 2768 763 2799; x_wconf 82' lang='lat' dir='ltr'>qui</span> <span class='ocrx_word' id='word_1_1554' title='bbox 776 2764 873 2790; x_wconf 83' lang='lat' dir='ltr'>domino</span> <span class='ocrx_word' id='word_1_1555' title='bbox 887 2766 936 2791; x_wconf 86' lang='lat' dir='ltr'>obli</span> <span class='ocrx_word' id='word_1_1556' title='bbox 953 2771 994 2792; x_wconf 82' lang='lat' dir='ltr'>ari</span> <span class='ocrx_word' id='word_1_1557' title='bbox 1006 2777 1053 2793; x_wconf 85' lang='lat' dir='ltr'>non</span> <span class='ocrx_word' id='word_1_1558' title='bbox 1067 2767 1163 2802; x_wconf 71' lang='lat' dir='ltr'>potest,</span> <span class='ocrx_word' id='word_1_1559' title='bbox 1183 2768 1281 2803; x_wconf 66' lang='lat' dir='ltr'>ideoque</span> <span class='ocrx_word' id='word_1_1560' title='bbox 1295 2777 1339 2793; x_wconf 84' lang='lat' dir='ltr'>nec</span> <span class='ocrx_word' id='word_1_1561' title='bbox 1402 2770 1459 2796; x_wconf 87' lang='lat' dir='ltr'>bae.</span> <span class='ocrx_word' id='word_1_1562' title='bbox 1478 2771 1511 2795; x_wconf 84' lang='lat' dir='ltr'>al.</span> <span class='ocrx_word' id='word_1_1563' title='bbox 1533 2769 1719 2802; x_wconf 77' lang='lat' dir='ltr'>expugnacior.</span> <span class='ocrx_word' id='word_1_1564' title='bbox 2427 2788 2433 2795; x_wconf 73' lang='lat'>.</span> 
     </span>
     <span class='ocr_line' id='line_1_79' title="bbox 290 2798 2449 2839; baseline 0.002 -14"><span class='ocrx_word' id='word_1_1565' title='bbox 290 2798 455 2837; x_wconf 76' lang='lat' dir='ltr'>fideiuſjbrcm</span> <span class='ocrx_word' id='word_1_1566' title='bbox 471 2799 544 2826; x_wconf 81' lang='lat' dir='ltr'>dare.-</span> <span class='ocrx_word' id='word_1_1567' title='bbox 563 2807 590 2826; x_wconf 86' lang='lat' dir='ltr'>at</span> <span class='ocrx_word' id='word_1_1568' title='bbox 608 2800 823 2835; x_wconf 78' lang='lat' dir='ltr'>expromilsorem</span> <span class='ocrx_word' id='word_1_1569' title='bbox 841 2799 907 2826; x_wconf 72' lang='lat' dir='ltr'>reflc</span> <span class='ocrx_word' id='word_1_1570' title='bbox 943 2807 984 2831; x_wconf 82' lang='lat' dir='ltr'>at,</span> <span class='ocrx_word' id='word_1_1571' title='bbox 1000 2805 1043 2836; x_wconf 84' lang='lat' dir='ltr'>qui</span> <span class='ocrx_word' id='word_1_1572' title='bbox 1060 2803 1106 2837; x_wconf 65' lang='lat' dir='ltr'>fiio</span> <span class='ocrx_word' id='word_1_1573' title='bbox 1125 2804 1176 2828; x_wconf 80' lang='lat' dir='ltr'>loco</span> <span class='ocrx_word' id='word_1_1574' title='bbox 1195 2807 1337 2836; x_wconf 73' lang='lat' dir='ltr'>promittat.</span> <span class='ocrx_word' id='word_1_1575' title='bbox 1440 2810 1457 2830; x_wconf 81' lang='grc' dir='ltr'>ε</span> <span class='ocrx_word' id='word_1_1576' title='bbox 1469 2810 1570 2830; x_wconf 71' lang='lat' dir='ltr'>xPVG</span> <span class='ocrx_word' id='word_1_1577' title='bbox 1582 2798 1635 2830; x_wconf 63' lang='lat' dir='ltr'>N&#39;rs</span> <span class='ocrx_word' id='word_1_1578' title='bbox 1645 2810 1734 2835; x_wconf 85' lang='lat' dir='ltr'>Tvs,</span> <span class='ocrx_word' id='word_1_1579' title='bbox 1754 2812 1783 2834; x_wconf 87' lang='lat' dir='ltr'>a,</span> <span class='ocrx_word' id='word_1_1580' title='bbox 1803 2812 1857 2829; x_wconf 90' lang='lat' dir='ltr'>um.</span> <span class='ocrx_word' id='word_1_1581' title='bbox 1883 2801 1977 2829; x_wconf 86' lang='lat' dir='ltr'>Partic.</span> <span class='ocrx_word' id='word_1_1582' title='bbox 2013 2803 2312 2839; x_wconf 71' lang='grc' dir='ltr'>[καταπεπολεμημένος]</span> <span class='ocrx_word' id='word_1_1583' title='bbox 2348 2802 2424 2830; x_wconf 85' lang='lat' dir='ltr'>Caste</span> <span class='ocrx_word' id='word_1_1584' title='bbox 2448 2807 2449 2810; x_wconf 77' lang='grc'>’</span> 
     </span>
    </p>
   </div>
   <div class='ocr_carea' id='block_1_10' title="bbox 298 2833 2479 2979">
    <p class='ocr_par' dir='ltr' id='par_1_27' title="bbox 298 2833 2455 2943">
     <span class='ocr_line' id='line_1_80' title="bbox 300 2833 2450 2874; baseline 0.001 -13"><span class='ocrx_word' id='word_1_1585' title='bbox 300 2835 403 2870; x_wconf 85' lang='lat' dir='ltr'>leian.</span> <span class='ocrx_word' id='word_1_1586' title='bbox 417 2835 434 2862; x_wconf 91' lang='lat'>1.</span> <span class='ocrx_word' id='word_1_1587' title='bbox 449 2836 479 2861; x_wconf 87' lang='lat' dir='ltr'>Et</span> <span class='ocrx_word' id='word_1_1588' title='bbox 498 2835 629 2869; x_wconf 85' lang='lat' dir='ltr'>eleganter</span> <span class='ocrx_word' id='word_1_1589' title='bbox 642 2843 658 2870; x_wconf 95' lang='lat'><strong>7</strong></span> <span class='ocrx_word' id='word_1_1590' title='bbox 673 2833 696 2871; x_wconf 76' lang='lat'>§.</span> <span class='ocrx_word' id='word_1_1591' title='bbox 712 2841 724 2865; x_wconf 79' lang='lat'><em>8</em></span> <span class='ocrx_word' id='word_1_1592' title='bbox 738 2836 769 2862; x_wconf 93' lang='lat' dir='ltr'>D.</span> <span class='ocrx_word' id='word_1_1593' title='bbox 784 2834 816 2861; x_wconf 86' lang='lat' dir='ltr'>de</span> <span class='ocrx_word' id='word_1_1594' title='bbox 831 2834 895 2862; x_wconf 87' lang='lat' dir='ltr'>dolo</span> <span class='ocrx_word' id='word_1_1595' title='bbox 909 2835 995 2862; x_wconf 79' lang='lat' dir='ltr'>malo:</span> <span class='ocrx_word' id='word_1_1596' title='bbox 1020 2837 1131 2868; x_wconf 88' lang='lat' dir='ltr'>Seruus,</span> <span class='ocrx_word' id='word_1_1597' title='bbox 1145 2837 1274 2872; x_wconf 77' lang='lat' dir='ltr'>paffionis</span> <span class='ocrx_word' id='word_1_1598' title='bbox 1288 2846 1338 2871; x_wconf 89' lang='lat' dir='ltr'>pro</span> <span class='ocrx_word' id='word_1_1599' title='bbox 1402 2839 1435 2865; x_wconf 79' lang='lat' dir='ltr'>lis</span> <span class='ocrx_word' id='word_1_1600' title='bbox 1450 2839 1603 2873; x_wconf 86' lang='lat' dir='ltr'>expugnatis</span> <span class='ocrx_word' id='word_1_1601' title='bbox 1618 2840 1691 2865; x_wconf 89' lang='lat' dir='ltr'>Caes.</span> <span class='ocrx_word' id='word_1_1602' title='bbox 1705 2839 1733 2864; x_wconf 86' lang='lat' dir='ltr'>B.</span> <span class='ocrx_word' id='word_1_1603' title='bbox 1747 2839 1779 2864; x_wconf 90' lang='lat' dir='ltr'>G.</span> <span class='ocrx_word' id='word_1_1604' title='bbox 1794 2847 1817 2870; x_wconf 82' lang='lat'>3,</span> <span class='ocrx_word' id='word_1_1605' title='bbox 1836 2846 1854 2864; x_wconf 93' lang='lat'>1.</span> <span class='ocrx_word' id='word_1_1606' title='bbox 1928 2838 1997 2864; x_wconf 88' lang='lat' dir='ltr'>Loca</span> <span class='ocrx_word' id='word_1_1607' title='bbox 2017 2838 2086 2873; x_wconf 85' lang='lat' dir='ltr'>Nep.</span> <span class='ocrx_word' id='word_1_1608' title='bbox 2105 2846 2143 2873; x_wconf 89' lang='lat'>17,</span> <span class='ocrx_word' id='word_1_1609' title='bbox 2157 2847 2180 2871; x_wconf 84' lang='lat'>3,</span> <span class='ocrx_word' id='word_1_1610' title='bbox 2193 2846 2215 2871; x_wconf 82' lang='lat'>5.</span> <span class='ocrx_word' id='word_1_1611' title='bbox 2253 2837 2327 2874; x_wconf 85' lang='lat' dir='ltr'>Conf.</span> <span class='ocrx_word' id='word_1_1612' title='bbox 2340 2847 2368 2871; x_wconf 83' lang='lat'>4,</span> <span class='ocrx_word' id='word_1_1613' title='bbox 2380 2847 2407 2872; x_wconf 85' lang='lat'>2,</span> <span class='ocrx_word' id='word_1_1614' title='bbox 2418 2845 2450 2871; x_wconf 51' lang='grc' dir='ltr'>ἢ,</span> 
     </span>
     <span class='ocr_line' id='line_1_81' title="bbox 298 2870 2455 2909; baseline 0.002 -12"><span class='ocrx_word' id='word_1_1615' title='bbox 298 2871 420 2897; x_wconf 86' lang='lat' dir='ltr'>libertate</span> <span class='ocrx_word' id='word_1_1616' title='bbox 440 2879 515 2897; x_wconf 87' lang='lat' dir='ltr'>reum</span> <span class='ocrx_word' id='word_1_1617' title='bbox 528 2871 638 2897; x_wconf 89' lang='lat' dir='ltr'>domino</span> <span class='ocrx_word' id='word_1_1618' title='bbox 651 2870 723 2897; x_wconf 87' lang='lat' dir='ltr'>dedit</span> <span class='ocrx_word' id='word_1_1619' title='bbox 743 2880 772 2897; x_wconf 86' lang='lat' dir='ltr'>ea</span> <span class='ocrx_word' id='word_1_1620' title='bbox 787 2870 957 2903; x_wconf 87' lang='lat' dir='ltr'>conditione,</span> <span class='ocrx_word' id='word_1_1621' title='bbox 975 2877 1003 2897; x_wconf 92' lang='lat' dir='ltr'>vt</span> <span class='ocrx_word' id='word_1_1622' title='bbox 1018 2871 1073 2907; x_wconf 79' lang='lat' dir='ltr'>post</span> <span class='ocrx_word' id='word_1_1623' title='bbox 1093 2872 1242 2897; x_wconf 81' lang='lat' dir='ltr'>libertatem</span> <span class='ocrx_word' id='word_1_1624' title='bbox 1257 2878 1339 2898; x_wconf 83' lang='lat' dir='ltr'>trans·</span> <span class='ocrx_word' id='word_1_1625' title='bbox 1403 2875 1478 2900; x_wconf 88' lang='lat' dir='ltr'>Mens</span> <span class='ocrx_word' id='word_1_1626' title='bbox 1508 2880 1655 2908; x_wconf 86' lang='lat' dir='ltr'>expugnata</span> <span class='ocrx_word' id='word_1_1627' title='bbox 1687 2873 1785 2900; x_wconf 88' lang='lat' dir='ltr'>fatiscit</span> <span class='ocrx_word' id='word_1_1628' title='bbox 1817 2874 1879 2900; x_wconf 89' lang='lat' dir='ltr'>Stat.</span> <span class='ocrx_word' id='word_1_1629' title='bbox 1904 2873 1996 2900; x_wconf 87' lang='lat' dir='ltr'>Theb.</span> <span class='ocrx_word' id='word_1_1630' title='bbox 2017 2883 2046 2907; x_wconf 86' lang='lat'>4,</span> <span class='ocrx_word' id='word_1_1631' title='bbox 2072 2880 2125 2908; x_wconf 86' lang='lat'>187.</span> <span class='ocrx_word' id='word_1_1632' title='bbox 2209 2873 2319 2900; x_wconf 89' lang='lat' dir='ltr'>Moenia</span> <span class='ocrx_word' id='word_1_1633' title='bbox 2339 2875 2455 2909; x_wconf 34' lang='lat' dir='ltr'>Luci-et..</span> 
     </span>
     <span class='ocr_line' id='line_1_82' title="bbox 298 2906 1526 2943; baseline 0 -9"><span class='ocrx_word' id='word_1_1634' title='bbox 298 2907 399 2934; x_wconf 86' lang='lat' dir='ltr'>feratur</span> <span class='ocrx_word' id='word_1_1635' title='bbox 414 2908 440 2932; x_wconf 91' lang='lat' dir='ltr'>in</span> <span class='ocrx_word' id='word_1_1636' title='bbox 459 2915 519 2932; x_wconf 89' lang='lat' dir='ltr'>eum</span> <span class='ocrx_word' id='word_1_1637' title='bbox 539 2906 683 2941; x_wconf 81' lang='lat' dir='ltr'>obligatio:</span> <span class='ocrx_word' id='word_1_1638' title='bbox 701 2906 868 2933; x_wconf 77' lang='lat' dir='ltr'>manumissus</span> <span class='ocrx_word' id='word_1_1639' title='bbox 883 2916 936 2933; x_wconf 92' lang='lat' dir='ltr'>non</span> <span class='ocrx_word' id='word_1_1640' title='bbox 951 2908 1050 2942; x_wconf 85' lang='lat' dir='ltr'>patitur</span> <span class='ocrx_word' id='word_1_1641' title='bbox 1062 2907 1256 2941; x_wconf 87' lang='lat' dir='ltr'>obligationem</span> <span class='ocrx_word' id='word_1_1642' title='bbox 1270 2907 1297 2933; x_wconf 94' lang='lat' dir='ltr'>in</span> <span class='ocrx_word' id='word_1_1643' title='bbox 1314 2908 1338 2932; x_wconf 90' lang='lat' dir='ltr'>se</span> <span class='ocrx_word' id='word_1_1644' title='bbox 1354 2915 1386 2943; x_wconf 85' lang='lat'>75</span> <span class='ocrx_word' id='word_1_1645' title='bbox 1403 2918 1435 2941; x_wconf 89' lang='lat'>2,</span> <span class='ocrx_word' id='word_1_1646' title='bbox 1456 2917 1526 2943; x_wconf 85' lang='lat'>1144.</span> 
     </span>
    </p>

    <p class='ocr_par' dir='ltr' id='par_1_28' title="bbox 299 2941 2479 2979">
     <span class='ocr_line' id='line_1_83' title="bbox 299 2941 2479 2979; baseline 0.003 -12"><span class='ocrx_word' id='word_1_1647' title='bbox 299 2942 446 2969; x_wconf 80' lang='lat' dir='ltr'>transferri.</span> <span class='ocrx_word' id='word_1_1648' title='bbox 485 2943 551 2968; x_wconf 70' lang='lat' dir='ltr'>Haec</span> <span class='ocrx_word' id='word_1_1649' title='bbox 565 2943 624 2977; x_wconf 90' lang='lat' dir='ltr'>le.</span> <span class='ocrx_word' id='word_1_1650' title='bbox 640 2943 726 2978; x_wconf 79' lang='lat' dir='ltr'>Pergit</span> <span class='ocrx_word' id='word_1_1651' title='bbox 739 2943 886 2975; x_wconf 79' lang='lat' dir='ltr'>Connanus,</span> <span class='ocrx_word' id='word_1_1652' title='bbox 902 2943 986 2969; x_wconf 81' lang='lat' dir='ltr'>Reum</span> <span class='ocrx_word' id='word_1_1653' title='bbox 1000 2943 1130 2979; x_wconf 68' lang='lat' dir='ltr'>pac‘tionis</span> <span class='ocrx_word' id='word_1_1654' title='bbox 1148 2951 1197 2977; x_wconf 93' lang='lat' dir='ltr'>pro</span> <span class='ocrx_word' id='word_1_1655' title='bbox 1217 2942 1339 2969; x_wconf 85' lang='lat' dir='ltr'>libertate</span> <span class='ocrx_word' id='word_1_1656' title='bbox 1438 2951 1505 2971; x_wconf 79' lang='grc' dir='ltr'>ΕΧΡ</span> <span class='ocrx_word' id='word_1_1657' title='bbox 1515 2950 1564 2971; x_wconf 89' lang='lat' dir='ltr'>VG</span> <span class='ocrx_word' id='word_1_1658' title='bbox 1574 2952 1594 2970; x_wconf 88' lang='lat' dir='ltr'>N</span> <span class='ocrx_word' id='word_1_1659' title='bbox 1606 2951 1626 2971; x_wconf 86' lang='grc' dir='ltr'>Α</span> <span class='ocrx_word' id='word_1_1660' title='bbox 1636 2952 1656 2971; x_wconf 89' lang='grc' dir='ltr'><strong><em>Τ</em></strong></span> <span class='ocrx_word' id='word_1_1661' title='bbox 1669 2951 1678 2970; x_wconf 86' lang='lat'>1</span> <span class='ocrx_word' id='word_1_1662' title='bbox 1691 2951 1726 2976; x_wconf 90' lang='lat'>0,</span> <span class='ocrx_word' id='word_1_1663' title='bbox 1743 2944 1809 2971; x_wconf 74' lang='lat' dir='ltr'>onis.</span> <span class='ocrx_word' id='word_1_1664' title='bbox 1831 2945 1851 2971; x_wconf 84' lang='lat' dir='ltr'>f.</span> <span class='ocrx_word' id='word_1_1665' title='bbox 1888 2943 2124 2978; x_wconf 72' lang='grc' dir='ltr'>[καταπολέμησις]</span> <span class='ocrx_word' id='word_1_1666' title='bbox 2159 2941 2214 2969; x_wconf 89' lang='lat' dir='ltr'>Cic.</span> <span class='ocrx_word' id='word_1_1667' title='bbox 2235 2952 2285 2977; x_wconf 88' lang='lat' dir='ltr'>pro</span> <span class='ocrx_word' id='word_1_1668' title='bbox 2304 2944 2334 2971; x_wconf 90' lang='lat' dir='ltr'>L.</span> <span class='ocrx_word' id='word_1_1669' title='bbox 2349 2944 2442 2973; x_wconf 57' lang='lat' dir='ltr'>Manssss</span> <span class='ocrx_word' id='word_1_1670' title='bbox 2478 2953 2479 2957; x_wconf 63' lang='lat'>¹</span> 
     </span>
    </p>
   </div>
   <div class='ocr_carea' id='block_1_11' title="bbox 293 2977 2455 3228">
    <p class='ocr_par' dir='ltr' id='par_1_29' title="bbox 293 2977 2455 3228">
     <span class='ocr_line' id='line_1_84' title="bbox 300 2977 2442 3014; baseline 0 -10"><span class='ocrx_word' id='word_1_1671' title='bbox 300 2978 410 3004; x_wconf 80' lang='lat' dir='ltr'>domino</span> <span class='ocrx_word' id='word_1_1672' title='bbox 423 2977 512 3010; x_wconf 87' lang='lat' dir='ltr'>dedit,</span> <span class='ocrx_word' id='word_1_1673' title='bbox 533 2980 551 3003; x_wconf 90' lang='lat' dir='ltr'>i.</span> <span class='ocrx_word' id='word_1_1674' title='bbox 572 2977 789 3012; x_wconf 40' lang='lat' dir='ltr'>Emi-animarem,</span> <span class='ocrx_word' id='word_1_1675' title='bbox 808 2980 851 3013; x_wconf 82' lang='lat' dir='ltr'>qui</span> <span class='ocrx_word' id='word_1_1676' title='bbox 870 2979 920 3004; x_wconf 84' lang='lat' dir='ltr'>loco</span> <span class='ocrx_word' id='word_1_1677' title='bbox 940 2981 992 3004; x_wconf 77' lang='lat' dir='ltr'>eius</span> <span class='ocrx_word' id='word_1_1678' title='bbox 1009 2977 1064 3012; x_wconf 71' lang='lat' dir='ltr'>cffct</span> <span class='ocrx_word' id='word_1_1679' title='bbox 1076 2978 1142 3013; x_wconf 79' lang='lat' dir='ltr'>apud</span> <span class='ocrx_word' id='word_1_1680' title='bbox 1160 2978 1284 3004; x_wconf 77' lang='lat' dir='ltr'>dominum</span> <span class='ocrx_word' id='word_1_1681' title='bbox 1302 2977 1341 3003; x_wconf 88' lang='lat' dir='ltr'>ob·</span> <span class='ocrx_word' id='word_1_1682' title='bbox 1403 2988 1426 3011; x_wconf 81' lang='lat'>13</span> <span class='ocrx_word' id='word_1_1683' title='bbox 1454 2980 1517 3006; x_wconf 88' lang='lat' dir='ltr'>Non</span> <span class='ocrx_word' id='word_1_1684' title='bbox 1531 2981 1642 3007; x_wconf 78' lang='lat' dir='ltr'>multum</span> <span class='ocrx_word' id='word_1_1685' title='bbox 1663 2980 1695 3006; x_wconf 74' lang='lat' dir='ltr'>ab</span> <span class='ocrx_word' id='word_1_1686' title='bbox 1716 2979 1806 3006; x_wconf 78' lang='lat' dir='ltr'>hostili</span> <span class='ocrx_word' id='word_1_1687' title='bbox 1821 2979 2015 3014; x_wconf 83' lang='lat' dir='ltr'>expugnatione</span> <span class='ocrx_word' id='word_1_1688' title='bbox 2029 2977 2159 3004; x_wconf 83' lang='lat' dir='ltr'>differant.</span> <span class='ocrx_word' id='word_1_1689' title='bbox 2212 2979 2285 3006; x_wconf 86' lang='lat' dir='ltr'>Idem</span> <span class='ocrx_word' id='word_1_1690' title='bbox 2298 2980 2330 3006; x_wconf 88' lang='lat' dir='ltr'>de</span> <span class='ocrx_word' id='word_1_1691' title='bbox 2341 2980 2442 3008; x_wconf 62' lang='lat' dir='ltr'>Senefik.</span> 
     </span>
     <span class='ocr_line' id='line_1_85' title="bbox 297 3011 2442 3053; baseline 0 -15"><span class='ocrx_word' id='word_1_1692' title='bbox 297 3015 400 3050; x_wconf 76' lang='lat' dir='ltr'>ligatus.</span> <span class='ocrx_word' id='word_1_1693' title='bbox 436 3014 467 3038; x_wconf 83' lang='lat' dir='ltr'>Et</span> <span class='ocrx_word' id='word_1_1694' title='bbox 477 3012 502 3046; x_wconf 83' lang='lat' dir='ltr'><strong><em>fi</em></strong></span> <span class='ocrx_word' id='word_1_1695' title='bbox 538 3011 572 3045; x_wconf 90' lang='lat' dir='ltr'>ost</span> <span class='ocrx_word' id='word_1_1696' title='bbox 591 3014 728 3039; x_wconf 72' lang='lat' dir='ltr'>libertatem</span> <span class='ocrx_word' id='word_1_1697' title='bbox 747 3020 871 3048; x_wconf 76' lang='lat' dir='ltr'>acceptam</span> <span class='ocrx_word' id='word_1_1698' title='bbox 889 3013 978 3049; x_wconf 74' lang='lat' dir='ltr'>firims</span> <span class='ocrx_word' id='word_1_1699' title='bbox 995 3017 1022 3040; x_wconf 82' lang='lat' dir='ltr'>in</span> <span class='ocrx_word' id='word_1_1700' title='bbox 1040 3014 1069 3053; x_wconf 81' lang='lat' dir='ltr'>se</span> <span class='ocrx_word' id='word_1_1701' title='bbox 1089 3015 1259 3049; x_wconf 75' lang='lat' dir='ltr'>obligationem</span> <span class='ocrx_word' id='word_1_1702' title='bbox 1280 3016 1341 3040; x_wconf 81' lang='lat' dir='ltr'>reci·</span> <span class='ocrx_word' id='word_1_1703' title='bbox 1405 3023 1429 3047; x_wconf 82' lang='lat'>¹3</span> <span class='ocrx_word' id='word_1_1704' title='bbox 1451 3024 1472 3041; x_wconf 92' lang='lat' dir='ltr'>c.</span> <span class='ocrx_word' id='word_1_1705' title='bbox 1487 3023 1499 3047; x_wconf 92' lang='lat'>5</span> <span class='ocrx_word' id='word_1_1706' title='bbox 1527 3017 1560 3041; x_wconf 91' lang='lat' dir='ltr'>Vt</span> <span class='ocrx_word' id='word_1_1707' title='bbox 1574 3016 1681 3042; x_wconf 87' lang='lat' dir='ltr'>vrbium</span> <span class='ocrx_word' id='word_1_1708' title='bbox 1696 3016 1901 3050; x_wconf 86' lang='lat' dir='ltr'>expugnationes</span> <span class='ocrx_word' id='word_1_1709' title='bbox 1915 3013 2095 3040; x_wconf 89' lang='lat' dir='ltr'>recordentur.</span> <span class='ocrx_word' id='word_1_1710' title='bbox 2167 3014 2331 3049; x_wconf 80' lang='lat' dir='ltr'>Expugnatio</span> <span class='ocrx_word' id='word_1_1711' title='bbox 2348 3016 2442 3043; x_wconf 72' lang='lat' dir='ltr'>castro.</span> 
     </span>
     <span class='ocr_line' id='line_1_86' title="bbox 293 3020 2437 3085; baseline 0.001 -12"><span class='ocrx_word' id='word_1_1712' title='bbox 293 3053 352 3084; x_wconf 77' lang='lat' dir='ltr'>piat</span> <span class='ocrx_word' id='word_1_1713' title='bbox 362 3068 368 3079; x_wconf 91' lang='lat'>‚</span> <span class='ocrx_word' id='word_1_1714' title='bbox 389 3048 484 3074; x_wconf 80' lang='lat' dir='ltr'>dicetur</span> <span class='ocrx_word' id='word_1_1715' title='bbox 497 3020 539 3082; x_wconf 62' lang='lat' dir='ltr'>effi’</span> <span class='ocrx_word' id='word_1_1716' title='bbox 552 3049 731 3084; x_wconf 79' lang='lat' dir='ltr'>Expromilsor</span> <span class='ocrx_word' id='word_1_1717' title='bbox 743 3049 786 3085; x_wconf 70' lang='lat' dir='ltr'>Jiti</span> <span class='ocrx_word' id='word_1_1718' title='bbox 800 3049 1012 3084; x_wconf 86' lang='lat' dir='ltr'>expromissoris,</span> <span class='ocrx_word' id='word_1_1719' title='bbox 1025 3052 1064 3084; x_wconf 87' lang='lat' dir='ltr'>J1c</span> <span class='ocrx_word' id='word_1_1720' title='bbox 1077 3053 1139 3075; x_wconf 82' lang='lat' dir='ltr'>enim</span> <span class='ocrx_word' id='word_1_1721' title='bbox 1152 3049 1284 3085; x_wconf 78' lang='lat' dir='ltr'>subiungit</span> <span class='ocrx_word' id='word_1_1722' title='bbox 1297 3049 1341 3075; x_wconf 94' lang='lat' dir='ltr'>Vl-</span> <span class='ocrx_word' id='word_1_1723' title='bbox 1403 3060 1463 3078; x_wconf 83' lang='lat' dir='ltr'>rum</span> <span class='ocrx_word' id='word_1_1724' title='bbox 1477 3051 1549 3077; x_wconf 88' lang='lat' dir='ltr'>Caes.</span> <span class='ocrx_word' id='word_1_1725' title='bbox 1566 3052 1592 3077; x_wconf 77' lang='lat' dir='ltr'>B.</span> <span class='ocrx_word' id='word_1_1726' title='bbox 1609 3052 1639 3077; x_wconf 80' lang='lat' dir='ltr'>G.</span> <span class='ocrx_word' id='word_1_1727' title='bbox 1655 3055 1681 3083; x_wconf 87' lang='lat'>6,</span> <span class='ocrx_word' id='word_1_1728' title='bbox 1695 3060 1739 3084; x_wconf 74' lang='lat'>40.</span> <span class='ocrx_word' id='word_1_1729' title='bbox 1813 3050 1967 3077; x_wconf 69' lang='lat' dir='ltr'>Noeturnae</span> <span class='ocrx_word' id='word_1_1730' title='bbox 1985 3049 2040 3075; x_wconf 89' lang='lat' dir='ltr'>Cic.</span> <span class='ocrx_word' id='word_1_1731' title='bbox 2056 3049 2110 3075; x_wconf 83' lang='lat' dir='ltr'>Att.</span> <span class='ocrx_word' id='word_1_1732' title='bbox 2125 3057 2156 3081; x_wconf 89' lang='lat'>11,</span> <span class='ocrx_word' id='word_1_1733' title='bbox 2170 3058 2210 3076; x_wconf 88' lang='lat'>20.</span> <span class='ocrx_word' id='word_1_1734' title='bbox 2430 3063 2437 3078; x_wconf 66' lang='lat' dir='ltr'>t</span> 
     </span>
     <span class='ocr_line' id='line_1_87' title="bbox 300 3083 2442 3125; baseline 0.002 -16"><span class='ocrx_word' id='word_1_1735' title='bbox 300 3085 392 3125; x_wconf 84' lang='lat' dir='ltr'>pianus</span> <span class='ocrx_word' id='word_1_1736' title='bbox 420 3084 500 3118; x_wconf 84' lang='lat' dir='ltr'>Atqui</span> <span class='ocrx_word' id='word_1_1737' title='bbox 523 3090 648 3119; x_wconf 87' lang='lat' dir='ltr'>patronus</span> <span class='ocrx_word' id='word_1_1738' title='bbox 671 3090 732 3111; x_wconf 88' lang='lat' dir='ltr'>tunc</span> <span class='ocrx_word' id='word_1_1739' title='bbox 754 3083 974 3117; x_wconf 55' lang='lat' dir='ltr'>submonebant,</span> <span class='ocrx_word' id='word_1_1740' title='bbox 995 3085 1012 3111; x_wconf 84' lang='lat' dir='ltr'>li</span> <span class='ocrx_word' id='word_1_1741' title='bbox 1034 3085 1103 3111; x_wconf 90' lang='lat' dir='ltr'>nolit</span> <span class='ocrx_word' id='word_1_1742' title='bbox 1123 3085 1339 3120; x_wconf 82' lang='lat' dir='ltr'>expromillbrem</span> <span class='ocrx_word' id='word_1_1743' title='bbox 1358 3091 1390 3117; x_wconf 85' lang='lat'>80</span> <span class='ocrx_word' id='word_1_1744' title='bbox 1439 3087 1736 3117; x_wconf 51' lang='lat' dir='ltr'>EXPVGNETOP„</span> <span class='ocrx_word' id='word_1_1745' title='bbox 1758 3088 1820 3113; x_wconf 77' lang='lat' dir='ltr'>oris.</span> <span class='ocrx_word' id='word_1_1746' title='bbox 1839 3095 1872 3112; x_wconf 88' lang='lat' dir='ltr'>m.</span> <span class='ocrx_word' id='word_1_1747' title='bbox 1909 3084 2150 3120; x_wconf 71' lang='grc' dir='ltr'>[καταπολεμητὴς]</span> <span class='ocrx_word' id='word_1_1748' title='bbox 2186 3085 2246 3112; x_wconf 90' lang='lat' dir='ltr'>Liu.</span> <span class='ocrx_word' id='word_1_1749' title='bbox 2269 3088 2296 3119; x_wconf 91' lang='lat'>6,</span> <span class='ocrx_word' id='word_1_1750' title='bbox 2323 3106 2331 3113; x_wconf 82' lang='grc'><strong>.</strong></span> <span class='ocrx_word' id='word_1_1751' title='bbox 2357 3107 2364 3114; x_wconf 89' lang='grc'><strong>.</strong></span> <span class='ocrx_word' id='word_1_1752' title='bbox 2400 3086 2442 3114; x_wconf 80' lang='lat' dir='ltr'>Ibi</span> 
     </span>
     <span class='ocr_line' id='line_1_88' title="bbox 299 3119 2455 3156; baseline 0.002 -10"><span class='ocrx_word' id='word_1_1753' title='bbox 299 3121 385 3155; x_wconf 82' lang='lat' dir='ltr'>ipsum</span> <span class='ocrx_word' id='word_1_1754' title='bbox 402 3119 586 3147; x_wconf 65' lang='lat' dir='ltr'>manumill‘um</span> <span class='ocrx_word' id='word_1_1755' title='bbox 606 3120 733 3155; x_wconf 88' lang='lat' dir='ltr'>accipere.</span> <span class='ocrx_word' id='word_1_1756' title='bbox 768 3120 958 3155; x_wconf 85' lang='lat' dir='ltr'>Expromissori</span> <span class='ocrx_word' id='word_1_1757' title='bbox 973 3120 1049 3156; x_wconf 88' lang='lat' dir='ltr'>plane</span> <span class='ocrx_word' id='word_1_1758' title='bbox 1062 3121 1184 3147; x_wconf 76' lang='lat' dir='ltr'>aduersus</span> <span class='ocrx_word' id='word_1_1759' title='bbox 1200 3121 1342 3147; x_wconf 88' lang='lat' dir='ltr'>Manumis-</span> <span class='ocrx_word' id='word_1_1760' title='bbox 1404 3130 1465 3147; x_wconf 85' lang='lat' dir='ltr'>eum</span> <span class='ocrx_word' id='word_1_1761' title='bbox 1485 3128 1675 3156; x_wconf 83' lang='lat' dir='ltr'>expugnatores</span> <span class='ocrx_word' id='word_1_1762' title='bbox 1696 3122 1816 3148; x_wconf 88' lang='lat' dir='ltr'>coloniae</span> <span class='ocrx_word' id='word_1_1763' title='bbox 1840 3120 2041 3154; x_wconf 86' lang='lat' dir='ltr'>haudquaquam</span> <span class='ocrx_word' id='word_1_1764' title='bbox 2065 3120 2171 3153; x_wconf 84' lang='lat' dir='ltr'>perculsi</span> <span class='ocrx_word' id='word_1_1765' title='bbox 2196 3121 2306 3148; x_wconf 85' lang='lat' dir='ltr'>fidentes</span> <span class='ocrx_word' id='word_1_1766' title='bbox 2325 3120 2455 3150; x_wconf 74' lang='lat' dir='ltr'>militum&#39;</span> 
     </span>
     <span class='ocr_line' id='line_1_89' title="bbox 299 3154 2441 3192; baseline 0.001 -10"><span class='ocrx_word' id='word_1_1767' title='bbox 299 3157 356 3182; x_wconf 89' lang='lat' dir='ltr'>sum</span> <span class='ocrx_word' id='word_1_1768' title='bbox 376 3155 433 3181; x_wconf 87' lang='lat' dir='ltr'>dari</span> <span class='ocrx_word' id='word_1_1769' title='bbox 453 3154 562 3181; x_wconf 82' lang='lat' dir='ltr'>debebit</span> <span class='ocrx_word' id='word_1_1770' title='bbox 577 3155 608 3182; x_wconf 90' lang='lat' dir='ltr'>de</span> <span class='ocrx_word' id='word_1_1771' title='bbox 627 3156 690 3182; x_wconf 91' lang='lat' dir='ltr'>dolo</span> <span class='ocrx_word' id='word_1_1772' title='bbox 705 3156 790 3182; x_wconf 70' lang='lat' dir='ltr'>aftio:</span> <span class='ocrx_word' id='word_1_1773' title='bbox 810 3161 854 3182; x_wconf 87' lang='lat' dir='ltr'>aut</span> <span class='ocrx_word' id='word_1_1774' title='bbox 868 3155 885 3182; x_wconf 84' lang='lat' dir='ltr'>fi</span> <span class='ocrx_word' id='word_1_1775' title='bbox 905 3165 959 3182; x_wconf 93' lang='lat' dir='ltr'>non</span> <span class='ocrx_word' id='word_1_1776' title='bbox 974 3156 1003 3182; x_wconf 83' lang='lat' dir='ltr'>sit</span> <span class='ocrx_word' id='word_1_1777' title='bbox 1019 3156 1145 3183; x_wconf 87' lang='lat' dir='ltr'>soluendo</span> <span class='ocrx_word' id='word_1_1778' title='bbox 1159 3157 1342 3192; x_wconf 81' lang='lat' dir='ltr'>expromissbr‚</span> <span class='ocrx_word' id='word_1_1779' title='bbox 1405 3166 1535 3190; x_wconf 89' lang='lat' dir='ltr'>numero,</span> <span class='ocrx_word' id='word_1_1780' title='bbox 1549 3165 1594 3184; x_wconf 82' lang='lat' dir='ltr'>etc.</span> <span class='ocrx_word' id='word_1_1781' title='bbox 1651 3157 1819 3192; x_wconf 82' lang='lat' dir='ltr'>Expugnator</span> <span class='ocrx_word' id='word_1_1782' title='bbox 1839 3156 1981 3191; x_wconf 85' lang='lat' dir='ltr'>pudicitiae</span> <span class='ocrx_word' id='word_1_1783' title='bbox 2007 3155 2063 3182; x_wconf 91' lang='lat' dir='ltr'>Cic.</span> <span class='ocrx_word' id='word_1_1784' title='bbox 2077 3156 2152 3182; x_wconf 92' lang='lat' dir='ltr'>Verr.</span> <span class='ocrx_word' id='word_1_1785' title='bbox 2169 3164 2190 3190; x_wconf 84' lang='lat'>1,</span> <span class='ocrx_word' id='word_1_1786' title='bbox 2203 3165 2221 3190; x_wconf 92' lang='lat'><em>9</em></span> <span class='ocrx_word' id='word_1_1787' title='bbox 2241 3166 2262 3186; x_wconf 82' lang='lat' dir='ltr'>c.</span> <span class='ocrx_word' id='word_1_1788' title='bbox 2277 3167 2299 3190; x_wconf 83' lang='lat'>3.</span> <span class='ocrx_word' id='word_1_1789' title='bbox 2367 3159 2441 3186; x_wconf 78' lang='lat' dir='ltr'>Idem</span> 
     </span>
     <span class='ocr_line' id='line_1_90' title="bbox 300 3190 1998 3228; baseline 0 -12"><span class='ocrx_word' id='word_1_1790' title='bbox 300 3191 411 3217; x_wconf 87' lang='lat' dir='ltr'>domino</span> <span class='ocrx_word' id='word_1_1791' title='bbox 425 3190 541 3217; x_wconf 87' lang='lat' dir='ltr'>dabitur.</span> <span class='ocrx_word' id='word_1_1792' title='bbox 578 3192 799 3226; x_wconf 78' lang='lat' dir='ltr'>Exproniill&#39;orem</span> <span class='ocrx_word' id='word_1_1793' title='bbox 816 3198 887 3218; x_wconf 80' lang='lat' dir='ltr'>vocat</span> <span class='ocrx_word' id='word_1_1794' title='bbox 901 3193 968 3224; x_wconf 84' lang='lat' dir='ltr'>Eum,</span> <span class='ocrx_word' id='word_1_1795' title='bbox 977 3202 1044 3227; x_wconf 74' lang='lat' dir='ltr'>quem</span> <span class='ocrx_word' id='word_1_1796' title='bbox 1056 3192 1145 3227; x_wconf 58' lang='lat' dir='ltr'>seruus</span> <span class='ocrx_word' id='word_1_1797' title='bbox 1165 3193 1261 3218; x_wconf 80' lang='lat' dir='ltr'>domino</span> <span class='ocrx_word' id='word_1_1798' title='bbox 1275 3201 1342 3218; x_wconf 78' lang='lat' dir='ltr'>reum</span> <span class='ocrx_word' id='word_1_1799' title='bbox 1406 3193 1437 3220; x_wconf 88' lang='lat' dir='ltr'>de</span> <span class='ocrx_word' id='word_1_1800' title='bbox 1453 3194 1555 3220; x_wconf 87' lang='lat' dir='ltr'>Inuent.</span> <span class='ocrx_word' id='word_1_1801' title='bbox 1570 3201 1579 3219; x_wconf 93' lang='lat'>1</span> <span class='ocrx_word' id='word_1_1802' title='bbox 1600 3201 1622 3218; x_wconf 93' lang='lat' dir='ltr'>c.</span> <span class='ocrx_word' id='word_1_1803' title='bbox 1636 3200 1675 3224; x_wconf 87' lang='lat'>50.</span> <span class='ocrx_word' id='word_1_1804' title='bbox 1747 3193 1820 3228; x_wconf 84' lang='lat' dir='ltr'>Conf.</span> <span class='ocrx_word' id='word_1_1805' title='bbox 1839 3192 1903 3219; x_wconf 90' lang='lat' dir='ltr'>Plin.</span> <span class='ocrx_word' id='word_1_1806' title='bbox 1916 3198 1946 3225; x_wconf 83' lang='lat'>7,</span> <span class='ocrx_word' id='word_1_1807' title='bbox 1962 3195 1998 3222; x_wconf 82' lang='grc'>38.</span> 
     </span>
    </p>
   </div>
   <div class='ocr_carea' id='block_1_12' title="bbox 296 3222 2458 3581">
    <p class='ocr_par' dir='ltr' id='par_1_30' title="bbox 300 3222 2456 3300">
     <span class='ocr_line' id='line_1_91' title="bbox 300 3222 2456 3263; baseline 0.002 -11"><span class='ocrx_word' id='word_1_1808' title='bbox 300 3226 408 3253; x_wconf 69' lang='lat' dir='ltr'>dederat.</span> <span class='ocrx_word' id='word_1_1809' title='bbox 445 3226 517 3252; x_wconf 88' lang='lat' dir='ltr'>Idem</span> <span class='ocrx_word' id='word_1_1810' title='bbox 530 3226 547 3252; x_wconf 88' lang='lat' dir='ltr'>l.</span> <span class='ocrx_word' id='word_1_1811' title='bbox 561 3235 579 3259; x_wconf 90' lang='lat'>4</span> <span class='ocrx_word' id='word_1_1812' title='bbox 595 3227 626 3252; x_wconf 88' lang='lat' dir='ltr'>D.</span> <span class='ocrx_word' id='word_1_1813' title='bbox 648 3226 680 3253; x_wconf 90' lang='lat' dir='ltr'>de</span> <span class='ocrx_word' id='word_1_1814' title='bbox 696 3226 809 3254; x_wconf 60' lang='lat' dir='ltr'>condi&amp;</span> <span class='ocrx_word' id='word_1_1815' title='bbox 824 3228 897 3253; x_wconf 86' lang='lat' dir='ltr'>causa</span> <span class='ocrx_word' id='word_1_1816' title='bbox 916 3226 990 3259; x_wconf 83' lang='lat' dir='ltr'>data,</span> <span class='ocrx_word' id='word_1_1817' title='bbox 1015 3228 1041 3254; x_wconf 89' lang='lat' dir='ltr'>Si</span> <span class='ocrx_word' id='word_1_1818' title='bbox 1055 3228 1114 3262; x_wconf 86' lang='lat' dir='ltr'>quis</span> <span class='ocrx_word' id='word_1_1819' title='bbox 1129 3234 1235 3263; x_wconf 85' lang='lat' dir='ltr'>accepto</span> <span class='ocrx_word' id='word_1_1820' title='bbox 1250 3228 1341 3254; x_wconf 88' lang='lat' dir='ltr'>tulerit</span> <span class='ocrx_word' id='word_1_1821' title='bbox 1442 3236 1459 3255; x_wconf 81' lang='grc' dir='ltr'><strong>Ε</strong></span> <span class='ocrx_word' id='word_1_1822' title='bbox 1468 3237 1485 3255; x_wconf 78' lang='lat' dir='ltr'>x</span> <span class='ocrx_word' id='word_1_1823' title='bbox 1495 3236 1508 3255; x_wconf 83' lang='lat' dir='ltr'>P</span> <span class='ocrx_word' id='word_1_1824' title='bbox 1519 3236 1539 3255; x_wconf 94' lang='lat' dir='ltr'>v</span> <span class='ocrx_word' id='word_1_1825' title='bbox 1548 3235 1568 3256; x_wconf 87' lang='lat' dir='ltr'>G</span> <span class='ocrx_word' id='word_1_1826' title='bbox 1578 3234 1599 3254; x_wconf 89' lang='lat' dir='ltr'>N</span> <span class='ocrx_word' id='word_1_1827' title='bbox 1609 3235 1630 3255; x_wconf 85' lang='lat' dir='ltr'>A</span> <span class='ocrx_word' id='word_1_1828' title='bbox 1641 3235 1662 3254; x_wconf 85' lang='grc' dir='ltr'><strong>Τ</strong></span> <span class='ocrx_word' id='word_1_1829' title='bbox 1671 3235 1690 3255; x_wconf 87' lang='lat'>0</span> <span class='ocrx_word' id='word_1_1830' title='bbox 1700 3235 1717 3254; x_wconf 82' lang='lat' dir='ltr'>R</span> <span class='ocrx_word' id='word_1_1831' title='bbox 1727 3235 1736 3253; x_wconf 87' lang='lat'>1</span> <span class='ocrx_word' id='word_1_1832' title='bbox 1747 3234 1766 3253; x_wconf 93' lang='lat' dir='ltr'>v</span> <span class='ocrx_word' id='word_1_1833' title='bbox 1777 3236 1790 3256; x_wconf 89' lang='lat' dir='ltr'>S</span> <span class='ocrx_word' id='word_1_1834' title='bbox 1800 3248 1808 3260; x_wconf 89' lang='lat'>‚</span> <span class='ocrx_word' id='word_1_1835' title='bbox 1823 3237 1852 3260; x_wconf 90' lang='lat' dir='ltr'>a,</span> <span class='ocrx_word' id='word_1_1836' title='bbox 1870 3235 1924 3253; x_wconf 88' lang='lat' dir='ltr'>um.</span> <span class='ocrx_word' id='word_1_1837' title='bbox 1948 3225 2010 3252; x_wconf 79' lang='lat' dir='ltr'>Adi.</span> <span class='ocrx_word' id='word_1_1838' title='bbox 2046 3226 2164 3253; x_wconf 88' lang='lat' dir='ltr'>Tertull.</span> <span class='ocrx_word' id='word_1_1839' title='bbox 2177 3226 2210 3254; x_wconf 91' lang='lat' dir='ltr'>de</span> <span class='ocrx_word' id='word_1_1840' title='bbox 2220 3222 2343 3255; x_wconf 80' lang='lat' dir='ltr'>Animae.</span> <span class='ocrx_word' id='word_1_1841' title='bbox 2351 3235 2383 3263; x_wconf 88' lang='lat'>57</span> <span class='ocrx_word' id='word_1_1842' title='bbox 2394 3228 2443 3256; x_wconf 81' lang='lat' dir='ltr'>Ex·</span> <span class='ocrx_word' id='word_1_1843' title='bbox 2455 3255 2456 3258; x_wconf 74' lang='grc'><strong>,</strong></span> 
     </span>
     <span class='ocr_line' id='line_1_92' title="bbox 302 3261 2308 3300; baseline 0.001 -13"><span class='ocrx_word' id='word_1_1844' title='bbox 302 3261 419 3288; x_wconf 86' lang='lat' dir='ltr'>debitori</span> <span class='ocrx_word' id='word_1_1845' title='bbox 441 3262 503 3294; x_wconf 81' lang='lat' dir='ltr'>sue,</span> <span class='ocrx_word' id='word_1_1846' title='bbox 521 3270 603 3296; x_wconf 88' lang='lat' dir='ltr'>quum</span> <span class='ocrx_word' id='word_1_1847' title='bbox 629 3263 799 3295; x_wconf 88' lang='lat' dir='ltr'>conueniret,</span> <span class='ocrx_word' id='word_1_1848' title='bbox 818 3268 847 3289; x_wconf 90' lang='lat' dir='ltr'>vt</span> <span class='ocrx_word' id='word_1_1849' title='bbox 871 3264 1086 3298; x_wconf 75' lang='lat' dir='ltr'>expromiss&#39;orem</span> <span class='ocrx_word' id='word_1_1850' title='bbox 1111 3263 1201 3297; x_wconf 86' lang='lat' dir='ltr'>daret,</span> <span class='ocrx_word' id='word_1_1851' title='bbox 1220 3273 1267 3290; x_wconf 86' lang='lat' dir='ltr'>nec</span> <span class='ocrx_word' id='word_1_1852' title='bbox 1295 3263 1340 3290; x_wconf 90' lang='lat' dir='ltr'>ille</span> <span class='ocrx_word' id='word_1_1853' title='bbox 1360 3267 1388 3296; x_wconf 83' lang='lat'>85</span> <span class='ocrx_word' id='word_1_1854' title='bbox 1405 3265 1560 3300; x_wconf 87' lang='lat' dir='ltr'>pugnatoria</span> <span class='ocrx_word' id='word_1_1855' title='bbox 1576 3263 1733 3290; x_wconf 88' lang='lat' dir='ltr'>dominatio.</span> <span class='ocrx_word' id='word_1_1856' title='bbox 2295 3277 2308 3289; x_wconf 75' lang='grc' dir='ltr'>ι-</span> 
     </span>
    </p>

    <p class='ocr_par' dir='ltr' id='par_1_31' title="bbox 296 3295 2458 3581">
     <span class='ocr_line' id='line_1_93' title="bbox 301 3295 2456 3334; baseline 0 -11"><span class='ocrx_word' id='word_1_1857' title='bbox 301 3297 359 3330; x_wconf 89' lang='lat' dir='ltr'>det,</span> <span class='ocrx_word' id='word_1_1858' title='bbox 378 3297 461 3332; x_wconf 81' lang='lat' dir='ltr'>potest</span> <span class='ocrx_word' id='word_1_1859' title='bbox 476 3297 529 3323; x_wconf 90' lang='lat' dir='ltr'>dici</span> <span class='ocrx_word' id='word_1_1860' title='bbox 547 3297 652 3323; x_wconf 88' lang='lat' dir='ltr'>condici</span> <span class='ocrx_word' id='word_1_1861' title='bbox 675 3299 743 3333; x_wconf 77' lang='lat' dir='ltr'>poss&#39;e</span> <span class='ocrx_word' id='word_1_1862' title='bbox 755 3298 791 3330; x_wconf 85' lang='lat' dir='ltr'>ei,</span> <span class='ocrx_word' id='word_1_1863' title='bbox 805 3298 852 3333; x_wconf 88' lang='lat' dir='ltr'>qui</span> <span class='ocrx_word' id='word_1_1864' title='bbox 873 3305 980 3334; x_wconf 88' lang='lat' dir='ltr'>accepto</span> <span class='ocrx_word' id='word_1_1865' title='bbox 999 3298 1028 3325; x_wconf 82' lang='lat' dir='ltr'>sit</span> <span class='ocrx_word' id='word_1_1866' title='bbox 1049 3298 1183 3326; x_wconf 84' lang='lat' dir='ltr'>liberatus.</span> <span class='ocrx_word' id='word_1_1867' title='bbox 1220 3301 1278 3326; x_wconf 83' lang='lat' dir='ltr'>Eum</span> <span class='ocrx_word' id='word_1_1868' title='bbox 1293 3301 1341 3326; x_wconf 83' lang='lat' dir='ltr'>Ex·</span> <span class='ocrx_word' id='word_1_1869' title='bbox 1441 3307 1481 3326; x_wconf 82' lang='lat' dir='ltr'>Ex</span> <span class='ocrx_word' id='word_1_1870' title='bbox 1493 3307 1507 3325; x_wconf 79' lang='lat' dir='ltr'>P</span> <span class='ocrx_word' id='word_1_1871' title='bbox 1518 3307 1567 3327; x_wconf 87' lang='lat' dir='ltr'>VG</span> <span class='ocrx_word' id='word_1_1872' title='bbox 1577 3307 1597 3326; x_wconf 84' lang='lat' dir='ltr'>N</span> <span class='ocrx_word' id='word_1_1873' title='bbox 1607 3300 1653 3326; x_wconf 64' lang='lat' dir='ltr'>A‘B</span> <span class='ocrx_word' id='word_1_1874' title='bbox 1664 3298 1676 3325; x_wconf 75' lang='lat' dir='ltr'><strong>f</strong></span> <span class='ocrx_word' id='word_1_1875' title='bbox 1686 3307 1700 3325; x_wconf 99' lang='lat' dir='ltr'>L</span> <span class='ocrx_word' id='word_1_1876' title='bbox 1710 3307 1718 3325; x_wconf 94' lang='lat'>1</span> <span class='ocrx_word' id='word_1_1877' title='bbox 1728 3306 1740 3325; x_wconf 89' lang='lat' dir='ltr'>s</span> <span class='ocrx_word' id='word_1_1878' title='bbox 1750 3319 1758 3331; x_wconf 92' lang='lat'>,</span> <span class='ocrx_word' id='word_1_1879' title='bbox 1779 3307 1801 3324; x_wconf 87' lang='lat' dir='ltr'>e.</span> <span class='ocrx_word' id='word_1_1880' title='bbox 1823 3296 1882 3324; x_wconf 82' lang='lat' dir='ltr'>Adi.</span> <span class='ocrx_word' id='word_1_1881' title='bbox 1918 3295 2160 3330; x_wconf 70' lang='grc' dir='ltr'>[καταπολεμητᾶς]</span> <span class='ocrx_word' id='word_1_1882' title='bbox 2195 3297 2257 3324; x_wconf 88' lang='lat' dir='ltr'>Stat.</span> <span class='ocrx_word' id='word_1_1883' title='bbox 2265 3297 2356 3325; x_wconf 87' lang='lat' dir='ltr'>Theb.</span> <span class='ocrx_word' id='word_1_1884' title='bbox 2364 3307 2391 3332; x_wconf 85' lang='lat'>4,</span> <span class='ocrx_word' id='word_1_1885' title='bbox 2399 3299 2443 3332; x_wconf 69' lang='lat'>836</span> <span class='ocrx_word' id='word_1_1886' title='bbox 2452 3306 2456 3334; x_wconf 45' lang='lat' dir='ltr'>t.</span> 
     </span>
     <span class='ocr_line' id='line_1_94' title="bbox 302 3332 2458 3369; baseline 0.001 -11"><span class='ocrx_word' id='word_1_1887' title='bbox 302 3333 483 3367; x_wconf 87' lang='lat' dir='ltr'>promissorem</span> <span class='ocrx_word' id='word_1_1888' title='bbox 504 3332 625 3368; x_wconf 69' lang='lat' dir='ltr'>appellat,</span> <span class='ocrx_word' id='word_1_1889' title='bbox 662 3336 687 3359; x_wconf 86' lang='lat' dir='ltr'>ui</span> <span class='ocrx_word' id='word_1_1890' title='bbox 706 3335 756 3359; x_wconf 81' lang='lat' dir='ltr'>loco</span> <span class='ocrx_word' id='word_1_1891' title='bbox 768 3332 922 3369; x_wconf 79' lang='lat' dir='ltr'>promiſjbris</span> <span class='ocrx_word' id='word_1_1892' title='bbox 940 3333 972 3367; x_wconf 67' lang='lat' dir='ltr'>est</span> <span class='ocrx_word' id='word_1_1893' title='bbox 987 3345 1001 3361; x_wconf 88' lang='lat' dir='ltr'>a</span> <span class='ocrx_word' id='word_1_1894' title='bbox 1020 3334 1053 3360; x_wconf 87' lang='lat' dir='ltr'>ud</span> <span class='ocrx_word' id='word_1_1895' title='bbox 1065 3334 1228 3368; x_wconf 76' lang='lat' dir='ltr'>creditorem,</span> <span class='ocrx_word' id='word_1_1896' title='bbox 1247 3344 1290 3360; x_wconf 71' lang='lat' dir='ltr'>nec</span> <span class='ocrx_word' id='word_1_1897' title='bbox 1302 3346 1342 3362; x_wconf 81' lang='lat' dir='ltr'>ac·</span> <span class='ocrx_word' id='word_1_1898' title='bbox 1406 3336 1491 3363; x_wconf 88' lang='lat' dir='ltr'>Nullo</span> <span class='ocrx_word' id='word_1_1899' title='bbox 1506 3336 1561 3362; x_wconf 83' lang='lat' dir='ltr'>ruis</span> <span class='ocrx_word' id='word_1_1900' title='bbox 1576 3335 1759 3369; x_wconf 86' lang='lat' dir='ltr'>expugnabilis</span> <span class='ocrx_word' id='word_1_1901' title='bbox 1771 3333 1848 3360; x_wconf 85' lang='lat' dir='ltr'>astro.</span> <span class='ocrx_word' id='word_1_1902' title='bbox 1956 3333 2047 3360; x_wconf 89' lang='lat' dir='ltr'>Robur</span> <span class='ocrx_word' id='word_1_1903' title='bbox 2065 3334 2126 3360; x_wconf 87' lang='lat' dir='ltr'>Stat.</span> <span class='ocrx_word' id='word_1_1904' title='bbox 2139 3332 2229 3360; x_wconf 88' lang='lat' dir='ltr'>Theb.</span> <span class='ocrx_word' id='word_1_1905' title='bbox 2243 3336 2328 3366; x_wconf 84' lang='lat'>6,103.</span> <span class='ocrx_word' id='word_1_1906' title='bbox 2430 3334 2431 3337; x_wconf 73' lang='grc'>’</span> <span class='ocrx_word' id='word_1_1907' title='bbox 2455 3339 2458 3362; x_wconf 69' lang='lat' dir='ltr'>l</span> 
     </span>
     <span class='ocr_line' id='line_1_95' title="bbox 302 3342 2457 3405; baseline 0.004 -12"><span class='ocrx_word' id='word_1_1908' title='bbox 302 3368 367 3394; x_wconf 70' lang='lat' dir='ltr'>cedit</span> <span class='ocrx_word' id='word_1_1909' title='bbox 389 3368 436 3394; x_wconf 67' lang='lat' dir='ltr'>obli</span> <span class='ocrx_word' id='word_1_1910' title='bbox 455 3371 550 3402; x_wconf 74' lang='lat' dir='ltr'>atiani,</span> <span class='ocrx_word' id='word_1_1911' title='bbox 562 3368 610 3404; x_wconf 83' lang='lat' dir='ltr'>sed</span> <span class='ocrx_word' id='word_1_1912' title='bbox 624 3342 695 3403; x_wconf 58' lang='grc' dir='ltr'>[ἕως</span> <span class='ocrx_word' id='word_1_1913' title='bbox 717 3369 842 3405; x_wconf 73' lang='lat' dir='ltr'>obligatur</span> <span class='ocrx_word' id='word_1_1914' title='bbox 862 3370 966 3396; x_wconf 75' lang='lat' dir='ltr'>liberato</span> <span class='ocrx_word' id='word_1_1915' title='bbox 1005 3370 1102 3397; x_wconf 70' lang='lat' dir='ltr'>cbitore.</span> <span class='ocrx_word' id='word_1_1916' title='bbox 1140 3371 1181 3397; x_wconf 80' lang='lat' dir='ltr'>Sic</span> <span class='ocrx_word' id='word_1_1917' title='bbox 1200 3371 1287 3396; x_wconf 80' lang='lat' dir='ltr'>melius</span> <span class='ocrx_word' id='word_1_1918' title='bbox 1308 3369 1342 3403; x_wconf 75' lang='lat' dir='ltr'>est</span> <span class='ocrx_word' id='word_1_1919' title='bbox 1440 3379 1456 3398; x_wconf 85' lang='lat' dir='ltr'>E</span> <span class='ocrx_word' id='word_1_1920' title='bbox 1465 3380 1483 3399; x_wconf 89' lang='lat' dir='ltr'>x</span> <span class='ocrx_word' id='word_1_1921' title='bbox 1493 3379 1507 3398; x_wconf 84' lang='lat' dir='ltr'>P</span> <span class='ocrx_word' id='word_1_1922' title='bbox 1517 3378 1538 3397; x_wconf 92' lang='lat' dir='ltr'>V</span> <span class='ocrx_word' id='word_1_1923' title='bbox 1547 3378 1563 3397; x_wconf 88' lang='lat' dir='ltr'>L</span> <span class='ocrx_word' id='word_1_1924' title='bbox 1573 3378 1585 3397; x_wconf 91' lang='lat' dir='ltr'>S</span> <span class='ocrx_word' id='word_1_1925' title='bbox 1595 3378 1602 3396; x_wconf 87' lang='lat'>1</span> <span class='ocrx_word' id='word_1_1926' title='bbox 1612 3378 1631 3397; x_wconf 93' lang='lat' dir='ltr'>O</span> <span class='ocrx_word' id='word_1_1927' title='bbox 1640 3391 1647 3403; x_wconf 95' lang='lat'>,</span> <span class='ocrx_word' id='word_1_1928' title='bbox 1675 3378 1690 3397; x_wconf 80' lang='lat' dir='ltr'>E</span> <span class='ocrx_word' id='word_1_1929' title='bbox 1704 3377 1722 3396; x_wconf 82' lang='grc' dir='ltr'><strong>Χ</strong></span> <span class='ocrx_word' id='word_1_1930' title='bbox 1733 3376 1748 3396; x_wconf 76' lang='lat' dir='ltr'>P</span> <span class='ocrx_word' id='word_1_1931' title='bbox 1757 3376 1776 3394; x_wconf 96' lang='lat' dir='ltr'>V</span> <span class='ocrx_word' id='word_1_1932' title='bbox 1787 3375 1802 3394; x_wconf 91' lang='lat' dir='ltr'>L</span> <span class='ocrx_word' id='word_1_1933' title='bbox 1811 3376 1823 3395; x_wconf 91' lang='lat' dir='ltr'>S</span> <span class='ocrx_word' id='word_1_1934' title='bbox 1832 3374 1851 3394; x_wconf 93' lang='lat' dir='ltr'>O</span> <span class='ocrx_word' id='word_1_1935' title='bbox 1859 3387 1867 3400; x_wconf 68' lang='lat'><strong><em>³</em></strong></span> <span class='ocrx_word' id='word_1_1936' title='bbox 1893 3373 1909 3394; x_wconf 83' lang='lat' dir='ltr'>E</span> <span class='ocrx_word' id='word_1_1937' title='bbox 1920 3373 1939 3394; x_wconf 83' lang='grc' dir='ltr'>Χ</span> <span class='ocrx_word' id='word_1_1938' title='bbox 1950 3374 1965 3394; x_wconf 80' lang='lat' dir='ltr'>P</span> <span class='ocrx_word' id='word_1_1939' title='bbox 1974 3375 1993 3395; x_wconf 90' lang='lat' dir='ltr'>V</span> <span class='ocrx_word' id='word_1_1940' title='bbox 2003 3375 2019 3395; x_wconf 84' lang='lat'>1-</span> <span class='ocrx_word' id='word_1_1941' title='bbox 2027 3375 2041 3396; x_wconf 82' lang='lat' dir='ltr'>S</span> <span class='ocrx_word' id='word_1_1942' title='bbox 2051 3375 2069 3396; x_wconf 94' lang='lat'><em>0</em></span> <span class='ocrx_word' id='word_1_1943' title='bbox 2079 3375 2097 3396; x_wconf 76' lang='lat' dir='ltr'>R</span> <span class='ocrx_word' id='word_1_1944' title='bbox 2106 3389 2115 3401; x_wconf 73' lang='lat'><em>5</em></span> <span class='ocrx_word' id='word_1_1945' title='bbox 2140 3375 2157 3395; x_wconf 76' lang='grc' dir='ltr'><strong><em>Ε</em></strong></span> <span class='ocrx_word' id='word_1_1946' title='bbox 2168 3374 2187 3395; x_wconf 84' lang='grc' dir='ltr'><strong>Χ</strong></span> <span class='ocrx_word' id='word_1_1947' title='bbox 2198 3375 2213 3395; x_wconf 77' lang='lat' dir='ltr'>P</span> <span class='ocrx_word' id='word_1_1948' title='bbox 2221 3376 2242 3395; x_wconf 91' lang='lat' dir='ltr'>V</span> <span class='ocrx_word' id='word_1_1949' title='bbox 2251 3376 2268 3395; x_wconf 80' lang='lat' dir='ltr'>L</span> <span class='ocrx_word' id='word_1_1950' title='bbox 2276 3377 2289 3396; x_wconf 81' lang='lat' dir='ltr'>S</span> <span class='ocrx_word' id='word_1_1951' title='bbox 2298 3376 2318 3395; x_wconf 91' lang='lat' dir='ltr'>V</span> <span class='ocrx_word' id='word_1_1952' title='bbox 2326 3376 2339 3396; x_wconf 86' lang='lat' dir='ltr'>S</span> <span class='ocrx_word' id='word_1_1953' title='bbox 2347 3389 2357 3402; x_wconf 75' lang='lat'><em>5</em></span> <span class='ocrx_word' id='word_1_1954' title='bbox 2384 3375 2402 3397; x_wconf 76' lang='grc' dir='ltr'><strong>Ε</strong></span> <span class='ocrx_word' id='word_1_1955' title='bbox 2410 3376 2441 3398; x_wconf 71' lang='lat'>¹·</span> <span class='ocrx_word' id='word_1_1956' title='bbox 2455 3369 2457 3384; x_wconf 42' lang='grc' dir='ltr'>ἰ</span> 
     </span>
     <span class='ocr_line' id='line_1_96' title="bbox 302 3392 2457 3442; baseline 0 -13"><span class='ocrx_word' id='word_1_1957' title='bbox 302 3403 337 3429; x_wconf 80' lang='lat' dir='ltr'>Ex</span> <span class='ocrx_word' id='word_1_1958' title='bbox 343 3404 437 3438; x_wconf 82' lang='lat' dir='ltr'>promit</span> <span class='ocrx_word' id='word_1_1959' title='bbox 448 3404 522 3430; x_wconf 77' lang='lat' dir='ltr'>brein</span> <span class='ocrx_word' id='word_1_1960' title='bbox 559 3413 612 3430; x_wconf 77' lang='lat' dir='ltr'>uam</span> <span class='ocrx_word' id='word_1_1961' title='bbox 631 3402 800 3437; x_wconf 71' lang='lat' dir='ltr'>Fideiuſjorem</span> <span class='ocrx_word' id='word_1_1962' title='bbox 816 3408 940 3439; x_wconf 77' lang='lat' dir='ltr'>accipere,</span> <span class='ocrx_word' id='word_1_1963' title='bbox 960 3410 1073 3441; x_wconf 81' lang='lat' dir='ltr'>quoniam</span> <span class='ocrx_word' id='word_1_1964' title='bbox 1087 3405 1127 3431; x_wconf 77' lang='lat' dir='ltr'>ille</span> <span class='ocrx_word' id='word_1_1965' title='bbox 1135 3403 1227 3439; x_wconf 85' lang='lat' dir='ltr'>statim</span> <span class='ocrx_word' id='word_1_1966' title='bbox 1238 3405 1341 3442; x_wconf 72' lang='lat' dir='ltr'>fideius-</span> <span class='ocrx_word' id='word_1_1967' title='bbox 1407 3412 1423 3431; x_wconf 77' lang='lat' dir='ltr'><strong>P</strong></span> <span class='ocrx_word' id='word_1_1968' title='bbox 1434 3412 1453 3431; x_wconf 92' lang='lat' dir='ltr'>V</span> <span class='ocrx_word' id='word_1_1969' title='bbox 1465 3414 1481 3433; x_wconf 93' lang='lat' dir='ltr'>L</span> <span class='ocrx_word' id='word_1_1970' title='bbox 1493 3413 1515 3433; x_wconf 89' lang='lat' dir='ltr'>T</span> <span class='ocrx_word' id='word_1_1971' title='bbox 1527 3413 1546 3433; x_wconf 84' lang='lat' dir='ltr'>R</span> <span class='ocrx_word' id='word_1_1972' title='bbox 1556 3413 1566 3432; x_wconf 92' lang='lat'>1</span> <span class='ocrx_word' id='word_1_1973' title='bbox 1577 3413 1595 3432; x_wconf 81' lang='lat' dir='ltr'>x</span> <span class='ocrx_word' id='word_1_1974' title='bbox 1607 3426 1614 3438; x_wconf 93' lang='lat'>‚</span> <span class='ocrx_word' id='word_1_1975' title='bbox 1631 3406 1684 3432; x_wconf 76' lang='lat' dir='ltr'>vid.</span> <span class='ocrx_word' id='word_1_1976' title='bbox 1705 3412 1721 3432; x_wconf 81' lang='lat' dir='ltr'>E</span> <span class='ocrx_word' id='word_1_1977' title='bbox 1732 3411 1750 3430; x_wconf 86' lang='lat' dir='ltr'>x</span> <span class='ocrx_word' id='word_1_1978' title='bbox 1761 3411 1775 3430; x_wconf 82' lang='lat' dir='ltr'>P</span> <span class='ocrx_word' id='word_1_1979' title='bbox 1785 3410 1801 3430; x_wconf 86' lang='lat' dir='ltr'><em>E</em></span> <span class='ocrx_word' id='word_1_1980' title='bbox 1812 3410 1826 3428; x_wconf 90' lang='lat' dir='ltr'>L</span> <span class='ocrx_word' id='word_1_1981' title='bbox 1836 3410 1852 3429; x_wconf 91' lang='lat' dir='ltr'>L</span> <span class='ocrx_word' id='word_1_1982' title='bbox 1863 3409 1894 3429; x_wconf 91' lang='grc' dir='ltr'>Ο.</span> <span class='ocrx_word' id='word_1_1983' title='bbox 2454 3392 2457 3441; x_wconf 54' lang='lat' dir='ltr'>J</span> 
     </span>
     <span class='ocr_line' id='line_1_97' title="bbox 296 3414 2456 3476; baseline 0.002 -14"><span class='ocrx_word' id='word_1_1984' title='bbox 296 3438 351 3472; x_wconf 87' lang='lat' dir='ltr'>sor,</span> <span class='ocrx_word' id='word_1_1985' title='bbox 365 3438 411 3470; x_wconf 69' lang='lat' dir='ltr'>nisi</span> <span class='ocrx_word' id='word_1_1986' title='bbox 425 3438 517 3472; x_wconf 67' lang='lat' dir='ltr'>excuslo</span> <span class='ocrx_word' id='word_1_1987' title='bbox 530 3414 786 3471; x_wconf 48' lang='lat' dir='ltr'>lli-bitorfficonucniri</span> <span class='ocrx_word' id='word_1_1988' title='bbox 803 3449 850 3466; x_wconf 77' lang='lat' dir='ltr'>non</span> <span class='ocrx_word' id='word_1_1989' title='bbox 859 3439 948 3474; x_wconf 53' lang='lat' dir='ltr'>potest.</span> <span class='ocrx_word' id='word_1_1990' title='bbox 989 3441 1059 3468; x_wconf 77' lang='lat' dir='ltr'>Vnde</span> <span class='ocrx_word' id='word_1_1991' title='bbox 1078 3442 1134 3468; x_wconf 80' lang='lat' dir='ltr'>licet</span> <span class='ocrx_word' id='word_1_1992' title='bbox 1153 3444 1196 3476; x_wconf 84' lang='lat' dir='ltr'>qui</span> <span class='ocrx_word' id='word_1_1993' title='bbox 1213 3440 1340 3468; x_wconf 78' lang='lat' dir='ltr'>damnatus</span> <span class='ocrx_word' id='word_1_1994' title='bbox 1356 3449 1392 3473; x_wconf 89' lang='lat'>90</span> <span class='ocrx_word' id='word_1_1995' title='bbox 1442 3449 1458 3467; x_wconf 82' lang='lat' dir='ltr'>E</span> <span class='ocrx_word' id='word_1_1996' title='bbox 1471 3442 1577 3468; x_wconf 67' lang='grc' dir='ltr'><strong>ΧΡῦΜ</strong></span> <span class='ocrx_word' id='word_1_1997' title='bbox 1589 3439 1602 3468; x_wconf 78' lang='grc' dir='ltr'><em>ἰ</em></span> <span class='ocrx_word' id='word_1_1998' title='bbox 1611 3448 1671 3473; x_wconf 90' lang='lat' dir='ltr'>co,</span> <span class='ocrx_word' id='word_1_1999' title='bbox 1697 3445 1749 3466; x_wconf 73' lang='lat' dir='ltr'>are.</span> <span class='ocrx_word' id='word_1_2000' title='bbox 1787 3440 1884 3465; x_wconf 79' lang='lat' dir='ltr'>Pumice</span> <span class='ocrx_word' id='word_1_2001' title='bbox 1903 3440 2018 3473; x_wconf 76' lang='lat' dir='ltr'>expolire.</span> <span class='ocrx_word' id='word_1_2002' title='bbox 2053 3438 2172 3467; x_wconf 84' lang='lat' dir='ltr'>Tertull.</span> <span class='ocrx_word' id='word_1_2003' title='bbox 2193 3437 2254 3466; x_wconf 83' lang='lat' dir='ltr'>adu.</span> <span class='ocrx_word' id='word_1_2004' title='bbox 2274 3439 2349 3466; x_wconf 84' lang='lat' dir='ltr'>Prax.</span> <span class='ocrx_word' id='word_1_2005' title='bbox 2370 3448 2392 3466; x_wconf 87' lang='lat' dir='ltr'>c.</span> <span class='ocrx_word' id='word_1_2006' title='bbox 2412 3438 2456 3467; x_wconf 66' lang='lat'>162</span> 
     </span>
     <span class='ocr_line' id='line_1_98' title="bbox 304 3466 2457 3512; baseline 0.002 -15"><span class='ocrx_word' id='word_1_2007' title='bbox 304 3471 335 3511; x_wconf 65' lang='lat' dir='ltr'>1st</span> <span class='ocrx_word' id='word_1_2008' title='bbox 349 3476 480 3506; x_wconf 70' lang='lat' dir='ltr'>pccuniae,</span> <span class='ocrx_word' id='word_1_2009' title='bbox 498 3474 581 3501; x_wconf 70' lang='lat' dir='ltr'>debeat</span> <span class='ocrx_word' id='word_1_2010' title='bbox 589 3473 680 3507; x_wconf 83' lang='lat' dir='ltr'>statim</span> <span class='ocrx_word' id='word_1_2011' title='bbox 693 3475 803 3511; x_wconf 69' lang='lat' dir='ltr'>soluere,</span> <span class='ocrx_word' id='word_1_2012' title='bbox 816 3482 860 3501; x_wconf 82' lang='lat' dir='ltr'>aut</span> <span class='ocrx_word' id='word_1_2013' title='bbox 867 3475 1035 3512; x_wconf 57' lang='lat' dir='ltr'>fhestfacem:</span> <span class='ocrx_word' id='word_1_2014' title='bbox 1073 3477 1168 3503; x_wconf 80' lang='lat' dir='ltr'>dicetur</span> <span class='ocrx_word' id='word_1_2015' title='bbox 1179 3476 1342 3512; x_wconf 79' lang='lat' dir='ltr'>satisfacere,</span> <span class='ocrx_word' id='word_1_2016' title='bbox 1404 3476 1446 3503; x_wconf 82' lang='lat' dir='ltr'>Ab</span> <span class='ocrx_word' id='word_1_2017' title='bbox 1459 3477 1583 3503; x_wconf 84' lang='lat' dir='ltr'>omnibus</span> <span class='ocrx_word' id='word_1_2018' title='bbox 1598 3477 1704 3503; x_wconf 84' lang='lat' dir='ltr'>iniuriis</span> <span class='ocrx_word' id='word_1_2019' title='bbox 1715 3473 2001 3509; x_wconf 69' lang='lat' dir='ltr'>paffionis2cxpumicat.</span> <span class='ocrx_word' id='word_1_2020' title='bbox 2425 3497 2430 3502; x_wconf 92' lang='lat'>.</span> <span class='ocrx_word' id='word_1_2021' title='bbox 2455 3466 2457 3509; x_wconf 54' lang='lat' dir='ltr'>l</span> 
     </span>
     <span class='ocr_line' id='line_1_99' title="bbox 298 3507 2457 3548; baseline 0.001 -15"><span class='ocrx_word' id='word_1_2022' title='bbox 298 3508 321 3540; x_wconf 80' lang='lat' dir='ltr'>Jz</span> <span class='ocrx_word' id='word_1_2023' title='bbox 339 3508 378 3532; x_wconf 68' lang='lat' dir='ltr'>det</span> <span class='ocrx_word' id='word_1_2024' title='bbox 391 3509 582 3541; x_wconf 73' lang='lat' dir='ltr'>expronujlbrem</span> <span class='ocrx_word' id='word_1_2025' title='bbox 595 3512 750 3546; x_wconf 78' lang='lat' dir='ltr'>locupletem,</span> <span class='ocrx_word' id='word_1_2026' title='bbox 769 3520 818 3537; x_wconf 84' lang='lat' dir='ltr'>non</span> <span class='ocrx_word' id='word_1_2027' title='bbox 827 3510 853 3544; x_wconf 81' lang='lat' dir='ltr'>Ji</span> <span class='ocrx_word' id='word_1_2028' title='bbox 868 3512 929 3536; x_wconf 75' lang='lat' dir='ltr'>velit</span> <span class='ocrx_word' id='word_1_2029' title='bbox 942 3512 1000 3538; x_wconf 75' lang='lat' dir='ltr'>darc</span> <span class='ocrx_word' id='word_1_2030' title='bbox 1011 3511 1185 3548; x_wconf 64' lang='lat' dir='ltr'>fideiqllbrem.</span> <span class='ocrx_word' id='word_1_2031' title='bbox 1224 3510 1264 3545; x_wconf 72' lang='lat' dir='ltr'>Est</span> <span class='ocrx_word' id='word_1_2032' title='bbox 1278 3515 1342 3539; x_wconf 79' lang='lat' dir='ltr'>enim</span> <span class='ocrx_word' id='word_1_2033' title='bbox 1443 3517 1460 3537; x_wconf 80' lang='grc' dir='ltr'><strong>Ε</strong></span> <span class='ocrx_word' id='word_1_2034' title='bbox 1473 3518 1490 3537; x_wconf 82' lang='lat' dir='ltr'>x</span> <span class='ocrx_word' id='word_1_2035' title='bbox 1503 3519 1517 3538; x_wconf 75' lang='grc' dir='ltr'>Ρ</span> <span class='ocrx_word' id='word_1_2036' title='bbox 1527 3514 1548 3538; x_wconf 62' lang='lat' dir='ltr'>V</span> <span class='ocrx_word' id='word_1_2037' title='bbox 1556 3518 1579 3537; x_wconf 85' lang='lat' dir='ltr'>M</span> <span class='ocrx_word' id='word_1_2038' title='bbox 1592 3518 1611 3537; x_wconf 91' lang='grc' dir='ltr'>ο</span> <span class='ocrx_word' id='word_1_2039' title='bbox 1622 3531 1629 3542; x_wconf 89' lang='grc'><strong>,</strong></span> <span class='ocrx_word' id='word_1_2040' title='bbox 1647 3513 1687 3538; x_wconf 83' lang='lat' dir='ltr'>vel</span> <span class='ocrx_word' id='word_1_2041' title='bbox 1693 3513 1779 3546; x_wconf 80' lang='lat' dir='ltr'>potius</span> <span class='ocrx_word' id='word_1_2042' title='bbox 1801 3516 1817 3536; x_wconf 78' lang='lat' dir='ltr'>E</span> <span class='ocrx_word' id='word_1_2043' title='bbox 1829 3515 1847 3535; x_wconf 87' lang='grc' dir='ltr'><strong>Χ</strong></span> <span class='ocrx_word' id='word_1_2044' title='bbox 1859 3517 1871 3536; x_wconf 87' lang='lat' dir='ltr'>S</span> <span class='ocrx_word' id='word_1_2045' title='bbox 1881 3517 1895 3535; x_wconf 78' lang='grc' dir='ltr'><strong>Ρ</strong></span> <span class='ocrx_word' id='word_1_2046' title='bbox 1905 3513 1925 3536; x_wconf 69' lang='lat' dir='ltr'>V</span> <span class='ocrx_word' id='word_1_2047' title='bbox 1934 3516 1957 3535; x_wconf 89' lang='lat' dir='ltr'>M</span> <span class='ocrx_word' id='word_1_2048' title='bbox 1968 3517 1987 3537; x_wconf 92' lang='lat' dir='ltr'>O</span> <span class='ocrx_word' id='word_1_2049' title='bbox 1996 3530 2003 3541; x_wconf 94' lang='lat'>,</span> <span class='ocrx_word' id='word_1_2050' title='bbox 2023 3513 2076 3537; x_wconf 70' lang='lat' dir='ltr'>are.</span> <span class='ocrx_word' id='word_1_2051' title='bbox 2112 3509 2126 3543; x_wconf 90' lang='lat'>[</span> <span class='ocrx_word' id='word_1_2052' title='bbox 2133 3507 2274 3543; x_wconf 68' lang='grc' dir='ltr'><strong><em>ἕξωφρίξω]</em></strong></span> <span class='ocrx_word' id='word_1_2053' title='bbox 2310 3509 2376 3536; x_wconf 85' lang='lat' dir='ltr'>Cels.</span> <span class='ocrx_word' id='word_1_2054' title='bbox 2391 3511 2439 3544; x_wconf 79' lang='lat'>6,¹1</span> <span class='ocrx_word' id='word_1_2055' title='bbox 2456 3515 2457 3518; x_wconf 78' lang='grc'>’</span> 
     </span>
     <span class='ocr_line' id='line_1_100' title="bbox 306 3542 2441 3581; baseline 0.004 -14"><span class='ocrx_word' id='word_1_2056' title='bbox 306 3542 496 3576; x_wconf 80' lang='lat' dir='ltr'>Expromissbr,</span> <span class='ocrx_word' id='word_1_2057' title='bbox 517 3549 558 3578; x_wconf 83' lang='lat' dir='ltr'>qui</span> <span class='ocrx_word' id='word_1_2058' title='bbox 576 3547 653 3572; x_wconf 78' lang='lat' dir='ltr'>locum</span> <span class='ocrx_word' id='word_1_2059' title='bbox 668 3550 749 3572; x_wconf 81' lang='lat' dir='ltr'>intrat</span> <span class='ocrx_word' id='word_1_2060' title='bbox 769 3546 940 3578; x_wconf 73' lang='lat' dir='ltr'>condemnati,</span> <span class='ocrx_word' id='word_1_2061' title='bbox 959 3553 983 3572; x_wconf 81' lang='lat' dir='ltr'>et</span> <span class='ocrx_word' id='word_1_2062' title='bbox 1002 3557 1027 3573; x_wconf 76' lang='lat' dir='ltr'>eo</span> <span class='ocrx_word' id='word_1_2063' title='bbox 1039 3548 1160 3579; x_wconf 78' lang='lat' dir='ltr'>liberato,</span> <span class='ocrx_word' id='word_1_2064' title='bbox 1173 3551 1224 3573; x_wconf 82' lang='lat' dir='ltr'>eius</span> <span class='ocrx_word' id='word_1_2065' title='bbox 1239 3551 1292 3574; x_wconf 81' lang='lat' dir='ltr'>vice</span> <span class='ocrx_word' id='word_1_2066' title='bbox 1305 3549 1344 3575; x_wconf 81' lang='lat' dir='ltr'>ob·</span> <span class='ocrx_word' id='word_1_2067' title='bbox 1405 3554 1428 3573; x_wconf 85' lang='lat' dir='ltr'>et</span> <span class='ocrx_word' id='word_1_2068' title='bbox 1439 3552 1452 3577; x_wconf 87' lang='lat'>8</span> <span class='ocrx_word' id='word_1_2069' title='bbox 1471 3547 1500 3572; x_wconf 76' lang='lat' dir='ltr'>de</span> <span class='ocrx_word' id='word_1_2070' title='bbox 1512 3557 1572 3573; x_wconf 69' lang='lat' dir='ltr'>acra</span> <span class='ocrx_word' id='word_1_2071' title='bbox 1579 3546 1679 3581; x_wconf 67' lang='lat' dir='ltr'>sonim.»-</span> <span class='ocrx_word' id='word_1_2072' title='bbox 1693 3548 1790 3572; x_wconf 83' lang='lat' dir='ltr'>aurium</span> <span class='ocrx_word' id='word_1_2073' title='bbox 1801 3548 1870 3571; x_wconf 78' lang='lat' dir='ltr'>intra</span> <span class='ocrx_word' id='word_1_2074' title='bbox 1878 3545 1907 3580; x_wconf 61' lang='lat' dir='ltr'>J}</span> <span class='ocrx_word' id='word_1_2075' title='bbox 1918 3546 1998 3581; x_wconf 79' lang='lat' dir='ltr'>ipsas,</span> <span class='ocrx_word' id='word_1_2076' title='bbox 2015 3546 2040 3572; x_wconf 83' lang='lat' dir='ltr'>Si</span> <span class='ocrx_word' id='word_1_2077' title='bbox 2056 3554 2087 3572; x_wconf 88' lang='lat' dir='ltr'>ex</span> <span class='ocrx_word' id='word_1_2078' title='bbox 2099 3543 2240 3579; x_wconf 65' lang='lat' dir='ltr'>grauedine</span> <span class='ocrx_word' id='word_1_2079' title='bbox 2259 3545 2310 3575; x_wconf 69' lang='lat' dir='ltr'>est,</span> <span class='ocrx_word' id='word_1_2080' title='bbox 2331 3551 2441 3580; x_wconf 63' lang='lat' dir='ltr'>purgar‘</span> 
     </span>
    </p>
   </div>
   <div class='ocr_carea' id='block_1_13' title="bbox 299 3578 2466 3866">
    <p class='ocr_par' dir='ltr' id='par_1_32' title="bbox 299 3578 2466 3866">
     <span class='ocr_line' id='line_1_101' title="bbox 306 3578 2456 3618; baseline 0.002 -15"><span class='ocrx_word' id='word_1_2081' title='bbox 306 3578 410 3612; x_wconf 74' lang='lat' dir='ltr'>ligatur.</span> <span class='ocrx_word' id='word_1_2082' title='bbox 446 3580 482 3603; x_wconf 85' lang='lat' dir='ltr'>At</span> <span class='ocrx_word' id='word_1_2083' title='bbox 499 3579 642 3608; x_wconf 77' lang='lat' dir='ltr'>Fideiussor</span> <span class='ocrx_word' id='word_1_2084' title='bbox 661 3581 757 3607; x_wconf 76' lang='lat' dir='ltr'>accedit</span> <span class='ocrx_word' id='word_1_2085' title='bbox 778 3582 899 3618; x_wconf 83' lang='lat' dir='ltr'>obligato,</span> <span class='ocrx_word' id='word_1_2086' title='bbox 919 3589 947 3607; x_wconf 83' lang='lat' dir='ltr'>vt</span> <span class='ocrx_word' id='word_1_2087' title='bbox 965 3586 987 3608; x_wconf 78' lang='lat' dir='ltr'>ei</span> <span class='ocrx_word' id='word_1_2088' title='bbox 1001 3582 1067 3617; x_wconf 78' lang='lat' dir='ltr'>quast</span> <span class='ocrx_word' id='word_1_2089' title='bbox 1078 3582 1185 3618; x_wconf 77' lang='lat' dir='ltr'>subsidio</span> <span class='ocrx_word' id='word_1_2090' title='bbox 1191 3582 1243 3616; x_wconf 80' lang='lat' dir='ltr'>stt,</span> <span class='ocrx_word' id='word_1_2091' title='bbox 1256 3583 1282 3617; x_wconf 79' lang='lat' dir='ltr'><em>st</em></span> <span class='ocrx_word' id='word_1_2092' title='bbox 1294 3593 1342 3610; x_wconf 82' lang='lat' dir='ltr'>non</span> <span class='ocrx_word' id='word_1_2093' title='bbox 1407 3590 1497 3609; x_wconf 85' lang='lat' dir='ltr'>aurem</span> <span class='ocrx_word' id='word_1_2094' title='bbox 1510 3587 1630 3616; x_wconf 87' lang='lat' dir='ltr'>oportet,</span> <span class='ocrx_word' id='word_1_2095' title='bbox 1648 3587 1673 3607; x_wconf 88' lang='lat' dir='ltr'>et</span> <span class='ocrx_word' id='word_1_2096' title='bbox 1688 3581 1808 3615; x_wconf 86' lang='lat' dir='ltr'>spiritum</span> <span class='ocrx_word' id='word_1_2097' title='bbox 1822 3581 1973 3614; x_wconf 87' lang='lat' dir='ltr'>continere,</span> <span class='ocrx_word' id='word_1_2098' title='bbox 1992 3581 2076 3608; x_wconf 86' lang='lat' dir='ltr'>donec</span> <span class='ocrx_word' id='word_1_2099' title='bbox 2096 3580 2158 3607; x_wconf 86' lang='lat' dir='ltr'>inde</span> <span class='ocrx_word' id='word_1_2100' title='bbox 2179 3579 2276 3606; x_wconf 90' lang='lat' dir='ltr'>humor</span> <span class='ocrx_word' id='word_1_2101' title='bbox 2290 3581 2387 3615; x_wconf 86' lang='lat' dir='ltr'>aliquis</span> <span class='ocrx_word' id='word_1_2102' title='bbox 2398 3586 2440 3607; x_wconf 68' lang='lat' dir='ltr'>exa-</span> <span class='ocrx_word' id='word_1_2103' title='bbox 2455 3580 2456 3583; x_wconf 74' lang='grc'>’</span> 
     </span>
     <span class='ocr_line' id='line_1_102' title="bbox 299 3611 2440 3654; baseline 0.004 -17"><span class='ocrx_word' id='word_1_2104' title='bbox 299 3611 384 3648; x_wconf 71' lang='lat' dir='ltr'>fuerit</span> <span class='ocrx_word' id='word_1_2105' title='bbox 398 3612 522 3647; x_wconf 68' lang='lat' dir='ltr'>soluendo.</span> <span class='ocrx_word' id='word_1_2106' title='bbox 565 3617 649 3651; x_wconf 70' lang='lat' dir='ltr'>Itaque</span> <span class='ocrx_word' id='word_1_2107' title='bbox 667 3627 714 3643; x_wconf 81' lang='lat' dir='ltr'>non</span> <span class='ocrx_word' id='word_1_2108' title='bbox 731 3617 824 3643; x_wconf 80' lang='lat' dir='ltr'>dicitur</span> <span class='ocrx_word' id='word_1_2109' title='bbox 843 3617 1052 3652; x_wconf 79' lang='lat' dir='ltr'>Expromittere,</span> <span class='ocrx_word' id='word_1_2110' title='bbox 1072 3618 1120 3654; x_wconf 78' lang='lat' dir='ltr'>sed</span> <span class='ocrx_word' id='word_1_2111' title='bbox 1136 3618 1342 3653; x_wconf 81' lang='lat' dir='ltr'>Adpromittere.</span> <span class='ocrx_word' id='word_1_2112' title='bbox 1360 3622 1391 3649; x_wconf 79' lang='lat'>95</span> <span class='ocrx_word' id='word_1_2113' title='bbox 1406 3619 1516 3653; x_wconf 84' lang='lat' dir='ltr'>spumet.</span> <span class='ocrx_word' id='word_1_2114' title='bbox 1534 3618 1559 3644; x_wconf 88' lang='lat' dir='ltr'>h.</span> <span class='ocrx_word' id='word_1_2115' title='bbox 1573 3626 1592 3642; x_wconf 81' lang='lat' dir='ltr'>e.</span> <span class='ocrx_word' id='word_1_2116' title='bbox 1607 3615 1803 3651; x_wconf 71' lang='lat' dir='ltr'>Spumaefimilis</span> <span class='ocrx_word' id='word_1_2117' title='bbox 1816 3624 1892 3643; x_wconf 77' lang='lat' dir='ltr'>exeat.</span> <span class='ocrx_word' id='word_1_2118' title='bbox 2438 3635 2440 3638; x_wconf 40' lang='grc' dir='ltr'><strong>ν</strong></span> 
     </span>
     <span class='ocr_line' id='line_1_103' title="bbox 311 3647 2440 3689; baseline 0.002 -17"><span class='ocrx_word' id='word_1_2119' title='bbox 311 3647 367 3673; x_wconf 69' lang='lat' dir='ltr'>Vitl.</span> <span class='ocrx_word' id='word_1_2120' title='bbox 392 3654 412 3673; x_wconf 81' lang='lat' dir='ltr'>A</span> <span class='ocrx_word' id='word_1_2121' title='bbox 424 3654 437 3673; x_wconf 77' lang='lat' dir='ltr'>P</span> <span class='ocrx_word' id='word_1_2122' title='bbox 447 3654 460 3673; x_wconf 79' lang='lat' dir='ltr'>P</span> <span class='ocrx_word' id='word_1_2123' title='bbox 470 3654 487 3673; x_wconf 80' lang='lat' dir='ltr'>R</span> <span class='ocrx_word' id='word_1_2124' title='bbox 497 3655 515 3674; x_wconf 89' lang='lat'>0</span> <span class='ocrx_word' id='word_1_2125' title='bbox 525 3655 548 3674; x_wconf 85' lang='lat' dir='ltr'>M</span> <span class='ocrx_word' id='word_1_2126' title='bbox 559 3657 567 3675; x_wconf 93' lang='lat'>1</span> <span class='ocrx_word' id='word_1_2127' title='bbox 577 3656 597 3674; x_wconf 83' lang='lat' dir='ltr'>T</span> <span class='ocrx_word' id='word_1_2128' title='bbox 606 3658 627 3677; x_wconf 76' lang='lat' dir='ltr'>T</span> <span class='ocrx_word' id='word_1_2129' title='bbox 637 3657 657 3677; x_wconf 90' lang='lat' dir='ltr'>o</span> <span class='ocrx_word' id='word_1_2130' title='bbox 689 3659 711 3678; x_wconf 79' lang='lat' dir='ltr'>et</span> <span class='ocrx_word' id='word_1_2131' title='bbox 738 3660 758 3679; x_wconf 77' lang='grc' dir='ltr'>Α</span> <span class='ocrx_word' id='word_1_2132' title='bbox 769 3659 784 3679; x_wconf 81' lang='lat'>1&gt;</span> <span class='ocrx_word' id='word_1_2133' title='bbox 796 3659 811 3679; x_wconf 72' lang='grc' dir='ltr'>ι»</span> <span class='ocrx_word' id='word_1_2134' title='bbox 823 3658 842 3678; x_wconf 77' lang='lat' dir='ltr'>R</span> <span class='ocrx_word' id='word_1_2135' title='bbox 853 3659 905 3679; x_wconf 82' lang='lat' dir='ltr'>OM</span> <span class='ocrx_word' id='word_1_2136' title='bbox 914 3660 922 3679; x_wconf 96' lang='lat'>1</span> <span class='ocrx_word' id='word_1_2137' title='bbox 932 3660 944 3679; x_wconf 86' lang='lat' dir='ltr'>s</span> <span class='ocrx_word' id='word_1_2138' title='bbox 954 3660 967 3679; x_wconf 82' lang='lat' dir='ltr'>s</span> <span class='ocrx_word' id='word_1_2139' title='bbox 977 3660 996 3679; x_wconf 93' lang='lat'>0</span> <span class='ocrx_word' id='word_1_2140' title='bbox 1006 3660 1023 3679; x_wconf 80' lang='lat' dir='ltr'>R</span> <span class='ocrx_word' id='word_1_2141' title='bbox 1032 3674 1040 3686; x_wconf 92' lang='lat'>,</span> <span class='ocrx_word' id='word_1_2142' title='bbox 1058 3663 1102 3689; x_wconf 85' lang='lat' dir='ltr'>quo</span> <span class='ocrx_word' id='word_1_2143' title='bbox 1121 3657 1250 3681; x_wconf 72' lang='lat' dir='ltr'>retulimus</span> <span class='ocrx_word' id='word_1_2144' title='bbox 1271 3658 1344 3681; x_wconf 80' lang='lat' dir='ltr'>ctiam</span> <span class='ocrx_word' id='word_1_2145' title='bbox 1442 3660 1459 3680; x_wconf 83' lang='lat' dir='ltr'>E</span> <span class='ocrx_word' id='word_1_2146' title='bbox 1472 3661 1488 3679; x_wconf 84' lang='lat' dir='ltr'>x</span> <span class='ocrx_word' id='word_1_2147' title='bbox 1501 3660 1515 3680; x_wconf 78' lang='lat' dir='ltr'>P</span> <span class='ocrx_word' id='word_1_2148' title='bbox 1524 3660 1544 3679; x_wconf 88' lang='grc' dir='ltr'><strong>ν</strong></span> <span class='ocrx_word' id='word_1_2149' title='bbox 1554 3658 1604 3678; x_wconf 87' lang='lat' dir='ltr'>NG</span> <span class='ocrx_word' id='word_1_2150' title='bbox 1613 3658 1646 3682; x_wconf 91' lang='lat' dir='ltr'>o,</span> <span class='ocrx_word' id='word_1_2151' title='bbox 1669 3652 1728 3681; x_wconf 86' lang='lat' dir='ltr'>nxi,</span> <span class='ocrx_word' id='word_1_2152' title='bbox 1754 3651 1842 3677; x_wconf 59' lang='lat' dir='ltr'>netum</span> <span class='ocrx_word' id='word_1_2153' title='bbox 1853 3673 1860 3684; x_wconf 89' lang='lat'>‚</span> <span class='ocrx_word' id='word_1_2154' title='bbox 1887 3654 1940 3678; x_wconf 65' lang='lat' dir='ltr'>ere.</span> <span class='ocrx_word' id='word_1_2155' title='bbox 1976 3648 2109 3685; x_wconf 46' lang='lat' dir='ltr'>[chmlssffi</span> <span class='ocrx_word' id='word_1_2156' title='bbox 2132 3649 2273 3684; x_wconf 71' lang='grc' dir='ltr'><strong><em>καταςίξω]</em></strong></span> <span class='ocrx_word' id='word_1_2157' title='bbox 2308 3651 2440 3688; x_wconf 74' lang='lat' dir='ltr'>Cognatum</span> 
     </span>
     <span class='ocr_line' id='line_1_104' title="bbox 305 3680 2441 3725; baseline 0.003 -18"><span class='ocrx_word' id='word_1_2158' title='bbox 305 3682 322 3709; x_wconf 91' lang='lat' dir='ltr'>l.</span> <span class='ocrx_word' id='word_1_2159' title='bbox 337 3690 349 3715; x_wconf 92' lang='lat'>5</span> <span class='ocrx_word' id='word_1_2160' title='bbox 362 3683 393 3708; x_wconf 87' lang='lat' dir='ltr'>D.</span> <span class='ocrx_word' id='word_1_2161' title='bbox 412 3680 434 3718; x_wconf 81' lang='lat'>§.</span> <span class='ocrx_word' id='word_1_2162' title='bbox 447 3691 459 3707; x_wconf 87' lang='lat'><strong>2</strong></span> <span class='ocrx_word' id='word_1_2163' title='bbox 480 3682 511 3709; x_wconf 87' lang='lat' dir='ltr'>de</span> <span class='ocrx_word' id='word_1_2164' title='bbox 526 3684 640 3711; x_wconf 90' lang='lat' dir='ltr'>Verbor.</span> <span class='ocrx_word' id='word_1_2165' title='bbox 659 3687 767 3722; x_wconf 85' lang='lat' dir='ltr'>obligat.</span> <span class='ocrx_word' id='word_1_2166' title='bbox 805 3689 845 3715; x_wconf 83' lang='lat' dir='ltr'>lbi</span> <span class='ocrx_word' id='word_1_2167' title='bbox 876 3691 939 3714; x_wconf 82' lang='lat' dir='ltr'>enim</span> <span class='ocrx_word' id='word_1_2168' title='bbox 966 3697 1013 3713; x_wconf 87' lang='lat' dir='ltr'>non</span> <span class='ocrx_word' id='word_1_2169' title='bbox 1038 3689 1214 3724; x_wconf 80' lang='lat' dir='ltr'>Expromissbr</span> <span class='ocrx_word' id='word_1_2170' title='bbox 1236 3689 1282 3723; x_wconf 68' lang='lat' dir='ltr'>est,</span> <span class='ocrx_word' id='word_1_2171' title='bbox 1297 3690 1345 3725; x_wconf 83' lang='lat' dir='ltr'>sed</span> <span class='ocrx_word' id='word_1_2172' title='bbox 1404 3689 1477 3715; x_wconf 78' lang='lat' dir='ltr'>verbo</span> <span class='ocrx_word' id='word_1_2173' title='bbox 1490 3686 1776 3724; x_wconf 67' lang='lat' dir='ltr'>disputzgere,ji1›1ificat</span> <span class='ocrx_word' id='word_1_2174' title='bbox 1789 3687 1849 3713; x_wconf 60' lang='lat' dir='ltr'>niam</span> <span class='ocrx_word' id='word_1_2175' title='bbox 1857 3687 1926 3722; x_wconf 77' lang='lat' dir='ltr'>fere,</span> <span class='ocrx_word' id='word_1_2176' title='bbox 1935 3686 2125 3722; x_wconf 76' lang='lat' dir='ltr'>quoddelere‚et</span> <span class='ocrx_word' id='word_1_2177' title='bbox 2132 3689 2235 3720; x_wconf 76' lang='lat' dir='ltr'>proprie</span> <span class='ocrx_word' id='word_1_2178' title='bbox 2248 3686 2282 3712; x_wconf 85' lang='lat' dir='ltr'>ad</span> <span class='ocrx_word' id='word_1_2179' title='bbox 2292 3688 2379 3713; x_wconf 72' lang='lat' dir='ltr'>literas</span> <span class='ocrx_word' id='word_1_2180' title='bbox 2386 3694 2441 3722; x_wconf 73' lang='lat' dir='ltr'>per·-</span> 
     </span>
     <span class='ocr_line' id='line_1_105' title="bbox 305 3698 2466 3760; baseline 0.001 -15"><span class='ocrx_word' id='word_1_2181' title='bbox 305 3716 455 3745; x_wconf 55' lang='lat' dir='ltr'>auam-uate</span> <span class='ocrx_word' id='word_1_2182' title='bbox 479 3719 615 3745; x_wconf 82' lang='lat' dir='ltr'>Florentini</span> <span class='ocrx_word' id='word_1_2183' title='bbox 640 3722 700 3748; x_wconf 82' lang='lat' dir='ltr'>libri</span> <span class='ocrx_word' id='word_1_2184' title='bbox 707 3742 714 3753; x_wconf 93' lang='lat'>,</span> <span class='ocrx_word' id='word_1_2185' title='bbox 738 3723 927 3758; x_wconf 71' lang='lat' dir='ltr'>Appromifl‘or.</span> <span class='ocrx_word' id='word_1_2186' title='bbox 979 3724 1053 3759; x_wconf 82' lang='lat' dir='ltr'>Conf.</span> <span class='ocrx_word' id='word_1_2187' title='bbox 1084 3725 1185 3760; x_wconf 82' lang='lat' dir='ltr'>Salmas.</span> <span class='ocrx_word' id='word_1_2188' title='bbox 1210 3725 1240 3751; x_wconf 77' lang='lat' dir='ltr'>de</span> <span class='ocrx_word' id='word_1_2189' title='bbox 1273 3725 1344 3753; x_wconf 86' lang='lat' dir='ltr'>Mod.</span> <span class='ocrx_word' id='word_1_2190' title='bbox 1405 3726 1482 3754; x_wconf 77' lang='lat' dir='ltr'>tinet,</span> <span class='ocrx_word' id='word_1_2191' title='bbox 1500 3733 1552 3749; x_wconf 86' lang='lat' dir='ltr'>cum</span> <span class='ocrx_word' id='word_1_2192' title='bbox 1563 3698 1721 3758; x_wconf 54' lang='lat' dir='ltr'>punmffim</span> <span class='ocrx_word' id='word_1_2193' title='bbox 1735 3723 1868 3757; x_wconf 78' lang='lat' dir='ltr'>transucrfi</span> <span class='ocrx_word' id='word_1_2194' title='bbox 1880 3723 1999 3749; x_wconf 74' lang='lat' dir='ltr'>delentur.</span> <span class='ocrx_word' id='word_1_2195' title='bbox 2037 3722 2103 3747; x_wconf 86' lang='lat' dir='ltr'>Hinc</span> <span class='ocrx_word' id='word_1_2196' title='bbox 2117 3721 2184 3747; x_wconf 89' lang='lat' dir='ltr'>Pers.</span> <span class='ocrx_word' id='word_1_2197' title='bbox 2199 3729 2220 3752; x_wconf 88' lang='lat'>2,</span> <span class='ocrx_word' id='word_1_2198' title='bbox 2234 3730 2257 3753; x_wconf 84' lang='grc'>13</span> <span class='ocrx_word' id='word_1_2199' title='bbox 2279 3721 2441 3756; x_wconf 82' lang='lat' dir='ltr'>Pupillumne</span> <span class='ocrx_word' id='word_1_2200' title='bbox 2463 3727 2466 3734; x_wconf 86' lang='lat'><strong>¹</strong></span> 
     </span>
     <span class='ocr_line' id='line_1_106' title="bbox 311 3753 2462 3793; baseline 0 -10"><span class='ocrx_word' id='word_1_2201' title='bbox 311 3753 386 3789; x_wconf 76' lang='lat' dir='ltr'>Vsur·</span> <span class='ocrx_word' id='word_1_2202' title='bbox 409 3763 430 3779; x_wconf 75' lang='grc' dir='ltr'>ι·-</span> <span class='ocrx_word' id='word_1_2203' title='bbox 449 3757 486 3779; x_wconf 75' lang='lat'>16·</span> <span class='ocrx_word' id='word_1_2204' title='bbox 1406 3760 1521 3789; x_wconf 89' lang='lat' dir='ltr'>vtinam,</span> <span class='ocrx_word' id='word_1_2205' title='bbox 1541 3767 1619 3793; x_wconf 88' lang='lat' dir='ltr'>quem</span> <span class='ocrx_word' id='word_1_2206' title='bbox 1633 3758 1766 3791; x_wconf 87' lang='lat' dir='ltr'>proximus</span> <span class='ocrx_word' id='word_1_2207' title='bbox 1779 3758 1851 3784; x_wconf 87' lang='lat' dir='ltr'>heres</span> <span class='ocrx_word' id='word_1_2208' title='bbox 1866 3758 1994 3792; x_wconf 89' lang='lat' dir='ltr'>Impello,</span> <span class='ocrx_word' id='word_1_2209' title='bbox 2010 3765 2166 3790; x_wconf 80' lang='lat' dir='ltr'>expungam:</span> <span class='ocrx_word' id='word_1_2210' title='bbox 2201 3765 2261 3783; x_wconf 89' lang='lat' dir='ltr'>nam</span> <span class='ocrx_word' id='word_1_2211' title='bbox 2275 3763 2300 3783; x_wconf 88' lang='lat' dir='ltr'>et</span> <span class='ocrx_word' id='word_1_2212' title='bbox 2312 3757 2348 3783; x_wconf 79' lang='lat' dir='ltr'>est</span> <span class='ocrx_word' id='word_1_2213' title='bbox 2363 3756 2440 3784; x_wconf 85' lang='lat' dir='ltr'>scabi·</span> <span class='ocrx_word' id='word_1_2214' title='bbox 2460 3767 2462 3770; x_wconf 65' lang='lat'><strong><em>¹</em></strong></span> 
     </span>
     <span class='ocr_line' id='line_1_107' title="bbox 344 3787 2440 3830; baseline 0 -12"><span class='ocrx_word' id='word_1_2215' title='bbox 344 3796 385 3815; x_wconf 84' lang='lat' dir='ltr'>Ex</span> <span class='ocrx_word' id='word_1_2216' title='bbox 397 3790 545 3815; x_wconf 69' lang='lat' dir='ltr'>PROMO.</span> <span class='ocrx_word' id='word_1_2217' title='bbox 573 3787 606 3819; x_wconf 75' lang='lat' dir='ltr'>fi,</span> <span class='ocrx_word' id='word_1_2218' title='bbox 633 3795 706 3821; x_wconf 75' lang='lat' dir='ltr'>tum,</span> <span class='ocrx_word' id='word_1_2219' title='bbox 732 3793 786 3824; x_wconf 71' lang='lat' dir='ltr'>vel,</span> <span class='ocrx_word' id='word_1_2220' title='bbox 806 3794 869 3828; x_wconf 84' lang='lat' dir='ltr'>quod</span> <span class='ocrx_word' id='word_1_2221' title='bbox 891 3795 939 3821; x_wconf 82' lang='lat' dir='ltr'>alii</span> <span class='ocrx_word' id='word_1_2222' title='bbox 965 3794 1075 3827; x_wconf 80' lang='lat' dir='ltr'>malunt,</span> <span class='ocrx_word' id='word_1_2223' title='bbox 1102 3794 1153 3829; x_wconf 83' lang='lat' dir='ltr'>psi,</span> <span class='ocrx_word' id='word_1_2224' title='bbox 1175 3800 1267 3830; x_wconf 90' lang='lat' dir='ltr'>ptum,</span> <span class='ocrx_word' id='word_1_2225' title='bbox 1291 3795 1481 3826; x_wconf 51' lang='lat' dir='ltr'>eredooosus,</span> <span class='ocrx_word' id='word_1_2226' title='bbox 1502 3800 1528 3819; x_wconf 89' lang='lat' dir='ltr'>et</span> <span class='ocrx_word' id='word_1_2227' title='bbox 1541 3794 1594 3819; x_wconf 89' lang='lat' dir='ltr'>acri</span> <span class='ocrx_word' id='word_1_2228' title='bbox 1630 3793 1686 3820; x_wconf 86' lang='lat' dir='ltr'>Bile</span> <span class='ocrx_word' id='word_1_2229' title='bbox 1702 3800 1791 3820; x_wconf 84' lang='lat' dir='ltr'>tumet.</span> <span class='ocrx_word' id='word_1_2230' title='bbox 1811 3798 1828 3820; x_wconf 81' lang='lat' dir='ltr'>i.</span> <span class='ocrx_word' id='word_1_2231' title='bbox 1849 3795 1890 3820; x_wconf 82' lang='lat' dir='ltr'>illo</span> <span class='ocrx_word' id='word_1_2232' title='bbox 1903 3796 1968 3819; x_wconf 77' lang='lat' dir='ltr'>uelut</span> <span class='ocrx_word' id='word_1_2233' title='bbox 1981 3802 2009 3818; x_wconf 78' lang='lat' dir='ltr'>ex</span> <span class='ocrx_word' id='word_1_2234' title='bbox 2022 3794 2152 3818; x_wconf 73' lang='lat' dir='ltr'>matricula</span> <span class='ocrx_word' id='word_1_2235' title='bbox 2167 3794 2304 3818; x_wconf 81' lang='lat' dir='ltr'>uiuentium</span> <span class='ocrx_word' id='word_1_2236' title='bbox 2322 3790 2440 3828; x_wconf 59' lang='lat' dir='ltr'>expansio</span> 
     </span>
     <span class='ocr_line' id='line_1_108' title="bbox 309 3822 2438 3866; baseline 0.002 -17"><span class='ocrx_word' id='word_1_2237' title='bbox 309 3823 523 3858; x_wconf 45' lang='grc' dir='ltr'>[προχειρῐζομαῃ</span> <span class='ocrx_word' id='word_1_2238' title='bbox 543 3822 696 3859; x_wconf 45' lang='lat' dir='ltr'>veosatum]</span> <span class='ocrx_word' id='word_1_2239' title='bbox 731 3828 809 3852; x_wconf 79' lang='lat' dir='ltr'>Extra</span> <span class='ocrx_word' id='word_1_2240' title='bbox 829 3835 957 3862; x_wconf 79' lang='lat' dir='ltr'>promere,</span> <span class='ocrx_word' id='word_1_2241' title='bbox 983 3837 1006 3856; x_wconf 80' lang='lat' dir='ltr'>et</span> <span class='ocrx_word' id='word_1_2242' title='bbox 1029 3829 1117 3863; x_wconf 72' lang='lat' dir='ltr'>ffrre</span> <span class='ocrx_word' id='word_1_2243' title='bbox 1143 3837 1214 3866; x_wconf 72' lang='lat' dir='ltr'>atque</span> <span class='ocrx_word' id='word_1_2244' title='bbox 1240 3831 1346 3857; x_wconf 80' lang='lat' dir='ltr'>educere.</span> <span class='ocrx_word' id='word_1_2245' title='bbox 1399 3829 1537 3865; x_wconf 67' lang='lat' dir='ltr'>succedam.</span> <span class='ocrx_word' id='word_1_2246' title='bbox 1578 3828 1635 3854; x_wconf 66' lang='lat' dir='ltr'>isid.</span> <span class='ocrx_word' id='word_1_2247' title='bbox 1652 3829 1751 3865; x_wconf 65' lang='lat' dir='ltr'>Cajliub.</span> <span class='ocrx_word' id='word_1_2248' title='bbox 1822 3829 1957 3855; x_wconf 88' lang='lat' dir='ltr'>Debitoris</span> <span class='ocrx_word' id='word_1_2249' title='bbox 1978 3835 2073 3853; x_wconf 81' lang='lat' dir='ltr'>nomen</span> <span class='ocrx_word' id='word_1_2250' title='bbox 2103 3827 2183 3853; x_wconf 85' lang='lat' dir='ltr'>Plaut.</span> <span class='ocrx_word' id='word_1_2251' title='bbox 2207 3827 2296 3854; x_wconf 84' lang='lat' dir='ltr'>Cistel.</span> <span class='ocrx_word' id='word_1_2252' title='bbox 2320 3836 2341 3860; x_wconf 86' lang='lat'>1,</span> <span class='ocrx_word' id='word_1_2253' title='bbox 2362 3837 2383 3860; x_wconf 85' lang='lat'>3,</span> <span class='ocrx_word' id='word_1_2254' title='bbox 2401 3834 2438 3860; x_wconf 80' lang='grc'>41.</span> 
     </span>
    </p>
   </div>
   <div class='ocr_carea' id='block_1_14' title="bbox 302 3859 2440 4007">
    <p class='ocr_par' dir='ltr' id='par_1_33' title="bbox 302 3859 2440 4007">
     <span class='ocr_line' id='line_1_109' title="bbox 308 3859 2440 3900; baseline 0.001 -15"><span class='ocrx_word' id='word_1_2255' title='bbox 308 3859 389 3886; x_wconf 84' lang='lat' dir='ltr'>Plaut.</span> <span class='ocrx_word' id='word_1_2256' title='bbox 404 3860 463 3886; x_wconf 91' lang='lat' dir='ltr'>Mil.</span> <span class='ocrx_word' id='word_1_2257' title='bbox 480 3868 501 3891; x_wconf 84' lang='lat'>3,</span> <span class='ocrx_word' id='word_1_2258' title='bbox 517 3868 539 3890; x_wconf 89' lang='lat'>2,</span> <span class='ocrx_word' id='word_1_2259' title='bbox 556 3864 580 3888; x_wconf 87' lang='lat'>¹8</span> <span class='ocrx_word' id='word_1_2260' title='bbox 614 3860 709 3894; x_wconf 85' lang='lat' dir='ltr'>Neque</span> <span class='ocrx_word' id='word_1_2261' title='bbox 726 3863 850 3896; x_wconf 80' lang='lat' dir='ltr'>equidem</span> <span class='ocrx_word' id='word_1_2262' title='bbox 876 3863 993 3892; x_wconf 86' lang='lat' dir='ltr'>heminas</span> <span class='ocrx_word' id='word_1_2263' title='bbox 1013 3865 1075 3892; x_wconf 62' lang='lat' dir='ltr'>ooo</span> <span class='ocrx_word' id='word_1_2264' title='bbox 1100 3866 1230 3900; x_wconf 83' lang='lat' dir='ltr'>expromsi</span> <span class='ocrx_word' id='word_1_2265' title='bbox 1250 3867 1278 3892; x_wconf 89' lang='lat' dir='ltr'>in</span> <span class='ocrx_word' id='word_1_2266' title='bbox 1303 3876 1346 3893; x_wconf 83' lang='lat' dir='ltr'>vr.</span> <span class='ocrx_word' id='word_1_2267' title='bbox 1408 3863 1499 3893; x_wconf 90' lang='lat' dir='ltr'>Diem,</span> <span class='ocrx_word' id='word_1_2268' title='bbox 1526 3867 1544 3889; x_wconf 84' lang='lat' dir='ltr'>i.</span> <span class='ocrx_word' id='word_1_2269' title='bbox 1566 3864 1671 3899; x_wconf 79' lang='lat' dir='ltr'>Tempus</span> <span class='ocrx_word' id='word_1_2270' title='bbox 1690 3863 1991 3899; x_wconf 72' lang='lat' dir='ltr'>creditoripraestitutum</span> <span class='ocrx_word' id='word_1_2271' title='bbox 2013 3862 2069 3887; x_wconf 87' lang='lat' dir='ltr'>Seu.</span> <span class='ocrx_word' id='word_1_2272' title='bbox 2083 3862 2161 3896; x_wconf 78' lang='lat' dir='ltr'>Epist.</span> <span class='ocrx_word' id='word_1_2273' title='bbox 2175 3871 2201 3895; x_wconf 88' lang='lat'>9.</span> <span class='ocrx_word' id='word_1_2274' title='bbox 2317 3862 2440 3900; x_wconf 67' lang='lat' dir='ltr'>Decuriat</span> 
     </span>
     <span class='ocr_line' id='line_1_110' title="bbox 308 3894 2440 3934; baseline 0.001 -14"><span class='ocrx_word' id='word_1_2275' title='bbox 308 3904 391 3922; x_wconf 86' lang='lat' dir='ltr'>ccum.</span> <span class='ocrx_word' id='word_1_2276' title='bbox 463 3896 547 3920; x_wconf 83' lang='lat' dir='ltr'>Varro</span> <span class='ocrx_word' id='word_1_2277' title='bbox 562 3894 594 3920; x_wconf 88' lang='lat' dir='ltr'>de</span> <span class='ocrx_word' id='word_1_2278' title='bbox 608 3895 638 3920; x_wconf 90' lang='lat' dir='ltr'>R.</span> <span class='ocrx_word' id='word_1_2279' title='bbox 653 3896 683 3922; x_wconf 83' lang='lat' dir='ltr'>R.</span> <span class='ocrx_word' id='word_1_2280' title='bbox 700 3905 722 3927; x_wconf 87' lang='lat'>2,</span> <span class='ocrx_word' id='word_1_2281' title='bbox 734 3905 750 3922; x_wconf 85' lang='lat'>2</span> <span class='ocrx_word' id='word_1_2282' title='bbox 785 3899 876 3930; x_wconf 82' lang='lat' dir='ltr'>Qium</span> <span class='ocrx_word' id='word_1_2283' title='bbox 895 3908 980 3926; x_wconf 84' lang='lat' dir='ltr'>emtor</span> <span class='ocrx_word' id='word_1_2284' title='bbox 994 3900 1078 3933; x_wconf 88' lang='lat' dir='ltr'>dixit,</span> <span class='ocrx_word' id='word_1_2285' title='bbox 1098 3901 1184 3927; x_wconf 88' lang='lat' dir='ltr'>Tanti</span> <span class='ocrx_word' id='word_1_2286' title='bbox 1204 3903 1261 3928; x_wconf 87' lang='lat' dir='ltr'>sunt</span> <span class='ocrx_word' id='word_1_2287' title='bbox 1277 3901 1344 3928; x_wconf 90' lang='lat' dir='ltr'>mihi</span> <span class='ocrx_word' id='word_1_2288' title='bbox 1408 3899 1476 3925; x_wconf 90' lang='lat' dir='ltr'>Suet.</span> <span class='ocrx_word' id='word_1_2289' title='bbox 1492 3898 1584 3925; x_wconf 89' lang='lat' dir='ltr'>Claud.</span> <span class='ocrx_word' id='word_1_2290' title='bbox 1599 3909 1619 3925; x_wconf 88' lang='lat' dir='ltr'>c.</span> <span class='ocrx_word' id='word_1_2291' title='bbox 1635 3908 1666 3932; x_wconf 75' lang='grc' dir='ltr'>ις,</span> <span class='ocrx_word' id='word_1_2292' title='bbox 1688 3899 1719 3932; x_wconf 66' lang='lat' dir='ltr'>ql}</span> <span class='ocrx_word' id='word_1_2293' title='bbox 1735 3901 1864 3934; x_wconf 60' lang='lat' dir='ltr'>DJfl-utere</span> <span class='ocrx_word' id='word_1_2294' title='bbox 1875 3921 1882 3932; x_wconf 85' lang='lat'><em>‚</em></span> <span class='ocrx_word' id='word_1_2295' title='bbox 1900 3906 1923 3925; x_wconf 77' lang='lat' dir='ltr'>et</span> <span class='ocrx_word' id='word_1_2296' title='bbox 1937 3902 1980 3934; x_wconf 78' lang='lat' dir='ltr'>qm&#39;</span> <span class='ocrx_word' id='word_1_2297' title='bbox 1993 3899 2020 3922; x_wconf 86' lang='lat' dir='ltr'>in</span> <span class='ocrx_word' id='word_1_2298' title='bbox 2033 3897 2138 3923; x_wconf 66' lang='lat' dir='ltr'>iuduunt</span> <span class='ocrx_word' id='word_1_2299' title='bbox 2151 3905 2249 3923; x_wconf 77' lang='lat' dir='ltr'>numero</span> <span class='ocrx_word' id='word_1_2300' title='bbox 2261 3898 2392 3927; x_wconf 82' lang='lat' dir='ltr'>retinendi,</span> <span class='ocrx_word' id='word_1_2301' title='bbox 2399 3897 2440 3932; x_wconf 69' lang='lat' dir='ltr'>qui</span> 
     </span>
     <span class='ocr_line' id='line_1_111' title="bbox 306 3930 2440 3972; baseline 0 -15"><span class='ocrx_word' id='word_1_2302' title='bbox 306 3938 405 3957; x_wconf 81' lang='lat' dir='ltr'>erutae:</span> <span class='ocrx_word' id='word_1_2303' title='bbox 423 3936 448 3956; x_wconf 88' lang='lat' dir='ltr'>et</span> <span class='ocrx_word' id='word_1_2304' title='bbox 470 3930 515 3956; x_wconf 91' lang='lat' dir='ltr'>ille</span> <span class='ocrx_word' id='word_1_2305' title='bbox 539 3930 693 3964; x_wconf 83' lang='lat' dir='ltr'>respondet,</span> <span class='ocrx_word' id='word_1_2306' title='bbox 713 3932 789 3958; x_wconf 80' lang='lat' dir='ltr'>Sunt:</span> <span class='ocrx_word' id='word_1_2307' title='bbox 814 3940 840 3959; x_wconf 87' lang='lat' dir='ltr'>et</span> <span class='ocrx_word' id='word_1_2308' title='bbox 865 3935 1006 3969; x_wconf 83' lang='lat' dir='ltr'>expromsit</span> <span class='ocrx_word' id='word_1_2309' title='bbox 1028 3945 1130 3962; x_wconf 89' lang='lat' dir='ltr'>numos.</span> <span class='ocrx_word' id='word_1_2310' title='bbox 1176 3939 1216 3963; x_wconf 84' lang='lat' dir='ltr'>Ita</span> <span class='ocrx_word' id='word_1_2311' title='bbox 1229 3939 1347 3972; x_wconf 78' lang='lat' dir='ltr'>antiqui:</span> <span class='ocrx_word' id='word_1_2312' title='bbox 1405 3932 1667 3964; x_wconf 19' lang='lat' dir='ltr'>remouendi,statuerem</span> <span class='ocrx_word' id='word_1_2313' title='bbox 1740 3936 1860 3962; x_wconf 86' lang='lat' dir='ltr'>Gloriam</span> <span class='ocrx_word' id='word_1_2314' title='bbox 1882 3940 1981 3969; x_wconf 88' lang='lat' dir='ltr'>partam</span> <span class='ocrx_word' id='word_1_2315' title='bbox 2006 3940 2038 3957; x_wconf 89' lang='lat' dir='ltr'>ne</span> <span class='ocrx_word' id='word_1_2316' title='bbox 2063 3932 2100 3958; x_wconf 91' lang='lat' dir='ltr'>DI</span> <span class='ocrx_word' id='word_1_2317' title='bbox 2122 3939 2286 3967; x_wconf 83' lang='lat' dir='ltr'>expungant,</span> <span class='ocrx_word' id='word_1_2318' title='bbox 2308 3936 2326 3959; x_wconf 88' lang='lat' dir='ltr'>i.</span> <span class='ocrx_word' id='word_1_2319' title='bbox 2348 3933 2440 3959; x_wconf 71' lang='lat' dir='ltr'>deleant</span> 
     </span>
     <span class='ocr_line' id='line_1_112' title="bbox 302 3964 2440 4007; baseline 0.001 -16"><span class='ocrx_word' id='word_1_2320' title='bbox 302 3965 349 4000; x_wconf 77' lang='lat' dir='ltr'>sed</span> <span class='ocrx_word' id='word_1_2321' title='bbox 366 3976 381 3992; x_wconf 87' lang='lat' dir='ltr'>a</span> <span class='ocrx_word' id='word_1_2322' title='bbox 405 3964 519 3993; x_wconf 68' lang='lat' dir='ltr'>Vit‘lorio</span> <span class='ocrx_word' id='word_1_2323' title='bbox 551 3966 708 4001; x_wconf 82' lang='lat' dir='ltr'>Expromilit</span> <span class='ocrx_word' id='word_1_2324' title='bbox 720 3985 728 3998; x_wconf 85' lang='lat'><em>‚</em></span> <span class='ocrx_word' id='word_1_2325' title='bbox 758 3976 785 3994; x_wconf 81' lang='lat' dir='ltr'>v.</span> <span class='ocrx_word' id='word_1_2326' title='bbox 804 3976 830 3994; x_wconf 76' lang='lat' dir='ltr'>v.</span> <span class='ocrx_word' id='word_1_2327' title='bbox 920 3970 1083 4006; x_wconf 78' lang='lat' dir='ltr'>Expromere</span> <span class='ocrx_word' id='word_1_2328' title='bbox 1104 3972 1231 4007; x_wconf 80' lang='lat' dir='ltr'>supplicia</span> <span class='ocrx_word' id='word_1_2329' title='bbox 1254 3972 1284 3999; x_wconf 90' lang='lat' dir='ltr'>in</span> <span class='ocrx_word' id='word_1_2330' title='bbox 1312 3969 1597 4001; x_wconf 77' lang='lat' dir='ltr'>ci-105Pseudo-Plaut.</span> <span class='ocrx_word' id='word_1_2331' title='bbox 1605 3970 1700 4004; x_wconf 87' lang='lat' dir='ltr'>Amph.</span> <span class='ocrx_word' id='word_1_2332' title='bbox 1719 3971 1756 3997; x_wconf 86' lang='lat' dir='ltr'>Sc.</span> <span class='ocrx_word' id='word_1_2333' title='bbox 1765 3972 1802 3997; x_wconf 87' lang='lat' dir='ltr'>DI</span> <span class='ocrx_word' id='word_1_2334' title='bbox 1815 3970 1930 3997; x_wconf 73' lang='lat' dir='ltr'>vostram</span> <span class='ocrx_word' id='word_1_2335' title='bbox 1941 3968 1985 3994; x_wconf 76' lang='lat' dir='ltr'>fid.</span> <span class='ocrx_word' id='word_1_2336' title='bbox 1998 3976 2024 3994; x_wconf 86' lang='lat' dir='ltr'>v.</span> <span class='ocrx_word' id='word_1_2337' title='bbox 2036 3974 2079 4001; x_wconf 84' lang='lat'>27.</span> <span class='ocrx_word' id='word_1_2338' title='bbox 2149 3969 2274 3995; x_wconf 80' lang='lat' dir='ltr'>Rationes</span> <span class='ocrx_word' id='word_1_2339' title='bbox 2294 3977 2378 4002; x_wconf 87' lang='lat' dir='ltr'>expun</span> <span class='ocrx_word' id='word_1_2340' title='bbox 2397 3973 2440 3993; x_wconf 80' lang='lat' dir='ltr'>ere</span> 
     </span>
    </p>
   </div>
   <div class='ocr_carea' id='block_1_15' title="bbox 2361 4009 2440 4029">
    <p class='ocr_par' dir='ltr' id='par_1_34' title="bbox 2361 4009 2440 4029">
     <span class='ocr_line' id='line_1_113' title="bbox 2361 4009 2440 4029; baseline 0 -1"><span class='ocrx_word' id='word_1_2341' title='bbox 2361 4011 2373 4028; x_wconf 73' lang='lat' dir='ltr'><em>e</em></span> <span class='ocrx_word' id='word_1_2342' title='bbox 2404 4009 2440 4029; x_wconf 68' lang='grc' dir='ltr'>ΓΙ·</span> 
     </span>
    </p>
   </div>
  </div>
 </body>
</html>
