2479 4225
61 2110 64 2114 ’
94 2102 300 2128 Dedecorantem
314 2106 339 2127 et
356 2100 429 2128 vrbis
447 2100 606 2127 auctoritate

462 110 743 151 DEI)

105 127 149 166 37

107 201 158 228 Off.
174 209 192 232 1,
208 203 255 233 146
273 210 294 227 c.
308 209 337 234 41
374 202 436 234 Qio
453 200 482 226 in
502 207 596 234 genere
617 208 669 226 non
689 200 724 226 est
742 196 939 225 incommodum
959 196 1036 230 <pinse
1053 198 1135 230 quod-

107 245 158 270 que
170 244 263 262 corum
276 235 320 268 tit,
338 244 369 262 ex
382 236 439 261 aliis
452 234 583 261 iudicare:
618 242 646 261 vt
665 235 682 261 11
700 233 763 268 qnid
781 232 901 261 dedeceat
922 232 949 257 in
970 232 1047 262 illos,
1068 233 1133 258 vite-

105 280 163 298 mus
182 271 237 305 11111.
308 271 334 297 Si
353 279 407 298 non
424 270 533 296 dedecui
547 276 590 296 tua
612 271 672 296 iii-fla
689 270 749 295 Stat.
763 266 854 293 Tlicb.
870 275 907 299 13,
923 275 976 299 334.
1012 267 1069 293 Hoc
1089 268 1135 300 est,

105 306 125 333 si
139 306 256 332 monitus
273 312 331 332 tuos
345 315 398 332 non
412 306 560 331 indecenter
573 305 660 332 effeci:
679 303 696 329 11
709 312 762 328 non
775 302 943 328 dehonestaui
955 301 1070 328 Laetam.

143 347 212 368 DED
224 338 263 368 ἧς
274 348 325 372 VS,
347 341 410 367 oris.
427 351 452 366 n.
491 340 550 373 [021³
566 341 603 369 2711„
617 360 624 372 ‚
641 338 772 371 εἰκασμία]
816 339 962 373 Ignominia.
995 337 1052 363 Vici.
1077 344 1132 364 DE·
1158 342 1173 368 ς

106 383 173 404 cvs
198 379 228 402 it.
254 383 349 402 Duco
359 383 386 402 R.
425 375 503 402 Nihil
523 378 559 401 vu
570 376 607 402 eri
627 373 699 399 decet
718 373 791 406 peius
804 372 931 398 dedecore
948 373 1004 398 Cic.
1019 373 1101 399 Tusc.
1116 382 1132 399 2

107 421 128 438 c.
142 419 163 443 5.
220 411 292 437 Idem
303 412 385 437 Tusc.
400 419 421 440 2,
438 420 467 444 14
505 418 534 438 Α.
554 410 677 437 Dolorem
700 407 822 434 existimo
837 408 981 433 maximum
1002 409 1131 435 malorum

108 447 238 473 omnium.
277 453 309 473 M.
324 447 442 472 Etiamne
458 447 538 473 maius
550 452 626 479 quam
639 442 766 469 dedecus?
822 442 937 469 Dedecus
951 444 1020 469 vitae
1033 452 1061 469 ac
1077 450 1131 469 tur-

104 481 199 516 pitudo
212 482 267 507 Cic.
280 491 329 542 pro
344 481 446 508 Clucnt.
462 491 496 509 12.
563 478 635 505 Idem
649 479 702 504 Att.
717 481 753 508 16,
767 486 784 512 7

106 516 279 578 {lacldd'cbikiilm
322 554 353 578 Et
372 562 418 586 pro
431 553 504 579 Rosc.
518 550 604 575 Amer.
621 551 651 578 68
689 548 790 575 Sumtus
804 548 875 574 0111111
895 558 953 575 cum
974 548 1074 584 probro
1094 556 1130 576 at-

106 596 158 622 que
170 587 304 613 dedecore.
377 588 490 613 Dedecus
503 590 527 611 ct
540 584 650 609 infamia
664 583 764 610 Auftor
776 583 808 610 ad
821 585 918 610 Hercn.
934 593 955 616 3,
967 593 992 616 9.
1048 582 1088 616 Lg'll
1107 591 1130 611 ct

104 629 236 649 extremum
247 622 353 649 huminis
364 623 459 658 perditi
469 622 610 646 conuicium.
637 619 693 644 isid.
707 619 795 645 Barth.
807 619 841 644 acl
853 619 943 646 Claud.
962 628 986 653 p.
1001 623 1041 648 80.
1063 620 1130 646 Edit.

105 661 133 684 in
154 665 206 687 suo.
278 657 456 684 Adulatorium
475 654 583 680 dedecus
608 654 697 680 Tacit.
712 655 779 680 Anu.
798 656 825 687 6,
840 664 877 687 32.
950 656 1016 680 Hor.
1036 655 1085 681 Sat.
1107 664 1131 686 2,

106 702 129 724 2,
143 695 176 725 96
203 692 307 719 Grande
326 694 412 721 serunt
430 699 479 717 vna
502 698 561 715 cum
581 688 676 715 damno
691 689 809 716 dedecus.

104 728 213 760 Ebrius,
226 734 251 754 et
272 734 408 762 (magnum
421 724 491 760 quod
510 724 638 756 dedecus)
654 724 769 751 ambulat
788 731 847 751 ante
865 725 979 752 Noctem
995 734 1053 751 cum
1067 726 1130 752 faci-

105 763 161 790 bus.
236 764 370 789 Parentum
389 761 496 787 dedecus
514 760 621 786 abolere
642 760 687 786 Sil.
704 769 723 792 1,
739 763 775 787 61.
827 760 884 787 Cic.
899 759 931 786 de
949 761 1006 787 Fin.
1020 769 1041 793 3,
1077 782 1083 787 .
1121 781 1129 788 .

104 798 177 832 Quid
198 804 283 825 autem
302 798 354 824 dici
371 802 487 831 poterat,
507 795 525 821 fi
545 795 738 829 turpitudinem
756 805 809 821 non
829 796 909 830 ipsam
928 805 974 830 per
988 797 1011 822 sc
1026 796 1128 830 fugien-

103 833 163 860 dam
178 835 225 860 effe
240 834 407 863 statuerimus,
420 840 473 865 quo
487 832 574 857 minus
587 831 707 857 homiues
727 831 845 857 tenebras
865 836 889 857 et
903 831 1071 857 solitudinem
1087 841 1130 858 na-

104 868 156 902 611,
177 869 249 895 nullo
262 868 385 895 dedecore
399 867 423 892 se
438 866 593 898 abstineant,
604 866 652 892 nili
665 873 710 892 etc.
780 865 926 892 Admittcrc
947 866 1057 893 dedecus
1072 869 1127 894 Cic.
1140 874 1175 892 20

102 905 178 931 Verr.
200 913 220 939 1,
255 923 261 930 .
298 922 303 929 .
374 901 536 936 Concipere,
558 901 610 927 viri.
636 908 794 932 coxcirio.
865 903 1034 936 Coniungere
1053 902 1129 929 dede-

103 949 147 966 cus
160 949 218 966 cum
231 937 341 974 probru,
358 937 412 963 vid.
435 943 617 964 CON1VNGO.
690 937 734 964 Sil.
749 945 766 967 1,
783 938 839 966 108⁴
851 937 968 964 Dedecus
988 937 1015 963 id
1029 939 1128 972 patriae

102 975 188 1002 nostra
196 973 327 1008 Depellere
347 972 446 999 dextra.
516 973 572 998 Cic.
591 972 642 999 Off.
665 981 681 1003 1,
700 980 742 1004 139
781 973 874 1006 Ampla
892 973 984 999 domus
1004 973 1129 1000 dedecori

102 1010 212 1037 domino
224 1010 294 1042 saepe
304 1008 356 1040 Fit,
374 1007 392 1034 11
405 1008 440 1034 est
455 1008 482 1033 in
496 1017 526 1034 ea
545 1008 670 1034 solitudo.
721 1006 794 1033 Idem
807 1008 859 1034 Off.
875 1017 894 1040 1,
908 1017 946 1034 121
962 1018 983 1034 c.
997 1017 1024 1040 33
1053 1010 1129 1043 Opti.

101 1049 241 1077 mssutem
259 1042 388 1069 hereditas
407 1052 421 1070 a
436 1042 554 1077 patribus
567 1043 680 1069 traditur
700 1042 808 1074 liberis,
826 1044 953 1078 omnique
966 1044 1128 1077 patrimonio
1139 1046 1167 1072 25

102 1080 285 1116 praestantior,
304 1079 390 1112 gloria
412 1079 519 1105 virtutis
537 1087 678 1112 rerumque
697 1078 839 1111 gestarum:
866 1080 909 1105 cui
928 1078 1051 1106 dedecori
1064 1081 1127 1113 Effe,

102 1117 173 1142 nefas
185 1121 210 1141 et
224 1114 320 1140 vitium
333 1113 502 1142 iudicandum
516 1114 560 1141 est.
631 1114 686 1140 Cic.
701 1114 729 1139 in
742 1114 819 1140 Catil.
836 1123 853 1144 1,
868 1123 892 1146 ¹3
917 1116 991 1147 Quae
1005 1120 1067 1142 nota
1080 1115 1127 1142 do-

101 1151 218 1178 mesticae
230 1149 403 1184 turpitudinis
421 1158 475 1175 non
489 1150 572 1176 inusta
589 1149 658 1176 vitae
672 1156 731 1177 tuae
749 1149 802 1175 est?
822 1150 895 1184 quod
913 1151 1075 1183 priuatarum
1087 1160 1128 1178 re.

101 1195 161 1213 rum
173 1184 280 1212 dedecus
293 1194 347 1212 non
361 1186 457 1212 Haeret
470 1185 614 1211 infamiae?
682 1185 838 1218 Imprimere
857 1184 967 1212 dedecus
982 1187 1056 1221 Reip.
1074 1187 1128 1213 vid.

101 1227 194 1248 IMPR
205 1229 212 1246 1
222 1227 282 1247 ΜΟ.
352 1221 409 1247 Cic.
424 1220 455 1247 de
469 1222 525 1247 Fin.
541 1229 561 1252 1,
576 1227 612 1255 47
648 1220 722 1247 Turn
739 1220 766 1245 in
784 1220 892 1247 morbos
909 1230 1014 1254 graues,
1027 1228 1083 1248 tum
1098 1222 1126 1248 in
1137 1230 1168 1254 30

99 1256 206 1288 damna,
220 1262 275 1282 tum
295 1256 323 1282 in
341 1255 466 1282 dedecora
480 1258 628 1283 Incurrunt.
700 1255 801 1282 Infcrre
821 1255 930 1282 dedecus
949 1257 1027 1283 alicui
1044 1257 1127 1284 Ouid.

98 1293 164 1319 Met.
178 1295 204 1324 6,
216 1294 273 1321 608.
343 1292 426 1318 Natus
446 1292 474 1317 in
492 1291 634 1323 dedecore,
655 1290 708 1317 vid.
730 1298 866 1318 NASCOR.
935 1292 1052 1324 Iudicia,
1066 1302 1129 1320 vera

99 1334 176 1362 atque
195 1326 288 1360 insigni
308 1327 471 1361 turpitudine
489 1333 594 1360 notata,
621 1332 699 1360 atque
710 1328 808 1361 Operta
822 1327 949 1354 dedecore
969 1334 994 1354 et
1018 1329 1128 1355 infamia

99 1363 154 1389 Cic.
170 1371 217 1396 pro
231 1363 332 1389 cluent.
346 1365 385 1388 61.
454 1363 541 1389 Perire
563 1371 622 1388 cum
645 1362 792 1396 ignominia
811 1368 836 1389 et
853 1362 977 1389 dedecore
1004 1363 1076 1390 Idem
1095 1364 1126 1391 de

97 1398 189 1424 Diuin.
203 1406 228 1430 2,
242 1405 282 1424 22.
349 1399 399 1424 Pro
419 1398 502 1425 ulsare
517 1397 626 1424 dedecus
645 1398 709 1424 solet
726 1398 812 1424 virtus
832 1397 869 1424 Id.
883 1398 996 1433 Philipp.
1010 1409 1038 1433 4,
1121 1420 1127 1425 .
1140 1408 1167 1434 35

98 1433 156 1459 Suis
169 1434 216 1458 esse
227 1432 343 1459 maculae
355 1439 381 1460 et
415 1433 520 1460 edecori
535 1433 611 1460 Aufr.
627 1432 659 1460 ad
672 1434 769 1459 Hercu.
782 1444 810 1467 4,
826 1441 857 1466 43
870 1443 890 1460 c.
905 1441 941 1466 35.
977 1434 1045 1461 Adri.
1059 1419 1128 1461 ier.

97 1469 194 1495 Heaut.
208 1477 230 1501 2,
246 1477 266 1500 3,
278 1477 317 1501 93.
370 1469 468 1495 Studiis
480 1478 508 1495 ac
526 1469 609 1495 literis
626 1469 748 1495 dedecori
762 1470 809 1495 ess'c
823 1469 876 1495 Cic.
893 1470 946 1495 Att.
960 1474 983 1502 8,
999 1479 1030 1495 11.
1083 1471 1128 1496 Su-

97 1504 210 1537 sceptum
225 1505 252 1530 in
271 1504 362 1538 aliquo
379 1505 454 1537 loco,
471 1511 517 1531 aut
535 1514 566 1531 ex
584 1505 676 1538 aliquo
697 1504 756 1530 loco
777 1504 942 1538 deportatum
957 1505 1087 1539 flagitium
1100 1515 1130 1532 ac

625 1540 765 1566 Testatum
784 1540 894 1566 dedecus
917 1540 998 1567 Ouid.
1018 1541 1082 1567 Met.
1103 1550 1129 1573 2,

804 479 873 512 Ergo
887 477 914 504 id
927 485 981 504 erat
994 487 1081 505 meum
1094 479 1132 505 sa-

97 1539 207 1566 dedccus
224 1539 297 1565 Idem
315 1548 363 1574 pro
382 1541 500 1569 Muraen.
522 1549 556 1567 12.

138 1593 156 1606 ⁷·

96 1583 213 1637 distulit.
282 1610 405 1637 Volutari
420 1612 447 1637 in
462 1610 588 1637 dedecore
601 1611 657 1636 Cic.
669 1610 702 1636 ad
715 1612 812 1636 Heren.
826 1618 854 1642 4,
869 1618 910 1642 34.

97 1647 172 1672 omni
186 1645 313 1672 dedecore
327 1646 416 1673 Tacit.
431 1646 497 1673 Hist.
512 1654 533 1678 3,
547 1654 570 1679 3,
585 1651 606 1675 8.

133 1687 176 1707 DE
186 1687 204 1706 D
214 1680 256 1707 fic
267 1688 328 1713 OR,
349 1682 413 1708 oris.
449 1681 509 1707 Adi.
547 1681 643 1706 Auson.
658 1679 734 1714 Epist.
749 1688 775 1712 9,
789 1687 802 1712 5
826 1681 900 1712 Qiae
919 1679 1016 1704 viridis
1028 1680 1128 1704 muscus

96 1724 164 1750 quae
177 1715 294 1775 (10111οΕοἒ
301 1717 357 1750 alga
370 1717 499 1743 recondit.
536 1715 636 1742 Sallust.
648 1716 750 1747 Fragm.
765 1723 787 1738 c.
802 1722 830 1746 17
849 1723 878 1738 ex
890 1713 1012 1738 Priscian.
1028 1722 1052 1746 p.
1068 1715 1129 1745 699.

97 1758 120 1776 ει
135 1751 196 1776 Stat.
212 1751 222 1757 ⁷
262 1759 275 1775 e
296 1770 302 1776 .
316 1760 338 1776 11
381 1754 423 1777 60.

130 1790 148 1809 D
159 1791 176 1810 F.
184 1789 203 1808 D
212 1790 228 1808 Ε
237 1790 253 1809 C
263 1785 282 1809 6
290 1791 309 1809 R
318 1759 379 1815 v’sz
399 1794 429 1815 a,
447 1793 500 1809 um.
538 1782 599 1808 Adi.
636 1780 756 1813 [86⁷4qu
775 1780 883 1815 αἰχρός]
919 1780 1009 1807 Tacit.
1024 1782 1092 1807 Ann.
1106 1791 1130 1814 3,

94 1827 134 1852 32,
149 1827 164 1844 2
183 1818 250 1844 Sext.
258 1819 396 1851 Pompeius
404 1819 441 1844 M.
450 1816 596 1851 Lepidum,
609 1823 637 1842 vt
652 1816 797 1848 socordem,
811 1817 928 1849 inopem,
942 1822 967 1842 et
981 1816 1129 1843 maioribus

93 1853 250 1880 dedecorum
258 1873 268 1885 ,
280 1861 365 1888 eoque
375 1853 455 1880 etiam
466 1854 535 1879 sorte
549 1852 621 1879 Atiae
635 1851 820 1887 depellendum
830 1851 971 1878 incusauit.
1007 1852 1076 1879 Add.
1091 1853 1129 1879 Id.

94 1890 160 1915 Ann.
177 1896 213 1920 12,
226 1896 272 1922 47,
287 1899 314 1923 4.

132 1931 150 1951 D
160 1931 175 1951 ε
185 1930 202 1949 1)
211 1931 228 1950 13
237 1930 253 1949 c
264 1921 308 1951 511
319 1930 338 1951 o
347 1943 355 1956 ,
373 1927 424 1950 are.
461 1923 619 1959 [ἀτιμάζῃ.

94 1966 120 1987 et
134 1959 264 1986 familiam
277 1959 434 1986 dedecoras?
470 1960 510 1986 Sic
525 1959 580 1986 Cic.
595 1959 647 1988 Off.
662 1968 685 1991 3,
697 1960 721 1985 6.

93 1995 257 2022 Dedecorant
276 1994 342 2021 bene
354 2001 414 2021 nata
427 1994 518 2029 culpae
543 1996 611 2021 Hor.
631 1994 682 2021 Od.
696 2003 725 2027 4,
738 2001 767 2027 4,
779 1995 818 2026 36.

94 2033 147 2059 Aut
159 2031 254 2057 facicm
271 2031 342 2064 turpi
357 2029 514 2056 dedecorare
527 2030 605 2056 boue.
932 2051 934 2054 ,

129 2073 147 2096 D
156 2073 172 2092 E
181 2073 199 2091 D
208 2073 224 2092 E
234 2072 251 2092 c
262 2064 281 2093 ὁ
290 2072 338 2092 RA
346 2072 368 2091 N
376 2072 388 2092 s
397 2085 405 2097 ‚
424 2065 501 2091 antis.
536 2065 607 2092 Parti
667 2063 832 2125 [x'rassqogg'ngr]
869 2064 926 2099 Cic.
940 2064 992 2091 Off.
1006 2073 1029 2097 3,
1042 2066 1059 2090 6
1077 2073 1099 2091 c.
1114 2073 1128 2091 2

647 2105 672 2125 et
686 2108 755 2133 magi
780 2109 811 2126 ri.

132 2143 151 2163 D
160 2144 175 2163 E
185 2143 202 2162 D
211 2143 227 2163 E
236 2143 252 2163 c
261 2143 279 2163 0
287 2143 306 2163 R
315 2143 338 2163 A
346 2142 368 2162 'r
377 2142 398 2161 v
408 2143 421 2164 s
429 2155 438 2168 ‚
452 2144 466 2162 a
473 2155 482 2168 ,
495 2145 549 2163 um.
586 2135 677 2162 Partic.
714 2134 912 2168 [ἠτιμωμένος]
949 2135 1127 2170 Tranquillus

94 2173 123 2198 in
137 2173 236 2200 Neron.
251 2181 273 2198 c.
288 2173 319 2203 36
338 2171 481 2205 Tanquam
488 2171 565 2198 aliter
578 2171 621 2198 illi
633 2179 687 2197 non
700 2169 801 2204 poffint,
814 2169 862 2196 nisi
877 2175 963 2197 morte
977 2171 1127 2197 succurrere

92 2207 250 2269 ‘gledet-{OEato
264 2207 370 2241 flagitiis
383 2206 516 2234 omnibus.
588 2206 761 2242 Sputamentis
776 2205 946 2233 dedecoratus
962 2205 1080 2233 Tertull.
1095 2205 1127 2232 de

111 2251 158 2277 pet.
170 2262 176 2268 .
190 2252 211 2268 c.
225 2251 264 2275 30.

981 1610 1129 1636 Maculosus

1140 1752 1174 1779 43

649 1924 716 1950 Ter.
732 1923 796 1949 Hec.
816 1931 841 1955 2,
854 1931 872 1953 1,
886 1931 910 1954 13
925 1923 969 1949 .Et
981 1931 1023 1949 me
1032 1943 1040 1955 ‚
1053 1927 1079 1949 et
1092 1929 1128 1956 te,
1140 1932 1171 1957 50

773 1959 803 1984 Se
820 1958 929 1992 flagitiis
948 1957 1007 1984 Sall.
1019 1959 1076 1993 lug.
1091 1964 1128 1992 85.

873 1994 990 2028 Propert.
1011 2002 1035 2026 3,
1048 2003 1084 2027 21,
1096 1996 1128 2026 36

127 2284 146 2303 D
155 2285 171 2304 E
179 2284 198 2303 D
207 2285 223 2304 E
233 2283 250 2304 c
261 2285 280 2305 o
289 2285 308 2304 R
317 2278 337 2305 6
345 2283 386 2303 sv
394 2285 407 2304 s
415 2297 423 2310 ,
443 2286 457 2304 a
466 2297 473 2309 ,
492 2286 546 2304 um.
566 2276 626 2303 Adi.
663 2277 746 2304 Iulius
759 2276 888 2303 Firmicus
899 2285 922 2309 3,
936 2281 949 2307 8
978 2276 1128 2304 Dedecoro-
1140 2277 1175 2302 60

94 2313 124 2340 fis
137 2313 272 2340 hominem
292 2312 488 2345 valetudinibus
506 2312 663 2347 implicabit.
735 2313 794 2339 Nex
809 2311 967 2339 dedecorosa
979 2312 1076 2339 Vic‘ior
1098 2313 1128 2339 in

92 2349 204 2376 Dioclct.
239 2348 305 2375 Add.
327 2349 438 2375 Saluian.
451 2349 483 2375 de
497 2349 566 2375 Gub.
580 2349 612 2375 D.
627 2351 644 2374 6
665 2357 690 2383 p.
706 2357 762 2380 209.
777 2355 800 2374 et
812 2356 828 2383 7
840 2357 864 2383 p.
879 2355 933 2382 271.

127 2391 146 2411 D
155 2392 170 2411 E
181 2390 247 2411 DEC
256 2392 275 2412 ο
284 2384 331 2410 Ro
341 2391 353 2410 s
362 2391 387 2411 Ε.
418 2384 485 2411 Adu.
523 2384 598 2411 Idem.
635 2384 798 2411 Dedecorose
817 2384 889 2416 vixi,
905 2384 1007 2418 turpius
1021 2391 1127 2417 peream

92 2421 168 2448 Nero
182 2419 249 2454 apud
263 2419 365 2445 Vieior.
531 2443 534 2448 ,
845 2428 847 2431 ’

130 2462 148 2481 D
158 2463 175 2482 E
184 2462 202 2481 D
211 2462 227 2482 E
237 2462 253 2481 c
263 2462 282 2481 ο
292 2462 339 2481 RA
349 2462 370 2481 ‘r
379 2462 388 2480 1
398 2461 417 2481 o
432 2474 440 2486 ,
464 2454 530 2480 anis.
560 2454 580 2480 f.
616 2454 734 2481 Tertull.
760 2454 860 2481 aduers.
884 2455 964 2481 Marc.
987 2461 1009 2487 5,
1029 2460 1042 2486 5
1062 2460 1126 2481 extr.
1138 2455 1169 2488 65

91 2491 184 2517 Carnis
197 2491 249 2517 iam
262 2489 436 2517 erubestentis
449 2490 626 2517 dedecoratio.
664 2492 693 2516 Et
711 2490 744 2516 de
757 2491 854 2516 Anima
869 2490 908 2516 Id.
925 2499 947 2515 c.
964 2498 1004 2522 34.

126 2533 144 2552 D
154 2533 169 2552 Ε
179 2532 197 2551 D
206 2533 222 2552 E
230 2533 246 2553 C
255 2532 274 2553 O
282 2533 301 2552 R
309 2533 330 2552 Α
339 2532 363 2551 Μ
372 2532 387 2552 Ε
397 2532 419 2551 N
429 2531 450 2551 T
458 2532 479 2551 V
487 2532 522 2558 M,
537 2526 556 2552 i.
569 2535 594 2551 n.
617 2525 708 2552 Ifidor.
717 2534 775 2558 2,21
794 2526 974 2552 Adolescentia
987 2524 1127 2551 senectutis

92 2561 336 2588 dedecoramentum
349 2561 410 2587 fuit.

126 2602 276 2624 DEDI-:CO
288 2596 440 2627 RXTOR,
457 2596 520 2623 oris.
542 2606 576 2623 m.

92 2631 211 2657 deorum.

128 2663 286 2696 Drnico,
313 2669 366 2690 are.
401 2664 544 2696 [Dedit-at,
564 2665 686 2696 καθοσιοῖ,
705 2666 811 2699 miffar,
837 2665 934 2698 dom-mr
951 2666 1009 2690 Ver.
1024 2664 1125 2697 Gloffi]

91 2700 159 2728 Idem
178 2700 241 2736 quod
257 2700 348 2730 dicare,
382 2699 442 2724 Liu.
458 2708 478 2732 1,
492 2707 519 2725 21
543 2699 628 2724 Multa
646 2699 698 2726 alia
714 2700 854 2732 sacrificia,
868 2700 979 2733 locaque
999 2699 1076 2724 sacris
1088 2699 1127 2724 fa-

89 2736 205 2767 ciendis,
219 2744 286 2769 quae
305 2736 402 2769 Argeos
416 2734 551 2759 Pontifices
570 2733 824 2764 vocant,dedicauit.
881 2735 937 2761 Cic.
945 2733 976 2759 de
985 2734 1063 2767 Legg.
1077 2742 1096 2764 1,
1110 2741 1123 2763 3

90 2771 147 2798 Post
167 2771 292 2797 excelsum
310 2771 383 2796 suum
400 2768 525 2797 Romulus
539 2768 651 2794 Proculo
673 2769 743 2794 Iulio
762 2769 859 2795 dixerit
879 2770 904 2794 se
924 2767 1001 2793 deum
1014 2768 1078 2799 effe,
1098 2772 1122 2792 et

91 2806 237 2841 Qnirinum
249 2806 354 2835 vocari,
375 2804 553 2838 templumque
572 2803 619 2829 sibi
640 2802 756 2829 dedicari
769 2804 797 2829 in
810 2811 842 2829 eo
856 2803 916 2829 Ioco
930 2802 1038 2829 iusserit.
1074 2802 1123 2828 De·
1134 2806 1165 2835 75

91 2842 192 2873 dicare,
205 2843 287 2876 inquit
304 2839 405 2871 Festus,
420 2840 526 2873 proprie
545 2838 580 2865 est
595 2838 706 2865 dicendo
720 2838 831 2865 deferre.
881 2837 962 2864 Refte.
983 2838 1122 2865 Africanus

90 2874 156 2912 apud
166 2876 234 2903 Gell.
249 2883 275 2910 7,
291 2884 313 2901 11
348 2876 378 2901 In
396 2883 449 2901 vno
467 2876 552 2900 scorto
571 2875 700 2900 maiorem
721 2875 857 2908 pecuniam
871 2873 1030 2906 absumsisti,
1044 2882 1124 2908 quam

91 2914 183 2948 quanti
199 2920 277 2938 omne
295 2910 496 2937 instrumentum
514 2909 591 2936 fundi
602 2909 690 2936 Sabini
711 2909 738 2935 in
755 2911 831 2935 censu
851 2909 1013 2935 dedicauisti.
1064 2909 1121 2935 Cic.

109 2957 139 2975 ro
153 2948 244 2974 Flacco
257 2956 279 2972 c.
293 2955 323 2978 32
342 2946 382 2972 Ad
402 2946 463 2972 haec
484 2945 588 2980 praedia
607 2945 685 2971 ctiam
698 2945 726 2971 iu
740 2946 815 2971 censu
836 2944 1008 2977 dedicauiffi,
1024 2948 1041 2970 i.
1062 2952 1122 2979 pro-

83 2983 165 3020 fessus
183 2993 215 3009 es.
239 2981 295 3009 vid.
315 2983 402 3008 Graan.
437 2982 560 3007 Caeterum
585 2980 734 3006 domnedium
754 2982 820 3007 velut
839 2983 969 3016 proprium
987 2980 1057 3006 habet
1077 2980 1122 3006 hoc
1131 2985 1164 3011 80

89 3013 186 3046 vc'rbum
202 3021 230 3044 in
243 3021 286 3050 iis,
299 3026 358 3052 quae
364 3017 477 3053 sollemni
488 3019 541 3043 ritu
554 3022 577 3041 et
591 3019 713 3051 concePtis
730 3016 812 3042 verbis
830 3016 884 3052 vfizi
894 3016 1040 3051 praffertim
1048 3015 1122 3051 fizcro

89 3054 249 3090 affignantur.
304 3054 384 3079 Locus
401 3053 478 3078 veluti
496 3051 606 3086 clafficus
624 3050 656 3084 eli
676 3052 731 3078 Cic.
748 3061 796 3085 pro
810 3052 898 3078 Domo
912 3052 955 3078 sua
973 3051 1005 3078 ad
1023 3051 1120 3077 Pontis.

85 3085 231 3126 p'raefirtim
245 3097 260 3115 a
272 3091 351 3123 eapite
363 3087 419 3114 inde
433 3097 473 3122 42.
508 3087 579 3122 Coris.
591 3087 623 3114 ad
635 3088 687 3113 Att.
700 3096 726 3119 4,
740 3096 763 3113 2.
798 3089 835 3113 De
847 3087 997 3113 dedicatione
1005 3087 1123 3122 Capitolii

91 3125 150 3152 Liu.
165 3134 190 3156 2,
204 3130 226 3155 8.
263 3124 388 3150 Formular
403 3125 496 3158 aliquot
513 3122 644 3149 dedicandi
657 3125 683 3148 in
701 3126 813 3158 antiquis
830 3123 921 3149 tabulis
934 3123 1049 3158 seruatas
1062 3129 1122 3157 pro-

91 3161 149 3186 tulit
162 3158 271 3192 ,Briffom
294 3159 322 3185 de
338 3159 419 3194 form.
435 3167 454 3190 1,
468 3167 516 3193 194
536 3168 560 3193 p.
576 3167 624 3192 104
645 3161 672 3183 in
712 3158 781 3184 uibus
802 3156 865 3190 ista:
903 3158 1001 3192 Iupiter
1019 3159 1119 3192 optime
1132 3161 1161 3190 85

93 3195 221 3227 Maxime,
240 3193 344 3229 quando
358 3194 409 3220 tibi
428 3193 508 3220 hodie
520 3193 586 3220 hanc
603 3202 674 3220 arani
686 3167 755 3220 dqabo
773 3193 953 3228 dedicaboque
966 3194 1006 3220 his
1018 3193 1121 3227 legibus

95 3228 183 3263 hisque
195 3229 349 3264 regionibus
362 3229 431 3256 dabo
445 3229 634 3263 dedicaboque,
641 3238 703 3264 quas
718 3229 761 3255 hic
774 3229 855 3256 hodie
868 3230 953 3263 palam
967 3229 1060 3255 dixero
1074 3231 1120 3255 etc.

94 3264 218 3291 Dedicare
235 3265 423 3291 bibliothecam
442 3265 508 3291 Plin.
524 3265 601 3299 Epist.
617 3274 637 3298 1,
651 3270 673 3295 8.
745 3265 883 3292 Eiusmodi
895 3264 1004 3291 domum
1017 3264 1121 3291 absolu-

95 3304 147 3325 tam
160 3308 237 3333 quum
250 3300 380 3327 dedicaret
391 3301 459 3327 Suet.
471 3301 538 3327 Ner.
552 3309 572 3325 c.
586 3308 622 3333 35.
691 3300 818 3326 Asconius
831 3309 952 3327 enarrans
962 3300 1119 3330 *orationem

95 3340 185 3360 contra
196 3335 327 3368 Pisonem,
345 3337 411 3362 Ante
431 3344 524 3371 paucos
543 3335 616 3368 dies,
629 3338 727 3371 inquit,
741 3345 819 3370 quam
832 3337 879 3362 Cn.
894 3337 1030 3370 Pompeius
1042 3335 1119 3361 ludos
1129 3344 1166 3370 90

93 3370 200 3401 faceret,
213 3369 304 3402 quibus
317 3371 447 3398 theatrum
459 3381 474 3397 a
485 3372 510 3397 se
523 3371 623 3398 saelum
630 3371 770 3398 dedicauit.
805 3371 872 3398 Add.
886 3371 956 3398 Suet.
965 3372 1040 3406 Vesp.
1050 3380 1071 3397 c.
1081 3379 1118 3403 19.

94 3406 166 3439 Opus
187 3403 316 3438 publicum
335 3406 454 3434 dedicare
470 3406 537 3433 Plin.
552 3407 629 3441 Epist.
645 3415 683 3439 10,
698 3414 748 3441 117.
783 3408 814 3433 Et
832 3406 969 3434 huiusmodi
980 3407 1039 3443 fere
1055 3408 1120 3433 locu-

92 3443 172 3467 tiones
187 3439 250 3465 idem
261 3445 334 3473 paene
344 3444 441 3474 valent,
461 3451 490 3468 ac
504 3442 572 3477 usum
589 3443 693 3468 alicuius
706 3445 743 3468 rei
754 3451 807 3468 cum
820 3441 963 3478 festiuitate
983 3444 1066 3478 aliqua
1078 3452 1119 3468 au-

87 3475 194 3512 spicari.
266 3474 361 3501 Aedem
371 3478 450 3504 alicui
471 3477 591 3504 dedicare
608 3477 663 3504 Cic.
679 3477 710 3503 de
723 3478 785 3504 Nat.
800 3479 880 3504 Deor.
892 3487 914 3511 3,
929 3487 962 3510 13.
1032 3478 1118 3509 Smyr-

93 3511 153 3537 naei
172 3509 310 3549 delubrum
323 3511 438 3539 Homero
454 3513 642 3540 dedicauerunt
655 3513 727 3539 Idem
741 3522 790 3547 pro
803 3513 881 3540 Arch.
897 3522 924 3546 19
940 3523 961 3540 c.
976 3519 997 3544 8.
1068 3514 1118 3539 De·
1129 3522 1161 3548 93

94 3546 183 3572 dicaui
200 3544 251 3571 tibi
272 3545 317 3570 hos
339 3545 440 3574 libellos
464 3548 528 3575 Plin.
545 3549 607 3575 Nat.
619 3549 687 3575 Hist.
701 3549 783 3583 praef.
853 3550 909 3575 Cic.
927 3558 976 3584 pro
990 3550 1077 3575 Domo
1092 3556 1117 3581 51

93 3582 139 3609 Te
152 3590 236 3607 meam
251 3580 536 3620 domunrconsecrass'e,
553 3589 579 3610 te
592 3584 785 3611 monimentum
799 3584 901 3617 feciss‘e,
917 3585 945 3610 in
961 3585 1027 3610 meis
1046 3583 1116 3610 aedi-

93 3617 142 3644 bus
157 3623 182 3643 te
195 3616 294 3650 fignum
308 3615 439 3642 dedlcc'iffe·
506 3619 679 3646 Simulacrum
692 3625 736 3646 aut
754 3628 825 3646 aram
838 3620 958 3646 dedicare
982 3620 1054 3646 Idem
1068 3628 1117 3654 pro

93 3654 180 3680 Domo
200 3660 248 3678 121·
318 3650 454 3691 Marcellu?
471 3652 490 3679 11
504 3654 634 3686 Syracusas
652 3655 770 3690 cepisset,
788 3656 841 3682 duo
861 3656 957 3690 templa
975 3656 1000 3681 se
1017 3656 1115 3681 Romae

92 3688 273 3715 dedicaturum
292 3693 401 3714 vouerat
418 3687 473 3712 Cic.
486 3689 561 3717 Verr.
575 3699 596 3721 2,
611 3699 658 3723 123.

91 3723 229 3750 numinibus
243 3725 372 3756 exponitur
384 3731 398 3747 a
412 3721 514 3748 Barthio
532 3725 563 3750 ad
576 3725 667 3753 Theb,
677 3726 738 3753 Stat,
752 3734 767 3752 2
782 3736 806 3760 p,
821 3729 880 3760 648,
916 3727 985 3752 Dare
998 3735 1026 3751 ac
1039 3725 1117 3752 Dedi-

92 3768 149 3785 care
161 3758 221 3793 quid
233 3757 370 3790 differant,
389 3757 440 3782 vid.
450 3759 532 3783 Periz.
544 3760 674 3795 Animadu.
688 3770 709 3788 c.
721 3769 738 3796 7
749 3771 774 3796 p.
782 3769 841 3796 307,
855 3771 890 3794 19.
994 3759 1015 3799 ff
1029 3770 1045 3787 2
1068 3762 1118 3787 De-

92 3794 177 3820 dicare
189 3793 224 3820 est
237 3794 344 3819 Dicere:
362 3792 453 3818 Accius
469 3791 651 3828 AlPhefiboea‚
686 3798 720 3823 At
738 3806 834 3824 vereor
852 3806 934 3832 quum
954 3802 979 3824 te
996 3798 1044 3823 esse
1058 3797 1117 3823 Alc-

92 3826 326 3856 niaeonis'fratrem
346 3828 422 3854 faffis
442 3828 550 3854 dedicat.
586 3829 688 3860 Caelius
702 3830 768 3858 Ann.
783 3832 829 3859 lib.
843 3842 853 3859 1
874 3833 965 3868 Legati
979 3842 1033 3867 quo
1050 3831 1116 3859 missi

90 3865 164 3897 sunt,
176 3865 300 3899 veniunt,
314 3863 434 3891 dedicant
451 3862 577 3891 mandata.
615 3866 680 3893 Haec
692 3867 798 3895 Nonius
811 3877 840 3902 4,
855 3877 898 3895 121.

613 2595 731 2623 Tei-tull.
748 2596 826 2630 Apol.
846 2606 867 2622 c.
882 2604 913 2629 14
947 2595 1126 2621 Dedecorator

1189 1151 1275 1183 τιμᾷν.

1190 1363 1308 1389 dicatiua
1326 1362 1472 1397 propositio
1489 1363 1566 1397 Apul.
1586 1363 1680 1396 Dogm.
1700 1361 1763 1388 Plat.
1783 1370 1795 1393 3
1814 1371 1838 1395 p.
1852 1370 1883 1394 30
1903 1364 1956 1397 sqq.

227 1573 300 1601 Idem
321 1575 386 1602 Fast.
405 1583 428 1608 5,
444 1581 490 1608 589
522 1576 569 1602 Ille
588 1581 661 1601 notas
680 1581 779 1601 veteres
799 1581 825 1601 et
843 1575 918 1608 longi
934 1574 1046 1601 dedecus
1068 1577 1128 1601 aeui
1141 1584 1178 1607 40

1139 2109 1210 2136 551³

1138 2636 1174 2664 70

989 3866 1009 3906 ff
1023 3877 1035 3900 3
1057 3870 1116 3896 Non
1130 3876 1172 3903 105
1180 3871 1210 3897 In
1222 3869 1359 3904 pistrinum
1368 3887 1375 3898 ‚
1389 3867 1469 3901 vsque
1483 3864 1515 3893 ad
1523 3864 1624 3892 Necem
1637 3863 1730 3894 dedere
1741 3863 1808 3892 Ter.
1827 3863 1907 3891 Andr.
1921 3873 1942 3898 1,
1956 3872 1981 3897 2,
1995 3871 2037 3899 27.

1601 111 1637 150 D
1727 111 1759 151 E
1850 113 1886 151 D
2191 127 2234 168 38

1198 207 1256 225 raro
1275 197 1310 224 ad
1326 200 1377 224 alia
1395 199 1515 235 eleganter
1535 198 1706 234 transflrtur,
1727 207 1785 235 quae
1803 203 2041 235 1'izcepta,initiata,
2055 204 2182 239 auspicata
2196 206 2233 232 di<

1200 243 1253 260 cere
1267 235 1367 260 volum:
1406 235 1429 260 S.
1445 236 1555 261 Hieron.
1571 234 1648 269 Epist.
1662 244 1678 267 9
1691 235 1724 260 ad
1735 236 1833 261 Saluin.
1849 237 1880 262 dc
1889 238 2036 269 Viduitate,
2062 241 2117 273 Qii
2132 241 2232 274 primus

1200 269 1233 295 ab
1247 268 1378 303 Apostolis
1397 268 1537 302 baptisatus
1555 270 1661 296 salutem
1680 271 1796 304 gentium
1816 271 1955 299 dedicauit.
1992 274 2058 300 smil.
2079 275 2116 301 ld.
2134 278 2178 311 lsp.
2195 286 2231 312 17.

1199 305 1241 330 Sic
1254 305 1411 336 Martyrium
1431 305 1554 331 dedicasse
1573 305 1728 340 Stephanum
1740 306 1834 341 scribit
1842 307 2071 344 Pctr.Chrys‹›log.
2086 311 2166 338 Seru».
2183 322 2229 345 133.

1200 341 1236 365 De
1254 343 1324 366 nouis
1342 339 1411 365 rebus
1428 339 1486 374 usur
1504 339 1536 373 est
1555 341 1717 367 Tertulliau.
1738 348 1780 371 ut,
1794 341 1825 367 de
1844 343 1943 368 Poenit.
1965 353 1985 368 c.
2011 355 2018 369 1
2055 347 2121 371 (Nun
2142 344 2231 375 rursus

1199 375 1270 400 suam
1285 374 1493 401 misericordiam
1507 377 1683 403 maturauiss'et
1698 382 1704 404 (
1718 377 1805 408 Deus)
1820 377 1871 403 iani
1887 377 1947 404 inde
1968 388 1995 403 iu
2009 381 2086 407 semet
2099 383 2154 416 ipso
2170 393 2231 417 poe-

1200 410 1338 436 nitentiam
1357 409 1498 436 dedicauit.
1535 412 1605 446 Conf.
1620 412 1657 438 Id.
1671 411 1730 438 adu.
1744 412 1825 438 Marc.
1838 421 1857 439 1.
1887 412 2020 440 indicare
2041 422 2126 449 togam
2148 419 2175 444 in
2189 420 2229 446 fu-

1198 454 1261 477 nus,
1282 445 1311 471 id
1327 443 1376 478 cst,
1395 451 1476 481 togam
1495 448 1522 470 in
1541 446 1568 471 id
1585 447 1659 479 clarc,
1679 453 1707 473 vt
1727 455 1753 472 ca
1773 454 1882 473 mortuus
1900 449 2055 480 sanzoluacur,
2073 453 2139 478 dra-st
2157 456 2228 481 Paul.

1198 481 1253 507 ICt.
1268 481 1284 506 1.
1300 489 1327 513 19
1341 480 1367 506 ff.
1393 480 1424 506 de
1442 481 1470 508 in
1492 489 1547 506 rem
1562 483 1645 508 verso.
1835 492 1852 515 4
1889 483 2014 509 Duker:
2030 486 2096 519 apis!
2109 489 2229 516 Dfflssfs'ys.

307 517 402 543 Catoni
422 518 530 551 probare
547 522 601 539 non
623 513 736 546 possum,
754 513 848 547 flagitii
865 513 961 540 scilicet
981 514 1086 548 plenum
1106 520 1132 540 ct
1160 522 1189 540 10
1197 516 1286 554 corest
1299 514 1430 555 affirmare.
1467 515 1544 555 Apul.
1558 515 1590 541 de
1603 517 1684 543 habit.
1700 516 1784 543 dofikr.
1805 518 1866 543 l'lat.
1889 527 1899 549 3
1920 528 1942 552 p.
1958 528 1997 550 30,
2017 528 2029 552 5
2058 522 2133 548 Aliae
2151 525 2228 559 (pro.

1191 551 1346 585 positiones)
1365 550 1526 577 dedicatiuae
1545 551 1618 583 sunt,
1639 551 1708 586 quod
1730 551 1849 579 dedicant
1868 553 1969 588 aliquid
1988 554 2020 580 dc
2034 558 2173 591 quopiam,
2191 567 2228 593 vt,

1198 586 1287 612 Virtus
1300 585 1398 612 bonum
1416 586 1466 612 est:
1494 585 1604 613 Dedicat
1618 587 1688 613 cuim
1703 587 1796 614 virtuti
1809 588 1885 614 iness‘e
1900 589 2053 616 bonitatem.

1217 656 1222 660 ι
1235 627 1252 646 1)
1264 628 1279 647 Ε
1289 627 1306 646 D
1316 629 1324 647 1
1334 626 1352 647 C
1362 621 1383 647 Ᾱ
1393 627 1413 646 Τ
1423 629 1442 647 v
1452 629 1464 647 s
1474 630 1510 660 ,a
1519 641 1526 651 ,
1540 630 1592 647 um.
1614 623 1705 648 Partic.
1742 622 1916 658 [οἰφιερωθείς]
1952 626 2066 651 Martial.
2085 636 2112 660 4,
2132 637 2162 658 30
2197 630 2228 655 Et

1198 657 1277 690 pisces
1291 665 1415 682 venerare
1429 656 1571 683 dedicatos.
1641 657 1820 693 cic.‹{e1.egg.
1835 666 1893 698 1‚59
1911 669 1932 684 c.
1942 669 1968 686 22
1990 660 2059 700 Nam
2074 662 2121 695 qui
2136 664 2160 689 sc
2174 664 2228 698 ipse

879 689 951 716 Idem
964 690 1014 716 Sat.
1030 699 1050 722 1,
1064 699 1089 722 4,
1104 699 1128 721 51
1161 695 1187 722 15
1197 692 1287 723 norit,
1308 691 1423 726 primum
1443 691 1545 725 aliquid
1566 693 1591 718 sc
1611 692 1707 719 habere
1727 693 1818 720 l‘cntiet
1836 694 1974 726 diuinum,
2002 698 2135 730 ingenium
2154 699 2182 725 in
2203 701 2229 726 se

1196 728 1270 752 suum
1290 726 1352 752 sicut
1371 726 1533 753 simulacrum
1552 727 1660 762 aliquod
1680 728 1826 755 dedicatum
1844 729 1954 763 putabit.
2028 733 2104 765 Apul.
2120 734 2190 761 Flor.
2205 745 2228 769 p.

1196 764 1250 794 361,
1263 770 1295 794 34
1324 762 1385 788 Eius
1398 761 1441 788 dei
1456 762 1581 793 hymnum
1618 779 1661 783 —
1697 763 1775 789 vobis
1789 765 1820 790 tic
1834 773 1938 797 canam,
1953 765 2005 791 iam
2019 766 2059 792 illi
2073 777 2086 793 a
2102 777 2142 794 me
2157 770 2228 796 dedi-

1195 804 1290 823 catum.
1362 798 1476 829 Mentis,
1490 797 1610 831 pietatis,
1623 798 1685 824 sidci
1699 799 1793 832 templa
1802 799 1905 832 publice
1913 800 2031 827 dedicata
2039 803 2093 828 Cic.
2109 806 2224 840 chegg.

1195 841 1221 865 2,
1235 838 1271 862 28.
1307 831 1379 858 Idem
1399 832 1430 859 de
1444 833 1507 859 Nat.
1520 833 1597 859 Deor.
1611 842 1633 865 3,
1649 842 1672 865 13
1688 843 1708 859 c.
1724 840 1745 865 5.
1817 834 1935 862 Dedicati
1954 839 2026 862 ctiam
2044 837 2160 866 dimmmr
2179 841 2228 871 dii.

1194 877 1294 902 quorum
1317 867 1451 901 simulacra
1470 867 1531 903 sime
1556 869 1589 894 ad
1611 870 1751 904 religionem
1773 869 1926 903 conficrata:
1962 873 2029 898 Hor.
2054 873 2103 900 Od.
2123 883 2143 907 t,
2162 885 2195 908 31,
2218 886 2228 903 1

1193 902 1269 936 Quid
1282 903 1436 930 Dedicatum
1451 904 1532 937 poscit
1544 903 1694 938 Apollinem
1710 904 1796 929 Vates.
2081 920 2083 923 -

1228 944 1343 964 DEDIC
1354 946 1374 965 A
1386 945 1474 970 TIO,
1490 939 1555 965 ouis.
1571 939 1591 964 f.
1611 939 1730 965 Vcrbale.
1751 938 1927 974 [καθιέρωσις]
1948 940 2004 966 Cic.
2019 951 2067 975 pro
2083 944 2170 972 Domo
2185 955 2227 979 103

1194 982 1216 999 e.
1227 975 1267 1006 '46
1287 969 1344 1000 Nili
1362 983 1440 1009 quem
1460 974 1530 1000 forte
1547 974 1618 1000 illius
1637 973 1763 1000 castiffimi
1781 973 1921 1000 sacerdotis
1937 976 2111 1008 superstitiosa
2127 980 2230 1008 dedica-

1194 1010 1234 1035 tio
1255 1008 1377 1035 deterret.
1414 1009 1552 1035 Dedicatio
1567 1009 1690 1043 religiosa
1707 1008 1779 1035 Idem
1797 1008 1863 1035 ibid.
1878 1017 1925 1035 121.
1943 1018 1995 1036 122.
2032 1013 2142 1046 Populus
2155 1016 2229 1043 dedi.

1194 1045 1324 1070 cationem
1335 1044 1407 1070 aedis
1421 1045 1551 1071 Mercurii
1564 1044 1607 1071 dat
1621 1045 1657 1071 M.
1672 1043 1797 1070 Laetorio
1810 1044 1870 1070 Liu.
1885 1052 1910 1076 2,
1923 1052 1962 1078 27.
2033 1047 2137 1074 Patinae
2156 1051 2228 1078 dedi-

1193 1085 1263 1106 catae
1284 1080 1353 1106 Suet.
1370 1080 1424 1106 Vit.
1441 1089 1478 1113 14.
1515 1079 1642 1112 ArHiides
1660 1077 1765 1114 Sophlfl.
1801 1078 1854 1105 Tib
1870 1081 1916 1112 μέν
1935 1079 1985 1106 νεώς
2004 1085 2051 1107 τοῖς
2067 1083 2127 1109 &ears
2145 1086 2227 1120 πρσσῆ-

1195 1126 1228 1140 κει
1254 1115 1382 1150 καθιερὲν,
1410 1115 1453 1141 nis
1474 1113 1498 1141 d?
1524 1113 1609 1150 ἄνδρας
1630 1113 1674 1140 nis
1701 1115 1835 1147 ἔλλογίμες
1860 1116 1893 1146 τῇ
1923 1116 1967 1141 τῶν
1997 1115 2098 1147 [saczcam
2125 1119 2228 1148 dumezei*

1230 1192 1272 1211 Dr
1283 1192 1300 1211 D
1310 1191 1403 1212 1CAT
1413 1192 1432 1211 v
1442 1191 1471 1218 S,
1493 1185 1532 1212 sis.
1553 1195 1590 1212 m.
1626 1185 1703 1220 Apul.
1717 1184 1789 1215 Flor.
1803 1185 1835 1219 p.'
1845 1187 1900 1217 362,
1915 1192 1932 1220 7
1951 1185 2103 1214 Sermonem
2121 1204 2166 1210 —
2185 1190 2230 1217 de-

1191 1220 1278 1247 dicatu
1296 1221 1459 1254 religiosum.
1844 1239 1846 1242 ,

1229 1262 1273 1283 DE
1282 1263 1301 1283 D
1310 1263 1344 1283 Ic
1353 1258 1405 1282 ᾹΤ
1414 1264 1432 1283 o
1442 1264 1459 1282 R
1470 1277 1478 1289 ,
1500 1256 1561 1283 oris.
1586 1265 1620 1282 m.
1656 1254 1860 1289 Tert1d1.Ap01.
1876 1265 1897 1282 c.
1911 1262 1923 1289 5
1944 1256 2010 1283 Tali
2023 1257 2173 1287 dedicatore
2186 1260 2229 1288 da.

1194 1291 1337 1318 mnationis
1351 1291 1453 1318 nostrae
1473 1292 1551 1319 etiam
1567 1291 1720 1325 gloriamur.

1201 1349 1203 1351 .
1231 1334 1250 1353 D
1258 1334 1275 1354 Ε
1284 1335 1302 1354 D
1312 1335 1321 1354 l
1330 1334 1346 1354 C
1356 1334 1378 1354 A
1387 1333 1406 1352 T
1416 1328 1427 1353 ῑ
1437 1333 1456 1352 ν
1467 1333 1487 1353 V
1496 1335 1518 1358 S,
1533 1336 1556 1359 a,
1571 1336 1623 1353 um.
1648 1326 1708 1353 Adi.
1729 1325 1796 1352 Idem
1804 1326 1874 1361 quod
1885 1328 1957 1363 vulgo
1969 1326 2142 1362 affirmatiuus.
2180 1332 2229 1358 De-

2000 1364 2056 1390 11111.
2085 1371 2104 1391 D
2115 1373 2130 1392 E
2139 1372 2156 1391 n
2166 1374 2174 1392 1
2184 1374 2229 1394 co

1194 1408 1219 1424 n.
1234 1408 1256 1430 3-
1284 1399 1441 1424 Contrarium
1460 1404 1688 1424 nnnicn'rivvs.
1723 1397 1791 1425 Add.
1804 1397 1928 1424 Martian.
1942 1399 2004 1433 Cap.
2020 1408 2038 1431 4
2054 1409 2078 1434 p.
2097 1409 2136 1427 121
2155 1402 2190 1436 sq.

1213 1450 1215 1453 ·
1231 1441 1249 1460 D
1260 1440 1275 1459 E
1287 1440 1349 1460 Dic
1362 1434 1463 1460 ATiv
1473 1441 1499 1460 E.
1533 1433 1602 1459 Adu.
1639 1433 1713 1459 Idem.
1728 1456 1731 1459 .
1750 1433 1873 1459 Μαι-11111.
1894 1434 1982 1467 Capel.
1997 1444 2015 1468 4
2034 1444 2059 1468 p.
2076 1442 2118 1466 128
2150 1437 2228 1464 Dedi-

1195 1470 1278 1495 catino
1298 1469 1504 1500 conclridere‚ii.
1523 1467 1690 1502 Affi'rmatizce.

1234 1511 1252 1530 D
1263 1512 1278 1531 E
1287 1512 1305 1531 D
1316 1511 1356 1531 1G
1365 1512 1386 1531 N
1394 1511 1413 1531 Ο
1423 1511 1442 1530 R
1450 1523 1458 1534 ,
1471 1505 1519 1530 ari.
1539 1505 1604 1537 Dep.
1635 1501 1778 1535 [ᾰπᾱξιόω]
1805 1501 1937 1538 Indignum
1955 1503 2056 1536 babere,
2069 1512 2228 1533 contemnere.

1194 1540 1269 1572 Virg.
1283 1540 1346 1565 Aen.
1362 1548 1389 1571 4,
1404 1541 1448 1569 536
1478 1539 1552 1570 Qios
1566 1546 1614 1571 ego
1633 1538 1689 1563 sum
1706 1538 1783 1563 toties
1797 1537 1851 1563 iam
1866 1537 2004 1571 dedignata
2017 1540 2133 1566 maritos.
2172 1542 2228 1574 Qui

1193 1574 1346 1606 Philippum
1360 1572 1515 1606 dedignatur
1528 1578 1628 1606 patrem
1646 1573 1719 1598 Cui-r.
1735 1574 1761 1603 6,
1778 1581 1811 1603 11,
1824 1580 1860 1603 23.
1932 1573 2013 1599 Praua
2027 1573 2154 1606 ambitio,
2167 1584 2229 1602 con-

1194 1609 1326 1642 cupiscere
1346 1607 1581 1641 honore1n‚,quem
1600 1606 1765 1640 dedigneris3
1798 1606 1951 1640 dedignari,
1966 1616 2044 1641 quem
2065 1611 2230 1644 concupieris

1195 1644 1259 1669 Plin.
1279 1644 1371 1677 Pancg.
1392 1652 1413 1668 c.
1429 1645 1469 1674 63.
1537 1642 1670 1668 Columel.
1690 1650 1715 1673 9,
1732 1649 1754 1673 ς,
1769 1649 1782 1666 2
1819 1642 1909 1675 Aeque
1928 1643 2000 1668 enim
2018 1643 2188 1678 dedignatur,
2209 1646 2229 1672 fi

1194 1678 1282 1703 minus
1295 1687 1359 1712 pure
1373 1677 1462 1704 habita
1475 1676 1526 1709 est,
1544 1685 1572 1703 ac
1587 1677 1603 1702 li
1619 1676 1745 1703 tracietur
1757 1676 1946 1703 fraudulenter.
1980 1680 2018 1705 De
2034 1682 2141 1714 apiariis
2159 1682 2230 1708 collo-

1194 1712 1292 1737 candis.
1383 1712 1464 1739 Ouid.
1483 1720 1514 1738 ex
1535 1712 1608 1738 Pont.
1630 1720 1650 1744 1,
1663 1719 1690 1746 7,
1709 1720 1735 1743 33
1769 1712 1792 1737 1s
1811 1720 1853 1738 me
1872 1721 1918 1739 nec
1949 1714 2087 1746 comitem,
2108 1724 2155 1741 nec
2185 1716 2231 1743 de-

1195 1746 1316 1780 dignatus
1329 1748 1442 1774 amicum
1456 1747 1499 1774 est.
1544 1748 1619 1780 Qiae
1632 1747 1659 1773 in
1672 1746 1750 1773 nobis
1763 1747 1907 1774 eminentia
1920 1753 1992 1775 tanta
2008 1749 2058 1782 est,
2070 1756 2099 1777 vt
2112 1752 2230 1778 animan.

1196 1783 1263 1808 tium
1278 1791 1388 1808 numero
1403 1783 1576 1817 dedignemur
1587 1782 1700 1809 adscribi
1714 1782 1814 1809 Arnob.
1827 1791 1841 1809 2
1859 1792 1883 1817 p.
1898 1791 1938 1816 54.

1231 1823 1249 1842 D
1258 1824 1274 1843 Ε
1284 1823 1301 1842 D
1312 1825 1322 1843 1
1331 1824 1352 1844 G
1361 1824 1382 1842 N
1390 1824 1412 1844 A
1421 1825 1441 1844 T
1452 1825 1498 1850 10,
1512 1819 1580 1844 onis.
1601 1817 1621 1844 f.
1639 1817 1760 1845 Verbale.
1781 1818 1946 1852 [ἅπαξὼσις]
1982 1819 2048 1845 Ρ11η.
2057 1820 2085 1846 111
2096 1821 2189 1855 Paneg.
2203 1827 2230 1852 18

1196 1854 1282 1886 Quam
1296 1853 1438 1887 speciosum
1459 1854 1495 1880 est
1508 1854 1594 1886 enim,
1606 1853 1678 1888 quod
1696 1853 1861 1886 disciplinam
1874 1853 2016 1880 castrorum
2035 1855 2130 1889 lapsam
2145 1858 2229 1883 extin-

1195 1888 1316 1922 &amque
1327 1888 1465 1921 refouisti,
1485 1889 1592 1924 depulso
1606 1889 1703 1923 prioris
1717 1888 1812 1914 taeenti
1832 1889 1917 1920 malo,
1933 1889 2028 1915 inertia
2046 1897 2072 1916 et
2094 1898 2228 1919 contuma-

1194 1924 1245 1955 cia,
1254 1930 1278 1949 et
1293 1923 1479 1957 dedignatione
1490 1924 1608 1958 parendi.
1677 1923 1775 1949 Tacita
1789 1923 1940 1957 dedignatio
1953 1924 2086 1957 Qunenl.
2102 1935 2120 1956 1,
2136 1936 2158 1952 2.

1231 1965 1396 1986 DEDISCO
1409 1978 1418 1991 ,
1437 1960 1488 1991 ici,
1506 1961 1559 1986 ere.
1596 1958 1793 1991 [ἅπαμανθοίνω]
1829 1958 1902 1993 Qud
1931 1958 2065 1985 didicimus
2095 1962 2172 1988 delere
2199 1972 2228 1988 ex

1194 1997 1274 2020 animo
1283 2016 1290 2028 ‚
1311 2001 1334 2020 ct
1348 1994 1489 2030 desuescere.
1525 1995 1581 2021 Cic.
1594 1994 1626 2019 de
1639 1994 1712 2019 Orat.
1726 2001 1748 2024 3,
1762 2001 1790 2024 91
1810 1992 1853 2019 Ob
1866 2001 1976 2027 eamque
1990 1996 2090 2021 causam
2105 1997 2230 2024 iuuentus

1195 2029 1282 2057 nostra
1294 2029 1436 2055 dedisceret
1453 2038 1533 2063 paene
1546 2027 1677 2055 discendo.
1713 2027 1830 2054 Dediscit
1843 2028 1947 2055 animus
1961 2030 2033 2063 sero,
2049 2032 2121 2066 quod
2134 2032 2230 2059 didicit

1195 2065 1240 2091 diu
1255 2064 1424 2090 Sen.Troad.
1437 2073 1462 2090 v.
1476 2066 1514 2095 63.
1549 2063 1687 2096 Laudatur,
1695 2062 1743 2098 sed
1748 2062 1829 2100 fasfh,
1850 2064 1967 2098 Propert.
2005 2085 2011 2091 .
2050 2086 2057 2092 .
2094 2086 2100 2093 .
2155 2068 2230 2095 Tur-

1212 2107 1227 2125 e
1246 2099 1281 2124 est
1300 2099 1427 2125 virtutem
1448 2097 1597 2124 dedidicisse
1615 2098 1709 2125 datam.
1752 2098 1831 2125 Haud
1841 2105 1957 2134 aequum
1977 2100 2055 2132 facit,
2074 2102 2137 2136 qui,
2157 2103 2230 2138 quod

1193 2134 1304 2166 didicit,
1319 2133 1345 2160 id
1360 2132 1469 2160 dediscit
1481 2133 1562 2161 Plaut.
1576 2134 1670 2169 Amph.
1692 2135 1753 2166 2,l2,
1767 2141 1794 2166 55
1814 2134 1949 2161 Dedidicit
1963 2145 2050 2170 pacem
2065 2137 2152 2164 subito
2167 2139 2231 2165 feri·

1192 2175 1245 2197 tate
1264 2170 1368 2196 reuersa
1388 2170 1503 2196 Martial.
1523 2178 1549 2202 2,
1570 2177 1610 2204 75.
1683 2170 1749 2196 Non
1762 2169 1880 2196 assuescat
1894 2180 1959 2205 puer
1978 2172 2112 2205 sermoni,
2126 2174 2172 2208 qui
2185 2174 2230 2200 de-

1192 2206 1331 2232 discendus
1344 2205 1373 2231 sit
1391 2205 1521 2238 Quinctil.
1536 2214 1555 2237 1,
1572 2214 1591 2237 1,
1604 2212 1626 2238 5.
1698 2203 1839 2231 Dediscere
1857 2212 1883 2231 et
1902 2205 2027 2233 obliuisci
2046 2208 2102 2234 Cic.
2118 2210 2189 2236 Fam.
2205 2219 2230 2242 9.

1193 2250 1235 2276 24.
1307 2242 1378 2267 Haec
1395 2241 1477 2267 verba
1497 2241 1611 2273 mutari,
1630 2240 1782 2274 dediscique
1801 2241 1902 2275 possunt
1927 2241 2002 2269 Idem
2020 2243 2051 2270 de
2070 2244 2140 2271 Clar.
2154 2246 2228 2271 Orat.

1195 2285 1244 2312 171.
1334 2275 1473 2303 Dediscere
1503 2277 1580 2311 loqui
1607 2275 1687 2303 Ouid.
1721 2275 1809 2303 Trist.
1826 2285 1855 2309 3,
1876 2284 1916 2310 14,
1937 2282 1982 2311 46.
2072 2279 2230 2306 Dedidicisse

1192 2313 1273 2339 latine
1293 2311 1365 2338 Idem
1379 2312 1464 2338 Trist.
1487 2320 1507 2344 5,
1522 2320 1556 2344 12,
1572 2319 1612 2345 57.
1649 2312 1653 2314 ”
1682 2311 1836 2344 Dediscerc,
1852 2318 1900 2345 pro
1917 2314 2061 2349 Relinquere
2079 2316 2230 2350 consortudi-

1190 2357 1255 2375 nem.
1292 2347 1347 2374 Cic.
1362 2347 1433 2373 Fam.
1448 2356 1475 2379 9,
1489 2356 1523 2373 20
1544 2346 1720 2373 Dediscendae
1740 2346 1792 2373 tibi
1811 2348 1870 2374 sunt
1891 2349 2026 2382 sportellae
2045 2355 2070 2375 et
2082 2351 2228 2385 artolagani

1192 2384 1242 2411 tui.
1315 2383 1366 2408 Vsu
1381 2381 1523 2409 dediscitur
1536 2391 1613 2409 amor
1628 2382 1710 2409 Ouid.
1723 2382 1754 2408 de
1769 2383 1843 2410 Rem.
1858 2384 1950 2410 Amor.
1964 2392 2017 2416 503.

1228 2424 1412 2450 DEDlTio,
1440 2423 1609 2445 DEDITIC
1622 2425 1699 2450 1vs,
1724 2424 1918 2449 DEDITVS,
1937 2419 1989 2444 vicl.
2014 2425 2122 2446 DEDO.

1229 2455 1347 2486 ΒΕΒΟ,
1372 2453 1428 2486 idi,
1454 2455 1536 2484 itum,
1564 2455 1616 2480 ete.
1652 2450 1803 2487 [ἓκδίδωμι]
1845 2452 1887 2485 Fst
1909 2453 2048 2485 Adclz‘ccre,
2070 2458 2228 2489 permittere,

1193 2489 1263 2520 dare,
1277 2497 1300 2515 ct
1307 2492 1410 2524 proprie
1423 2487 1456 2522 est
1468 2488 1534 2515 vicii
1546 2489 1580 2514 ad
1592 2487 1718 2514 vitiorem.
1754 2488 1837 2512 Plaut.
1850 2487 1957 2513 Curcul.
1971 2495 1994 2520 5,
2009 2494 2054 2518 228
2080 2490 2134 2524 Ego
2148 2491 2228 2518 illum

1191 2524 1245 2552 tibi
1258 2524 1367 2556 dedam,
1380 2530 1444 2551 tace.
1517 2525 1556 2550 Ac
1569 2521 1705 2557 deprehenst
1716 2521 1813 2555 quidem
1833 2528 1907 2557 caput
1920 2524 1996 2557 clipeo
2008 2523 2189 2558 subiiciebant,
2201 2525 2228 2559 fi

1191 2560 1275 2587 dedere
1288 2560 1316 2594 se
1335 2559 1432 2585 vellent.
1467 2560 1523 2585 Hoc
1533 2557 1633 2592 signum
1651 2563 1704 2584 etat
1722 2555 1856 2582 deditionis
1868 2563 1898 2582 vt
1909 2558 2020 2592 Appian.
2033 2559 2050 2584 Ι.
2064 2569 2078 2585 2
2096 2560 2124 2586 de
2134 2562 2162 2586 B.
2172 2562 2226 2588 Ciu.

1192 2605 1237 2621 nos
1254 2594 1330 2620 docet.
1371 2591 1442 2619 Vibii
1460 2599 1482 2619 et
1501 2595 1636 2632 expugnati
1654 2600 1703 2626 qua
1712 2591 1804 2626 forma
1834 2600 1845 2616 e
1864 2592 2008 2625 traderent,
2027 2594 2107 2622 Plaut.
2122 2594 2228 2628 ostendit

1192 2629 1287 2663 Amph.
1302 2638 1320 2659 1,
1335 2637 1355 2660 1,
1369 2636 1399 2662 71
1412 2634 1436 2654 et
1451 2636 1505 2654 102.
1541 2628 1631 2658 Liu.,1,
1644 2631 1681 2657 38.
1694 2633 1721 2659 7,
1733 2634 1767 2657 31.
1817 2625 1852 2652 id.
1866 2633 1889 2653 et
1901 2629 1954 2654 Pet.
1970 2629 2042 2655 Fabr.
2055 2630 2164 2664 semestr.
2174 2642 2194 2664 1,
2202 2642 2227 2666 7.

1193 2665 1295 2691 Dedere
1309 2665 1334 2690 se
1352 2663 1470 2689 hostibus
1489 2662 1571 2688 Plaut.
1586 2660 1681 2695 Amph.
1698 2669 1716 2691 1,
1730 2669 1750 2692 1,
1761 2668 1798 2695 71.
1844 2662 1915 2688 Caes.
1930 2663 1958 2690 B.
1972 2664 2003 2690 G.
2017 2673 2041 2695 2,
2055 2673 2085 2697 32
2115 2667 2140 2692 Si
2155 2668 2227 2701 prius

1192 2708 1271 2733 quam
1284 2700 1351 2724 aries
1372 2706 1477 2723 murum
1490 2697 1626 2731 attigisset,
1647 2697 1672 2722 se
1685 2695 1846 2723 dedidiffent.
1916 2699 2094 2727 Constrifflum
2109 2701 2226 2736 aliquem

1192 2734 1287 2760 dedere
1307 2732 1425 2758 hostibus
1450 2732 1506 2758 Cic.
1526 2732 1583 2766 post
1593 2731 1671 2759 redit.
1692 2731 1724 2758 ad
1737 2733 1815 2765 Qiir.
1835 2741 1868 2765 13.
1938 2734 2004 2761 Ter.
2019 2735 2099 2763 Andr.
2120 2744 2142 2770 5,
2155 2747 2177 2769 3,
2192 2740 2226 2764 26

1190 2768 1263 2795 Tibi
1280 2773 1353 2802 pater
1371 2777 1413 2793 me
1433 2767 1516 2793 dedo:
1537 2766 1645 2802 quiduis
1661 2767 1749 2793 oneris
1763 2768 1885 2803 impone,
1898 2768 2007 2804 impera.
2047 2772 2114 2798 ΛΕΜ.
2128 2774 2224 2799 Heaut.

1191 2813 1217 2838 4,
1232 2812 1255 2836 3,
1268 2812 1289 2836 3.
1362 2802 1459 2829 Cic.de
1466 2803 1544 2837 Legg.
1558 2812 1582 2834 z,
1596 2811 1608 2836 5
1629 2811 1649 2829 c.
1665 2811 1677 2829 2
1714 2802 1762 2829 Sed
1776 2804 1871 2830 necesse
1885 2804 1920 2830 est
1934 2805 2068 2832 caritatem
2083 2816 2139 2834 eam
2153 2817 2226 2842 prae-

1190 2840 1271 2871 stare,
1287 2848 1338 2873 qua
1354 2839 1384 2864 R.
1404 2840 1429 2865 P.
1448 2847 1546 2865 nomen
1560 2839 1696 2867 vniuersae
1716 2839 1830 2865 ciuitatis
1848 2839 1892 2865 est.
1912 2849 1961 2874 pro
1978 2850 2029 2876 qua
2042 2843 2127 2874 mori,
2143 2849 2168 2870 et
2181 2844 2224 2870 cui

1189 2884 1237 2901 nos
1250 2880 1318 2901 totos
1331 2874 1425 2901 dedere
1434 2894 1442 2906 ,
1466 2879 1492 2900 ct
1508 2875 1536 2900 in
1549 2883 1614 2909 quae
1626 2874 1712 2900 nostra
1726 2875 1816 2902 onmia
1835 2884 1947 2909 ponere,
1961 2883 1986 2902 et
2004 2878 2074 2911 quati
2093 2880 2225 2906 consecra-

1188 2920 1217 2937 re
1231 2910 1362 2937 debemus.
1559 2907 1580 2947 ff
1600 2918 1616 2936 2
1653 2909 1701 2936 Sed
1713 2911 1788 2936 multo
1803 2911 1880 2937 latius
1888 2918 1968 2945 patet.
2005 2914 2096 2948 Nempe
2109 2913 2223 2949 adsocia-

1187 2947 1282 2972 litatem
1295 2953 1317 2972 et
1336 2946 1489 2972 hilaritatem
1506 2949 1623 2980 pertinet.
1661 2946 1701 2972 Sic
1714 2945 1748 2971 ad
1763 2945 1896 2981 obfiquium
1915 2954 1939 2972 et
1958 2952 2094 2974 comitatem
2110 2951 2223 2985 refertur

1188 2982 1244 3008 Cic.
1257 2982 1288 3008 de
1300 2982 1373 3008 Orat.
1388 2990 1408 3013 1,
1425 2990 1472 3014 :34
1491 2990 1511 3006 c.
1527 2988 1554 3014 55
1589 2980 1669 3013 Qiod
1689 2980 1729 3006 ius
1743 2980 1821 3006 ciuile
1834 2987 1885 3007 tam
1901 2982 2070 3010 vehementer
2088 2985 2222 3019 amplexus

1189 3027 1231 3050 es,
1268 3033 1312 3036 —
1347 3017 1486 3043 Scaeuolae
1500 3022 1525 3042 te
1540 3016 1663 3043 dedidisti
1682 3031 1727 3036 —-
1751 3017 1824 3042 cuius
1837 3024 1920 3043 artem
1939 3033 1983 3037 —
2002 3018 2146 3045 verborum
2160 3020 2220 3046 dote

1188 3052 1350 3087 locupletasti
1365 3058 1391 3078 et
1403 3052 1509 3079 ornasti.
1547 3052 1592 3079 Te
1612 3050 1734 3078 dedidisti
1752 3054 1832 3087 igitur
1842 3051 1989 3087 fignificat,
2004 3055 2104 3089 placere
2122 3055 2160 3080 ills
2179 3064 2219 3080 vo.

1187 3086 1256 3121 luisti
1268 3095 1312 3114 etc.
1349 3088 1390 3115 Sic
1409 3096 1457 3122 pro
1471 3087 1555 3114 Planc.
1568 3097 1589 3113 c.
1607 3096 1638 3113 20
1667 3088 1697 3113 In
1714 3095 1766 3121 qua
1783 3088 1905 3113 oratione
1916 3096 1966 3121 ego
1983 3097 2025 3115 me
2039 3090 2063 3116 ei
2084 3089 2218 3120 dedebam,

1188 3124 1230 3150 cui
1243 3124 1281 3149 nil
1296 3132 1453 3157 magnopere
1465 3123 1597 3149 deberem.
1634 3121 1703 3149 Add.
1722 3122 1753 3148 de
1765 3123 1840 3148 Petit.
1855 3123 1931 3149 Cous.
1953 3133 1974 3149 c.
1988 3133 2012 3155 9.
2077 3125 2176 3150 Dedere
2192 3126 2217 3152 sc

1187 3159 1253 3186 Aliis
1262 3160 1328 3185 Ter.
1342 3158 1423 3185 Andr.
1438 3168 1457 3191 1,
1473 3168 1493 3191 1,
1508 3167 1547 3191 30.
1572 3157 1630 3185 Vid.
1646 3159 1740 3184 Donat.
1754 3157 1789 3183 ad
1800 3159 1845 3184 loc.
1916 3159 2017 3185 Dedere
2030 3160 2054 3185 se
2069 3160 2217 3193 Auguribus

1186 3202 1230 3221 aut
1244 3194 1423 3230 voluptatibus
1438 3194 1494 3221 Cic.
1507 3193 1559 3220 Off.
1575 3203 1600 3226 2,
1613 3202 1637 3220 2.
1673 3194 1714 3220 Sic
1722 3193 1823 3219 Dedere
1837 3194 1861 3219 se
1869 3193 2041 3220 Libidinibus
2055 3194 2126 3220 Idem
2133 3195 2215 3222 Tusc.

1187 3240 1208 3263 1,
1222 3238 1253 3265 72
1272 3240 1293 3256 c.
1308 3239 1347 3262 30.
1384 3231 1416 3256 Et
1428 3229 1529 3256 Dedere
1541 3230 1566 3255 se
1579 3229 1713 3262 Languori
1728 3234 1753 3254 et
1766 3227 1878 3255 desidiae
1892 3229 1929 3255 Id.
1943 3229 1994 3256 Off.
2015 3238 2034 3260 1,
2055 3238 2103 3261 123.
2164 3231 2217 3257 Do-

1186 3266 1286 3292 &rinae
1299 3266 1364 3292 ibid.
1380 3274 1400 3291 c.
1415 3274 1451 3291 21.
1488 3265 1620 3291 Lamentis
1633 3264 1798 3298 lacrimisque
1811 3264 1977 3290 muliebriter
1995 3263 2033 3290 Id.
2041 3264 2123 3291 Tusc.
2138 3274 2163 3298 2,
2172 3271 2215 3298 48.

1185 3302 1282 3328 Literis
1295 3301 1349 3328 Cic.
1365 3301 1398 3327 ad
1413 3302 1465 3335 Q.
1479 3301 1521 3327 Fr.
1536 3309 1557 3332 3,
1572 3308 1592 3332 5.
1663 3300 1747 3325 Aures
1767 3300 1821 3325 suas
1836 3300 1920 3325 Po‘e'tis
1934 3299 2005 3325 Idem
2020 3308 2068 3333 pro
2083 3300 2160 3327 Arch.
2171 3304 2215 3328 26.

1186 3339 1217 3364 Et
1231 3338 1311 3364 Tusc.
1325 3345 1348 3369 5,
1361 3344 1397 3369 115
1418 3345 1439 3362 c.
1453 3345 1484 3368 39
1519 3336 1588 3362 Huic
1602 3335 1718 3361 discendi
1732 3335 1925 3369 quaerendique
1943 3334 2049 3360 diuinae
2057 3335 2215 3363 Delectatio-

1185 3373 1213 3399 ni
1227 3378 1284 3399 toto
1303 3374 1328 3399 se
1347 3372 1437 3398 animo
1451 3370 1611 3397 dedidissent.
1681 3370 1755 3397 Dedo
1768 3370 1819 3396 tibi
1831 3369 1899 3395 huuc
1916 3369 1985 3396 diem
1998 3370 2079 3397 Plaut.
2093 3371 2172 3398 Stich.
2185 3381 2215 3404 4,

1185 3417 1205 3438 1,
1224 3417 1264 3441 41.
1336 3407 1437 3433 Dedere
1456 3407 1485 3433 in
1498 3406 1634 3433 Ditiouem
1648 3405 1753 3432 alterius
1766 3414 1840 3431 aures
1860 3406 1914 3430 suas
1932 3404 2004 3430 Idem
2016 3406 2098 3432 Milit.
2112 3415 2141 3439 4,
2157 3417 2177 3439 1,
2191 3412 2213 3437 8.

1183 3446 1203 3470 ι’.
1227 3444 1359 3479 diligenter
1372 3452 1422 3469 cum
1435 3443 1580 3479 auscultare.
1617 3441 1685 3467 Vide
1698 3440 1792 3475 quibus
1800 3439 1960 3466 Hominibus
1968 3448 2043 3466 aures
2055 3441 2102 3468 11111
2110 3442 2215 3468 deditae

1182 3487 1256 3505 meae
1271 3480 1327 3505 Cic.
1342 3479 1394 3505 Att.
1409 3487 1432 3509 2,
1470 3498 1476 3504 .
1513 3497 1519 3503 .
1561 3477 1651 3503 Tacit.
1661 3477 1725 3502 Ann.
1735 3484 1819 3507 11,1,4
1838 3474 1946 3500 Clarum
1958 3484 1989 3501 ex
2003 3484 2035 3501 eo
2050 3476 2077 3502 in
2090 3477 2155 3504 vrbe
2170 3478 2212 3504 de-

1183 3514 1238 3540 dita
1257 3524 1302 3549 per
1322 3513 1472 3548 prouincias
1492 3513 1577 3545 fama,
1590 3519 1634 3538 etc.
1673 3513 1711 3538 Ni
1721 3511 1730 3536 ῐ
1742 3511 1815 3546 sorte
1832 3510 1958 3545 legendum
1969 3510 2007 3544 fit
2020 3511 2120 3545 Didim,
2136 3513 2164 3539 id
2178 3511 2213 3546 est

1182 3550 1310 3585 Dispersa.
1383 3550 1491 3581 Manus,
1511 3552 1530 3574 i.
1545 3548 1573 3584 se
1585 3545 1676 3583 fifium
1689 3547 1788 3581 fateri:
1824 3545 1928 3572 Lucret.
1946 3554 1971 3578 z,
1990 3555 2053 3579 104²
2079 3548 2141 3574 Etsi
2160 3548 2212 3574 tibi

1182 3594 1245 3612 vera
1267 3585 1383 3617 videtur,
1414 3584 1485 3610 Dede
1499 3585 1600 3610 Manus.
1669 3582 1725 3607 Sen.
1739 3579 1809 3606 Med.
1825 3588 1885 3613 1005
1910 3582 1954 3607 Me
1974 3581 2039 3608 dede
2051 3583 2151 3615 Morti,
2162 3593 2211 3610 no-

1534 3618 1617 3645 Morti
1636 3625 1677 3642 me
1695 3615 1760 3641 dede
1778 3615 1857 3642 Plaut.
1877 3616 1946 3642 Asin.
1962 3625 1984 3649 3,
1998 3626 2021 3649 3,
2037 3623 2070 3647 18.
2141 3619 2212 3648 Neci

1182 3621 1257 3647 xium
1276 3620 1361 3646 madia
1380 3625 1464 3654 caput.

1752 3650 1836 3677 Isthuc
1844 3652 1957 3686 Negotii
1968 3652 2060 3678 dedam
2075 3653 2126 3679 tibi
2141 3654 2208 3680 Ter.

1182 3656 1276 3683 dedere
1290 3656 1401 3690 scipsum
1419 3656 1494 3689 Virg.
1507 3654 1602 3687 Georg.
1615 3661 1643 3684 4,
1656 3660 1698 3684 90.

711 3692 825 3717 Formula
838 3691 1003 3718 dedicantium
1021 3689 1117 3725 aliquid
1129 3701 1175 3719 100
1184 3692 1265 3718 Andr.
1286 3701 1308 3724 3,
1321 3701 1348 3724 4,
1363 3698 1402 3724 50.
1436 3690 1481 3718 Sed
1493 3689 1594 3715 Dedere
1609 3694 1689 3712 tamen
1700 3692 1749 3722 pro
1768 3688 1836 3712 Dare
1854 3697 1938 3713 rarum
1957 3686 1991 3720 est
2007 3695 2078 3723 atque
2094 3689 2208 3724 insolens.

1184 3727 1300 3754 Dedatur
1337 3726 1433 3760 cupido
1468 3726 1520 3751 iam
1546 3723 1643 3750 dudum
1675 3728 1754 3756 nupta
1787 3722 1884 3748 marito
1914 3723 2000 3749 Catul.
2023 3723 2109 3758 Epith.
2129 3725 2147 3750 s.
2168 3727 2209 3756 63,

1184 3770 1229 3798 74.
1300 3762 1431 3789 Columel.
1445 3761 1473 3787 in
1487 3758 1567 3793 praef.
1582 3766 1590 3783 1
1622 3758 1686 3783 Rem
1700 3757 1821 3789 rusticam
1836 3757 1938 3792 pessimo
1951 3759 2044 3793 cuique
2063 3760 2209 3791 seruorum,

1183 3799 1256 3825 velut
1275 3797 1405 3829 carnifici,
1425 3797 1516 3823 Noxae
1548 3793 1675 3819 dedimus.
1711 3794 1757 3819 Per
1781 3795 1976 3820 tram-lationem.
2012 3794 2064 3820 vid.
2092 3800 2208 3821 NoxA.

1183 3834 1277 3861 Noxae
1295 3833 1375 3860 alicui
1392 3832 1507 3865 aliquem
1525 3828 1634 3861 dedere,
1657 3832 1676 3854 i.
1695 3828 1728 3854 ad
1744 3837 1831 3854 noxam
1853 3829 1962 3855 luendam
1980 3829 2036 3855 Sen.
2055 3829 2131 3863 Epist.
2153 3831 2208 3855 106.

2088 3865 2142 3891 Cic.
2153 3865 2206 3889 An.

1353 3904 1371 3930 Ε
1392 3910 1407 3928 2.
2138 3907 2164 3931 9,
2179 3907 2208 3925 10
