2479 4225
658 166 945 212 EOV

890 255 984 280 Lucan.
998 258 1026 282 4,
1039 256 1081 282 332
1099 246 1245 275 Tradimus
1258 243 1313 269 He-

852 295 915 324 pert.
929 296 951 318 2,
963 294 985 317 3,
999 295 1038 318 44
1055 285 1114 310 Siue
1128 282 1201 308 illam
1216 279 1313 312 Hespe-

942 326 999 346 vret
1016 326 1041 345 et
1054 317 1203 352 Hesperios.
1239 313 1313 354 Idem

937 356 1010 389 Virg.
1025 356 1089 381 Aen.
1103 362 1128 385 2,
1141 359 1188 385 417
1214 349 1313 375 Confli-

284 191 347 231 375

287 273 329 294 tus
342 266 375 293 ab
388 266 442 292 Eoo
453 254 534 289 fludlu
545 266 667 288 cui-uatus
681 259 709 287 in
722 267 819 286 arcum.

288 303 382 337 sper-ias
393 306 480 334 gentes
489 318 497 330 ,
513 298 645 331 aperimus
658 297 731 335 ans.
802 294 850 319 Pro

289 338 353 369 riis,
372 335 423 361 siue
435 334 509 360 illam
522 332 639 359 ostendet
652 332 725 357 Eors:
746 330 810 354 Vret
821 332 845 352 et
859 325 934 354 Εοοε,

288 381 301 405 3
325 380 361 402 12,
376 378 409 403 ις.
480 369 589 395 Caelum
608 366 689 393 Ouid.
701 365 762 391 Met.
776 371 798 393 3,
815 367 867 394 197.
901 392 906 397 .
1110 389 1114 393 ι
1242 387 1245 391 .

289 392 351 441 g’unt
365 404 549 439 Zephyrusque
563 403 714 434 Notusque,
732 404 756 423 et
770 397 848 422 laetus
861 393 920 419 Eois
956 392 1038 417 Eurus
1056 397 1138 424 equis.
1195 385 1245 445 'ngl
1258 385 1314 411 Ser·
1338 391 1352 415 5

288 442 348 468 vius
363 451 369 466 ε
404 441 474 467 Nam
486 440 568 465 Eurus
581 437 613 464 ab
627 436 734 462 Oriente
747 433 797 456 flat.
846 463 850 468 ¹
867 429 983 460 Propert.
997 434 1017 458 1,
1032 428 1075 458 16,
1090 432 1124 456 24
1157 422 1229 454 Frlgi
1249 428 1315 460 aque

290 478 346 503 Eoo
360 485 402 502 me
416 475 489 502 dolet
502 482 562 500 aura
575 471 648 497 Gelu.
718 465 776 492 Indi
799 462 879 490 Omd.
894 463 951 488 Am.
966 470 988 494 2,
1000 463 1026 493 6,
1042 469 1061 486 1.
1076 495 1080 499 ⁵
1130 458 1204 496 Mare
1216 455 1315 481 Tibul.

291 521 315 544 2,
328 520 354 542 2,
367 513 404 537 16.
475 511 544 543 Opes
572 504 649 532 Ouid.
662 502 694 528 de
709 502 771 527 Arte
786 500 843 526 Am.
858 507 878 531 ι,
891 506 949 524 202.
971 529 992 568 Ἴ
1015 491 1201 560 Οὼὲςῌῼιιιᾴ.
1216 490 1280 559 Fsast.
1294 499 1318 522 32

505 555 509 558 <
552 540 601 567 uid.
613 537 676 564 Fast.
690 544 709 566 1,
722 544 729 561 1
752 544 777 560 0.
1013 540 1028 557 z
1083 538 1096 555 u
1134 534 1217 553 annue
1241 535 1263 551 tc
1275 535 1318 564 yo-

289 549 364 609 2ng
376 543 555 613 ζηαῒῗιξῗῃαῗ
566 576 628 601 Solis
641 582 648 596 :
684 545 750 606 qua-li
762 568 865 604 Lucifer
876 576 905 594 ac
917 568 1046 593 orientalis
1054 584 1061 595 ,
1080 563 1144 599 quod
1161 571 1229 601 mane
1241 559 1318 594 aſjur-
1336 566 1366 584 ιο

309 626 350 643 ens
362 617 439 643 orbem
451 615 573 641 illuminet.
614 606 692 634 Ouid.
707 606 770 631 Met.
787 613 810 634 2,
826 611 863 636 153
888 604 990 629 Interea
1009 601 1128 627 volucres
1146 598 1253 629 Pyrois,
1268 597 1317 622 Eo-

290 627 321 679 ἐς
357 659 402 678 etc.
470 650 572 679 Itemque
589 641 698 677 Lucifer.
735 640 808 673 Virg.
817 639 940 677 Georg31,
954 642 995 666 288
1015 637 1066 662 Aut
1080 643 1161 675 quum
1175 633 1229 659 sole
1242 640 1316 658 nouo

289 672 371 715 terias
384 687 474 712 irrorat
486 681 560 707 Eous.
619 679 655 704 De
668 685 712 711 quo
725 678 798 701 etiam
811 674 896 700 Cinna
909 681 937 698 111
950 672 1102 710 Smyrnajzc
1113 676 1167 701 ait,
1202 669 1247 695 Te
1264 676 1318 693 ma-

290 724 388 750 tutinus
402 721 500 745 flentem
513 713 644 748 conspexit
656 712 739 742 Eous,
761 710 791 735 Et
814 710 919 734 flentem
942 707 1030 741 paullo
1049 706 1116 732 Vidit
1138 704 1196 740 post
1219 704 1316 738 Hespe-

291 767 333 785 rus
355 756 431 783 idem.
479 749 571 785 .Conf.
592 747 636 774 Sil.
657 755 689 779 9,
714 750 766 774 180.
808 751 832 770 et
859 752 897 776 ιι,
917 750 969 777 ςι7.

326 792 516 824 rovsqve,
533 783 585 810 vid.
603 788 657 809 ao.
692 780 759 807 Adu.

662 842 689 872 E
786 841 808 871 P
913 840 940 870 A

325 900 342 921 Ε
355 900 370 920 P
382 899 402 919 A
412 898 428 918 C
437 898 457 917 T
466 897 486 917 A
495 896 522 921 Ε,
530 897 613 915 arum.
635 887 653 913 f.
691 888 732 914 Sic
743 891 864 913 vocantur
875 883 938 916 dies,
946 882 1032 919 quibus
1041 883 1162 910 Lunarem
1172 891 1262 908 annum
1276 890 1316 907 ex-

287 929 351 956 cedit
364 929 470 955 Solaris.
487 925 515 950 de
531 923 616 959 quibus
628 922 685 948 Isid.
699 925 725 955 6,
741 930 769 956 17
788 920 894 955 Epac'las
908 919 1004 946 Graeci
1016 925 1127 951 vocant,
1148 918 1235 944 Latini
1246 916 1316 943 adie-
1336 923 1371 942 20

287 965 386 992 &iones
403 969 498 987 annuas
519 960 649 990 Lunares,
668 967 736 992 quae
757 965 803 991 per
823 955 999 982 vndenarium
1020 963 1162 981 numerum
1181 962 1263 987 vsque
1283 952 1315 979 ad

286 999 450 1026 tricenarium
463 996 490 1021 in
507 995 532 1021 se
543 993 709 1020 resoluuntur
726 991 921 1024 (reuoluuntur
940 997 962 1017 et
972 990 1099 1026 fintentia
1110 988 1260 1025 postulat,et
1274 988 1317 1014 ha-

285 1034 340 1061 bent
354 1035 450 1067 primae
466 1030 560 1064 editt.)
581 1038 643 1064 quas
657 1029 717 1054 ideo
738 1027 861 1062 Aegyptii
877 1026 1025 1057 adiiciunt,
1044 1032 1073 1052 vt
1088 1026 1187 1052 lunaris
1201 1024 1316 1051 emensio

284 1068 381 1097 rationi
394 1067 454 1093 solis
467 1072 592 1100 aequetur
604 1071 647 1090 etc.
683 1064 783 1090 Caetera
791 1061 899 1098 petenda
912 1072 927 1088 a
942 1062 1112 1097 Chronologis.

320 1103 514 1132 ΕΡΑῦὸΟΕ,
534 1109 569 1126 e5.
594 1100 613 1125 f.
648 1098 797 1132 [ἐπαγωγή]
836 1099 930 1135 Figura
948 1096 981 1131 est
1000 1097 1142 1123 Rufiniano
1161 1105 1185 1131 p.
1205 1100 1232 1126 28
1252 1103 1319 1130 quae
1336 1100 1367 1127 25

286 1139 314 1166 sit
327 1148 357 1165 ex
370 1146 455 1165 rerum
468 1135 592 1162 similium
607 1134 748 1161 collatione
761 1134 802 1160 vel
815 1139 1047 1168 argumentorum,
1067 1133 1136 1159 salua
1149 1139 1237 1158 tamen
1249 1131 1318 1157 simi-

285 1174 394 1201 litudine
406 1181 492 1199 rerum
501 1191 508 1201 ‚
525 1177 553 1196 vt
567 1169 713 1204 Virgilius,
730 1170 910 1205 Improuisum
923 1169 1002 1204 aspris
1014 1169 1116 1201 veluti,
1137 1168 1185 1203 qui
1201 1167 1318 1193 sentibus

285 1218 392 1244 anguem
408 1207 490 1242 preffit
503 1206 576 1232 humi
589 1206 685 1232 nitens.

319 1252 336 1272 Ε
344 1252 358 1271 Ρ
366 1251 386 1270 A
395 1249 415 1270 G
424 1250 441 1269 R
453 1250 461 1268 1
471 1250 483 1268 s
492 1262 499 1274 ,
519 1242 549 1267 is.
563 1241 582 1268 f.
602 1238 753 1275 [Ἕποιγρις]
789 1240 874 1276 Insula
881 1248 932 1266 vna
943 1249 972 1266 ex
980 1239 1136 1275 Cycladibus,
1144 1247 1203 1275 quae
1210 1237 1318 1264 notiore

282 1280 388 1307 nomine
401 1278 501 1304 Andros
513 1276 660 1311 appellatur
683 1276 749 1302 Plin.
763 1284 791 1308 4,
805 1285 842 1302 12.

316 1322 333 1342 Ε
342 1322 356 1341 Ρ
364 1321 384 1340 A
393 1321 416 1340 Μ
426 1320 434 1338 1
443 1320 463 1339 N
475 1319 493 1339 Ο
502 1320 524 1338 N
533 1319 552 1339 D
560 1319 581 1339 A
590 1320 602 1339 s
610 1332 618 1345 ,
638 1321 677 1339 ae.
697 1321 732 1338 111.
769 1308 979 1346 [Ἐπαμινώνδας]
1010 1309 1180 1337 Thebanorum
1192 1308 1317 1344 duxprae-

275 1349 452 1384 stantzffimus,
471 1357 530 1374 cum
546 1357 599 1382 quo
612 1346 809 1374 Thebanorum
830 1346 915 1381 gloria
928 1352 954 1372 et
967 1352 1027 1372 nata
1040 1345 1076 1371 est
1089 1351 1114 1371 et
1128 1344 1267 1376 exstinfta,
1288 1350 1318 1369 vt

280 1389 318 1413 ait
329 1389 393 1411 inter
404 1386 453 1410 alia
469 1383 559 1410 lustin.
568 1386 594 1416 6,
607 1388 630 1413 8.
666 1382 743 1418 Apud
754 1383 910 1408 Mantineam
922 1391 974 1408 cum
987 1381 1186 1407 Lacedaemoniis
1205 1379 1318 1415 congres-

274 1421 333 1458 fia,
356 1423 432 1448 vicit,
447 1426 470 1445 et
488 1419 586 1445 cecidit.
629 1418 687 1445 Vid.
707 1419 762 1445 Cic.
783 1418 855 1445 Fam.
875 1425 898 1450 ς,
912 1426 945 1444 12.
980 1419 1018 1443 De
1030 1418 1073 1443 illo
1082 1422 1183 1451 praeter
1198 1417 1317 1450 Nepotem

280 1456 332 1483 vid.
347 1455 471 1482 Plutarch.
486 1457 513 1480 in
527 1455 642 1480 Paralell.
680 1454 754 1488 Cous.
767 1454 866 1479 Aelian.
885 1454 946 1479 Var.
961 1451 1027 1485 Hzst.
1041 1462 1063 1482 2,
1077 1461 1114 1486 43.
1150 1459 1174 1477 et
1186 1460 1226 1483 13,
1239 1460 1280 1484 42.

314 1498 331 1518 ε
340 1498 354 1517 Ρ
362 1497 411 1517 AN
423 1498 443 1516 A
452 1495 470 1515 D
478 1497 487 1516 1
496 1496 511 1516 Ρ
519 1496 535 1515 L
545 1491 564 1515 ὁ
574 1496 586 1515 s
597 1496 626 1514 1s
634 1508 643 1520 ,
656 1488 687 1514 is.
708 1488 727 1513 f.
765 1485 990 1520 [ἐπαναδὼιλωσις]
1025 1487 1133 1521 Figura,
1148 1495 1231 1522 quum
1244 1485 1317 1512 idem

271 1527 389 1555 .verb11m
402 1525 430 1551 in
444 1525 533 1551 eadem
548 1524 694 1554 sententia,
716 1525 741 1547 et
756 1523 871 1556 primum
885 1522 937 1553 est,
957 1528 982 1547 et
995 1528 1151 1548 extremum.
1188 1528 1233 1553 vt,
1250 1522 1318 1546 Ante

281 1563 357 1588 nouis
370 1561 493 1592 rubeant,
512 1568 590 1594 quam
611 1565 683 1593 prata
696 1557 832 1583 coloribus
845 1562 905 1582 ante
923 1556 1058 1582 Rufinian.
1072 1565 1097 1589 p.
1113 1564 1148 1587 31.
1220 1557 1318 1588 Epana-

283 1597 355 1632 lepsis
367 1595 400 1629 cst
413 1598 471 1622 aliis
485 1606 492 1620 .·
521 1595 632 1631 figuram
645 1600 709 1620 certe
721 1595 829 1618 vicinam
842 1591 914 1617 valde
923 1610 932 1622 ,
945 1590 1036 1629 statim
1054 1590 1192 1624 apparebit.
1236 1592 1319 1615 Exem-

279 1634 325 1669 pla
340 1633 399 1668 sunt
420 1632 509 1657 quen.
528 1631 577 1657 Sat.
592 1639 630 1662 14,
644 1634 681 1661 ¹38
707 1628 806 1654 Crescit
830 1635 906 1653 amor
929 1633 1020 1657 numi,
1041 1630 1169 1659 quantum
1201 1625 1255 1658 ipsa
1278 1630 1364 1658 pe-40

283 1669 358 1694 cunia
373 1668 469 1693 crescit.
539 1666 613 1700 Virg.
627 1666 691 1691 Aen.
706 1672 726 1697 1,
738 1671 788 1698 754
811 1662 896 1689 Multa
910 1662 986 1696 super
999 1660 1104 1687 Priamo
1125 1660 1257 1695 rogitans,
1281 1660 1321 1685 su-

283 1713 330 1739 per
343 1703 457 1729 He6lore
476 1701 566 1728 multa.

320 1745 336 1765 Ε
344 1746 359 1765 Ρ
368 1746 389 1764 Α
397 1745 419 1764 N
428 1745 449 1764 A
458 1743 474 1762 1.
485 1744 501 1763 Ε
511 1744 525 1762 Ρ
534 1744 547 1763 s
556 1744 565 1762 1
573 1744 602 1768 s,
628 1736 658 1762 is.
689 1735 708 1761 f.
745 1733 780 1760 est
800 1732 952 1760 Eorundem
972 1730 1118 1758 verborum
1136 1729 1211 1757 simul
1225 1730 1320 1765 posito-

282 1783 342 1801 rum
351 1793 359 1805 ,
377 1772 546 1806 eiusdemque
558 1771 698 1798 sententiae
711 1770 766 1804 post
779 1770 862 1795 multa
876 1768 1031 1799 interiedb,
1051 1775 1110 1793 cum
1123 1767 1212 1801 aliqua
1232 1766 1319 1807 perio-

281 1809 310 1835 di
323 1808 485 1835 conclusione
498 1807 566 1833 faeta
578 1807 712 1841 repetitio.
748 1811 776 1831 vt
791 1805 864 1839 Virg.
878 1806 974 1838 Georg.
990 1812 1013 1836 2,
1026 1812 1045 1836 4
1071 1804 1130 1829 Huc
1148 1810 1221 1837 pater
1235 1810 1251 1827 o
1272 1801 1319 1826 Le·
1329 1806 1363 1832 45

281 1852 361 1875 naee,
382 1844 431 1869 tuis
445 1843 487 1869 hic
501 1842 590 1868 omnia
604 1842 678 1876 plena
712 1840 885 1871 Muneribus,
906 1847 950 1866 ctc.
1023 1839 1082 1864 Huc
1102 1844 1175 1873 pater
1186 1847 1203 1864 o
1218 1839 1320 1864 Lenaee

280 1880 352 1906 veni.
389 1880 455 1905 Haec
468 1884 490 1904 et
499 1879 572 1913 plura
586 1877 716 1903 Rufinian.
731 1885 754 1910 p.
770 1885 810 1908 30.
847 1876 921 1912 Conf.
934 1874 1012 1901 Auet.
1025 1874 1058 1900 ad
1075 1875 1192 1900 Herenn.
1205 1883 1224 1907 4
1243 1882 1264 1898 c.
1281 1881 1320 1905 14.

282 1913 411 1948 Qrinfifil.
427 1923 452 1946 9,
466 1922 487 1945 3.
523 1919 546 1939 et
559 1914 638 1939 Mart.
651 1912 751 1947 Capell.
766 1919 778 1944 ς
793 1921 817 1946 p.
833 1919 890 1946 174.

318 1957 334 1976 Ε
343 1957 358 1975 Ρ
368 1956 417 1976 AN
426 1956 448 1975 Α
456 1955 472 1974 Ρ
483 1955 504 1974 H
512 1946 530 1974 ὅ
538 1955 558 1974 R
567 1955 587 1974 A
596 1968 604 1980 ‚
622 1957 660 1974 ae.
679 1950 699 1975 f.
733 1945 914 1981 [ἐπαναφοροὶ]
950 1945 1047 1979 Figura
1060 1943 1112 1975 est,
1131 1952 1212 1977 quum
1226 1943 1259 1969 ab
1273 1952 1318 1969 eo-

284 1984 343 2011 dem
355 1984 438 2010 verbo
454 1983 537 2018 plures
550 1984 686 2009 inchoatae
702 1983 844 2009 sententiae
856 1980 995 2016 incipiunt.
1015 1985 1055 2011 ut,
1071 1980 1148 2013 Virg.
1160 1979 1212 2006 Ecl.
1226 1988 1269 2013 10,
1284 1988 1317 2013 42
1327 1985 1358 2011 50

283 2019 335 2047 Hie
349 2018 429 2054 gelidi
443 2019 527 2045 sontes
536 2038 544 2050 ‚
561 2017 605 2044 hie
617 2019 707 2045 mollia
720 2025 790 2052 prata
804 2018 895 2044 Lieori
908 2028 914 2044 ς
950 2014 1004 2042 Hic
1019 2023 1110 2041 nemus
1120 2033 1128 2045 ,
1148 2014 1192 2040 hic
1210 2015 1267 2050 ipso
1280 2022 1318 2041 te-

282 2065 342 2082 cum
366 2054 533 2081 consumerer
553 2061 619 2080 aeuo
656 2053 787 2079 Rufinian.
811 2062 835 2087 p.
850 2061 884 2085 3¹-
943 2051 1017 2087 Conf.
1031 2051 1096 2076 Aen.
1110 2060 1139 2084 4,
1153 2053 1210 2084 369.
1245 2050 1318 2076 Lati-

283 2100 332 2123 ne,
352 2098 380 2116 vt
392 2096 470 2116 monet
482 2088 634 2115 Rufinianus
642 2109 651 2122 ,
670 2088 733 2115 haec
747 2089 831 2123 figura
840 2088 938 2114 dieitur
948 2086 1087 2122 Regreffio.
1234 2114 1237 2115 ⁷

319 2133 335 2153 E
344 2133 358 2152 Ρ
368 2133 389 2152 Α
397 2133 418 2152 N
428 2133 448 2152 A
458 2132 469 2151 s
480 2132 501 2151 T
509 2131 528 2150 R
536 2123 555 2151 ὀ
564 2132 578 2151 Ρ
586 2132 607 2151 H
617 2131 633 2151 Ρ.
641 2145 650 2157 ,
671 2133 705 2151 es.
726 2124 747 2150 f.
784 2122 969 2158 [ἔπαναςρσφή]
1004 2120 1160 2156 Repetitio:
1173 2120 1232 2159 scil.
1247 2120 1315 2160 Cum

283 2161 394 2188 verbum
436 2161 562 2195 repetitur
592 2161 623 2186 in
657 2160 709 2186 fine
739 2159 917 2194 praecedentis
952 2157 1095 2184 sententiae
1128 2161 1154 2181 et
1182 2163 1317 2190 principio
1334 2161 1361 2187 ςς

281 2196 420 2232 sequentis.
455 2202 483 2222 vt
496 2196 568 2230 Virg.
582 2196 634 2222 Eel.
648 2201 672 2228 8,
684 2203 711 2230 55
746 2210 792 2215 —
828 2195 866 2222 Sit
884 2194 1001 2227 Tityrus
1020 2191 1158 2227 orpheus,
1194 2190 1317 2224 Orpheus

282 2232 311 2259 in
327 2232 413 2258 Siluis.

318 2274 334 2294 Ε
343 2274 358 2294 Ρ
368 2275 388 2294 A
396 2275 417 2293 N
426 2264 446 2293 ὅ
454 2271 471 2292 D
481 2273 499 2293 o
509 2272 521 2291 s
529 2285 537 2299 ,
557 2266 576 2292 i.
594 2267 614 2293 f.
635 2264 777 2301 [iri-alvodus]
812 2264 910 2300 Figura
923 2264 959 2290 est
972 2272 1055 2298 quum
1068 2259 1174 2300 duabus·
1181 2259 1318 2292 breuibus,

283 2303 435 2337 pluribusne
454 2301 607 2336 propositis,
624 2302 655 2329 ad
673 2301 828 2337 singularem
853 2300 1050 2327 enarrationem
1073 2302 1241 2324 recurritur:
1278 2302 1317 2330 vt,

283 2339 355 2373 Virg.
369 2339 432 2364 Aen.
445 2347 468 2370 2,
480 2346 530 2371 434

585 2387 629 2392 -
663 2372 824 2399 Diuellimur
840 2369 902 2396 inde
1019 2402 1026 2407 .

433 2407 534 2442 Iphitus
548 2413 572 2434 et
585 2408 666 2435 Pelias
679 2416 783 2435 mecum
798 2416 805 2433 z
840 2412 955 2440 quorum
967 2402 1071 2438 Iphitus
1086 2410 1154 2429 aeuo

433 2444 486 2470 Iam
507 2444 620 2478 grauior.

282 2478 341 2540 Ruri-¹
344 2488 403 2541 ¹¹:¹⁴?
397 2487 475 2541 nlo-1³3
480 2487 503 2540 2Γ
512 2520 532 2540 H
541 2515 561 2540 ὁ
569 2521 581 2541 s
590 2521 599 2540 1
608 2521 621 2540 s
630 2534 638 2547 ‚
664 2514 694 2540 is.
726 2512 747 2538 f.
784 2508 974 2545 [ἐπανορθώσας]
1009 2507 1160 2541 Correfflo,
1173 2517 1225 2543 qua
1239 2508 1318 2536 inter·
1330 2508 1362 2540 65

286 2548 347 2575 dum
360 2550 486 2582 verbum,
505 2549 636 2576 interdum
650 2546 776 2576 sententia
788 2546 902 2572 tollitur.
937 2544 1041 2578 Rutilio
1054 2554 1077 2579 p.
1093 2552 1106 2577 ς
1124 2553 1228 2570 vocatur
1239 2544 1318 2578 μετοί-

286 2595 342 2611 νοωι.
378 2585 432 2611 Cic.
446 2593 493 2619 pro
504 2584 587 2611 Plane.
602 2595 623 2612 c.
636 2593 676 2618 41.
730 2581 904 2609 Brundusium
916 2580 995 2612 veni,
1009 2580 1051 2606 ve!
1065 2580 1154 2615 potius
1165 2579 1197 2606 ad
1212 2581 1317 2607 moenia

286 2618 378 2646 accesli.
413 2620 484 2646 Idem
496 2619 547 2646 Off.
562 2628 577 2646 2
587 2629 653 2647 c.22.

321 2662 337 2681 E
346 2661 360 2679 Ρ
368 2662 389 2682 A
399 2661 420 2680 N
430 2661 450 2681 T
459 2661 478 2681 H
488 2653 505 2681 ἔ
515 2661 538 2680 Μ
546 2662 565 2681 0
573 2662 594 2682 N
603 2675 611 2688 ,
633 2656 652 2682 i.
672 2663 698 2680 n.
736 2651 828 2683 Herba,
843 2660 903 2686 quae
914 2657 937 2677 et
950 2650 1106 2678 Chamaelaea
1118 2657 1141 2677 et
1154 2649 1268 2678 Lafleris
1279 2650 1318 2678 di-

286 2692 360 2716 citur.
394 2691 426 2716 al.
440 2690 616 2724 Eupantheon.
657 2687 715 2716 Vid.
729 2687 805 2721 Apul.
817 2686 848 2712 de
861 2686 942 2712 Herb.
958 2695 979 2711 e.
994 2695 1038 2712 111.

324 2731 340 2749 E
349 2732 364 2750 Ρ
373 2722 414 2750 A?
424 2732 444 2752 H
454 2732 475 2752 A
484 2732 499 2752 E
508 2732 526 2751 R
536 2732 552 2752 E
560 2734 572 2752 s
583 2734 591 2752 1
602 2732 614 2752 s
622 2746 631 2758 ,
657 2725 689 2751 is.
716 2723 735 2748 f.
771 2721 954 2755 [ἓπαιφαίρεσις]
991 2722 1105 2755 Repetita
1118 2722 1219 2752 ablatio,
1229 2722 1318 2757 figura

290 2757 418 2790 diHionis,
434 2763 460 2785 in
483 2770 529 2795 qua
543 2761 607 2788 ludit
624 2758 738 2787 Martias.
753 2763 775 2788 8,
790 2764 816 2789 52
838 2756 962 2789 Facitque
982 2754 1088 2789 longam
1123 2757 1242 2783 Detonsis
1255 2759 1318 2791 Epa-

289 2793 419 2828 phaeresm
433 2796 539 2829 capillis.

327 2836 343 2855 E
353 2835 366 2854 Ρ
376 2828 416 2856 AF
426 2837 445 2856 H
454 2837 473 2855 v
483 2837 511 2863 s,
532 2832 550 2857 i.
569 2840 605 2857 m.
641 2827 786 2863 [Ἔπαφος]
825 2825 903 2851 Filius
916 2825 984 2850 Iouis
997 2833 1025 2848 ex
1039 2825 1066 2850 Io
1082 2825 1122 2850 vel
1141 2824 1210 2857 Jstde.
1237 2825 1319 2850 Ouid.

290 2864 354 2890 Met.
367 2874 386 2897 1,
400 2870 449 2899 748
469 2875 537 2900 quum
547 2866 662 2900 fabulam
670 2863 711 2891 liis
718 2859 867 2893 enarraffizt,
885 2859 913 2885 de
929 2858 1036 2898 Epapho
1048 2859 1106 2884 haec
1112 2859 1252 2894 subiungit,

440 2901 508 2926 Hinc
521 2900 639 2935 Epaphus
653 2898 741 2933 magni
754 2897 857 2932 genitus
872 2895 903 2921 de
917 2895 1014 2920 semme
1026 2893 1130 2919 tandem
1147 2928 1152 2933 .

442 2936 565 2962 Creditur
579 2936 626 2961 esl'e
639 2935 712 2961 Iouis
721 2953 729 2966 ,
749 2940 846 2967 perque
859 2930 938 2957 vrbes
951 2928 1040 2956 iuncta
1052 2934 1155 2963 parenn

440 2970 555 3005 Templa
568 2975 647 2996 tenet.
1107 2998 1112 3003 Π

326 3010 518 3037 ΕΡΑδΤνε,
536 3014 565 3037 a,
585 3013 640 3030 uin.
675 3002 768 3029 Partic.
789 3001 849 3027 Pasl‘.
871 3000 901 3026 ab
928 2999 1053 3034 Epascor,
1074 3000 1134 3025 ens.
1170 2998 1238 3025 Idem
1260 2997 1325 3034 quod

1336 744 1362 771 ¹5

1331 1281 1364 1305 30

1334 1456 1362 1483 35

1326 2335 1361 2360 60

1324 2694 1361 2722 70

1333 2866 1365 2894 73

289 3037 386 3072 Pastas.
421 3040 501 3066 Ouid.
524 3041 552 3066 in
575 3039 690 3066 Halieut.
716 3045 756 3069 119
783 3038 818 3062 Vt
840 3037 930 3062 Scarus
945 3034 1041 3069 epastas
1059 3034 1128 3060 solus
1148 3035 1196 3069 qui
1207 3035 1323 3061 ruminat
1343 3035 1375 3061 80
1385 3032 1418 3059 de
1432 3032 1514 3059 Herb.
1533 3041 1555 3058 c.
1572 3041 1600 3058 10
1619 3041 1641 3058 rt
1662 3042 1698 3065 19.

286 3073 579 3141 hessifflt'xTARws,
600 3113 818 3139 rrA‘rmvs,
837 3106 1045 3133 vid.HE1'AR.

680 3171 706 3201 E
806 3169 827 3198 P
927 3168 954 3198 E

323 3213 505 3243 εΡΕΝΊ-Ηιῖί
515 3222 528 3242 s
539 3223 589 3248 ις,
608 3215 638 3243 is.
662 3215 681 3241 f.
719 3213 873 3248 [ἐπένθει-ις]
909 3210 942 3245 cst
958 3211 1085 3248 Appofieio
1104 3211 1220 3248 quaedam
1237 3212 1324 3238 literae
1340 3211 1369 3241 85

290 3253 330 3278 vel
337 3251 449 3287 syllabae
461 3251 495 3277 ad
507 3251 609 3277 mediam
627 3249 775 3281 Δι’ξῖίοηενη,
792 3256 821 3275 vt
832 3247 980 3283 produt‘sior
987 3248 1039 3283 fiat
1056 3249 1097 3273 vcl
1113 3250 1268 3282 quantitate,
1285 3248 1326 3274 vel

291 3295 339 3312 vna
349 3287 463 3322 syllaba.
496 3287 594 3312 Literar
613 3288 653 3313 vel
665 3285 796 3322 syllabae,
815 3291 843 3310 vt
864 3283 1008 3318 Kelliquias
1016 3290 1064 3318 pro
1077 3285 1210 3318 Reliquias.
1246 3283 1323 3316 Virg.

294 3323 355 3347 Aen.
372 3331 390 3354 1,
405 3331 434 3354 30
452 3321 697 3357 Ind11perator‚pro
715 3322 860 3355 Imperator.
902 3320 974 3345 Hanc
992 3326 1071 3344 autem
1096 3320 1141 3344 alii
1162 3317 1324 3351 Epenffielin,

293 3358 338 3381 atii
351 3357 512 3384 parenthesin
525 3364 622 3383 vocant.
677 3356 810 3390 Haecferc
823 3356 916 3381 Donat.
930 3354 961 3381 de
974 3354 1101 3380 Schemat.
1115 3363 1139 3388 p.
1155 3361 1224 3387 ¹772·
1281 3355 1323 3380 Sic

294 3392 383 3417 quen.
398 3393 447 3418 Sat.
462 3402 498 3424 10,
514 3397 551 3423 ¹38
567 3393 673 3419 Mauors
683 3400 730 3427 pro
745 3393 823 3417 Mars.
861 3391 936 3425 Virg.
950 3391 1015 3416 Aen.
1031 3395 1054 3422 8,
1068 3393 1125 3422 630.
1161 3389 1260 3415 Nauita
1273 3396 1322 3424 pro
1337 3391 1373 3415 90

299 3428 382 3452 Nauia
400 3427 478 3453 Ouid.
494 3429 584 3454 Amor.
599 3436 621 3458 2,
637 3436 668 3460 11,
685 3436 724 3460 ις.
760 3427 875 3461 Propert.
889 3434 913 3458 2,
927 3434 946 3457 1,
960 3434 1000 3458 43.

332 3467 370 3486 ῐῑΡ
383 3463 427 3486 ἐν
438 3470 467 3492 s,
487 3464 504 3488 i.
524 3473 559 3489 m.
593 3463 718 3497 [Ἐπειὸς]
757 3463 863 3488 Troiani
876 3461 1022 3496 equi-faber.
1057 3460 1131 3494 Virg.
1152 3460 1216 3486 Aen.
1231 3468 1257 3492 2,
1271 3462 1323 3493 264

299 3494 328 3519 Et
343 3496 394 3528 ipse
409 3496 463 3521 doli
476 3497 618 3524 fabricator
632 3499 722 3533 EpeuS.
757 3497 829 3533 Cous.
838 3496 927 3523 lustin.
941 3505 983 3527 23,
993 3505 1013 3527 r,
1030 3504 1048 3521 1.
1085 3495 1131 3521 Sed
1142 3505 1229 3530 coquus
1241 3499 1324 3522 etiam.

299 3529 384 3555 Varro
398 3531 425 3555 L,
439 3531 469 3556 L.
483 3534 506 3559 6,
520 3541 531 3563 3
545 3543 567 3566 p.
581 3541 622 3567 73,
639 3542 668 3566 23
689 3534 791 3559 Plautus
811 3534 908 3567 Epeum
921 3531 1068 3558 fumisicum
1082 3538 1153 3556 vocat
1166 3540 1272 3561 cocum,
1290 3530 1323 3556 ab

299 3563 369 3596 Epeo
383 3564 445 3595 illo,
466 3566 511 3598 qui
531 3567 625 3594 dicitur
644 3570 674 3596 ad
696 3569 812 3595 Troiam
831 3568 916 3594 secisse
930 3575 1026 3601 equum
1040 3567 1193 3593 Troianum
1209 3567 1325 3600 Argiuis,
1336 3572 1369 3598 93

299 3605 325 3624 et
345 3604 401 3631 apte
421 3599 508 3625 cibum
529 3604 620 3628 curasse
634 3614 639 3629 :
674 3604 734 3631 ideo
750 3605 788 3631 ait
802 3605 902 3638 Epeum
922 3602 1088 3631 fumificum,
1107 3602 1154 3636 qui
1168 3602 1265 3635 legioni
1278 3611 1324 3628 110-

298 3633 363 3659 strae
376 3633 451 3659 habet
465 3634 566 3660 coetum
578 3637 672 3664 cibum.

335 3675 351 3694 ις
361 3674 376 3693 Ρ
387 3675 402 3693 13
413 3676 428 3694 x
441 3670 456 3694 r·
466 3671 548 3695 (31381
561 3677 572 3695 s
583 3690 590 3701 ,
605 3671 635 3697 is.
655 3674 674 3698 f.
709 3674 879 3708 [ἐπιξήγησις]
915 3671 1051 3708 Appositio.
1075 3673 1167 3709 Figura
1179 3673 1324 3707 Syntaxeos.

296 3709 326 3730 vt
339 3703 407 3730 Vrbs
421 3704 511 3730 Roma.
548 3705 661 3731 Nondum
673 3708 819 3742 obseruatum
831 3720 857 3736 m
871 3710 962 3736 Latino
967 3709 1100 3744 scriptore.

669 3778 695 3808 E
796 3781 817 3810 P
919 3782 952 3812 H

324 3851 427 3886 'EPHA
439 3851 454 3871 1.
468 3851 628 3884 masi-on,
643 3845 972 3886 sprrHfflmA‘rmz,
993 3850 1054 3876 aris.
1076 3858 1110 3875 m.
1128 3849 1246 3877 Saltaeor.
1265 3849 1322 3875 Fir-

290 3881 646 3942 Εἶζξίἆῑξεῐεῐηιηπιυε,
664 3880 843 3916 kphalmator,
860 3884 1115 3922 orchestropalarius.
1157 3884 1321 3912 l'id.PETA-

334 3932 339 3942 1
456 3935 462 3941 .

1332 3752 1379 3770 100
1388 3749 1489 3770 veteres
1507 3742 1624 3776 ἓφιάλτην
1641 3749 1820 3775 vocauerunt,
1845 3743 1890 3770 alii
1912 3744 2021 3773 ἓπιξολὴν
2054 3760 2099 3765 -
2134 3742 2221 3770 Afficit
2239 3744 2358 3779 crapula,
2375 3740 2416 3769 vel
2445 3759 2447 3762 -

1325 3911 1378 3950 ιοξ

1771 156 2048 196 ΕΡΗ
2350 161 2421 209 376

1412 244 1601 279 arufiam,
1627 247 1646 272 i.
1679 255 1714 272 m.
1754 242 1878 278 [ἔφηέκ]
1921 246 1973 280 Ωμί
1990 245 2024 272 ad
2037 246 2180 282 pubertatis
2197 254 2276 271 annos
2291 247 2422 280 peruenit,

1378 280 1445 315 quast
1463 281 1504 306 ἐπὶ
1521 280 1593 311 ἳίίξηςι
1620 285 1638 307 ι’.
1672 281 1705 307 ad
1719 281 1889 316 pubertatem,
1918 289 1970 314 tue,
1989 285 2031 316 qui
2045 280 2077 315 est
2086 289 2164 316 prope*
2175 281 2336 315 pubertatem.
2378 281 2421 311 Vt,

1380 316 1502 350 Ephebus
1516 317 1601 344 Γᾶᾶυς
1614 317 1649 344 est
1663 316 1732 351 Nep.
1749 323 1783 349 ις,
1796 323 1819 345 2,
1834 325 1861 348 4.
1887 318 1905 341 i.
1926 316 2119 351 adpubcrtatcm
2134 320 2211 343 venit.
2256 316 2324 342 Ter.
2339 314 2421 342 Andr.
2440 324 2441 327 ¹

1383 359 1403 383 1,
1418 360 1437 383 1,
1450 360 1485 384 24
1506 352 1576 379 Nam
1590 353 1612 379 is
1625 352 1760 387 postquam
1780 349 1881 377 excellit
1900 358 1931 376 ex
1945 351 2053 385 ephebis
2066 352 2142 378 Sosia.
2198 351 2271 378 Idem
2287 352 2349 377 Eun.
2364 358 2385 383 ς,
2399 358 2421 383 1,

1383 391 1396 415 8
1415 387 1484 418 Qiis
1497 387 1548 414 fuit
1563 388 1662 422 igitur?
1691 395 1714 414 P.
1734 387 1780 413 isse
1793 385 1919 412 Chaerea.
1956 393 1985 413 T.
2005 388 2051 422 qui
2065 387 2199 414 Chaerea?
2236 394 2260 413 Ρ.
2276 386 2322 413 isle
2336 386 2421 420 Ephe-

1382 420 1431 447 bus
1450 421 1532 448 frater
1550 423 1700 450 Phaedriae.
1744 424 1811 448 Haec
1830 424 1894 447 citat
1912 421 1967 447 Cic.
1980 421 2011 449 de
2025 424 2098 449 Orat.
2112 432 2137 455 2,
2151 425 2197 454 326
2218 432 2239 448 c.
2253 427 2293 452 80.
2345 421 2422 447 Idem
2455 420 2463 437 ‘7

1382 465 1431 490 pro
1445 456 1537 483 Flacco
1552 467 1577 491 51
1596 468 1618 484 c.
1634 467 1661 485 21
1679 460 1765 492 Quem
1780 464 1808 484 tu
1822 466 1879 483 eum
1894 456 2024 490 ephebum
2035 459 2139 485 Temni
2153 459 2300 492 cognosses,
2321 458 2422 492 semper

1382 492 1484 517 nudum
1497 493 1544 518 esse
1557 494 1674 520 voluisti.
1747 494 1802 520 Cic.
1815 493 1846 519 de
1857 493 1952 519 Natur.
1967 493 2047 519 Deor.
2061 503 2079 526 1,
2093 503 2127 529 79
2145 503 2166 519 c.
2181 498 2210 523 28
2230 494 2335 526 Qlotus
2347 493 2420 518 enirn

1382 527 1497 561 quisque
1516 528 1648 555 formosus
1668 529 1726 555 esi?
1762 529 1871 555 Athenis
1891 537 1949 554 cum
1969 528 2060 560 essem,
2082 538 2096 555 e
2110 528 2233 563 gregibus
2255 528 2421 562 epheborum

1381 562 1427 588 vix
1448 561 1543 596 singuli
1562 564 1769 597 reperiebantur.
1841 563 1922 590 Plaut.
1941 564 2023 589 Merc.
2041 565 2106 597 prol.
2120 574 2156 597 40
2188 563 2322 598 Principio
2341 570 2421 598 atque

1382 598 1485 624 animus
1498 597 1607 631 ephebis
1620 604 1703 626 aetate
1716 600 1791 626 exiit.
1847 600 1942 626 Amans
1955 597 2071 633 ephebus
2087 601 2153 626 Hor.
2167 600 2245 634 Epist.
2258 608 2283 631 2,
2299 607 2317 629 ι,
2329 607 2385 633 271.

1418 639 1434 658 E
1444 640 1458 659 P
1468 640 1488 659 H
1498 640 1514 659 E
1525 640 1557 660 131
1568 640 1590 660 A
1599 653 1607 666 ,
1634 642 1672 660 ae.
1708 635 1728 661 f.
1766 633 1898 669 [ἕφηζῗία]
1940 635 2074 666 Pubertas,
2106 638 2125 661 i.
2150 643 2236 670 przma
2256 641 2331 671 aetas·
2343 631 2422 660 adolsss
2468 647 2470 654 ι

1376 667 1497 703 ι[εεηιίαε.
1537 669 1595 695 Vid.
1611 669 1705 695 Donat.
1725 670 1759 696 ad
1769 671 1837 697 Ter.
1851 670 1933 697 Andr.
1950 679 1970 702 1,
1984 678 2004 702 1,
2020 678 2060 702 24.
2256 667 2277 707 ff
2304 677 2321 695 2.
2356 669 2423 696 Vul-

1382 709 1432 737 gat.
1456 712 1472 730 2
1491 704 1606 731 Maccab.
1620 714 1647 738 4,
1666 712 1684 736 9
1714 705 1883 738 Gymnasium
1901 711 1926 732 et
1939 705 2075 740 Ephebian
2093 704 2227 738 (ἔφηζιάν)
2248 705 2422 738 constituere,

1381 741 1399 764 i.
1414 740 1490 765 locum
1499 759 1506 771 ,
1525 742 1552 765 in
1566 748 1612 775 quo
1626 739 1711 774 ephebi
1723 748 1880 769 exerceantur
1892 752 1900 767 :
1921 742 1974 767 vid.
1988 750 2044 767 mox
2057 746 2226 767 EPHERWM.

1418 781 1435 800 E
1444 781 1458 800 Ρ
1468 781 1488 800 H
1497 781 1514 800 E
1523 781 1582 803 B1c
1592 782 1611 801 v
1621 782 1651 807 s,
1669 783 1694 806 a,
1713 784 1768 803 um.
1804 777 1864 804 Adi.
1905 778 1949 810 Vt,
1969 775 2100 811 Ephebica
2112 774 2270 810 Chlamyda,
2288 779 2306 803 i.
2314 776 2424 812 puerilis

1380 810 1457 844 Apul.
1470 810 1554 836 Miles.
1569 820 1597 837 10
1623 819 1647 844 p.
1663 818 1716 842 253.

1418 852 1458 872 ΕΡ
1468 852 1488 871 H
1499 852 1514 872 E
1524 847 1640 878 ΒῑνΜ,
1674 847 1715 871 vel
1743 852 1761 872 E
1772 852 1789 871 r
1801 852 1822 872 H
1832 853 1976 880 EBEVM,
2001 847 2020 873 i.
2055 856 2081 873 n.
2118 845 2269 881 [ἐφήβων]
2312 847 2377 873 Pars
2396 854 2423 872 ea

1378 879 1529 915 palaestrae,
1549 884 1635 916 inqua
1648 880 1732 916 ephebi
1745 882 1925 909 exercebantur.
1961 883 2066 910 Vitruu.
2082 890 2103 914 ς,
2117 890 2139 907 11
2162 883 2192 908 In
2206 881 2305 916 duplici
2318 881 2442 916 porticu·

1382 915 1545 942 collocentur
1558 916 1622 943 haee
1637 915 1756 942 membra
1770 927 1776 942 :
1803 917 1944 951 ephebium
1957 919 2062 950 medio,
2082 917 2133 943 hoc
2152 923 2240 943 autem
2256 917 2290 943 est
2308 915 2424 944 exhedra

1382 950 1543 985 amplissima.
1590 951 1655 978 Plin.
1672 955 1710 984 16,
1724 960 1762 985 44
1783 952 1801 978 s.
1817 957 1845 982 88
1874 953 1905 979 In
1919 954 2053 980 Protesilai
2073 952 2191 987 sepulcro
2210 952 2335 985 arbores,
2356 960 2424 987 quae

1383 987 1508 1013 omnibus
1527 986 1617 1020 aenis,
1638 994 1684 1014 etc.
1743 988 1878 1023 Legebatur
1897 991 1959 1015 alias
1973 989 2098 1016 omnibus
2116 988 2237 1022 ephebiis
2257 989 2323 1015 eius.
2366 986 2453 1019 Vid...

1383 1022 1510 1048 Harduirz.
1707 1019 1728 1060 ff
1747 1031 1764 1048 2
1799 1022 1914 1057 Ephebia
1934 1028 2005 1050 etiam
2023 1035 2037 1051 a
2051 1024 2195 1060 pellantur,
2221 1024 2256 1050 Ea
2272 1024 2339 1055 ossa,
2358 1031 2426 1058 quae
2452 1024 2453 1027 ’

1382 1066 1397 1084 a
1409 1057 1479 1092 pube
1492 1066 1576 1092 vsque
1590 1056 1621 1084 ad
1636 1056 1683 1083 ilia
1696 1059 1855 1092 perueniunt
1874 1059 1945 1086 Cael.
1963 1032 2054 1086 Aures.²
2065 1061 2140 1086 Acut.
2155 1068 2178 1092 3,
2193 1067 2232 1093 17,
2246 1068 2302 1092 140.

1419 1099 1669 1125 EPHEBATVS,
1686 1102 1711 1125 a,
1732 1103 1787 1120 um.
1823 1093 1884 1120 Adi.
1920 1095 2047 1123 Laudatur
2066 1094 2154 1123 auctor
2171 1095 2248 1122 Varr.
2267 1094 2334 1130 apud
2351 1093 2427 1121 Non.

1382 1137 1408 1162 2,
1424 1137 1468 1162 552
1488 1128 1653 1163 Ephebatum
1671 1128 1834 1156 mulierauit.
1868 1129 1914 1157 Sed
1925 1129 1999 1156 leftio
2011 1137 2138 1166 corrupta.
2443 1146 2449 1153 x

1419 1171 1435 1191 E
1445 1171 1515 1191 PHE
1524 1170 1541 1190 C
1552 1171 1574 1190 Τ
1585 1170 1604 1190 0
1616 1171 1628 1190 s
1637 1183 1644 1195 ,
1676 1164 1695 1190 i.
1732 1174 1767 1190 m.
1803 1167 1814 1197 [
1827 1167 1925 1198 ἔφεκτος
1939 1167 1952 1199 ]
1993 1166 2159 1200 Septenarius
2169 1185 2175 1197 ‚
2199 1165 2298 1193 Senarii
2316 1161 2427 1200 rqspefsu

1382 1207 1504 1230 vocatur,
1523 1202 1566 1234 qui
1583 1202 1710 1225 contineat
1723 1201 1850 1227 Senarium
1869 1208 1891 1227 et
1910 1204 2032 1227 unitatem
2051 1201 2204 1237 impositam,
2223 1202 2301 1236 supra
2321 1201 2364 1227 sex
2383 1199 2428 1226 ad-

1383 1235 1455 1261 iee'to
1468 1235 1515 1261 asse
1524 1255 1532 1267 ‚
1551 1241 1580 1260 vt
1600 1234 1717 1270 describit
1731 1236 1838 1262 Vitruu.
1850 1244 1874 1268 3,
1888 1245 1908 1262 1.

1420 1277 1437 1296 E
1446 1277 1489 1297 PH
1499 1277 1541 1297 En
1551 1277 1570 1296 R
1579 1276 1618 1302 A,
1636 1279 1675 1296 ae.
1696 1271 1715 1296 f.
1744 1271 1837 1303 Herba,
1848 1271 1875 1297 de
1887 1281 1935 1307 qua
1947 1271 2090 1306 Plin.26,7
2108 1272 2214 1298 Caucon
2228 1279 2295 1306 quae
2308 1276 2335 1297 et
2344 1268 2429 1305 Ephe-

1383 1306 1445 1338 dra,
1466 1305 1499 1332 ab
1512 1305 1572 1331 aliis
1586 1305 1708 1331 Anabasis
1723 1312 1824 1333 vocata.
1862 1307 1988 1333 Nascitur
2001 1308 2111 1334 ventoso
2124 1307 2180 1333 fere
2192 1307 2293 1339 tractu,
2305 1305 2439 1333 scandens*

1382 1341 1505 1371 arbores,
1529 1347 1555 1366 et
1567 1349 1599 1366 ex
1612 1342 1692 1366 ramis
1706 1341 1888 1375 propendens,
1909 1342 1979 1368 folio
1996 1342 2087 1375 nullo,
2108 1341 2202 1368 cirrhis
2213 1343 2363 1374 numerosa,
2381 1341 2429 1377 qui

1382 1378 1441 1402 sunt
1455 1376 1528 1402 iunci
1543 1375 1696 1410 geniculati.
1732 1376 1801 1403 Add.
1817 1379 1861 1409 26,
1876 1385 1911 1408 13,
1932 1377 1975 1403 vbi
1987 1381 2060 1404 etiam
2075 1378 2211 1413 Hippurin
2224 1385 2307 1411 vocat,
2319 1385 2343 1404 et
2351 1378 2430 1414 plura

1381 1411 1410 1437 de
1427 1420 1454 1437 ea
1465 1417 1643 1437 commemorat.

1418 1453 1488 1473 EPH
1501 1448 1542 1472 ΕΙ.
1552 1453 1561 1472 1
1571 1453 1584 1472 S
1594 1466 1602 1478 ,
1621 1446 1681 1472 i'dis.
1718 1445 1738 1472 f.
1776 1445 1896 1479 [ἓφηλίς]
1937 1446 2114 1480 Tube-reulum,
2126 1446 2172 1482 fia
2185 1447 2299 1483 Aspredo
2317 1450 2383 1474 cutis
2401 1451 2430 1474 in

1376 1481 1466 1518 facie,
1486 1491 1515 1508 ex
1529 1481 1617 1508 ardore
1625 1481 1690 1517 Jblis
1695 1487 1833 1516 prognata.
1871 1480 1938 1508 Cels.
1951 1484 1978 1514 6,
1992 1490 2005 1515 ς
2024 1483 2107 1509 Paene
2126 1483 2242 1516 ineptiae
2261 1484 2320 1509 sunt
2330 1492 2430 1510 curare

1383 1526 1460 1545 varos
1474 1524 1499 1543 et
1513 1517 1665 1548 lenticulas,
1685 1522 1711 1542 et
1726 1516 1861 1550 ephelidas
1886 1531 1931 1536 —
1951 1518 2053 1550 Ἐφηλίς
2076 1533 2122 1538 --
2148 1518 2185 1544 est
2204 1519 2429 1554 asperitas·quae-

1383 1553 1443 1579 dam
1457 1560 1483 1577 et
1497 1551 1609 1577 durities
1619 1551 1693 1578 ⁴mali
1706 1552 1814 1577 coloris.
1851 1565 1895 1571 —-
1930 1551 2085 1586 Ephelidem
2103 1553 2175 1579 tollit
2194 1553 2294 1585 resina,
2310 1560 2357 1581 etc.
2370 1576 2373 1582 ,

1419 1591 1708 1624 ΕΡΗΕιἈΞΑΤοΒ,
1743 1585 1798 1610 vid.
1810 1585 1890 1620 supra
1910 1592 2191 1615 EPHALMATOR.

1418 1626 1488 1645 EPH
1499 1620 1549 1645 §M
1559 1626 1576 1645 E
1586 1626 1602 1644 R
1614 1619 1740 1651 1s,i'dis.
1767 1621 1787 1646 f.
1815 1620 1967 1655 [ἐφημερὶς]
2010 1624 2068 1650 Vsa,
2090 1631 2106 1650 C
2117 1629 2422 1652 OMMENTARH’S.
2454 1618 2458 1633 ·”

1383 1652 1495 1681 AHuum
1508 1654 1655 1680 diurnorum
1666 1660 1690 1679 et
1703 1654 1868 1690 impenfizrum
1881 1664 1950 1682 recen
1963 1657 1993 1684 io.
2036 1659 2105 1692 Nep.
2121 1666 2158 1692 25,
2173 1667 2208 1691 ¹3,
2220 1660 2237 1684 6
2261 1658 2360 1686 Scimus
2377 1674 2422 1687 ,—

1384 1697 1416 1714 ex
1438 1688 1608 1722 ephemeride
1627 1697 1690 1714 eum
1710 1690 1852 1724 expensum
1870 1691 1968 1717 sumtui
1989 1693 2060 1720 ferre
2081 1694 2198 1720 solitum.
2247 1694 2319 1730 Conf.
2335 1693 2423 1721 Treb.
2454 1696 2457 1699 ’

1384 1724 1473 1750 Pollio
1490 1727 1517 1750 in
1531 1725 1644 1750 Gallien.
1661 1731 1726 1751 extr.
1764 1725 1870 1759 Vopisc.
1885 1726 1973 1752 Probo
1992 1737 2012 1754 c.
2026 1737 2048 1760 3.
2089 1729 2172 1755 Ouid.
2187 1730 2278 1756 Amor.
2295 1738 2320 1762 1,
2338 1738 2380 1762 12,
2398 1735 2426 1762 25

1385 1761 1527 1789 Memorat,
1553 1759 1739 1794 Ephemeridas
1767 1761 1797 1786 In
1813 1761 1909 1794 quibus
1923 1762 2053 1790 absumtas
2068 1765 2142 1791 fleret
2160 1774 2253 1791 auarus
2267 1774 2337 1800 opes.
2371 1765 2425 1791 Au-

1383 1796 1438 1821 son.
1453 1794 1629 1829 Ephemerida
1642 1802 1716 1820 vocat
1728 1795 1792 1821 illud
1802 1796 1969 1830 corpusculum
1981 1802 2126 1831 carminum,
2140 1801 2228 1834 quibus
2241 1801 2344 1827 diurnos
2356 1797 2428 1826 aaut

1382 1829 1561 1865 complefsitur.
1602 1830 1742 1856 Vocabatur
1754 1837 1777 1855 et
1791 1830 1977 1857 calendarium
1991 1839 2015 1858 et
2028 1834 2169 1860 Diurnum.
2225 1836 2284 1861 Sen.
2292 1835 2370 1869 Epist.
2384 1842 2427 1867 123

1383 1866 1424 1892 Sic
1443 1874 1552 1897 coenas,
1571 1869 1697 1899 tanquam
1709 1865 1897 1899 Ephemeridas
1912 1868 1979 1900 patri
1991 1868 2193 1902 approbaturus.
2230 1871 2322 1896 quen.
2337 1862 2387 1896 Sai.
2402 1872 2428 1901 6,

1383 1909 1428 1936 573
1449 1903 1478 1927 In
1491 1902 1564 1927 cuius
1577 1900 1698 1927 manibus
1713 1909 1761 1926 ceu
1775 1902 1884 1935 pinguia
1900 1902 2001 1929 succina
2012 1904 2087 1929 tritas
2123 1905 2216 1931 Cernis
2234 1904 2426 1940 ephemeridas.

1381 1938 1500 1971 Propert.
1516 1945 1538 1968 3,
1552 1945 1594 1968 22,
1608 1945 1642 1962 20
1667 1935 1759 1971 deflens
1778 1936 1878 1962 tabellas
1891 1938 2024 1972 perditas,
2049 1940 2094 1965 Me
2108 1940 2250 1972 miserum,
2274 1939 2316 1966 his
2328 1939 2424 1974 aliquis
2450 1947 2454 1967 Ι

1382 1973 1514 1999 rationem
1527 1972 1616 1998 scribit
1635 1979 1745 2002 auaruS,
1772 1971 1802 1997 Et
1821 1972 1896 2006 ponit
1915 1972 1992 1999 duras
2008 1974 2080 2000 inter
2099 1974 2289 2008 ephemeridas.
2343 1975 2429 2003 Ouid„
2450 1975 2453 1980 '

1382 2009 1442 2035 Am.
1457 2017 1475 2039 1,
1490 2017 1527 2040 12,
1540 2015 1570 2040 23
1589 2007 1661 2033 Inter
1675 2006 1855 2040 ephemeridas
1868 2007 1964 2033 melius
1979 2008 2131 2042 tabulasque
2146 2010 2260 2036 iacerent
2272 2019 2353 2042 cerae,
2372 2014 2422 2048 qui-

1382 2045 1426 2070 bus
1443 2046 1544 2079 negauit
1550 2045 1652 2078 puella,
1675 2043 1706 2068 In
1726 2041 1822 2076 quibus
1841 2042 1971 2069 absumtas
1984 2044 2058 2069 fleret
2070 2053 2162 2070 auarus
2183 2054 2254 2079 opes.
2307 2046 2361 2073 Cic.
2372 2051 2420 2082 pro

1383 2080 1498 2112 Quintio
1519 2086 1550 2112 57
1577 2088 1598 2104 c.
1616 2084 1641 2108 18
1672 2076 1811 2103 Discedens
1829 2078 1858 2104 in
1876 2079 2034 2105 memoriam
2053 2079 2133 2106 rediit
2146 2081 2289 2114 Qiintius,
2309 2091 2362 2117 quo
2373 2080 2416 2109 dit':

1382 2115 1467 2140 Roma
1480 2115 1508 2140 in
1522 2114 1636 2140 Galliam
1652 2113 1786 2147 profectus
1800 2113 1843 2140 sit:
1868 2114 1899 2140 ad
1912 2113 2108 2148 ephemeridem
2120 2117 2275 2149 reuertitur,
2288 2117 2416 2144 inuenitur

1382 2150 1437 2176 dies
1454 2149 1636 2184 profeetionis.
1674 2150 1777 2184 Proprie
1794 2152 1868 2176 etiam
1880 2148 2081 2182 Astronomorum
2093 2149 2126 2183 est
2140 2151 2206 2178 Plin.
2219 2161 2263 2184 29,
2275 2161 2285 2179 1
2309 2151 2349 2179 Ad
2359 2151 2419 2179 side·

1381 2194 1443 2211 rum
1462 2193 1549 2212 motus
1568 2194 1599 2211 ex
1618 2184 1787 2219 ephemeride
1806 2184 1989 2212 mathematica
2008 2185 2082 2213 cibos
2102 2186 2205 2220 dando,
2225 2187 2359 2223 horasque
2373 2186 2422 2221 rob·

1380 2222 1517 2247 servando.
2448 2245 2450 2249 ,

1418 2264 1459 2283 ΕΡ
1469 2264 1488 2283 H
1498 2257 1546 2282 ΕΜ
1557 2253 1677 2287 ἓΚΟΝ,
1695 2255 1715 2282 i.
1745 2264 1771 2282 n.
1808 2262 1832 2282 et
1851 2256 2039 2283 Monemeron.
2074 2257 2179 2283 Animal
2191 2264 2273 2283 ortum
2285 2250 2423 2292 apud'Hip-
2448 2262 2449 2286 ζ
2469 2262 2471 2265 ’

1376 2293 1579 2327 paninfluuium
1598 2291 1664 2326 apud
1680 2290 1845 2327 Bosphorum,
1863 2291 1931 2326 apud
1946 2290 2054 2324 Aristot.
2069 2290 2134 2324 H1st.
2147 2293 2256 2317 Animal.
2272 2302 2298 2325 5,
2322 2313 2329 2320 .
2354 2311 2361 2318 .
2398 2299 2422 2319 et

1381 2328 1507 2354 Plutarch.
1522 2326 1615 2361 Consol.
1629 2327 1782 2362 adApollon.
1811 2324 1936 2361 ἧμερόέῗιον
1947 2327 2053 2361 appellat
2067 2327 2133 2353 Plin.
2148 2335 2180 2358 11,
2192 2329 2224 2358 36
2241 2327 2260 2353 s.
2274 2336 2306 2360 43
2326 2327 2422 2354 eodem

1374 2363 1434 2400 scil.
1456 2372 1510 2398 quo
1529 2370 1620 2390 natum
1639 2362 1675 2389 est
1696 2362 1738 2388 die
1759 2363 1883 2388 moriens.
1927 2363 1985 2388 Via.
1998 2364 2097 2389 Aeliam.
2110 2364 2144 2388 H.
2156 2364 2190 2388 A.
2207 2371 2231 2394 2,
2244 2372 2270 2395 4.
2299 2368 2322 2387 ct
2338 2372 2363 2396 5,
2380 2372 2419 2397 43,
2444 2373 2447 2385 ι

1381 2400 1501 2426 Meminit
1515 2408 1605 2435 quoque
1618 2398 1673 2424 Cic.
1686 2398 1769 2424 Tusc.
1784 2406 1804 2430 1,
1818 2406 1853 2430 94
1879 2407 1900 2424 c.
1915 2406 1954 2430 39.
2149 2395 2170 2433 fl
2191 2405 2203 2422 2
2239 2396 2418 2430 Ephemeron,
2450 2399 2452 2401 ’

1382 2435 1470 2461 Genus
1484 2433 1596 2465 herbae,
1614 2433 1681 2460 folia
1693 2433 1790 2460 habens
1805 2433 1874 2465 lilii,
1894 2433 1937 2459 sed
1949 2432 2070 2464 minora,
2088 2432 2189 2459 caulem
2203 2440 2307 2466 parem,
2326 2433 2416 2463 florem

2141 2468 2215 2504 Conf.
2234 2467 2352 2494 Scribon.
2368 2471 2418 2501 193.

1381 2470 1545 2500 caeruleum,
1568 2470 1655 2495 semen
1677 2470 1867 2504 superuacuum
1886 2468 1952 2494 Plin.
1974 2476 2015 2501 23,
2036 2476 2070 2500 13.

1381 2506 1466 2540 Diosc.
1478 2516 1503 2539 4,
1518 2512 1555 2536 83.
1590 2508 1633 2531 As.
1649 2506 1697 2531 Iris
1710 2504 1841 2530 siluestris.

1418 2547 1435 2567 Ε
1445 2548 1459 2567 P
1471 2547 1490 2566 H
1502 2539 1568 2566 ESV
1578 2548 1590 2566 S
1600 2560 1607 2571 ‚
1628 2541 1646 2565 l.
1682 2540 1702 2565 f.
1739 2538 1870 2572 [Ἔφεσος]

1381 2584 1455 2608 mae,
1475 2582 1500 2601 et
1513 2576 1612 2601 Dianae
1629 2574 1809 2608 spectatissimo
1829 2574 1927 2607 templo
1948 2573 2030 2605 (Plin.
2046 2576 2087 2605 36,
2103 2576 2148 2605 14)
2170 2581 2226 2599 tum
2246 2580 2271 2600 et
2290 2574 2422 2608 clarorum

1380 2612 1519 2643 virorum,
1536 2619 1650 2645 quorum
1666 2610 1780 2644 genitrix
1795 2609 1862 2641 fuit,
1878 2609 2015 2643 dignitate.
2070 2608 2160 2634 lustin.
2174 2617 2200 2639 2,
2214 2618 2242 2640 4,
2259 2617 2283 2641 ις
2301 2609 2334 2636 ab
2347 2609 2422 2637 Ama-⁸

1380 2646 1493 2675 zonibus
1508 2646 1641 2672 conditam
1654 2646 1762 2681 scribit,
1782 2644 1846 2680 quod
1859 2645 1935 2679 ipsum
1948 2651 1971 2670 et
1986 2644 2052 2670 Plin.
2067 2651 2096 2675 ς,
2111 2652 2140 2676 ²9
2160 2645 2299 2679 confirmat.

1418 2690 1434 2710 E
1445 2689 1461 2708 Ρ
1471 2690 1491 2709 H
1501 2690 1517 2709 F.
1526 2689 1538 2709 S
1547 2683 1558 2708 i
1567 2690 1588 2708 N
1598 2689 1617 2708 v
1626 2689 1655 2714 s,
1683 2690 1712 2713 a,
1741 2690 1796 2707 um.
1834 2681 1895 2706 Adi.
1947 2681 1997 2712 Vt,
2025 2679 2150 2713 Ephesina
2169 2680 2270 2706 mulier
2288 2680 2345 2707 Cic.
2364 2679 2424 2707 Phi-

1381 2719 1402 2745 li
1440 2738 1445 2744 .
1532 2738 1538 2743 .
1575 2737 1581 2743 .

1404 2727 1532 2780 ngi-l'sss
1542 2760 1602 2779 IVS
1612 2773 1620 2785 ,
1640 2761 1665 2784 a,
1685 2761 1740 2778 um.
1776 2751 1834 2778 Adi.
1872 2750 2014 2785 [Ἐφέσιος]
2051 2750 2107 2776 Cic.
2122 2749 2153 2776 de
2162 2750 2253 2777 Diuin.
2269 2759 2289 2783 1,
2303 2758 2340 2785 47
2362 2752 2424 2785 Qa

1382 2789 1460 2814 nocie
1474 2789 1600 2822 templum
1615 2787 1737 2821 Ephesiae
1750 2787 1849 2812 Dianae
1861 2787 2024 2819 detlagrauit.
2059 2786 2132 2821 Conf.
2145 2785 2210 2812 Plin.
2222 2788 2299 2819 36,14
2318 2786 2424 2814 Literae

1383 2822 1505 2856 Ephesiae
1514 2842 1522 2853 ‚
1542 2824 1638 2847 notulae
1652 2829 1723 2847 crant
1735 2824 1844 2857 magicae
1859 2820 2086 2857 ctficpetstitiofhe,
2104 2821 2190 2856 quibus
2204 2829 2301 2848 mente-s
2318 2825 2346 2847 in
2359 2823 2431 2849 omni
2474 2820 2479 2825 ’

1385 2860 1482 2893 negotio
1498 2855 1607 2882 vic‘sorcs
1626 2857 1739 2891 suasuros
1752 2857 1804 2892 sest
1822 2866 1869 2893 non
1889 2857 2041 2883 dubitabant.
2083 2856 2140 2883 Vid.
2162 2859 2215 2882 oiri
2234 2856 2304 2882 docti
2316 2856 2351 2883 ad
2361 2856 2423 2884 Ast.

1384 2902 1423 2925 19,
1441 2901 1477 2925 ¹9·
1524 2892 1596 2917 Clcm.
1615 2892 1687 2916 Alex.
1710 2892 1798 2917 strom.
1815 2903 1838 2926 5.
1874 2899 1897 2918 ct
1908 2893 2052 2919 Athenaeus
2066 2901 2100 2918 12.
2137 2891 2211 2926 Cous.
2227 2892 2341 2918 Kircher.
2362 2892 2423 2920 Oed.

1390 2929 1460 2953 Tom.
1471 2936 1485 2953 2
1501 2933 1530 2961 p.
1546 2926 1652 2966 469³]sp
1688 2927 1773 2961 Caper.
1787 2928 1814 2953 dc
1827 2928 1937 2964 Constcr.
1947 2930 2019 2954 Hom.
2029 2934 2057 2962 p.
2064 2936 2118 2961 27⁰·
2154 2927 2271 2954 Minium
2285 2927 2422 2963 Ephesium

1386 2962 1451 2988 Plin.
1465 2970 1501 2993 33,
1514 2970 1539 2996 7.
1576 2963 1674 2987 Vinum
1693 2962 1764 2988 Idem
1780 2972 1818 2997 14,
1834 2969 1856 2993 8.
2123 2996 2312 3030 IArfiolochia
2344 2975 2420 3034 Apus
2456 2984 2460 2990 ,

2316 3018 2325 3031 ,
2413 3017 2422 3026 .

1914 2539 2005 2564 Ioniae
2018 2538 2096 2570 vrbs,
2114 2537 2221 2572 insignis
2240 2537 2372 2572 quondam
2385 2538 2422 2566 fa-

1421 3004 1536 3023 rrHrs
1549 3003 1602 3028 1A,
1623 3005 1662 3023 ae.
1700 2998 1718 3024 f.
1756 3000 1858 3025 Herba.-
1883 2999 1924 3025 vel
1934 2998 2076 3032 Artemista,
2093 3006 2122 3023 ve

1427 3074 1444 3094 Ε
1459 3074 1474 3094 Ρ
1487 3074 1508 3093 H
1520 3074 1719 3100 1ALT1³s,ae.
1735 3077 1770 3095 m.
1784 3068 1959 3103 [Ἐφιάλτης]
1987 3069 2036 3094 Hic
2045 3068 2361 3103 ctOetus,Neptunifilii,
2374 3077 2421 3096 no-

1387 3113 1448 3131 vem
1460 3103 1551 3138 digitis
1562 3103 1668 3137 singulis
1683 3105 1830 3131 crescebant
1849 3103 1993 3135 mensibus,
2014 3112 2064 3138 qua
2082 3104 2144 3130 freti
2162 3104 2302 3131 altitudine
2319 3105 2421 3133 caelum

1388 3140 1531 3166 voluerunt
1550 3145 1688 3165 euertere:
1724 3140 1766 3166 sed
1790 3140 1888 3166 confixi
1912 3141 1970 3165 sunt
1995 3140 2093 3173 sagittis
2114 3139 2244 3174 Apollinis
2269 3146 2295 3166 et
2310 3140 2421 3167 Dianae-¹

1388 3176 1461 3202 Seru.
1481 3175 1514 3201 ad
1530 3174 1625 3209 Virgil.
1642 3175 1737 3209 Georg.
1759 3184 1781 3207 1,
1802 3182 1858 3205 282.
1913 3175 1985 3201 Idem
2000 3175 2058 3201 Cul.
2072 3184 2115 3207 235
2141 3176 2211 3202 Nam
2230 3175 2334 3202 vinelus
2353 3176 2422 3204 sedet

1389 3210 1512 3237 immanis
1532 3210 1691 3245 serpentibus
1705 3212 1772 3237 Otos
1795 3211 1937 3238 Deuidfflm
1951 3210 2064 3236 moestus
2082 3211 2172 3245 procul
2190 3211 2332 3246 adspiciens
2345 3210 2423 3246 Ephi-

1387 3247 1464 3273 alten.
1506 3246 1563 3272 Vid.
1581 3253 1602 3273 A
1615 3252 1630 3271 1.
1642 3252 1661 3272 O
1673 3252 1689 3271 Ε
1703 3253 1723 3271 Y
1733 3256 1745 3273 s
1756 3267 1761 3273 .
1999 3255 2011 3272 2
2049 3246 2087 3280 Est
2101 3250 2174 3274 ctiam
2193 3247 2366 3282 appellatiuum
2380 3249 2422 3274 πσὲ

1386 3292 1439 3309 men
1454 3281 1598 3317 Ephialtes,
1620 3281 1739 3313 lacubus,
1759 3281 1825 3317 quafi
1837 3281 1906 3308 dicas
1924 3282 2040 3317 Insultor.
2076 3283 2194 3310 Macrob.
2212 3283 2299 3309 Somn.
2319 3283 2386 3317 Scip.
2400 3285 2421 3316 Ι,

1388 3326 1400 3350 3
1423 3317 1590 3349 Phantasma,
1615 3317 1639 3343 h.
1655 3326 1674 3342 e.
1694 3317 1797 3349 Visum,
1816 3327 1896 3351 quum
1911 3317 1981 3343 inter
1992 3318 2111 3352 vigiliam
2126 3325 2151 3345 et
2166 3318 2281 3344 adultam
2295 3318 2421 3352 quietem,
2454 3323 2455 3330 ¹

1387 3354 1415 3379 in
1429 3353 1541 3388 quadam
1564 3356 1613 3383 (vt
1627 3352 1717 3384 aiunt)
1739 3353 1822 3386 prima
1841 3353 1926 3378 somni
1945 3353 2039 3380 nebula
2057 3354 2141 3381 adhue
2163 3354 2274 3388 vigilare
2295 3355 2321 3380 se
2334 3353 2419 3380 existi-

1388 3399 1477 3421 rnans,
1497 3389 1543 3424 qui
1557 3388 1674 3414 dormire
1688 3389 1733 3413 vix
1747 3388 1849 3421 coepit,
1868 3388 2000 3421 adspicere
2011 3390 2116 3417 videtur
2130 3391 2258 3416 irruentes
2278 3389 2307 3415 in
2319 3390 2344 3415 se
2354 3409 2362 3421 ‚
2378 3387 2421 3415 vel

1387 3424 1473 3459 passini
1493 3431 1614 3459 vagantes
1632 3424 1746 3456 formas,
1765 3433 1778 3449 a
1793 3430 1884 3449 natura
1903 3425 1945 3450 seu
1964 3426 2159 3459 magnitudine,
2173 3427 2215 3451 seu
2230 3425 2313 3459 specie
2327 3424 2426 3452 disere·-

1406 3467 1492 3492 ames,
1507 3460 1644 3494 variasque
1662 3459 1822 3493 tempestates
1841 3468 1929 3485 rerum
1949 3461 1989 3486 vel
2005 3462 2097 3495 lactas,
2116 3461 2158 3488 vel
2176 3460 2348 3486 turbulentas.
2389 3460 2426 3491 In!

1387 3470 1439 3522 lioc
1453 3504 1546 3530 genere
1561 3494 1596 3521 est
1610 3493 1757 3528 Ephialtes,
1777 3503 1854 3529 quem
1869 3494 1971 3528 publica
1985 3497 2112 3530 persuasio
2125 3497 2283 3532 quiescentes
2297 3487 2420 3530 opiffatur

1388 3531 1523 3560 inuadere,
1541 3536 1566 3556 et
1578 3529 1692 3564 pondere
1706 3531 1752 3556 suo
1765 3531 1858 3563 pressos
1871 3539 1898 3556 ac
1913 3532 2049 3559 sentientes
2064 3542 2181 3567 grauare.
2217 3533 2335 3557 Ponemus
2347 3533 2420 3557 etiam

1387 3568 1464 3593 Iocum
1478 3565 1563 3592 Caelii
1576 3565 1664 3591 Aurel.
1678 3565 1777 3591 Chron.
1793 3574 1811 3594 1.
1825 3575 1847 3598 3,
1861 3575 1892 3599 54
1911 3567 1945 3599 sq.
1969 3569 2025 3594 licet
2036 3569 2120 3604 paullo
2138 3569 2269 3602 longiorcm
2280 3577 2287 3591 :
2309 3565 2419 3593 Incubo·

1389 3611 1449 3628 nem
1463 3602 1547 3635 aliqui
1561 3600 1594 3627 ab
1614 3600 1729 3626 hominis
1742 3602 1845 3632 forma,
1871 3602 1911 3627 vel
1932 3602 2101 3630 similitudine
2119 3610 2214 3629 nomen
2235 3601 2330 3628 ducere
2349 3601 2418 3627 dixe-

1389 3644 1469 3664 runt:
1499 3637 1583 3671 aliqui
1601 3645 1615 3661 a
1628 3635 1770 3670 phantasia,
1792 3645 1842 3670 qua
1861 3638 1985 3670 patientes
2011 3639 2176 3665 afficiuntur:
2202 3636 2330 3672 siquidem
2347 3636 2418 3663 velut

1388 3671 1525 3699 ascendere
1538 3678 1615 3706 atque
1628 3671 1739 3697 insidere
1755 3673 1801 3697 suo
1821 3672 1919 3706 peelori
1939 3675 2052 3701 sentiunt
2072 3674 2223 3709 quidquam.
2269 3672 2418 3700 Themison

1390 3724 1435 3728 —
1466 3708 1611 3741 πνιγαλῐωνα
1628 3707 1750 3737 vomuit,
1780 3707 1906 3742 siquidem
1925 3711 2057 3743 praefocat
2076 3715 2248 3743 aegrotantes.
2303 3704 2440 3742 Qiidanrz'w

1389 3778 1564 3812 indigestione
1578 3777 1633 3811 iugi
1648 3785 1762 3803 vexatos.
1817 3780 1940 3806 Accidens
1958 3781 2036 3806 semel
2071 3793 2115 3799 —-—
2150 3780 2260 3806 minime
2273 3779 2349 3815 passio
2367 3776 2418 3804 dici

1387 3814 1479 3848 potest.
1515 3828 1560 3833 —-
1595 3812 1635 3838 Est
1649 3820 1735 3839 autem
1751 3814 1826 3848 supra
1841 3814 1910 3842 dicta
1924 3816 2000 3850 passio
2017 3814 2158 3849 Epilepsiae
2176 3816 2296 3842 tentatio.
2349 3814 2416 3841 Nam

1389 3848 1460 3883 quod
1474 3857 1558 3882 neque
1571 3848 1655 3879 Deus,
1679 3858 1763 3882 neque
1783 3850 1932 3883 semideus,
1950 3859 2034 3885 neque
2053 3850 2157 3883 Cupido
2177 3850 2222 3880 sst.
2242 3851 2318 3877 libris
2336 3848 2416 3876 caus&⁷

1389 3893 1448 3910 rum
1483 3898 1528 3903 -—-
1564 3883 1675 3909 Soranus
1689 3885 1837 3918 explicauit.
1893 3887 1941 3912 Ista
1956 3886 2037 3920 igitur
2051 3885 2160 3919 pastione
2174 3887 2291 3919 possessos
2303 3884 2415 3920 sequitur

1388 3918 1506 3953 corporis
1525 3917 1678 3945 tardissimus
1693 3927 1794 3953 motus,
1811 3928 1889 3956 atque
1902 3928 2010 3955 torpor,
2028 3927 2053 3946 et
2067 3921 2148 3955 magis
2163 3930 2208 3955 per
2221 3923 2350 3948 somnium
2364 3918 2414 3979 gig·

2352 3962 2384 3981 ve
2401 3960 2414 3978 ο
