2479 4225
67 130 149 167 77.
421 111 717 153 DEM

67 202 179 237 Plusque
193 203 279 237 cupit,
300 211 354 238 quo
367 203 442 238 plura
462 202 534 228 suam
551 200 668 228 demittit
680 203 710 228 In
723 200 818 227 aluum.

69 238 156 269 missa,
175 240 192 263 i.
203 239 300 265 Audita
319 240 385 264 Hor.
399 238 427 264 in
438 239 499 264 Arte
513 238 582 263 Poet.
597 247 622 263 v.
637 243 687 267 180.

69 282 125 300 rem
141 273 260 299 demissus
273 282 402 300 carcerem
416 273 466 305 est,
495 279 657 308 necatusque.

72 317 133 334 eum
150 309 235 334 casum
255 318 297 335 me
315 309 422 335 fortuna
443 308 587 335 demisisset.

71 349 94 369 rt
107 350 134 377 7,
148 351 181 369 12.
229 344 286 371 Vid.
301 345 390 372 Graeu.
403 343 436 370 od
446 345 492 370 loc.
534 342 642 371 Demissa
656 340 710 366 iam
725 340 752 365 in
767 338 907 365 discrimen
928 339 1021 365 ciuitas
1043 340 1102 365 Liu.

73 388 94 410 ς,
107 386 134 410 33
143 385 186 413 pr.
340 377 361 415 q
381 388 397 406 2
434 379 480 406 Sed
491 379 576 406 ordine
584 383 698 412 ponemus
705 372 861 406 Substantiam
874 374 1003 409 quaedam:
1022 374 1103 401 Ouid.

73 414 172 446 Met-48,
185 415 236 447 846
261 414 385 441 Tandem
405 413 511 441 demill'o
530 415 558 441 in
576 411 673 438 viscera
691 410 790 449 Censu,
827 409 894 436 Filia
914 409 1041 449 rctiabat,
1059 416 1105 436 etc.

72 451 91 474 i.
110 450 137 474 in
156 449 223 475 cibos
240 450 354 485 impenso.
426 450 497 476 Idem
511 450 574 477 Met.
593 455 615 478 3,
628 447 677 478 693
710 445 884 478 Cruciataquc
906 444 971 471 diris
985 446 1104 478 Corpora

75 484 212 510 tormentis
221 485 322 519 Stygiae
335 484 465 511 demittite
479 483 558 511 noeti.
630 482 733 513 Corpus
747 490 760 506 a
775 480 923 506 ceruicibus
959 480 1060 506 Auftor
1074 479 1104 506 ad

74 519 172 545 Heren.
193 528 216 551 3,
239 522 276 546 ι6.
348 520 427 547 Ouid.
444 522 504 548 Met.
520 526 555 549 12,
571 524 619 550 491
652 516 807 550 capuloque
821 521 895 542 tenus
910 515 1010 542 demisit
1025 515 1053 541 in
1067 524 1104 541 ar-

75 563 132 580 mos
150 555 242 581 Ensem
262 554 406 582 fatiferum.
474 554 534 581 Liu.
549 559 592 586 27,
608 560 635 583 19
673 552 703 577 In
721 550 789 577 hunc
809 551 965 578 inferiorem
985 559 1105 585 campum

75 589 222 623 posteriore
235 589 278 616 die
291 591 433 622 Asdrubal,
450 595 494 616 etc.
521 587 626 622 Equites
640 586 784 617 Numidas,
803 586 956 621 leuiumque
970 595 1104 612 armorum

75 624 193 651 Baleares
209 631 234 651 et
247 626 326 652 Afros
340 625 447 653 demisit.
516 622 598 649 Ouid.
612 630 644 648 ex
657 623 739 648 Ponto
754 632 781 656 4,
797 625 833 654 16,
848 631 871 654 ςι
892 621 963 655 Quid
978 622 1051 648 iuuat
1065 630 1106 647 ex—

77 659 174 686 tine'tos
186 661 294 687 Ferrum
314 662 450 688 demittere
467 658 496 684 ὶιι
511 664 590 684 artus.
661 657 728 683 Cels.
745 664 770 691 7,
786 660 828 689 26,
843 667 851 683 1
882 657 999 683 Medicus
1020 663 1106 683 autem

78 704 91 722 a
106 694 198 722 dextro
211 696 290 723 latere
301 697 398 723 sinistra
411 693 518 729 quidem
533 702 612 720 manu
625 693 709 718 colem
726 693 835 719 masculi
849 693 999 724 continere,
1018 692 1107 719 dextra

77 738 142 757 vero
164 731 286 757 Fistulam
308 732 443 758 demittere
464 729 493 755 in
512 729 563 755 iter
580 728 671 754 vrinae
690 728 776 762 debet.
797 731 815 754 i.
836 728 988 754 caehrtcrem.
1049 728 1108 754 Gla-

79 766 153 792 dium
172 767 305 800 spoliantis
325 768 353 793 in
367 767 420 791 ima
436 764 486 790 Ilia
505 764 596 790 demisi
631 763 711 798 Ouid.
727 764 790 790 Met.
811 772 847 794 12,
861 772 920 796 441.
992 763 1107 789 Imbrem

78 801 151 827 caelo
174 802 246 836 Virg.
261 803 354 835 Georg.
367 809 386 833 1,
400 808 435 831 23.
506 800 637 826 insontem
651 800 708 825 neci
729 799 801 827 Idem
816 799 878 824 Acn.
892 807 916 829 2,
931 803 967 830 85.
1021 799 1108 825 Lacri-

78 845 133 862 mas
153 835 254 864 demisit
288 836 325 863 Id.
341 837 404 862 Aen.
426 836 452 867 6,
471 842 526 869 435.
598 835 663 861 Leto
676 835 792 869 aliquem
810 834 896 861 Valer.
913 834 1011 867 Argon.
1021 841 1107 867 7,314.

79 872 186 898 Nomen
201 872 331 899 demissum
349 879 363 897 a
377 869 470 904 magno
487 871 545 896 hilo
570 870 644 905 Virg.
662 871 725 896 Aen.
742 878 761 901 1,
776 874 827 899 288.

79 908 127 933 612
157 908 287 934 Demisere
305 905 402 932 Oculos
421 914 511 932 omnes
530 906 711 940 gemitumque
730 904 833 931 dedere.

892 198 939 224 Per
953 206 1043 224 aurem
1057 198 1100 223 de-

758 235 818 260 Liu.
832 241 872 265 34,
888 243 926 266 44
945 234 975 259 In
991 233 1102 259 inferio-

727 269 782 295 Cic.
797 269 868 295 Fam.
885 277 921 299 ιο,
936 274 948 297 8
970 270 1060 301 Quun
1075 268 1103 294 in

656 307 687 332 In
705 304 806 330 causam
820 304 844 329 se
872 303 944 329 Idem
960 305 1012 329 Att.
1028 313 1065 335 ιο,
1079 309 1101 333 8.

903 905 969 931 Hor.
983 906 1071 930 Carni.
1092 914 1111 937 1,

79 947 117 973 28,
140 951 162 969 11
198 943 351 976 Habentque
397 941 512 968 Tartara
534 941 694 968 Panthoiden
723 941 820 966 iterum
841 940 912 966 Orco
960 941 1110 968 Demislinn.

79 975 103 1039 R
121 987 135 1010 3
172 977 296 1004 Notabiler
304 982 433 1012 praeterea
444 977 619 1012 Metaphorae:
660 975 759 1003 Sallust.
774 976 802 1002 in
815 975 931 1010 Iugurth.
949 984 1003 1007 102,
1020 985 1039 1003 11
1066 977 1112 1002 Po-

105 1022 178 1039 remo
194 1012 243 1038 hoc
259 1013 289 1038 In
303 1011 392 1046 peetus
407 1018 482 1038 tuum
501 1012 626 1043 demitte,
650 1020 785 1046 nunquam
804 1012 865 1045 Pop.
881 1012 958 1037 Rom.
978 1011 1112 1037 beneficiis

81 1048 182 1074 vietum
195 1048 255 1073 esse:
273 1056 332 1074 nam
345 1047 444 1073 bellum
457 1047 522 1081 quid
535 1047 630 1079 valeat,
649 1053 704 1073 tute
722 1047 776 1073 scis.

83 1085 180 1115 Voces,
211 1082 283 1109 velut
301 1082 409 1109 oraculo
430 1083 529 1115 missas,
562 1083 590 1109 in
607 1082 729 1117 pediora,
757 1082 911 1116 animosque
936 1082 1110 1109 demitterent.

83 1118 161 1145 Ouid.
175 1118 238 1144 Met.
251 1125 275 1152 7,
292 1127 329 1150 133
362 1118 496 1145 Demisere
509 1123 580 1145 metu
601 1118 710 1144 Vultum
726 1118 897 1152 animumque
910 1117 1014 1152 Pelasgi.
1071 1117 1111 1144 Ad

82 1154 184 1180 minora
201 1161 242 1179 me
256 1153 394 1180 demittere
414 1162 468 1180 non
487 1153 611 1181 recusabo
643 1153 772 1187 Qiintffil.
787 1153 815 1180 in
830 1161 947 1188 prooem.
967 1162 984 1179 1.
1055 1154 1111 1180 Cic.

80 1188 112 1214 de
124 1189 224 1214 Inuent.
241 1197 260 1220 1,
276 1191 322 1215 106
353 1190 413 1222 Qta
428 1190 547 1216 oratione
561 1189 651 1216 habita
668 1190 784 1224 grauiter
801 1194 825 1214 et
839 1189 1010 1221 sententiose,
1031 1189 1112 1215 maxi-

1128 529 1154 545 10

899 869 980 895 Ouid.
994 870 1057 895 Met,
1076 877 1110 901 ις,
1122 880 1155 897 20

833 1047 893 1072 Liu.
912 1055 954 1079 34,
970 1055 999 1079 ςο
1020 1048 1056 1073 Vt
1070 1055 1112 1073 eas
1129 1056 1160 1081 25

82 1231 124 1249 me
141 1223 288 1250 demittitur
309 1225 419 1251 Animus
439 1225 594 1257 hominum,
612 1229 638 1251 et
658 1225 689 1251 ad
708 1223 917 1251 misericordiam
938 1230 1112 1259 comparatur.
1130 1238 1162 1263 30

79 1258 150 1285 Idem
165 1260 202 1292 Q
213 1260 280 1286 Frat.
296 1268 315 1292 1,
330 1269 350 1292 1,
364 1269 376 1292 3
410 1261 576 1295 Qiapropter
587 1260 637 1286 hoc
652 1266 677 1286 te
697 1261 814 1295 primum
826 1268 906 1294 rogo,
924 1269 956 1285 ne
975 1260 1113 1286 contrahas

80 1299 125 1320 aut
138 1293 259 1321 demittas
278 1296 413 1322 Animum.
485 1297 516 1322 Et
530 1296 612 1322 Tusc.
627 1305 653 1329 4,
668 1305 698 1328 14
728 1295 768 1322 Est
783 1295 865 1330 igitur
882 1295 1036 1329 aegritudo,
1057 1296 1114 1330 opi—

81 1329 128 1355 nio
139 1338 226 1356 recens
245 1330 308 1356 mali
322 1331 478 1365 praesentis,
497 1332 526 1357 in
543 1340 596 1366 quo
610 1331 730 1363 demitti,
751 1331 925 1366 contrahique
940 1331 1052 1362 Animo,
1073 1340 1113 1358 re-

81 1364 151 1390 &um
163 1366 210 1393 esse
225 1365 354 1393 videatur.
427 1367 482 1393 Cic.
498 1366 529 1393 de
543 1368 600 1393 Fin.
615 1374 636 1399 ς,
651 1376 683 1400 42
697 1376 718 1393 c.
734 1374 757 1399 ις
785 1367 811 1393 Si
824 1367 946 1399 vincunt,
963 1366 1074 1393 efferunt
1088 1367 1113 1392 se

81 1399 195 1426 laetitia:
217 1400 284 1427 viffl
304 1401 491 1435 debilitantur,
513 1403 675 1437 Animosque
697 1402 846 1430 demittunt.

80 1436 132 1468 609
163 1436 311 1463 Demittunt
330 1438 445 1464 Mentes:
475 1438 495 1464 it
514 1439 584 1464 scifl'a
600 1438 670 1464 veste
690 1438 807 1464 Latinus.
843 1440 860 1464 i.
875 1438 1032 1472 Desperant;
1054 1437 1116 1463 sicut

81 1476 189 1504 eontra,
215 1473 349 1506 sperantes
362 1473 465 1508 aliquid
475 1492 483 1506 ,
508 1474 618 1507 Erigunt
631 1479 737 1500 mentes.
774 1474 887 1500 Seruius.
961 1474 1076 1507 Propert.
1092 1481 1117 1505 2,

81 1513 122 1538 22,
137 1515 169 1539 29
195 1507 274 1534 Talis
289 1508 343 1535 visa
355 1508 424 1535 mihi
436 1510 528 1535 somno
542 1509 654 1536 Demisi‘a
669 1508 776 1535 recenti.
846 1509 909 1535 Vim
923 1508 1028 1534 dicendi
1040 1508 1118 1535 tantis

79 1548 255 1581 comparatam
273 1543 409 1570 laboribus
430 1544 462 1571 ad
477 1553 560 1571 vnum
579 1544 731 1571 auditorum
756 1544 911 1576 demittere,
935 1544 971 1570 est
990 1544 1118 1578 quaedam

79 1580 158 1603 tacita
170 1577 322 1613 dedignatio
351 1579 481 1612 Qiinffil.
498 1588 518 1612 ι,
530 1589 550 1605 2.

79 1612 213 1674 {olbumceih
232 1623 255 1647 ς,
269 1617 295 1647 6,
307 1623 341 1641 12.
397 1615 567 1651 Conficnditur
580 1618 608 1641 in
623 1616 706 1643 MStis
727 1623 780 1640 cum
799 1614 948 1640 dimittere:
977 1613 1029 1639 vid.
1051 1615 1119 1639 Dra-

98 1657 125 1673 ενι
143 1668 149 1674 .
162 1659 176 1674 α
207 1650 252 1675 Sil.
267 1659 299 1680 11,
316 1659 326 1676 1
349 1659 372 1677 2.

118 1689 194 1709 DEM
204 1690 234 1709 is
244 1692 256 1710 s
268 1691 288 1709 ν
300 1660 365 1716 s,4a,
387 1693 442 1711 um.
463 1684 556 1711 Partic.
591 1684 765 1718 [καθειμένος]
801 1683 949 1716 Plin.11,37
961 1683 979 1708 s.
993 1684 1024 1713 65
1041 1682 1119 1707 Tum

83 1716 212 1751 siquidem
226 1719 356 1745 inferiore
376 1720 450 1746 labro
464 1720 581 1750 demisso,
590 1720 622 1744 ad
635 1719 823 1744 libramentum
836 1717 957 1742 modicae
970 1717 1069 1749 Aquae,
1082 1724 1121 1741 re-

83 1758 172 1785 ceptae
189 1753 218 1780 in
235 1754 338 1786 fauces,
360 1755 502 1787 palpitante
521 1753 561 1778 ibi
582 1753 687 1785 lingua,
715 1752 828 1778 vlulatus
849 1751 962 1776 elicitur.

83 1786 136 1816 ait,
153 1795 265 1818 moneo,
285 1796 334 1818 ne,
354 1788 372 1812 si
386 1787 517 1813 demissior
532 1787 601 1817 ibis,
632 1786 706 1811 Vnda
725 1790 816 1819 grauct
837 1793 932 1818 pennas
959 1783 1038 1810 Ouid.
1054 1786 1118 1811 Met.

80 1825 106 1852 8,
118 1828 181 1853 204.
251 1821 325 1855 Virg.
339 1822 435 1855 Georg.
454 1829 476 1852 3,
490 1829 539 1853 500
568 1821 696 1846 Demissae
713 1821 796 1846 Aures
810 1819 923 1846 incertus
937 1819 1038 1846 ibidem
1075 1821 1120 1846 Su-

81 1854 139 1881 dor.
195 1855 276 1882 Ouid.
286 1855 365 1890 Epist.
381 1865 418 1888 10,
434 1863 476 1890 137
507 1855 616 1890 Adspice
629 1855 749 1881 demissos
764 1855 877 1889 lugentis
892 1855 920 1880 in
933 1864 980 1881 ore
994 1855 1120 1890 Capillos.

83 1891 168 1924 Caput
187 1891 272 1917 Catul.
286 1896 323 1923 83,
338 1894 393 1923 (86)
409 1896 432 1921 8.
488 1891 545 1917 Cic.
560 1900 608 1925 pro
623 1891 728 1917 Cluent.
742 1896 769 1923 58
797 1892 829 1916 At
842 1891 873 1916 C.
888 1891 1021 1917 Fabritius
1034 1900 1047 1917 a
1064 1891 1121 1918 sub-

81 1926 164 1953 selliis
184 1925 291 1953 demisso
304 1927 397 1961 Capite
415 1926 568 1953 discesserat.

83 1962 167 1988 Serm.
187 1971 213 1995 2,
227 1970 250 1995 ς,
262 1964 300 1994 63.
334 1965 352 1988 i.
364 1960 512 1988 Deduflum.
568 1962 692 1988 Humeris
706 1961 816 1987 demiffis
827 1962 904 1996 virgo
937 1962 1005 1988 Ter.
1020 1962 1085 1987 Eun.
1097 1970 1121 1991 2,

84 2005 110 2028 2,
125 2005 161 2023 22.
221 1997 269 2025 Vbi
287 1998 419 2030 Donatus,
434 1997 559 2032 Antiqui
579 1998 674 2024 Graeci
693 1997 773 2023 etiam
786 1997 936 2031 virginibus
952 1997 1003 2023 suis
1016 1997 1123 2031 praebe-

83 2032 148 2060 bant
159 2032 311 2067 palaestram
324 2032 357 2059 ad
373 2033 554 2066 componenda
569 2041 688 2067 corpora.
711 2034 765 2064 vel,
791 2033 907 2058 Demissis
919 2033 1060 2064 Humcris,
1079 2033 1124 2057 Li-

84 2068 165 2102 quide
185 2074 210 2094 et
228 2068 347 2094 molliter
363 2067 500 2099 deduffls,
524 2076 610 2102 neque
628 2068 776 2094 extantibus
790 2068 845 2094 alae
859 2068 887 2093 in
900 2067 1019 2094 modum.
1074 2067 1122 2093 La-

84 2103 137 2130 biis
150 2103 260 2130 demiffis
272 2103 354 2130 homo
386 2103 455 2130 Ter.
471 2104 537 2129 Eun.
553 2112 575 2135 2,
589 2112 613 2135 2,
627 2112 672 2136 44.

86 2139 163 2172 Virg.
176 2139 240 2164 Aen.
262 2147 288 2171 4,
309 2141 362 2171 263.
452 2139 523 2165 Loca
536 2137 641 2165 demissa
653 2144 678 2165 et
692 2139 816 2173 palustria
845 2140 916 2165 Caes.
937 2139 965 2165 B.
986 2139 1015 2164 C.
1038 2146 1059 2169 3,
1077 2146 1122 2170 49.

85 2173 213 2201 Manibus
232 2173 346 2206 demislis
359 2174 451 2209 fugere
471 2173 581 2201 domum
610 2175 693 2201 Plaut.
710 2175 784 2208 Epid.
803 2183 826 2206 3,
838 2183 865 2207 4,
878 2177 915 2200 16.
985 2173 1066 2200 Pallia
1082 2173 1124 2199 de-

87 2209 161 2235 missa
188 2209 269 2235 Ouid.
284 2210 375 2236 Amor.
392 2219 416 2242 3,
434 2218 457 2242 2,
475 2217 513 2242 25.
582 2211 700 2244 Purpura
712 2210 817 2236 demissa
831 2219 914 2244 vsque
928 2209 960 2236 ad
973 2209 1038 2236 talos
1067 2209 1123 2235 Cic.

86 2253 137 2280 pro
154 2243 258 2271 Cluent.
271 2252 308 2271 111
320 2254 341 2271 c.
355 2253 400 2278 40.
438 2244 568 2279 Qinffil.
583 2253 605 2278 ς,
620 2254 653 2278 13.
696 2246 777 2280 Ripae
788 2245 947 2272 demissiores
968 2245 1031 2271 Plin.
1045 2244 1124 2278 Epist.

85 2285 111 2312 8,
124 2285 158 2309 ιε.

86 2315 165 2341 missis
179 2315 293 2342 ambulat
305 2315 452 2342 Malthinus
482 2317 549 2343 Hor.
565 2317 616 2343 Sat.
629 2326 650 2349 1,
662 2326 687 2343 2.
765 2318 852 2343 Varro
871 2337 878 2343 .
900 2337 906 2343 .
926 2336 932 2343 .

86 2350 176 2377 Thais
188 2350 330 2378 Menandri
340 2352 477 2378 Tunicam
496 2352 628 2379 demissam
648 2352 743 2379 habeat
761 2352 793 2379 ad
806 2352 879 2379 talos.

87 2387 169 2413 Serm.
185 2395 205 2419 1,
218 2395 244 2419 2,
255 2394 296 2421 95.

85 2422 202 2449 Seruius.

958 2318 1025 2343 Cum
1042 2315 1123 2343 etiam

950 2352 1035 2379 Vestis
1056 2352 1122 2377 Hor.

367 2388 440 2414 Voce
454 2388 559 2415 demissa
570 2387 646 2423 loqui
676 2389 751 2423 Virg.
768 2389 832 2414 Aen.
847 2397 869 2420 3,
882 2396 938 2419 320.
970 2391 987 2413 i.
1009 2387 1123 2413 Humili.

255 2420 385 2449 Abicrffus.
403 2423 460 2449 Cic.
475 2432 523 2458 pro
536 2425 611 2450 Font.
625 2432 651 2455 23
672 2424 779 2450 Versari
791 2424 881 2450 animo
894 2423 1008 2449 Demisso
1017 2442 1024 2453 ,
1045 2428 1124 2457 atque

901 1402 975 1436 Virg.
990 1404 1054 1428 Aen.
1077 1411 1115 1433 12,
1134 1413 1161 1438 35
1181 1402 1255 1436 equis
1287 1400 1367 1428 Ouid.
1381 1401 1446 1428 Fast.
1468 1408 1503 1433 4,
1522 1403 1561 1430 86.

624 1580 769 1606 Demittere
783 1579 881 1605 librum
895 1579 990 1604 dicitur
1002 1578 1088 1604 vimus
1104 1587 1119 1603 a
1135 1587 1172 1611 40
1183 1587 1254 1604 mors
1268 1577 1336 1602 mihi
1349 1585 1444 1602 munus
1458 1576 1509 1602 erit
1531 1575 1604 1601 Idem
1617 1575 1702 1602 Trist.
1717 1584 1736 1607 1,
1751 1584 1776 1607 2,
1790 1582 1829 1606 52.

1037 1751 1120 1781 Icare,
1136 1761 1168 1787 45·

638 1927 725 1952 Genus
740 1925 876 1952 demissum
889 1926 922 1952 ab
937 1927 1023 1952 Aenea
1051 1928 1119 1952 Hor.
1130 1942 1161 1968 50
1185 1927 1272 1953 demta
1284 1927 1351 1961 pelle
1369 1927 1466 1953 Tibul.
1482 1937 1502 1960 1,
1516 1936 1541 1959 9,
1555 1930 1600 1960 46.

745 2104 830 2130 Laena
844 2103 949 2129 demissa
963 2112 993 2129 ex
1007 2103 1122 2128 humeris
1140 2114 1168 2140 55

214 2280 308 2306 Succus
321 2289 336 2306 a
348 2281 425 2307 cedro
443 2281 600 2307 Sammonic.
617 2291 639 2308 c.
653 2290 671 2313 4
685 2290 709 2316 p.
722 2290 744 2307 2.
765 2285 783 2308 i.
797 2279 906 2307 edusius.
950 2280 1067 2307 Tunicis
1081 2280 1123 2306 de·
1143 2285 1178 2309 60
1189 2281 1235 2315 qui
1255 2280 1302 2306 ista
1314 2279 1421 2313 dicunt,
1439 2289 1520 2314 quam
1539 2280 1587 2314 qui
1600 2280 1709 2314 impune
1728 2279 1798 2306 dieta
1815 2279 1933 2306 audiunt.

1550 109 1588 149 D
1677 109 1711 150 E
1807 111 1856 152 M

2152 118 2203 162 '78

1165 208 1225 225 meu
1242 196 1331 224 nihilo
1350 199 1465 233 segnius,
1485 207 1561 234 quam
1576 199 1643 225 inter
1656 198 1855 226 multitudinem
1877 200 1933 227 esse.
1970 200 2036 228 thid.
2052 199 2203 234 Demiurgis

1166 235 1300 261 ciuitatem
1316 234 1362 268 qui
1385 236 1497 261 summus
1510 234 1545 261 est
1559 234 1736 268 magistratus,
1755 236 1868 269 Aegium
1885 236 2072 268 euocantibus,
2089 243 2133 262 etc.
2173 237 2203 262 In

1167 269 1289 296 nonnullis
1303 268 1424 295 codicibus
1436 271 1526 306 legitur
1540 271 1706 304 Damiurgus.
1742 270 1815 306 Conf.
1830 271 1884 297 Cic.
1899 273 1969 297 Fam.
1986 280 2012 304 9,
2027 280 2065 298 22.

1205 312 1222 331 Ι)
1233 312 1281 331 EM
1292 312 1327 335 O,
1349 304 1377 336 si,
1396 311 1460 335 tum,
1477 305 1596 342 (quidam
1610 305 1716 339 dempsi,
1737 304 1871 339 demptum
1879 306 2015 341 scribunt)
2036 310 2089 334 ere.
2108 305 2204 341 [οἰφαι-

1168 341 1227 375 ρέω,
1246 340 1350 375 ἔξαίρω]
1391 342 1532 367 Duram-rc.
1570 341 1637 368 Ter.
1653 342 1717 367 Eun.
1731 350 1757 373 4,
1772 349 1792 373 ι,
1807 349 1829 372 13
1855 341 1917 367 Inde
1933 350 2024 368 aurum
2045 343 2140 368 mulier
2155 341 2202 368 sibi

1169 376 1234 401 clam
1256 374 1349 401 demit.
1407 376 1478 410 Coos.
1500 377 1580 402 Plaut.
1600 376 1690 403 Bacch.
1708 384 1736 408 4,
1754 385 1782 408 4,
1802 385 1838 408 14.
1908 377 1964 402 Cic.
1983 377 2014 403 de
2034 378 2070 404 N.
2093 378 2124 403 D.
2139 386 2160 410 3,
2173 380 2203 408 63

1169 411 1293 446 Idemque
1306 410 1452 444 Aesculapii
1468 411 1593 444 Epidauri
1612 411 1719 439 barbam
1740 420 1845 438 auream
1860 410 1930 437 demi
1943 412 2018 439 iussit.
2056 414 2189 439 Contraria
2197 424 2204 437 .-

1169 447 1222 472 Cic.
1243 445 1320 472 Acad.
1340 454 1367 477 4,
1387 454 1422 477 49
1457 448 1545 478 Quum
1565 446 1665 482 aliquid
1686 447 1837 473 minutatim
1850 453 1876 473 et
1895 447 2022 481 gradatim
2042 448 2147 474 additur
2159 455 2204 474 aut

1171 481 1293 508 demitur.
1328 481 1439 507 Demere
1453 480 1524 507 dere
1539 482 1625 516 aliqua
1652 483 1732 509 l'laut.
1750 483 1878 508 Trinum-
1900 491 1923 514 2,
1938 491 1964 514 2,
1978 485 2017 511 68.
2052 483 2146 518 Liu.7,
2167 502 2174 510 .
2197 504 2203 510 .

1171 517 1261 551 Aeque
1283 517 1412 550 impotens
1432 516 1587 549 postulatum
1602 518 1668 549 suit,
1683 523 1712 544 vt
1723 517 1754 544 de
1768 517 1898 551 stipendio
1913 518 2032 551 equitum
2046 526 2104 544 acra
2117 520 2204 545 deme-

1169 559 1268 578 rentur.
1324 551 1379 577 Cic.
1396 552 1470 577 Verr.
1485 560 1506 581 τι,
1523 557 1554 581 80
1575 553 1662 578 Demit
1678 553 1708 580 de
1728 553 1811 587 capite
1831 552 1963 579 medimna
1977 553 2102 579 sexcenta.
2138 554 2205 580 Cels.

1171 593 1193 619 8,
1207 597 1224 619 4
1244 587 1293 614 His
1306 587 1342 613 ita
1357 587 1557 613 succurrendum
1579 589 1629 620 est,
1647 595 1674 614 vt
1688 595 1776 615 tamen
1789 597 1867 623 quam
1885 588 2027 614 minimum
2047 589 2083 614 Ex
2099 589 2150 615 oss'e
2163 589 2206 614 de-

1170 629 1265 649 matur.
1337 622 1422 655 Caput
1443 622 1529 656 gladio
1559 624 1632 649 Curt.
1651 631 1678 655 4,
1698 631 1779 657 9,.25.
1849 623 1904 650 Cic.
1919 623 1951 650 de
1970 624 2044 649 Petit.
2063 624 2170 649 Consul.
2189 631 2205 658 7

1171 658 1241 685 Nam
1256 657 1317 688 illis,
1324 666 1391 691 quos
1412 658 1580 684 meminimus
1596 658 1692 690 (vallis,
1715 659 1761 693 qui
1773 664 1873 686 tanturn
1887 658 2058 685 Titiniorum
2068 679 2076 691 ,
2091 667 2121 685 ac
2136 659 2208 685 Nan-

1172 695 1294 723 niorum,
1324 701 1352 719 ac
1372 692 1552 719 Tanusiorum
1571 694 1662 728 Capita
1687 693 1839 727 demebant,
1872 693 1942 720 Sulla
1960 703 2041 720 vnum
2063 694 2209 720 Catilinam

1172 728 1342 763 praefecerat.
1413 728 1494 754 Plaut.
1507 729 1618 756 Trucul.
1633 738 1658 761 2,
1673 738 1701 762 4,
1715 732 1742 756 16
1772 731 1828 756 Iam
1839 729 1919 756 rediit
1931 729 2051 756 animus:
2072 729 2152 755 Deme
2168 730 2208 755 so-

1172 765 1224 790 leas
1235 783 1242 795 ,
1263 762 1327 789 cedo
1340 762 1441 789 vinum.
1513 765 1617 798 Vngues
1635 765 1714 790 Plaut.
1728 765 1815 791 Aulul.
1830 773 1855 795 2,
1866 774 1888 798 3,
1901 773 1922 797 3.
1994 765 2095 792 Lucret.
2113 773 2139 797 1,
2158 770 2209 794 800

1173 799 1242 826 Poss‘e
1262 797 1353 824 eadem
1374 798 1468 825 demtis
1487 800 1588 834 paucis,
1609 799 1749 834 paucisque
1767 799 1902 827 Tributis.
2054 798 2074 837 fl
2096 809 2111 827 2
2151 801 2210 827 For-

1172 835 1249 861 mulae
1262 834 1402 860 elementari
1409 834 1493 860 ordine
1522 834 1607 867 alitae:
1621 834 1700 862 Ouid.
1707 834 1739 860 de
1746 835 1820 860 Rem.
1831 836 1920 862 Amor.
1930 842 2004 870 1,5;7
2019 836 2044 862 O
2054 836 2100 870 qui
2112 835 2211 862 sollici-

1174 876 1214 897 tos
1228 868 1309 895 modo
1325 868 1378 901 daS,
1398 869 1478 896 modo
1491 842 1574 896 dpemis
1587 871 1705 897 Amores.
1741 869 1840 895 Sallust.
1854 869 1885 895 de
1898 871 2041 904 Republica
2056 871 2211 904 ordinanda,

1175 907 1243 939 Ergo
1257 904 1284 930 in
1299 905 1391 938 primis
1400 905 1588 931 Auctoritatem
1602 905 1727 939 pecuniae
1741 904 1855 930 demito:
1873 913 1958 938 neque
1970 906 2002 931 de
2014 908 2110 941 capite,
2123 915 2209 941 neque

1176 940 1207 967 de
1220 940 1322 966 honore
1334 948 1366 965 cx
1380 941 1462 974 copiis
1474 941 1612 975 quisquam
1625 940 1707 974 magis
1721 944 1765 965 aut
1777 939 1864 965 minus
1878 940 2043 967 indicauerit.
2080 942 2147 968 Cels.
2164 951 2185 975 1,
2197 951 2211 974 3

1176 977 1209 1002 At
1226 983 1287 1002 vere
1300 975 1444 1009 paullulum
1457 976 1527 1002 Cibo
1541 975 1697 1002 demendum
1706 995 1715 1007 ,
1728 974 1959 1008 adiiciendumque
1977 976 2090 1009 potioni.
2112 980 2130 1004 i.
2150 979 2212 1004 isere

1175 1021 1223 1038 non
1234 1017 1331 1037 tantum
1353 1010 1406 1037 Cibi
1419 1011 1576 1046 capiendum,
1590 1010 1638 1046 sed
1652 1010 1733 1046 paullo
1755 1010 1882 1036 liberalius
1899 1010 2026 1036 bibendum
2042 1010 2084 1043 est.
2139 1012 2212 1039 Idem

1177 1049 1204 1078 6,
1223 1054 1234 1079 ς
1266 1046 1378 1073 Demere
1396 1047 1496 1080 aliquid
1516 1055 1547 1072 ex
1560 1046 1639 1072 cibo.
1711 1044 1860 1071 Commoda
1892 1044 1973 1071 Ouid.
1986 1046 2078 1072 Amor.
2101 1055 2121 1078 1,
2135 1056 2160 1079 2,
2175 1053 2210 1079 38.

1177 1083 1274 1109 Curam
1288 1087 1312 1108 ct
1325 1081 1519 1108 solicitudinem
1537 1082 1595 1107 Liu.
1609 1090 1644 1114 31,
1665 1101 1671 1107 .
1690 1100 1698 1107 .
1752 1081 1879 1107 Dolorem
1898 1080 2001 1106 Lucret.
2015 1089 2040 1112 2,
2054 1089 2081 1107 21
2118 1083 2211 1109 Iulian.

1177 1118 1207 1144 in
1220 1117 1237 1143 l.
1252 1117 1392 1143 habitator.
1411 1118 1441 1143 D.
1456 1117 1488 1144 de
1502 1117 1542 1143 rei
1555 1116 1684 1142 vendicat.
1708 1115 1851 1142 Habitator
1863 1116 1890 1142 in
1904 1116 1988 1142 aliena
2002 1116 2121 1142 aedificia
2136 1118 2214 1143 Fene-

1176 1153 1239 1179 stras
1254 1158 1280 1179 ct
1293 1152 1359 1179 ostia
1367 1153 1500 1187 imposuit.
1536 1151 1632 1178 Eadem
1640 1151 1695 1185 post
1708 1160 1805 1177 annum
1818 1151 1940 1178 dominus
1951 1151 2132 1178 aedificiorum
2143 1152 2214 1178 dem-

1175 1188 1214 1215 fit.
1275 1187 1355 1214 Ouid.
1371 1188 1402 1214 de
1415 1189 1487 1214 Rem.
1502 1188 1593 1214 Amor.
1609 1196 1657 1220 290
1681 1188 1763 1213 Deme
1776 1186 1926 1218 veneficiis,
1946 1187 2159 1222 carminibusque
2173 1188 2216 1214 Fi-

1177 1224 1245 1251 dem.
1301 1224 1407 1250 Sueton.
1422 1224 1454 1250 de
1467 1224 1537 1249 Clar.
1549 1223 1625 1249 Rhet.
1649 1242 1655 1248 .
1676 1242 1683 1248 .
1705 1241 1712 1249 .
1740 1223 1819 1257 Saepe
1831 1222 1928 1248 fabulis
1937 1221 2027 1248 Fidem
2041 1222 2157 1255 firmare,
2171 1229 2216 1249 aut

1176 1259 1295 1287 historiis
1316 1259 1428 1286 demere.
1517 1259 1589 1285 Vero
1609 1266 1717 1293 quoque
1731 1263 1756 1284 et
1769 1258 1878 1284 honesto
1894 1257 1985 1284 Fidem
2004 1257 2095 1284 demlit
2124 1259 2213 1285 Tacit.

1179 1296 1246 1322 Ann.
1260 1304 1288 1328 4,
1301 1303 1326 1328 9.
1397 1295 1536 1320 Honorem
1550 1295 1630 1320 alicui
1643 1293 1747 1320 demere
1765 1294 1846 1319 Ouid.
1862 1294 1925 1319 Met.
1942 1301 1975 1325 13,
1991 1296 2027 1319 16.
2099 1294 2158 1320 Liu.
2169 1295 2215 1326 2,6

1178 1332 1250 1358 Haec
1262 1335 1404 1356 mouerunt
1416 1331 1548 1361 Veientes,
1560 1338 1589 1356 ac
1602 1338 1651 1364 pro
1665 1330 1690 1355 se
1702 1329 1814 1363 quisque
1828 1330 1947 1355 Romano
1961 1329 2049 1355 saltem
2062 1328 2127 1355 duce
2139 1331 2217 1364 Igno-

1180 1366 1275 1392 minias
1293 1365 1449 1399 demendas,
1470 1365 1594 1399 belloque
1607 1363 1695 1391 amiss'a
1707 1364 1846 1399 repetenda
1859 1364 1998 1390 minaciter
2011 1364 2108 1390 ferunt.
2153 1367 2214 1399 Iuga

1632 1400 1742 1434 Aliquid
1760 1400 1844 1426 Laudi
1871 1400 1943 1425 Idem
1956 1408 1986 1425 ex
2000 1399 2082 1426 Ponto
2102 1409 2121 1432 1,
2135 1407 2162 1434 7,
2176 1409 2215 1427 20.

1181 1437 1272 1464 Tacit.
1288 1442 1323 1469 18,
1360 1456 1366 1462 .
1403 1456 1409 1463 .
1446 1436 1502 1462 Sibi
1516 1436 1627 1470 quisque
1643 1435 1812 1467 consuluere,
1832 1435 1914 1461 donec
1935 1435 2022 1461 missae
2041 1444 2054 1461 a
2069 1435 2152 1461 Fabio
2166 1437 2216 1462 Va-

1181 1473 1251 1500 lente
1265 1471 1389 1507 epistolae
1403 1471 1537 1498 demerent
1549 1472 1660 1497 Metum.
1704 1470 1771 1497 Add.
1786 1471 1842 1495 Cic.
1856 1470 1909 1496 Att.
1924 1478 1956 1502 11,
1973 1478 2006 1502 ις.
2062 1471 2218 1497 Mocrorem

1181 1518 1195 1535 e
1208 1508 1314 1543 peflore
1333 1508 1435 1533 Lucret.
1449 1516 1471 1538 3,
1482 1515 1537 1538 921.
1608 1505 1742 1532 Molessias
1771 1505 1839 1531 Ter.
1855 1504 1928 1531 Adel.
1943 1513 1965 1537 ς,
1980 1514 2002 1537 3,
2023 1513 2058 1536 33.
2132 1506 2219 1531 Lacri-

1181 1545 1231 1570 mis
1246 1542 1372 1568 demenda
1382 1543 1459 1567 Mora
1473 1541 1509 1566 est
1524 1540 1604 1567 Ouid.
1613 1549 1644 1566 ex
1653 1542 1736 1566 Ponto
1748 1549 1773 1572 3,
1784 1548 1840 1572 ¹49·
1911 1540 2015 1565 Demite
2030 1540 2218 1573 Naufragium,

1902 1574 2019 1599 Odorem
2033 1574 2090 1599 vini
2105 1574 2219 1601 deterio-

1182 1622 1237 1639 rem
1257 1613 1324 1638 Cato
1341 1621 1362 1638 c.
1377 1620 1426 1637 110.
1497 1610 1560 1636 Otia
1579 1610 1640 1636 Stat.
1651 1610 1714 1636 Silu.
1728 1618 1746 1641 1,
1762 1618 1785 1641 2,
1800 1614 1850 1638 182-
1905 1608 2106 1635 Solicitudinem
2127 1610 2219 1636 Tacit,

1182 1648 1250 1675 Hist.
1264 1656 1289 1679 2,
1304 1650 1343 1677 68.
1379 1646 1435 1672 Cic.
1445 1646 1497 1672 Att.
1512 1654 1545 1676 ιι,
1559 1651 1592 1677 ις.
1663 1644 1770 1670 Nubem
1778 1643 1925 1678 Supercilio
1940 1643 2045 1670 demere
2064 1645 2131 1670 Hor.
2140 1645 2219 1679 Epist.

1184 1692 1204 1713 1,
1218 1688 1252 1713 18,
1265 1690 1310 1714 94.
1328 1683 1352 1708 h.
1368 1692 1387 1708 e.
1405 1682 1467 1708 Non
1479 1680 1579 1706 tristem
1589 1699 1596 1712 ,
1616 1685 1642 1706 et
1655 1679 1735 1705 nimis
1750 1680 1870 1705 seuerum
1883 1679 1908 1705 se
1921 1679 2055 1714 praebere.
2092 1680 2221 1715 Porphyr-

1182 1717 1259 1742 Vitio
1273 1717 1375 1750 aliquid
1394 1717 1460 1743 Cels.
1477 1723 1490 1748 ς
1503 1724 1525 1741 c.
1539 1716 1584 1741 vlt.
1606 1714 1634 1740 de
1645 1716 1787 1751 vitiliginis
1793 1714 1928 1751 speciebus.

1221 1758 1239 1777 ι)
1249 1757 1265 1777 E
1274 1758 1296 1776 m
1307 1759 1328 1777 T
1337 1758 1356 1776 v
1366 1759 1379 1777 s
1388 1772 1395 1783 ,
1415 1753 1455 1778 vel
1470 1758 1489 1777 D
1498 1758 1514 1777 Ε
1524 1758 1547 1776 Μ
1557 1758 1572 1777 P
1581 1757 1602 1777 ‘r
1611 1756 1633 1775 V
1641 1757 1654 1777 s
1662 1770 1670 1782 ‚
1689 1759 1713 1782 a,
1734 1759 1787 1776 um.
1813 1750 1905 1777 Partic.
1941 1749 2116 1785 [ἐξῃρημένος]
2153 1751 2219 1777 Plin.

1185 1793 1219 1819 ις,
1233 1793 1261 1820 ι7
1279 1786 1380 1811 Demtis
1392 1787 1492 1821 forcipe
1505 1785 1718 1820 corruptioribus
1729 1786 1819 1812 acinis.

1185 1822 1266 1847 Ouid.
1281 1822 1346 1847 Met.
1366 1830 1397 1853 11,
1417 1830 1463 1854 1¹3·

1184 1856 1280 1884 rendus
1293 1855 1372 1882 abest.

1185 1892 1260 1919 &ora
1272 1891 1380 1926 praebet

1872 1786 1981 1811 Pomum
1995 1785 2090 1811 arbore
2101 1786 2221 1813 demtum

1535 1821 1607 1847 Idem
1622 1821 1699 1855 Epist.
1714 1830 1734 1853 1,
1748 1829 1779 1854 50
1809 1821 1912 1855 Virque
1923 1820 1992 1846 mihi
2006 1819 2094 1846 demto
2107 1820 2158 1846 fine
2172 1822 2220 1848 Ca-

1446 1858 1475 1883 Et
1488 1857 1552 1883 Met.
1569 1865 1591 1889 2,
1606 1859 1655 1886 866
1681 1856 1870 1890 Paullatimque
1882 1861 1954 1881 metu
1969 1855 2075 1887 demto,
2093 1865 2162 1882 nunc
2177 1865 2221 1890 pe-

1429 1893 1557 1927 Virginea
1576 1892 1700 1926 palpanda
1720 1900 1808 1917 manu.
1880 1891 1990 1917 Referre
2008 1899 2105 1916 nonam
2124 1891 2221 1917 faciem

1670 1928 1764 1953 Dcmta
1775 1926 1945 1958 aeternitate,
1962 1925 2049 1950 nihilo
2063 1925 2166 1951 beatior
2179 1928 2222 1952 Iu-

1184 1963 1253 1997 piter
1266 1972 1344 1997 quam
1357 1963 1483 1994 Epicurus
1504 1963 1559 1989 Cic.
1574 1962 1605 1988 de
1617 1961 1674 1988 Fin.
1691 1971 1710 1994 1,
1725 1967 1753 1992 88
1767 1971 1789 1988 c.
1802 1968 1842 1995 27.
1910 1960 2028 1987 Dulcedo
2040 1960 2094 1994 ipsa
2106 1963 2224 1995 agrariae

1184 1998 1248 2033 legis
1262 2006 1308 2032 per
1322 1998 1345 2024 se
1354 2017 1361 2028 ‚
1382 1997 1471 2024 demto
1485 1997 1593 2024 auctore
1623 1996 1682 2023 Liu.
1695 2005 1721 2028 2,
1734 2005 1769 2029 42
1777 2002 1821 2031 pr.

1219 2040 1238 2060 D
1248 2040 1264 2059 E
1274 2041 1298 2058 M
1308 2040 1328 2059 T
1338 2041 1347 2059 1
1357 2039 1392 2065 o,
1418 2033 1484 2058 anis.
1508 2033 1528 2058 f.
1563 2032 1695 2057 Damnum
1711 2031 1790 2057 habet
1809 2038 1907 2057 nomen
1921 2039 1936 2056 a
1950 2030 2083 2058 demtione
2104 2033 2180 2059 Varr.
2193 2032 2224 2059 L.

1185 2069 1215 2094 L.
1231 2077 1258 2101 4,
1272 2071 1310 2099 36.
1352 2067 1425 2103 Conf.
1446 2068 1518 2093 Non.
1534 2076 1559 2099 z,
1571 2069 1632 2099 906.

1222 2100 1435 2129 DEMOCHKRES
1444 2121 1451 2133 ‚
1466 2102 1496 2128 is.
1512 2112 1547 2128 ιιι.
1585 2104 1679 2129 Orator
1692 2099 1857 2135 Atheniensis,
1871 2100 2050 2129 Parrhesiastes
2062 2101 2099 2128 ob
2113 2103 2226 2130 nimiam

1187 2143 1212 2164 et
1227 2146 1362 2173 procacem
1381 2137 1497 2171 linguam
1515 2137 1670 2172 appellatus:
1706 2139 1757 2163 Hic
1776 2138 1846 2163 intcr
1861 2138 1927 2163 alios
1941 2137 2137 2164 Atheniensium
2157 2139 2225 2172 lega-

1188 2180 1246 2206 tos,
1265 2189 1310 2193 —-
1326 2173 1420 2199 dicente
1433 2174 1564 2208 Philippo,
1584 2173 1688 2205 Dicite,
1704 2173 1790 2199 facere
1805 2172 1869 2207 quid
1881 2173 1995 2208 possum,
2016 2174 2088 2207 quod
2103 2174 2132 2200 sit
2146 2174 2226 2200 Athe-

1187 2209 1320 2236 niensibus
1334 2210 1454 2243 gratum?
1474 2209 1591 2243 excepit,
1608 2209 1654 2235 Te
1669 2208 1830 2242 suspendere.
1865 2223 1910 2228 —
1946 2208 2096 2243 Philippus,
2114 2209 2147 2235 At
2167 2219 2228 2242 vos,

1187 2246 1287 2280 inquit,
1307 2245 1403 2270 caeteri
1416 2244 1505 2279 legati,
1525 2244 1647 2270 nunciate
1660 2243 1872 2275 Atheniensibus,
1889 2244 1974 2270 multo
1988 2244 2155 2278 superbiores
2168 2246 2228 2276 effe,

2005 2281 2074 2306 Haec
2086 2280 2180 2307 Seneca
2194 2279 2229 2307 de

1186 2319 1228 2344 Ira
1242 2324 1263 2348 3,
1277 2325 1312 2348 23.

1222 2348 1448 2382 Desideras,
1475 2349 1530 2377 vid.
1554 2355 1776 2377 namon-Les.

1225 2394 1244 2414 D
1254 2393 1270 2412 Ε
1280 2394 1305 2412 M
1315 2393 1333 2412 O
1345 2392 1362 2412 C
1373 2393 1393 2412 R
1403 2384 1443 2411 'I'T
1451 2393 1473 2411 V
1483 2393 1506 2418 s,
1521 2386 1539 2412 i.
1553 2395 1589 2412 ιιι.
1608 2385 1794 2421 [Δημίκριτσς]
1809 2385 1942 2412 Abderites
1953 2385 2043 2412 nobilis
2057 2383 2230 2424 Philosophus,

1180 2420 1276 2455 stultus
1289 2421 1383 2448 ciuibus
1391 2421 1447 2456 suis
1461 2421 1609 2457 visushoud
1620 2425 1755 2453 immerito,
1769 2424 1794 2454 Ji
1811 2430 1895 2447 verum
1919 2420 1986 2453 zffit,
2021 2419 2069 2445 uod
2079 2419 2229 2446 luminibus

85 2457 201 2490 humili,
221 2462 250 2484 vt
262 2458 345 2483 solent
358 2458 396 2490 ii,
417 2459 464 2493 qui
475 2458 563 2485 affedfi
575 2458 700 2492 iniuriis,
718 2458 750 2485 ad
765 2467 842 2494 opem
856 2458 974 2485 iudicum
986 2458 1124 2492 suppliceS,
1136 2461 1153 2485 6
1157 2466 1170 2492 ς
1189 2458 1329 2484 oculorum
1344 2457 1368 2483 se
1382 2457 1472 2491 sponte
1484 2457 1594 2492 priuasse
1607 2457 1737 2488 traditur,
1760 2465 1793 2481 ne
1806 2455 1914 2481 videndi
1934 2455 2010 2480 illece
2030 2455 2066 2481 ris
2085 2463 2099 2480 a
2112 2461 2231 2481 contem-

87 2492 283 2528 inferioresque
296 2493 470 2528 confugiunt?
664 2492 685 2532 Ἴ
704 2503 720 2521 z
746 2494 887 2529 Metapbor.
909 2494 1019 2520 Animus
1031 2493 1126 2520 demis-

90 2528 142 2555 sior
161 2528 221 2554 Liu.
237 2537 265 2561 4,
277 2536 322 2562 44.
378 2530 476 2556 Animo
489 2529 575 2556 fraelo
587 2538 616 2556 ac
629 2529 737 2556 demiffo
750 2531 798 2556 ess'e
818 2530 874 2556 Cic.
883 2530 953 2556 Fam.
969 2539 988 2562 1,
1001 2538 1026 2562 9.
1063 2529 1127 2555 Ani-

88 2572 163 2590 mum
179 2563 313 2590 demiffiim
326 2570 353 2591 et
366 2566 512 2600 oppresiiim
526 2566 629 2600 erigere
661 2565 734 2592 Idem
747 2575 795 2600 pro
809 2565 911 2592 Cluent.
923 2571 959 2597 38.
1032 2564 1127 2592 Humi-

90 2599 124 2624 lis
137 2604 163 2624 et
176 2598 295 2625 demissus
304 2619 312 2631 ,
327 2603 367 2626 cui
377 2607 499 2636 repugnat
509 2601 602 2627 Alacer
614 2606 640 2627 et
653 2601 735 2627 laetus
751 2601 788 2627 Id.
797 2600 938 2627 VernAeh
953 2609 973 2632 1,
989 2608 1019 2634 17
1036 2602 1127 2633 Quum

1185 2601 1261 2635 plane
1268 2595 1397 2634 falsitatis
1415 2599 1501 2632 arguit
1512 2596 1541 2622 de
1554 2595 1667 2630 Curiofit.

1190 2493 1278 2528 plandi
1291 2492 1378 2519 studio
1391 2498 1568 2519 reuocaretur.
1605 2491 1683 2524 Quod
1701 2497 1788 2516 tamen
1805 2489 1933 2515 Laberius
1950 2490 2029 2516 Poeta
2051 2489 2113 2516 ideo
2127 2490 2232 2517 faustum

2088 2525 2144 2551 Vid.
2159 2525 2230 2551 Gen.

2007 2560 2158 2586 Plutarchus
2171 2570 2231 2587 vero

1713 2597 1767 2621 Hoc
1782 2603 1873 2630 quoque
1884 2602 2083 2621 commemoratur
2101 2595 2131 2621 de
2143 2598 2231 2622 Demo-

1188 2530 1241 2561 ait,
1261 2528 1337 2554 maiis
1349 2527 1415 2554 bene
1428 2528 1485 2559 esse,
1493 2537 1526 2553 ne
1538 2526 1642 2553 videret
1655 2524 1759 2551 ciuibus
1768 2545 1776 2556 ,
1800 2530 1829 2551 vt
1841 2524 1895 2558 ipse
1907 2524 2036 2559 loquitur.

1191 2573 1229 2596 10,
1246 2572 1283 2598 17.
1319 2562 1366 2589 Sed
1377 2566 1463 2588 merito
1476 2562 1573 2588 dubitat
1587 2561 1615 2586 de
1627 2570 1651 2586 eo
1684 2560 1739 2587 Cic.
1755 2560 1786 2585 de
1800 2559 1857 2585 Fin.
1876 2567 1899 2592 ς,
1915 2568 1953 2592 19.

91 2632 139 2659 iste
151 2639 257 2667 repente
271 2642 303 2659 ex
322 2635 403 2660 alacri
416 2641 494 2669 atque
516 2636 585 2661 laeto
597 2636 631 2662 sic
651 2642 705 2662 erat
719 2636 838 2662 Humilis
856 2641 934 2669 atque
947 2635 1081 2666 demissus,
1098 2640 1128 2660 vt
1141 2641 1177 2667 70
1191 2637 1271 2664 crito,
1288 2630 1388 2665 irrissffe
1400 2631 1519 2658 humanas
1530 2641 1579 2662 res,
1598 2640 1659 2665 quas
1672 2631 1814 2656 Heraclitus
1827 2637 1914 2656 contra
1927 2630 2025 2663 defleuit
2034 2637 2158 2665 perpetuo.
2197 2633 2231 2658 In

89 2677 146 2694 non
160 2667 241 2694 modo
261 2668 362 2701 Populo
375 2670 452 2694 Rom.
472 2669 514 2694 sed
535 2670 616 2695 etiarn
636 2670 684 2695 libi
704 2670 757 2704 ipse
775 2670 962 2696 condemnatus
983 2669 1127 2695 videretur.

90 2704 232 2736 Moerens,
260 2702 381 2729 demissus
400 2709 426 2730 et
445 2703 556 2730 afflictus
584 2703 640 2730 Cic.
657 2713 706 2738 pro
724 2705 787 2731 Sull.
802 2712 848 2739 74.
918 2703 991 2730 Idem
1005 2713 1054 2739 pro
1069 2704 1128 2730 Mu-

92 2746 204 2770 raen.4;
224 2738 338 2765 Videsne
349 2744 377 2764 tu
392 2739 468 2764 illum
475 2738 610 2770 Tristem,
627 2739 779 2765 demissum?
798 2740 880 2771 iacet,
899 2738 1013 2771 diffidit,
1030 2739 1128 2765 abiecit

89 2773 181 2800 hastas.
252 2774 320 2799 Hor.
335 2774 413 2800 Serm.
430 2782 450 2806 1,
464 2782 487 2806 3,
502 2781 533 2807 57
566 2773 666 2799 Probus
685 2774 743 2807 quis
760 2773 907 2800 Nobiscum
926 2774 997 2800 viuit
1013 2774 1127 2799 multum

91 2808 210 2835 demissus
229 2808 337 2840 Homo,
361 2810 405 2836 illi
417 2808 512 2836 Tardo
531 2817 558 2835 ac
571 2817 717 2843 cognomen
738 2809 830 2843 pingui
849 2809 964 2841 Damus,
986 2812 1005 2834 i.
1025 2809 1091 2834 Vilis
1105 2814 1129 2834 ct
1145 2812 1176 2839 75

89 2848 202 2881 ignauus.
239 2843 286 2870 Sed
298 2842 330 2876 est
346 2846 433 2877 μέσον,
453 2854 480 2871 υ.
496 2853 522 2881 g.
558 2844 597 2870 Sit
621 2843 689 2878 apud
702 2853 749 2871 vos
767 2843 911 2870 modestiae
930 2844 1018 2876 locus,
1041 2843 1071 2870 fit
1085 2843 1128 2870 de-

89 2879 168 2907 missis
181 2878 335 2906 hominibus
347 2880 499 2914 perfugium
508 2900 517 2912 ,
535 2879 566 2906 sit
579 2880 708 2906 auxilium
720 2879 815 2914 pudori
834 2880 891 2906 Cic.
907 2888 956 2914 pro
969 2880 1037 2906 Mur.
1053 2889 1128 2913 c.40.

91 2915 207 2947 Probus,
228 2914 361 2945 demissus,
379 2924 433 2941 non
451 2924 525 2948 acer,
549 2924 603 2941 non
621 2915 756 2950 pertinax,
778 2924 833 2942 non
852 2915 984 2949 litigiosus
1010 2915 1083 2941 Idem
1097 2915 1129 2942 de

93 2952 167 2978 Orat.
180 2959 204 2981 2,
219 2955 270 2980 182.
341 2951 440 2977 Orator
451 2951 613 2978 ornamentis
632 2957 657 2977 et
671 2950 816 2978 verborum
836 2957 862 2977 et
880 2951 1067 2977 sententiarum
1087 2951 1128 2977 de-

92 2986 192 3013 miinor
208 2985 246 3012 Id.
262 2985 290 3012 in
303 2986 376 3013 Orat.
390 2996 411 3013 c.
420 2996 463 3021 24.

90 3022 184 3050 titulus
198 3020 317 3048 modicus
330 3027 409 3057 atque
423 3023 503 3049 etiam
516 3022 636 3049 demissus
648 3021 791 3049 videretur.

127 3064 146 3084 D
155 3064 172 3084 E
181 3064 206 3083 M
214 3064 224 3082 1
232 3063 244 3083 s
255 3064 268 3084 s
279 3065 288 3083 1
296 3064 315 3083 O
325 3077 333 3089 ,
349 3058 416 3084 onis.
433 3058 454 3084 f.
491 3059 528 3084 Ex
541 3067 573 3084 eo
585 3058 703 3092 clypeum
716 3066 824 3084 aeneum
839 3057 936 3084 catenis
947 3057 1067 3093 pendeat,
1082 3066 1129 3092 per

91 3093 167 3119 cuius
191 3092 357 3121 reductiones
376 3099 401 3120 et
421 3093 585 3120 demissiones
611 3093 762 3128 perficietur
790 3093 934 3120 sudationis
954 3099 1130 3127 temperatura

93 3128 200 3155 Vin-uu.
214 3135 237 3160 ς,
251 3137 287 3154 10.
357 3129 413 3155 Cic.
429 3130 511 3156 Tusc.
526 3138 548 3162 3,
561 3138 592 3163 ι4
606 3139 627 3156 c.
642 3137 658 3164 7
679 3129 830 3157 Verisimile
841 3129 877 3155 est
891 3129 990 3164 igitur,
1008 3130 1037 3155 in
1051 3138 1130 3163 quem

533 2986 599 3013 Plin.
613 2986 691 3021 Epist.
705 2991 728 3019 8,
742 2990 766 3018 6,
779 2995 796 3013 2
819 2987 855 3013 Vt
873 2986 921 3013 ille
937 2986 1129 3021 superbissimus
1145 2991 1176 3016 80

95 3163 163 3189 cadit
175 3163 328 3198 aegritudo,
347 3164 439 3192 cadere
453 3166 481 3191 in
493 3165 607 3192 eundem
619 3171 744 3192 timorem
758 3170 784 3192 et
796 3164 985 3192 infractionem
999 3165 1130 3200 quandam
1147 3168 1176 3196 83

97 3198 177 3224 autimi
184 3218 192 3229 ,
208 3205 234 3225 et
247 3198 433 3227 demiffionem.

135 3239 227 3260 DEMI
236 3242 249 3262 S
258 3241 270 3260 S
279 3242 304 3262 Ε.
341 3236 408 3262 Adu.
445 3236 458 3270 [
470 3237 609 3268 καθειμένως
621 3238 632 3270 ]
667 3236 766 3263 Volare
783 3235 912 3262 demimus
944 3235 1026 3262 Ouid.
1045 3235 1131 3269 Trist.

99 3275 124 3299 32
138 3275 164 3306 4?
179 3277 215 3300 23.
262 3270 332 3296 Caes.
347 3271 375 3298 B.
389 3272 420 3298 C.
433 3280 453 3304 1,
466 3277 494 3304 85
521 3272 593 3298 Haec
607 3280 685 3306 quam
697 3271 781 3306 potest
802 3271 968 3298 demissislime
981 3277 1060 3305 atque
1074 3271 1133 3298 sub-

99 3301 231 3329 ieetiffime
256 3307 372 3341 exponit.
463 3307 621 3342 Suppliciter
638 3316 667 3333 ac
687 3307 791 3334 demisse
810 3307 967 3342 respondere
1006 3307 1062 3333 Cic.
1083 3316 1132 3341 pro

99 3338 186 3365 flacc.
199 3346 231 3364 21.
245 3347 268 3366 et
281 3350 330 3376 pro
341 3342 430 3369 Domo
441 3351 479 3375 93.

98 3372 132 3399 ad
145 3373 217 3398 Brut.
232 3376 266 3400 16.
335 3378 413 3404 Petiit
427 3378 531 3404 demisse
543 3387 571 3405 ac
586 3378 711 3405 flebiliter
744 3378 802 3405 Val.
817 3379 886 3405 Max.
907 3387 932 3411 9,
950 3387 984 3411 13,
997 3387 1020 3404 2.
1077 3379 1133 3404 Cic.

99 3408 183 3434 TUsC-
199 3415 222 3447 ἱ,-
235 3415 270 3441 24
281 3419 301 3436 c·
312 3417 326 3442 8
359 3413 423 3440 Non
437 3414 473 3440 est
492 3415 565 3440 ausus
578 3414 645 3441 elate
660 3420 686 3441 et
705 3413 789 3448 ample
802 3413 893 3448 loqui:
921 3422 1004 3449 quum
1016 3414 1134 3441 Humili·

99 3448 141 3470 ter
155 3443 311 3477 demisseque
323 3447 435 3475 sentiret.

136 3486 155 3505 D
164 3486 180 3505 E
190 3486 213 3504 M
225 3486 233 3504 1
243 3486 254 3504 S
264 3485 276 3503 S
286 3485 319 3506 lC
328 3488 364 3509 IV
375 3491 387 3510 s
396 3504 404 3517 ‚
436 3493 460 3517 a,
484 3494 538 3511 um.
574 3485 634 3512 Adi.
676 3486 726 3518 Vt,
750 3484 913 3512 Demisliciae
927 3485 1031 3512 tunicae
1052 3485 1134 3512 Plaut.

99 3514 207 3542 Poenus.
223 3522 246 3546 ς,
260 3521 283 3546 ς,
298 3520 376 3554 2431'.
388 3528 445 3554 quae
458 3520 556 3546 demitti
565 3520 677 3555 postiam,
697 3520 809 3554 demiffize
822 3521 890 3547 adeo.

141 3556 159 3575 D
170 3557 186 3576 E
195 3557 218 3576 Μ
228 3556 266 3591 1⁴V
276 3556 299 3575 M
308 3570 316 3581 9
341 3559 360 3576 ι.
377 3561 402 3578 n.
438 3555 571 3582 Secundum
583 3556 699 3591 quosdam
710 3566 803 3592 gemma
817 3555 849 3589 {st
865 3565 881 3583 a
891 3555 1041 3592 pinguedine
1055 3552 1133 3581 difla-

100 3586 190 3612 Graeci
201 3594 262 3611 enmz
289 3583 362 3627 ‹infaciv
383 3591 497 3624 pinguem
516 3591 618 3618 dicunt:
643 3599 688 3627 quo
710 3592 827 3618 vacabulo
851 3593 972 3619 Homerus
986 3591 1135 3627 frequenter

100 3624 192 3652 utitur,
206 3630 221 3646 a
234 3629 279 3655 quo
295 3618 375 3653 dmum
392 3631 481 3657 gemma
493 3626 621 3661 appellata.
678 3629 731 3654 Nec
737 3627 794 3663 fuit
806 3631 832 3653 in
847 3627 890 3663 vsu
904 3629 1060 3662 antiquorum
1071 3635 1136 3662 gem-

99 3666 139 3683 ma
153 3656 387 3695 vllafri’sllst‘mer,
410 3665 439 3683 vt
453 3660 586 3688 Menandri
600 3662 703 3689 Fabulae
722 3661 852 3696 testantur.
909 3663 975 3689 Plin.
991 3668 1031 3695 37,
1047 3669 1063 3694 7
1077 3662 1094 3687 s.
1109 3669 1133 3692 31

99 3693 130 3719 In
144 3691 219 3717 India
231 3697 312 3717 trium
325 3701 467 3725 generum,
484 3695 608 3729 rubrum,
627 3704 654 3725 et
666 3699 737 3732 qnod
758 3698 875 3724 demium
890 3703 985 3724 vocant
1000 3705 1014 3722 a
1028 3697 1135 3730 pingue-
1143 3709 1189 3726 100
1199 3697 1316 3723 Tectum
1351 3697 1419 3731 Nep.
1439 3705 1465 3729 4,
1478 3704 1500 3728 ς,
1518 3704 1541 3720 2.

101 3727 175 3788 (lisinec,
191 3727 299 3788 tssrtium
313 3728 386 3762 quod
399 3729 525 3762 argenteis
538 3730 649 3760 braeteis
668 3734 820 3760 sublinitur.
857 3733 905 3761 Scd
915 3732 1015 3768 Salmas.
1029 3730 1136 3767 δι’σημον,

128 3773 156 3789 ar
177 3782 182 3788 .
225 3771 326 3788 tonum.

137 3804 155 3823 D
164 3805 180 3824 E
189 3805 231 3837 Mi
241 3804 261 3823 V
271 3805 289 3823 R
297 3805 319 3840 c?
330 3806 348 3824 V
359 3807 388 3832 S,
402 3799 420 3825 i.
440 3808 474 3824 m.
504 3798 517 3832 [
524 3800 675 3837 Δημιεργός]
702 3801 871 3840 llsagistratus
884 3813 969 3829 nomen
983 3802 1050 3837 apud
1061 3803 1136 3829 Grae-

103 3841 150 3862 cos,
157 3835 220 3867 quali
231 3833 382 3869 publicorum
389 3842 485 3870 operum
491 3843 626 3862 curatorem
633 3838 709 3865 dicos.
744 3840 851 3872 Liu.58,
865 3847 895 3871 30
916 3838 992 3865 Tum
1001 3840 1068 3865 inter
1081 3847 1135 3865 ma-

535 3343 692 3377 Suppliciter
706 3352 734 3370 ac
746 3342 850 3369 demisse
861 3343 957 3377 gratias
967 3351 1044 3378 agere
1059 3343 1132 3369 Idem
1146 3347 1181 3372 90

1151 3527 1182 3553 95

102 3867 219 3902 gistratus
235 3870 318 3903 gentis
338 3873 349 3899 (
357 3870 514 3905 Demiurgos
527 3876 637 3904 vocant,
657 3872 746 3902 decem
763 3883 875 3901 numero
892 3878 1031 3906 creantur)
1054 3879 1186 3908 certa-105

1190 2677 1235 2705 quo
1249 2670 1416 2695 Democritum
1434 2666 1528 2693 remus
1535 2664 1725 2701 seciſjbstatuit
1744 2666 1801 2691 Sen.
1812 2665 1843 2692 de
1856 2661 2010 2700 Tranq‘uiu.
2024 2675 2045 2692 c.
2055 2673 2088 2699 ις.
2107 2673 2130 2692 et
2143 2666 2174 2692 de
2188 2668 2232 2693 Ira

1191 2713 1214 2736 2,
1228 2712 1264 2730 10.
1317 2702 1440 2728 Fortuito
1460 2702 1551 2728 omnia
1571 2709 1603 2727 ex
1616 2701 1712 2727 atomis
1725 2700 1809 2733 faeia,
1826 2704 1985 2736 praecipuum
2004 2702 2071 2727 illius
2084 2702 2171 2738 dogma
2188 2700 2235 2734 est-

1191 2741 1223 2764 Et
1234 2744 1318 2763 notum
1330 2734 1363 2768 est
1375 2737 1432 2763 huic
1445 2738 1577 2772 Epicurum
1585 2736 1633 2771 fica
1641 2743 1718 2772 prope
1730 2736 1812 2763 dela-re
1826 2740 1913 2763 ornnia.
1966 2737 2132 2763 Democritus
2140 2758 2148 2769 ‚
2165 2737 2232 2769 Phy-

1191 2773 1254 2799 ficus
1267 2778 1358 2798 ornate
1373 2773 1497 2807 loquutus
1510 2772 1545 2798 est
1576 2772 1632 2799 Cic.
1646 2772 1679 2798 de
1693 2772 1767 2798 Orat.
1782 2780 1801 2802 ι,
1814 2781 1857 2806 42.
1926 2771 2062 2799 Studiosus
2081 2773 2232 2799 nobilitatis

1192 2807 1361 2835 Democritus
1387 2808 1459 2834 Idem
1472 2808 1549 2834 Acad.
1565 2817 1591 2841 4,
1605 2815 1652 2841 ης.
1708 2809 1730 2834 A
1745 2808 1900 2834 Democrito
1914 2814 2021 2842 propter
2032 2808 2146 2834 discendi
2159 2809 2234 2843 cupi*

1193 2844 1302 2870 ditatem
1316 2843 1435 2870 videmus
1448 2843 1554 2870 vltimas
1565 2850 1647 2870 terras
1660 2844 1708 2870 esse
1721 2849 1875 2877 peragratas.
1911 2846 1985 2877 Qae
1999 2844 2046 2878 qui
2064 2853 2116 2869 non
2129 2844 2231 2877 vident,

1192 2880 1261 2906 nihil
1273 2888 1388 2914 vnquam
1401 2888 1494 2913 magna
1507 2879 1659 2913 cognitione
1672 2879 1781 2914 dignum
1795 2886 1950 2905 amauerunt
1982 2879 2020 2905 Id.
2035 2879 2066 2905 de
2081 2880 2138 2905 Fin.
2153 2887 2176 2912 ς,
2189 2885 2232 2915 87.

1193 2914 1359 2942 Democritus
1379 2916 1421 2941 vir
1438 2923 1545 2949 magnus
1558 2914 1586 2941 in
1599 2914 1708 2949 primis,
1733 2914 1806 2941 cuius
1826 2914 1945 2940 fontibus
1966 2915 2092 2949 Epicurus
2110 2914 2233 2941 hortulos

1191 2952 1251 2978 suos
1265 2951 1389 2984 irrigauit
1408 2950 1464 2977 Cic.
1479 2950 1511 2977 de
1520 2950 1557 2976 N.
1570 2951 1602 2978 D.
1616 2959 1636 2982 1,
1652 2958 1700 2976 121.
1768 2950 1885 2978 quenal.
1901 2958 1945 2983 ιο,
1958 2958 1991 2983 34
2027 2951 2155 2985 Perpetuo
2175 2951 2232 2976 risu

1192 2987 1345 3022 pulmonem
1358 2987 1456 3020 agitare
1469 2985 1569 3013 solebat
1603 2986 1778 3013 Democritus.

1234 3028 1254 3048 D
1265 3029 1281 3049 E
1290 3029 1313 3048 M
1325 3028 1343 3047 ο
1355 3028 1372 3048 c
1383 3029 1401 3048 R
1412 3030 1421 3048 1
1430 3029 1451 3048 T
1461 3029 1477 3048 a
1486 3030 1505 3048 v
1515 3029 1529 3048 s
1540 3042 1548 3053 ,
1566 3030 1590 3054 a,
1608 3031 1662 3048 um.
1699 3021 1759 3048 Adi.
1796 3021 1991 3056 [Δημοκρίτειος]
2024 3020 2081 3047 Cic.
2093 3020 2126 3047 de
2139 3019 2229 3047 Diuin.

1191 3067 1218 3090 2,
1232 3067 1261 3090 32
1290 3059 1389 3083 Verum
1402 3057 1450 3083 sint
1464 3058 1523 3084 sane
1537 3057 1585 3084 ista
1595 3057 1764 3084 Democritea
1781 3065 1859 3088 vera,
1881 3055 1986 3090 quando
1998 3064 2028 3082 ea
2047 3065 2095 3083 nos
2110 3056 2174 3082 extis
2186 3063 2230 3081 ex-

1192 3093 1324 3129 quirimus
1333 3113 1341 3125 ‚
1362 3100 1408 3119 etc.

1231 3135 1550 3162 DEMOCR1T1CVS,
1570 3137 1600 3160 a,
1617 3137 1671 3155 um.
1709 3126 1770 3154 Adi.
1809 3127 1866 3153 Cic.
1884 3126 1916 3153 de
1930 3126 2004 3153 Orat.
2019 3135 2040 3159 1,
2053 3135 2089 3152 10.

1230 3162 1429 3194 DEMODGCVS,
1443 3165 1460 3190 i.
1476 3173 1509 3190 m.
1531 3164 1693 3190 citharoedus
1699 3163 1768 3199 fuit,
1782 3172 1850 3198 quem
1865 3163 1984 3188 Homerus
1997 3168 2013 3191 8
2033 3158 2116 3194 Odrff.
2131 3159 2232 3186 inducie

1193 3203 1219 3226 in
1234 3203 1347 3226 conmuio
1358 3201 1461 3226 Alcinoi
1472 3202 1539 3236 regis
1552 3199 1686 3226 Phaeacum
1699 3198 1822 3225 citharam
1831 3198 1969 3234 pulfhntem
1980 3196 2085 3230 etJimul
2097 3202 2231 3222 canentem.

1199 3236 1294 3270 Vofflus
1303 3235 1350 3271 sub
1369 3236 1442 3262 huius
1450 3236 1557 3271 persona
1572 3236 1702 3261 Homerum
1715 3233 1822 3269 fiipficm
1836 3233 1965 3268 depingere
1977 3238 2067 3266 putat,
2089 3233 2130 3257 cui
2141 3234 2178 3256 ait
2192 3231 2232 3257 bo-

1194 3267 1252 3297 nuin
1265 3280 1317 3297 cum
1330 3272 1392 3297 malo
1406 3270 1490 3296 datum
1503 3271 1643 3296 diuinitus:
1662 3279 1718 3295 nam
1731 3270 1840 3295 orbatum
1846 3268 1924 3304 ffflssffi’
1936 3268 2000 3301 visit,
2020 3273 2043 3291 et
2056 3265 2173 3301 insignem
2190 3276 2232 3292 ar-

1195 3313 1219 3333 tc
1237 3305 1325 3340 mufica
1347 3304 1408 3338 Insl.
1424 3307 1497 3332 Orat.
1512 3315 1521 3332 1
1536 3315 1560 3340 p.
1573 3308 1617 3340 76.
1690 3304 1836 3331 Demodoci
1847 3303 1979 3338 mevztiofit
1990 3301 2057 3337 apud
2078 3301 2151 3336 Virg.
2165 3302 2230 3328 Aen.

1196 3351 1234 3375 10,
1249 3350 1302 3375 413.
1321 3348 1345 3367 et
1358 3341 1438 3368 Ouid.
1455 3342 1482 3367 in
1495 3341 1556 3368 Ibin
1567 3350 1592 3367 v.
1609 3348 1663 3375 272.
2088 3371 2094 3377 .

1234 3384 1253 3404 D
1263 3385 1278 3403 a
1288 3384 1341 3404 MO
1351 3384 1376 3404 E.
1413 3374 1519 3411 [δήμω]
1556 3376 1631 3411 Apud
1645 3375 1746 3402 Atticos
1761 3374 1833 3407 sum,
1853 3379 1881 3400 vt
1896 3371 1962 3407 apud
1975 3380 2023 3398 nos
2035 3373 2096 3407 Pagi
2115 3372 2212 3398 Festus.

1233 3411 1365 3440 ιιιῖιιιόι
1376 3411 1460 3444 ivs,
1480 3413 1499 3438 i.
1519 3419 1541 3439 et
1567 3418 1722 3438 DEMOLE
1733 3417 1752 3437 o
1764 3419 1796 3441 N,
1816 3410 1857 3435 tis.
1876 3418 1910 3434 m.
1934 3409 2042 3434 Graecus
2054 3407 2087 3434 od
2101 3409 2175 3434 Ilium
2185 3415 2233 3444 pu-

1198 3457 1279 3485 gnans
1291 3448 1366 3483 Virg.
1381 3449 1447 3474 Aen.
1462 3455 1485 3481 ς,
1500 3450 1559 3474 260.
1573 3450 1629 3480 265.
1667 3446 1746 3473 Ouid.
1760 3447 1822 3472 Met.
1839 3453 1871 3475 12,
1886 3445 1938 3475 336.
1952 3446 2005 3475 368.

1235 3491 1253 3512 D
1263 3491 1279 3511 E
1288 3491 1312 3511 M
1322 3486 1342 3511 O
1352 3491 1368 3510 L
1380 3491 1389 3510 1
1403 3490 1423 3510 Ο
1434 3491 1469 3515 R,
1490 3483 1548 3516 iris,
1568 3486 1619 3509 l't‘us
1632 3483 1688 3508 snm
1697 3502 1705 3514 ,
1726 3481 1767 3507 fri.
1805 3478 1979 3512 [nuroeCde
1988 3500 1996 3512 ,
2015 3477 2232 3512 οἶποσκευωῖζσμαι]

1197 3520 1225 3546 Α
1236 3520 1306 3546 mole
1318 3516 1464 3551 deduflum,
1478 3517 1608 3555 fignificat
1622 3519 1741 3548 Diruere,
1766 3515 1875 3541 deiicere.
1910 3514 1965 3541 Cic.
1980 3514 2030 3540 Off.
2048 3523 2070 3546 3,
2084 3516 2117 3540 66
2137 3514 2234 3540 Demo-

1199 3555 1240 3581 liti
1255 3564 1294 3587 ea,
1307 3563 1422 3589 quorum
1437 3554 1549 3581 altitudo
1561 3552 1678 3580 officeret
1699 3550 1828 3585 auspiciis.
1897 3550 1999 3577 Partem
2021 3550 2093 3576 muri
2107 3549 2235 3575 demoliri

1198 3590 1292 3616 Caslius
1305 3598 1344 3624 ap.
1354 3591 1409 3616 Cic.
1420 3591 1490 3617 Fam.
1506 3598 1542 3622 12,
1555 3598 1587 3621 13.
1623 3588 1765 3613 Columnas
1779 3585 1968 3619 Cic.QFratr.
1984 3593 2007 3617 3,
2023 3593 2060 3619 17.

1197 3625 1271 3652 Idem
1285 3625 1337 3652 Off.
1352 3634 1371 3657 1,
1387 3630 1426 3656 138
1441 3635 1461 3651 c.
1479 3634 1517 3657 39.
1588 3624 1714 3650 Parietem
1742 3620 1779 3647 Id.
1793 3621 1821 3647 in
1835 3622 1934 3655 Topic.
1954 3629 1981 3646 22
1993 3629 2014 3646 c.
2027 3629 2053 3653 4.
2124 3620 2232 3646 Robora

1199 3661 1342 3687 demolitur
1378 3661 1459 3688 Ouid.
1474 3662 1537 3686 Met.
1559 3666 1594 3692 ις,
1615 3663 1665 3687 2¹8·
1736 3657 1836 3683 Statuas
1868 3657 1924 3683 Cic.
1939 3656 2016 3682 Verr.
2037 3664 2062 3687 2,
2082 3663 2131 3687 144
2141 3664 2170 3694 ,⁶¹
2190 3657 2232 3694 67.

1613 3693 1673 3718 Liu.
1688 3701 1731 3727 34,
1769 3711 1775 3719 .
1813 3712 1819 3719 .
1855 3693 1881 3718 Si
1895 3690 1966 3726 quod
1978 3692 2092 3725 cuipiam
2108 3696 2231 3724 priuatim

1198 3731 1298 3759 officiet
1315 3733 1372 3764 ius,
1400 3731 1427 3757 id
1445 3731 1572 3760 destruet,
1592 3737 1621 3754 ac
1641 3727 1809 3754 demolietur.
1880 3727 2012 3754 Demoliri
2033 3726 2134 3759 culpam
2152 3725 2182 3750 de
2198 3725 2233 3755 se,

2117 3585 2234 3610 Domum

1192 3775 1242 3803 pro
1256 3769 1365 3794 Amoliri
1384 3768 1464 3793 Plaut.
1481 3764 1571 3791 Bacch.
1585 3772 1608 3795 3,
1621 3772 1639 3794 ι,
1653 3766 1690 3790 16.
1709 3767 1726 3789 i.
1740 3764 1767 3790 Se
1778 3773 1826 3789 non
1840 3762 1882 3796 effi·
1894 3766 1920 3787 in
1932 3764 2002 3797 culpa
2017 3761 2146 3793 ollerdere.
2182 3760 2231 3785 De-

1198 3803 1310 3830 molitur
1322 3802 1458 3836 hypocrita
1470 3800 1565 3826 faciem
1580 3800 1666 3831 suam,
1692 3806 1719 3825 vt
1732 3799 1864 3825 tristitiam
1879 3798 1998 3829 simulet,
2019 3803 2044 3823 et
2058 3797 2147 3822 animo
2162 3795 2231 3820 sorte

1197 3839 1309 3865 laetante
1322 3837 1422 3864 ludium
1435 3836 1514 3870 gestet
1526 3835 1554 3861 in
1567 3835 1644 3861 vultu
1664 3835 1776 3862 Hieron.
1791 3835 1818 3860 in
1833 3832 1926 3860 Matth.
1940 3835 1964 3863 6,
1979 3835 2014 3858 16.

1234 3875 1363 3901 namot.
1374 3879 1430 3936 112),
1454 3871 1505 3904 fui,
1525 3873 1603 3904 itum,
1627 3875 1676 3899 ire.
1710 3870 1812 3898 Altaria
1824 3869 2002 3897 demolierunt
2024 3865 2140 3926 Laetaffi.
2151 3871 2232 3928 ilignis}

1437 3915 1451 3932 ²
2133 3909 2149 3935 P
