2479 4225
420 212 690 253 EXP

583 302 721 328 Somnium
759 299 847 327 Valer.
874 299 945 326 Mar.
976 305 1057 360 1‚V·7.

1019 342 1059 360 10-

34 232 98 272 ⁵25

35 306 117 335 aiendi
130 307 248 332 notionem
260 311 287 330 re
303 308 341 329 ert
358 299 492 335 Maffimus.

38 344 127 370 Metuo
139 346 164 367 te
176 346 253 374 atque
266 339 284 365 il
298 347 327 365 os
343 338 449 371 expiare
463 343 496 364 vt·
504 337 578 372 pollis
609 339 690 364 Plaut.
705 336 780 364 Most.
795 345 824 366 2,
839 343 870 365 2,
883 343 923 367 34.

34 379 85 413 lata
97 376 268 411 expiabuntur
299 374 356 400 Cic.
370 376 423 399 Att.
439 382 462 404 1,
499 393 505 399 .
544 393 549 398 .

70 418 87 439 E
96 420 114 440 x
123 412 240 438 ΡιᾸΤν
249 417 277 441 s,
292 418 307 435 a
316 429 324 442 ‚
344 418 398 435 um.
434 409 526 435 Partic.
568 409 623 435 Cic.
636 407 746 441 Philipp.
756 414 773 437 1,
786 414 817 437 30
830 414 851 431 c.
862 412 889 431 12
915 405 1002 437 Qiem
1014 412 1060 438 po-

36 483 112 515 foro,
128 480 243 515 dissipato
256 481 383 507 concursu
398 479 558 514 impiorum,
578 486 624 505 etc.
693 476 839 503 Cruoribus
857 475 966 509 expiatis
985 475 1061 501 vncla

37 527 105 546 arma
129 517 195 543 Hor.
210 517 330 548 Carum,
346 524 366 548 1,
380 524 407 548 4.
478 515 570 542 Clades
582 514 683 548 expiata
691 511 840 545 ingentibus
848 511 970 537 victoriis
989 510 1060 537 Flor.

34 563 55 587 1,
69 561 103 583 12,
114 561 135 585 3.
203 552 311 586 Expiato
322 551 370 577 suo
383 551 476 577 dolore
503 550 573 577 Hirt.
587 550 633 575 sub
647 548 719 574 Caes.
733 547 760 573 B.
775 547 807 573 G.
822 551 844 577 8,
857 551 898 579 48.
970 546 1060 572 Exem-

34 589 76 625 pla
88 587 188 623 expiata
201 587 378 613 Gracchorum
390 586 487 613 casibus
515 585 587 611 Caes.
602 584 630 610 Β.
643 584 674 609 C.
686 591 711 615 1,
730 590 756 617 7.

47 659 54 664 .
69 630 86 650 E
94 631 112 650 x
121 631 135 650 r
143 630 151 648 1
159 630 181 650 A
189 628 211 648 'r
219 630 240 650 ν
248 629 261 649 s
269 642 278 655 ‚
297 621 335 648 fis.
356 632 392 648 m.
426 623 475 649 Pro
489 622 640 656 Expiatione.

33 665 81 686 tin.
97 667 117 685 c.
131 667 163 691 13.

71 701 89 721 Β
100 699 220 721 xriAT
231 698 286 725 10,
302 693 367 719 onis.
388 693 407 719 f.
444 690 604 726 [οἱφπὶωσις]
661 688 717 715 Cic.
732 687 763 714 de
777 687 905 722 Legiba,
941 706 948 713 .
984 706 990 712 .
1028 687 1061 713 At

33 738 98 757 vero
112 729 235 756 scelerum
249 728 278 754 in
290 728 410 755 homines
423 734 502 764 atque·
513 725 676 759 impietatum
689 724 760 750 nulla
774 723 889 758 expiatio
901 721 946 748 est.
1006 723 1061 748 Cri-

34 765 113 827 Rigpis
135 764 173 791 ld.
187 763 252 791 ibid.
267 772 277 790 1
291 773 312 790 c.
322 774 361 798 14.
429 763 485 789 Diis
497 759 606 787 violatis
625 760 741 794 expiatio
761 759 871 786 debetur
904 757 943 783 Id.
963 756 995 783 de
1016 759 1060 784 Ar.

101 819 108 826 .
126 809 147 826 c.
162 808 200 826 10.

0 848 2 853 ·
32 810 105 863 Ideii’i
117 844 143 868 9,
158 844 166 861 1
201 829 456 869 Expiatiofioederis.

68 878 84 898 E
93 878 111 898 x
121 878 135 898 Ρ
145 877 153 896 1
163 878 184 898 A
193 877 209 898 Β
218 870 229 898 f
238 878 253 896 L
264 878 274 896 1
282 878 295 897 s
304 890 312 904 ,
331 879 353 896 e.
386 867 445 894 Adi.
481 865 648 900 [οἷφοσιωτός]
683 865 786 892 Bellum
800 863 932 899 expiabile
945 863 1060 890 laudatur

2 930 3 934 .
31 907 87 934 Cic.
107 906 173 932 Phil.
194 915 233 939 13,
251 915 272 932 2.
308 908 326 932 i.
353 902 516 937 Neczffiirium
534 908 557 928 ee
577 901 693 937 expiandi
711 903 796 938 gratia
808 900 946 936 susceptum
963 900 1062 933 piacula

0 955 2 971 ς
30 941 141 975 admiffiz.
170 942 218 978 sed
227 943 249 969 le
267 940 350 967 endum
363 937 527 973 Inexpiabile
540 947 594 964 cum
609 938 714 964 Grutero
728 943 751 963 et
765 937 832 963 aliis.
890 936 943 962 Nec
951 935 1060 962 Tertul-

0 991 1 995 =
30 977 95 1004 liani
107 981 197 1004 certior
208 979 254 1004 auf
265 979 352 1003 oritas.

65 1020 82 1040 E
92 1020 109 1039 x
117 1020 132 1040 r
141 1021 151 1039 1
160 1020 180 1039 A
189 1020 209 1040 T
218 1020 236 1040 o
246 1020 264 1039 R
272 1031 281 1044 ,
298 1010 361 1036 oris.
380 1019 416 1037 m.
441 1010 492 1044 Qi
502 1011 595 1044 expiat.
628 1007 746 1034 Tei-tull.
760 1005 792 1032 de
803 1005 913 1032 Pudicit.
926 1014 947 1031 c.
958 1013 983 1037 ις
996 1012 1060 1032 extr.

29 1049 193 1082 Impuritatis
206 1048 331 1082 expiator.
417 1044 569 1072 eriminum
587 1047 615 1070 in
633 1044 722 1070 Carni:
740 1041 771 1068 de
788 1041 907 1068 Nomine
922 1041 995 1071 Iesu,
1019 1049 1059 1077 ap.

31 1083 118 1111 Barth.
131 1082 198 1110 Adu.
210 1092 256 1116 34,
270 1090 279 1108 1
303 1088 374 1115 v.71.

65 1125 82 1145 E
90 1127 109 1146 x
118 1126 133 1146 Ρ
142 1119 207 1145 ιᾸΤ
215 1125 234 1145 R
242 1125 252 1144 1
262 1124 281 1143 x
289 1136 298 1149 ‚
316 1116 372 1142 icis.
392 1115 411 1141 f.
447 1115 513 1142 Fest.
527 1115 555 1142 in
567 1114 674 1142 Piatrix.
688 1122 715 1140 υ.
724 1121 751 1140 v.

63 1158 347 1184 Exrm‘romvs,
365 1161 394 1182 a,
412 1160 465 1178 um.
502 1150 563 1177 Adi.

29 1189 163 1224 Augustin.
178 1187 210 1214 de
222 1188 282 1215 Ciu.
296 1187 347 1213 Dei
358 1195 397 1219 21,
414 1195 447 1219 13.

0 1224 2 1255 ζ
65 1232 82 1252 Ε
93 1232 109 1251 x
120 1232 134 1252 P
143 1226 156 1251 1‘
164 1230 226 1256 Ro,
246 1225 378 1257 velpotius
390 1229 407 1249 E
417 1231 435 1249 x
444 1229 457 1249 s
468 1228 484 1248 Ρ
494 1229 532 1248 Π(
542 1227 563 1248 o
573 1240 581 1253 ‚
599 1224 651 1248 are.
693 1219 826 1255 [ἔνιαι-κύω,
845 1217 964 1253 ἒκψύχω]
1006 1218 1060 1253 Spi-

0 1274 2 1277 ·
30 1263 105 1289 ritum
117 1262 238 1286 emittere.-
273 1258 390 1290 dictum,
409 1265 438 1284 ot
449 1260 487 1284 ait
502 1257 608 1284 Nonius
623 1265 632 1283 1
643 1276 652 1289 ‚
671 1261 714 1290 178
747 1255 790 1282 vel
808 1264 823 1281 a
840 1254 940 1289 Spiritu
961 1253 1059 1286 effiiso,

0 1313 2 1323 ι
31 1296 74 1324 vel
92 1305 107 1323 a
126 1294 325 1330 Spiraminibus.
384 1293 489 1320 Videtur
505 1292 549 1320 hoc
567 1292 642 1327 velle,
666 1291 798 1326 exspirare
815 1290 868 1316 dici
884 1289 1003 1325 quidquid
1014 1297 1061 1325 per

32 1332 168 1367 spiramina
179 1333 238 1358 exie.
1042 1325 1047 1330 ’

33 1367 81 1396 bus
93 1375 166 1402 aeger
180 1365 278 1400 agebat.
334 1366 365 1390 Et
376 1364 423 1390 lib.
431 1366 465 1390 26
487 1364 522 1390 Vt
532 1363 550 1390 fi
562 1363 680 1389 eluuiem
692 1363 779 1389 facere
791 1371 838 1396 per
851 1366 970 1387 ventrem
978 1361 1060 1392 velis,

33 1412 123 1430 curare
134 1402 254 1428 omnibus
267 1400 379 1427 distento
391 1407 502 1434 corpore
515 1399 629 1434 exspiret
642 1399 683 1426 vis
692 1418 701 1431 ‚
723 1399 778 1425 Vox
790 1405 881 1424 curare
894 1403 1011 1432 corrupta
1022 1398 1062 1422 vi-

32 1438 111 1465 detur.
164 1437 282 1464 Eluuiem
295 1437 380 1462 facere
393 1444 439 1470 per
452 1441 573 1461 ventrem
594 1432 627 1467 est
646 1436 726 1461 aluum
738 1440 860 1470 purgare.
916 1432 990 1467 Saepe
1001 1431 1062 1464 fim-

0 1489 1 1496 .
25 1475 127 1510 pliciter
138 1475 200 1501 mori
212 1470 260 1505 est,
277 1471 472 1506 intelligiturque
484 1470 608 1497 animam.
684 1470 744 1495 Liu.
757 1477 769 1494 2
778 1488 787 1501 ,
808 1477 838 1494 20
867 1469 938 1494 Inter
950 1467 1062 1501 primam

29 1509 189 1535 curationem
201 1507 353 1542 exspirauit.

27 1544 131 1570 Lucret.
145 1545 172 1574 6,
185 1548 228 1578 817
254 1544 309 1569 Hos
324 1542 407 1576 igitur
420 1542 495 1567 tellus
511 1549 602 1567 omnes
615 1540 745 1566 exaestuat
757 1539 853 1565 aestus:
889 1539 1062 1572 Exspiratque

29 1579 100 1606 foras
120 1579 149 1606 in
162 1585 249 1614 aperta
263 1585 418 1613 premiaque
431 1576 505 1603 caeli.
591 1576 727 1609 Exspirare
741 1583 787 1609 per
797 1580 867 1600 artus
881 1573 948 1600 dixit
963 1574 1063 1600 Sallust.

26 1615 129 1650 Fragm.
148 1617 178 1646 6,
199 1623 240 1646 29.
344 1614 393 1639 Pro
406 1613 484 1642 Mori,
520 1611 595 1645 Virg.
608 1612 672 1637 Aen.
687 1619 725 1642 11,
740 1615 782 1642 883
809 1608 917 1636 Confixi
930 1609 1062 1643 exspirant

0 1661 4 1670 r
26 1651 134 1677 animas.
173 1649 231 1677 Vid.
244 1658 299 1675 mox
311 1653 499 1674 ExpiRATVS.
555 1646 807 1672 Arnob.adu.Gent.
816 1653 825 1670 1
839 1654 864 1678 p.
874 1653 889 1670 2
901 1651 967 1670 extr.
986 1644 1061 1671 Num

10 1754 11 1758 Ἰ
29 1720 129 1747 caelum
140 1721 272 1746 coactatur
286 1719 314 1745 in
334 1717 425 1744 nubila
446 1724 491 1743 etc.
597 1718 678 1743 Auras
701 1716 834 1750 exspirare
859 1715 953 1741 dicitur
976 1723 1060 1741 amnis

10 1760 11 1763 ’
28 1756 95 1783 Plin.
110 1764 139 1789 ς,
158 1764 182 1787 9.
255 1756 337 1781 Auras
348 1753 481 1787 ,exspirare
493 1751 586 1778 dicitur
607 1755 680 1778 etiam
698 1751 796 1782 horno,
817 1757 865 1784 pro
878 1751 949 1776 Mori
979 1749 1060 1775 Ouid.

26 1792 91 1818 Met.
105 1800 129 1823 3,
142 1799 192 1816 ιιι.
296 1790 371 1823 erg.
385 1792 449 1814 Aen.
460 1796 480 1819 1,
491 1793 524 1819 48
544 1787 621 1812 Illum
634 1787 808 1819 exspirantem
815 1783 940 1809 transfixo
952 1783 1060 1815 petitore

25 1825 154 1853 Flammas
181 1824 307 1851 Turbine
321 1823 464 1856 corripuit,
478 1821 638 1854 scopuloque
652 1819 741 1844 infixit
756 1823 841 1844 acuto.
883 1817 932 1842 Vbi
944 1817 1060 1847 Seruius,

25 1860 90 1887 Non
101 1860 214 1886 animam
226 1859 291 1883 dicit
303 1859 430 1882 flammas:
466 1854 509 1879 sed
521 1863 579 1879 cum
592 1854 696 1884 anima,
716 1851 837 1878 fulminis
851 1851 983 1876 flammam
996 1858 1059 1876 euo-
1068 1866 1102 1891 43

219 1892 361 1918 Flammam
373 1889 505 1923 exspirare
516 1888 601 1922 ruptis
614 1887 722 1914 caminis
734 1886 828 1912 dicitur
836 1886 920 1912 Aetna
945 1884 984 1911 Id.
992 1884 1060 1911 ibid.

25 1939 49 1964 3,
62 1936 116 1964 520.
185 1927 302 1954 Tertull.
317 1925 350 1952 ad
361 1926 439 1952 Mart.
455 1931 501 1949 c.2
524 1923 552 1949 de
565 1926 673 1949 carceris
686 1922 802 1958 squalore
822 1921 926 1948 Peiores
945 1921 1058 1947 immun-

27 1966 103 1993 ditias
115 1963 227 1998 exspirat
240 1961 368 1994 mundus,
394 1959 519 1986 libidines
541 1958 689 1984 hominum.
760 1956 878 1983 Odorem
897 1965 1005 1990 grauem
1026 1956 1058 1982 de

27 2009 135 2036 corpore
162 2000 266 2025 Lucret.
284 2007 317 2031 4,
335 2005 383 2028 123.
472 1994 575 2021 Saniem
598 1994 712 2028 exspirat
730 1993 834 2027 serpens
871 1991 917 2018 Sil.
936 1994 968 2024 6,
1005 2011 1012 2017 .
1050 2011 1057 2018 .

25 1900 147 1922 nlenten!-

29 2082 50 2099 c.
61 2081 77 2100 2
99 2069 253 2104 intranfitiue
263 2089 272 2102 ‚
296 2075 325 2095 vt
337 2066 430 2094 Triste
434 2065 472 2100 fit
484 2064 567 2098 tristis
580 2065 648 2092 odor.
718 2065 827 2090 Vermes
846 2063 966 2097 expirant
986 2062 1058 2089 cada-

28 2117 89 2136 vera
101 2105 196 2134 recenti
209 2105 263 2132 iam
276 2105 376 2131 viscere
412 2103 515 2129 Lucret.
529 2108 619 2135 3,720.
712 2099 861 2134 Exspirauit
872 2098 995 2129 libertas,
1010 2105 1058 2133 per

30 2151 89 2170 meta
106 2144 187 2170 boram
216 2141 282 2167 Ptin.
294 2141 322 2166 in
337 2140 428 2173 Pancg.
440 2147 462 2164 c.
475 2145 516 2172 57.
582 2136 749 2170 Exspiratur,
772 2133 871 2170 impers-
891 2134 956 2160 Plin.
973 2142 1007 2165 11,
1025 2141 1057 2168 37

33 2179 84 2205 Ean
101 2187 140 2205 em
153 2177 200 2204 effe
212 2177 239 2202 ei
250 2181 380 2207 naturam,
393 2182 472 2208 quam
485 2171 595 2199 cerebro
606 2171 749 2205 colligunt,
774 2171 902 2204 quoniam
921 2169 1057 2204 praetenui

34 2215 89 2240 eius
95 2212 245 2240 membrana
251 2211 333 2238 modo
342 2210 422 2237 incisa
436 2209 522 2235 statim
536 2208 691 2242 exspiretur.
748 2207 785 2232 De
793 2205 891 2241 spinuli
902 2205 1012 2231 medulla.

12 2246 13 2255 ¹
66 2255 109 2283 Ex
116 2256 131 2276 Ρ
139 2250 150 2275 i
159 2255 176 2274 R
184 2255 206 2276 A
215 2255 237 2274 N
247 2254 260 2274 s
268 2267 276 2280 ‚
295 2247 326 2273 is.
362 2244 454 2272 Partic.
490 2242 640 2278 [ἓκπνεύων]
675 2241 761 2269 Catul.
769 2241 797 2267 in
805 2241 902 2275 Argon.
912 2248 953 2272 ¹93
974 2241 1057 2267 Frons

12 2303 13 2306 =
31 2284 177 2319 exspirantis
191 2288 341 2319 praeportat
354 2280 467 2316 pectoris
479 2280 539 2306 iras.
610 2280 704 2305 Suaucs
725 2278 856 2312 exspirans
873 2275 968 2302 odores
976 2275 1058 2302 Ιεᾶὶιι-

29 2320 69 2346 lus
93 2319 186 2346 Catull.
198 2322 240 2352 65,
251 2325 293 2353 ⁸7.
362 2316 500 2350 Sanguinis
511 2314 643 2348 exspirans
656 2312 770 2340 calidum
783 2311 815 2338 de
831 2311 939 2347 pectore
959 2313 1060 2338 flumen

12 2374 13 2380 .
26 2355 129 2382 Luci-et.
149 2363 162 2381 2
171 2375 178 2387 ,
197 2363 253 2388 354.
323 2353 459 2379 Extremus
479 2350 633 2385 exspirantis
652 2349 738 2376 hiatus
776 2346 908 2382 Qinffil.
923 2350 939 2374 6
947 2367 955 2379 ,
975 2356 1007 2381 2,
1024 2355 1059 2380 31.

27 2391 217 2425 Exspirantium
232 2389 360 2424 imagines
387 2387 452 2414 Plin.
466 2394 503 2419 35,
515 2396 551 2412 10.

12 2431 13 2454 l
58 2433 102 2454 Ex
110 2433 125 2453 P
134 2433 145 2452 1
153 2433 172 2453 R
181 2433 202 2453 A
210 2432 231 2452 T
240 2427 262 2452 V
270 2431 318 2451 Rv
328 2431 341 2450 s
352 2443 360 2456 ,
380 2432 408 2453 a,
428 2432 483 2449 um.
517 2420 611 2448 Partit.
646 2420 810 2455 [ἐκπνεύσω]
847 2419 908 2446 Flos
926 2419 1060 2454 expiratu-

6 2487 8 2489 ,
24 2471 67 2490 rus
78 2461 110 2488 ad
124 2462 224 2496 primos
236 2459 344 2487 Austros
371 2458 434 2484 Stat.
446 2456 511 2483 Silu.
525 2464 552 2487 2,
565 2464 583 2485 ι,
595 2457 651 2481 106.

0 2520 2 2527 ,
58 2504 123 2525 fixe
132 2504 142 2523 1
151 2502 171 2522 R
180 2501 231 2522 AT
241 2501 263 2517 v
274 2501 313 2533 s..
322 2502 351 2523 a,
371 2501 426 2518 um.
477 2491 551 2517 Hirt.
559 2491 587 2517 B.
595 2490 653 2518 Afr.
661 2495 724 2524 88,4
744 2489 800 2524 Qi
812 2490 886 2524 dum,
894 2490 981 2518 anima
994 2498 1059 2517 non-

0 2534 6 2568 Ι,
23 2533 86 2559 dum
93 2531 229 2565 exspirata,
241 2527 398 2555 concidiffet.
657 2541 660 2543 —

0 2572 4 2587 ⁷
60 2570 254 2593 ExriRA‘ri
267 2570 303 2596 o,
322 2563 389 2589 onis.
409 2562 428 2589 f.

0 2618 3 2622 —
25 2601 200 2635 Eiusdemque
212 2597 420 2634 expirationibus
432 2600 476 2625 aer
489 2599 568 2624 alitur
583 2605 608 2624 et
620 2598 726 2632 aether,
746 2604 771 2624 et
784 2598 874 2624 omnia
887 2598 988 2631 supera.

61 2641 211 2664 EXPISCOR
220 2655 228 2668 ‚
248 2635 297 2661 ari.
329 2634 394 2668 Dep.
419 2632 549 2668 [ἓξετοίζω,
558 2633 702 2668 ἓξιχνιοίζω]
721 2633 761 2659 Est
771 2633 971 2667 Diligentissime
979 2641 1059 2666 quae-

24 2681 84 2701 rere
95 2672 203 2698 vbinam
215 2671 294 2705 pisces
308 2669 420 2701 lateant,
435 2669 534 2695 afflare
546 2670 650 2695 Donato
664 2672 696 2694 ad
708 2668 770 2693 tllud
781 2668 850 2694 Ter.
865 2668 971 2693 Phorm.
987 2675 1014 2696 2,
1033 2675 1060 2697 2,

24 2715 53 2741 35
80 2707 191 2734 Proinde
203 2706 353 2740 expiscare,
368 2704 437 2739 quasi
450 2712 504 2729 non
515 2704 605 2729 nosses.
658 2705 699 2729 Sic
711 2702 767 2728 Cic.
782 2702 853 2727 Fam.
866 2709 893 2734 9,
909 2709 936 2732 19
966 2700 1059 2726 Nescis

23 2751 67 2770 me
78 2742 111 2770 ab
123 2742 172 2769 illo
185 2742 275 2768 onmia
289 2740 465 2775 expiscatum}
488 2752 489 2757 =

23 2780 104 2806 scatus
117 2778 169 2810 est,
187 2781 206 2803 i.
222 2776 360 2813 inqmfiuit.
438 2794 439 2797 .

52 2821 75 2841 «E
84 2820 126 2841 XP
135 2821 145 2840 1
154 2821 167 2840 s
176 2819 232 2845 So,
251 2814 292 2839 vel
312 2817 330 2838 E
341 2818 421 2838 xst‘l
430 2817 442 2836 s
452 2816 464 2836 s
474 2817 492 2837 ο
502 2830 510 2842 ,
536 2813 587 2836 ire.
625 2806 751 2842 [πυκνὸω]
804 2805 908 2842 Sprffitm
916 2806 1015 2842 facere,
1026 2806 1057 2832 li-

22 2849 116 2885 brariis
123 2852 210 2884 potius
222 2847 302 2874 deberi
314 2846 427 2879 videtur,
445 2849 487 2881 qui
499 2847 571 2872 etiam
584 2843 721 2878 expediare
729 2851 778 2878 pro
795 2842 909 2877 spcelare
927 2848 950 2867 et
961 2841 1059 2875 similia

18 2892 110 2922 ponere
116 2884 244 2921 fidebam,
263 2892 334 2918 quam
348 2886 369 2909 ei
377 2903 385 2915 ,
403 2884 447 2917 qui
459 2880 575 2907 landatur
587 2880 699 2912 Plin.25‚
712 2886 736 2910 ¹3
761 2877 864 2904 semine
876 2877 941 2903 trito
956 2877 1057 2912 expres—

26 2921 82 2952 sus,
103 2927 128 2947 et
140 2920 193 2946 sole
206 2919 328 2945 densatus*
337 2919 366 2944 in
378 2917 510 2952 pastillos,
534 2921 608 2942 necat
621 2915 772 2948 sanguinem
791 2912 973 2976 exsp}ffando.d

871 2957 895 2974 ιι·
908 2957 954 2984 quo
984 2956 1026 2980 20,
1040 2955 1057 2982 7

26 2954 118 2988 vetusto
131 2955 210 2982 codice
223 2953 289 2980 reste
301 2953 371 2981 hodie
382 2955 489 2989 legitur,
506 2952 636 2986 Sanguine
650 2948 784 2985 spissando.

28 2997 82 3018 erat
94 2991 249 3025 Expilsatum
263 2989 316 3020 lac,
335 2990 427 3025 legitur
441 2988 576 3022 Spissatum
589 2987 635 3012 lac.

44 3040 46 3043 .
63 3028 255 3056 EXPLKNO,
274 3029 327 3052 are.
367 3022 538 3058 [ἐξομαλιξω,
556 3019 682 3054 ἓξαπλᾶω,
701 3017 797 3054 dnum]
849 3020 953 3046 Planum
959 3018 1057 3055 facere.

29 3060 183 3126 {xpianatus
196 3060 315 3087 indenos
327 3059 404 3094 pedes
417 3064 507 3086 cortex
526 3057 592 3084 Plin.
606 3059 644 3089 16,
659 3063 681 3086 8.
783 3055 933 3087 Declarare,
952 3053 1059 3090 montfe-

53 3104 95 3121 are
101 3111 115 3125 ,-
126 3105 153 3121 ex
170 3105 245 3122 onere.

0 3138 1 3143 ¹
29 3131 106 3171 fuiffe
119 3102 210 3170 infim
229 3131 335 3166 explana
345 3130 422 3158 mihi.
499 3129 555 3156 Cic.
569 3130 645 3155 Verr.
658 3135 688 3161 5,
725 3146 731 3153 .

31 3174 104 3193 enim
118 3165 265 3205 diligentius
276 3175 367 3194 corum
380 3167 465 3198 causa,
476 3165 524 3200 qui
545 3165 633 3191 locum
651 3164 782 3198 ignorant.

31 3201 133 3236 planari
145 3200 195 3227 tibi
206 3201 277 3227 voles
305 3201 343 3228 Id.
356 3202 388 3229 de
403 3203 439 3229 N.
452 3202 484 3228 D.
498 3209 511 3233 3
531 3209 581 3227 c.1.
687 3198 725 3225 1d.
740 3197 792 3225 Off.
808 3206 833 3230 1,
847 3205 887 3223 101
922 3197 1010 3222 Altera
1032 3198 1060 3223 in

31 3237 164 3276 ratione,⁸
180 3244 244 3276 quae
265 3236 339 3264 dotet
362 3244 388 3264 et
409 3237 529 3272 explanat
541 3256 549 3268 ,
576 3234 642 3270 quid
667 3233 817 3261 faciendum
841 3231 1059 3267 fugiendumque.

29 3273 80 3300 Ille
92 3279 182 3298 omnia
194 3270 245 3297 tibi
259 3272 405 3306 explanauit
429 3273 484 3300 Cic.
498 3273 570 3304 Fam.
579 3280 602 3304 3,
614 3276 633 3297 r.

29 3305 297 3345 explanarn1d3Att.
310 3316 344 3340 ι3,
357 3317 394 3335 ιο.
486 3307 608 3342 Apertius
623 3304 725 3340 aliquid
748 3304 826 3331 Id.de
839 3304 896 3330 Fin.
905 3312 931 3336 2,
944 3305 978 3329 60
992 3313 1013 3328 c.
1025 3312 1061 3336 19.

30 3343 191 3382 Diligentius
203 3340 302 3375 aliquid
331 3343 368 3372 Id.
379 3345 432 3371 Act.
447 3352 491 3378 14,
503 3351 525 3376 5.
596 3340 758 3369 Coniectura
777 3339 902 3375 quaedam
922 3339 1061 3373 explanare

10 3407 13 3413 ¹
31 3378 200 3419 longe-aliter
214 3381 292 3411 atque
306 3378 362 3404 sunt
382 3379 420 3406 Id.
433 3379 464 3406 de
478 3380 553 3406 Orat.
565 3386 591 3411 2,
605 3382 661 3407 280·
732 3376 851 3403 Maxime
866 3384 923 3402 rem
943 3374 1060 3408 aliquam

29 3414 69 3442 Id.
84 3413 150 3440 ibid.
166 3418 188 3442 8.
259 3411 324 3437 Rem
334 3413 478 3442 vniuersam
491 3414 609 3442 tribuere
622 3413 651 3439 in
667 3416 769 3446 partes,
789 3411 912 3438 latentem
928 3410 1061 3444 explicare

887 3161 914 3188 Si
933 3161 997 3195 qnid
1016 3170 1061 3187 ex-

169 3483 234 3509 Vim
248 3481 313 3515 legis
326 3483 437 3510 caelestis
473 3485 513 3512 1d.
526 3485 558 3511 de
570 3482 663 3518 Legib.
673 3491 695 3515 2,
704 3491 729 3515 9.
800 3482 944 3516 Explanare
958 3480 1060 3512 Verba,

29 3524 76 3557 pro
88 3517 213 3553 Dzflinfle
221 3520 394 3557 pronuntiare.
421 3551 426 3555 .
460 3520 527 3547 Plin.
539 3521 568 3547 in
583 3521 676 3553 Paneg.
689 3521 741 3551 64,
759 3525 771 3550 3
804 3516 928 3552 Expressit
941 3517 1062 3551 explana-

31 3556 124 3591 vl‘qsse
136 3553 232 3585 Verba,
259 3552 356 3587 quibus
376 3558 433 3579 etc.
474 3556 533 3582 Inde
544 3555 610 3591 apud
621 3555 678 3581 Sen.
694 3553 726 3580 dc
738 3555 779 3580 Ira
794 3562 819 3586 1,
838 3561 849 3585 3
884 3552 1062 3587 Explanabilis

10 3598 12 3601 '
30 3599 85 3618 vox
92 3611 101 3623 ‚
118 3599 188 3626 quam
200 3590 357 3615 articulatam
370 3589 442 3623 vulgo
454 3597 580 3623 vocamus,
597 3592 725 3617 contraria
737 3589 877 3615 Confusae.

28 3493 54 3516 ς.
61 3494 102 3519 4¹·

0 3645 11 3701 γΞ,
31 3669 61 3702 4,
73 3669 101 3694 19
116 3669 157 3693 ις
176 3661 207 3686 In
219 3660 308 3694 lingua
322 3659 401 3685 etiam
415 3658 573 3692 explanatam
584 3670 681 3687 vocum
694 3658 896 3694 impressionem.
950 3657 1060 3691 Qun&

3 3703 5 3705 ’
32 3704 72 3729 ιι,
86 3705 112 3729 3,
126 3705 154 3723 ιο
185 3695 356 3730 Explanatum
370 3703 408 3719 os.

68 3734 158 3759 Exci.
170 3737 191 3758 Α
203 3738 224 3757 N
236 3732 317 3757 ᾹΤΕ.
354 3729 420 3756 Adu.

457 3728 470 3761 [
483 3726 645 3762 ἕξηπλωμένως
659 3732 671 3765 ]
706 3710 807 3766 Aperte.
843 3729 985 3764 Explanate
999 3727 1060 3754 scri-

33 3770 105 3800 ptum
127 3767 239 3797 Gell.16‚
253 3771 275 3796 8.
558 3764 563 3769 ⁴
903 3765 908 3769 '

342 3766 452 3799 Compar.
488 3764 543 3788 Cic.
557 3773 585 3789 in
597 3766 669 3793 Orat.
677 3774 718 3801 117
736 3776 757 3792 c.
766 3774 792 3798 33
825 3765 882 3791 Erit
901 3765 984 3799 igitur
998 3763 1061 3789 haec

19 3823 21 3869 l
34 3837 154 3877 neque-id
168 3838 246 3864 faciat
257 3845 310 3863 tam
319 3836 398 3871 presse
412 3841 437 3861 et
450 3833 571 3867 anguste,
590 3842 665 3867 quam
679 3835 707 3861 in
717 3837 770 3863 illis
785 3835 963 3863 eruditiffimis
976 3834 1062 3869 dispu-

33 3871 173 3899 tationibus
186 3872 245 3899 fieri
260 3872 339 3904 solet,
361 3871 402 3898 sed
417 3879 474 3896 cum
489 3868 664 3902 explanatius,
683 3875 738 3896 tum
751 3873 828 3898 etiam
843 3871 966 3903 vberius,
989 3876 1015 3896 et
1029 3869 1061 3897 ad

34 3914 168 3934 commune
182 3908 310 3934 iudicium
330 3906 536 3942 popularemque
549 3903 749 3937 intelligentiam
762 3906 994 3932 accommodatius,

68 3944 350 3975 EXPLANATOR,
368 3943 431 3969 oris.
453 3950 488 3967 m.

27 3981 140 4014 pretatur
152 3986 176 4005 et
189 3981 296 4015 exponit.

530 3940 542 3973 [
558 3937 709 3970 ἒξαπλωτῆς,
733 3940 865 3975 spanum]
918 3943 970 3976 ι(ρι’
983 3944 1060 3967 inter-

30 453 73 475 -tes
84 446 218 474 recordare
231 445 260 471 in
271 445 327 471 vita
339 445 390 470 tibi
403 444 514 470 illuxiss'e
528 443 597 470 diem
612 444 763 473 laetiorem,
778 448 944 474 quamquum
954 441 1060 474 expiato
1085 450 1100 476 ς
1124 441 1255 468 Adhibere
1268 440 1479 476 explanationem
1508 439 1562 465 Cic.
1576 438 1608 464 de
1628 438 1719 464 Diuin.
1734 445 1761 469 1,
1776 444 1815 468 119
1833 443 1855 460 c.
1874 442 1909 467 51.

694 617 879 644 Tertullianus
894 615 953 643 adu.
966 616 1060 643 Valen-
1078 629 1106 648 ιο
1121 619 1279 644 orationem.

273 800 333 827 Liu.
352 808 380 833 ς,
404 805 433 832 17
473 798 558 823 Vnam
575 796 753 830 expiationem
772 803 865 821 eorum
888 793 936 819 else
953 798 983 819 vt
1018 808 1062 813 —--
1080 804 1104 830 ¹⁵
1121 805 1147 828 1,
1166 802 1195 828 ς,
1217 803 1257 827 34,

1069 988 1105 1007 20
1120 976 1183 998 enim
1200 971 1305 998 euellere.

292 1330 416 1356 Caeterum
429 1328 514 1355 laudat
527 1328 612 1354 Lucil.
621 1335 633 1359 3
648 1328 785 1361 Exspirans
798 1326 914 1352 animam
927 1325 1061 1360 pulmom-
1078 1340 1110 1365 30

418 1507 480 1532 Vno
493 1505 549 1532 ἰᾶὶιι
563 1504 701 1532 transfixus
715 1504 857 1538 exspirauit
872 1502 970 1535 Vell.2‚
983 1511 1026 1537 70,
1041 1510 1062 1535 5.
1079 1519 1107 1545 35

28 1686 93 1720 quid
106 1686 160 1712 suas
172 1685 269 1712 animas
284 1683 481 1717 exspirauerunt
494 1682 583 1715 venti,
607 1681 788 1715 emortuisque
811 1679 962 1706 flaminibus
976 1688 1062 1714 neque
1068 1696 1105 1720 40

0 2040 7 2056 ’ἲ
26 2037 117 2064 Triste
129 2035 183 2062 illic
195 2034 322 2069 exspirat,
345 2031 387 2058 sed
406 2039 454 2057 vos
468 2029 537 2056 odor
550 2029 610 2056 estis
621 2028 756 2056 suauitatis
787 2027 906 2054 Tertull.
926 2026 959 2053 ad
977 2028 1056 2053 Mart.
1071 2043 1104 2070 50

464 2551 615 2596 [ἕκῇνευσις]
650 2561 706 2589 Cic.
720 2561 869 2595 deN.D.2,
881 2567 908 2595 83
926 2571 948 2588 c.
956 2570 987 2594 32
994 2567 1058 2588 extr.
1073 2565 1106 2597 ὅς
1125 2563 1185 2591 Vid.
1201 2563 1342 2600 Liu.3‚464
1356 2568 1420 2586 extr.
1452 2567 1475 2585 et
1489 2566 1528 2591 37,
1541 2565 1578 2590 47
1591 2563 1654 2582 extr.

533 2737 608 2765 Idem
622 2738 651 2764 in
662 2736 746 2763 Pison.
754 2739 788 2769 69
801 2742 862 2766 c.28
893 2735 972 2762 Nihil
986 2735 1058 2770 expi-
1072 2746 1108 2774 70
1122 2736 1211 2762 ieiuna
1226 2736 1346 2770 expletur
1371 2735 1474 2760 Lucrct.
1488 2743 1516 2766 4,
1531 2738 1591 2767 874.
1627 2734 1645 2757 i.
1666 2730 1759 2756 Fames.

1021 2913 1058 2938 Ex
1074 2919 1106 2947 75
1120 2922 1170 2946 que
1192 2913 1293 2947 expleat
1314 2911 1487 2938 Defiderium.

332 3096 401 3122 Ter.
414 3095 520 3122 Phorm.
533 3102 564 3125 2,
578 3102 610 3125 2,
630 3101 657 3125 33
696 3092 783 3125 Qem
806 3091 919 3117 amicum
932 3096 1007 3116 tuum
1020 3090 1059 3116 ais
1081 3091 1113 3118 80
1122 3096 1194 3117 tuam
1208 3099 1262 3116 non
1275 3089 1407 3124 expleras?

771 3146 778 3154 .
812 3126 1009 3161 Explanandum
1023 3125 1059 3152 est
1113 3125 1204 3160 statim
1218 3125 1381 3151 Libidinem.

741 3268 821 3303 Quod
835 3277 888 3294 non
903 3267 1062 3302 intelligitur
1078 3266 1107 3296 85
1122 3267 1281 3294 rissimorum
1296 3266 1426 3298 insanias,
1458 3274 1540 3300 quum
1565 3265 1676 3290 Romam
1702 3261 1861 3292 reuertisset,
1885 3259 2018 3294 expleret?

28 3448 200 3479 definiendo,
221 3445 356 3473 Obscuram
372 3450 508 3483 explanare
522 3447 719 3483 interpretando
747 3447 785 3474 ld.
800 3446 832 3473 de
845 3446 915 3473 Clar.
929 3447 1003 3472 Orat.
1019 3453 1061 3478 152
1075 3451 1111 3477 90
1123 3446 1198 3477 nire,
1219 3454 1297 3480 quam
1311 3454 1364 3471 non
1380 3443 1485 3479 explere
1499 3443 1643 3476 susceptum
1656 3437 1882 3474 Reipub.Munus.

35 3801 138 3828 facultas
151 3802 179 3829 in
192 3811 234 3834 eo,
247 3810 326 3836 quem
340 3800 462 3827 volumus
476 3798 523 3824 effe
536 3797 698 3832 eloquentem
707 3820 713 3832 ,
736 3807 764 3828 vt
779 3800 889 3827 definire
905 3809 960 3826 rem
975 3799 1047 3833 poffit
1056 3809 1061 3824 ς
1070 3808 1116 3826 100
1126 3800 1189 3824 Met.
1204 3808 1231 3830 3,
1244 3801 1299 3827 648,

392 3978 449 4004 Cic.
464 3975 496 4002 de
509 3975 629 4006 Dium-1,
642 3975 683 4000 116
695 3982 716 4000 c.
724 3981 749 4007 51
779 3975 842 4003 Sunt
854 3977 927 4004 enim
939 3976 1059 4011 explana·
1066 3982 1110 4010 105
1124 3975 1266 4003 Sententias
1295 3973 1333 4000 ld.
1347 3974 1375 4000 in
1389 3974 1463 4000 Orat.
1477 3977 1524 4005 40.

1493 208 1528 250 E
1615 208 1653 247 X
1736 208 1764 247 P
2092 206 2159 257 526

1122 305 1191 327 tores
1201 319 1208 332 ‚
1227 304 1255 327 vt
1270 298 1438 326 Grammatici
1452 300 1598 325 Poetamm.
1634 295 1703 324 Add.
1717 294 1789 322 La&
1802 297 1834 327 6,
1848 300 1869 325 8.
1935 296 2052 323 Deorum
2065 295 2154 330 expla-

1122 343 1239 362 natorem
1253 335 1348 361 habere
1372 335 1428 360 Cic.
1441 334 1472 360 de
1487 335 1578 360 Diuin.
1594 342 1619 365 2,
1633 340 1680 366 131.
1735 332 1788 366 Qco
1806 332 1856 356 loco
1872 330 1987 365 quaedam
2005 333 2154 366 exemplaria

1121 373 1204 407 legunt
1222 370 1447 406 Explauationem.

1158 413 1173 432 ις
1186 413 1203 432 x
1215 414 1229 432 P
1240 414 1254 431 L
1265 414 1285 433 Α
1295 413 1316 432 Ν
1327 413 1347 431 A
1357 412 1395 431 Ti
1406 412 1442 435 0,
1461 404 1526 429 finis.
1545 404 1565 430 f.
1610 402 1777 436 [Kalama-05,
1796 399 1923 435 ἑρμηνεία]
1966 401 2152 434 interpretatio.

1979 435 2044 460 Plin.
2058 444 2099 465 10,
2122 437 2154 467 63

1602 474 1660 500 Vici.
1680 475 1987 499 INTERPRETOR.
2063 470 2154 504 Expla-

1123 513 1196 538 natio
1214 513 1297 539 animi
1340 511 1406 538 Plin.
1426 518 1461 540 11,
1480 517 1514 541 51.
1620 510 1804 538 Portentorum
1821 504 2015 540 explanationes
2046 504 2102 531 Cic.
2121 505 2154 531 de

1121 549 1212 582 Arusp.
1229 549 1336 582 Resp.18
1351 554 1404 578 c.9.
1463 545 1510 569 Vbi
1522 543 1661 579 legendum,
1680 542 1855 577 Expiationes.
1943 541 2035 576 Figura
2053 538 2085 571 esi
2102 539 2155 565 rbe-

1121 590 1209 609 torum.
1281 581 1357 609 Auc‘t.
1372 581 1403 607 ad
1416 580 1560 610 Here11.4‚
1582 584 1606 608 18
1639 581 1713 612 Quae
1733 577 1818 604 reddit
1837 581 1950 611 apertam
1968 581 1993 601 et
2013 574 2155 600 dilucidam

1345 617 1555 648 Vniuscuiusque
1567 614 1751 648 propositionis
1765 612 1913 647 explanatio
1939 609 1977 637 id.
1992 609 2058 636 ibid.
2067 619 2095 643 4,
2110 618 2156 642 24.

1121 654 1232 680 Illum-is
1246 654 1395 687 explanatio
1408 658 1434 678 et
1446 649 1621 676 commoratio
1634 658 1685 675 vna
1699 649 1726 674 in
1741 657 1784 678 re,
1803 647 1960 682 permultum
1976 651 2066 672 mouet
2098 645 2156 671 Cic.

1122 689 1153 716 de
1166 690 1239 715 Orat.
1250 697 1271 720 3,
1286 697 1340 714 220.
1435 687 1470 711 Vt
1483 685 1517 711 est
1531 685 1669 711 necessaria
1681 684 1822 710 verborum
1836 681 1999 716 explanatio,
2018 681 2053 707 ita
2067 688 2158 706 omnes

1122 730 1271 759 computare
1285 732 1312 750 ac
1326 723 1398 749 velut
1411 721 1584 747 adnumerare
1599 720 1700 750 literas,
1719 718 1856 746 molestum
1869 724 1894 744 et
1906 716 2027 743 odiosum
2047 715 2158 750 Qin&.

1122 770 1159 793 11,
1187 768 1214 792 3,
1244 768 1279 790 33.
1315 761 1334 784 ι’.
1360 755 1479 790 distincta
1492 759 1686 791 pronuntiatio..
1741 756 1782 782 Sic
1812 760 1835 780 et
1856 753 1990 779 emendata
2007 751 2158 786 explanatio

1122 478 1224 503 Arduae
1240 475 1430 511 explanationis
1446 475 1542 500 onmia.

1157 838 1173 858 E
1184 837 1202 856 x
1214 836 1229 855 P
1238 837 1254 855 L
1264 834 1344 854 ΑΝΑ
1355 825 1392 854 Bi'
1403 834 1418 853 L
1430 834 1438 853 1
1448 834 1476 859 s,
1497 835 1519 852 e.
1538 825 1598 852 Adi.
1640 824 1859 859 Vidpaulloante,
1872 821 2158 851 zerANAREverba.
2173 838 2174 841 =

1156 873 1173 893 E
1185 869 1426 892 XPLANATOR
1438 870 1447 888 1
1459 868 1477 886 v
1488 870 1517 894 s,
1537 870 1565 892 a,
1585 870 1638 887 um.
1692 860 1752 886 Adi.
1807 860 1877 886 Cael.
1891 858 1981 885 aurel.
1995 857 2081 884 Tard.
2095 866 2125 890 3,
2146 865 2158 884 ι

1122 901 1204 928 Liber
1216 898 1410 934 explanatorius
1424 897 1635 932 aphorismorum
1652 896 1830 929 Hippocratis.

1160 943 1177 963 Ε
1194 945 1211 963 Χ
1226 943 1240 962 Ρ
1257 943 1273 961 L
1285 942 1307 961 A
1318 941 1339 960 N
1351 940 1373 960 T
1385 940 1404 960 O
1418 953 1426 965 ,
1447 938 1500 959 are.
1555 933 1712 958 Contrarium
1726 929 1759 962 est
1764 930 1877 964 simplici
1895 930 1998 956 Planta:
2032 927 2160 963 fignificat

1378 969 1509 995 Columcl.
1523 976 1551 1000 4,
1564 977 1594 1000 14
1617 966 1736 999 Pampini
1749 966 1775 990 se
1787 965 1915 998 capreolis
1929 965 2034 998 illigent
2047 964 2108 993 suis,
2125 971 2159 989 ne

1120 1008 1206 1035 ventis
1219 1007 1408 1040 explantentur.
1476 1003 1515 1030 Id.
1532 1011 1554 1035 ς,
1568 1011 1584 1035 9
1611 1003 1679 1028 Ante
1690 1009 1768 1035 quam
1785 1000 1917 1033 explantes
1930 998 2104 1030 arbusculam,
2113 1006 2160 1024 etc.

1156 1050 1173 1070 E
1183 1051 1201 1069 x
1210 1050 1225 1069 P
1235 1050 1250 1068 L
1260 1048 1282 1068 A
1294 1047 1314 1066 V
1326 1046 1345 1066 D
1354 1046 1373 1065 Ο
1382 1059 1388 1071 ,
1408 1041 1460 1065 ere.
1498 1038 1562 1065 Idem
1577 1044 1649 1072 atque
1657 1035 1777 1069 Explodo
1785 1054 1794 1066 ,
1811 1034 1876 1069 quod
1887 1034 1952 1059 vide.
2022 1034 2081 1059 Pars
2088 1034 2160 1067 plau-

1121 1079 1190 1111 dite,
1212 1086 1269 1112 pars
1282 1075 1370 1103 offensi
1391 1074 1540 1109 explaudite
1574 1074 1671 1098 Auson.
1686 1072 1714 1097 in
1726 1070 1839 1104 Sapient.
1943 1069 2047 1094 Lucret.
2062 1077 2096 1101 4,
2117 1076 2159 1102 711

1120 1114 1194 1148 Quin
1207 1113 1286 1140 etiam
1305 1112 1426 1142 Gallum,
1450 1110 1556 1136 noctem
1570 1105 1786 1142 explaudentibus
1802 1104 1864 1135 alis,
1902 1104 1941 1137 (i.
1954 1104 2020 1128 velut
2031 1112 2083 1129 cum
2099 1106 2160 1129 irri-

620 1151 663 1183 Vt,
682 1147 851 1183 Expiatoriae
861 1156 976 1183 poenae,
994 1147 1060 1184 apud
1073 1152 1182 1191 25J1⁰⁷²⁸
1194 1149 1275 1175 cedere
1286 1147 1453 1180 iubentibus)
1475 1147 1606 1171 Auroram
1621 1143 1688 1168 clara
1702 1142 1853 1167 consuetum
1867 1148 1934 1166 voce
1947 1138 2051 1164 vocare.

1156 1180 1518 1214 rxPLENDEsc0‚fiue
1534 1181 1856 1208 EstLENDEsco,
1876 1175 1920 1205 ui,
1937 1176 1989 1200 ere.
2009 1172 2158 1207 [ἓκλοὲμηω]

1636 1214 1741 1240 Sueton.
1756 1213 1784 1238 in
1798 1211 1850 1237 Tit
1873 1219 1914 1241 c.3
1933 1210 1963 1236 In
1977 1218 2061 1243 puero
2073 1208 2161 1234 statim

1121 1222 1247 1252 Eminere,
1261 1218 1389 1255 splendere
1397 1225 1459 1251 prae
1473 1217 1542 1241 altis.

1221 1256 1226 1260 '
1289 1255 1294 1259 '
1770 1247 1839 1275 Add.
1853 1246 1923 1280 Nep.
1938 1252 1979 1278 25,
1994 1254 2013 1277 1,
2027 1253 2050 1277 3.
2101 1244 2161 1270 Sen.

1122 1264 1240 1290 corporis
1253 1253 1388 1287 animique
1402 1252 1474 1278 dotes
1488 1249 1716 1285 exsplenduerunt.

1121 1292 1185 1318 Nat.
1199 1290 1302 1324 Qnaest.
1316 1298 1342 1321 2,
1364 1296 1398 1320 23.

1158 1333 1175 1353 Ε
1188 1335 1205 1353 x
1217 1332 1232 1351 1>
1244 1332 1259 1351 ι.
1268 1333 1285 1352 E
1293 1333 1314 1351 N
1324 1331 1342 1350 n
1351 1331 1368 1350 ιε
1378 1332 1389 1350 s
1398 1330 1414 1350 c
1422 1329 1438 1349 E
1449 1328 1471 1347 Ν
1481 1329 1493 1348 s
1502 1342 1510 1354 ‚
1530 1322 1560 1348 is.
1596 1320 1689 1347 Partic.
1726 1318 1791 1344 Plin.
1800 1326 1833 1350 ιι,
1849 1325 1876 1344 12
1900 1315 1979 1343 Venit
1992 1314 2044 1342 hoc
2051 1323 2082 1342 ex
2090 1316 2162 1347 aere,

1121 1368 1147 1388 et
1159 1362 1275 1388 maxime
1287 1360 1399 1387 siderum
1412 1364 1522 1389 exortu,
1542 1356 1732 1391 praecipueque
1746 1355 1802 1389 ipso
1815 1353 1884 1379 Sirio
1892 1352 2114 1386 exsplendescente
2122 1349 2161 1376 fit.

1157 1405 1174 1425 E
1183 1406 1200 1424 X
1209 1405 1223 1424 Ρ
1232 1403 1248 1422 L
1257 1404 1273 1423 E
1283 1403 1302 1423 O
1312 1415 1319 1428 ‚
1340 1395 1384 1421 Fui
1393 1414 1401 1427 ,
1427 1398 1498 1420 &tum
1506 1412 1516 1425 ,
1539 1397 1591 1419 ere.
1647 1390 1788 1425 [ἕκπληρόω
1795 1409 1803 1422 ,
1822 1387 1966 1423 ἄποπληρόω
1974 1406 1981 1418 ,
1998 1385 2161 1420 οἶνοιπληῃόω]

1121 1434 1223 1468 Implere
1235 1439 1312 1459 totum
1325 1438 1348 1457 et
1361 1430 1394 1456 ad
1401 1430 1520 1465 summum
1526 1427 1596 1464 figm'
1615 1434 1664 1453 cat.
1736 1426 1812 1459 Virg.
1825 1424 1922 1457 Georg.
1937 1432 1949 1455 3
1960 1443 1967 1453 ‚
1980 1430 2024 1455 431
2053 1422 2104 1448 Hic
2118 1430 2162 1447 an-

1123 1472 1180 1504 guis
1195 1468 1308 1503 piscibus
1321 1472 1402 1493 atram
1433 1464 1574 1498 lmprobus
1592 1461 1740 1497 ingluuiem
1760 1460 1884 1494 ranisque
1898 1458 2052 1492 loquacibus
2066 1456 2162 1491 explet.

1123 1505 1191 1530 Ter.
1204 1505 1299 1530 Heaut.
1315 1512 1340 1534 1,
1356 1511 1381 1535 1,
1395 1508 1430 1536 77
1463 1501 1548 1531 Hem,
1565 1504 1605 1525 tot
1616 1506 1674 1524 mea
1688 1496 1767 1523 solius
1781 1495 1878 1521 soliciti
1892 1495 1949 1520 sunt
1963 1494 2053 1525 causa,
2079 1499 2107 1519 vt
2120 1499 2164 1518 me

1121 1549 1203 1566 vnum
1217 1539 1353 1574 expleant?
1391 1539 1409 1563 i.
1424 1536 1486 1562 mibi
1492 1534 1669 1571 satisfaciant,
1681 1541 1732 1558 mea
1739 1530 1854 1564 dtfideria
1862 1530 2012 1565 perficiant:
2048 1527 2164 1563 dejomi-

1121 1576 1157 1602 lia
1170 1575 1301 1610 fimfenex
1315 1575 1432 1609 loquitur.
1524 1570 1596 1596 Non.
1610 1577 1638 1601 5,
1652 1576 1675 1600 ι3
1701 1566 1807 1600 Expleri
1820 1572 1845 1591 et
1859 1564 1969 1596 Satiari,
1988 1563 2052 1589 hanc
2066 1562 2164 1588 habent

1122 1610 1305 1637 differentiam.
1361 1607 1481 1641 Expleri,
1503 1605 1538 1631 est
1551 1603 1754 1631 Tantummodo
1768 1602 1874 1636 plenum
1888 1602 1950 1625 elle:
1986 1597 2096 1627 Satiari,
2115 1598 2161 1636 Su-

1121 1654 1168 1678 pra
1181 1646 1290 1672 modum
1303 1650 1328 1670 et
1341 1642 1538 1670 abundantiam.
1643 1639 1747 1664 Lucret.
1766 1639 1807 1667 (3,
1821 1643 1879 1668 ιοι7
1911 1632 2012 1659 Deinde
2026 1632 2107 1658 animi
2123 1640 2163 1657 in-

1122 1687 1220 1716 gratam
1236 1687 1356 1707 naturam
1370 1679 1471 1713 pascere
1486 1677 1603 1709 semper)
1636 1674 1721 1706 Atque
1736 1671 1840 1704 explere
1854 1669 1931 1695 bonis
1944 1667 2021 1693 rebus
2031 1686 2039 1698 ‚
2058 1666 2164 1692 satiare-

1122 1725 1172 1750 que
1192 1724 1333 1749 nunquam.
1406 1711 1488 1739 Addit
1507 1710 1629 1739 Νοηίιιε,
1660 1708 1697 1732 Μ.
1718 1705 1797 1731 Tull.
1812 1704 1844 1729 de
1864 1704 1927 1736 Rep.
1943 1702 1990 1727 lib.
2009 1704 2025 1727 6
2064 1702 2164 1728 Graues

1121 1751 1193 1775 enim
1206 1751 1330 1775 dominae
1342 1748 1533 1781 cogitationum
1551 1743 1676 1768 libidines
1698 1740 1801 1766 infinita
1820 1739 1948 1773 quaedam
1969 1742 2064 1771 cogunt
2082 1743 2163 1771 atque

1121 1785 1265 1816 imperant3
1302 1791 1369 1816 quae
1388 1782 1450 1814 quia
1464 1788 1510 1805 uec
1525 1777 1626 1811 expleri
1641 1784 1688 1801 nec
1703 1774 1792 1801 satiari
1811 1774 1867 1799 vllo
1888 1773 1969 1799 modo
1990 1773 2107 1806 poliunt,
2129 1771 2162 1798 ad

1120 1826 1200 1843 omne
1214 1817 1315 1843 facinus
1331 1816 1470 1849 impellunt
1483 1822 1544 1844 eOS,
1563 1820 1629 1846 quos
1643 1810 1775 1837 illecebris
1790 1809 1840 1836 suis
1854 1808 2033 1834 incenderunt.
2105 1807 2161 1833 Cic.

1120 1853 1191 1878 Fam.
1207 1860 1231 1882 2,
1246 1861 1254 1877 1
1279 1850 1327 1877 Sed
1342 1850 1372 1876 de
1388 1850 1472 1876 literis
1487 1848 1624 1874 hactenus:
1649 1846 1782 1872 nonenim
1796 1853 1898 1874 vereor,
1912 1851 1945 1868 ne
1958 1851 2011 1868 non
2025 1842 2164 1868 scribendo

1121 1894 1146 1914 te
1158 1887 1286 1921 expleam.
1323 1886 1376 1913 h.e.
1396 1884 1525 1912 scribendo
1533 1882 1704 1919 ‚satisfaciam
1811 1880 1850 1906 Id.
1870 1878 1921 1905 Off.
1936 1887 1968 1910 2,
1983 1883 2008 1908 18
2038 1879 2164 1911 Qiornm

1121 1931 1160 1956 ea,
1175 1931 1240 1956 quae
1255 1928 1347 1948 natura
1361 1920 1504 1950 desiderat,
1524 1918 1628 1952 expleta
1646 1916 1828 1949 cumulataque
1847 1913 1997 1940 habeamus.
2076 1913 2114 1939 Id.
2134 1913 2165 1939 in

1122 1958 1212 1984 Partit.
1227 1960 1262 1990 96
1295 1957 1333 1982 Ad
1359 1953 1566 1981 commonendos
1582 1953 1684 1978 animos
1702 1951 1818 1977 maxime
1839 1948 1985 1984 proficient,
1999 1947 2016 1974 si
2034 1948 2163 1975 incitandi

1121 1999 1215 2024 erunt,
1235 1991 1390 2018 huiusmodi
1403 1990 1560 2020 sententiae,
1580 1996 1646 2022 quae
1660 1987 1691 2012 ad
1714 1985 1853 2020 explendas
1866 1984 2034 2018 cupiditates,
2063 1990 2107 2009 aut
2127 1983 2162 2010 ad.

1121 2028 1213 2054 odium
1230 2027 1390 2055 satiandum,
1416 2031 1460 2051 aut
1481 2024 1512 2050 ad
1533 2022 1691 2049 vlciscendas
1706 2022 1818 2048 iniurias
1840 2019 2017 2054 pertinebunt.
2087 2019 2161 2045 Idem

1120 2065 1198 2090 Verr.
1214 2072 1243 2095 3,
1257 2072 1303 2089 100
1333 2060 1491 2088 Decumanis
1505 2060 1577 2085 lucra
1588 2060 1647 2084 data
1662 2059 1729 2088 sunt,
1742 2063 1771 2083 vt
1782 2054 1925 2090 aliquando
1941 2064 1971 2080 ex
1985 2063 2077 2081 eorum
2091 2055 2162 2089 agris

1120 2105 1198 2134 atque
1217 2098 1328 2125 vrbibus
1348 2097 1445 2131 expleti
1461 2102 1539 2129 atque
1550 2093 1672 2124 saturati,
1694 2101 1753 2118 cum
1770 2092 1820 2118 hoc
1835 2090 1941 2117 cumulo
1958 2090 2076 2125 quaestus
2089 2091 2164 2117 dece-

1120 2134 1220 2161 derent.
1328 2132 1408 2165 Qiod
1427 2130 1562 2165 aliquibus
1581 2129 1681 2159 defuit,
1700 2127 1806 2162 explere
1839 2126 1876 2153 Id.
1891 2126 1922 2152 de
1937 2126 2006 2153 Clar.
2020 2127 2095 2153 Orat.
2112 2134 2164 2158 154.

1120 2168 1141 2205 ff
1166 2178 1182 2196 2
1219 2166 1375 2201 Substantiua
1388 2178 1396 2192 .·
1432 2167 1557 2193 Animum
1572 2164 1654 2191 alicui
1667 2163 1789 2198 explere,
1807 2170 1853 2198 pro
1869 2163 2028 2198 Satrsj..cere.
2094 2162 2164 2187 Ter.

1120 2206 1187 2232 Hec.
1197 2213 1220 2238 5,
1236 2213 1255 2235 1,
1269 2212 1297 2237 ¹9
1317 2203 1398 2238 Exple
1407 2202 1532 2228 Animum
1545 2201 1596 2233 his,
1616 2206 1695 2235 teque
1709 2200 1757 2226 hoc
1771 2200 1883 2227 crimine
1896 2198 2000 2232 expedi.
2043 2196 2165 2228 Vid.n.3.

1121 2242 1188 2268 Ter.
1203 2240 1284 2268 Andr.
1299 2248 1325 2273 1,
1338 2248 1367 2272 2,
1387 2246 1416 2273 17
1446 2238 1515 2264 Dum
1531 2243 1633 2271 tempus
1652 2235 1684 2263 ad
1698 2245 1755 2263 eam
1767 2245 1825 2263 rem
1839 2235 1916 2266 tulit,
1940 2233 1988 2259 fini
2007 2233 2123 2258 animam
2138 2237 2167 2258 vt

1120 2278 1238 2312 expleret
1252 2277 1343 2309 suum,
1380 2278 1400 2302 i.
1421 2276 1544 2310 voluptati
1556 2277 1616 2309 June
1644 2272 1826 2309 adaequentur,
1846 2269 2013 2306 satisfaceret
2031 2268 2166 2301 d=j.derii5.

1121 2314 1210 2341 Annos
1224 2313 1351 2339 ducentos
1373 2311 1474 2345 Plin.7‚
1489 2315 1529 2344 48.
1635 2307 1768 2335 Columel.
1784 2313 1807 2339 8,
1823 2315 1845 2332 ιι
1873 2306 1963 2338 Quum
1979 2304 2113 2330 trimatum
2121 2312 2166 2329 ex-

1120 2349 1221 2384 pleuit,
1237 2349 1338 2383 optime
1352 2350 1517 2382 progenerat.
1589 2344 1663 2378 Virg.
1678 2345 1743 2370 Aen.
1767 2351 1791 2374 1,
1814 2349 1868 2376 274
1910 2340 2038 2374 Triginta
2058 2347 2166 2372 magnos

1078 2390 1113 2415 60
1120 2384 1260 2411 voluendis
1275 2383 1406 2410 mensibus
1418 2382 1496 2409 orbes
1522 2381 1639 2415 Imperio
1653 2378 1778 2413 explebit.
1816 2388 1834 2403 l.
1854 2378 1942 2403 Annos
1956 2377 2064 2410 triginta
2077 2384 2166 2409 regna-

1119 2421 1165 2447 bit.
1236 2421 1342 2446 Annum
1352 2420 1425 2445 Luna
1438 2424 1530 2453 quater
1541 2416 1624 2450 plenis
1637 2415 1754 2450 expleuit
1768 2412 1892 2439 cornibus
1910 2410 1991 2437 Ouid.
2001 2411 2064 2436 Met.
2073 2417 2099 2443 7,
2109 2417 2162 2441 530.

1120 2457 1209 2482 Annos
1224 2456 1314 2482 fatales
1329 2454 1494 2488 expleuimus
1538 2451 1635 2478 Tibul.
1653 2460 1679 2484 1,
1702 2459 1714 2483 3
1724 2469 1731 2480 ,
1745 2458 1780 2482 53.
1875 2447 2022 2473 Auaritiam
2054 2446 2165 2478 pecunia

1120 2493 1177 2518 Cic.
1191 2500 1239 2526 pro
1254 2491 1330 2517 Rosc.
1347 2491 1436 2516 Amet.
1451 2498 1493 2521 150
1516 2497 1538 2514 c.
1558 2495 1594 2520 52.
1689 2484 1827 2511 Centurias
1846 2490 1899 2507 non
1921 2480 2026 2514 explere
2044 2480 2163 2504 decimum

1120 2526 1253 2554 candidati
1275 2536 1347 2558 cum,
1376 2535 1424 2551 non
1442 2523 1542 2560 poffimt
1557 2521 1743 2558 suffragiorum
1764 2520 1899 2553 legitimum
1933 2524 2056 2541 nutrierunt
2074 2515 2164 2549 jrrre:

1761 2553 1827 2579 Plin.
1842 2554 1887 2583 36,
1901 2558 1929 2576 21
1961 2550 2052 2576 Vlcera
2069 2557 2163 2575 eorum

1121 2603 1234 2632 purgant
1248 2597 1355 2625 leuiter,
1372 2594 1529 2628 explentque
1542 2590 1699 2621 Cicatrices,
1718 2593 1743 2614 et
1757 2586 1904 2614 emendant.
1975 2586 2046 2611 Caes.
2063 2585 2090 2611 Β.
2106 2585 2164 2616 C.1,

1120 2638 1152 2666 78
1185 2631 1226 2657 Ibi
1247 2632 1272 2656 se
1289 2631 1423 2663 reliquum
1436 2627 1582 2655 Consilium
1596 2624 1746 2659 expleturos
1760 2621 1942 2653 confidebant,
1965 2623 1985 2647 i.
2002 2624 2163 2656 eajeculuros,

1120 2666 1167 2693 Sed
1179 2666 1260 2691 editur
1274 2664 1460 2699 explicaturos.
1530 2661 1694 2695 Cupiditates
1713 2658 1796 2685 multa
1816 2666 1895 2692 opera
1915 2661 1941 2682 et
1959 2655 2074 2690 impensa
2107 2655 2163 2681 Cic.

1121 2701 1153 2727 de
1167 2702 1223 2726 Fin.
1241 2709 1259 2735 1,
1274 2708 1315 2733 45.
1373 2699 1440 2726 Add.
1454 2697 1543 2724 Partit.
1553 2699 1586 2730 96
1608 2705 1676 2732 quem
1689 2696 1765 2720 locum
1777 2693 1845 2719 modo
1856 2691 1988 2727 posuimus.
2060 2691 2164 2725 Cupido

1833 2728 1889 2754 Cic.
1903 2735 1951 2761 pro
1976 2726 2078 2753 Caecin.
2100 2735 2121 2752 c.
2136 2735 2164 2752 ιο

1124 2773 1188 2798 Non
1203 2771 1234 2798 ad
1246 2769 1451 2804 cognoscendam
1460 2769 1572 2799 causam,
1581 2766 1622 2792 sed
1636 2764 1667 2791 ad
1681 2763 1836 2799 explendam
1848 2762 2047 2789 Damnationem
2062 2761 2164 2797 praesto

1120 2807 1195 2833 fuisse
1204 2827 1211 2838 ,
1240 2810 1258 2832 i.
1277 2806 1310 2832 ad
1321 2814 1444 2831 numerum
1457 2813 1537 2830 eorum
1551 2800 1706 2836 explendum,
1724 2802 1767 2836 qui
1779 2799 1925 2825 damnarent
1937 2807 2013 2824 reum.
2103 2798 2164 2824 Liu.

1123 2851 1143 2874 1,
1153 2850 1169 2875 9
1183 2848 1248 2869 extr.
1275 2842 1367 2875 quue
1381 2838 1538 2866 melioribus
1553 2838 1642 2864 vsuras
1655 2836 1737 2868 viris,
1757 2834 1831 2870 quod
1844 2834 1987 2860 annixurus
1998 2842 2046 2867 pro
2055 2833 2078 2859 se
2093 2833 2164 2867 quis-

1122 2886 1173 2912 que
1186 2877 1231 2909 fit,
1251 2882 1279 2902 vt
1294 2885 1376 2911 quum
1391 2876 1435 2901 sua
1447 2875 1505 2901 vice
1518 2873 1623 2900 functus
1636 2870 1725 2897 officio
1738 2871 1783 2903 fit,
1808 2875 1943 2904 parentum
1957 2869 2037 2895 etiam
2051 2869 2165 2903 patriae-

1593 2908 1671 2934 Diem
1690 2908 1840 2941 supremum
1883 2905 1973 2931 Tacit.
1996 2905 2063 2930 Arm.
2091 2913 2117 2936 ι,
2139 2906 2164 2929 6.

1120 2949 1226 2983 Digitos
1239 2954 1352 2983 quatuor
1365 2942 1532 2980 longitu'dine
1559 2944 1624 2970 Plin.
1638 2947 1676 2974 18,
1691 2950 1731 2977 27.
1835 2940 1916 2967 Ouid.
1932 2939 2018 2967 Trist.
2033 2950 2067 2973 4,
2086 2948 2116 2972 3,
2136 2944 2164 2971 38

1120 2984 1245 3018 Expletur
1258 2983 1374 3009 lacrimis
1388 2982 1556 3016 egeriturque
1570 2979 1664 3005 Dolor.
1725 2976 1783 3004 Vid.
1797 2986 1823 3002 n.
1835 2986 1859 3008 3.
1937 2974 2165 3009 Exspec'iationcm

1121 3021 1176 3046 Cic.
1191 3019 1222 3046 de
1236 3020 1310 3045 Orat.
1329 3027 1349 3050 1,
1363 3025 1420 3050 205.
1535 3014 1573 3041 Id.
1586 3015 1614 3041 in
1628 3013 1718 3040 Vatin.
1737 3021 1765 3045 32
1796 3012 1883 3039 Fausti
1901 3010 2070 3038 adolescentis
2088 3009 2165 3035 nobi-

1122 3055 1208 3081 lillimi
1223 3054 1312 3089 paullo
1325 3058 1384 3079 ante
1404 3061 1436 3079 ex
1454 3051 1535 3087 epulo
1552 3048 1803 3085 magnificentiffimo
1820 3048 1926 3074 Famem
1949 3046 2021 3072 illam
2047 3050 2165 3070 veterem

1486 3087 1590 3113 Ieiunia
1619 3083 1801 3116 Sen.Thyest.
1817 3092 1837 3109 1.
1952 3081 2080 3109 insanias,
2110 3079 2163 3105 ud.

1484 3120 1716 3157 Intemperantiam
1729 3119 1839 3146 alicuius
1866 3117 1923 3143 Cic.
1937 3116 1969 3143 de
1983 3116 2075 3150 Arusp.
2088 3116 2162 3150 Resp.

1120 3171 1162 3195 42.
1233 3161 1364 3187 Lacunam
1378 3158 1418 3186 rei
1433 3158 1572 3185 familiaris
1611 3156 1650 3183 Id.
1663 3157 1738 3182 Verr.
1752 3163 1764 3180 2
1778 3163 1799 3181 c.
1813 3161 1849 3186 55.
1955 3152 2086 3184 Legiones
2107 3150 2164 3184 sup-

1122 3197 1256 3232 plemento
1282 3196 1341 3222 Liu.
1356 3204 1382 3227 1,
1419 3213 1426 3220 .
1575 3192 1630 3219 Cic.
1645 3192 1720 3218 Verr.
1733 3200 1751 3224 4
1763 3199 1784 3216 c.
1794 3197 1819 3215 21
1844 3188 1941 3215 Nonne
1956 3187 2033 3213 vobis
2047 3185 2072 3211 id
2088 3185 2164 3219 cgisl'e

1122 3233 1243 3264 videtur,
1262 3237 1290 3257 vt
1302 3240 1355 3257 non
1369 3230 1446 3256 vuius
1459 3228 1629 3260 Libidinem,
1647 3230 1701 3253 non
1716 3227 1774 3252 suos
1788 3224 1877 3251 oculos
1887 3243 1895 3255 ,
1915 3223 1956 3249 sed
1971 3222 2163 3282 oinniumbaiua-

2122 3264 2164 3281 en-

1122 3310 1176 3330 tem
1194 3303 1295 3339 expleri
1308 3302 1401 3336 nequit
1429 3301 1504 3335 Virg.
1519 3301 1582 3326 Aen.
1598 3307 1622 3331 1,
1636 3305 1694 3332 717.
1801 3295 1892 3322 Tacit.
1906 3296 1972 3320 Ann.
1987 3295 2012 3324 6,
2027 3300 2059 3324 30
2082 3292 2165 3317 Inter-

1124 3339 1191 3365 clusa
1204 3339 1291 3365 anima
1307 3338 1420 3365 creditus
1433 3336 1468 3362 cst
1490 3334 1679 3361 Mortalitatem
1699 3331 1849 3367 expleuiffe.
1942 3327 2069 3354 Mundum
2087 3326 2165 3352 bonis

1124 3374 1248 3401 omnibus
1262 3373 1380 3410 expleuit
1394 3373 1464 3398 Deus
1487 3371 1542 3397 Cic.
1556 3369 1588 3395 de
1601 3368 1721 3395 Vniuers.
1737 3376 1753 3401 7
1772 3376 1793 3393 c.
1810 3375 1831 3398 3.
1901 3364 1972 3391 Idem
1997 3363 2028 3388 de
2042 3361 2164 3388 Prouinc.

1126 3411 1203 3437 Cons.
1221 3417 1248 3443 25
1278 3410 1309 3436 Et
1330 3408 1405 3435 malit
1426 3413 1511 3433 tamen
1530 3405 1630 3432 tardius
1651 3404 1684 3430 ad
1704 3404 1810 3429 suorum
1826 3398 2058 3460 labor11m12‘uex'lus
2072 3406 2166 3432 perue-

1982 3452 1987 3458 .
2032 3441 2084 3459 err.
2092 3441 2120 3465 4,
2130 3434 2166 3467 76

1123 3481 1247 3516 Sperabat
1259 3481 1292 3506 iis
1304 3479 1451 3510 militibus,
1473 3486 1538 3512 quos
1551 3486 1582 3503 ex
1597 3485 1629 3502 eo
1643 3476 1703 3501 loco
1722 3472 1879 3501 deduxisset,
1899 3468 2004 3504 explere
2023 3469 2048 3494 se
2062 3468 2165 3495 Nume-

1123 3525 1183 3543 rum
1197 3522 1335 3542 nautarum
1350 3521 1375 3541 et
1388 3515 1518 3548 remigum
1532 3513 1609 3548 posse.
1714 3509 1774 3534 Liu.
1790 3516 1812 3538 2,
1826 3514 1834 3531 1
1854 3503 1985 3531 Caedibus
1996 3504 2066 3538 regis
2079 3504 2164 3530 demi-

1122 3558 1216 3578 nutum
1229 3553 1334 3578 Patrum
1347 3551 1499 3577 Numerum
1512 3546 1676 3584 primoribus
1690 3542 1815 3577 equestris
1829 3539 1922 3580 gradus
1933 3539 2008 3566 lectis
2021 3539 2053 3565 ad
2065 3545 2165 3565 trecen-

1124 3592 1213 3613 torum
1226 3588 1355 3613 summam
1366 3585 1491 3620 expleuit.
1562 3584 1617 3610 Cic.
1633 3582 1709 3607 Verr.
1723 3586 1744 3610 5,
1758 3579 1789 3610 56
1814 3575 1955 3602 Honestius
1970 3574 2006 3601 est
2021 3575 2047 3602 ei
2061 3575 2166 3605 nullum

68 3633 86 3652 E
96 3632 114 3652 Χ
127 3632 143 3651 1'
153 3633 169 3652 L
179 3632 201 3651 A
210 3624 262 3650 ΝᾹ
274 3629 296 3649 Τ
309 3631 328 3649 V
337 3631 349 3649 S
358 3643 366 3654 2
384 3630 415 3654 ὃ,
434 3631 488 3650 um.
522 3626 613 3653 Partic.
648 3626 661 3660 [
673 3624 835 3657 ἐξηπλωμένος
847 3625 860 3658 ]
911 3623 967 3650 Cic.
982 3621 1061 3648 Acad.
1077 3626 1109 3651 95
1124 3622 1186 3648 dare
1196 3642 1204 3654 ,
1231 3631 1309 3657 quam
1329 3621 1403 3648 illum
1424 3620 1493 3655 quasi
1516 3619 1663 3653 legitimum
1676 3615 1825 3640 Numerum
1841 3610 2036 3637 consuetudinis
2049 3619 2102 3636 non
2123 3619 2167 3637 ex-

1274 3657 1409 3683 Numeros
1421 3657 1449 3682 in
1461 3655 1559 3682 fidibus
1571 3652 1690 3686 explere,
1716 3654 1741 3673 et
1761 3646 1890 3673 conficere
1909 3647 1998 3673 versus
2031 3646 2069 3672 Id.
2086 3645 2166 3672 Acad.

1124 3657 1205 3692 Plere.
1341 3691 1463 3725 Liu.'4,
1545 3709 1551 3715 .
1594 3685 1677 3714 Factis
1699 3683 1773 3709 fimul
1800 3681 1930 3717 dictisque
1952 3681 2044 3708 odium
2070 3681 2166 3716 explet.

1193 3701 1207 3718 2
1228 3712 1234 3718 .

1126 3702 1182 3754 Cic.
1196 3700 1267 3754 anm.
1283 3729 1329 3760 16·‚
1342 3736 1372 3761 25
1404 3727 1473 3754 Noli
1486 3724 1649 3752 committere
1661 3725 1689 3745 vt
1700 3719 1866 3745 excusatione
1880 3718 1967 3752 potius
1981 3717 2086 3752 expleas
2101 3715 2166 3743 Offi-

1124 3764 1196 3788 cium
1211 3762 1355 3794 stribendi,
1375 3772 1452 3798 quam
1466 3760 1607 3788 assiduitate
1621 3754 1799 3790 epistolarum.
1869 3754 1944 3788 Opus
1960 3753 2067 3779 alterius
2085 3750 2166 3777 Ouid.

1370 3800 1470 3824 Partem
1484 3793 1603 3821 relictam
1634 3791 1689 3817 Cic.
1704 3789 1756 3817 Off.
1770 3798 1799 3822 3,
1812 3797 1854 3822 34.
1940 3788 1979 3815 Id.
1993 3789 2022 3813 in
2037 3789 2109 3813 Orat.
2124 3792 2167 3816 231

1124 3833 1221 3867 Neque
1229 3833 1370 3859 inferciens
1379 3833 1467 3861 verba,
1478 3829 1546 3865 quali
1556 3828 1644 3854 Rimas
1656 3826 1768 3861 expleat.
1841 3825 1886 3851 Se:
1920 3823 2000 3850 Plaut.
2013 3823 2092 3848 Cure.
2100 3830 2122 3852 3,
2139 3821 2168 3845 16

1125 3868 1222 3904 Edepol
1239 3877 1287 3894 nae
1301 3877 1350 3902 ego
1363 3868 1407 3894 hic
1427 3876 1468 3893 me
1489 3866 1558 3890 intus
1571 3862 1676 3898 expleui
1688 3861 1781 3896 probe.
1852 3860 1908 3886 Cic.
1923 3858 1990 3885 Phil.
2008 3866 2039 3887 2,
2062 3864 2092 3887 50
2123 3855 2166 3881 lbi

1126 3910 1150 3931 te
1164 3912 1245 3938 quum
1261 3910 1287 3929 et
1299 3904 1370 3930 illius
1386 3899 1588 3937 largitionibus,
1612 3905 1638 3924 et
1651 3898 1702 3924 tuis
1718 3895 1815 3932 rapinis
1834 3895 1985 3931 explcuisses
2014 3891 2049 3930 (fi
2065 3890 2114 3915 hoc
2128 3889 2165 3915 est

1290 3940 1361 3972 quod
1384 3939 1469 3965 statim
1494 3934 1626 3965 effundas)
1672 3932 1779 3959 aduolas
1808 3940 1885 3965 egens
1909 3929 1940 3955 ad
1971 3925 2166 3953 Tribunatum.

1596 3969 1740 3997 Sententiae
1759 3972 1818 4001 apte
1831 3965 1936 4001 explere
1957 3960 2168 4021 concludet-ecque

1829 4005 1830 4009 ’
1953 4008 1956 4009 ’
1982 4008 1986 4011 ·
2127 4002 2164 4021 ic.

1125 3940 1232 3975 explere
1244 3958 1250 3968 ,

1275 4009 1375 4036 Vvv
1410 4016 1427 4035 2
