2479 4225
654 125 943 168 FAT

525 218 641 245 Voluere
660 218 727 244 Hor.
741 218 827 244 Carm.
842 220 917 246 2,17‚
933 220 975 244 24.

275 136 338 185 615

275 223 373 248 Lucam
388 228 413 252 2,
427 222 467 252 63,
1048 209 1068 248 q
1090 219 1102 242 3
1140 209 1267 236 Formulae
1281 218 1310 235 ex

282 257 398 283 Verbis-ct
407 256 564 290 participiis.
601 252 712 288 Abdita,
732 252 784 278 uid.
798 250 844 287 jub
865 253 961 275 ABDO.
1005 246 1169 280 Abrumpere
1183 245 1235 271 fata
1254 246 1312 270 Sen.

276 294 355 319 Herc.
368 292 426 316 Oet.
439 295 493 323 893.
509 293 528 317 i.
542 293 622 316 vitam
636 290 698 324 sato
711 287 862 322 affignatam.
909 283 995 316 Agunt
1008 284 1140 308 Romanos
1154 280 1247 320 acerba
1261 280 1314 320 sata

278 329 345 353 Hor.
354 324 435 360 Epod.
443 333 469 359 7,
478 334 515 360 17.
550 326 618 352 Suet.
627 324 694 351 Tib.
702 318 762 353 cs69
783 321 858 345 Circa
867 318 929 344 deos
937 327 965 344 ac
978 318 1121 352 religiones
1130 316 1315 350 negligentior:

278 363 376 397 quippe
400 360 520 387 addietus
537 359 746 387 mathematicae,
770 354 994 389 persuationisque
1018 354 1123 388 plenus,
1147 351 1239 377 cuncta
1259 351 1316 376 fato

279 398 338 432 Agi.
409 397 478 425 Fatis
492 397 617 431 Agimur,
632 394 713 420 cedite
727 391 785 416 fatis
799 390 855 415 Sen.
865 388 936 429 Θεό..
945 397 1006 424 977.
1077 386 1240 427 Appetebant
1252 386 1316 418 fata,

278 432 332 460 vid.
353 438 492 459 APPETo.
562 431 617 457 Cic.
630 429 662 454 de
675 427 764 453 Diuin.
779 434 802 456 2,
818 430 848 457 98
873 425 970 451 Lucius
984 423 1113 451 Tarnsius
1127 423 1200 449 vrb1s
1213 421 1315 448 nostrae

279 469 334 495 fata
348 469 449 494 Cancre
462 476 516 494 non
534 463 676 491 dubitabat.
749 461 816 486 Hor.
831 461 880 487 Sat.
895 469 914 492 1,
928 469 953 493 9,
968 469 1000 493 29
1037 460 1114 486 Instat
1143 458 1228 485 fatum
1246 457 1317 483 mihi

279 504 353 531 triste
366 503 465 529 Sabella
486 501 555 536 quod
575 506 656 533 puero
671 495 774 522 Cecinit
789 502 859 522 mota
873 496 964 523 diuina
979 504 1040 521 anus
1054 503 1127 521 vrna.
1198 494 1317 520 Circum-

281 534 347 566 stare
361 539 442 565 fatum
461 537 573 570 aliquem
592 533 647 558 Cic.
662 531 775 565 Philipp.
790 541 828 564 10,
843 540 885 558 20.
957 532 1022 558 Non
1035 530 1097 557 haec
1110 539 1123 555 a
1137 537 1179 555 me
1193 535 1249 569 tum
1264 536 1318 555 tan-

302 584 361 601 uam
381 575 432 600 fata
446 568 656 598 Concinebantur
680 567 735 595 Cic.
748 576 797 602 pro
811 568 880 594 Sext.
899 577 921 593 c.
935 576 971 594 21.
1043 566 1203 592 Consumcnt
1223 572 1318 599 ignaua

282 584 366 637 sortes
380 610 431 635 fata
444 608 514 632 viros
530 604 585 629 Sen.
595 604 684 636 Agam.
700 605 724 629 6.
781 603 959 630 Continentur
972 602 1061 628 omnia
1075 602 1147 633 fato,
1161 609 1229 634 quae
1242 600 1318 632 fiunt,

282 652 308 672 et
320 646 406 672 futura
420 643 476 668 sunt
490 639 544 666 Cic.
559 639 590 665 de
604 638 696 664 Diuin.
710 647 736 670 2,
752 647 788 671 ι9.
861 639 970 673 Ereptus
982 638 1043 664 fatis
1055 636 1138 664 Ouid.
1152 637 1216 662 Met.
1234 645 1253 668 1,
1267 640 1318 668 358-

283 683 405 708 Euertere
423 677 491 710 leges
508 674 624 701 fatorum
648 674 709 700 Stat.
725 673 820 701 Achill.
840 682 866 706 2,
879 683 909 700 11.
980 674 1070 700 Tacit.
1085 672 1173 706 Agric.
1188 680 1220 705 45
1248 672 1319 697 Con-

283 717 363 746 stans,
375 719 398 738 et
413 711 496 737 libens
515 710 598 736 fatum
617 709 751 744 excepisti.
822 710 939 745 Exequi,
949 715 997 745 pro
1012 709 1097 736 subire
1111 709 1166 734 Cic.
1182 708 1233 734 Att.
1247 716 1273 739 9,
1290 715 1318 739 4.

282 748 407 778 Exterrita
419 746 480 772 fatis
491 745 562 772 Dido
574 745 649 780 Virg.
663 746 727 771 Aen.
742 753 770 777 4,
784 752 843 778 450.
915 745 976 779 le.
991 745 1019 771 in
1034 745 1051 770 l.
1065 753 1077 770 2
1097 745 1128 770 D.
1149 743 1181 770 de
1200 743 1277 769 cond.
1293 749 1319 768 et

281 781 500 816 dcmonst.1'›zfln.
537 781 608 807 Nam
629 780 647 807 fi
666 780 723 807 fato
741 781 848 811 fecerit,
867 788 923 806 non
941 780 1049 807 videtur
1066 779 1253 814 obtemperasse
1271 787 1319 804 vo-

280 818 382 846 luntati.
455 816 612 842 Festinantia
631 816 692 842 Stat.
707 815 772 842 Silu.
791 824 814 848 3,
827 826 855 849 4,
870 825 907 848 25.
978 816 1033 842 Cic.
1054 816 1148 842 Diuin.
1164 824 1182 846 1,
1196 817 1230 840 66
1264 814 1319 840 Ne-

278 863 329 889 que
342 862 383 879 me
398 852 492 886 Apollo
505 852 567 878 fatis
582 851 676 878 Fandis
694 851 842 878 dementem
857 852 885 878 in
903 851 987 878 vitam
1000 851 1061 878 ciet.
1133 850 1205 877 Fieri
1218 850 1318 876 Consu-

278 891 330 916 lem
344 889 413 915 fato:
437 888 460 913 h.
477 896 496 913 e.
522 888 604 913 Veluti
626 887 711 913 diuino
729 887 832 923 quodam
847 894 907 914 nutu
922 894 946 913 ct
959 887 1062 923 fauore.
1097 886 1153 913 Cic.
1168 887 1242 912 Verr.
1258 885 1361 912 Achzo

278 934 298 956 1,
313 933 347 956 29
377 924 447 950 Nam
466 922 516 948 hoc
531 924 643 949 Verrem
657 922 744 949 dicere
757 922 877 958 aiebant,
897 929 990 949 tenen
1003 923 1075 955 fato,
1100 928 1129 950 vt
1148 927 1265 948 caeteros
1286 930 1318 947 ex

277 958 498 989 vestrafamilia,
528 958 571 985 sed
598 967 679 993 opera
703 965 749 985 tua
767 959 910 985 Consulem
929 958 1039 985 fastum.
1109 958 1181 984 Fieri
1201 966 1319 992 quonam

275 1004 335 1021 meo
349 995 404 1021 fato
418 993 504 1021 dicam
513 1014 520 1026 ,
534 1000 573 1026 vt,
587 1001 631 1020 etc.
647 995 702 1021 Cic.
717 993 831 1029 Philipp.
845 1004 867 1027 2,
884 994 904 1020 1.'
974 994 1093 1027 Fle&ere
1106 994 1189 1020 fatum
1203 993 1277 1019 Idem
1289 992 1319 1018 in

275 1031 352 1058 Catil.
367 1039 390 1062 3,
407 1038 444 1062 19.
515 1030 627 1056 Iactatus
639 1030 700 1056 fatis
722 1031 797 1064 Virg.
815 1032 880 1057 Aen.
894 1040 922 1064 4,
936 1038 974 1063 14.
1047 1030 1102 1056 Cic.
1119 1030 1147 1055 in
1161 1028 1239 1055 Catil.
1253 1037 1278 1060 2,
1295 1036 1318 1054 ιι

274 1076 296 1092 e.
311 1074 323 1098 ς
343 1065 448 1099 Qubus
461 1073 511 1099 ego
531 1065 637 1092 confido
651 1065 809 1100 Impendere
821 1066 906 1092 fatum
920 1064 1031 1100 aliquod
1049 1071 1074 1091 et
1091 1073 1202 1099 poenam
1216 1063 1318 1090 iamdiu
1327 1068 1354 1094 ἒς

276 1101 443 1137 improbitati
458 1100 584 1127 debitam.
656 1100 811 1136 Impendent
829 1102 885 1128 fato
898 1101 960 1127 odia
972 1101 1097 1127 amicitiis
1116 1101 1189 1127 Idem
1201 1099 1233 1126 de
1245 1100 1318 1126 Ami-

276 1138 321 1163 cit.
336 1146 361 1163 2.
432 1137 562 1162 Inclinant
573 1137 627 1163 iam
641 1136 694 1164 fata
709 1137 803 1163 ducum
818 1138 915 1164 Lucan.
929 1145 953 1169 3,
966 1144 1024 1171 732.
1095 1138 1235 1171 Ingruente
1252 1136 1319 1165 fato,

275 1172 329 1199 vid.
354 1178 393 1198 IN
403 1178 450 1198 GR
463 1178 483 1197 V
497 1178 528 1198 0.
599 1172 678 1199 Instat
696 1173 781 1199 fatum
799 1174 867 1199 Hor.
882 1173 964 1199 Serm.
986 1180 1045 1205 ι,,9,
1059 1180 1101 1204 29.
1172 1171 1319 1198 Inscribere

276 1209 347 1239 fato,
357 1207 410 1241 flue
429 1209 491 1234 Fata
511 1206 647 1233 scribenda
659 1208 803 1240 aduocare,
822 1209 966 1235 dicebantur
978 1208 1072 1234 ueteres
1090 1216 1115 1233 eo
1129 1207 1184 1239 dic,
1198 1216 1243 1243 quo
1259 1214 1319 1242 puc-

275 1247 314 1270 ris
327 1246 424 1269 nomina
437 1243 607 1278 imponebant,
625 1253 678 1270 cum
699 1244 761 1270 bona
781 1247 862 1270 omina
876 1250 1022 1280 captarunt,
1042 1250 1065 1269 ct
1083 1253 1111 1269 ex
1124 1247 1237 1273 nominc,
1252 1250 1274 1268 ct
1291 1252 1320 1268 cx
1333 1253 1364 1277 30

274 1283 309 1306 iis
323 1279 448 1311 omnibus,
467 1288 526 1314 quac
538 1278 568 1304 ab
579 1282 631 1304 eius
650 1279 779 1315 horoscopo
792 1280 826 1305 ad
843 1278 970 1313 lustricam
984 1279 1046 1305 diem
1066 1278 1140 1314 usque
1151 1281 1319 1313 contigerant.

281 1315 339 1341 Via.
359 1314 477 1341 Tertull.
490 1314 522 1340 de
536 1314 632 1341 Anima
639 1318 666 1340 'c.
682 1323 714 1349 37
728 1323 750 1341 ει
765 1324 803 1347 39.
840 1315 932 1349 ΞεαΙίρῙ.
946 1313 1014 1341 LeH.
1027 1316 1125 1340 Auson.
1140 1322 1165 1345 2,
1178 1322 1205 1339 22
1225 1323 1249 1347 p.
1265 1318 1320 1346 148.

275 1350 413 1382 Liuenda,
435 1353 454 1376 i.
478 1349 569 1376 Inuida
583 1350 644 1376 Stat.
660 1351 723 1377 Silu.
741 1359 793 1383 5,1,
811 1359 863 1385 ¹43·
907 1346 919 1352 “”
935 1351 1043 1377 Manent
1061 1350 1173 1376 immota
1192 1349 1246 1375 fata
1270 1350 1321 1375 Va-

275 1385 323 1412 ler.
338 1387 436 1420 Argon.
452 1393 474 1418 ς,
487 1390 527 1419 87.
599 1387 675 1419 Qiae
694 1387 751 1413 fato
768 1387 892 1418 Manent,
906 1386 1027 1420 quamuis
1048 1384 1191 1420 significata
1211 1385 1265 1411 non
1280 1385 1320 1410 vi-

275 1427 364 1448 tantur
382 1421 472 1448 Tacit.
488 1420 555 1447 Hist.
570 1429 589 1451 1,
604 1426 638 1451 18,
654 1430 673 1448 1.
743 1422 897 1449 Minitantia
912 1422 957 1448 Sil.
972 1430 1006 1454 13,
1020 1429 1075 1455 170.
1148 1421 1248 1447 Mutari
1265 1420 1319 1446 fata
1326 1432 1354 1459 35

275 1465 330 1483 non
347 1457 449 1491 possunt
461 1457 518 1483 Cic.
532 1456 564 1482 de
579 1457 670 1483 Diuin.
690 1465 716 1489 2,
730 1466 769 1483 20.
841 1457 993 1484 Praedicere
1012 1456 1077 1492 quid
1095 1456 1191 1491 cuique
1209 1462 1319 1482 euentu-

275 1501 352 1525 rum,
367 1498 391 1518 et
404 1501 458 1527 quo
472 1493 584 1527 quisque
598 1493 654 1518 fato
667 1499 742 1519 natus
755 1493 785 1519 fit
798 1492 871 1519 Idem
886 1493 918 1519 de
932 1493 1025 1519 Dinin.
1042 1501 1061 1524 1,
1077 1501 1095 1518 1.
1168 1492 1253 1519 Natus
1268 1492 1319 1518 hoe

276 1528 332 1554 fato
345 1528 430 1560 Milo,
446 1535 473 1554 vt
494 1537 526 1554 ne
538 1529 563 1554 se
581 1528 688 1562 quidem
702 1529 806 1555 seruare
826 1529 959 1564 potuerit,
977 1528 1043 1563 quin
1057 1537 1107 1555 vna
1120 1528 1212 1562 Remp.
1231 1528 1318 1554 scrua-

276 1569 318 1590 ret
331 1563 369 1589 Id.
384 1572 432 1597 pro
446 1563 542 1589 Milon.
562 1572 601 1595 3ο.
668 1563 824 1596 Ρεηιὶειιῑὶει,
842 1564 896 1591 vid.
915 1572 1047 1591 PENDEO.
1119 1564 1212 1590 Potens
1233 1564 1318 1590 fatum

276 1598 371 1624 Claud.
386 1598 419 1624 de
434 1599 511 1624 Cons.
525 1599 596 1625 Iion.
610 1607 638 1631 4,
652 1607 711 1625 220.
778 1601 840 1627 Fata
853 1601 957 1635 Regunt
970 1600 1090 1626 homines
1104 1600 1223 1625 quenal.
1237 1608 1264 1631 9,
1280 1608 1362 1636 32.40

276 1633 339 1659 Fata
353 1634 457 1666 Regum
469 1633 576 1664 orbem,
591 1640 660 1660 certa
680 1634 746 1661 stant
764 1636 855 1662 omnia
874 1636 948 1670 lege,
966 1637 1109 1671 Longaque
1130 1644 1177 1670 per
1190 1642 1275 1662 certos
1288 1635 1318 1660 fl.

276 1675 390 1704 gnantur
403 1674 521 1703 tempora
533 1669 620 1694 cursus
633 1670 725 1695 Manil.
740 1680 768 1703 4,
781 1680 813 1702 ¹3-
884 1672 1015 1706 Sequutus
1028 1678 1147 1699 extrema
1164 1671 1215 1698 fata
1240 1671 1316 1705 Virg.

278 1705 343 1730 Aen.
356 1712 381 1736 9,
395 1712 455 1736 204.
525 1703 699 1730 Succumbere
718 1705 779 1731 fatis
811 1706 906 1732 Lucan.
928 1713 958 1738 3,
995 1726 1002 1733 .
1118 1707 1194 1732 Sum:
1232 1706 1316 1733 Ouid.

277 1740 343 1765 Met.
358 1747 377 1771 1,
392 1741 440 1772 256
480 1739 533 1764 Effe
553 1747 661 1773 quoque
679 1740 707 1765 in
727 1740 789 1766 fatis
806 1741 1002 1772 reminiscitur,
1015 1742 1097 1767 affore
1115 1747 1218 1774 tempus
1253 1743 1317 1774 Qio

276 1783 366 1805 mare,
384 1782 439 1808 quo
456 1774 549 1805 tellus,
568 1780 740 1809 correptaque
757 1775 831 1809 regia
842 1776 908 1801 caeli
944 1776 1050 1803 Ardeat.
1117 1776 1143 1801 Si
1160 1776 1245 1801 fatum
1265 1775 1356 1810 tibi45

276 1809 328 1840 est,
348 1816 379 1834 ex
395 1808 445 1834 hoe
466 1808 562 1834 morbo
583 1810 763 1836 conualescere
783 1811 839 1837 Cic.
855 1810 886 1837 de
901 1812 956 1837 Fat.
971 1816 1010 1840 28.
1083 1810 1212 1844 Daphitae
1232 1811 1317 1836 fatum

275 1844 329 1870 fuit
343 1843 376 1869 de
389 1851 459 1877 equo
475 1843 576 1875 cadere,
595 1850 674 1878 atque
686 1846 722 1871 ita
736 1846 823 1880 perire
837 1846 909 1872 Idem
922 1847 954 1872 de
969 1848 1022 1872 Fat.
1038 1854 1059 1879 ς.
1096 1847 1127 1871 fit
1134 1844 1172 1878 fic
1180 1845 1318 1880 jbepiffime

275 1882 302 1904 in
316 1879 360 1904 hoc
372 1878 444 1904 libro.
490 1912 496 1916 .
515 1877 571 1903 Cic.
584 1879 655 1904 Fam.
670 1882 696 1910 6,
709 1888 726 1913 7
755 1882 815 1912 Qia
827 1881 935 1914 quidem
957 1882 985 1907 in
997 1890 1027 1907 re
1040 1881 1163 1914 singulari
1176 1882 1232 1907 sum
1252 1881 1318 1906 fato.

275 1915 402 1948 Superaui
421 1913 475 1938 sata
487 1913 570 1946 impia
584 1913 641 1938 Sen.
656 1914 722 1939 Oed.
737 1917 809 1946 1046.
825 1916 903 1948 plura
916 1918 990 1949 impie
996 1916 1063 1949 feci,
1079 1925 1151 1949 quam
1158 1915 1244 1948 fatale
1257 1922 1320 1939 crat.

276 1949 399 1976 Tardare
419 1949 470 1974 alas
492 1948 608 1974 volucris
628 1948 678 1974 fati
704 1949 772 1974 Hor.
788 1949 875 1974 Carm.
893 1957 918 1978 2,
940 1957 978 1982 17,
992 1957 1031 1981 25.
1102 1948 1261 1974 Trahebant
1275 1957 1318 1973 me
1326 1959 1357 1983 30

276 1994 334 2012 mea
347 1985 399 2011 fata
417 1983 498 2011 Ouid.
512 1983 589 2018 Epist.
604 1986 628 2014 6,
644 1991 676 2016 51.
749 1984 822 2018 Virg.
838 1985 902 2009 Aen.
916 1992 938 2016 ς,
952 1992 1005 2018 709
1029 1985 1092 2016 Quo
1112 1983 1166 2009 fata
1180 1982 1318 2014 Trahunt,

276 2020 481 2054 retrahuntque,
494 2019 642 2053 sequamur.
714 2020 796 2045 Venit
814 2025 961 2046 extremum
980 2020 1062 2045 fatum
1078 2018 1153 2052 Reip.
1179 2019 1236 2044 Cic.
1250 2018 1318 2044 Phil.

275 2065 299 2089 3,
312 2064 346 2088 35.
418 2055 479 2081 Vici
494 2055 611 2081 fataSen.
623 2055 701 2080 Herc.
710 2054 763 2081 fur.
772 2058 826 2080 612.
847 2064 875 2080 cx
885 2055 991 2089 peejima
1005 2055 1121 2080 Herculis
1134 2054 1164 2080 ab
1175 2054 1270 2089 inferis
1282 2063 1319 2080 re-

274 2091 347 2125 versi.
382 2090 451 2117 ΑΜ.
474 2091 549 2124 Virg.
562 2091 628 2116 Aen.
650 2098 682 2120 11,
697 2091 743 2115 160
777 2091 877 2115 Contra
897 2099 946 2123 ego
964 2089 1082 2114 viuendo
1098 2089 1160 2114 Vici
1178 2098 1236 2115 mea
1255 2089 1319 2120 fata,

277 2126 402 2161 superstes
416 2125 549 2152 Restarem
562 2132 590 2155 vt
604 2125 726 2160 genitor,
747 2127 764 2150 i.
784 2127 915 2150 terminum
934 2123 1072 2158 consuetum
1090 2130 1195 2149 naturae
1214 2124 1318 2149 uiuendo
1326 2137 1354 2162 53

270 2160 439 2199 stipergreffiaes
453 2161 518 2197 stim.
591 2163 723 2187 Vocamur
736 2160 788 2186 alia
802 2168 832 2185 ex
851 2159 911 2185 aliis
930 2159 959 2185 in
972 2160 1026 2185 fata
1051 2158 1128 2191 Virg.
1141 2159 1205 2184 Aen.
1220 2167 1240 2189 3,
1255 2167 1319 2191 494.

278 2199 359 2223 Vtere
373 2196 531 2223 melioribus
543 2196 605 2223 fatis
621 2196 694 2222 Idem
708 2196 772 2221 Aen.
787 2197 813 2227 6,
828 2197 887 2227 546.
1086 2191 1105 2229 ἦ
1126 2202 1144 2225 4
1182 2195 1319 2219 Peculiari-

277 2240 316 2259 ter
331 2233 424 2259 Fatum
437 2230 469 2264 ψ
482 2233 570 2262 Alors,
591 2231 655 2267 quod
667 2231 733 2257 nihil
744 2238 795 2257 tam
808 2228 964 2263 ›zertsfizrium
978 2228 1115 2264 irrrpendcat
1128 2229 1233 2260 homini,
1247 2237 1320 2263 quam

277 2278 354 2294 mors.
395 2267 456 2298 Sed,
471 2274 500 2293 vt
519 2267 587 2294 Gell.
607 2267 717 2302 obstruat
735 2276 774 2298 13,
793 2276 804 2292 1
829 2267 936 2292 Veteres
957 2274 1011 2291 non
1031 2264 1176 2299 quamlibet
1195 2270 1319 2296 mortem,

278 2303 320 2330 sed
338 2311 405 2338 quae
419 2302 553 2329 violentae
566 2309 592 2329 et
605 2303 756 2336 inopinatae
769 2301 886 2335 oppolita
900 2301 936 2327 cst
948 2300 1158 2335 appellauerunt:
1178 2299 1242 2335 quod
1255 2302 1277 2324 is
1290 2309 1318 2325 ex
1327 2303 1362 2327 60

278 2339 335 2366 Cic.
350 2337 462 2372 Philipp.
477 2347 486 2364 1
502 2347 522 2364 c.
536 2347 562 2371 4.
589 2345 612 2364 ct
625 2338 700 2371 Vix-g.
717 2339 779 2363 Aen.
794 2346 821 2369 4,
836 2339 888 2369 696
901 2336 1009 2372 probare·
1023 2337 1129 2372 sategit.
1162 2335 1236 2369 Conf.
1256 2336 1320 2361 Gon-

272 2375 323 2411 fizl.
342 2374 376 2400 ad
395 2374 497 2399 Petron.
518 2382 538 2399 c.
554 2382 589 2399 111
612 2383 636 2407 p.
659 2378 709 2402 ¹80·
781 2373 876 2400 Letum
894 2372 1027 2406 praecocis
1046 2372 1094 2397 fati
1121 2372 1180 2397 sen.
1192 2369 1284 2397 Theb.
1299 2379 1319 2396 1.

278 2409 409 2443 Quine'lil.
424 2410 451 2435 in
467 2417 585 2442 prooem.
601 2411 616 2434 6
634 2408 763 2442 Qmmuis
778 2407 945 2435 acerbissimis
958 2414 1030 2441 rapta
1042 2407 1119 2438 fatis,
1133 2406 1197 2432 felix
1211 2405 1319 2432 decessit.

278 2444 425 2471 Nouisshna
437 2445 494 2470 Sen.
510 2445 588 2470 Herc.
603 2444 662 2470 Oet.
677 2444 694 2469 s.
710 2452 733 2476 9.
800 2444 892 2470 Tarda
907 2443 995 2469 Valer.
1009 2443 1107 2477 Argon.
1122 2444 1148 2473 6,
1163 2447 1218 2472 288.
1274 2442 1319 2467 Vl-

277 2481 374 2507 timum
395 2479 525 2512 Quinctil.
542 2481 567 2511 6,
583 2489 603 2505 2.
675 2480 806 2507 Arcess'ere
825 2479 874 2505 fibi
895 2479 981 2505 fatum
1001 2478 1074 2504 ferro
1106 2478 1202 2504 Lucan.
1219 2484 1245 2511 7,
1261 2485 1317 2509 252.
1331 2483 1362 2516 65

278 2516 379 2543 Cedere
399 2515 472 2547 sato,
496 2514 550 2541 vid.
577 2521 685 2542 CEDO.
758 2516 926 2549 Componere
947 2514 1032 2540 fatum
1051 2513 1148 2545 alicui,
1167 2516 1186 2538 i.
1208 2514 1318 2538 Exitium

271 2558 366 2587 parare
379 2552 497 2585 Propert.
513 2559 534 2582 3,
549 2559 583 2583 ι3,
599 2552 638 2582 63.
699 2550 853 2577 Concedere
865 2550 936 2582 fato,
951 2551 1021 2576 Mori
1033 2549 1099 2575 Plin.
1113 2549 1140 2574 in
1153 2549 1244 2581 Paneg.
1259 2557 1279 2574 c.
1295 2557 1318 2574 11

277 2587 331 2613 vid.
355 2592 518 2613 CONCEDO.
585 2584 718 2619 Qiine'til.
730 2594 754 2618 3,
766 2593 782 2620 7
801 2587 830 2612 In
843 2585 885 2612 his
899 2591 1004 2617 autem,
1023 2585 1071 2619 qui
1082 2585 1139 2611 fato
1152 2584 1210 2610 sunt
1222 2583 1319 2614 func'ti,

279 2622 358 2649 etiam
378 2621 450 2655 quod
468 2621 504 2647 est
524 2621 701 2656 insequutnm.
720 2622 745 2647 h.
760 2631 778 2647 e.
800 2623 851 2656 Qu*
861 2621 923 2657 sunt
935 2623 1035 2647 mortui.
1105 2619 1197 2645 Tacit.
1212 2619 1279 2658 Ann.
1294 2626 1320 2650 2,

279 2666 311 2690 42
339 2658 432 2684 Finem
450 2657 521 2682 vitae
540 2657 645 2690 sponte,
660 2666 692 2682 an
714 2657 770 2683 fato
788 2657 919 2690 impleuit.
991 2655 1150 2682 Interiturus
1169 2661 1245 2689 graui
1264 2654 1320 2680 fato
1328 2665 1364 2692 70

279 2692 359 2719 Ouid.
373 2693 436 2718 Met.
451 2700 476 2723 2,
489 2698 543 2723 303.
615 2693 791 2726 Intercipiunt
804 2692 921 2727 aliquem
934 2692 988 2718 fata
1006 2690 1137 2724 Quinti'til.
1159 2690 1186 2716 in
1200 2698 1319 2724 prooem.

281 2730 307 2754 6.
371 2728 434 2753 Fata
463 2730 569 2753 manent
597 2735 690 2752 omnes
722 2726 804 2753 Ouid.
824 2728 841 2752 s.
862 2727 1023 2754 Albinouau.
1043 2726 1076 2753 ad
1096 2726 1202 2752 Liuiam
1221 2735 1246 2752 v.
1266 2733 1321 2759 337.

279 2762 432 2796 Praecipere
443 2761 497 2788 fata
509 2770 612 2788 veneno
622 2762 716 2787 Florus
730 2771 748 2794 4
761 2771 782 2787 c.
797 2762 844 2787 vlt.
856 2763 880 2788 h.
894 2772 913 2788 ε.
926 2764 1034 2788 Mortem
1047 2768 1206 2788 antcucrtere.
1247 2761 1321 2787 Prae-

281 2798 391 2831 cipitare
411 2798 463 2823 fata
483 2796 588 2831 publica
614 2797 711 2822 Lucan.
733 2805 760 2830 7,
776 2805 809 2828 5¹·
880 2798 967 2823 Ruere
991 2798 1020 2823 in
1041 2797 1094 2823 fata
1117 2797 1228 2823 alicuius
1262 2797 1319 2823 Sen.

281 2832 375 2859 OCtau.
391 2834 416 2858 6.
486 2832 585 2858 Venire
597 2831 628 2858 ad
641 2832 725 2857 fatum
740 2832 813 2858 suum
827 2831 898 2859 Idem
907 2832 1001 2866 Oedip.
1019 2840 1051 2864 13.
1123 2832 1222 2858 Venire
1236 2832 1320 2858 satum
1334 2837 1364 2867 75·

281 2868 336 2895 Cic.
349 2867 462 2901 Philipp.
475 2876 498 2899 3,
512 2875 548 2900 35.
616 2868 679 2893 Fata
686 2874 735 2902 pro
748 2868 872 2903 Reliquiis
891 2876 915 2894 et
932 2868 1024 2901 rtfiduo
1041 2867 1171 2894 casiam-ris
1184 2870 1262 2902 poni,
1280 2868 1318 2893 ob-

274 2904 363 2940 serant
377 2902 529 2936 Paſjbratias
541 2902 575 2929 ad
586 2903 703 2937 Propert.
719 2911 738 2934 ι,
752 2911 788 2938 17,
801 2912 823 2929 11
853 2905 894 2930 An
909 2904 1007 2938 poteris
1021 2903 1091 2929 ficcis
1107 2913 1165 2930 mea
1179 2904 1230 2929 fata
1244 2912 1321 2937 repo-

281 2948 345 2966 nere
358 2939 457 2965 ocellis.
494 2940 523 2964 Et
538 2938 631 2973 probat
645 2938 832 2973 Brouckhufius.
867 2940 914 2966 Sed
930 2949 985 2966 cum
1004 2939 1032 2965 de
1043 2938 1168 2975 naufrago
1180 2938 1262 2974 firmo
1273 2938 1321 2972 fit,

281 2977 351 3001 cuius
363 2974 435 3000 nulla
447 2974 545 3006 oss‘afflt
558 2977 675 3009 proximo
692 2974 763 3010 uerfic
775 2974 1032 3011 dicitur‚ji1pcrfi›zt.·
1052 2984 1099 3001 non
1116 2982 1203 3001 temeri*
1222 2977 1322 3000 imitari

281 3013 394 3045 cuiquam
405 3009 538 3045 suafirim.
693 3007 714 3045 q
735 3016 748 3041 ς
783 3010 830 3037 Sed
840 3011 917 3037 latius
929 3017 1013 3045 patet,
1027 3017 1050 3036 et
1062 3011 1167 3037 aliarum
1178 3019 1271 3045 quoquc
1283 3013 1366 3046 γε’-180

282 3055 337 3072 rum
350 3048 479 3071 interitum
491 3051 570 3071 notat.
618 3044 711 3071 Manil.
726 3054 745 3077 1,
760 3054 804 3078 ¹24
822 3045 850 3071 dc
867 3047 955 3072 mundo
965 3067 972 3078 ,
993 3045 1128 3080 Principio
1141 3046 1239 3080 pariter
1254 3046 1321 3072 fato·

283 3090 335 3115 que
348 3087 488 3107 carentem.
525 3081 567 3108 sic
582 3080 637 3106 Cic.
652 3080 730 3107 Catil.
744 3089 767 3113 3,
782 3089 810 3115 17
823 3090 844 3107 c.
859 3089 876 3116 7
906 3082 970 3108 Non
991 3082 1036 3108 ille
1054 3096 1099 3101 --
1117 3087 1191 3108 tanto
1208 3081 1322 3107 exitium

283 3126 312 3143 ac
327 3117 376 3143 fati
391 3116 461 3143 diem
474 3116 541 3150 reip.
557 3115 735 3142 denuntiasset.
770 3117 802 3142 Et
815 3125 862 3150 pro
872 3118 950 3144 Dom.
966 3127 987 3144 c.
998 3125 1028 3151 57
1047 3117 1073 3143 Si
1086 3117 1114 3143 in
1128 3118 1177 3144 illo
1192 3126 1272 3152 paene
1286 3117 1323 3143 fa-

284 3158 314 3178 to
330 3152 397 3186 reip.
413 3158 458 3178 etc.
495 3152 562 3186 Quin
578 3159 607 3178 vt
619 3153 751 3183 Mortem,
764 3151 927 3187 Pestemque,
939 3153 1089 3179 Terrorem
1102 3160 1147 3180 etc.
1161 3153 1323 3188 personarum

284 3188 459 3249 pppellationes
467 3186 540 3222 facit
553 3187 653 3216 Cicero,-
665 3186 705 3221 fic
722 3196 771 3221 pro
787 3187 875 3214 Sextio
887 3197 917 3221 93
931 3197 952 3214 c.
966 3197 998 3221 43
1019 3189 1079 3214 Duo
1093 3189 1139 3215 illa
1157 3190 1224 3223 reip.
1242 3197 1323 3223 paene
1331 3192 1359 3221 ες

297 3230 338 3249 ata
353 3223 499 3249 Gabinium
511 3228 537 3247 et
548 3223 669 3249 Pisonem
680 3226 800 3255 nominat,
819 3226 862 3258 qui
868 3229 947 3258 paene
960 3227 1020 3258 reip.
1033 3226 1162 3250 interitum
1175 3225 1324 3251 attulerint.

1141 3260 1198 3286 Vici.
1221 3261 1325 3287 Bentlei.

1135 3304 1159 3330 p.
1172 3303 1232 3329 702.
1258 3297 1325 3322 Dra-

764 3330 826 3356 Fata
844 3337 867 3357 et
879 3330 947 3357 Fasti
963 3333 990 3356 in
1007 3329 1112 3365 obliquis
1129 3331 1324 3366 confunduntur.

1331 3376 1367 3400 90

1339 358 1353 385 5

285 3256 306 3295 ff
328 3260 343 3284 6
379 3259 472 3284 Fatum
483 3264 505 3283 et
519 3257 628 3284 Factum
650 3258 759 3293 infinitis
776 3260 838 3285 Iocis
859 3259 972 3294 miscuere
990 3259 1099 3285 librarii.

285 3293 319 3319 ad
331 3294 423 3320 Horat.
440 3293 518 3328 Epist.
532 3301 557 3324 2,
571 3301 590 3325 Ι,
605 3295 630 3319 6.
655 3295 773 3320 Burman.
792 3295 826 3320 ad
844 3294 974 3328 Quinctil.
988 3294 1061 3320 Deci.
1075 3300 1115 3326 338

285 3328 354 3354 kcnb.
369 3329 402 3354 ad
414 3329 460 3355 Sil.
475 3338 493 3359 1,
508 3336 568 3363 277.
588 3335 611 3354 et
633 3337 670 3361 ιι,
684 3338 709 3361 9.

292 3364 349 3390 th.
364 3364 487 3391 Drakenb.
500 3365 534 3390 ad
546 3364 591 3390 Sil.
606 3366 644 3395 16,
659 3373 706 3396 ¹3¹·

324 3396 431 3426 F'ATA
440 3408 455 3426 ιΔ
467 3409 476 3426 ι
486 3406 514 3432 S,
534 3409 558 3426 e.
595 3399 655 3425 Adi.
692 3398 845 3435 [μόρσιμος]
881 3400 1013 3436 Qcidquicl
1030 3399 1128 3426 debetur
1146 3401 1186 3426 vel
1203 3403 1282 3426 euenit
1295 3410 1324 3426 ex

282 3432 361 3468 fato,
372 3434 425 3467 flue
437 3436 539 3467 honum,
552 3434 605 3469 siue
623 3436 720 3461 malum.
759 3436 813 3461 Cic.
830 3437 861 3462 de
874 3437 965 3463 Diuin.
980 3445 1001 3467 2,
1017 3445 1052 3469 24
1081 3437 1144 3462 Non
1157 3436 1240 3469 igitur
1259 3436 1323 3462 fata-

290 3468 422 3507 les'cxitus
435 3470 590 3497 habuerunt.
662 3470 734 3497 Idem
747 3470 779 3496 de
792 3471 882 3497 Diuin.
894 3480 919 3504 2,
933 3480 962 3504 23
978 3473 1049 3498 Haec
1062 3472 1163 3505 poffimt
1176 3471 1323 3504 prouideri,

290 3511 353 3536 quia
368 3505 444 3531 Certa
457 3507 513 3532 sunt
526 3512 552 3532 et
571 3506 670 3533 fatalia.
741 3507 771 3532 Et
785 3506 813 3532 in
827 3507 903 3533 Catil.
917 3517 943 3539 4,
958 3516 972 3533 2
991 3516 1012 3533 c.
1029 3516 1037 3532 1
1079 3508 1154 3533 Meus
1166 3507 1321 3533 Consulatus

291 3537 322 3576 ad
341 3539 446 3565 salutem
461 3541 535 3575 Reip.
550 3548 631 3576 prope
646 3541 740 3569 Fatalis
753 3541 813 3568 fuit.
884 3542 939 3568 Cic.
954 3542 1066 3577 Philipp.
1082 3551 1104 3574 2,
1120 3551 1141 3569 ιι
1170 3542 1250 3575 Q1od
1270 3543 1322 3568 fuit
1329 3553 1360 3579 93

292 3571 399 3598 illorum
412 3575 517 3608 vtrique
530 3577 616 3603 fatale.
685 3577 758 3604 Idem
771 3577 798 3603 in
812 3576 888 3603 Catil.
902 3586 924 3609 3,
940 3586 956 3609 9
973 3587 1021 3611 c.4
1046 3577 1216 3612 Eandemque
1230 3578 1321 3604 dixiss'e

291 3607 397 3634 fatalem
425 3608 492 3635 hunc
513 3612 559 3637 etse
579 3621 677 3639 annum
701 3613 733 3639 ad
755 3613 893 3639 interitum
915 3613 994 3639 huius
1014 3613 1088 3640 vrbis
1107 3620 1185 3648 atque
1204 3614 1321 3648 imperii.

294 3643 383 3669 Annos
401 3643 490 3669 fatales
508 3647 671 3679 expleuimus
695 3648 803 3675 Tibull.
827 3657 844 3680 1,
858 3656 908 3680 353.
965 3649 1036 3674 Arna
1062 3649 1135 3683 Virg.
1152 3650 1215 3675 Aen.
1230 3658 1258 3681 4,
1273 3657 1322 3681 335.

293 3678 350 3704 Cic.
365 3687 413 3712 pro
426 3680 490 3705 Mar.
506 3689 535 3710 32
553 3682 664 3709 Resoub.
685 3684 820 3717 pcrt'unc’ta
838 3684 874 3710 est
894 3684 944 3710 hoc
965 3684 1078 3716 misem,
1091 3685 1218 3719 fatalique
1238 3685 1323 3711 Bello.

293 3713 441 3740 Contraria:
477 3715 532 3740 Cic.
548 3711 658 3756 Philipp.
673 3721 697 3748 6,
713 3727 741 3751 19
779 3720 841 3746 Fuit
860 3720 957 3754 aliquis
977 3720 1064 3746 fatalis
1084 3720 1169 3750 casus,
1182 3726 1210 3746 vt
1230 3720 1266 3747 ita
1286 3720 1428 3752 di-10016,
1441 3729 1477 3746 22.

293 3757 358 3789 cam,
373 3756 418 3775 etc.
437 3757 506 3789 nunc
525 3750 542 3775 fi
560 3760 619 3784 quis
639 3754 705 3784 erit,
729 3755 780 3780 erit
798 3756 972 3782 voluntarius.
1038 3755 1218 3781 'Continuatio
1240 3756 1327 3782 fatalis

292 3790 317 3809 et
333 3783 505 3811 immutabilis
523 3785 624 3811 ordinis
644 3788 792 3821 sempiterni
806 3791 861 3817 Cic.
875 3791 953 3817 Acad.
967 3799 986 3823 1,
999 3799 1042 3821 29.
1096 3791 1226 3817 Damnum
1245 3791 1325 3817 fatale

292 3819 352 3854 le.
367 3820 395 3846 in
412 3820 428 3845 l.
443 3828 454 3851 3
472 3818 522 3856 §.1
543 3821 574 3846 D.
590 3821 670 3847 Naue.
683 3831 793 3856 caupon.
808 3833 853 3851 etc.
870 3826 993 3861 appellat,
1017 3825 1091 3861 Qcod
1102 3826 1208 3853 hominis
1217 3826 1325 3862 pruden-

289 3858 484 3918 tiatprqcca‘ueri
496 3865 525 3891 ᾳε
533 3855 664 3892 prouideri
678 3867 724 3882 non
755 3866 850 3892 oterat,
870 3862 946 3895 quale
959 3861 1011 3893 cst,
1025 3861 1165 3895 naufragii,
1178 3862 1324 3893 latrocinii,

288 3898 321 3916 au
362 3899 419 3925 pira
433 3899 517 3918 atum.

1353 310 1358 316 .
1382 283 1451 316 Lege
1476 284 1551 310 fatali
1576 291 1696 309 tenemur
1715 283 1795 309 Ouid.
1808 284 1872 310 Met.
1893 293 1929 315 10,
1950 287 2003 317 316.

1344 539 1373 557 10
1384 532 1469 559 Trist.
1483 541 1504 566 ς,
1517 542 1551 566 13,
1564 542 1597 563 51.

1347 713 1373 740 15
1382 711 1413 737 Et
1426 711 1517 738 omnia
1529 719 1595 746 quae
1609 710 1690 740 liunt,
1710 719 1831 745 quaeque
1850 711 1940 737 futura
1960 712 2032 743 sunt,
2049 720 2081 737 ex
2093 713 2168 738 omni
2186 712 2342 739 aeternitate
2360 711 2428 739 desta>

1377 2374 1460 2406 piens.

1377 3438 1495 3473 pellatur.

1773 123 1805 162 F
1892 124 1931 163 A
2023 125 2066 165 T
2354 124 2427 170 616'
2449 121 2451 125 ’

1382 210 1438 237 Cic.
1452 210 1484 238 de
1496 212 1589 246 Arusp.
1611 212 1687 246 Resp.
1704 213 1720 238 6
1739 221 1761 238 c.
1775 220 1793 244 4
1824 212 1913 247 Scipio
1928 213 2000 248 quasi
2019 214 2092 241 fatali
2112 220 2206 241 euentu
2226 215 2294 242 solus
2314 216 2419 245 Cartha.

1382 248 1470 280 ginem
1491 250 1596 275 euertit.
1670 249 1798 273 iuuenem
1819 248 1925 275 fatalem
1946 256 2019 276 vocat
2041 251 2191 284 Scipionem
2213 251 2307 277 Liuius
2325 260 2365 282 22,
2382 260 2417 286 53,
2437 272 2438 275 ,

2080 287 2166 312 Locus
2183 286 2314 313 viCtoriae
2334 287 2418 316 fataiin‘
2438 304 2439 313 ι

1381 318 1478 345 Vellei.
1492 328 1515 350 2,
1529 328 1569 352 52,
1584 329 1603 345 1.
1674 319 1775 345 Malum
1788 318 2010 355 fatale-terrarum
2024 321 2120 348 Lucan.
2134 331 2171 351 10,
2186 331 2226 355 34.
2295 322 2417 350 Commu.
2438 330 2439 339 ¹

1379 362 1414 381 ne
1427 355 1546 381 nostrum
1560 362 1585 382 et
1598 353 1668 389 quasi
1683 354 1762 381 fatale
1773 354 1874 381 Malum
1891 356 1944 382 Cic.
1958 355 1989 382 de
2005 356 2075 382 Clar.
2083 358 2157 384 Orat.
2168 362 2192 383 t.
2206 365 2243 391 71.
2303 358 2419 388 Mortem·
2438 379 2440 391 ‚

1382 390 1460 416 obire
1478 391 1546 417 Vell.
1559 399 1584 422 2,
1597 399 1624 423 4,
1637 398 1662 424 7.
1733 390 1881 416 Monstrum
1902 392 1969 417 Hor.
1987 391 2073 417 Carm.
2095 401 2115 424 1,
2135 399 2175 427 37,
2196 401 2232 419 21.
2307 390 2423 428 Responss‘
2438 391 2445 422 ιι

1382 426 1409 452 sa
1425 425 1498 460 Virg.
1514 428 1578 452 Aen.
1591 435 1617 458 9,
1633 434 1677 458 ¹33·
1750 426 1865 452 Stamina
1890 426 1971 453 Ouid.
1985 426 2070 453 Trist.
2091 435 2112 459 ς,
2124 436 2147 459 3,
2160 430 2201 454 26.
2272 428 2340 455 Gell.
2355 420 2417 462 ι4,ἦ
2438 427 2441 460 ζ

1384 461 1473 494 Stellas
1487 462 1556 494 istas,
1569 470 1632 496 quas
1647 461 1769 488 erraticas
1787 461 1920 494 dicerent,
1939 471 2006 497 quae
2026 463 2074 488 effe
2087 463 2207 489 omnium
2222 472 2311 490 rerum
2329 463 2418 493 fatale.
2438 471 2442 491 l

1384 496 1542 524 dicerentur.
1559 498 1583 524 h.
1598 506 1617 523 e.
1639 498 1753 523 Omnium
1766 506 1848 524 rerum
1855 497 1918 533 sata
1928 498 2134 534 praescriberent.
2199 499 2321 526 Studium
2338 495 2420 536 Ouid}
2439 503 2440 506 ’

1652 532 1775 559 Victoria
1795 533 1864 559 Vell.
1883 541 1908 564 2,
1926 542 1967 566 52,
1982 542 2000 561 1.
2070 534 2127 561 Cic.
2141 533 2173 560 de
2188 534 2222 568 N.
2237 535 2268 560 D.
2283 543 2303 566 1,
2317 542 2345 568 ςς
2365 532 2419 570 'Ait

1383 568 1455 594 enim
1472 570 1528 595 vim
1546 568 1665 594 diuinam
1679 568 1707 594 in
1722 568 1826 594 ratione
1845 569 1894 594 effe
1907 569 2025 603 potitam,
2039 575 2085 596 etc.
2105 575 2161 596 tum
2178 569 2284 596 fatalem
2299 569 2420 600 vmbram'
2440 565 2442 572 '

1383 610 1409 630 et
1422 604 1591 630 neeessitatem
1605 612 1694 630 rerum
1714 603 1873 630 futurarum.
1945 605 2041 631 Fatalis
2059 611 2083 631 et
2094 605 2191 632 Letalis
2206 605 2311 642 subinde
2323 612 2420 642 permu-

1380 646 1468 667 tantur
1483 649 1499 666 α
1511 640 1639 666 librariis:
1663 638 1717 665 vid.
1732 639 1817 667 Burni.
1830 639 1862 665 ad
1874 639 1956 666 Rutil.
1971 649 1991 674 1,
2004 648 2058 674 337.
2411 649 2416 675 ,¹

1419 681 1556 702 FATAL
1568 675 1609 701 f‘r
1622 680 1677 700 ER.
1700 675 1766 701 Adu.
1804 677 1991 710 [πεπρωμένοις]
2027 675 2082 702 Cic.
2105 675 2138 703 de
2160 676 2253 702 Diuin.
2273 685 2298 707 2,
2318 685 2346 709 19
2368 685 2389 704 e.
2402 683 2420 713 7
2437 687 2440 692 ·

1381 747 1437 774 nita
1450 747 1517 773 dicis
1531 747 1579 773 effe
1594 746 1718 772 fataliter.
1753 747 1827 772 Moxi
1841 747 1949 781 Eutrop.
1964 756 1984 779 1,
1996 755 2023 773 10
2041 748 2084 773 vbi
2095 747 2163 783 conf.
2177 748 2264 774 Cellar.

1418 789 1548 809 FATAL
1559 780 1651 808 fTAS
1661 801 1667 811 ,
1687 782 1744 808 atis.
1763 782 1783 808 f.
1822 783 1896 818 Casiis
1918 793 1943 808 υι
1962 783 2068 810 humana
2086 786 2174 809 maior.
2211 784 2283 810 Zeno

1382 817 1448 845 Cod.
1462 817 1494 844 de
1507 819 1568 844 Iure
1581 817 1742 851 emphyteut.
1764 818 1844 851 Qlod
1862 818 1990 844 fatalitate
2005 818 2152 853 ingruebat.
2417 848 2419 850 q

1418 861 1562 885 FATVS,
1584 853 1602 879 i.
1620 862 1655 879 ιιι.
1694 853 1760 879 Idem
1788 853 1853 888 quod
1884 854 1978 880 Fatum.
2007 855 2132 888 ,Inscriph
2151 854 2210 880 Vet.
2230 854 2307 881 Grut.
2334 862 2360 888 p.
2375 854 2425 886 661<

1383 889 1602 917 FRVCTVM.
1655 889 1801 915 ALIVM.
1850 889 2148 916 MERITORIVM.
2196 890 2311 916 SVOR.
2363 887 2428 924 ΚΕξὲ

1381 925 1593 951 PORTARE.
1635 924 1785 951 FATVS.
1833 925 1985 951 MALVS.
2028 925 2237 952 NEGAVIT.
2274 932 2297 951 et
2329 934 2354 959 p.
2373 926 2408 950 66
2424 946 2429 951 .

1384 961 1617 987 VIRGINEM.
1643 959 1834 986 ERIPVIT.
1869 961 2020 987 FATVS.
2051 961 2205 988 MALVS.
2240 959 2315 996 Conf.
2329 927 2428 993 Schts?

1382 1002 1406 1022 et
1418 997 1503 1023 Burm.
1519 995 1552 1021 ad
1564 997 1669 1022 Petron.
1684 1005 1704 1022 c.
1717 1005 1750 1030 42
1771 1005 1795 1030 p.
1812 1004 1860 1029 ι9ι.
2412 988 2428 1029 ζ

1395 1061 1402 1064 ,
1418 1037 1546 1058 FATOR
1556 1051 1563 1062 ,
1582 1032 1629 1058 ari.
1665 1031 1717 1065 Effe
1733 1034 1821 1058 volunt
1840 1029 1907 1067 quast
1923 1032 2136 1067 Frequentatiuum
2150 1041 2165 1058 a
2177 1031 2247 1058 Fari.
2285 1028 2364 1057 Cert'e
2377 1030 2428 1057 Fes

1381 1066 1434 1093 stus
1447 1068 1570 1094 Fatantnr
1588 1067 1712 1104 impostor,
1732 1067 1816 1093 Multa
1831 1068 1929 1094 fantur.
1965 1069 2034 1094 Hinc
2416 1059 2431 1094 ss

1420 1109 1494 1129 FAT
1505 1109 1556 1129 AT
1566 1109 1586 1128 v
1597 1110 1621 1129 M
1631 1122 1638 1134 ‚
1658 1102 1725 1139 apud
1743 1103 1841 1131 Sallust.
1861 1103 1940 1129 Catil.
1957 1111 2004 1138 47,
2018 1112 2031 1130 2
2056 1104 2088 1130 Se
2107 1103 2233 1136 tertium,
2246 1101 2289 1128 cui
2313 1100 2428 1149 fatatun}
2478 1107 2479 1112 ¹

1382 1138 1454 1164 foret
1473 1138 1546 1164 vrbis
1566 1138 1659 1172 potiri.
1696 1140 1737 1166 Sic
1755 1139 1852 1174 quidam
1871 1139 1947 1167 MSS.
1969 1139 2017 1166 Sed
2032 1140 2124 1166 Fatum
2140 1139 2291 1175 praeferunt
2303 1138 2431 1178 melitius„

1387 1173 1446 1201 Vici.
1460 1174 1527 1200 Cort.
1541 1181 1565 1200 et
1584 1173 1663 1207 Waffi’
1681 1177 1707 1200 in
1721 1176 1766 1201 loc.
2413 1183 2431 1194 ‘³¹

1421 1216 1437 1235 Ρ
1446 1216 1467 1236 Α
1479 1215 1501 1235 Τ
1513 1216 1533 1235 ν
1544 1207 1585 1236 iT
1594 1217 1623 1236 o.
1644 1210 1712 1236 Adu.
1751 1209 1818 1236 Idem
1831 1218 1859 1236 ac
1873 1209 2012 1241 Fataliter3
2033 1209 2100 1245 apud
2111 1209 2233 1236 Priscian.
2248 1218 2272 1244 p.
2286 1209 2353 1234 1016.

1422 1245 1975 1281 FATmAst,s.FAT1cist‚
1992 1255 2022 1280 a,
2042 1255 2097 1272 um.
2135 1245 2196 1272 Adi.
2234 1239 2437 1282 [χρησμῳδεῖς-*τι

1382 1280 1505 1316 Qifata
1519 1283 1596 1307 canit.
1633 1281 1713 1308 Ouid.
1727 1282 1791 1307 Met.
1804 1289 1832 1314 9,
1843 1289 1893 1315 417
1914 1282 1985 1307 Haec
2003 1281 2051 1310 vbi
2065 1281 2181 1308 faticano
2193 1279 2300 1307 venturi
2314 1278 2398 1313 praesc
2414 1280 2418 1283 ’

1383 1317 1454 1342 dixit
1488 1317 1543 1342 Ore
1556 1315 1681 1349 Themis,
1695 1324 1740 1343 etc.
1776 1317 1817 1344 Sic
1830 1320 1903 1343 etiam
1917 1318 2001 1343 Burni.
2015 1320 2058 1352 qui
2076 1316 2157 1343 Ouid.
2171 1317 2235 1342 Met.
2249 1323 2283 1349 ις,
2295 1317 2345 1348 436
2358 1313 2386 1340 de
2443 1315 2445 1319 '

1383 1352 1424 1378 Sic
1438 1352 1526 1378 dicere
1540 1358 1626 1383 vates,
1644 1353 1827 1387 faticinasque
1839 1352 1928 1379 ferunt
1941 1353 2033 1379 sortes.
2069 1352 2116 1381 Sed
2124 1350 2240 1388 flufiu'at
2253 1350 2404 1386 utrobique!
2417 1358 2420 1361 “
2436 1348 2447 1379 'k

1383 1386 1444 1414 flio.
1480 1389 1562 1416 Etiam
1577 1388 1676 1422 quidam
1693 1388 1783 1415 habent
1800 1388 1945 1420 Fatidicas,
1960 1395 1983 1414 et
2000 1388 2143 1415 Vaticinas.
2404 1391 2412 1395 “’
2443 1389 2447 1399 ’

1420 1430 1466 1450 FA
1476 1430 1496 1449 T
1507 1429 1542 1449 ID
1553 1422 1562 1449 I
1574 1429 1590 1448 C
1605 1429 1624 1449 V
1634 1430 1646 1449 S
1655 1443 1662 1455 ,
1682 1433 1711 1454 a,
1733 1432 1788 1450 um.
1824 1423 1885 1449 Adi.
1927 1423 2138 1459 [χρησμολόγος]
2175 1423 2226 1458 Qti
2259 1421 2328 1448 nobis
2351 1402 2433 1560 291³
2443 1410 2460 1435 “¹

2296 783 2362 817 Imp.
2378 763 2421 810 Li
2431 761 2433 766 ·

1381 1462 1400 1485 i.
1419 1461 1527 1486 Decreta
1546 1460 1594 1484 Dei
1613 1461 1721 1493 exponit.
1763 1458 1821 1485 Vid.
1842 1460 1919 1485 Varr.
1939 1460 1968 1485 L.
1988 1460 2017 1488 L,
2037 1467 2060 1492 ς,
2079 1467 2105 1493 7.
2142 1458 2207 1485 Plin.
2230 1458 2309 1492 Epist.
2328 1461 2352 1489 8,
2371 1462 2396 1488 8,
2438 1468 2451 1486 2·

1381 1495 1503 1522 Praesens
1516 1502 1614 1520 numen
1635 1500 1715 1528 atque
1729 1494 1809 1520 etiam
1822 1494 1960 1520 fatidicum
1976 1493 2093 1520 indicant
2112 1495 2202 1520 sortes.
2246 1517 2253 1522 ,
2271 1493 2346 1527 Virg.
2360 1493 2397 1518 Ae
2433 1492 2462 1531 'w

1382 1536 1405 1562 8,
1420 1539 1471 1563 340
1489 1531 1575 1562 Qiam
1591 1535 1740 1556 memorant
1754 1528 1882 1563 nymphae
1897 1530 2010 1564 priscum
2023 1530 2171 1555 Carmentis
2185 1528 2316 1554 honorem
2352 1528 2391 1554 Va
2404 1525 2411 1532 “
2431 1529 2437 1555 1'

1381 1566 1516 1592 fatidicae.
1551 1564 1618 1590 Plin.
1633 1572 1667 1597 ις,
1681 1573 1715 1596 29
1734 1564 1853 1591 Fatidico
1868 1565 1977 1599 quidem
1989 1572 2015 1590 ct
2027 1564 2198 1591 memorabili
2210 1564 2331 1597 augurio.
2377 1563 2427 1596 Fa,

1380 1600 1526 1628 tidicorum
1543 1605 1570 1626 et
1589 1606 1680 1626 vatum
1698 1599 1775 1626 effata
1793 1600 1929 1635 incognita
1946 1600 2115 1635 interpretari
2130 1601 2185 1626 Cic.
2199 1599 2231 1625 de
2244 1600 2321 1634 Legg.
2334 1606 2360 1630 2,
2379 1605 2423 1624 20.

1381 1639 1453 1663 Anus
1471 1635 1580 1662 fatidica
1597 1636 1748 1662 Stoicorum
1759 1636 1867 1662 Procne.
1884 1636 1957 1662 Idem
1971 1636 2003 1662 de
2018 1636 2055 1662 N.
2070 1636 2103 1662 D.
2117 1645 2136 1667 1,
2148 1642 2173 1665 18
2186 1644 2207 1662 c.
2218 1640 2240 1664 8.
2309 1634 2424 1672 Carmen

1382 1671 1473 1700 Claud.
1490 1671 1521 1698 de
1535 1672 1563 1698 Β.
1578 1672 1637 1698 Get.
1653 1680 1710 1704 232.
1783 1671 1853 1697 Deus
1872 1672 1953 1698 Ouid.
1975 1671 2040 1698 Fast.
2063 1680 2086 1704 2,
2103 1674 2161 1698 262.
2213 1669 2324 1697 Genitor
2347 1669 2437 1702 Virg.·

1382 1710 1447 1736 Aen.
1462 1716 1489 1742 7,
1501 1712 1535 1736 81.
1591 1708 1672 1734 Lauri
1693 1706 1786 1733 Claud.
1801 1708 1830 1734 in
1843 1716 1858 1733 2
1873 1707 1951 1734 Cons.
1964 1707 2020 1733 Stil.
2036 1715 2076 1739 59.
2423 1735 2425 1738 Α

1420 1751 1435 1770 F
1445 1751 1466 1770 Α
1476 1751 1497 1769 Τ
1507 1741 1519 1768 ἰ
1529 1749 1544 1769 F
1554 1749 1569 1768 Ε
1579 1749 1598 1768 R
1611 1763 1619 1774 ‚
1639 1746 1698 1775 era,
1720 1746 1804 1770 erum.
1822 1742 1883 1770 Adi.
1919 1742 2122 1779 [θανατοφόρα]
2142 1741 2215 1777 „Quod
2226 1745 2327 1767 mortem
2339 1736 2426 1773 “ffirssv‘

1381 1779 1458 1812 Vix-g.
1472 1778 1536 1803 Aen.
1555 1782 1578 1806 8,
1596 1782 1638 1804 621
2420 1783 2432 1810 f

1487 1813 1613 1845 Interque
1633 1821 1725 1838 manus
1746 1818 1772 1839 et
1791 1813 1901 1839 brachia
1918 1815 2005 1840 versat
2210 1840 2219 1846 N
2402 1841 2415 1845 ⁴
2428 1807 2436 1828 '¹

1488 1846 1657 1872 Terribilem
1670 1847 1755 1873 cristis
1767 1847 1883 1881 galeam,
1902 1849 2073 1882 flammasque
2090 1851 2251 1877 vomentem,
2420 1824 2437 1911 1

1488 1882 1688 1917 Fatiferumque
1706 1883 1808 1909 Ensem.

1381 1915 1449 1942 Add.
1463 1916 1546 1942 Ouid.
1562 1918 1654 1943 Amor.
1669 1926 1692 1949 3,
1707 1926 1747 1951 27.
1799 1918 1881 1944 Arcus
1899 1918 1945 1944 Sil.
1959 1926 1985 1950 2,
2002 1919 2050 1945 116.
2421 1917 2434 1934 Ψ

1420 1957 1497 1975 FAT
1507 1949 1519 1975 f
1529 1958 1545 1976 L
1556 1949 1572 1975 ἐ
1582 1958 1602 1976 G
1612 1958 1630 1975 v
1641 1958 1668 1980 s,
1688 1960 1702 1977 a
1713 1971 1720 1982 ,
1739 1960 1792 1976 um.
1814 1953 1874 1978 Adi.
1911 1953 2008 1978 Lucan.
2023 1960 2049 1983 9,
2064 1956 2104 1980 821
2125 1950 2234 1977 Toxica
2249 1949 2353 1984 fatilegi
2373 1948 2434 1978 car-⁶

1382 1990 1448 2019 punt
1462 1990 1565 2011 matura
1578 1985 1684 2016 Sabaei,
1698 1989 1740 2021 qui
1749 1986 1836 2021 fatum
1852 1993 1875 2012 et
1887 1994 1988 2012 mortem
2001 1988 2085 2022 legunt
2097 1985 2126 2012 de
2137 1986 2281 2019 arboribus,
2294 1989 2312 2012 i.
2325 1993 2426 2012 venena.

1422 2027 1437 2046 F
1447 2027 1517 2046 ATI
1528 2027 1543 2045 L
1555 2018 1573 2047 ὁ
1584 2027 1631 2058 qv
1642 2028 1663 2048 v
1672 2027 1684 2046 s
1694 2041 1702 2053 ,
1719 2030 1732 2047 a
1741 2041 1749 2053 ‚
1769 2030 1823 2047 um.
1847 2021 1907 2048 Adi.
1945 2019 2156 2056 [χρησμολόγος]
2193 2021 2260 2048 Idem
2278 2021 2343 2056 quod
2357 2021 2426 2048 Fati&

1383 2055 1462 2081 dicus.
1500 2056 1559 2082 Liu.
1582 2065 1600 2087 1,
1614 2063 1631 2090 7
1666 2056 1854 2084 Venerabilior
1878 2057 2020 2084 diuinitate
2039 2057 2139 2083 credita
2157 2063 2304 2084 carmentae
2324 2055 2425 2089 matris,

1382 2100 1463 2124 quam
1485 2091 1643 2127 fatiloquam
1659 2098 1719 2119 ante
1732 2092 1847 2125 Sibyllae
1860 2093 1888 2119 in
1902 2093 2005 2119 Italiam
2019 2092 2162 2119 aduentum
2182 2093 2292 2120 miratae
2303 2091 2351 2119 hae
2363 2100 2424 2126 gen-

1383 2132 1421 2151 tes
1441 2126 1554 2153 fuerant.
1753 2125 1772 2165 ff
1794 2137 1810 2154 2
1845 2127 1968 2161 substant.
2004 2128 2081 2163 Apul.
2101 2128 2201 2155 Florid.
2217 2138 2240 2164 p.
2253 2136 2307 2162 352,
2321 2130 2337 2155 6
2361 2126 2423 2162 Epi-

1382 2160 1531 2191 menidem,
1545 2161 1667 2187 inclitum
1682 2162 1844 2198 fatiloquum
1860 2170 1885 2190 et
1899 2164 2004 2191 Po'e'tam
2021 2164 2139 2191 see'tatus.

1419 2202 1435 2220 F
1445 2201 1677 2235 th11.0Qv1x⁷
1688 2204 1728 2229 M,
1747 2199 1766 2224 i.
1788 2207 1814 2224 n.
1852 2199 1930 2232 Apul.
1951 2199 1982 2225 de
2001 2200 2058 2226 Deo
2072 2200 2169 2227 Socrat.
2183 2209 2209 2236 p.
2224 2202 2293 2235 46,5
2317 2199 2368 2227 Vel
2386 2192 2417 2226 SV·
2454 2207 2464 2234 ζ

1382 2229 1469 2262 byllae
1482 2230 1624 2265 fatiloquia
1638 2232 1774 2258 versificet.
2387 2198 2421 2314 Ξ

2371 2291 2378 2309 t

1417 2271 1571 2297 FATVA,
1607 2266 1660 2292 vid.
1700 2273 1945 2295 FATVEI.LVS.

1420 2306 1650 2331 rATvanii,
1686 2302 1813 2328 mmmm
1851 2309 2022 2330 FATVOR.
2401 2331 2404 2334 Δ

1421 2343 1468 2363 ΡΑ
1479 2343 1529 2362 TV
1540 2344 1591 2368 VS,
1611 2346 1634 2369 a,
1656 2346 1710 2363 um.
1736 2337 1796 2364 Adi.
1833 2339 1962 2374 [dmin-rot,
1982 2337 2085 2371 εὐήθης,
2100 2338 2196 2372 μωρᾶς]
2232 2334 2422 2378 Insu1fi15,infiq
2463 2338 2466 2342 Δ

1503 2372 1625 2399 Τναὲἳιιηι
1648 2375 1733 2399 volunt
1755 2383 1770 2399 α
1784 2373 1874 2409 fhpore
1887 2375 2010 2406 ciborum,
2028 2377 2080 2408 qui,
2098 2382 2171 2407 quum
2183 2382 2230 2399 non
2237 2375 2357 2409 sapiunt,
2373 2377 2420 2403 Faa
2445 2383 2447 2399 :

1383 2407 1422 2433 tui
1436 2408 1561 2434 dicuntur.
1597 2409 1713 2435 Martial.
1735 2417 1769 2440 ι3,
1783 2418 1805 2440 13
1827 2410 1922 2435 Fatuae
1941 2409 2033 2440 betae,
2050 2410 2069 2434 i.
2090 2406 2212 2443 Instpidae
2230 2416 2254 2436 et
2268 2409 2418 2436 inconditae.
2444 2427 2446 2430 ι

1382 2443 1429 2469 Sed
1441 2445 1525 2470 malim
1540 2454 1555 2469 a
1567 2444 1739 2479 consuetudine
1747 2450 1864 2479 perpetuo
1872 2444 1967 2478 fandi,
1985 2447 2004 2471 i.
2020 2444 2135 2479 loquendi
2146 2443 2279 2479 fatuorum
2295 2444 2417 2471 deducere.
2444 2435 2447 2451 ⁸

1383 2478 1451 2505 Ter.
1466 2479 1530 2505 Eun.
1545 2489 1568 2511 5,
1581 2484 1602 2509 8.
1616 2488 1652 2512 49
1684 2480 1781 2505 Fatuus
1800 2479 1851 2512 est,
1869 2480 1994 2511 insulsus,
2014 2479 2110 2505 tardus.
2151 2478 2200 2506 Vbi
2218 2480 2345 2506 Donatus:
2369 2480 2418 2506 Fa-

1381 2519 1455 2545 tuus,
1468 2516 1558 2549 Inepta
1572 2515 1695 2549 loquens:
1715 2523 1729 2540 a
1741 2514 1846 2546 Fando,
1860 2516 1957 2542 Fatuus
1968 2515 2076 2541 dicitur.
2112 2514 2191 2547 Inde,
2204 2515 2288 2541 Fauni
2299 2514 2383 2548 fatui=2
2395 2519 2423 2541 et

1382 2549 1523 2584 Nymphae
1538 2550 1624 2576 fatuae
1638 2550 1723 2577 dic‘tae
1737 2551 1804 2577 sunt.
1840 2552 1869 2576 Et
1883 2551 1997 2582 iterum,
2006 2550 2087 2581 fatui
2101 2550 2169 2583 sunt,
2183 2550 2230 2585 qui
2242 2549 2333 2577 verbis
2343 2555 2370 2576 et
2382 2548 2422 2576 di-

1384 2585 1433 2611 &is
1446 2586 1514 2612 fatui
1526 2586 1598 2612 sunt:
1617 2585 1706 2612 Insulfi
1722 2595 1788 2612 vero
1802 2586 1881 2616 corde
1893 2592 1919 2612 et
1931 2585 2031 2612 animo.
2103 2586 2216 2618 Fatuus,
2229 2595 2245 2612 a
2256 2577 2346 2612 Farfflo
2358 2586 2423 2612 Var-

1384 2629 1415 2646 ro
1429 2620 1525 2647 deriuat
1540 2628 1563 2653 ς,
1578 2629 1594 2655 7
1615 2630 1639 2655 p.
1653 2630 1694 2654 54,
1710 2629 1744 2654 ις.
1799 2622 1831 2648 Et
1845 2621 1917 2656 quod
1936 2620 2052 2647 verbosis
2065 2620 2166 2647 dicitur
2183 2627 2209 2647 et
2224 2621 2304 2648 fatuis
2328 2618 2419 2649 Catuli

1384 2663 1435 2687 99,
1453 2664 1477 2682 2.
1514 2657 1555 2682 Sic
1576 2664 1724 2692 nugatores,
1746 2656 1816 2683 fatui
1837 2655 1915 2683 dicii:
1934 2656 1987 2683 vid.
2006 2656 2106 2692 Casaub.
2126 2656 2161 2683 ad
2189 2655 2352 2692 Theophrast.
2373 2667 2403 2682 πε
2432 2670 2441 2680 ω

1384 2688 1536 2722 &doaso-zius.
1559 2691 1597 2717 Id.
1607 2697 1649 2724 84‚
1657 2700 1681 2718 2.
1703 2692 1798 2718 Cic.de
1805 2692 1862 2718 Fin.
1874 2701 1900 2724 2,
1915 2699 1951 2726 70
1969 2692 2025 2727 Ipse
2039 2697 2131 2726 negat,
2148 2697 2177 2719 vt
2189 2698 2250 2719 ante
2264 2692 2336 2725 dixi,
2346 2692 2392 2718 lux

1383 2726 1518 2753 riosorum
1532 2727 1615 2754 vitani
1628 2727 1884 2761 reprehendendam:
1900 2727 1948 2754 nifi
1963 2729 2039 2762 plane
2051 2727 2120 2755 fatui
2136 2727 2195 2760 sint,
2211 2728 2240 2754 id
2253 2729 2304 2761 est,
2315 2727 2364 2754 nifi
2379 2738 2412 2757 au

1382 2762 1504 2795 cupiant,
1517 2769 1561 2789 aut
1575 2769 1701 2789 metuant.
1737 2763 1820 2790 Plaut.
1834 2762 1924 2791 Bacch.
1939 2771 1962 2796 5,
1978 2772 2005 2797 1,
2019 2772 2035 2790 2
2060 2763 2148 2796 Stulti,
2163 2763 2262 2796 stolidi,
2273 2764 2351 2796 fatui,
2364 2765 2395 2793 fu

1384 2797 1422 2830 gi,
1437 2804 1480 2823 etc.
1548 2799 1645 2825 Fatuus
1657 2806 1683 2825 et
1695 2808 1783 2825 amens
1803 2799 1859 2826 Cic.
1877 2808 1925 2833 pro
1940 2799 2029 2826 Deiot.
2041 2807 2079 2825 21.
2133 2799 2159 2826 Si
2173 2799 2277 2833 quando
2291 2800 2366 2828 fatuo
2378 2801 2413 2832 de

1385 2832 1477 2859 lectari
1490 2833 1569 2865 volo,
1582 2843 1636 2860 non
1648 2834 1683 2860 est
1697 2834 1765 2861 mihi
1780 2834 1858 2869 longe
1870 2834 2049 2869 quaerendus:
2068 2844 2113 2862 rue
2122 2834 2198 2860 r‘ideo
2212 2834 2268 2860 Sen.
2278 2836 2323 2870 Ep.
2337 2829 2437 2874 5012533'

1386 2868 1429 2894 Ne
1443 2877 1503 2894 cum
1522 2869 1640 2903 periculo
1655 2871 1741 2896 fatuus
1754 2870 1785 2896 fis
1805 2871 1861 2897 Cic.
1877 2872 1949 2897 Fam.
1966 2880 2004 2903 10,
2018 2872 2060 2897 26.
2130 2869 2203 2895 Idem
2217 2869 2248 2896 de
2261 2871 2336 2899 Orat.
2349 2871 2375 2904 2,
2388 2868 2424 2906 99
2436 2888 2445 2905 ¹.

1384 2905 1443 2930 Hoc
1468 2912 1633 2938 praeceptum
1656 2905 1709 2937 est,
1728 2906 1863 2941 magisque
1883 2906 2024 2933 monitoris
2042 2913 2097 2931 non
2114 2904 2200 2936 fatui,
2226 2914 2304 2939 quam
2323 2907 2426 2937 cruditi
2444 2911 2445 2924 ¹

1384 2939 1511 2972 magistri.
1583 2941 1640 2967 Sen.
1655 2941 1683 2966 in
1697 2941 1788 2968 Claud.
1804 2951 1828 2974 ι3
1851 2942 1968 2969 Craffiun
1980 2947 2033 2967 tam
2047 2940 2164 2970 fatuum,
2179 2947 2207 2966 vt
2220 2943 2298 2969 etiam
2310 2942 2423 2978 regnare

1384 2974 1465 3010 possit.
1538 2975 1619 3003 Plaut.
1632 2976 1714 3003 Trin.
1729 2986 1755 3009 2,
1768 2986 1793 3010 2,
1809 2983 1833 3006 ιε
1856 2978 1931 3010 Qae
1947 2985 1996 3010 ego
2015 2975 2066 3001 tibi
2083 2976 2231 3011 praecipio,
2245 2977 2308 3005 haec
2325 2979 2422 3006 facito:

1384 3010 1452 3037 nihil
1466 3019 1516 3045 ego
1529 3011 1590 3037 istos
1604 3021 1696 3039 moror
1709 3013 1797 3040 fatuos
1810 3021 1896 3039 mores
1915 3017 1940 3037 et
1955 3010 2075 3037 turbidos
2086 3030 2093 3043 ‚
2113 3012 2209 3045 quibus
2230 3013 2295 3040 boni
2314 3014 2423 3042 dedeeo.

1385 3052 1444 3073 rant
1458 3047 1492 3072 se.
1550 3048 1616 3074 Puer
1628 3048 1716 3074 fatuus
1726 3068 1733 3080 ‚
1746 3054 1771 3075 et
1783 3057 1837 3074 non
1849 3047 1936 3082 grauis
1950 3046 2005 3072 Cic.
2019 3046 2072 3072 Att.
2086 3049 2112 3078 6,
2125 3049 2149 3073 6.
2205 3049 2346 3085 Harpaste,
2356 3059 2422 3078 vxo-
2443 3049 2445 3055 ‘

1384 3083 1422 3109 ris
1436 3090 1509 3108 meae
1521 3081 1592 3108 fatua
1606 3083 1663 3108 Sen.
1677 3084 1755 3117 Epist.
1772 3092 1803 3116 50
1813 3090 1854 3118 pr.
2027 3079 2047 3117 q
2064 3090 2077 3107 2
2114 3083 2177 3109 Plin.
2193 3092 2233 3119 27,
2249 3094 2273 3112 12
2284 3087 2303 3113 s.
2317 3091 2345 3118 83
2366 3087 2422 3114 Na.

1385 3118 1439 3144 trix
1452 3123 1562 3144 vocatur
1577 3117 1672 3149 herba,
1690 3119 1763 3145 cuius
1776 3119 1850 3145 radix
1867 3116 1955 3144 euulsa
1975 3117 2049 3142 virus
2069 3116 2137 3144 hirci
2160 3119 2270 3147 redolet.
2317 3122 2373 3150 Hac
2392 3122 2422 3149 in
2443 3119 2445 3124 '

1385 3153 1481 3180 Piceno
1493 3162 1508 3180 a
1518 3152 1625 3180 feminis
1639 3153 1757 3188 abigunt,
1769 3163 1836 3189 quos
1849 3153 1916 3180 mira
1934 3152 2098 3186 persuasione
2115 3155 2210 3182 Fatuos
2228 3163 2339 3188 vocant;
2370 3165 2432 3192 ego«-

1384 3189 1481 3224 species
1499 3188 1690 3224 lymphantium
1708 3189 1758 3217 hoc
1770 3189 1851 3216 modo
1870 3188 2020 3215 animorum
2038 3189 2085 3215 eise
2103 3190 2263 3217 crediderim
2276 3213 2284 3225 ,
2311 3193 2359 3227 qui
2374 3192 2422 3220 tali

1387 3225 1578 3251 medicamento
1594 3225 1728 3251 iuuentur.
1774 3225 1881 3260 Qidam
1893 3224 1994 3249 Faunos
2009 3225 2099 3260 legunt.
2125 3225 2174 3259 Sed
2186 3227 2280 3254 Fatuos
2295 3228 2377 3255 Elzeu.
2397 3234 2422 3255 et

1387 3261 1461 3288 MSS.
1476 3269 1555 3294 omnes
1573 3260 1640 3294 apud
1653 3260 1817 3287 Harduinum.
1853 3261 1945 3293 Nempe
1964 3258 2060 3286 docente
2080 3261 2175 3287 Seruio
2195 3263 2230 3288 ad
2245 3264 2311 3290 Aen.
2329 3269 2357 3296 8,
2375 3272 2422 3299 314
2443 3272 2444 3277 ¹

1388 3296 1464 3324 Fatui
1481 3295 1563 3322 iidem
1583 3295 1630 3330 qui
1645 3296 1736 3328 Fauni,
1751 3295 1822 3329 quod
1840 3303 1885 3329 per
1897 3293 2027 3328 stuporem
2040 3295 2133 3323 diuina
2145 3299 2325 3331 pronuntient.
2346 3300 2421 3336 Cous.

1389 3339 1496 3359 FATVE
1504 3337 1587 3358 LLvs.
1625 3332 1705 3356 Etiam
1720 3332 1767 3366 IoJI
1782 3331 1872 3366 Scalig.
1892 3329 2032 3356 ComcHan.
2050 3334 2077 3358 in
2090 3333 2238 3360 Varronem
2254 3343 2279 3368 p.
2296 3340 2322 3367 83
2342 3342 2424 3367 notat,

1393 3368 1468 3394 Vates
1482 3369 1591 3402 primum
1604 3366 1699 3392 Fatuos
1712 3365 1806 3398 diHos,
1818 3375 1833 3392 a
1845 3364 1934 3392 Fando
1946 3366 2061 3401 scilicet,
2079 3369 2120 3395 vel
2132 3378 2147 3394 a
2165 3368 2235 3402 φαέω,
2249 3369 2344 3403 φαίτης,
2355 3371 2434 3398 vnde*

1385 3404 1532 3430 Latinorum
1544 3403 1637 3434 Vates,
1649 3405 1704 3436 qui,
1714 3404 1773 3438 quia
1784 3401 1877 3438 surore
1894 3408 2021 3437 correptus
2043 3404 2248 3436 Vaticinabatur,
2262 3406 2359 3432 Fatuus
2377 3413 2437 3443 apa—

2443 3428 2445 3437 ι

1422 3471 1646 3504 ΡΑΤνῑΝνε,
1665 3480 1694 3508 a,
1715 3480 1770 3499 um.
1806 3471 1864 3498 Adi.

1382 3507 1466 3535 Herb.
1485 3517 1507 3534 e.
1527 3509 1571 3539 64.
2429 3531 2431 3533 .

1420 3540 1549 3570 FATvi
1557 3549 1644 3573 TAS,
1655 3542 1721 3581 atis.
1741 3542 1761 3568 f.
1781 3541 1910 3577 [scr-‘hm
1928 3544 2061 3578 σκαιότης]
2083 3546 2189 3580 Ineptia,
2202 3543 2340 3578 stoliditas.
2362 3543 2439 3575 Cic.“

1386 3579 1439 3606 Att.
1454 3587 1486 3611 11,
1500 3586 1522 3604 11
1548 3577 1602 3610 Ego
1616 3576 1693 3603 huius
1707 3578 1852 3605 miserrima
1867 3580 1987 3608 fatuitate
2001 3580 2148 3607 conflio'tor.
2200 3581 2255 3607 Cic.
2270 3581 2302 3608 de
2316 3583 2419 3609 Inuent.

1386 3623 1413 3647 2,
1426 3623 1460 3647 99
1479 3623 1500 3640 c.
1516 3621 1542 3645 3²
1567 3613 1598 3638 Et
1616 3611 1816 3640 definitionibus
1835 3615 1971 3643 ostendere
1988 3624 2042 3642 non
2055 3616 2120 3642 hanc
2133 3615 2353 3650 imprudentiam,
2372 3623 2419 3645 aut
2434 3611 2444 3651 ¹,

1387 3651 1489 3680 casum,
1506 3653 1550 3675 aut
1567 3647 1774 3675 neceffitudinem
1789 3660 1795 3678 ς
1822 3650 1865 3676 sed
1884 3652 2025 3683 inertiam,
2044 3651 2248 3685 negligentiam,
2271 3653 2420 3680 fatuitatem
2443 3660 2445 3680 ἡ

1387 3684 1522 3711 nominari
1539 3688 1670 3717 oportere·
1741 3685 1868 3713 Doc'Irina
1882 3687 2032 3718 stultorum,
2047 3685 2153 3712 fatuitas
2168 3688 2279 3722 Vulgata
2292 3688 2420 3715 Prouerb.
2443 3708 2445 3711 ι

1537 3717 1639 3745 stolido
1653 3718 1779 3746 fatuitatis
1793 3721 1897 3756 stupore
1910 3722 2044 3749 confectus
2056 3721 2162 3747 Fit-mic.
2177 3728 2200 3754 8,
2212 3732 2248 3755 ι9.
2294 3724 2421 3756 FatuitaS,

1382 3763 1433 3791 pro
1446 3755 1609 3789 Slmplicitatc
1627 3763 1657 3779 ac
1675 3757 1762 3782 Animi
1775 3761 1889 3791 puritate
1908 3758 2041 3794 usurpatur
2058 3764 2073 3782 a
2089 3757 2227 3784 Canonum
2246 3758 2421 3789 conditoribus.

1389 3799 1443 3824 cap.
1456 3799 1513 3823 pen.
1527 3794 1578 3815 ext.
1593 3789 1664 3822 quod
1677 3798 1736 3817 met.
1751 3793 1817 3818 caus.
1846 3796 1874 3820 A
1886 3790 2078 3820 Iurisconsultis
2094 3801 2166 3825 vero,
2178 3800 2227 3828 pro
2243 3794 2421 3829 Imprudentia.

1425 3831 1569 3864 Fri-TVE‘.
1588 3860 1591 3863 Ι
1605 3823 1671 3851 Adu.
1709 3827 1837 3860 Qiinehl.
1851 3830 1875 3858 6,
1888 3838 1915 3862 4,
1935 3834 1948 3858 8
1974 3826 2083 3860 Alioqui
2097 3835 2123 3854 et
2137 3829 2275 3855 tacendum
2288 3830 2324 3855 cst
2337 3831 2421 3864 saepe,

1387 3865 1414 3886 et
1428 3860 1488 3886 alus
1500 3859 1699 3887 subiicicntibus
1709 3882 1716 3894 ,
1736 3863 1891 3897 plerumque
1906 3863 1992 3890 studio
2004 3862 2148 3895 loquendi,
2163 3864 2235 3890 fatue
2252 3865 2333 3890 modo
2353 3872 2430 3892 acce-·

1901 3473 1969 3501 Rosa
1987 3472 2104 3506 fatuina,
2123 3477 2142 3501 i.
2163 3475 2284 3510 Paeonia,
2297 3476 2373 3512 Apul.
2387 3462 2424 3504 de·

587 3891 656 3918 Deae
685 3892 736 3919 fata
749 3902 774 3919 es
784 3913 792 3926 ,
814 3897 834 3920 i.
853 3897 944 3923 Parcae
962 3896 1045 3924 Ouid.
1065 3905 1095 3923 ex
1110 3898 1184 3924 Pont.
1205 3907 1223 3929 1,
1240 3902 1264 3929 8,
1278 3899 1322 3930 46.
1334 3895 1511 3929 105dendum.
1546 3895 1618 3931 Cous.
1628 3896 1745 3924 Tertull.
1759 3898 1792 3924 de
1803 3899 1913 3927 Patient.
1932 3908 1953 3925 c.
1968 3899 1992 3924 6.
2028 3903 2052 3924 et
2064 3898 2122 3925 adu.
2136 3901 2264 3935 Hermog·
2279 3909 2299 3926 c·
2316 3909 2351 3930 ¹0«

2280 3940 2421 3972 raa-von,

2426 3992 2430 4004 l
