2479 4225
232 206 315 246 ¹¹79
627 185 645 226 Ῑ
730 183 775 224 Ν
855 180 898 219 Τ

233 282 252 308 1.
266 281 311 307 vlt.
324 279 355 306 D.
369 277 440 313 quod
452 277 598 312 legatorum
607 294 615 307 ,
635 273 683 300 Sed
696 272 713 299 si
727 272 795 298 forte
807 268 905 295 fadum
919 266 949 307 sit
962 274 1010 306 per
1023 264 1189 305 legatarium,
1214 269 1268 302 quto

233 316 320 344 minus
334 314 481 340 satisdetur:
517 320 549 338 eo
563 316 651 337 autem
665 315 796 341 tempore,
814 311 867 337 quo
886 302 978 328 Editur
997 299 1181 340 interdie'tum,
1207 299 1267 324 satis

233 351 349 384 accipere
370 354 472 382 paratus
489 347 534 380 fit,
560 355 613 372 non
634 342 755 376 competit
777 337 965 370 interdictum,
991 337 1037 363 nifi
1059 336 1208 362 satisdatum
1229 333 1267 359 sit.

234 385 318 413 Paullo
331 385 396 419 poll,
430 382 498 410 Illud
518 383 589 409 enim
610 386 711 415 tempus
728 375 880 408 inspicitur,
905 371 1147 407 quo.interdi&un1
1166 368 1267 395 Editur.

233 421 338 455 leian.
353 420 369 445 1.
384 428 393 445 1
410 420 440 445 D.
454 428 486 445 ne
499 418 539 445 vis
554 417 596 442 fiat
610 418 651 446 ei,
667 419 728 445 qui,
755 417 799 436 etc.
836 408 876 434 Est
889 409 918 434 in
939 408 1063 442 potestate
1081 405 1269 435 successorum,
1297 414 1311 440 ς

235 456 340 484 Euitare
356 454 542 484 interdu-Itum,
566 448 731 476 satisdatione
752 445 847 471 oblata.
1004 442 1107 476 leian.
1123 441 1165 480 ¹1¹
1183 441 1214 466 D.
1229 445 1269 465 vti

235 490 365 526 poffidetis
400 486 580 516 Restituendae
592 481 746 518 pon‘effionis
761 480 828 506 ordo
842 483 887 504 aut
899 478 1042 505 interdifto
1056 476 1208 511 Expefflmr,
1225 479 1271 500 aut

235 535 283 561 per
296 510 437 552 a&101'1em‚
598 517 700 552 leian.
715 516 732 541 1.
746 525 758 547 3
775 517 807 541 D.
822 523 855 540 ne
872 513 912 540 vis
925 513 969 540 fiat
983 514 1018 546 ei,
1030 513 1091 547 qui,
1106 518 1151 537 etc.
1190 509 1269 549 Sed'fi

235 561 333 590 mulier
345 560 411 587 velit
424 561 451 586 in
465 557 560 583 faeium
575 552 678 580 afflone
692 551 745 577 vti:
780 550 812 576 ad
831 550 982 583 exemplum
1001 549 1162 575 creditorum
1176 554 1272 579 magis,

236 605 316 632 quam
331 593 469 622 interdiffw
484 591 550 624 posse
563 597 620 615 eam
633 586 769 621 Experiri,
788 584 924 612 sciendum
938 585 982 610 est.

237 632 333 659 tabulis
353 626 518 657 exhibendis,
545 625 570 650 Si
591 623 664 650 heres
682 623 792 655 scriptus
812 621 862 647 hoc
880 619 1024 646 interdiGto
1041 619 1213 653 Experiatur,
1239 616 1271 656 ad

236 667 405 695 hereditatem
419 660 555 689 referenda
567 659 603 685 est
616 658 772 684 aestimatio.
843 656 883 683 sis
896 655 990 681 Iulian.
1005 655 1022 681 1.
1037 663 1095 689 pen.
1116 655 1148 680 D.
1160 661 1193 678 ne
1206 651 1271 689 quid

236 703 266 730 in
280 702 337 728 loco
350 700 389 725 vel
403 698 496 723 itinere
510 695 615 730 publico
629 693 682 719 fiat.
835 690 916 718 Paull.
929 691 947 716 l.
961 699 1044 725 quum
1057 699 1070 715 a
1082 695 1107 715 te
1121 689 1152 714 D.
1166 688 1196 714 de
1210 696 1237 713 vx
1247 692 1272 712 et

236 738 265 764 vi
279 740 391 766 armata,
418 734 508 765 Quum
521 739 534 756 a
547 736 572 756 te
586 730 613 755 vi
627 727 743 755 deie&us
756 726 817 758 fim,
841 726 859 752 fi
873 726 968 752 Titius
982 726 1010 752 vi
1024 725 1133 752 eandem
1146 733 1202 750 rem
1217 722 1273 756 pos-

235 772 316 799 fidere
331 768 458 803 coeperit:
493 775 546 792 non
567 766 665 799 possum
682 772 742 789 cum
762 762 833 794 alio,
859 770 937 800 quam
951 767 1036 787 tecum
1051 760 1173 795 Experiri
1192 759 1274 797 inter·
1291 768 1317 794 ις

236 806 315 833 dieto.
385 802 516 836 Papinian.
529 802 545 827 l.
561 809 643 835 quum
658 798 770 825 fundum
784 797 817 823 D.
835 796 866 823 de
881 805 909 822 Vl
924 802 949 822 et
962 797 991 823 vi
1003 803 1113 830 armata,
1133 796 1208 826 Eum,
1224 800 1272 826 qul

234 840 347 867 fundum
369 837 515 864 vindicauit
539 836 572 862 ab
599 843 640 867 eo,
663 843 721 860 cum
735 842 790 867 quo
810 831 954 858 interdi8m
978 832 1052 858 Vnde
1074 832 1103 858 vi
1124 830 1211 864 potuit
1224 830 1273 854 Ex-

234 875 316 910 periri
335 873 462 908 pendente
481 872 598 903 iudicio,
625 869 802 896 nihilominus
820 867 963 894 interdi&o
981 867 1053 894 redte
1072 875 1148 901 agere
1167 865 1273 900 placuit.

233 911 339 944 leian.
356 910 387 934 D.
401 909 432 934 de
445 907 531 933 libero
545 906 653 931 homine
666 903 818 931 exhibendo
833 903 849 928 1.
864 913 875 935 3
890 903 939 937 fich
951 902 1041 937 finem,
1072 903 1098 928 Si
1113 909 1201 928 tamen
1212 909 1274 927 rcus

233 945 418 972 condemnatus
432 943 506 969 malit
519 942 572 967 litis
583 940 792 967 aestimationem
811 938 935 972 sufferre,
954 947 1032 972 quam
1046 937 1183 964 hominem
1197 936 1272 962 exhi·
1286 947 1322 965 20

233 980 310 1010 bere,
331 988 383 1005 non
398 978 434 1004 est
448 979 579 1012 iniquum,
600 976 700 1010 saepius
711 976 740 1002 in
753 984 813 1001 eum
826 973 969 1000 interdicto
983 973 1115 1007 Experiri,
1135 972 1176 999 vel
1186 973 1273 998 eidem

233 1015 285 1042 fine
298 1014 465 1049 exceptione,
492 1013 534 1039 vel
555 1012 609 1038 alii.
764 1010 824 1044 le.
849 1010 867 1035 1.
886 1018 896 1035 1
918 1010 950 1035 D.
970 1008 1002 1034 de
1023 1009 1051 1035 vi
1069 1014 1095 1034 et
1114 1008 1142 1035 vi
1161 1014 1274 1039 armata,

232 1052 309 1078 Plane
323 1050 340 1076 si
354 1051 413 1085 quis
426 1049 492 1075 velit
506 1048 537 1074 de
551 1047 698 1082 pofl'effione
714 1046 821 1080 quidem
839 1045 879 1072 rei
897 1045 948 1070 soli
968 1053 1015 1078 per
1033 1044 1083 1070 hoc
1102 1043 1274 1070 interdie'tum

233 1086 371 1120 Experiri,
398 1084 430 1111 de
449 1084 527 1111 rebus
545 1092 609 1109 vero
628 1082 775 1109 mobilibus
793 1080 825 1107 ad
845 1079 1024 1106 exhibendum
1036 1079 1155 1106 afflone:
1190 1078 1275 1112 potest

232 1122 330 1149 habere
344 1121 393 1147 hoc
407 1121 434 1147 in
448 1121 494 1145 sno
508 1119 630 1145 arbitrio.

233 1158 266 1184 de
279 1166 346 1191 aqna
359 1155 502 1186 cotidiana,
514 1157 541 1180 in
551 1153 608 1188 fine.
673 1152 746 1179 Idem
760 1152 777 1178 l.
792 1152 824 1184 is,
839 1152 924 1186 quiin
938 1157 1045 1185 puteum
1060 1152 1091 1177 D.
1106 1150 1177 1185 quod
1192 1150 1220 1176 vi
1233 1155 1277 1175 aut

233 1193 300 1220 clam
321 1190 343 1229 §.
358 1192 375 1218 fi
390 1190 484 1225 postea.
640 1189 746 1222 leian.
761 1188 796 1214 l.1
810 1188 841 1213 D.
856 1186 926 1220 quod
940 1188 1104 1220 legatorum,
1124 1187 1183 1212 Hoc
1196 1186 1277 1212 inter-

235 1228 335 1255 dietum
355 1233 380 1252 et
403 1225 526 1252 heredem
546 1224 650 1251 heredis
676 1224 861 1256 bonorumque
883 1222 1026 1256 poll'ell'oris
1053 1223 1174 1254 Habere,
1205 1220 1276 1247 reete

234 1267 343 1298 propter
357 1261 499 1288 vtilitatem
512 1260 651 1287 dicendum
664 1260 710 1286 est.
783 1258 856 1285 Idem
875 1258 893 1284 1.
908 1268 918 1290 3
939 1259 971 1284 D.
993 1257 1025 1284 de
1040 1257 1136 1284 tabulis
1151 1256 1277 1283 exhiben-

233 1298 290 1330 dis,
315 1298 342 1324 Si
355 1298 409 1332 ipse
423 1297 545 1328 testator,
570 1297 632 1322 dum
652 1295 737 1327 viuit,
764 1294 866 1320 tabulas
879 1295 935 1320 suas
949 1293 1017 1320 dicat
1029 1294 1093 1324 esse,
1116 1298 1142 1319 et
1155 1291 1277 1319 exhiberi
1290 1303 1322 1328 30

234 1333 377 1366 desideret,
402 1331 573 1359 interdictum
595 1331 646 1357 hoc
665 1340 719 1357 non
737 1330 854 1357 Habebit
871 1341 875 1355 :
913 1329 955 1356 sed
975 1329 1005 1355 ad
1026 1328 1206 1355 exhibendum
1225 1328 1276 1354 erit

234 1369 378 1404 agendum,
401 1373 430 1395 vt
443 1367 573 1394 exhibitas
587 1366 713 1393 vindicet.
806 1365 901 1401 Ru'fias
915 1365 977 1391 idern
997 1364 1013 1390 1,
1028 1374 1051 1391 2«
1070 1365 1100 1390 D.
1121 1373 1153 1390 ne
1170 1364 1233 1398 quid
1247 1363 1277 1390 in

233 1405 294 1432 loeo
309 1405 350 1431 vel
364 1404 458 1431 itinere
472 1402 580 1438 publico
594 1402 654 1435 fiat,
674 1402 700 1428 Si
713 1402 772 1436 quis
785 1401 814 1428 in
828 1401 895 1427 mari
909 1400 1003 1435 piscari
1016 1407 1061 1426 aut
1079 1400 1204 1433 nauigare
1217 1407 1277 1434 pro-

234 1440 375 1472 hibeatur,
392 1448 445 1465 non
458 1438 576 1465 Habebit
589 1437 775 1464 inter-dietum:
804 1436 847 1463 sed
860 1436 1020 1463 iniuriarum
1033 1436 1138 1462 a&ione
1151 1435 1277 1461 Vtendum

235 1476 281 1502 est.

238 1510 367 1538 terdiffl:
402 1511 560 1544 consequens
573 1510 623 1536 erit
637 1509 739 1542 dicere,
760 1507 932 1535 interdietum
948 1507 1034 1533 locum
1051 1506 1165 1533 Habere.
1238 1505 1278 1532 Id.

216 1558 219 1559 ⁷
236 1547 254 1573 l.
270 1555 279 1573 1
296 1548 328 1573 D.
343 1547 374 1573 de
388 1546 485 1572 tabulis
499 1544 670 1577 exhibendis,
697 1545 757 1570 Siue
782 1545 917 1578 supremae
938 1542 1044 1569 tabulae
1063 1542 1127 1574 sint,
1152 1541 1205 1568 siue
1223 1550 1278 1567 non

237 1582 300 1613 fint,
319 1581 362 1608 sed
377 1582 491 1615 priores:
516 1580 670 1612 dicendum,
691 1578 863 1606 interdietum
878 1579 927 1605 hoc
942 1579 1029 1605 locum
1046 1578 1159 1604 Habere.
1232 1576 1279 1603 Vl-

238 1618 309 1657 pian.
323 1617 340 1642 l.
354 1625 369 1642 2
384 1617 414 1642 D.
428 1625 459 1642 ne
474 1616 537 1650 quid
551 1616 578 1641 in
591 1616 650 1641 loco
664 1615 704 1641 vel
718 1616 814 1641 itinere
828 1614 937 1650 publico
952 1614 1011 1644 fiat,
1034 1615 1092 1640 Hoc
1106 1612 1278 1639 interdi6hnn

239 1659 318 1679 etiam
332 1651 363 1677 ad
377 1660 415 1683 ca,
429 1660 495 1685 quae
509 1651 646 1684 pascuntur
661 1651 688 1676 iu
702 1651 745 1676 via
758 1650 879 1684 publica,
899 1650 1032 1676 itinereue
1046 1650 1172 1684 publico,
1196 1655 1222 1674 et
1235 1648 1278 1674 de·
1288 1659 1326 1684 40

224 1697 225 1700 ¹
238 1687 365 1714 teriorem
379 1686 479 1713 faciunt
490 1687 577 1717 viam,
600 1686 687 1710 locum
707 1686 802 1711 Habet.
874 1686 977 1718 leian.
1000 1685 1017 1710 1.
1031 1694 1046 1711 2
1071 1686 1102 1711 D.
1123 1694 1156 1710 ne
1170 1684 1234 1718 quid
1251 1685 1279 1710 in

240 1723 299 1748 loco
312 1722 354 1747 vel
370 1722 465 1747 itinere
482 1720 588 1755 publico
603 1720 661 1750 fiat,
686 1719 859 1745 Interditftum
871 1719 958 1745 locum
977 1719 1094 1745 Habebit
1107 1721 1230 1745 aduersus
1243 1719 1280 1745 vi-

239 1758 327 1783 cinum
342 1761 425 1782 tuum.
496 1756 588 1782 Ibidem
602 1765 648 1781 non
664 1758 701 1781 ita
709 1756 797 1789 procul
809 1754 902 1789 afinc’,
929 1755 987 1779 Hoc
1007 1754 1178 1780 interdie'mm
1192 1755 1281 1779 locum

238 1791 346 1819 Habere
360 1790 439 1817 etiam
454 1790 576 1816 aduersus
590 1799 665 1820 eum,
681 1790 726 1823 qui
744 1789 807 1815 dolo
821 1789 891 1815 malo
906 1789 985 1821 fecit,
1005 1797 1058 1823 quo
1077 1788 1164 1815 minus
1176 1788 1282 1822 poffide-

239 1832 287 1854 ret.

239 1863 325 1894 heres,
344 1861 386 1887 vel
402 1861 432 1891 is,
447 1859 495 1894 qui
511 1859 543 1885 ab
557 1867 589 1884 eo
604 1860 709 1890 emerit,
729 1859 853 1891 ignorans
866 1860 967 1884 causam
982 1859 1195 1891 praecedentem,
1215 1859 1282 1884 sece-

239 1899 289 1925 rit:
325 1895 464 1923 dicendum
479 1895 526 1921 essc-
542 1893 701 1928 Pomponius
715 1893 766 1923 ait,
784 1901 838 1918 non
852 1892 972 1918 Incidere
985 1901 1046 1919 enm
1058 1894 1085 1918 in
1099 1893 1282 1919 interdie'tum.

239 1934 344 1968 leian.
360 1932 367 1957 l
392 1940 401 1957 1
422 1931 452 1956 D.
467 1930 507 1956 vti
522 1929 668 1964 possidetis,
694 1929 822 1961 Perpetuo
842 1934 929 1953 autem
947 1927 1010 1952 huic
1027 1927 1173 1953 interdieto
1190 1928 1282 1953 Insunt

240 1969 317 1995 hacc:
356 1967 426 2001 quod
440 1975 486 1992 nec
504 1966 546 1996 vi,
569 1973 616 1991 nec
632 1964 712 1996 clam,
736 1972 783 1989 nec
796 1964 915 1997 precario
929 1962 962 1988 ab
975 1962 1024 1988 illo
1039 1961 1169 1996 possideas.
1241 1961 1280 1986 Id.

240 2005 259 2030 Ι.
271 2013 288 2030 2
309 2004 340 2029 D.
355 2011 388 2028 ne
401 2002 463 2035 quid
479 2001 506 2027 in
518 2001 577 2026 loco
593 2002 634 2026 vel
649 1999 747 2025 itinere
762 1998 868 2033 publico
881 1997 942 2030 fiat,
966 1997 1006 2024 Ad
1022 2006 1051 2023 ea
1064 1997 1148 2031 igitur
1161 1997 1219 2023 loca
1231 1995 1282 2022 hoc
1300 2003 1332 2028 50

239 2038 412 2066 interdictum
425 2037 555 2070 pertinet,
576 2044 642 2070 quae
658 2034 765 2068 publico
779 2034 836 2059 vsui
850 2033 976 2060 destinata
988 2034 1060 2059 sunt:
1080 2039 1107 2059 vt
1121 2032 1137 2058 fi
1153 2031 1282 2066 quidillic

242 2074 315 2101 fieret
326 2095 334 2107 ‚
362 2072 433 2108 quod
453 2073 558 2106 priuato
581 2076 706 2101 noceret,
737 2070 844 2096 Praetor
868 2069 1039 2095 Interdiceret
1062 2067 1207 2094 interdieto
1227 2068 1284 2093 suo.

241 2110 344 2136 Paullus
360 2109 376 2135 l.
391 2106 561 2134 interditilum
575 2106 606 2131 D.
621 2105 651 2131 de
668 2105 796 2139 precario,
817 2104 991 2130 Interdiclum
1004 2103 1035 2129 de
1049 2103 1173 2138 precariis
1185 2104 1284 2129 merito

241 2144 425 2173 Introd116Iu1n
448 2142 498 2174 est,
525 2141 587 2177 quia
602 2140 675 2169 nulla
689 2148 720 2166 eo
733 2140 842 2165 nomine
854 2140 911 2165 iure
924 2139 999 2166 ciuili
1011 2139 1081 2165 aetio
1095 2138 1140 2164 est.
1212 2138 1283 2164 Afri-

242 2190 319 2208 canus
339 2181 370 2206 D.
387 2179 417 2205 de
431 2178 521 2204 liberis
542 2175 716 2207 exhibendis,
736 2175 753 2201 1.
771 2174 868 2208 penult.
902 2175 928 2200 Si
943 2183 1020 2206 eum,
1042 2175 1088 2208 qui
1105 2173 1284 2208 patremfami-
1301 2176 1330 2202 55
1350 2174 1377 2200 in
1392 2168 1536 2200 inteidffio
1556 2174 1601 2199 Vti
1619 2173 1758 2208 poffidetis.

242 2217 290 2244 lias
305 2215 389 2246 dicat,
408 2223 456 2249 ego
476 2214 504 2239 in
519 2221 575 2239 mea
597 2211 722 2246 potestate
737 2211 800 2241 effe,
819 2216 844 2235 et
857 2209 922 2236 iufl'u
937 2218 996 2235 meo
1011 2209 1088 2235 adifl‘e
1111 2209 1285 2235 hereditatem

243 2252 342 2278 dicam:
378 2257 430 2277 tam
445 2242 478 2275 de
490 2247 635 2275 hereditate
646 2247 690 2282 agi
703 2252 836 2280 oportere,
853 2254 932 2280 quam
946 2244 978 2270 ad
993 2243 1166 2271 inter-dietum
1181 2243 1213 2269 de
1227 2243 1285 2269 filio

243 2286 363 2314 ducendo
377 2286 414 2311 Iri
429 2285 525 2311 debere
539 2284 584 2310 ait.
680 2283 785 2317 leian.
810 2281 827 2307 1.
853 2281 885 2307 D.
911 2280 943 2307 de
963 2280 1023 2306 loco
1036 2278 1142 2315 publico
1154 2278 1285 2311 fruendo,

243 2323 292 2350 Sed
306 2322 323 2348 fi
339 2321 412 2348 simul
426 2320 532 2347 veniant
545 2319 574 2345 ad
588 2317 758 2344 interdiclum
774 2316 937 2343 Mouendum
953 2316 1015 2350 ipse,
1033 2316 1079 2350 qui
1094 2315 1236 2349 conduxit,
1259 2320 1285 2340 et

244 2358 330 2385 socius
346 2358 417 2384 eius:
453 2355 535 2390 magis
550 2355 601 2386 est,
622 2361 650 2381 vt
665 2354 718 2388 ipse
732 2351 878 2379 conductor
889 2352 1062 2386 praeferatur.

244 2395 288 2426 lo,
314 2394 347 2419 Vt
361 2393 388 2418 in
402 2391 511 2418 flumine
524 2390 631 2425 publico
644 2390 768 2423 nauigare
783 2388 875 2419 liceat,
905 2387 932 2413 Si
954 2387 1012 2421 quis
1032 2386 1096 2412 velit
1113 2385 1286 2412 interdie'tum

243 2430 295 2456 tale
309 2429 433 2460 Monere,
458 2433 486 2454 vt
499 2426 571 2453 locus
584 2425 745 2460 deprimatur
753 2423 859 2462 pecoris
870 2421 1019 2457 appellendi
1040 2421 1136 2456 gratia:
1173 2429 1226 2447 non
1244 2420 1287 2446 de-

242 2465 287 2492 bet
303 2463 398 2491 audiri.
468 2462 541 2488 Idem
554 2463 585 2488 D.
599 2461 631 2487 de
644 2460 730 2487 libero
744 2459 852 2486 homine
864 2457 1015 2484 exhibendo
1030 2458 1046 2483 1.
1056 2455 1217 2492 3ficbfinem:
1255 2457 1287 2482 Et

244 2502 275 2528 D.
289 2500 320 2527 de
334 2498 425 2526 liberis
439 2497 596 2524 exhibendis
610 2498 626 2522 1.
642 2505 664 2529 3.
767 2494 908 2522 Marcellus
927 2493 944 2520 1,
960 2493 1068 2520 colonus
1085 2493 1115 2518 D.
1129 2490 1161 2517 de
1175 2491 1204 2517 vi
1220 2498 1245 2517 et
1258 2491 1286 2517 vi

243 2542 341 2563 armata
350 2555 358 2568 ,
375 2534 460 2568 Igitur
472 2532 644 2560 interdictum
658 2531 733 2558 Vnde
746 2531 775 2557 vi
786 2530 883 2557 colono
897 2529 1103 2563 competiturum
1115 2538 1120 2553 :
1148 2527 1287 2567 ipsumque
1300 2528 1331 2560 65
1345 2525 1402 2562 post
1411 2547 1420 2559 ,
1438 2527 1468 2553 Et
1482 2527 1567 2561 ipsum
1581 2526 1726 2554 interdicto
1739 2528 1838 2554 colono
1859 2529 1954 2554 teneri.

244 2571 324 2600 nunu
338 2569 482 2597 interdieto
498 2568 610 2595 locatori
623 2567 786 2594 Obst1·i<‘:'tnm
800 2566 869 2592 sore.
940 2564 1044 2598 leian.
1061 2564 1078 2589 1.
1092 2572 1100 2589 1
1115 2563 1147 2589 D.
1161 2569 1201 2589 vti
1214 2561 1286 2596 pOffi·

246 2607 313 2634 detis
322 2626 329 2638 ,
350 2606 381 2632 Et
396 2604 461 2630 illud
475 2604 582 2639 quidem
596 2602 767 2629 interdtelum
780 2603 921 2636 Oppugnat
934 2600 1109 2635 possessorem,
1128 2599 1178 2624 hoc
1189 2604 1288 2624 tuetur.

245 2642 319 2670 Idem
333 2642 350 2667 l.
365 2650 375 2668 1
396 2641 427 2667 D.
449 2639 481 2666 de
494 2639 523 2666 vi
537 2645 561 2666 et
575 2639 603 2665 vi
616 2645 730 2670 armata,
759 2637 785 2664 Si
804 2637 864 2671 quis
877 2644 962 2663 tamen
978 2642 1069 2669 neget,
1089 2635 1114 2660 se
1129 2635 1232 2660 seruum
1246 2633 1287 2659 vel

244 2677 375 2705 familiam
389 2675 545 2702 defendere:
581 2673 712 2708 cogendus
731 2672 766 2699 est
784 2673 840 2699 Pati
860 2672 910 2699 hoc
925 2671 1114 2703 interdietum,
1132 2669 1164 2696 ad
1178 2669 1228 2696 hoc
1241 2669 1294 2695 sci:

1044 2706 1132 2732 Verba
1152 2704 1290 2731 interditffl
1300 2706 1336 2734 70
1351 2704 1441 2731 edific
1460 2713 1546 2739 neque
1565 2705 1696 2740 pupillum
1716 2713 1801 2740 neque
1820 2706 1952 2733 furiosum
1977 2707 2083 2734 ‘reneri
2107 2708 2213 2734 constat.

246 2714 323 2745 licet,
347 2718 379 2743 vt·
398 2711 470 2747 quod
487 2711 519 2737 ad
541 2718 603 2736 eum
621 2709 787 2743 peruenerit,
811 2707 939 2735 restituat.

246 2750 298 2775 late
316 2750 405 2775 Patent
442 2746 546 2782 leian.
574 2746 590 2771 1.
614 2744 632 2771 fi
653 2743 719 2771 alius
738 2745 770 2770 D.
792 2743 873 2776 Qod
890 2743 920 2769 vi
938 2748 982 2769 aut
1001 2742 1069 2769 clam
1085 2739 1108 2778 §.
1129 2741 1288 2767 notauimus.

247 2784 322 2810 Idem
336 2784 367 2810 D.
381 2782 411 2809 de
425 2782 514 2813 fonte,
534 2780 637 2817 infine,
661 2779 709 2806 Sed
725 2786 749 2805 et
763 2778 795 2804 de
807 2779 877 2809 lacu,
897 2784 994 2812 puteo,
1014 2778 1113 2811 piscina
1124 2775 1290 2808 reficiendis,

265 2818 387 2854 urgandis
401 2817 572 2845 interditi'mm
588 2815 728 2850 competit:
763 2820 789 2840 et
801 2813 927 2840 omuibus
948 2813 1065 2848 personis
1085 2812 1206 2844 dabitur,
1230 2812 1289 2846 qui-

245 2829 295 2883 iius
309 2854 474 2882 Permittitur
487 2851 658 2880 interdiGtum
672 2851 704 2877 de
723 2859 789 2885 aqua
803 2849 908 2876 aestiua.
1005 2848 1107 2883 leian.
1129 2849 1160 2873 D.
1179 2847 1212 2873 de
1233 2848 1290 2881 ripa

247 2890 405 2920 munienda,
425 2889 495 2916 Nam
509 2887 566 2923 post
579 2896 644 2922 opus
659 2885 775 2926 facium,
805 2884 979 2926 Persequendi
994 2883 1045 2910 hoc
1057 2882 1201 2923 interdic‘lo
1217 2883 1289 2909 nulla
1308 2880 1340 2908 75
1353 2881 1544 2909 Tribuendum
1565 2883 1616 2916 est,
1645 2892 1677 2909 ex
1695 2882 1792 2918 quibus
1813 2883 1891 2910 causis
1910 2884 1942 2911 de
1964 2883 2120 2912 exhibendis
2138 2886 2230 2913 liberis
2249 2892 2398 2920 competere
2434 2886 2435 2889 ’

247 2926 355 2953 facultas
369 2924 498 2959 superest,
520 2923 600 2950 etiam
613 2922 631 2949 fi
645 2921 711 2957 quid
726 2921 816 2947 damni
829 2921 917 2954 postea
935 2920 1024 2946 datum
1045 2919 1142 2945 fuerit:
1179 2918 1220 2944 sed
1233 2919 1291 2953 lege

249 2961 358 2996 Aquilia
370 2959 556 2994 experiendum
570 2958 614 2985 est.
718 2957 822 2991 leian.
838 2956 855 2982 l.
869 2965 878 2982 1
898 2957 931 2982 D.
952 2955 983 2982 de
1003 2954 1098 2982 tabulis
1121 2954 1290 2985 exhibendis,

249 2998 308 3024 Hoc
322 2995 492 3023 interdiftum
505 2994 618 3021 Pertinet
631 3001 684 3019 non
697 2998 798 3019 tantum
813 2991 844 3018 ad
860 2991 1006 3018 testamenti
1021 2990 1120 3017 tabulas
1129 3010 1137 3022 ,
1156 2999 1249 3016 verum
1257 2990 1289 3016 ad

249 3032 348 3062 omnia,
360 3040 427 3066 quae
439 3030 472 3057 ad
486 3030 585 3057 causam
599 3028 745 3056 testamenti
759 3028 899 3062 pertinent.
971 3026 1074 3053 Ibidem
1093 3029 1118 3052 in
1125 3025 1179 3061 fine
1188 3046 1195 3058 ‚
1230 3026 1288 3052 Hoc

248 3067 420 3094 interdiftum
431 3066 464 3093 ad
478 3065 536 3092 viui
548 3065 649 3092 tabulas
663 3073 717 3090 non
732 3063 854 3090 Pertinet.

250 3104 310 3129 loco
324 3102 365 3129 vel
380 3103 476 3129 itinere
490 3101 598 3136 publico
612 3100 670 3131 fiat,
687 3101 745 3126 Hoc
760 3097 933 3126 inter-dietum
946 3098 977 3123 ad
991 3106 1020 3124 ea
1034 3098 1100 3129 loca,
1114 3106 1181 3131 quae
1196 3097 1253 3123 sunt
1262 3096 1290 3123 in

250 3139 304 3165 fisci
317 3138 494 3173 patrimonio,
513 3146 567 3163 non
582 3143 646 3171 puto
658 3135 802 3162 Pertinere.
893 3134 977 3160 Paullo
995 3132 1066 3168 post,
1095 3133 1133 3158 Ad
1158 3141 1187 3158 ea
1207 3132 1291 3166 igitur

250 3174 307 3200 loca
332 3173 382 3200 hoc
404 3172 577 3199 ἀπῄει-(11811111
601 3171 729 3202 Pertinet,
759 3179 826 3205 quae
849 3168 959 3205 publico
984 3168 1042 3194 vsui
1073 3168 1198 3194 destinata
1222 3169 1288 3194 sunt.

249 3209 323 3236 Idem
336 3209 370 3235 l.1
384 3209 414 3235 D.
428 3207 460 3234 de
476 3207 644 3238 fluminibus,
664 3215 696 3233 ne
709 3206 773 3241 quid
783 3226 791 3238 ,
811 3212 855 3232 etc.
898 3205 954 3231 Nee
974 3203 1089 3230 Pertinet
1101 3203 1132 3228 ad
1146 3203 1196 3229 hoc
1210 3203 1291 3229 inter-

251 3244 366 3276 dietum,
391 3243 409 3270 ii
430 3243 495 3278 quid
513 3243 540 3269 in
561 3243 666 3277 priuato
679 3243 777 3268 saelum
790 3241 829 3268 sit.

250 3279 320 3305 &um
330 3301 337 3311 ,
369 3278 420 3306 vid.
442 3278 560 3305 Scribere
574 3277 756 3304 interdiGtum.
827 3276 933 3311 leian.
951 3275 968 3301 l.
985 3275 1052 3301 2‘D.
1069 3283 1100 3299 ne
1113 3273 1178 3308 quid
1191 3274 1218 3300 in
1231 3274 1290 3300 loco

249 3315 294 3341 vel
307 3315 402 3341 itinere
416 3313 523 3348 publico
536 3313 594 3345 flat,
614 3314 672 3339 Hoc
686 3311 856 3339 interdi&111n
871 3320 902 3337 ex
915 3311 1006 3337 eadem
1020 3310 1094 3336 causa
1107 3309 1292 3342 Proficiscitur,

250 3359 281 3376 ex
294 3359 344 3385 qua
356 3357 381 3376 et
398 3350 524 3384 superius.
543 3363 548 3369 ·
595 3348 697 3375 Paullus
711 3348 727 3373 l.
737 3356 749 3373 2
763 3348 793 3373 D.
808 3347 839 3373 de
851 3346 1000 3373 interdietis
1015 3344 1290 3372 etext1·a01·d.a6lion.

250 3385 297 3412 Illa
311 3385 460 3417 interdidia,
474 3393 540 3419 quae
556 3383 658 3410 delocis
672 3383 749 3410 sacris
763 3388 788 3409 et
801 3382 832 3408 de
847 3381 976 3417 religiosis
991 3382 1186 3416 l'ropommtur,
1207 3379 1292 3406 veluti

252 3421 417 3454 proprietatis
432 3422 534 3446 causam
549 3419 693 3446 continent.

253 3456 310 3481 Hoc
325 3456 492 3482 interdiftum
508 3456 606 3482 summa
620 3454 789 3489 prouidentia
798 3455 906 3480 Praetor
920 3453 1068 3487 Proposuit.
1139 3451 1242 3478 Paullus
1256 3451 1291 3477 l.1

255 3490 287 3515 D.
302 3500 332 3515 nc
346 3491 408 3524 quid
421 3491 448 3517 iu
462 3491 523 3517 loco
545 3491 587 3517 vel
607 3491 704 3517 itinere
725 3489 832 3524 publico
853 3489 913 3521 fiat,
936 3489 967 3514 In
981 3489 1041 3514 loco
1060 3487 1167 3524 publico
1186 3488 1293 3513 Praetor

252 3525 375 3586 prohibet
390 3526 541 3558 aedificare,
562 3532 587 3552 et
601 3525 774 3552 inebrditstum
786 3525 921 3558 Proponit.
992 3524 1119 3558 leianus
1134 3522 1234 3548 ibidem
1250 3522 1290 3548 l.2

273 3568 412 3599 ropterque
427 3571 482 3587 eam
496 3571 551 3588 rem
565 3561 614 3588 hoc
628 3560 799 3587 interdiflum
814 3559 977 3594 Propositum
991 3559 1035 3585 est.
1107 3557 1180 3584 Idem
1195 3557 1211 3582 l.
1228 3566 1238 3583 1
1260 3558 1290 3583 D.

254 3595 286 3621 de
298 3596 325 3622 vi
339 3602 364 3621 et
381 3604 407 3621 v1
421 3604 516 3623 armata
532 3605 573 3632 pr.
610 3598 668 3623 Hoc
682 3595 855 3622 interdi6mm
869 3594 1031 3628 Proponitur
1044 3594 1083 3625 ei,
1103 3593 1150 3633 qui
1170 3593 1198 3618 vi
1220 3592 1290 3619 deie-
1306 3593 1337 3619 95
1357 3602 1410 3619 non
1424 3593 1471 3619 esse
1491 3592 1523 3619 ab
1537 3601 1582 3625 re,
1607 3592 1639 3617 de
1659 3601 1689 3619 ea
1709 3601 1738 3619 re
1753 3592 1895 3618 interdic-*10
1909 3594 1962 3619 Vti.

254 3631 309 3656 elus
322 3630 366 3657 cst.
422 3631 523 3658 Etenim
544 3633 593 3658 suit
614 3631 811 3666 aequiffimum,
831 3631 860 3657 vi
880 3629 984 3657 deieeto
998 3629 1147 3656 subueniri:
1184 3635 1291 3662 propter

253 3666 323 3699 quod
348 3665 379 3692 ad
404 3668 603 3699 recuperandam
630 3667 805 3701 poffeffionem
836 3666 887 3692 hoc
919 3664 1091 3691 interdietum
1123 3664 1290 3698 proponitur.

254 3701 355 3734 leian.
378 3701 395 3727 1.
411 3710 421 3732 3
446 3702 477 3727 D.
498 3701 529 3727 de
549 3703 575 3728 vi
590 3708 614 3728 et
628 3704 656 3729 vi
671 3709 786 3734 armata,
816 3703 875 3728 Hoc
888 3700 1058 3727 interdiehim
1072 3699 1152 3726 etiarn
1170 3699 1291 3725 aduersus

254 3743 315 3761 eum
333 3737 507 3770 Proponunt,
534 3737 580 3772 qui
599 3739 661 3764 dolo
679 3738 749 3764 malo
768 3738 847 3769 fecit,
874 3745 927 3772 quo
947 3736 1007 3770 quis
1024 3735 1104 3762 armis
1122 3734 1290 3761 deiiceretur.

255 3769 359 3804 leian.
375 3771 389 3796 1.
403 3780 418 3797 2
438 3772 468 3798 l).
486 3781 518 3797 ne
539 3772 603 3807 quid
616 3773 644 3799 in
658 3774 717 3799 loco
729 3773 772 3799 vel
792 3774 888 3799 itinere
901 3771 1009 3806 publico
1023 3771 1066 3797 fiat
1076 3790 1085 3803 ,
1109 3771 1167 3796 Hoc
1183 3770 1346 3796 interdi-100
1356 3775 1381 3796 et
1396 3770 1463 3804 ignis
1477 3768 1665 3796 inter-diditione
1679 3768 1817 3796 faciebant.

257 3804 326 3831 &um
340 3805 546 3839 prohibitorium
560 3807 609 3834 est:
645 3815 671 3834 et
685 3816 739 3834 tam
754 3808 866 3843 publicis
877 3807 1054 3839 vtilitatibus‚
1080 3814 1158 3840 quam
1173 3807 1292 3839 priuato-

257 3848 315 3865 rum
329 3849 373 3874 per
386 3841 434 3880 hoc
449 3843 615 3877 l'rospicitur.
684 3844 756 3869 Idem
773 3844 788 3869 l.
804 3852 812 3869 1
834 3844 865 3869 D.
880 3852 912 3869 ne
927 3843 990 3878 quid
1003 3843 1031 3868 in
1044 3842 1153 3867 flumine
1167 3841 1292 3875 publico,

258 3880 310 3914 ⁶²⁶¹.
341 3877 551 3914 Hocynterdieto
564 3879 698 3912 Prospexit
713 3880 833 3910 Praetor,
853 3887 885 3904 ne
899 3876 1113 3904 deriuationibus
1128 3877 1214 3903 minus
1230 3886 1292 3903 con-

259 3909 324 3933 cellts
339 3911 444 3935 flumina
459 3914 610 3939 exarescant.
701 3912 774 3939 Idem
794 3914 826 3939 Ι).
838 3920 866 3939 vt
879 3914 907 3939 in
920 3914 1031 3939 flumine
1046 3912 1154 3947 publico
1168 3912 1293 3946 nauigare

1055 583 1128 610 Idem
1142 582 1179 613 1.3
1194 582 1225 608 D.
1239 581 1271 606 de
1287 590 1315 608 10

785 1114 1083 1142 Finiturinterdffitum:
1119 1114 1180 1148 le.
1191 1115 1209 1140 1.
1219 1123 1228 1140 1
1243 1114 1274 1139 D.
1289 1124 1320 1150 25
1339 1123 1386 1149 per
1400 1114 1450 1141 hoc
1464 1114 1633 1141 interdi&111n
1647 1114 1818 1141 Restituetur.

349 1475 454 1509 leian.
469 1475 487 1500 l.
500 1483 513 1506 3
527 1475 558 1501 D.
573 1482 606 1500 ne
619 1474 658 1500 vis
672 1473 716 1499 fiat
730 1474 765 1505 ei,
780 1473 837 1507 qui,
857 1479 903 1498 etc.
941 1473 974 1497 At
987 1471 1005 1497 st
1023 1471 1081 1506 quis
1095 1471 1169 1497 volet
1183 1471 1223 1497 vti
1238 1470 1277 1496 in·
1294 1476 1323 1503 35·

381 1825 484 1851 Paullus
502 1825 518 1850 1.
541 1825 568 1850 vi
589 1825 652 1850 facit
672 1825 705 1850 D.
720 1823 793 1858 quod
811 1825 839 1849 vi
854 1831 897 1850 aut
912 1824 994 1855 clam,
1021 1825 1088 1850 Item
1107 1823 1124 1849 fi
1148 1823 1281 1858 prohibiti
1293 1829 1327 1854 45

1132 2351 1205 2376 Idem
1224 2351 1288 2376 titu-
1299 2350 1334 2374 60
1352 2351 1383 2376 de
1396 2351 1425 2376 vi
1437 2357 1462 2376 et
1477 2351 1505 2376 vi
1519 2358 1617 2378 armata
1626 2371 1635 2383 ,
1656 2350 1682 2376 Si
1697 2350 1802 2383 fundus,
1815 2360 1829 2378 a
1841 2360 1895 2385 quo
1909 2351 1938 2377 vi
1953 2351 2073 2385 expulsus
2084 2353 2139 2378 sum
2148 2372 2157 2385 ‚
2175 2353 2245 2379 mihi
2257 2353 2393 2380 restitutus

1462 2393 1579 2413 caeterae
1593 2395 1658 2412 vero
1676 2395 1732 2419 res,
1748 2396 1814 2422 quae
1833 2390 1861 2413 vi
1883 2386 1985 2413 ablatae
2004 2387 2080 2419 sunt,
2105 2396 2160 2413 non
2178 2388 2393 2415 restituerentur:
2419 2405 2422 2408 ι

918 3239 1067 3274 Porrigitur
1086 3238 1162 3264 latius
1182 3239 1291 3264 interdi-
1307 3231 1336 3261 35
1356 3239 1398 3265 rio
1412 3247 1465 3264 non
1478 3237 1516 3264 est
1528 3238 1649 3272 iniquum
1665 3240 1762 3266 Venire
1789 3243 1836 3272 (vt
1848 3239 1936 3266 Labeo
1949 3239 2003 3270 ait)
2028 3239 2107 3265 etiam
2128 3240 2199 3274 quod
2219 3241 2282 3268 dolo
2295 3240 2396 3270 factum

1872 3274 1975 3309 leian.
1996 3273 2012 3299 l.
2028 3283 2036 3300 1
2056 3275 2087 3300 D.
2107 3274 2139 3301 de
2158 3276 2186 3302 vi
2200 3282 2225 3302 et
2240 3277 2267 3303 vi
2280 3284 2397 3312 armata,
2430 3282 2431 3286 ’
2466 3280 2467 3304 l

1733 172 1751 212 1
1839 170 1885 210 N
1968 172 2012 212 T
2285 161 2371 216 118o

1350 263 1512 291 rohibeatur.

1332 272 1353 324 I’i
1371 299 1472 326 dubitat
1492 306 1581 326 vti-um
1600 298 1667 324 liber
1689 306 1721 323 an
1741 297 1829 322 seruus
1850 295 1894 328 sit,
1919 295 1961 322 vel
1984 295 2045 321 facit
2059 295 2136 321 status
2151 295 2370 323 controuersiam:

1334 334 1516 361 Recedendum
1546 334 1596 360 erit
1627 333 1659 360 ab
1693 333 1744 359 hoc
1777 331 1935 362 interdieto,
1967 337 1992 356 et
2013 331 2110 364 agenda
2135 332 2208 358 causa
2232 331 2372 358 libertatis.

1335 369 1439 403 leian.
1453 370 1469 396 1.
1484 379 1493 396 ι
1516 371 1547 396 D.
1566 370 1636 404 quod
1652 369 1813 402 legatorum,
1841 367 1911 399 Quia
1930 372 2016 392 autem
2035 375 2222 400 nonuunquam
2240 368 2372 393 incertum

1335 404 1387 436 est,
1412 410 1499 431 Vtrum
1512 406 1570 440 quis
1584 414 1631 439 pro
1645 405 1747 439 legato,
1774 411 1806 428 an
1824 411 1872 436 pro
1894 402 2007 433 herede,
2032 402 2072 427 vel
2089 409 2138 435 pro
2152 403 2286 435 possessore
2299 400 2373 436 poin-

1335 439 1409 465 deat:
1445 439 1578 467 belliffime
1598 441 1724 467 Arrianus
1742 437 1848 469 scribit,
1876 444 1900 463 et
1920 437 2072 463 hereditatis
2092 437 2250 471 petitionem
2270 438 2298 463 in
2312 445 2374 463 eum

1335 475 1536 508 instituendam,
1554 484 1579 502 et
1593 476 1642 502 hoc
1657 473 1827 501 interdfflum
1841 472 2028 504 Reddendum,
2054 478 2082 497 vt
2097 471 2149 498 fine
2164 473 2223 507 quis
2237 481 2286 506 pro
2300 472 2374 499 here-

1336 511 1384 542 de,
1403 510 1445 537 vel
1454 520 1502 545 pro
1515 512 1665 545 poss'cffore,
1686 510 1737 537 siue
1751 518 1799 543 pro
1814 508 1899 542 legato
1912 507 2044 543 possideat,
2063 507 2113 533 hoc
2129 507 2274 534 interdioo
2288 514 2376 534 tenea-

1335 552 1387 572 tur.
1461 546 1563 580 leian.
1580 548 1611 572 D.
1625 555 1657 572 ne
1671 545 1735 580 quid
1750 546 1777 571 in
1792 545 1901 569 flumine
1914 543 2037 578 publico,
2055 549 2100 569 etc.
2137 543 2163 568 Si
2176 543 2256 577 quid,
2270 552 2303 569 ne
2315 543 2375 575 fiat,

1335 580 1508 615 prospicitur:
1541 581 1677 617 superiore
1696 579 1841 608 interdicto
1860 579 1911 605 erit
1924 579 2064 604 Vtendum:
2098 584 2124 604 et
2143 578 2162 604 fi
2176 579 2239 613 quid
2260 578 2316 613 post
2335 579 2376 604 in-

1336 617 1478 643 terdioum
1491 617 1632 644 Redditum
1652 616 1734 642 fuerit
1751 615 1867 647 facium,
1886 614 2061 640 coercebitur.
2134 613 2208 640 Idem
2229 614 2245 640 1.
2259 620 2279 647 4
2296 614 2328 640 D.
2342 614 2375 640 de

1336 652 1366 679 vi
1380 659 1404 678 et
1417 652 1446 678 vi
1458 659 1571 686 armata,
1598 653 1624 679 Si
1638 652 1666 678 vi
1679 660 1720 677 me
1733 650 1858 677 deiecerit
1871 650 1930 685 quis
1944 650 2052 676 nomine
2064 649 2242 684 municipum:
2273 649 2302 675 in
2318 657 2376 675 mu-

1336 689 1436 722 nicipes
1447 687 1515 714 mihi
1525 687 1695 715 interdie‘huu
1710 686 1880 712 Reddendum
1900 685 2061 719 Pomponius
2081 684 2189 716 scribit,
2216 685 2234 711 si
2256 684 2322 720 quid
2343 684 2376 711 ad

1336 732 1382 749 eos
1396 723 1525 758 peruenit.
1597 723 1700 750 Paullus
1714 722 1787 748 .¹.vlt.
1802 721 1883 747 D.vti
1895 720 2035 755 poffidetis,
2055 721 2086 746 In
2097 721 2196 747 summa
2209 727 2275 755 puto
2289 721 2377 746 dicen-

1337 759 1417 791 dum,
1448 765 1473 785 et
1497 759 1566 786 inter
1589 758 1750 786 fruc‘luarios
1771 756 1822 783 hoc
1840 756 2011 782 interdietum
2025 754 2217 788 Reddendum:
2252 755 2297 782 etfi
2310 755 2379 783 alter

1335 796 1409 821 vsum
1424 793 1555 826 fruetum,
1579 795 1644 821 alter
1658 792 1833 829 posseffionem
1845 791 1893 818 fibi
1908 792 2040 818 defendat.
2112 791 2153 819 Sic
2168 791 2263 818 Iulian.
2282 791 2299 817 1.
2313 800 2322 821 t
2343 792 2376 818 D.

1337 829 1369 856 de
1383 829 1506 856 Saluiano
1519 830 1668 857 interdieto.
1741 828 1846 863 leian.
1861 827 1878 853 1.
1893 836 1905 859 3
1924 828 1955 853 D.
1972 827 2003 853 de
2016 827 2045 853 vi
2059 833 2084 853 et
2118 827 2127 853 i
2141 833 2259 861 armata,
2282 827 2378 854 Dicen-

1338 865 1402 891 dum
1413 865 1449 891 est
1463 865 1543 891 etiam
1555 866 1585 892 ad
1599 875 1640 892 eas
1653 874 1694 892 res
1707 864 1815 890 Referri
1827 862 1879 889 hoc
1891 862 2065 888 interdietum
2078 862 2108 888 de
2130 871 2182 888 ere.
2255 862 2329 889 Idem
2341 862 2358 888 1.
2367 871 2379 889 ι

1338 902 1370 927 D.
1385 901 1427 927 vti
1441 899 1585 935 possideds,
1604 902 1685 928 Tunc
1699 900 1717 926 fi
1731 909 1771 926 res
1784 898 1836 926 soli
1850 897 1889 930 fit,
1909 898 1942 923 de
1955 898 2029 924 cuius
2041 898 2190 932 poffeffione
2197 898 2381 930 contenditur,

1338 936 1370 963 ad
1384 935 1434 962 hoc
1448 936 1617 964 inter-dietum
1632 937 1819 963 Remittentur.

1616 262 1721 297 leian.
1737 260 1775 292 1.3
1790 261 1822 287 D.
1837 260 1868 286 de
1881 260 1968 287 libero
1984 257 2092 286 homine
2105 259 2273 292 exhibendo,
2293 259 2371 287 Plane
2410 250 2414 252 ¹

1900 933 1974 960 Idem
1988 934 2005 962 1.
2019 933 2164 968 quaesitum
2179 933 2215 960 est
2229 935 2261 960 D.
2275 932 2306 960 de
2320 942 2380 968 pre·
2416 944 2419 955 ν

1338 972 1425 1004 cario,
1454 973 1490 998 Ex
1508 970 1560 999 hoc
1578 971 1723 998 interdieto
1743 970 1855 997 Restitui
1867 968 1946 996 debet
1958 969 1986 995 in
2000 969 2138 1004 pristinam
2152 969 2263 996 causam.
2336 968 2380 996 Vl·
2422 968 2429 974 ⁷

1337 1008 1407 1042 pian.
1427 1008 1458 1033 D.
1471 1016 1504 1033 ne
1517 1007 1581 1042 quid
1594 1008 1622 1034 in
1636 1007 1745 1034 flumine
1758 1005 1864 1041 publico
1881 1012 1927 1031 etc.
1946 1004 2093 1040 jib—finem,
2128 1005 2186 1031 Hoc
2207 1003 2380 1032 interdifitun‘i

1337 1043 1534 1070 restitutorium
1548 1044 1713 1078 proponitur.
1746 1041 1870 1076 Superius
1884 1040 1956 1067 enim
1970 1039 2181 1074 prohibitorium
2195 1041 2244 1067 est:
2281 1046 2307 1067 et
2323 1049 2381 1076 per-

1339 1080 1407 1106 tinet
1416 1079 1452 1105 rad
1464 1079 1504 1111 ea',
1518 1087 1584 1113 quae
1596 1080 1714 1105 nondum
1727 1078 1796 1104 faeta
1808 1078 1875 1104 sunt.
1932 1076 1959 1102 Si
1973 1076 2037 1110 quid
2050 1075 2133 1110 igitur
2152 1077 2205 1102 iam
2218 1076 2318 1103 fatilum
2329 1075 2381 1102 est:

1887 1112 1993 1146 leian.
2009 1112 2025 1137 1.
2036 1120 2045 1137 1
2059 1112 2090 1138 D.
2104 1111 2136 1137 de
2150 1113 2178 1138 vi
2193 1118 2218 1138 et
2231 1112 2261 1138 vi
2273 1117 2382 1143 armata,

1339 1151 1377 1177 Vt
1392 1150 1472 1176 etiam
1488 1149 1539 1175 stne
1559 1150 1632 1184 eulpa
1652 1150 1710 1176 eius
1731 1148 1844 1175 mortuis
1863 1146 2033 1179 hominibus,
2058 1147 2268 1174 aestimationem
2287 1155 2382 1174 eorum

1340 1194 1387 1221 per
1400 1185 1572 1212 interdietum
1584 1185 1732 1212 Restituere
1745 1184 1848 1211 debeat.
1938 1182 2033 1210 Venul.
2052 1183 2069 1209 1.
2089 1183 2132 1209 sed
2146 1183 2190 1209 etfi
2203 1184 2235 1209 D.
2250 1183 2282 1210 de
2294 1191 2382 1217 preca-

1340 1222 1394 1253 rio,
1415 1220 1463 1247 Sed
1474 1220 1519 1247 etsi
1534 1229 1590 1247 eam
1603 1221 1751 1254 re1n‚cuius
1763 1219 1939 1253 poffessionem
1958 1227 2004 1253 per
2017 1218 2188 1245 interdietum
2200 1219 2240 1246 vti
2252 1217 2384 1253 poffidetis

1341 1257 1467 1284 Retinere
1482 1258 1587 1291 possem,
1600 1256 1721 1291 precario
1735 1255 1788 1281 tibi
1804 1255 1987 1286 concelserim,
2012 1254 2143 1281 teneberis
2161 1253 2212 1281 hoe
2228 1254 2384 1281 interdiEIo.

1342 1292 1446 1326 leian.
1460 1293 1492 1318 D.
1506 1292 1538 1318 de
1552 1291 1639 1319 libero
1652 1291 1761 1318 homine
1775 1289 1927 1317 exhibendo
1940 1290 1957 1317 1.
1972 1298 1984 1322 3
1999 1293 2026 1316 in
2033 1289 2104 1326 fine,
2138 1291 2198 1316 Hoc
2210 1289 2385 1317 interdietum

1340 1336 1366 1354 et
1380 1329 1408 1355 in
1423 1328 1556 1354 absentem
1567 1328 1613 1354 effe
1632 1326 1806 1362 Rogandum‚
1833 1325 1922 1357 Labeo
1941 1325 2041 1352 scribit.
2113 1325 2216 1352 Paullus
2235 1325 2252 1352 1.
2268 1334 2289 1352 2
2300 1323 2338 1352 D.
2352 1324 2386 1351 de

1341 1363 1492 1390 interdietis
1507 1369 1532 1390 et
1545 1363 1676 1391 extraord.
1689 1362 1788 1388 aetion.
1826 1362 1898 1387 Haec
1918 1368 2006 1388 autem
2025 1360 2184 1394 interdieta,
2203 1357 2272 1396 qtfae
2285 1361 2386 1387 adrem
2415 1377 2417 1379 ·

1342 1399 1505 1426 familiarem
1520 1399 1656 1434 Speoant,
1679 1404 1724 1424 aut
1738 1397 1919 1431 adipiscendae
1937 1397 1995 1427 sunt
2015 1396 2189 1430 poffeffionis,
2216 1403 2262 1423 aut
2279 1404 2388 1431 recupe-

1342 1436 1452 1466 randae,
1471 1441 1515 1461 aut
1528 1434 1688 1461 retinendae.
1762 1433 1869 1466 leian.
1885 1431 1903 1457 1.
1919 1440 1928 1457 1
1943 1432 1973 1457 D.
1986 1432 2025 1458 vti
2039 1432 2184 1466 poffidefis,
2203 1433 2263 1460 Hoc
2277 1432 2388 1458 interdi-

1342 1470 1413 1497 &um
1428 1471 1459 1496 de
1474 1471 1523 1496 soli
1538 1470 1672 1505 poffeffore
1690 1468 1822 1502 Scriptum
1834 1467 1884 1497 est,
1910 1476 1990 1501 quem
2009 1468 2142 1501 potiorem
2165 1469 2272 1495 Praetor
2288 1468 2318 1494 in
2336 1467 2388 1493 soli

1342 1506 1490 1541 poffeffione
1503 1506 1607 1532 habeat.

1342 1551 1423 1577 quum
1438 1542 1609 1568 interdielum
1623 1540 1653 1566 fit
1665 1539 1697 1566 fic
1711 1539 1857 1573 Scriptum,
1878 1538 1958 1572 Quod
1973 1538 2001 1564 vi
2013 1544 2057 1564 aut
2069 1538 2136 1564 clam
2151 1537 2250 1564 fatShim
2263 1538 2315 1571 est,
2333 1546 2389 1564 non

1342 1578 1379 1604 ita
1388 1597 1395 1609 ,
1407 1577 1497 1611 (ᾈωά
1509 1577 1538 1604 vi
1552 1583 1596 1603 aut
1610 1576 1676 1602 clam
1688 1575 1788 1610 fecisti:
1824 1574 1903 1600 latius
1923 1573 2028 1608 porrigi
2040 1574 2084 1606 id,
2110 1582 2189 1608 quam
2201 1573 2235 1600 ad
2246 1573 2290 1600 has
2302 1573 2389 1608 perso-

1342 1622 1387 1639 nas
1401 1622 1463 1647 quas
1485 1614 1562 1647 supra
1579 1611 1801 1641 memoraturum,
1825 1609 1915 1636 Labeo
1934 1615 2016 1644 putat.

1343 1650 1385 1676 vis
1400 1649 1444 1675 fiat
1458 1649 1497 1680 ei,
1511 1648 1558 1683 qui
1573 1655 1619 1675 etc.
1662 1648 1710 1673 Per
1721 1645 1894 1673 interdicffun]
1908 1646 1989 1672 etiam
2003 1644 2028 1671 ei
2046 1644 2176 1671 Subuenit
2195 1645 2319 1678 Praetor,
2342 1644 2391 1679 qui

1344 1684 1435 1711 damni
1448 1684 1544 1711 infeffl
1556 1683 1588 1710 ab
1601 1692 1634 1709 eo
1648 1682 1677 1708 in
1692 1681 1867 1717 poffeffionem
1882 1681 1968 1707 missus
1984 1680 2036 1714 est,
2051 1689 2084 1706 ne
2097 1681 2122 1707 ei
2136 1681 2177 1707 vis
2191 1680 2244 1707 fiat.
2316 1680 2391 1707 Idem

1345 1721 1363 1746 l.
1379 1721 1411 1752 is,
1424 1720 1470 1754 qui
1484 1720 1512 1746 in
1526 1726 1635 1754 puteum
1655 1719 1686 1745 D.
1702 1718 1772 1752 quod
1786 1717 1814 1744 vi
1828 1723 1872 1743 aut
1886 1717 1963 1749 clam,
1981 1717 2042 1743 Hoc
2053 1717 2112 1744 iure
2125 1716 2239 1749 vtimur,
2259 1722 2288 1743 vt
2300 1715 2346 1742 etfi
2360 1715 2391 1742 vi

1345 1761 1371 1780 et
1385 1756 1451 1780 clam
1465 1755 1565 1780 faetum
1579 1755 1618 1785 fit,
1637 1753 1810 1780 interdietum
1824 1752 1874 1779 hoc
1888 1751 2013 1782 Sufficiat.
2130 1753 2206 1779 Sum:
2241 1759 2279 1784 vr,
2300 1751 2340 1778 Est
2352 1751 2392 1778 lo·

1347 1798 1391 1815 cus
1404 1789 1550 1815 interdid'to
1563 1799 1569 1814 :
1604 1789 1708 1822 leian.
1723 1789 1740 1814 1.
1751 1797 1761 1814 1
1781 1789 1812 1814 D.
1829 1788 1901 1822 quod
1913 1788 2076 1822 legatorum,
2103 1787 2173 1814 Illud
2185 1787 2327 1814 tenendum
2341 1786 2392 1813 est:
2415 1804 2417 1806 -

1347 1823 1400 1849 fiue
1414 1832 1428 1850 a
1441 1830 1482 1855 tc,
1503 1823 1556 1849 siue
1568 1822 1601 1849 ab
1614 1832 1661 1855 eo,
1674 1824 1702 1849 in
1717 1824 1790 1848 cuius
1802 1823 1895 1849 locum*
1909 1823 2057 1853 successisti,
2082 1823 2203 1856 possideri
2216 1823 2319 1857 aliquid
2333 1831 2392 1849 coe-

1347 1864 1422 1892 ptum
1435 1859 1485 1885 est:
1519 1857 1665 1884 interdicto
1678 1857 1740 1884 huic
1754 1858 1842 1884 locum
1857 1857 1925 1883 fore.
1984 1858 2081 1883 Rursus
2102 1856 2217 1890 ibidem,
2244 1858 2290 1884 sub
2311 1858 2393 1884 finem

1347 1894 1422 1927 legis.
1492 1893 1565 1919 Idem
1580 1893 1596 1918 l.
1611 1901 1621 1918 1
1643 1893 1675 1918 D.
1687 1892 1719 1917 de
1732 1893 1829 1918 tabulis
1844 1891 2017 1923 exhibendis,
2035 1893 2181 1919 Dicendum
2196 1894 2232 1918 est
2248 1892 2392 1920 interdiCto

1347 1928 1437 1957 locuni
1450 1927 1519 1953 fore.
1598 1927 1703 1952 Paullus
1718 1927 1748 1951 D.
1763 1926 1838 1959 quod
1850 1927 1878 1951 vi
1892 1932 1936 1951 aut
1950 1927 2015 1951 clam
2030 1927 2045 1951 l.
2061 1929 2204 1961 competit,
2225 1928 2309 1954 Potest
2321 1927 2395 1958 diei,

1678 1504 1752 1530 Idem
1774 1504 1790 1529 l.
1806 1509 1832 1529 et
1846 1502 1893 1538 qui
1904 1503 1982 1528 aliter
1998 1503 2030 1528 D.
2051 1501 2122 1537 quod
2140 1503 2170 1528 vi
2182 1509 2226 1529 aut
2243 1503 2324 1534 clam,
2355 1503 2387 1528 Et
2429 1527 2432 1530 ,

2094 1609 2198 1644 leian.
2212 1609 2230 1635 1.
2245 1609 2292 1636 vit.
2312 1610 2343 1635 D.
2355 1617 2389 1635 ne
2424 1604 2425 1608 ¹
2439 1587 2460 1613 ¹*

1348 1968 1374 1987 et
1387 1961 1529 1988 frueluarii
1543 1962 1662 1987 intcress'e
1676 1965 1786 1994 propter
1799 1959 1962 1994 voluptatem
1974 1968 1999 1987 et
2013 1960 2183 1995 gestationem
2193 1981 2201 1993 ‚
2227 1969 2253 1989 et
2268 1963 2315 1989 efl'e
2329 1962 2394 1989 huie

1348 1996 1493 2023 interdicto
1510 1997 1607 2022 locum.

1348 2109 1442 2130 neuter
1454 2103 1572 2129 nostrum
1588 2102 1717 2129 vincetur.

1348 2144 1402 2166 tem
1414 2138 1464 2164 soli
1478 2144 1531 2165 tam
1540 2138 1663 2166 aduersus
1676 2138 1766 2168 alium,
1786 2146 1864 2172 quam
1879 2138 2002 2165 aduersus
2014 2139 2223 2173 superficiarium
2236 2142 2327 2176 potior
2341 2141 2393 2168 erit

1350 2245 1395 2270 sed
1408 2243 1489 2270 modo
1501 2250 1605 2278 paratus
1619 2244 1654 2270 est
1668 2253 1777 2270 cauere:
1813 2245 1904 2271 Tenet
1915 2245 2098 2273 interdietum.
2170 2249 2245 2275 Idem
2261 2249 2279 2275 1.
2295 2248 2341 2274 vlt.
2358 2249 2394 2275 D.

1350 2288 1383 2305 ne
1396 2279 1436 2305 vis
1448 2278 1494 2318 fiat
1508 2280 1543 2312 ei,
1555 2280 1605 2320 qui
1616 2286 1661 2305 etc.
1698 2280 1759 2306 Siue
1772 2288 1835 2314 ergo
1853 2281 2007 2314 promittat,
2032 2281 2154 2316 fiue*per
2171 2292 2232 2310 eum
2259 2292 2312 2310 non
2333 2283 2394 2316 fiat,

1350 2324 1404 2349 quo
1418 2323 1505 2341 minus
1519 2321 1672 2349 promittat:
1707 2323 1761 2341 nou
1781 2314 1900 2342 Tenebit
1919 2315 2100 2343 inter-dietum.
2171 2319 2276 2352 leian.
2296 2319 2314 2344 1.
2329 2328 2338 2344 1
2361 2319 2393 2345 D.

1351 2387 1410 2412 ess'et
1421 2397 1425 2411 :

1350 2419 1394 2447 hic
1409 2421 1549 2448 dicendum
1563 2422 1615 2454 est,
1632 2422 1804 2449 interdielum
1817 2422 1995 2449 nihilominus
2008 2422 2132 2449 Tenere:
2168 2424 2230 2458 quia
2242 2432 2335 2450 verum
2346 2422 2394 2455 est,

1351 2465 1393 2496 nie
1408 2457 1437 2483 vi
1450 2457 1499 2482 esse
1514 2457 1655 2483 deieftum.
1812 2458 1945 2493 Papinian.
1963 2458 1982 2484 1.
1996 2458 2086 2491 Quun
2100 2458 2212 2484 fundum
2231 2459 2263 2485 D.
2280 2458 2313 2485 de
2328 2458 2357 2490 vi
2368 2463 2396 2484 et

1349 2500 1379 2518 Vl
1391 2498 1503 2523 armata,
1527 2491 1663 2523 Placebat,
1689 2492 1813 2519 colonum
1828 2493 1973 2521 interdieto
1987 2493 2121 2520 venditori
2137 2494 2250 2521 Teneri.
2312 2492 2397 2521 Paullo

2110 2530 2213 2556 Paullus
2233 2530 2250 2556 1.
2262 2529 2349 2556 vltim.
2363 2530 2396 2555 D.

1788 2102 1861 2128 Idem
1875 2102 1891 2128 1.
1906 2111 1918 2135 3
1933 2103 1965 2129 D.
1979 2103 2020 2129 vti
2032 2103 2178 2137 poffidetis,
2207 2106 2337 2132 Dominus
2349 2114 2394 2132 au-
2418 2106 2420 2110 '

1829 2174 1934 2200 Paullus
1947 2174 1976 2200 in
1994 2175 2011 2201 1.
2025 2175 2072 2201 vlt.
2092 2176 2125 2202 D.
2144 2177 2217 2211 quod
2231 2177 2394 2212 legatorum,
2432 2205 2433 2209 ,

1349 2208 1453 2243 infime,
1468 2210 1535 2236 Item
1547 2208 1565 2234 si
1583 2217 1630 2243 per
1643 2209 1775 2235 bonorum
1789 2210 1952 2242 possessorem
1966 2210 2053 2243 stetit,
2073 2220 2127 2245 quo
2142 2213 2229 2238 minus
2242 2214 2396 2246 satisdaret,
2425 2208 2431 2214 ⁵

1674 1997 1714 2023 Sic
1728 1995 1871 2021 Venuleius
1891 1996 1970 2021 codem
1989 1998 2078 2027 titulo,
2107 1998 2124 2024 1.
2147 1998 2164 2024 fi
2192 1998 2275 2026 vitem
2297 2007 2392 2030 meam.

1348 2032 1450 2058 Paullus
1463 2031 1501 2063 1.3
1517 2033 1548 2058 D.
1563 2031 1602 2057 vti
1614 2030 1761 2066 poffidetis,
1787 2031 1841 2065 Ego
1854 2031 1967 2065 poffideo
1983 2040 2014 2057 ex
2030 2032 2096 2058 iusta
2112 2034 2201 2060 causa:
2238 2041 2266 2060 tu
2279 2035 2324 2067 vi,
2343 2037 2394 2060 tut
2413 2041 2418 2044 ·

1348 2068 1424 2094 clam.
1444 2066 1462 2093 fi
1476 2076 1489 2094 a
1503 2076 1545 2093 me
1559 2066 1684 2102 possides,
1706 2067 1827 2101 superior
1841 2067 1894 2092 sum
1909 2066 1937 2093 in
1950 2067 2109 2099 interdieto,
2133 2069 2151 2095 fi
2166 2079 2230 2095 vero
2245 2079 2298 2096 non
2311 2079 2325 2096 a
2342 2078 2395 2102 me,
2425 2071 2428 2075 '

1351 2571 1467 2602 quorum
1481 2563 1629 2594 bonorum,
1647 2562 1793 2589 Interdie‘co
1808 2564 1931 2597 Quorum
1945 2563 2094 2597 bonorum,
2115 2564 2250 2592 debitores
2264 2564 2398 2592 heredita·
2437 2553 2457 2592 ,ι’

1352 2606 1388 2624 rii
1402 2606 1457 2623 non
1472 2598 1629 2631 Tenentur,
1655 2598 1698 2624 sed
1717 2604 1819 2625 tantum
1838 2607 1980 2633 corporum
2002 2600 2158 2634 post'ess‘ores.

1351 2634 1383 2659 D.
1397 2633 1468 2668 quod
1483 2633 1646 2668 legatorum,
1671 2634 1726 2667 Qti
1739 2643 1805 2661 vcro
1817 2643 1848 2660 ex
1861 2635 1935 2661 causa
1957 2636 2149 2670 praeceptionis
2162 2636 2285 2671 possidet,
2304 2636 2398 2670 vtique

1351 2669 1476 2696 Tenetur
1488 2668 1537 2695 hoc
1553 2668 1705 2696 interdtoo.
1774 2668 1848 2696 Idem
1866 2669 1884 2696 1.
1899 2679 1909 2697 1
1930 2671 1962 2697 Ι).
1978 2679 2010 2696 ne
2025 2671 2066 2697 vis
2080 2671 2124 2698 fiat
2138 2672 2173 2705 ei,
2188 2673 2234 2708 qui
2248 2679 2293 2700 etc.
2337 2673 2398 2700 Hoc

2302 2708 2400 2745 Rursus
2408 2714 2410 2717 “

2231 2601 2334 2636 leian.
2349 2600 2372 2631 I.
2385 2609 2398 2627 1
2430 2594 2449 2612 Ψ

1352 2740 1427 2766 Idem
1446 2740 1463 2766 l.
1477 2749 1489 2772 3
1505 2741 1536 2766 D.
1552 2740 1584 2767 dc
1599 2740 1695 2768 tabulis
1709 2740 1884 2774 exhibendia,
1911 2741 1937 2768 Si
1951 2741 2094 2769 custodiam
2109 2743 2261 2771 tabularum
2278 2744 2399 2772 aedituus
2420 2762 2434 2775 »,
2454 2728 2456 2734 =

1353 2776 1395 2811 vel
1408 2775 1561 2806 tabellarius
1574 2776 1697 2811 suscepit,
1711 2775 1856 2817 ’dicendum'
1869 2777 1905 2803 est
1918 2777 2021 2804 Teneri
2033 2787 2094 2805 eum
2108 2779 2260 2806 interdicto.
2305 2781 2331 2807 Si
2354 2789 2399 2815 pe-

1354 2821 1400 2838 nes
1415 2812 1519 2838 seruum
1531 2811 1634 2838 tabulae
1647 2812 1764 2844 fuerint,
1784 2811 1907 2839 dominus
1921 2813 2067 2840 imm-dieto
2082 2814 2245 2842 Tenebitur.
2343 2816 2398 2842 vl-

1353 2847 1424 2882 pian.
1437 2847 1469 2873 D.
1484 2847 1516 2874 de
1528 2847 1622 2874 liberis
1635 2847 1791 2874 exhibendis
1805 2848 1843 2880 1.3
1870 2849 1900 2875 Et
1915 2858 1945 2875 ex
1960 2849 2053 2875 iisdem
2068 2850 2148 2877 causis
2160 2850 2211 2877 hoc
2225 2849 2397 2878 interdictum

1353 2918 1479 2945 diximus.

1354 2990 1387 3016 lis
1399 2989 1517 3016 fauorem
1531 2988 1674 3016 interdiCIo
1691 2999 1753 3017 eum
1766 2991 1864 3017 Tucri.

1354 3025 1422 3052 illud
1432 3024 1540 3060 quidem
1554 3025 1726 3052 imm-dietum
1739 3032 1872 3060 oppugnat
1888 3028 2059 3060 possessorem,
2079 3026 2128 3053 hoc
2141 3033 2239 3053 tuetur.

1354 3097 1472 3123 Tuetur.

1354 3133 1410 3158 sum
1426 3132 1474 3158 esse
1487 3130 1589 3158 dicatur
1600 3131 1783 3161 testa111entum
1793 3153 1802 3166 ,
1820 3133 1860 3159 vel
1874 3133 1906 3159 ab
1919 3142 1952 3160 eo
1966 3133 2072 3164 saelum,
2085 3134 2130 3167 qui
2144 3133 2290 3161 testamenti
2303 3135 2399 3163 fafflo-

1354 3176 1414 3194 nem
1427 3175 1481 3193 non
1494 3165 1625 3198 habuerit,
1646 3167 1786 3194 dicendum
1801 3168 1836 3195 est
1849 3168 2018 3196 interdictum
2033 3167 2133 3194 Valere.

1518 2954 1524 2958 ⁴
1544 2953 1549 2958 ι
1573 2954 1577 2958 ¹
1633 2918 1740 2953 leian.
1761 2920 1792 2945 D.
1804 2925 1833 2946 vt
1848 2920 1876 2946 in
1891 2919 2001 2946 flumine
2016 2920 2124 2954 publico
2144 2922 2300 2955 nauigetur,
2327 2923 2397 2957 Ergo
2427 2906 2454 2954 ’ζ’

1352 2960 1378 2980 et
1393 2953 1410 2980 fi
1424 2962 1438 2980 a
1451 2953 1629 2989 municipibus
1642 2954 1801 2981 condut‘]um
1816 2954 1908 2982 habet:
1943 2956 2125 2990 aequissimum
2139 2957 2203 2989 erit,
2233 2956 2269 2983 ob
2283 2957 2399 2994 vefflga-
2437 2963 2444 2969 ”

1936 2992 2009 3018 Idem
2030 2992 2048 3018 l.
2062 3000 2072 3018 1
2093 2993 2124 3018 D.
2144 2991 2181 3018 vti
2195 2991 2338 3025 possidetiS,
2365 2995 2398 3022 Et
2436 2988 2469 3042 'fi

933 3062 1006 3088 Idem
1025 3063 1042 3088 l.
1057 3071 1073 3088 2
1092 3062 1124 3087 D.
1137 3071 1168 3087 ne
1183 3060 1248 3095 quid
1263 3062 1292 3087 in
1305 3057 1337 3082 80
1349 3059 1423 3096 post,
1448 3060 1621 3087 Interdioum
1633 3067 1736 3123 viteis—p,
1757 3062 1881 3124 puorbef‘tl
1894 3063 2099 3124 Vtibptlrsiidetlisg
2115 3063 2278 3125 ρὲΠεΠὸέ-ςὲῃ
2294 3029 2398 3127 1)ξέἓέσί
2437 3079 2446 3088 .

1669 3106 1684 3130 p
1712 3106 1736 3123 n.
1769 3105 1800 3124 ,1
1845 3117 1850 3123 .
1884 3105 1936 3124 eta
1957 3106 2081 3125 uisexu
2102 3107 2132 3122 en
2155 3106 2190 3131 is,
2235 3107 2248 3124 e
2280 3106 2305 3126 et
2328 3109 2335 3126 1
2387 3117 2398 3123 -
2429 3098 2453 3124 ‘st

2290 3171 2398 3205 viptan.
2421 3187 2423 3190 -
2456 3156 2457 3163 ’

1356 3204 1388 3229 D.
1402 3212 1435 3229 ne
1448 3201 1512 3237 quid
1527 3203 1554 3228 in
1569 3202 1677 3236 flumine
1692 3203 1808 3238 publico,
1820 3211 1864 3231 etc.
1878 3203 1980 3239 infime,
2001 3204 2031 3229 In
2042 3202 2092 3229 hoc
2107 3195 2250 3232 interdie'w
2263 3206 2398 3234 restituto·
2437 3232 2439 3234 .
2456 3206 2458 3213 ’

1355 3274 1392 3300 est
1401 3294 1408 3306 ,
1433 3282 1488 3308 quo
1501 3274 1587 3300 minus
1599 3272 1717 3300 haberes.

1355 3310 1386 3336 Et
1400 3308 1570 3343 ideo,fiquid
1583 3308 1668 3344 postea
1682 3309 1758 3336 desiit
1780 3310 1835 3337 illic
1854 3311 1917 3342 ess'e,
1943 3309 2082 3336 dicendum
2102 3311 2153 3338 erit
2174 3312 2202 3337 in
2222 3312 2396 3342 interdietum
2428 3303 2454 3320 'd'

1355 3345 1463 3370 Venire.

1356 3380 1467 3413 Culpam
1500 3388 1607 3415 quoque
1635 3380 1663 3406 in
1694 3380 1744 3407 hoc
1778 3379 1947 3407 inter-‘dietum
1979 3381 2101 3414 Venire,
2130 3382 2190 3409 'erit

1355 3452 1514 3485 consequens
1529 3452 1579 3478 erit
1591 3449 1693 3483 dicere,
1712 3450 1882 3478 interdietum
1896 3450 1982 3478 locum
1997 3452 2101 3479 habere.
2173 3453 2245 3479 Idem
2258 3454 2275 3480 1.
2288 3463 2301 3487 3
2315 3456 2346 3481 D.
2361 3454 2395 3482 de

1356 3486 1453 3527 tabulis
1466 3486 1636 3526 exhibendis,
1656 3490 1682 3513 in
1692 3487 1758 3522 fine,
1788 3485 1850 3511 Ideo
1864 3491 1888 3512 et
1901 3486 1918 3511 fi
1933 3486 2006 3513 heres
2019 3487 2063 3520 fit,
2090 3488 2137 3522 qui
2156 3488 2300 3516 inter-dieto
2314 3492 2397 3524 Vsus,

1356 3522 1565 3549 aestimationem
1587 3522 1738 3548 consecutus
1761 3521 1816 3547 est:

1355 3558 1451 3593 Rurfias
1470 3557 1542 3583 Idem
1556 3557 1573 3584 l.
1588 3565 1600 3582 2
1634 3557 1677 3583 Ne
1691 3557 1755 3592 quid
1767 3557 1794 3582 in
1808 3556 1865 3583 loco
1881 3557 1921 3583 vel
1936 3557 2032 3584 itinere
2047 3559 2154 3593 publico
2173 3559 2231 3590 fiat,
2253 3560 2326 3586 Idem
2342 3562 2396 3594 ait,

1355 3629 1384 3654 vi
1397 3634 1442 3654 aut
1455 3628 1537 3660 clam,
1559 3629 1627 3654 Vtor
1643 3628 1765 3654 aduersus
1787 3633 1812 3653 te
1831 3627 1984 3656 interdieta

1354 3663 1477 3692 aduersus
1494 3673 1535 3690 me
1549 3663 1699 3689 interdieto.

1394 3704 1683 3729 INTERDICTIO,
1704 3697 1771 3724 onis.
1795 3699 1815 3724 f.
1851 3695 1958 3734 [εξοξις]
2000 3699 2055 3726 Cic.
2071 3709 2120 3734 pro
2133 3701 2220 3727 Domo
2232 3705 2264 3734 78
2278 3710 2337 3734 c.30
2364 3693 2395 3730 Id

1356 3740 1454 3766 autem,
1472 3741 1500 3761 vt
1507 3735 1566 3760 effet
1578 3733 1744 3765 faciendum,
1764 3742 1816 3760 non
1829 3735 1970 3769 adeptione
1981 3735 2108 3768 ciuitatis,
2127 3735 2171 3762 sed
2179 3735 2253 3767 teeti,
2274 3742 2299 3762 et
2311 3746 2396 3772 aquae

1356 3876 1445 3902 &ione
1460 3874 1565 3901 sanare?
1603 3884 1648 3899 vno
1662 3878 1779 3909 Imperio,
1797 3886 1826 3902 ne
1835 3885 1912 3911 porro
1925 3878 2015 3903 turbet.
2398 3903 2401 3907 ,

1393 3917 1401 3936 1
1413 3918 1434 3936 N
1444 3917 1465 3936 T
1474 3917 1490 3935 E
1499 3916 1517 3935 R
1527 3916 1544 3935 D
1555 3916 1560 3932 ¹
1570 3915 1587 3936 c
1597 3916 1644 3935 ‘ro
1653 3917 1670 3935 R
1679 3929 1686 3941 ‚
1704 3911 1767 3937 oris.
1787 3921 1823 3938 m.
1864 3912 1982 3940 Tertull.
1995 3913 2106 3941 Praescr.
2118 3911 2217 3940 aduers.
2229 3913 2310 3940 Haer.
2325 3923 2347 3940 c.
2359 3921 2401 3946 33.-

260 3941 333 3968 Iieeat
342 3963 350 3974 ,
374 3945 431 3970 Hoc
452 3945 592 3975 interdicto
604 3949 781 3983 Prospicitur,
803 3957 836 3974 ne
850 3950 909 3984 quis
924 3949 1035 3978 flumine
1046 3947 1154 3984 publico
1166 3948 1293 3983 nauigare
1300 3946 1346 3974 105
1355 3952 1380 3974 n
1391 3944 1492 3973 aduers.
1504 3945 1586 3975 Marc.
1599 3953 1626 3975 2,
1641 3954 1658 3979 9
1671 3952 1735 3974 extr.
1770 3953 1795 3974 et
1806 3946 1839 3974 de
1853 3947 1938 3976 Ieiun.
1952 3955 2017 3982 αις.

2259 3975 2396 4013 mund

1859 3522 1949 3548 cadem
1970 3522 2021 3549 erit
2041 3523 2229 3550 aestimationis
2249 3525 2394 3553 distinffio.
2435 3537 2437 3545 ¹

2035 3594 2109 3620 Ide'm
2129 3594 2145 3620 1.
2160 3595 2177 3620 fl
2193 3595 2260 3621 alius
2275 3597 2307 3622 D.
2321 3597 2396 3631 quod

2054 3630 2140 3656 Paullo
2158 3629 2228 3665 past,
2258 3631 2289 3658 Et
2305 3633 2396 3659 Vtaris
2426 3638 2442 3671 ,ζ

1534 3343 1607 3370 Idem
1626 3345 1657 3370 D.
1678 3345 1750 3379 quod
1769 3346 1797 3372 vi
1810 3351 1854 3372 aut
1867 3345 1932 3371 clam
1947 3344 1964 3370 1.
1981 3344 2086 3379 Semper
2100 3346 2237 3378 aduersus,
2257 3348 2292 3374 ad
2300 3348 2396 3383 finem,
2429 3347 2457 3366 -''

767 3418 873 3451 leian.
889 3418 924 3444 l.1
938 3419 970 3444 D.
980 3418 1058 3444 nevis
1072 3416 1115 3443 fiat
1129 3415 1165 3448 ei,
1178 3416 1290 3450 quiffec.
1303 3414 1339 3437 90
1355 3415 1460 3449 leian.
1475 3415 1492 3441 l.
1506 3424 1518 3447 3
1535 3416 1566 3442 D.
1580 3424 1611 3442 ne
1626 3416 1665 3442 vis
1678 3415 1723 3443 fiat
1738 3416 1773 3449 ei,
1787 3416 1834 3451 qui
1853 3421 1898 3441 etc.
1936 3416 1969 3441 At
1982 3416 2000 3441 fi
2014 3417 2073 3451 quis
2085 3417 2158 3444 volet
2171 3383 2396 3453 Vtipffitfflffign
2439 3407 2441 3409 ,
2466 3393 2468 3396 Ι

1660 3803 1664 3807 .
1874 3770 1947 3805 Cous.
1963 3770 2066 3804 leian.
2081 3771 2098 3796 1.
2111 3779 2127 3796 2
2139 3771 2170 3797 D.
2183 3771 2215 3797 de
2228 3772 2336 3798 Poenis:
2371 3778 2396 3799 ee
2435 3778 2439 3804 ,¹
2451 3770 2455 3771 ⁷

1356 3805 1455 3832 Arnob.
1471 3814 1484 3830 2
1504 3814 1529 3839 p.
1540 3812 1577 3838 49
1611 3804 1792 3837 Qusquamne
1807 3805 1915 3831 illorum
1929 3805 2071 3840 aliqnando
2083 3806 2166 3833 verbo
2177 3815 2230 3832 vno
2242 3808 2329 3840 potuit
2349 3822 2395 3829 —-
2419 3829 2426 3837 ..
2462 3831 2463 3834 ,

1356 3840 1555 3869 seruunculum,
1576 3837 1704 3871 scabiem,
1721 3846 1764 3866 aut
1778 3841 1961 3868 inhaerentem
1974 3842 2102 3876 spinulam
2115 3841 2196 3872 callo,
2222 3851 2273 3868 vna
2286 3843 2396 3870 interdi-
2411 3844 2435 3874 Ἰ
2462 3844 2463 3847 ’
