2479 4225
314 199 368 240 33,
684 175 965 220 ELA

315 274 384 302 elabi
399 271 497 299 Aueim-
509 269 541 297 ad
552 268 650 297 Heren.
664 277 686 301 3,
723 287 729 294 .
765 285 773 292 .
841 261 915 289 Elabi
928 268 959 286 ex
980 257 1134 298 criminibus
1147 256 1202 283 Cic.
1216 256 1291 281 Vei-r.
1304 262 1331 286 2,

317 319 369 343 142.
424 307 495 333 idem
509 307 584 334 Verr.
605 314 627 337 1,
662 326 667 330 .
703 322 709 328 .
743 300 843 327 Idcirco
861 304 933 335 tetex
950 294 1000 320 hoc
1023 301 1133 333 crimine
1154 292 1266 340 elaplum
1282 291 1330 316 ess'e

315 343 491 372 arbitrabare?
529 342 569 368 Sic
584 338 691 373 Quin&
705 345 726 368 3,
739 338 765 367 6,
777 340 812 366 83.
857 331 1006 371 *Cic-'Vcrn
1024 337 1044 361 1,
1056 337 1101 369 roz
1119 330 1181 353 Satis
1195 332 1219 351 te
1233 325 1330 366 elapsu.

315 388 373 406 rum
393 377 466 404 omni
484 376 628 410 suspicione
648 370 820 400 arbitrabare,
846 368 863 391 11
881 364 976 404 quibus
993 372 1127 405 pecuniam
1144 360 1280 400 credebas,
1300 369 1332 387 ns

315 414 453 449 expensum
465 421 519 438 non
533 411 630 438 ferres?
697 407 732 431 Ex
745 400 897 430 confeffionc
914 400 1032 426 inscitiae
1044 400 1101 425 suae
1118 406 1170 446 non
1186 401 1273 435 potuit
1289 405 1330 423 vr.

314 449 406 476 banius
428 447 497 474 elabi
516 444 640 479 Qiinc'til.
655 448 721 472 2,11,
734 447 757 464 2.
816 438 890 475 E'.⁶³
902 444 965 476 3,10
1002 436 1109 475 quenes
1131 433 1267 459 Tarentini
1285 446 1332 452 —

314 494 374 510 cuin
392 491 477 518 neque
495 480 582 516 negari
599 486 640 504 res
656 482 740 508 neque
758 470 863 497 defendi
882 472 978 505 ponet,
995 471 1048 497 risu
1062 471 1118 496 sunt
1137 475 1162 494 et
1176 473 1330 515 ‘opportuno

313 521 374 546 ioco
387 517 471 553 elapsi,
539 515 593 541 Cic.
605 519 652 545 pro
664 509 782 546 Fiam-¹15
809 507 839 541 ΟΙ
846 515 948 533 morem
961 506 1120 540 praeclarum
1129 523 1137 535 ‚
1156 502 1330 535 disciplinam-

604 546 659 571 'bus
671 550 830 576 accepimus,
847 541 974 576 liquidem
989 547 1145 566 teneremus:
1172 537 1214 563 scd
1233 538 1330 568 nescio,

314 556 626 625 giig’pssdiiduddglaarii’liiis
639 578 758 605 elabitur.
827 577 900 603 Idem
912 577 993 604 Tusc.
1009 585 1029 608 1,
1042 583 1068 608 25
1105 573 1153 600 Sed
1166 573 1263 604 nescio,
1276 581 1330 607 quo

315 626 395 652 modo
427 622 486 648 dum
502 620 573 652 lego,
595 614 725 642 assentior:
744 621 826 647 quum
844 612 920 647 posui
938 611 1052 643 librum,
1075 615 1100 636 ct
1113 618 1215 649 mecum
1233 609 1287 649 ipse
1298 607 1330 633 de

315 644 507 688 numos-calnam
518 652 664 679 animorum
678 647 752 681 coepi
765 647 889 682 cogitare,
900 646 1004 674 affenfio
1017 646 1062 672 illa
1073 653 1158 672 omnis
1173 643 1295 670 clabitur.

354 701 370 721 E
381 701 424 720 LA
434 698 447 717 1¹
457 696 494 717 sv
504 696 533 719 s,
553 696 581 718 a,
600 694 653 711 11111.
685 683 777 709 Partic.
812 682 1000 716 [ἓξωλιιθηκώς]
1035 683 1135 708 Praetor
1155 679 1231 719 taliata
1251 678 1329 711 modo,

316 730 362 757 Cic
386 728 415 753 de
429 726 462 752 Ν,
475 725 505 750 D,
520 731 542 753 2,
554 726 595 751 128
629 718 707 751 Qiod
727 726 810 752 quum
828 726 859 744 ex
877 724 955 744 vtero
974 718 1089 751 elapsum
1102 715 1207 742 excidit.
1278 715 1330 739 An-

341 749 371 790 iis}
388 760 481 794 elapsus
502 766 532 784 cx
554 756 673 782 columna
693 753 779 787 lignea
797 752 858 779 Liu.
874 761 894 785 1,
908 754 953 785 46.
1024 752 1097 778 Idem
1120 750 1178 778 Liu.
1194 752 1233 782 26,
1247 759 1273 783 19
1301 752 1329 775 in

326 788 393 825 'abula
406 795 433 820 cle
448 795 570 828 Scipione,
588 789 684 824 Anguis
703 788 825 815 immanis
843 787 984 814 concubitu
997 793 1149 821 conceptum
1158 805 1166 817 ,
1182 792 1207 812 ct
1220 787 1248 812 in
1259 784 1330 811 cubi-

312 833 368 859 culo
380 830 468 856 matris
480 829 533 854 eius
552 826 670 860 persaepe
684 824 764 850 visam
778 822 893 858 prodigii
907 823 964 849 eius
982 823 1107 857 speciem,
1126 822 1329 854 interuentuque

308 866 444 896 hominum
457 862 587 890 euolutam
600 865 714 895 repente,
728 866 803 893 atque
818 866 849 884 ex
863 858 947 884 oculis
958 858 1076 891 elapsam.
1132 857 1188 884 Cic.
1201 857 1229 883 in
1241 857 1328 883 Somn.

308 903 372 935 Scip.
388 909 418 926 22
444 900 512 925 Nam
526 905 618 923 eorum
634 895 726 927 animi,
740 895 785 930 qui
800 894 825 920 se
837 893 956 928 corporis
970 892 1150 928 voluptatibus
1164 891 1328 923 dediderunt,

307 944 350 962 etc.
372 934 525 969 corporibus
546 931 622 966 elapsi
642 931 741 957 circum
759 936 853 956 terram
872 929 953 963 ipsam
967 928 1129 955 volutantur.
1198 927 1328 961 Qiinc'til.

304 981 327 1004 3,
341 979 360 1003 1,
375 979 407 997 20
428 971 464 996 M.
471 968 582 995 Tullius
600 982 646 988 ·-—
663 965 808 992 rhetoricos
821 966 879 991 suos
892 965 968 991 libros
979 963 1034 998 ipse
1047 963 1203 990 adolescenti
1216 962 1262 989 tibi
1278 962 1328 988 ela-

304 1008 361 1041 psos
368 1005 443 1037 dicit,
456 1008 474 1032 i.
485 1005 596 1031 celeriter
604 1004 677 1028 nimis
685 1007 707 1027 et
713 1007 798 1027 temere
808 999 894 1025 editos.
919 998 966 1026 Sed
972 1001 1074 1034 proprie
1093 999 1159 1025 Plin.
1168 998 1244 1032 Epist.
1252 1006 1277 1029 2,
1287 1005 1327 1030 1,ς

304 1041 402 1074 Liber,
421 1048 500 1075 quem
513 1039 582 1065 forte
596 1042 741 1070 acceperat,
760 1035 926 1070 grandiorem
935 1054 942 1066 ,
964 1040 989 1061 et
1002 1034 1056 1061 seni
1068 1040 1094 1061 et
1107 1034 1182 1060 stanti
1194 1034 1249 1068 ipso
1263 1042 1326 1068 pon-

305 1077 366 1104 dere
381 1076 480 1110 elapsus
494 1074 537 1101 est.
593 1074 670 1098 Hunc
683 1071 745 1098 dum
757 1071 924 1105 consequitur
943 1070 1114 1105 colligitque,
1135 1075 1179 1095 etc.
1249 1068 1327 1104 Fugit

303 1113 388 1147 elapsa
400 1111 490 1145 sagitta
518 1110 588 1142 Virg.
602 1108 667 1133 Aen.
679 1115 706 1140 9,
719 1109 774 1138 632.
840 1108 900 1140 Spes
912 1106 997 1139 elapsa
1022 1105 1104 1133 Plaut.
1119 1106 1191 1139 capt.
1205 1113 1225 1137 3,
1240 1111 1262 1137 ς,
1278 1113 1327 1131 101.

301 1147 390 1174 Verba
404 1146 484 1180 elapsa
499 1142 687 1178 reprehendere
718 1141 797 1169 Ouid.
810 1141 887 1175 Epist.
901 1150 934 1174 11,
946 1148 982 1175 53.
1050 1141 1154 1168 Lucret.
1165 1148 1189 1173 3,
1201 1148 1244 1173 97¹
1275 1140 1325 1167 Im-

303 1182 418 1217 perfeRa
430 1181 479 1208 tibi
492 1180 573 1213 elapsa
585 1177 636 1209 est,
656 1178 808 1212 ingrataque
821 1177 888 1203 Vita.

339 1221 516 1247 ELAPSIO,
536 1215 589 1240 [ct.
603 1215 629 1238 in
643 1212 702 1246 Dig.
738 1232 745 1239 .
782 1232 788 1239 .

339 1257 436 1278 ΗΑΒ
449 1250 457 1276 i
470 1256 540 1281 L1s,
558 1247 624 1283 apud
638 1247 726 1274 Sidon.
763 1267 769 1273 .
806 1267 812 1274 .
849 1268 854 1273 .

337 1293 354 1313 Ε
366 1294 381 1313 L
391 1294 411 1313 A
420 1293 434 1312 Β
444 1288 462 1311 ὁ
471 1292 487 1311 R
498 1292 516 1310 0
524 1304 532 1316 ,
549 1287 600 1309 are.
638 1282 651 1315 [
658 1283 769 1317 ε’κηονέω,
785 1281 988 1318 περιιργοίζομαι]
1029 1281 1105 1308 Valde
1118 1280 1244 1313 laborare,
1255 1279 1322 1316 ficm-

299 1331 336 1348 mo
349 1322 427 1348 labore
441 1327 463 1346 et
476 1320 605 1354 diligentia
618 1321 681 1343 eniti
716 1321 808 1345 conari.
854 1318 910 1344 Cic.
930 1337 936 1343 .
958 1338 963 1343 .
982 1337 989 1343 .
1013 1316 1092 1345 Nihil
1107 1316 1173 1343 mihi
1185 1317 1221 1342 ita
1233 1315 1321 1342 elabo-

298 1359 406 1383 randum
421 1355 468 1385 cst,
489 1363 565 1388 quain
578 1359 606 1379 vt
619 1338 725 1379 consilia
738 1361 817 1379 nemo
828 1353 965 1387 intelligat.
1034 1352 1106 1378 Idem
1118 1351 1150 1378 de
1163 1352 1232 1378 Clar.
1248 1353 1322 1380 Orat.

297 1400 338 1418 212
352 1401 372 1417 c.
385 1400 418 1424 90
443 1390 568 1423 Deinceps
583 1388 644 1414 inde
663 1388 767 1418 multae,
780 1397 843 1422 quas
859 1397 914 1415 non
927 1388 1012 1414 minus
1027 1387 1165 1422 diligenter
1178 1386 1322 1413 elaboratas

296 1427 383 1458 etiam,
396 1434 471 1459 quam
484 1423 646 1450 elucubratas
655 1423 833 1449 afferebamus.
884 1425 915 1450 Et
928 1424 1032 1456 Fam.9‚
1041 1426 1067 1449 16
1085 1423 1134 1449 Sed
1147 1429 1234 1449 tamen
1246 1421 1322 1456 quid-

315 1462 358 1487 uid
372 1460 502 1487 elaborari
516 1465 559 1484 aut
577 1458 644 1484 effici
656 1458 772 1492 potuerit
785 1458 816 1484 ad
830 1458 940 1484 istorum
954 1458 1165 1485 beneuolentiam
1181 1458 1321 1485 concilian-

295 1471 356 1523 dum
373 1503 397 1522 ct
411 1494 601 1529 colligendum,
618 1494 720 1519 summo
732 1492 818 1518 studio
831 1501 874 1518 me
885 1494 1073 1552 conseq—putum
1086 1494 1149 1525 effe,
1164 1500 1210 1519 etc.
1265 1493 1322 1520 Cic.

295 1533 346 1558 Att.
360 1534 397 1564 16,
413 1536 437 1560 18
469 1529 543 1564 Apud
559 1528 692 1555 hominem
705 1526 862 1553 facillimum
880 1532 906 1552 at
927 1536 959 1553 ue
991 1527 1182 1554 umanissimum
1200 1528 1322 1555 Plancum

294 1576 407 1598 enitere,
427 1566 540 1597 elabora,
556 1564 598 1591 vel
613 1563 699 1597 potius
711 1561 862 1595 eblandire,
878 1536 961 1595 effice,
981 1568 1010 1588 vt
1021 1561 1135 1594 Plancus,
1151 1571 1231 1595 quem
1245 1564 1322 1596 spero

295 1603 424 1636 optimum
437 1602 499 1633 esse,
522 1600 550 1626 fit
570 1599 648 1625 etiam
667 1598 762 1624 melior
776 1606 855 1631 opera
869 1602 922 1623 tua.
1007 1596 1081 1623 Idem
1093 1596 1125 1622 de
1141 1597 1198 1623 Fin.
1214 1605 1231 1627 1,
1268 1616 1275 1623 .

264 1649 265 1652 ¹
295 1638 344 1664 Sed
358 1646 440 1672 neque
453 1642 504 1662 tam
517 1635 588 1661 docii
601 1640 660 1660 tunc
668 1639 756 1665 erant,
772 1633 804 1659 ad
819 1642 934 1667 quorum
946 1631 1076 1658 iudicium
1090 1631 1246 1658 elaboraret.

297 1672 327 1698 de
340 1674 411 1699 Petit.
422 1672 496 1698 Cons.
510 1680 542 1697 ω
565 1671 670 1696 Tamen
683 1677 713 1695 ex
726 1675 844 1702 tempore
857 1668 993 1694 elaborare
1001 1668 1057 1699 eius
1070 1669 1153 1698 causa,
1166 1667 1209 1693 cui
1223 1666 1319 1695 debent

296 1714 322 1735 et
334 1709 438 1737 volunt,
458 1706 533 1733 facile
551 1705 657 1740 possunt.
717 1705 755 1730 De
768 1703 908 1735 industria,
927 1712 981 1729 non
994 1712 1025 1729 ex
1040 1702 1156 1735 infidiis,
1175 1703 1218 1729 scd
1230 1708 1319 1738 aperte

294 1752 322 1770 ac
337 1744 418 1777 palam
430 1742 563 1768 elaborare
581 1740 635 1766 Cic.
650 1739 677 1765 in
690 1740 762 1765 Orat.
776 1744 813 1770 38.
866 1738 968 1773 Cupide
983 1738 1118 1765 elaborare
1137 1739 1205 1772 Nep.
1219 1747 1242 1770 3,
1258 1747 1277 1770 1,
1292 1747 1320 1771 4.

294 1779 348 1805 Cic.
361 1777 411 1804 Off.
427 1786 447 1810 1,
465 1797 471 1804 .
491 1797 497 1803 .
519 1796 524 1802 .
544 1775 582 1802 Ad
597 1784 659 1810 quas
673 1775 753 1808 igitur
765 1783 805 1801 res
818 1774 937 1808 aptiffimi
948 1775 1055 1805 erimus,
1068 1774 1096 1799 in
1109 1773 1149 1800 his
1162 1774 1321 1807 potissimum

292 1813 494 1839 elaborabimus.

291 1857 339 1884 pro
353 1850 429 1874 Marc.
444 1857 464 1874 c.
476 1856 500 1880 9.
555 1847 585 1872 Et
597 1845 772 1872 Dium.Verr.
787 1853 841 1877 1‚30
862 1845 887 1871 Si
901 1845 1007 1879 optimis
1021 1854 1036 1871 a
1048 1844 1163 1879 pueritia
1173 1843 1320 1878 disciplinis

292 1891 369 1918 atque
385 1883 482 1909 artibus
501 1881 648 1913 studuisses,
674 1886 699 1908 et
720 1880 748 1907 in
766 1881 808 1906 his
823 1880 989 1907 elaborasses:
1007 1880 1040 1910 fi,
1061 1887 1106 1906 etc.
1176 1879 1319 1906 Elaborare

293 1919 321 1946 in
335 1918 433 1952 aliquid
452 1917 578 1951 Qinetil.
593 1925 618 1948 2,
635 1921 657 1945 8.
714 1916 745 1942 In
756 1915 841 1942 literis
868 1916 924 1942 Cic.
939 1916 968 1942 dc
982 1915 1082 1942 Sene&
1096 1916 1130 1942 26
1144 1923 1165 1940 c.
1181 1920 1202 1945 8.
1244 1915 1318 1941 idem

294 1953 326 1980 de
337 1953 434 1979 Sencei.
448 1958 473 1984 38
486 1962 505 1978 c.
515 1961 536 1978 11
557 1953 613 1979 Hae
626 1952 683 1977 sunt
694 1951 893 1978 exercitationes
906 1951 1017 1986 ingenii,
1029 1950 1091 1977 haec
1106 1949 1236 1976 curricula
1249 1958 1320 1976 men-

295 1989 344 2020 tis,
362 1989 388 2014 in
407 1987 446 2013 his
467 1987 588 2014 desudans
607 1993 684 2020 atque
705 1985 853 2018 elaborans,
872 1987 990 2021 corporis
1009 1986 1080 2013 vires
1094 1995 1147 2012 non
1161 1994 1319 2020 magnopere

295 2023 419 2050 desidero.
487 2022 661 2049 Contentione
681 2025 705 2046 et
724 2020 893 2048 dimicatione
911 2022 939 2048 in
953 2022 1042 2056 aliqua
1062 2031 1091 2048 re
1118 2021 1155 2047 Id.
1171 2022 1242 2047 Fam.
1257 2030 1283 2053 Ζ,
1298 2028 1319 2054 ς.

294 2061 324 2085 In
336 2068 363 2085 re
377 2059 464 2092 aliqua
478 2057 611 2091 separatim
632 2054 725 2081 Cic-de
733 2056 805 2081 Orat.
815 2064 835 2087 1,
845 2064 881 2087 ¹9·
916 2057 1031 2082 Multum
1039 2056 1174 2083 elaborare
1194 2056 1320 2088 Scrib.38‚

296 2094 433 2120 Elaborare
447 2092 556 2127 aliquid,
567 2099 616 2127 pro
628 2089 745 2124 Artificio
757 2091 861 2116 excolere
878 2090 943 2116 Plin.
957 2099 996 2123 34,
1011 2100 1032 2123 3.
1074 2092 1115 2117 Sic
1128 2090 1266 2117 Elaborata
1280 2099 1320 2116 ars

266 2156 267 2159 ,
295 2129 361 2164 apud
372 2128 467 2154 eundem
482 2136 518 2159 ες,
531 2136 566 2153 12.
622 2124 760 2151 Elaborarc
774 2125 890 2159 saporem
904 2125 1021 2151 dicuntur
1033 2126 1124 2159 epulae
1150 2126 1217 2151 Hor.
1233 2126 1320 2151 Carm.

296 2172 318 2197 3,
332 2172 369 2197 ¹9·
423 2163 476 2188 Cic.
492 2171 539 2196 pro
552 2161 668 2193 Cae1.43
695 2160 789 2186 Oratio
807 2166 833 2186 et
851 2160 927 2186 bonis
945 2160 1045 2186 artibus
1065 2160 1198 2191 instituta,
1219 2166 1245 2186 et
1258 2169 1320 2186 cura

296 2205 321 2225 et
334 2198 433 2232 vigiliis
447 2197 585 2223 elaborata.
654 2195 725 2221 Idem
739 2195 766 2221 in
779 2196 850 2222 Orat.
865 2198 896 2227 36
912 2204 934 2221 c.
952 2203 974 2221 11
997 2195 1095 2222 Omnes
1108 2194 1177 2229 apud
1196 2195 1264 2221 hunc
1278 2204 1320 2221 or-

295 2235 350 2260 nati
364 2233 541 2267 elaboratique
556 2233 612 2258 sunt
622 2230 720 2257 versus.
789 2230 924 2257 Elaborari
936 2230 1029 2257 dicitur
1038 2237 1137 2265 partus,
1151 2233 1193 2265 qui
1206 2230 1319 2265 aedifica·

293 2276 337 2296 tur
359 2269 421 2295 Plin.
435 2268 510 2302 Epist.
526 2270 551 2299 6,
565 2275 599 2298 31,
614 2272 647 2298 ις.
717 2265 771 2292 Cic.
785 2265 816 2291 de
828 2267 902 2292 Orat.
914 2275 938 2298 2,
954 2273 998 2298 293
1027 2266 1092 2293 Non
1108 2271 1161 2292 tam
1182 2272 1210 2292 vt
1223 2265 1320 2300 prosim

296 2304 383 2336 causis,
404 2303 537 2329 elaborare
551 2302 637 2333 soleo,
656 2309 733 2335 quam
745 2306 773 2327 vt
787 2309 818 2326 nc
831 2301 894 2335 quid
908 2300 999 2327 obsim.

331 2346 346 2365 F.
357 2347 372 2365 L
381 2346 401 2365 A
411 2345 426 2365 Β
435 2345 453 2364 0
462 2345 479 2364 R
489 2339 510 2364 Ᾱ
519 2345 539 2364 Τ
548 2344 567 2362 v
575 2343 588 2362 s
596 2356 603 2367 ,
629 2345 652 2370 a,
675 2345 728 2362 um.
763 2336 854 2363 Partic.
889 2335 1090 2370 [ἕπεξιργαθεῐς]
1126 2336 1182 2362 Cic.
1202 2334 1233 2362 de
1248 2336 1318 2363 Clar.

293 2375 367 2400 Orat.
379 2376 412 2400 26
430 2374 499 2399 Haec
513 2372 547 2399 est
560 2381 574 2399 a
586 2370 690 2398 Graecis
704 2370 836 2397 elaborata
849 2370 952 2396 dicendi
965 2371 1004 2396 vis
1017 2376 1094 2404 atque
1106 2367 1190 2404 cdpia.
1246 2372 1319 2398 Idem

292 2418 340 2443 pro
355 2409 383 2434 L.
397 2408 488 2434 Manil.
497 2414 540 2442 pr.
569 2408 764 2440 statueremque
777 2405 845 2432 nihil
860 2406 910 2431 huc
926 2405 972 2431 nisi
985 2405 1131 2439 perfee'tum
1146 2407 1254 2439 ingenio
1269 2408 1320 2433 ela-

293 2445 412 2470 boratum
425 2443 550 2468 industria
563 2441 651 2467 afferri
665 2448 796 2476 oportere.
851 2442 917 2467 Hor.
932 2440 1012 2475 Epod.
1028 2449 1068 2474 14,
1084 2449 1109 2466 12
1134 2442 1189 2474 Qi
1201 2442 1321 2476 persaepe

293 2488 354 2505 caua
369 2477 494 2504 testudine
506 2476 579 2503 fleuit
591 2484 708 2503 amorem
749 2476 813 2502 Non
829 2475 993 2502 elaboratum
1006 2475 1037 2502 ad
1052 2476 1153 2510 pedem.
1210 2478 1257 2503 Ars
1270 2478 1322 2503 ela-

291 2514 384 2540 borata
407 2513 471 2539 Ptin.
484 2520 522 2544 23,
537 2520 570 2538 12.
640 2511 696 2537 Cic.
711 2510 738 2536 in
752 2511 825 2536 Orat.
838 2515 872 2544 84
892 2511 935 2536 Ne
948 2510 1081 2536 elaborata
1095 2511 1265 2538 Concinnitas
1274 2532 1282 2544 ,
1295 2517 1320 2539 et

293 2548 423 2584 quoddam
448 2548 587 2581 aucupium
606 2545 784 2573 deleetationis
810 2545 948 2571 manifesto
974 2544 1160 2578 deprehensum
1189 2553 1319 2581 appareat.

294 2584 366 2610 Idem
379 2582 488 2616 Philipp.
502 2589 528 2615 7,
541 2589 558 2616 7
584 2582 669 2607 Omne
679 2581 750 2607 enim
763 2579 921 2606 curriculum
936 2579 1078 2606 industriae
1091 2581 1194 2606 nostrae
1206 2582 1234 2607 in
1247 2582 1319 2614 foro,

294 2619 323 2646 in
337 2618 421 2647 curia,
442 2618 467 2642 in
481 2617 625 2642 amicorum
638 2616 761 2649 periculis
778 2615 956 2650 propulsandis
974 2615 1137 2641 elaboratum
1152 2616 1196 2642 est.
1267 2618 1318 2642 Im-

295 2655 369 2689 perio
381 2653 515 2678 elaborato
528 2660 542 2676 a
555 2651 703 2685 parentibus
715 2656 848 2676 contentus
861 2651 961 2682 Ninyas
990 2650 1079 2677 lustin.
1101 2659 1118 2683 1,
1133 2660 1158 2678 2.
1212 2652 1320 2688 Aiagnis

294 2689 417 2716 laboribus
430 2686 530 2722 quaesito
543 2693 565 2711 et
573 2692 656 2720 parm.
725 2685 819 2710 Munus
839 2685 892 2710 Cic.
908 2687 959 2711 Att.
974 2693 1008 2717 13,
1029 2705 1034 2710 .
1053 2706 1059 2711 .
1082 2706 1088 2712 .

331 2730 347 2749 13
358 2729 372 2748 1.
381 2730 402 2749 Α
412 2728 427 2748 13
436 2730 454 2749 0
466 2729 483 2747 R
494 2729 513 2747 A
523 2727 543 2747 'r
552 2728 561 2746 1
570 2729 604 2752 o,
630 2719 695 2745 onis.
721 2719 740 2745 f.
777 2719 789 2752 [
801 2718 915 2747 ἓκπόνησις
928 2720 941 2751 ]
977 2720 1076 2747 Λιιὸἲοι·
1089 2721 1120 2746 ad
1134 2722 1231 2749 Heren.
1249 2732 1278 2756 4,
1291 2731 1318 2754 32

295 2767 317 2786 e.
331 2766 360 2784 22
380 2756 489 2791 Aliquid
502 2755 553 2781 sine
564 2754 742 2781 elaboratione
754 2759 778 2779 et
791 2762 885 2786 operae
897 2754 1076 2780 consumtione
1088 2756 1217 2781 inuenire.

334 2799 366 2818 i-:i
385 2798 430 2818 AB
441 2797 459 2816 0
470 2798 489 2817 R
499 2792 520 2816 A
531 2796 552 2815 ‘r
565 2796 585 2814 v
598 2797 627 2822 s,
660 2788 696 2815 hs.
724 2797 758 2814 m.
796 2788 860 2814 Mam
873 2788 938 2820 apud
951 2788 1025 2821 Apul.
1041 2789 1110 2815 Flor.
1128 2799 1150 2821 2,
1166 2795 1179 2819 8
1199 2800 1223 2824 p.
1235 2793 1293 2823 346,
1305 2796 1319 2821 8

297 2828 325 2854 dc
340 2828 432 2862 Hippia
442 2846 449 2857 ‚
464 2826 527 2852 Non
538 2824 623 2851 minus
637 2824 707 2850 cultu
719 2823 850 2853 visendus,
871 2832 948 2857 quam
962 2823 1096 2849 elaboratu
1108 2825 1250 2850 mirandus.

335 2869 351 2888 1³.
361 2869 375 2887 ι
386 2862 408 2887 A*
416 2868 432 2887 t:
442 2863 461 2887 ,fx
471 2867 490 2885 T
500 2868 518 2886 A
530 2880 537 2892 ‚
557 2869 595 2886 ac.
617 2859 634 2887 f.
655 2861 701 2890 uel,
717 2865 745 2885 vt
757 2859 820 2893 apud
829 2859 930 2885 Festum
942 2859 1042 2894 legitur,
1061 2865 1077 2885 12
1087 2865 1102 2883 L
1112 2865 1134 2884 A
1143 2866 1160 2884 C
1169 2866 1190 2884 A
1199 2866 1220 2885 Τ
1228 2866 1244 2884 E
1252 2866 1274 2885 N
1284 2866 1321 2892 A,

298 2898 385 2924 Genus
398 2896 557 2926 salsamenti,
576 2894 645 2929 quod
658 2893 800 2927 appellatur
813 2894 893 2927 vulgo
908 2893 1063 2920 Malandrea.
1100 2893 1230 2919 Columel.
1245 2899 1270 2926 8,
1284 2902 1323 2928 17,

299 2942 323 2959 12
342 2933 415 2958 Tum
435 2930 547 2957 scombri
567 2929 749 2963 carcharique,
769 2934 794 2954 et
812 2929 922 2955 elaeatae
941 2929 1103 2954 ventriculo:
1123 2934 1148 2954 et
1165 2937 1196 2954 ne
1217 2938 1262 2962 per
1274 2929 1322 2955 lin-

299 2968 358 3002 gula
377 2975 526 2992 cnumercm
547 2965 754 2991 salsamentorum
774 2964 893 2989 omnium
912 2970 1096 2998 purgamenta,
1117 2970 1160 2990 etc.
1201 2964 1321 3000 Aforma

298 3010 423 3038 corporis,
439 3000 631 3035 η’λκκαῖτη-[ιι-[ω
647 2999 694 3032 lys,
711 2997 947 3033 instrumentum-fila
960 2999 1104 3025 ducentium.

339 3044 354 3063 1·;
367 3045 381 3062 1,
391 3045 410 3063 Α
421 3042 438 3062 c
450 3044 470 3062 ‘r
481 3042 495 3061 it
506 3044 518 3061 s
527 3041 543 3061 c
556 3042 574 3061 0
584 3055 592 3068 ,
627 3038 678 3061 ere.
715 3035 727 3068 [
739 3035 918 3065 ἔκλινκαίνυμαι
932 3035 944 3067 ]
978 3035 1002 3060 h.
1018 3044 1036 3060 c.
1058 3036 1087 3061 In
1101 3034 1232 3060 albedinem
1245 3033 1321 3061 IaHis

296 3075 422 3103 conuerti,
441 3078 463 3096 et
475 3070 575 3096 Iafhum
588 3071 688 3096 colorem
697 3076 758 3104 prae
767 3068 884 3104 sefrrre.
924 3069 989 3095 Plin.
1005 3078 1047 3100 20,
1063 3078 1086 3095 21
1104 3070 1213 3102 Mirum,
1226 3079 1320 3104 aquam

297 3108 384 3135 radice
399 3115 428 3132 ca
447 3106 531 3131 addita
549 3105 681 3132 addensari
694 3104 740 3131 sub
755 3105 817 3136 dio,
836 3109 913 3138 atque
931 3103 1090 3131 clae'tescere.
1127 3106 1162 3131 Ex
1177 3114 1232 3131 vetii
1256 3115 1268 3132 o
1281 3115 1320 3132 co-

295 3143 348 3169 dice
362 3143 451 3177 legitur
465 3141 619 3167 rach-scere.

334 3184 344 3203 1
354 3183 456 3203 maore
467 3197 474 3208 ,
491 3178 571 3201 ε’),αω
582 3177 655 3201 oleum
663 3177 762 3201 Graccis
775 3172 823 3207 est:
836 3174 897 3200 vnde
910 3172 957 3205 ista
969 3173 1001 3199 ad
1012 3175 1114 3200 Latinos
1126 3173 1243 3201 tradicfta
1250 3175 1321 3211 sunt.

333 3219 349 3238 E
360 3219 375 3237 1.
386 3217 487 3238 Aliiaiu
499 3216 566 3236 roR
577 3217 584 3235 1
595 3218 632 3242 A,
651 3219 690 3237 ae.
709 3210 727 3236 f.
747 3209 1003 3236 Olcicoiimeiidicura.
1018 3209 1191 3245 l.vlt.§.19ff.
1207 3211 1238 3237 dc
1252 3221 1323 3238 mun.

299 3254 323 3274 et
338 3247 399 3273 hon.

334 3289 349 3308 r
364 3290 378 3307 1,
394 3289 413 3308 Α
428 3289 442 3308 1.
457 3281 476 3308 ὅ
491 3287 508 3306 Ι)
523 3287 539 3306 E
555 3286 584 3312 s,
604 3280 632 3305 is.
652 3289 676 3306 11.

299 3327 327 3351 5³
355 3320 385 3343 26
396 3337 402 3349 ³
428 3325 469 3342 2⁰·

333 3359 347 3378 1‘
360 3359 401 3377 1Λ
414 3359 424 3376 1-
437 3349 515 3376 (1(;Ᾰ
525 3359 542 3377 R
553 3357 571 3375 v
582 3356 605 3376 Μ
615 3371 622 3381 ,
644 3350 660 3375 1.
682 3359 706 3374 11.
743 3351 816 3384 Apic.
832 3358 857 3384 7,
872 3359 892 3382 3.
913 3351 1004 3375 Garum
1018 3350 1066 3375 oleo
1080 3347 1182 3381 milium.

334 3395 348 3413 1,
360 3394 373 3412 i.
385 3394 404 3413 A
417 3394 428 3411 ι’
439 3396 456 3409 (ι
468 3393 489 3411 ni
500 3392 571 3412 ALA
582 3391 599 3411 c
611 3392 629 3411 11
640 3392 671 3416 13,
692 3393 727 3411 es,
745 3385 763 3410 f.
801 3386 890 3411 Herba.
927 3385 1004 3418 Apul.
1018 3384 1049 3410 de
1064 3385 1145 3410 Hei-b.
1162 3394 1183 3411 c.
1197 3394 1241 3417 40.

333 3429 454 3448 1:1,11120
465 3429 486 3447 51
496 3420 539 3447 0'1.
549 3420 626 3448 (feu
636 3427 652 3446 15
662 3440 670 3452 ,
690 3430 724 3446 cs.
744 3420 764 3446 f.
805 3420 887 3446 Herba
903 3419 1054 3456 lhsstusfiue
1066 3422 1162 3446 Malim.
1200 3420 1276 3454 Apul.
1290 3419 1321 3446 de

298 3458 378 3483 Hcrb.
399 3466 419 3483 c.
441 3461 475 3487 38.

333 3499 347 3517 1:
359 3499 373 3517 1.
383 3498 483 3518 AEOM
495 3498 509 3517 r,
521 3497 534 3516 1v
545 3497 555 3517 1
566 3511 573 3523 ,
593 3493 650 3516 fros.
668 3500 693 3516 n.
730 3489 794 3515 Plin.
810 3498 848 3522 23,
864 3498 880 3520 4
901 3489 1058 3521 Elammeli,
1078 3490 1149 3524 quod
1165 3490 1192 3516 iu
1205 3491 1276 3522 Syria
1291 3498 1325 3517 eit

297 3526 356 3561 ipiis
370 3527 435 3553 olcis
452 3534 556 3552 manare
570 3526 698 3558 diximus,
719 3526 810 3559 sapore
824 3524 936 3557 melleo,
956 3534 1010 3551 non
1031 3525 1082 3552 sinc
1100 3526 1210 3558 nausea,
1232 3526 1322 3552 aluum

297 3562 407 3588 emollit.

331 3604 364 3624 El
382 3604 426 3622 Ar.
437 3601 456 3621 ο
468 3603 505 3627 rc,
526 3596 591 3621 anis.
615 3604 648 3620 111.
684 3595 805 3629 [ἐλαιῶν]
842 3595 972 3622 Oliuetnm.
994 3596 1111 3621 Tei-tull.
1126 3596 1185 3622 adu.
1198 3596 1279 3623 Marc.
1293 3606 1322 3630 4,

298 3641 325 3665 39
346 3631 384 3657 Ad
398 3630 500 3657 noclcm
515 3631 541 3656 in
555 3630 692 3657 Elaeoncm
705 3630 845 3656 secedebat.

335 3673 350 3693 Ε
366 3674 379 3691 1,
393 3673 411 3692 Λ
422 3674 437 3692 1
448 3672 467 3692 0
478 3673 513 3692 Nl
532 3674 542 3690 x·
553 3685 560 3697 ‚
583 3666 611 3691 iS.
630 3674 664 3690 m.
701 3665 846 3699 [ἐλαιώνης]
880 3665 985 3692 carator
998 3666 1046 3692 olco
1059 3666 1191 3692 coemendo.
1230 3666 1321 3693 Arcad.

294 3702 310 3728 1.
325 3703 371 3729 vlt.
389 3703 419 3727 D.
433 3701 464 3727 de
479 3700 609 3727 inum-rib.
624 3707 647 3725 ct
663 3699 755 3727 honor.
790 3702 859 3726 Cura
873 3709 979 3736 quoque
992 3701 1096 3727 emendi
1109 3701 1245 3732 frumenti,
1259 3702 1320 3728 olei.

294 3737 364 3763 Nam
380 3737 470 3763 harum
486 3736 629 3770 specierum
650 3742 793 3767 curatoreS,
815 3744 878 3770 quon
901 3734 997 3762 σιτῶνατ
1016 3742 1041 3763 et
1054 3737 1165 3762 ἐλαιώινας
1183 3737 1320 3771 appellant,

294 3773 374 3799 creari
389 3772 471 3798 moris
484 3771 528 3797 est.

328 3813 371 3834 1-11.
381 3815 401 3833 A
411 3814 426 3833 F
435 3815 454 3834 o
465 3813 485 3833 'r
497 3814 516 3834 11
526 3813 540 3832 Ε
549 3813 561 3831 s
571 3813 579 3831 1
590 3812 609 3831 v
618 3811 642 3831 M
651 3824 658 3835 ‚
679 3804 697 3830 i.
719 3812 744 3830 n.
762 3806 849 3830 latine
862 3805 1017 3838 aniorium,
1035 3813 1059 3832 et
1068 3806 1178 3841 firmitur
1188 3813 1235 3841 pro
1249 3808 1322 3840 Loco,

290 3843 331 3869 uh1
345 3841 460 3870 unciam-s
472 3849 574 3877 corpora
587 3849 676 3876 urgere
682 3839 793 3874 finiebant
800 3837 855 3875 post
868 3841 1011 3867 [arationem
1027 3842 1132 3868 Vitruu.
1148 3849 1170 3873 ς,
1186 3849 1215 3868 11,

326 3885 342 3903 E
352 3884 366 3903 1v
377 3885 398 3904 Α
406 3884 429 3902 Μ
440 3883 456 3903 L·
465 3883 484 3903 N
495 3884 515 3903 T
525 3883 544 3903 A
556 3882 587 3903 Β]
598 3882 613 3902 Ι,
623 3884 631 3901 1
640 3882 652 3901 S
661 3894 667 3904 5
688 3884 710 3900 (¹-
730 3874 789 3900 Adi
825 3875 869 3902 Sin
886 3875 936 3902 erit
947 3876 992 3904 ille
1005 3877 1116 3912 gemitus
1129 3877 1320 3905 elamentabilis

288 3913 433 3940 Cicffusc.
446 3921 465 3944 4
477 3921 498 3938 c.
512 3920 555 3944 24.
573 3912 606 3937 al.
621 3908 805 3937 lamentabilis.

714 3280 873 3315 Oleaginum,
892 3279 1059 3315 viiguinofiim.
1082 3279 1148 3306 Cels.
1164 3288 1186 3313 5,
1203 3289 1247 3314 24,
1259 3290 1283 3308 2.
1299 3289 1323 3309 et

1287 1633 1320 1659 Et
1329 1640 1367 1666 40
1388 1632 1527 1667 compositio
1540 1633 1639 1668 aliquid
1649 1632 1722 1659 addit
1731 1633 1901 1660 vehementiae.
1939 1632 1999 1659 Liu.
2007 1642 2029 1666 3,
2038 1642 2047 1659 1
2068 1635 2216 1661 Poffeffores
2229 1640 2255 1660 ct
2266 1643 2359 1669 magna
2412 1643 2424 1661 s

563 1812 594 1837 ln
613 1812 661 1836 hoc
675 1809 861 1836 elaborandum
874 1809 924 1842 est,
943 1815 972 1835 vt
984 1818 1066 1844 remp.
1080 1809 1222 1835 constituas
1242 1808 1318 1834 Idem
1334 1814 1368 1842 45
1386 1807 1440 1842 giri
1463 1806 1560 1833 deceat.

1780 162 1815 204 E
1893 161 1948 205 L.
2014 162 2048 203 E
2371 154 2454 216 332ι

1433 261 1450 282 Ε
1459 262 1475 282 1.
1484 263 1505 282 Α
1514 261 1538 282 ’Ν
1548 261 1568 283 G
1579 262 1599 282 v
1607 261 1623 282 F.
1633 261 1651 282 ο
1659 274 1667 288 ,
1697 254 1750 286 ccl,
1771 252 1836 297 quod
1854 255 1881 278 in
1898 253 2024 289 Praefiiiti
2030 251 2112 288 fhlum
2130 251 2269 289 obstruatur
2277 271 2285 286 ‚
2316 259 2333 285 Ε
2342 259 2358 280 L
2367 258 2389 280 A
2398 260 2433 281 N-

1399 297 1420 317 G
1430 298 1450 316 V
1460 298 1475 317 E
1485 299 1497 318 S
1507 298 1523 318 C
1532 298 1551 318 Ο
1560 312 1567 324 ,
1595 291 1632 323 ui,
1660 294 1712 317 ere.
1748 285 1919 323 [ολιγοδροενέω
1927 308 1933 319 ,
1958 288 2066 323 officiuim]
2102 289 2230 325 Languore
2242 287 2330 324 conjici
2341 295 2365 314 et
2377 298 2434 325 quo·
2465 304 2467 307 -

1399 325 1523 352 dammodo
1536 326 1707 363 contabescere.
1742 325 1806 351 Plin.
1820 323 1852 349 de
1859 323 1931 349 Viris
1939 323 2018 350 Illust.
2028 333 2070 357 42,
2083 332 2095 356 ς
2112 323 2141 348 de
2155 325 2310 356 Hannibale,
2330 325 2432 357 Quum·
2442 327 2447 350 1

1400 370 1451 395 que
1465 362 1556 388 vrbem
1572 371 1661 396 capere
1675 361 1769 396 posset,
1789 359 1817 385 in
1830 359 1999 392 Campaniam
2012 358 2138 390 diuertit,
2161 360 2234 385 cuius
2247 359 2348 385 deliciis
2363 360 2433 386 elan·

1358 401 1372 427 ς
1400 396 1466 430 guit.
1538 398 1624 425 Valer.
1637 399 1734 431 Argon.
1749 405 1775 429 4,
1790 403 1838 429 527
1870 393 1958 420 Haefit
1970 400 2080 430 vterque
2098 395 2179 429 polo,
2199 395 2340 429 dubiisque
2361 395 2433 422 elan-
2463 407 2467 411 ¹

1399 431 1456 465 guit
1468 431 1525 457 alis.
1604 432 1725 467 Elanguit
1737 440 1799 458 cura
1817 429 2044 457 hominumALiu.
2064 437 2102 462 23.
2133 430 2156 457 h.
2175 439 2194 457 c.
2212 431 2300 467 Segnis
2322 436 2345 456 ct
2364 439 2432 456 vana
2474 439 2479 451 ’1

1392 467 1460 502 fuit.
1532 467 1685 494 Differendo
1698 467 1793 494 deinde
1805 465 1920 499 clanguit
1938 472 1979 490 res
2011 466 2069 492 Liu.
2085 474 2108 498 ς,
2145 485 2150 491 .
2189 485 2196 492 .
2265 464 2339 492 Idem
2360 474 2380 497 1,
2394 468 2432 498 46
2477 482 2479 494 .

1399 503 1435 529 Vt
1448 501 1678 536 elanguescendum
1691 503 1775 529 aliena
1789 501 1895 536 ignauia
1907 500 1975 526 esset.
2019 501 2092 536 Conf.
2106 500 2144 528 id.
2158 509 2194 533 35,
2207 508 2248 534 45.
2300 500 2367 527 Gell.
2382 510 2403 533 3,
2418 510 2431 527 1
2470 507 2479 530 ’ς

1396 538 1427 563 111
1441 536 1536 571 quibus
1550 547 1641 564 eorum
1655 538 1742 565 omnis
1755 538 1834 572 vigor
1845 535 1937 568 animi,
1951 536 2120 570 corporisque
2133 536 2300 572 elanguescit,
2318 542 2343 562 et
2357 535 2431 571 quod
2456 563 2458 565 ,

1348 578 1378 596 10
1397 573 1531 598 Sallustius
1543 574 1590 604 ait,
1609 573 1781 600 effeminatur.
1852 571 1935 598 mens
1948 570 2127 604 elanguescere
2148 574 2209 599 Stat.
2222 571 2313 599 Theb.
2329 580 2363 602 11,
2374 576 2430 603 382.

1397 608 1500 634 Cornus
1514 607 1708 642 elanguescens,
1727 615 1752 636 ct
1764 609 1818 635 iam
1830 608 1918 634 casura
1946 606 1990 633 Sil.
2005 615 2034 639 4,
2068 624 2076 631 .
2112 626 2119 632 .
2348 630 2353 632 f

1432 650 1536 669 ELAN
1548 649 1568 670 G
1580 641 1718 676 viovs,
1743 653 1767 676 a,
1792 652 1845 669 11111.
1882 642 1942 669 Adi.
1979 642 2089 669 Fortun.
2107 642 2184 670 Mart.
2204 652 2214 670 1
2236 641 2430 678 Paullatimque
2450 652 2458 660 ·

1395 677 1463 705 focis
1475 677 1613 713 elanguida
1627 679 1698 712 ligna
1710 678 1836 705 reso'rbet.

1432 720 1449 740 Ε
1459 720 1474 740 L
1484 721 1506 740 A
1515 721 1530 740 Ρ
1541 720 1570 744 E,
1590 724 1623 739 es.
1638 714 1656 739 f.
1677 711 1937 750 Genusserpeneiseffi
1950 713 2043 739 volunt.
2056 711 2122 738 Plin.
2131 719 2191 746 3²,5
2210 713 2431 740 Salsamentoruin

1350 755 1376 782 15
1397 748 1471 775 cibus
1486 749 1590 783 prodest
1604 758 1618 775 a
1631 750 1747 783 serpente
1756 749 1883 783 percuffis,
1901 755 1927 775 et
1939 754 2031 774 contra
2040 747 2181 774 bestiarum
2194 748 2271 781 iobis,
2284 757 2359 775 mero
2373 748 2432 775 sub-

1396 784 1458 810 inde
1472 784 1581 816 hausto,
1597 785 1632 810 ita
1646 792 1673 811 vt
1687 783 1733 810 sub
1749 785 1883 819 vesperam
1897 783 1970 810 cibus
1983 782 2132 810 vomitione
2146 783 2279 811 reddatur.
2315 784 2432 810 Peculia-

1395 820 1462 846 riter
1473 828 1488 846 a
1499 819 1641 852 Chalcide,
1662 819 1781 851 Ceraste,
1805 825 1850 846 aut
1864 828 1931 854 quos
1946 820 2021 853 Sepas
2038 823 2149 850 vocant,
2166 824 2211 845 aut
2223 820 2319 854 Elapc,
2339 819 2431 854 Dipsa-

1396 853 1463 881 deue
1477 855 1603 890 percuisis.
1637 854 1685 882 Sed
1699 854 1781 881 Hard.
1796 855 1886 889 Elope.
1927 855 1984 882 Vici.
2008 860 2025 880 E
2037 860 2053 879 L
2064 859 2084 879 O
2095 860 2110 880 P
2123 861 2135 880 S
2156 863 2183 880 n.
2194 862 2215 886 3.

1430 897 1447 917 Ε
1457 896 1474 917 1.
1483 898 1504 917 A
1513 898 1527 916 Ρ
1538 898 1557 916 H
1569 897 1608 916 1T
1616 897 1632 917 Ε
1640 898 1653 916 S
1662 911 1671 922 ,
1691 890 1722 916 is.
1740 890 1759 916 f.
1781 890 1922 926 Infiaelarum
1952 890 2088 917 mirandam
2100 898 2184 915 nomen
2197 889 2226 916 ab
2243 891 2348 924 ἔλαφος,
2363 888 2432 926 quasi

1343 935 1378 954 20
1392 930 1420 951 tu
1434 925 1564 952 ceruarias
1578 926 1656 951 dicas.
1704 926 1780 952 Tales
1791 927 1856 962 szt
1874 925 1935 959 Elap
1957 926 2005 952 ites
2016 933 2129 952 numero
2141 931 2209 956 tres,
2231 931 2288 951 xv.
2309 932 2344 952 M.
2370 925 2430 960 pass.
2460 954 2462 956 v

1394 969 1410 987 a
1423 961 1516 987 Melita
1542 965 1575 992 (a
1589 969 1640 995 qua
1651 961 1771 987 Melitaei
1784 969 1859 987 canes
1872 960 2033 987 Callimacho
2046 961 2187 992 dicuntur)
2206 958 2346 994 distantes,
2365 961 2431 988 Plin.

1392 1004 1405 1028 3
1420 1005 1441 1022 c.
1456 997 1504 1024 vlt.
1517 1003 1541 1022 et
1555 1005 1577 1029 5,
1590 1005 1614 1028 31
1629 997 1646 1022 s.
1662 1002 1691 1028 38
1715 996 1844 1031 Elaphitis
1857 995 1920 1022 chio
1933 997 2030 1023 vicina.
2461 995 2464 1000 ’

1429 1037 1446 1058 E
1459 1039 1475 1059 L
1489 1039 1511 1059 A
1525 1039 1541 1058 12
1555 1038 1575 1058 1-1
1593 1037 1612 1058 ο
1630 1038 1647 1058 Β
1661 1038 1680 1058 o
1695 1039 1707 1058 s
1722 1039 1738 1059 c
1753 1039 1773 1059 o
1786 1040 1808 1058 N
1818 1052 1826 1065 ,
1847 1032 1866 1058 i.
1887 1041 1912 1057 n.
1931 1031 2132 1066 [ἐλαφόέῗοσκω]
2153 1031 2243 1063 Herba,
2256 1030 2284 1057 de
2295 1039 2346 1068 qua
2363 1030 2430 1059 Plin.

1394 1075 1437 1101 22,
1450 1075 1480 1093 22
1498 1068 1571 1094 Hanc
1585 1066 1693 1093 herbam
1703 1068 1882 1094 monstrauere
1897 1075 2004 1100 ccruae,
2023 1074 2053 1093 vt
2065 1070 2103 1093 ait
2115 1067 2178 1093 κίστη
2192 1074 2232 1100 25,
2247 1072 2269 1096 8.

1431 1108 1448 1128 E
1460 1109 1476 1128 L
1486 1110 1507 1129 A
1522 1110 1537 1129 Ρ
1547 1110 1566 1128 H
1576 1109 1594 1128 Ο
1604 1110 1625 1128 N
1635 1110 1657 1137 N
1665 1109 1681 1129 E
1690 1109 1703 1130 s
1713 1110 1733 1129 V
1742 1109 1755 1129 S
1764 1123 1771 1134 ,
1790 1104 1807 1129 i.
1820 1104 1839 1129 f.
1867 1102 2076 1137 [Ἐλαφόννησος]
2112 1104 2127 1129 1
2128 1103 2196 1138 ›zfiila
2209 1111 2343 1129 ceruorum.
2362 1101 2431 1129 Plin.

1393 1144 1407 1170 ς
1421 1146 1443 1163 c.
1455 1138 1503 1164 vlt.
1523 1138 1624 1165 Insulae
1637 1138 1666 1164 in
1678 1138 1839 1172 Propontide
1857 1144 1918 1165 ante
1929 1138 2054 1170 Cyzicum
2068 1138 2278 1172 Elaphonncsus,
2298 1136 2369 1163 vnde
2382 1138 2432 1169 Cy.

1392 1173 1514 1199 zicenum
1531 1182 1663 1200 marmor:
1696 1173 1789 1201 eadem
1806 1174 1906 1202 Neuris
1925 1179 1951 1200 et
1963 1174 2138 1200 Proconnesus
2151 1173 2230 1201 didia.
2282 1173 2432 1208 Sequuntur

1393 1207 1524 1243 Ophiusa,
1540 1209 1690 1241 Acanthus,
1711 1216 1757 1236 etc.

1426 1250 1444 1271 E
1453 1251 1498 1271 LA
1507 1251 1523 1270 Ρ
1533 1252 1553 1271 Η
1562 1251 1584 1271 ν
1593 1252 1605 1272 s
1615 1251 1636 1271 A
1645 1265 1653 1277 ‚
1674 1253 1711 1271 ae.
1731 1245 1751 1271 f.
1788 1244 1957 1279 ['E).oitp⁸aoe]
1993 1244 2079 1270 Insula
2092 1243 2127 1270 est
2139 1249 2198 1270 ante
2210 1245 2365 1278 Corcyram,
2377 1253 2433 1272 non

1342 1292 1375 1317 30
1390 1280 1482 1314 procul
1496 1279 1529 1306 ab
1542 1279 1584 1306 his
1597 1279 1705 1312 duabus,
1719 1289 1786 1316 quae
1803 1281 1884 1308 Paxae
1899 1285 2042 1313 vocantur,
2060 1279 2093 1306 ad
2113 1279 2272 1307 Leucadiam
2289 1278 2344 1306 fita.
2377 1281 2432 1308 Au·
2461 1277 2463 1280 ⁴

1389 1313 1446 1342 Hor
1464 1316 1531 1342 Plin.
1546 1324 1573 1349 4,
1588 1324 1624 1344 12.

1424 1349 1619 1384 ELArsDo,
1638 1354 1691 1378 are.

1388 1387 1430 1413 vel
1441 1386 1549 1422 Lapides
1559 1396 1678 1414 amouere.
1712 1386 1778 1413 Plin.
1793 1394 1831 1422 17,
1845 1395 1864 1419 4
1891 1387 1925 1413 At
1939 1387 1968 1413 in
1982 1387 2142 1418 Syracusano
2155 1395 2219 1420 agro
2233 1395 2247 1412 a
2267 1395 2333 1413 uena
2346 1387 2435 1416 cultor
2451 1416 2455 1422 .

1387 1422 1658 1484 e1}pidat⁰s}5tobs⁰le
1669 1422 1785 1457 perdidit
1797 1423 1896 1458 fruges.
1920 1426 1922 1429 ⁴
1951 1422 2064 1449 Budaeus
2077 1423 2155 1458 legit,
2173 1421 2312 1455 Elapidato
2323 1423 2380 1449 solo
2393 1423 2433 1449 lu-

1388 1462 1456 1484 too.
1492 1459 1533 1488 A,
1555 1458 1584 1484 .i
1606 1467 1643 1484 .c.
1660 1467 1697 1484 10.

1340 1466 1369 1493 3⁵
1425 1500 1468 1520 ΕΙ.
1479 1500 1501 1520 A
1539 1500 1631 1524 vro,
1656 1497 1710 1519 are.
1748 1492 1861 1519 Nexibus
1878 1492 1998 1528 expedire.
2033 1492 2157 1520 Prudent.
2170 1493 2229 1521 adu.
2246 1493 2393 1526 symmach.
2405 1491 2447 1528 2,¹¹

1390 1535 1447 1562 147.
1465 1535 1489 1554 et
1502 1530 1528 1554 Si
1548 1537 1590 1554 on.
1605 1528 1684 1562 Epist.
1699 1533 1723 1560 8,
1735 1536 1761 1560 9.

1424 1570 1441 1588 E
1452 1569 1469 1588 1.
1479 1570 1501 1589 A
1509 1569 1557 1600 qv
1565 1569 1583 1589 E
1591 1570 1613 1589 A
1624 1569 1646 1590 'r
1657 1570 1679 1589 v
1687 1570 1700 1590 s
1708 1582 1716 1595 ,
1737 1572 1761 1594 a,
1781 1571 1835 1589 um.
1871 1563 1964 1591 Partic.
2001 1563 2149 1590 Marcellin.
2166 1574 2207 1597 30,
2222 1573 2240 1590 ι.
2408 1571 2412 1574 ’

1425 1603 1443 1622 E
1451 1604 1467 1623 L
1475 1605 1497 1624 A
1506 1605 1525 1624 R
1535 1604 1555 1624 G
1565 1605 1574 1624 1
1584 1605 1603 1624 o
1612 1605 1631 1624 R
1641 1618 1649 1630 ,
1669 1599 1714 1624 iri.
1734 1599 1798 1632 Dcp.
1825 1597 2000 1632 [χαρίζομαι]
2022 1598 2088 1625 Idem
2101 1599 2166 1634 quod
2172 1601 2289 1635 Largiri:
2312 1597 2360 1633 mfi
2366 1598 2430 1637 quad
2444 1604 2446 1607 '

1346 1113 1374 1140 ²5

1727 1350 1791 1384 [τῶν
1804 1351 1881 1378 λίθων
1894 1351 2023 1386 κοιθικῖρω]
2059 1350 2196 1386 Lapidibus
2206 1357 2254 1386 pur
2272 1361 2314 1378 are
2326 1357 2431 1385 terram,

1387 1674 1492 1701 patrum
1512 1668 1687 1696 Tribuniciis
1709 1669 1734 1694 se
1753 1667 1850 1694 iadiare
1871 1667 2022 1694 actionibus
2041 1669 2189 1705 principem
2207 1669 2336 1702 ciuitatis,
2360 1679 2426 1697 ear·
2466 1680 2470 1686 ·

1387 1703 1489 1735 giendo*
1504 1703 1537 1730 de
1556 1704 1645 1730 alieno
1658 1724 1667 1736 ,
1701 1704 1856 1738 popularem
1872 1703 1933 1730 fieri
1953 1710 2101 1738 querentes.
2170 1706 2214 1732 AI.
2235 1711 2263 1731 et
2279 1704 2427 1740 largiendo,

1386 1746 1446 1772 quae
1460 1747 1518 1764 vera
1532 1742 1604 1765 vm'ce
1617 1738 1691 1765 [effla
1704 1737 1747 1771 est.
1804 1740 1839 1764 Vt
1849 1739 1907 1764 adeo
1918 1740 1994 1765 alium
2007 1739 2134 1766 tibicinem
2151 1740 2249 1767 verbum
2266 1740 2312 1767 hoc·
2323 1739 2431 1767 nondum

1385 1772 1474 1799 haheat
1489 1779 1592 1807 praeter
1617 1774 1685 1800 Pers.
1699 1782 1722 1806 3,
1734 1781 1770 1807 7ο
1790 1774 1894 1800 Patriae
1911 1774 2031 1808 carisque
2043 1776 2202 1810 propinquis
2215 1776 2352 1812 Qantum
2365 1774 2431 1803 eiat—
2454 1782 2457 1783 ’

1422 1848 1666 1875 ELARG1‘r10,
1691 1842 1757 1868 onis.
1777 1842 1796 1868 f.
1814 1842 1843 1869 in
1855 1841 1924 1868 Cod.
1957 1861 1966 1868 .

1421 1879 1678 1910 ELARGiTOR,
1704 1878 1768 1904 oris.
1787 1886 1822 1905 m.
1839 1878 1868 1903 in
1882 1878 1943 1912 Dig.
1979 1896 1987 1904 .
2025 1899 2032 1904 .
2069 1899 2077 1906 .

1423 1919 1442 1939 E
1453 1920 1468 1939 L
1476 1920 1497 1939 A
1506 1920 1519 1940 S
1528 1920 1540 1940 S
1549 1919 1565 1939 E
1574 1920 1586 1938 S
1594 1919 1611 1939 C
1619 1919 1637 1939 O
1647 1933 1655 1945 ‚
1680 1915 1733 1940 ἕΐε.
1770 1914 1782 1944 [
1791 1914 1982 1947 'caran-ovifica]
2018 1913 2116 1946 Laffitm
2127 1913 2185 1948 fieri
2192 1934 2200 1946 ,
2225 1915 2267 1941 vel
2277 1913 2430 1949 Lqffitudt'no

1386 1947 1494 1982 deficere.
1565 1948 1631 1974 Plin.
1654 1949 1690 1979 16,
1709 1956 1741 1980 1,)-
1762 1948 1780 1973 s.
1800 1956 1831 1980 41
1861 1948 1893 1974 In
1905 1947 2046 1974 arboribus
2064 1955 2152 1975 tamen
2170 1950 2255 1976 nimia
2268 1949 2430 1984 germinatio

1337 1994 1370 2021 50
1384 1983 1516 2012 elafsescit.
1607 1986 1613 1991 ²

1425 2017 1936 2050 ELATi-:‚vid.ErFER0,effcrs.
2402 2041 2413 2052 ,,

1423 2053 1440 2080 ἑ
1451 2061 1467 2079 L
1476 2053 1499 2081 A
1508 2060 1529 2080 ‘r
1541 2061 1557 2080 Ε
1566 2074 1574 2086 ,
1591 2063 1625 2081 es.
1646 2053 1666 2079 f.
1702 2052 1821 2087 [ἐλάτη]
1859 2054 1941 2079 Genus
1949 2053 2056 2088 paimae.
2090 2053 2158 2081 Plin.
2174 2062 2212 2087 23,
2221 2062 2235 2088 ς
2254 2054 2356 2089 Palma,
2372 2055 2424 2084 fiiie
2464 2069 2472 2074 .

1386 2089 1468 2121 elate,
1483 2089 1537 2115 fine
1550 2089 1653 2123 spathe,
1676 2087 1823 2114 medicinae
1837 2088 1942 2114 confert
1955 2089 2089 2122 germina,
2110 2089 2193 2122 folia,
2214 2092 2349 2118 corticem.
2383 2093 2424 2119 In·

1384 2124 1511 2149 volucrum
1518 2127 1575 2150 noui
1581 2122 1690 2160 fruHus
1696 2124 1795 2158 palmae
1801 2123 1899 2149 arboris
1905 2123 1956 2158 fi’c.
1976 2125 2089 2159 Dioscor.
2098 2132 2122 2151 et
2134 2126 2298 2161 Theophrast.
2369 2124 2392 2165 ff
2409 2135 2426 2156 2
2440 2144 2445 2155 ι
2477 2152 2479 2155 .

1339 2162 1367 2189 55
1387 2158 1468 2189 Elate‚
1483 2159 1584 2185 Ciuitas
1598 2159 1625 2185 in
1641 2159 1743 2191 Locris,
1756 2167 1810 2184 non
1824 2159 1915 2192 procul
1928 2158 1960 2184 ab
1973 2160 2087 2194 Opunte,
2100 2167 2129 2187 vt
2136 2161 2232 2197 scribit
2247 2162 2315 2190 Plin.
2328 2173 2353 2196 4,
2366 2169 2394 2198 7.
2437 2169 2442 2172 '
2474 2162 2476 2166 ⁸

1423 2199 1637 2224 ELATi-:ivs‚
1667 2193 1966 2229 Vid.subF.1.ATvs.
2409 2193 2413 2197 “

1423 2235 1440 2255 E
1449 2236 1464 2254 Ι.
1473 2235 1495 2256 n
1505 2235 1526 2254 T
1535 2236 1551 2255 E
1560 2236 1578 2255 R
1587 2237 1596 2255 1
1606 2237 1626 2254 v
1637 2236 1661 2254 M
1670 2249 1678 2261 ,
1698 2229 1716 2255 i.
1738 2238 1764 2255 n.
1796 2228 1955 2264 [ἐλαι-ἥρων]
1991 2229 2152 2263 Elaterium,
2169 2232 2217 2266 qui
2229 2231 2266 2257 est
2279 2232 2367 2257 succus
2381 2241 2427 2258 cu-
2462 2228 2465 2257 s

1387 2264 1500 2290 cumeris
1515 2264 1627 2291 siluatici
1648 2264 1765 2291 Scribon.
1779 2272 1821 2298 70,
1892 2264 1959 2291 Plin.
1974 2273 2016 2297 20,
2031 2274 2042 2292 1
2070 2267 2210 2292 Cucumim
2222 2265 2364 2292 filuestrem
2375 2267 2426 2294 effe

1386 2298 1501 2325 diximus
1516 2301 1601 2326 multo
1614 2299 1685 2326 infra
1699 2299 1906 2335 magnitudinem
1918 2300 2004 2326 satiui.
2057 2301 2095 2326 Ex
2107 2309 2140 2327 eo
2153 2300 2183 2327 fit
2195 2300 2427 2335 medicamentum,

1336 2336 1371 2361 60
1387 2335 1460 2369 quod
1471 2340 1582 2361 vocatur
1596 2335 1748 2368 elaterium,
1770 2336 1844 2362 succo
1856 2335 1971 2369 expresso
1989 2344 2003 2361 e
2016 2336 2124 2362 semine.
2411 2336 2416 2339 ’
2462 2360 2464 2365 ,

1423 2377 1440 2396 E
1449 2377 1464 2395 L
1473 2368 1522 2397 ᾸΤ
1532 2369 1545 2396 Ι“
1554 2379 1574 2397 N
1583 2378 1616 2404 E,
1634 2380 1669 2397 es.
1686 2371 1705 2396 f.
1742 2370 1845 2402 Herba,
1863 2379 1931 2405 quae
1942 2370 2010 2397 folia
2022 2370 2146 2397 helxinae
2158 2370 2253 2403 habet,
2270 2370 2372 2405 pusilla,
2385 2371 2426 2406 pi-

1387 2404 1457 2437 losa,
1477 2406 1604 2437 rotunda,
1629 2406 1830 2440 semipedalibus
1849 2406 1958 2433 ramulis
1971 2406 2060 2439 quinis
2076 2407 2190 2434 senisue:
2209 2415 2224 2432 a
2237 2405 2327 2433 radice
2340 2406 2421 2434 statim

1387 2440 1503 2467 foliosis:
1524 2442 1638 2468 nascitur
1651 2442 1679 2467 in
1693 2441 1834 2475 segetibus:
1852 2441 1946 2468 acerba
1960 2440 2034 2474 gustu
2056 2441 2123 2468 Plin.
2136 2439 2179 2472 27}
2190 2449 2219 2472 9.
2251 2441 2336 2475 Diosc.
2350 2447 2428 2478 4538&-

1423 2477 1677 2509 E1.AT10,onis.
1719 2477 1985 2504 lr‘'id.EF1-·ERRO.
2418 2489 2419 2494 ¹

1422 2517 1438 2537 Ε
1448 2518 1463 2536 L
1472 2518 1493 2537 A
1502 2518 1522 2537 T
1533 2512 1545 2538 i
1555 2518 1576 2537 T
1584 2519 1600 2538 r
1609 2518 1621 2536 s
1630 2532 1638 2543 ,
1657 2520 1695 2538 ae.
1705 2521 1740 2538 m.
1754 2514 1841 2547 Lapis,
1853 2511 2020 2538 Haematitae
2027 2519 2112 2547 genus,
2126 2513 2171 2547 qui
2168 2510 2210 2546 fic
2220 2518 2333 2544 vocatur,
2346 2507 2432 2548 quaniv

1388 2545 1435 2572 diu
1448 2546 1557 2579 crudus,
1574 2546 1662 2574 coetus
1677 2556 1741 2574 vero
1755 2547 1874 2580 miltites,
1887 2547 1962 2575 vtilis
1974 2546 2108 2579 ambustis,
2126 2547 2160 2574 ad
2174 2547 2266 2575 omnia
2277 2547 2374 2576 vtilior
2383 2555 2438 2576 ωδ

1386 2580 1460 2607 brica
1480 2581 1545 2608 Plin.
1560 2584 1599 2615 36,
1611 2591 1652 2609 20.

1422 2622 1440 2641 E
1450 2623 1464 2640 1.
1475 2624 1497 2642 A
1507 2624 1527 2642 T
1536 2624 1554 2643 R
1564 2624 1583 2643 o
1593 2637 1601 2649 ,
1622 2622 1674 2643 are.
1710 2617 1887 2653 [ἓξυλακτὲω]
1923 2618 1991 2645 Hor.
2004 2617 2083 2652 Epist.
2097 2625 2118 2650 1,
2132 2622 2169 2650 18,
2184 2622 2210 2648 18
2237 2616 2280 2645 Sic
2292 2618 2362 2646 mihi
2373 2619 2444 2655 pri-x.

1387 2659 1429 2676 ma
1443 2650 1521 2681 fides,
1540 2657 1565 2677 ct
1578 2660 1640 2678 vere
1653 2653 1725 2686 quod
1738 2653 1837 2685 placet,
1859 2659 1889 2680 vt
1907 2662 1962 2680 non
1998 2653 2101 2680 Acriter
2120 2652 2238 2680 elatrem.
2258 2652 2276 2679 ἰ.
2290 2654 2374 2682 Omni
2386 2657 2432 2684 τῇ

1335 2700 1370 2728 70
1385 2685 1430 2712 bie
1443 2686 1587 2712 vociferem
1601 2696 1630 2713 ac
1643 2686 1792 2714 defendam.
1828 2689 1955 2723 Porphyr.
1974 2688 2036 2715 adde
2047 2688 2167 2716 Tertull.
2180 2687 2212 2715 de
2219 2688 2303 2716 Pallio
2316 2699 2337 2716 c.
2351 2686 2374 2724 5⁸-
2388 2692 2391 2695 '

1422 2728 1677 2756 ELATRATIO,
1696 2723 1763 2749 onis.
1781 2723 1802 2750 f.
1823 2725 1890 2761 apud
1905 2724 2014 2752 firmic.
2050 2745 2058 2754 .
2095 2743 2102 2752 .
2138 2743 2146 2751 .

1423 2763 1687 2790 ELATRATOR,
1708 2758 1769 2785 oris.
1790 2761 1875 2784 111.ιή
1890 2761 1952 2785 Di.
1989 2779 1996 2785 .
2035 2779 2042 2785 .
2081 2779 2088 2786 .

1423 2797 1440 2816 E
1450 2797 1528 2816 [ΛΤ
1538 2798 1558 2816 v
1568 2798 1592 2817 M
1602 2811 1611 2822 ,
1638 2792 1656 2818 i.
1679 2801 1704 2818 n.
1740 2793 1853 2818 Flumen
1872 2793 1901 2818 in
1917 2768 2045 2826 dreadia,
2071 2793 2143 2830 quod
2160 2793 2320 2822 mulieribus
2336 2802 2430 2823 conce-

1388 2829 1446 2857 ptus
1463 2825 1654 2864 repraesentare
1666 2825 1797 2858 creditur,
1814 2832 1842 2853 vt
1857 2826 1945 2854 aul-ior
1958 2827 1990 2861 ²st
2009 2829 2075 2856 Plin.
2089 2838 2123 2861 31,
2135 2837 2149 2854 2
2160 2829 2179 2854 f.
2193 2835 2220 2862 7.
2237 2841 2241 2844 ·
2386 2850 2393 2854 ,
2431 2813 2446 2854 ἰ

1424 2865 1440 2885 Ε
1451 2865 1465 2883 L
1475 2865 1496 2885 A
1505 2866 1526 2885 'r
1537 2865 1555 2883 v
1565 2866 1594 2898 ξ,
1614 2868 1632 2885 1.
1652 2868 1687 2885 111.
1724 2861 1802 2887 Mons
1815 2861 1916 2889 nobilis
1927 2863 1956 2890 in
1969 2864 2102 2897 Zacyntho
2122 2862 2206 2889 insula
2218 2863 2289 2890 inter
2300 2864 2442 2897 Achaiam.
2456 2873 2457 2892 1

1388 2898 1414 2918 et
1428 2892 1623 2932 Cephaleniam,
1639 2903 1716 2928 quem
1730 2902 1847 2922 montem
1860 2898 2100 2932 circa-Arginusam
2114 2906 2208 2923 ceruos
2221 2907 2276 2925 non
2289 2897 2428 2934 excedere,

1389 2927 1496 2954 auribus
1519 2928 1598 2955 etiam
1620 2929 1647 2955 in
1669 2936 1758 2957 monte
1781 2931 1853 2965 fiffis,
1866 2933 1961 2968 scribit
1991 2932 2057 2958 Plin.
2076 2940 2094 2965 9
2111 2942 2132 2958 c.
2143 2940 2201 2967 pen.
2221 2934 2274 2960 vid.
2298 2941 2322 2962 et
2339 2944 2368 2969 4,
2387 2944 2426 2963 12..v
2437 2955 2443 2959 -
2455 2932 2457 2954 l

1388 2959 1409 2999 fl
1430 2971 1446 2989 2
1486 2964 1545 2989 Viri
1563 2974 1654 2991 nomeu.
1695 2967 1772 2992 Filius
1785 2969 1984 3028 Atraci,dpater
2001 2974 2081 2994 autem
2096 2968 2225 3001 Caenidis,
2242 2973 2286 3006 qui
2303 2972 2434 2999 invirum*
2455 2982 2456 2997 2

1387 3004 1495 3038 mutatur
1509 2999 1613 3025 Caeneus
1627 2999 1709 3027 diflus
1722 2999 1763 3034 est.
1823 3002 1880 3031 Vid.
1913 3012 1923 3030 e
1943 3002 1988 3030 hoc
2001 3009 2025 3029 et
2041 3003 2101 3029 aliis
2112 3003 2158 3030 boc
2172 3007 2269 3032 nomine
2289 3008 2343 3034 viri
2355 3005 2427 3035 doffl
2440 3015 2444 3021 '

1340 3038 1372 3063 80
1387 3032 1420 3058 ad
1438 3033 1518 3060 Ouid.
1532 3035 1595 3060 Met.
1616 3043 1652 3066 12,
1668 3041 1720 3068 189,
1740 3036 1788 3063 vbi

1422 3075 1438 3095 Ε
1449 3075 1463 3094 1,
1472 3076 1493 3095 A
1502 3076 1522 3096 Τ
1532 3075 1548 3095 ε
1558 3070 1600 3096 1Ἀ
1625 3071 1710 3104 proles
1718 3091 1725 3102 ‚
1742 3072 1844 3099 laudata
1857 3072 1925 3099 modo
1937 3072 2034 3099 Caenis
2045 3079 2165 3107 vocatur,
2177 3081 2207 3102 vt
2219 3081 2244 3103 et
2255 3084 2319 3112 497.

1421 3111 1438 3130 E
1449 3111 1463 3129 1,
1473 3111 1494 3130 A
1503 3111 1550 3131 VD
1559 3111 1578 3131 ο
1589 3125 1596 3135 ,
1617 3110 1667 3132 are.
1705 3107 1777 3140 Plus,
1794 3116 1874 3142 quam
1886 3108 2044 3134 Nominare.
2081 3109 2178 3136 Festus.

1423 3142 1758 3172 ELAvnAT1o‚onis.
1779 3142 1797 3168 f.
1817 3143 1884 3182 apud
1895 3142 1985 3169 Sidon.
2023 3163 2030 3169 .
2067 3163 2074 3170 .

1484 3172 1494 3180 ⁹
1626 3176 1630 3180 ·
1987 3179 2086 3205 ἕκνίπτω
2093 3164 2117 3214 J·
2128 3180 2244 3216 Persei-Ze
2255 3168 2438 3220 Iauarefignis

1340 2517 1371 2549 6,-

1338 2868 1370 2895 75

1424 3181 1569 3207 ELAVO,
1588 3179 1643 3208 aui,
1664 3180 1747 3209 otum,
1765 3182 1808 3205 Ere
1822 3181 1870 3209 [τηε
1884 3180 1936 3205 erc.
1968 3178 1980 3211 [

1337 3216 1366 3245 85·
1380 3209 1454 3245 ficar.
1490 3210 1620 3237 Columel.
1635 3219 1672 3243 12,
1687 3220 1716 3243 50
1734 3212 1783 3238 Sed
1797 3222 1879 3248 quum
1889 3213 1970 3240 fuerit
1983 3214 2056 3240 oliua
2068 3215 2150 3247 elota,
2169 3217 2220 3243 reli
2241 3226 2290 3251 ua,
2309 3218 2373 3246 ficut
2385 3220 2426 3246 su-

1389 3254 1433 3279 pra
1447 3246 1633 3280 praecepimus²
1647 3246 1705 3273 fieri
1719 3247 1860 3275 debebunt.
1931 3248 2040 3275 Elauare
2054 3250 2079 3276 se
2093 3251 2182 3283 bonis,
2204 3261 2215 3278 e
2250 3254 2279 3281 Se
2292 3253 2426 3287 denudare,

1381 3281 1506 3316 spoliare,
1526 3282 1671 3307 exhaumre:
1690 3285 1728 3308 ita
1742 3290 1771 3308 ut
1784 3283 1835 3319 fist
1849 3283 1969 3319 quispiam
1985 3283 2067 3317 Iauiffi»
2079 3286 2203 3314 videatur.
2258 3288 2340 3316 Plaut.
2352 3289 2424 3316 Afin-

1390 3324 1409 3347 1,
1423 3325 1446 3345 2.
1464 3325 1479 3348 9
1497 3317 1539 3342 vbi
1552 3317 1688 3352 adolescens
1703 3317 1730 3343 de
1745 3319 1798 3344 Iena
1811 3326 1834 3344 et
1843 3320 1941 3353 puella,
1966 3320 2036 3346 Nam
2054 3330 2125 3348 mare
2139 3322 2209 3350 haud
2222 3323 2258 3351 est
2269 3333 2356 3358 mare,
2374 3333 2425 3352 vot
2439 3343 2444 3347 ·

1388 3360 1459 3377 mare
1473 3352 1638 3378 acerrimum.
1695 3352 1765 3380 Nam
1780 3353 1808 3379 111
1828 3354 1895 3380 mari
1909 3356 2028 3389 repperi,
2047 3355 2090 3382 hic
2108 3357 2178 3385 claui
2191 3358 2277 3386 bom's.
2327 3360 2424 3387 Deinde
2452 3366 2453 3387 ζ

1338 3396 1373 3419 90
1389 3386 1488 3412 elauari
1501 3387 1619 3414 dicuntur
1633 3387 1687 3422 ipsiz
1699 3397 1792 3423 quoque
1804 3388 1881 3421 hona,
1907 3392 1947 3416 vc!
1964 3395 2044 3424 ruunt,
2063 3402 2117 3419 cum
2137 3395 2312 3430 impenduntur
2327 3398 2356 3421 in
2373 3395 2443 3424 bal-²

1389 3430 1446 3459 111111
1459 3422 1605 3456 luxicriofiu.
1644 3425 1685 3449 lta
1698 3424 1788 3457 strum
1801 3431 1904 3460 rogatus
1920 3435 1935 3451 a
1948 3425 2056 3459 dominu,
2075 3428 2137 3463 quid
2142 3428 2247 3465 fastum
2257 3429 2296 3463 stt
2309 3437 2426 3467 argento,

1389 3456 1531 3495 rejponiict,
1556 3458 1710 3486 Comesum,
1734 3467 1876 3493 expotuni,
1901 3467 2021 3492 exutum,
2045 3462 2144 3490 elotum
2167 3465 2196 3491 in
2212 3464 2311 3491 balneis
2339 3466 2422 3494 Plaut.
2442 3471 2451 3483 ¹¹

1390 3491 1472 3517 Trm.
1486 3499 1509 3519 2.
1524 3502 1545 3521 a,
1558 3500 1582 3531 5.
1632 3494 1691 3519 Inde
1704 3493 1799 3525 heluo,
1818 3498 1901 3530 inquit
1915 3497 2040 3530 Verrius,
2060 3500 2106 3533 qui
2126 3500 2330 3534 intemperanter
2353 3498 2434 3530 bona*

1390 3527 1432 3552 sua
1447 3527 1592 3559 consumit,
1613 3528 1645 3554 ab
1660 3529 1772 3556 eluendo
1780 3549 1789 3562 ,
1809 3539 1875 3565 quae
1888 3540 1941 3558 vox
1954 3533 2090 3567 aspiratur,
2103 3541 2132 3562 vt
2144 3536 2255 3562 auiditas
2273 3545 2367 3571 magna
2379 3533 2439 3565 ex-‘r

1337 3566 1368 3591 95
1388 3561 1538 3596 probrctur.
2015 3592 2018 3595 ,

1425 3604 1457 3623 EI
1475 3603 1624 3628 AV'rvs‚
1648 3598 1689 3637 vel
1708 3605 1749 3624 rc
1761 3605 1780 3625 o
1792 3606 1878 3632 Tvs‚
1899 3610 1924 3633 a,
1943 3611 1996 3629 um.
2024 3605 2117 3633 Partic.
2153 3607 2216 3632 Pure
2229 3606 2320 3634 lautus.
2339 3608 2422 3636 Plaut.
2445 3629 2447 3632 .

1389 3631 1457 3659 Rnd.
1473 3643 1492 3664 3,
1508 3640 1530 3664 3,
1546 3641 1570 3672 37
1602 3633 1729 3672 Mulieres
1741 3634 1842 3661 elautae
1854 3645 1933 3670 opera
1948 3638 2075 3673 Neptuni.
2130 3641 2178 3667 Con
2197 3660 2203 3666 .
2217 3641 2296 3669 Poen.
2310 3652 2329 3674 1,
2342 3652 2367 3676 2,
2381 3652 2421 3670 22.

1389 3669 1569 3729 Λίὐηειειιῖῑίμιε
1592 3668 1714 3695 suauibus
1732 3670 1803 3697 elota
1832 3671 1927 3699 Pallad.
1949 3682 1968 3706 1,
1992 3683 2029 3701 10.
2097 3675 2171 3703 Plum
2191 3684 2236 3702 um
2248 3677 2349 3705 elotum
2361 3688 2422 3706 cum

1388 3711 1453 3729 vino
1495 3713 1508 3729 e
1533 3710 1579 3737 .7,
1592 3709 1634 3737 27.
2399 3719 2405 3730 1
2426 3724 2428 3726 -
2466 3710 2467 3714 ’

1331 3740 1376 3758 100

1421 3815 1528 3849 Erit-A,
1547 3817 1584 3836 ae.
1599 3809 1618 3835 f.
1640 3809 1735 3845 [Ἒλέα]
1754 3812 2242 3851 Lucaniaeciuitas,1atin1'sfi·reVelia.
2259 3820 2350 3848 Dehac
2357 3812 2432 3849 plin...
2458 3839 2462 3847 s

1386 3850 1410 3876 3,
1425 3852 1438 3877 ς
1468 3845 1543 3884 Sinus
1560 3845 1707 3879 Paestanus,
1728 3848 1853 3882 oppidum
1867 3851 1955 3883 Helia,
1976 3860 2043 3886 quae
2056 3860 2125 3877 nune
2140 3853 2225 3880 Velia.
2262 3855 2366 3883 Veliam
2378 3865 2430 3884 vor
2466 3866 2467 3871 ¹

1388 3885 1427 3905 cat
1455 3880 1511 3906 cic.
1526 3880 1595 3906 Fam.
1612 3890 1633 3912 7,
1650 3889 1676 3912 ¹9
1709 3884 1743 3908 Vt
1757 3884 1871 3917 primum
1885 3887 1961 3912 Velia
1972 3886 2096 3920 nauigare
2110 3889 2196 3922 coepi.
2231 3890 2280 3918 Sed
2293 3891 2325 3918 de
2337 3892 2372 3918 N.
2387 3891 2419 3921 D.

1332 3918 1376 3946 ¹05
1388 3922 1399 3945 3
1415 3923 1436 3940 c.
1448 3923 1475 3947 33
1496 3915 1628 3944 Zenonem
1640 3917 1716 3945 Eleae
1728 3927 1757 3945 111
1769 3922 1908 3950 tormentis
1919 3926 2049 3950 necatum.
2084 3923 2154 3950 Hinc

2310 3968 2327 3989 B
2336 3967 2351 3987 1.
2360 3967 2377 3989 Ε
2385 3967 2417 3989 Α-
