2479 4225
488 104 524 144 D
612 103 646 144 Ε
735 104 768 144 C

476 191 588 218 Aeterna
609 192 736 228 triumphi
757 190 832 218 laude
850 189 1021 224 imperatores
1050 189 1086 216 Id.
1101 190 1152 215 An-

120 233 224 260 tequam
239 227 289 253 iret
301 226 329 252 in
341 227 403 252 exii.
419 234 440 258 3.
512 228 593 253 Omni
609 228 699 261 laude,
717 226 927 262 praedicatione,
947 225 1046 257 literis,
1066 226 1151 250 moni-

120 262 266 296 mentisque
279 261 424 288 decoranda
437 261 520 289 virtus
534 263 621 298 aliqua
640 264 712 290 Idem
726 269 773 296 pro
788 260 874 294 Ligar.
890 263 915 286 6.
988 261 1031 286 Me
1051 260 1150 294 sceptro

121 296 227 324 decoras
249 296 330 323 Ouid.
346 297 436 323 Amor.
452 304 508 330 3,1,
522 300 561 329 63.
632 300 760 325 Decorare
782 295 885 321 labores
915 294 959 321 Sil.
980 304 1017 327 10,
1056 315 1061 321 .
1100 316 1106 321 .
1143 316 1150 321 .

121 117 162 155 33

120 192 176 219 Cic.
188 190 221 217 de
233 190 308 217 Orat.
323 199 342 223 1,
358 198 414 224 194.

121 332 256 367 Scipiones
268 332 379 366 patriam
393 332 482 366 spoliis
495 333 685 368 triumphisque
698 330 856 358 decorarunt
889 331 944 357 Cic.
958 331 984 356 in
999 330 1092 356 061311.
1114 339 1151 364 ¹4·
1171 335 1185 361 5
1216 332 1290 357 Varr.
1303 331 1334 357 de
1348 332 1378 357 R.
1393 333 1422 357 R.
1438 341 1457 364 1,
1470 340 1510 364 59,
1525 342 1544 359 2.

120 367 244 401 Aliquem
264 367 349 393 titulis
366 367 489 394 decorare
510 369 554 394 Sil.
575 376 608 402 ις,
641 386 648 393 .
685 385 691 393 .
727 365 832 400 Oppida
849 365 956 400 publico
973 366 1056 392 sumtu
1084 368 1151 392 Hor.

120 401 171 429 Od.
188 410 210 433 2,
226 410 259 434 15,
275 407 308 432 18.
378 402 512 437 Oppidum
530 402 648 432 maximis
667 401 730 427 locis
744 401 946 433 communibus,
973 402 1153 427 monimentis-

120 446 171 471 que
191 437 246 464 Cic.
260 439 337 464 Verr.
352 438 409 470 Aci
426 446 446 469 1,
461 447 508 465 112.
579 438 709 464 Decorare
723 442 800 470 atque
816 445 911 470 augere
925 437 1054 470 Rempub.
1078 437 1151 463 Idem

120 473 148 499 in
163 473 247 499 Pison.
320 471 383 505 Paſj:
404 473 459 499 Cic.
474 474 549 500 Acad.
563 481 588 504 2,
603 480 622 504 4
650 471 697 498 Sed
712 480 779 505 quae
793 472 913 506 populari
934 472 1019 506 gloria
1033 472 1152 498 decorari

119 508 148 534 in
165 507 275 534 Lucullo
289 507 453 541 debuerunt,
472 518 501 535 ea
518 509 573 534 sere
583 507 649 532 ‘sunt
660 512 685 533 et
699 507 804 533 Graecis
823 507 908 533 literis
925 507 1052 533 celebrata
1065 512 1090 533 et
1106 508 1153 533 La—
1172 517 1200 536 10

119 543 191 569 tinis.
244 543 318 570 Idem
325 542 357 569 de
366 544 437 570 Orat.
447 553 464 574 1,
474 551 519 577 ¹94
545 543 634 574 Quun
649 550 737 574 verus,
756 542 837 568 iustus
850 549 928 577 atque
943 542 1063 569 honestus
1077 542 1153 569 labor

120 578 292 610 Honoribus,
313 580 435 613 praemiis
454 585 530 612 atque
542 576 680 610 splendore
694 577 841 604 decoratur.

155 619 173 639 D
183 619 251 640 Eco
260 620 278 639 R
288 614 310 640 A
320 621 341 640 'r
351 621 369 639 v
379 621 407 646 s,
426 623 448 644 a,
469 621 520 639 um.
551 612 645 638 Partic.
671 613 883 646 [κεκοσμημένος]
909 613 964 639 Cic.
976 612 1061 638 Tusc.
1076 619 1098 644 ς,
1112 621 1152 645 119

120 655 142 674 0.
159 658 195 682 40
224 648 304 682 Qtod
324 648 458 675 honestum
473 655 519 673 nos
539 652 565 672 et
582 647 716 674 laudabile
735 649 782 674 ess'e
803 648 932 680 dicimus,
953 647 980 673 id
1002 647 1044 673 illi
1059 648 1151 674 cassinn

118 683 260 718 quiddam,
281 690 306 710 et
320 684 390 710 inani
404 682 474 709 vocis
489 682 553 708 sono
565 682 717 709 decoratum
730 684 777 710 ess'e
792 684 898 716 dicunt,
915 690 960 709 etc.

118 725 222 745 coratus
249 720 292 746 Sil.
308 727 345 754 17,
359 721 416 750 650.
469 739 471 742 ⁴

152 760 220 781 DEC
231 760 251 780 ο
264 761 281 780 R
295 760 408 784 Ατιο,
428 752 495 778 ὃ1115.
516 751 535 778 f.
556 752 625 787 apud
644 753 780 788 Augustin.
818 774 825 780 .
863 773 869 780 .
907 773 913 780 .

152 795 171 815 D
180 794 197 816 E
206 796 222 816 C
233 795 252 816 O
263 797 281 816 R
289 797 310 817 A
319 796 344 816 Μ
351 794 397 815 EN
407 794 428 813 T
436 794 457 814 A
483 789 662 815 canteriorum
684 789 786 816 Arnob.
802 789 924 816 aduersus
933 790 1029 816 Gentes
1042 795 1063 822 ς.
1081 788 1151 815 Ter-

116 823 175 851 mil.
189 824 220 851 de
233 825 302 852 Cult.
317 825 386 851 Fem.
398 831 419 848 c.
432 830 466 849 12.

1015 684 1088 710 Auro
1111 683 1152 710 de·
1171 695 1196 721 ¹3
1216 684 1321 709 Phorm.
1334 693 1360 716 o,
1374 692 1399 716 z,
1413 689 1442 713 28
1463 684 1538 710 Prior
1552 684 1640 715 bibas,
1661 688 1735 720 prior
1749 687 1895 714 decumbas.

1614 104 1898 147 DEC

2205 127 2252 164 34

1252 195 1270 215 D
1279 197 1295 216 13
1304 195 1320 215 C
1329 196 1350 215 V
1359 198 1375 216 1,
1383 198 1403 217 A
1412 198 1433 216 N
1443 199 1466 221 1,
1487 192 1572 227 Populi
1580 194 1606 217 in
1613 191 1720 228 stcmzda
1728 197 1824 229 regione
1833 196 1919 221 Italiac
1927 206 2105 226 mcmerantura
2114 202 2138 227 Pl
2145 202 2177 227 in.
2189 211 2209 233 1,
2218 211 2250 228 ιι.

1251 232 1268 250 1)
1279 233 1294 251 r:
1306 232 1321 251 C
1334 233 1351 250 v
1365 232 1523 260 1.1³A‘rvs‚
1538 237 1560 257 a,
1575 237 1627 253 um.
1642 228 1701 254 Adi.
1722 229 1788 254 Gell.
1803 238 1839 261 19,
1850 239 1875 255 {O
1888 232 2062 261 Dchoncssum
2073 236 2250 271 tibidcculpa-

1216 265 1323 295 tumque
1336 260 1384 286 hoc
1400 262 1507 288 verbum
1521 263 1635 289 videtur.
1673 264 1763 290 Critici
1771 268 1833 290 enim
1846 269 1989 301 recensi-nm
1999 271 2085 302 libros,
2094 273 2158 306 quin!
2169 280 2250 298 'un-nm

1215 295 1280 321 rech
1295 295 1398 331 pryitum
1417 305 1472 322 nota
1492 298 1668 334 iiiligniebane,
1693 308 1751 334 quas
1773 300 1858 334 culpas
1878 303 2003 330 vocabant.
2039 308 2130 333 Smila.
2145 293 2204 334 aiot.
2219 308 2252 334 ad

1590 335 1698 360 Wower.
1713 334 1740 359 dc
1754 336 1890 368 polymath.
1906 346 1927 363 c.
1945 347 1982 368 17,
2000 349 2035 367 10.
2105 330 2119 342 ⁵

1253 373 1270 392 D
1279 374 1294 393 Γ.
1306 373 1323 393 C
1334 374 1353 392 V
1364 373 1379 392 1Λ
1390 374 1461 393 PAT
1473 376 1479 393 1
1492 374 1511 393 0
1523 388 1531 400 ,
1550 370 1616 395 (mis.
1639 369 1658 395 f.
1696 370 1831 402 Augustini.
1870 391 1876 398 .
1913 391 1919 397 .
1961 366 1966 373 ‘

1254 408 1297 428 1³13
1308 407 1324 427 c
1336 409 1356 428 v
1366 409 1381 427 1.
1391 410 1411 428 Τ
1422 410 1441 428 A
1453 409 1469 428 1<
1482 410 1500 427 v
1514 410 1532 428 Ν
1549 410 1570 429 Τ
1582 424 1588 434 ,
1608 403 1689 431 Valde
1704 406 1883 432 Occultaruut.
1921 408 2015 435 Festus.

1217 444 1270 499 Pru
1281 444 1320 464 nc
1330 443 1349 472 γ
1360 444 1383 463 Μ
1395 444 1416 464 A
1429 457 1437 471 ,
1475 439 1614 472 Hispaniae
1628 440 1770 474 oppidum,
1794 442 1822 467 in
1843 450 1972 469 conuentu
1987 445 2165 479 Cordubensi,
2193 446 2249 480 teste

1247 482 1282 498 in.
1305 482 1332 504 3,
1354 481 1371 498 1.

1253 514 1451 540 nizcvmvs,
1471 514 1514 548 Di}
1527 514 1543 534 c
1556 515 1734 541 VMAst‚
1753 511 1804 537 vid.
1829 517 2020 546 Decimvs,
2039 515 2086 549 sub
2106 523 2177 543 DFC
2190 525 2248 544 EM.

1252 549 1269 569 D
1280 550 1295 569 F.
1306 550 1322 567 1)
1333 549 1352 568 v
1367 549 1390 568 Μ
1403 550 1418 569 Β
1428 552 1462 574 (1,
1481 552 1519 575 111,
1538 545 1614 583 itum,
1629 547 1681 571 erc.
1701 545 1872 580 [κατάκειμαι]
1896 548 1960 575 Idem
1974 550 2249 584 quoichcuharc,iacc‘-

1216 588 1250 604 re.
1288 578 1418 604 Columel.
1432 586 1456 611 7.
1472 588 1496 610 9,
1511 587 1526 610 9
1551 579 1578 604 St
1593 588 1670 613 quem
1684 588 1765 607 mater
1777 581 1932 609 decumbens
1951 586 2118 618 oppresserit,
2144 588 2251 614 cubanti

1216 613 1368 640 substrahat.
1422 614 1519 640 'l‘crtia
1536 614 1600 640 falce
1614 614 1736 642 decubuit
1750 618 1828 643 Ceres
1848 618 1905 644 Scn.
1920 619 2016 646 Phocn.
2032 628 2082 654 371.
2140 623 2250 649 Decum—

1216 648 1279 675 bere
1292 657 1356 674 more
1370 655 1492 681 ueterum,
1511 649 1559 675 cibi
1567 649 1678 684 ficmeudi
1692 660 1777 686 gratia
1807 653 1888 679 Plaut.
1902 655 1982 681 Mcrc.
1999 664 2018 687 1,
2033 665 2052 687 1,
2067 663 2110 690 97.
2181 658 2250 685 Ter.

1951 690 1991 715 Sic
2006 691 2060 716 Cic.
2075 693 2151 718 Verr.
2167 701 2189 724 3,
2215 713 2220 718 .
2244 714 2249 719 .

1216 719 1380 745 Decumbere
1400 719 1431 745 ad
1450 720 1565 745 tabulam
1586 720 1651 746 laud.
1669 731 1697 747 ex
1712 724 1784 749 Varr.
1808 723 1838 749 de
1852 724 1882 750 R.
1898 724 1927 749 R.
1946 732 1967 756 3,
1989 734 2010 757 5,
2026 731 2058 755 18.
2113 727 2159 754 Sed
2171 728 2206 754 ihi
2218 727 2252 761 est

1216 755 1314 781 Narrat
1326 753 1357 780 ad
1372 754 1485 780 tabulam
1500 764 1557 780 cuin
1572 755 1729 789 diriberent,
1747 759 1875 791 quendam
1888 759 2084 794 deprehensum.
2139 763 2250 790 Decum-

1217 789 1296 821 bere,
1322 790 1424 829 Verbum
1432 793 1562 825 proprium
1580 791 1764 827 gladiatorum,
1784 803 1853 827 quum
1872 793 1918 829 1ῃὶ
1929 797 2069 822 vulneribus
2089 798 2199 833 conjeci!
2211 809 2251 825 ca-

1217 825 1287 850 dunt.
1324 826 1380 851 Cic.
1394 825 1475 851 Tusc.
1496 834 1521 857 2,
1542 834 1571 860 41
1593 835 1613 852 c.
1636 834 1663 860 17
1695 827 1804 853 Mittunt
1824 829 1902 855 etiam
1921 831 2075 858 vulneribus
2090 834 2204 860 cenfeffl
2219 835 2250 861 ad

154 866 172 886 D
183 867 199 887 Ε
209 866 226 886 c
238 861 315 887 ORA
325 865 345 884 M
356 864 418 890 ΕΝ,
435 858 494 884 i'nis.
513 867 539 884 n.
577 859 623 886 Sil.
639 861 675 890 16,
690 863 738 890 268
763 860 887 893 Victaque
899 859 1032 886 maiorum
1046 859 1152 885 decora·
1165 871 1200 890 20
1217 860 1349 892 dominos,
1360 861 1407 894 qui
1421 868 1557 895 quaerant,
1569 861 1633 895 quid
1641 862 1738 888 velint:
1759 862 1775 887 fi
1790 863 1950 891 satisfactum
1964 867 1996 892 iis
2016 866 2060 898 fit,
2080 868 2105 893 se
2123 869 2191 895 velle
2207 870 2249 896 de-

116 904 177 922 111011
197 896 298 927 fronte,
322 893 373 919 fine
393 892 448 920 vllo
484 893 592 927 Delapsa
609 895 723 922 0111116111
743 893 854 921 nudauit
874 901 993 928 tempora
1005 895 1083 928 regis.
1123 894 1153 920 Id

116 931 164 964 ast,
184 927 454 963 ornamentumfiwrum
467 932 594 956 maiorum.
665 931 775 957 Molitos
794 930 888 962 celsas,
912 930 989 956 fluuii
1008 930 1153 956 decorami-

116 975 164 998 na,
185 966 259 992 villas
277 963 373 990 Auson.
386 965 452 990 Mos.
468 972 521 996 320.
611 968 614 969 ’

152 1007 169 1027 D
179 1006 273 1027 ECOR
284 1004 303 1024 0
313 1006 354 1025 sv
365 1006 388 1031 s,
403 1007 426 1032 a,
441 1008 494 1025 um.
509 999 570 1026 Adi.
592 999 724 1036 [impende
738 1000 829 1027 decens
839 1001 918 1027 Glots.
929 1001 974 1027 Gr.
984 1001 1053 1034 Lat.]
1074 1000 1156 1027 Habet

116 1036 234 1062 Ambros.
249 1035 280 1060 de
294 1034 372 1060 Helia
385 1042 410 1061 et
431 1035 516 1061 Ieiun.
535 1044 556 1061 c.
573 1040 607 1065 18.
628 1044 652 1062 ει
673 1036 704 1062 de
728 1036 823 1063 Tobia
845 1045 867 1062 c.
881 1044 907 1071 7.

116 1072 169 1103 rili.
207 1089 213 1096 .
232 1077 293 1104 479.
766 1098 768 1100 ¹

149 1080 216 1132 DEpC
226 1114 244 1131 o
253 1112 289 1131 RI
300 1111 336 1137 0,
356 1108 408 1131 are.
444 1105 517 1132 Corio
530 1105 630 1133 nudare.
652 1107 819 1140 Dccorietur,
841 1107 904 1142 quia
918 1112 944 1132 et
958 1106 1013 1141 ipsa
1027 1105 1153 1141 despolia-

114 1141 183 1168 verit
200 1139 317 1167 Tertull.
332 1139 365 1166 de
382 1141 430 1167 An.
445 1149 466 1166 c.
482 1149 518 1172 33.

149 1181 351 1203 DECORIAT
362 1182 379 1199 v
391 1183 421 1208 s,
438 1184 468 1208 a,
486 1185 540 1202 um.
560 1177 627 1203 Part.
657 1177 800 1212 Amygdala
819 1177 953 1204 decoriata
983 1176 1079 1203 Pallad.
1098 1185 1114 1203 2
1134 1176 1153 1203 s.

112 1212 167 1238 Ian.
182 1220 215 1243 ις,
231 1219 265 1238 12.
285 1213 302 1238 i.
316 1210 459 1238 corticibus
472 1212 596 1246 spoliata,
611 1212 681 1247 ficut
695 1221 724 1249 p.
739 1223 762 1239 a.
783 1213 890 1251 dixerat.
928 1215 958 1240 Et
972 1213 999 1239 Si
1013 1211 1154 1239 difficulter
1166 1218 1197 1242 30
1215 1213 1298 1240 Serm.
1313 1222 1338 1245 2,
1354 1222 1361 1239 1
1394 1214 1539 1248 Decuplato
1559 1222 1670 1239 munero
1687 1213 1882 1248 Apostolorum.

113 1247 215 1273 corium
231 1245 372 1273 dimittent.

149 1288 167 1308 D
177 1288 192 1308 E
200 1289 217 1309 C
225 1290 244 1308 ο
255 1288 274 1308 R
282 1289 303 1309 T
313 1281 325 1308 1“
335 1287 352 1308 C
364 1289 383 1307 o
393 1302 402 1314 ‚
421 1286 473 1309 are.
510 1281 685 1318 [α’πολεπίζω]
721 1283 842 1309 Cor-ricem
858 1282 994 1309 detrahere.
1030 1283 1098 1309 Plin.
1115 1284 1154 1316 16,

113 1325 143 1350 39
158 1317 174 1344 s.
188 1324 225 1352 74
245 1317 324 1344 Caedi
338 1318 551 1352 intempestiuum
571 1318 676 1352 (Harii.
691 1319 893 1353 tempestiuum)
915 1327 981 1354 quae
994 1318 1154 1345 decorticen-

112 1359 164 1379 tur.
200 1353 351 1379 Scribonius
359 1354 456 1388 Largus
468 1354 612 1381 excastrare
626 1362 707 1381 vocat.
728 1355 774 1381 Sed
782 1354 833 1380 uid.
844 1355 922 1380 Rhod.
931 1358 957 1380 in
967 1355 1025 1380 Lex.
1033 1354 1153 1381 Scribon.

148 1394 218 1414 DEC
230 1395 465 1420 oR‘rmATio,
479 1390 546 1416 onis.
571 1391 591 1416 f.
617 1389 738 1416 verbale.
759 1390 771 1423 [

110 1430 152 1457 37,
166 1431 182 1456 9
203 1424 283 1457 Qiod
298 1424 313 1450 li
330 1424 434 1458 angusta
448 1425 620 1452 decorticatio
632 1425 731 1458 fuerit,
751 1425 819 1452 nihil
839 1432 916 1452 nocet
935 1425 1099 1459 supradictis.

146 1465 164 1484 D
174 1464 190 1485 Ε
200 1468 216 1485 c*
225 1466 243 1485 Ο
253 1467 271 1486 R
281 1467 301 1486 T
311 1458 323 1486 f
332 1461 379 1487 CA
388 1467 409 1487 T
421 1466 440 1484 v
451 1467 481 1493 s,
510 1469 534 1493 a,
556 1470 610 1487 um.
641 1462 735 1488 Partic.
769 1461 836 1488 Plin.
848 1463 884 1491 16,
897 1470 927 1495 41
943 1462 962 1487 s.
978 1466 1008 1491 80
1026 1461 1152 1487 Tradunt

110 1501 136 1520 et
149 1494 262 1521 abietem
277 1495 345 1522 circa
358 1496 563 1530 germinationes
583 1497 770 1524 decorticatam
783 1506 835 1532 qua
849 1497 966 1523 diximus
982 1497 1057 1528 luna,
1076 1497 1152 1531 aqui·

111 1538 165 1556 non
184 1531 328 1565 corrumpi.

146 1571 270 1593 nacon
283 1570 452 1599 VM,'D1-:c
466 1573 583 1600 0Rvs,
603 1567 657 1594 vid.
677 1574 816 1595 necoiz.

146 1607 214 1627 DEC
224 1608 243 1628 o
252 1607 272 1627 Τ
282 1608 298 1627 Ε
307 1610 335 1634 s,
365 1601 458 1628 Dictae
472 1603 531 1628 sunt
545 1609 622 1637 togae
637 1603 761 1636 attritae,
785 1601 856 1636 quali
870 1601 974 1628 cotibus
990 1600 1102 1627 detritae
1114 1606 1151 1627 at-

111 1645 162 1670 que
176 1637 326 1664 consumtae
338 1637 394 1664 lint.
431 1638 526 1664 Festus.
814 1654 815 1657 =

148 1677 166 1696 D
175 1678 300 1698 ECREM
310 1679 329 1698 o
338 1692 346 1704 ,
368 1677 422 1698 are.
458 1674 529 1699 Grex
542 1672 629 1698 omnis
643 1672 671 1698 in
690 1680 746 1698 aras
761 1673 900 1699 Decremet
925 1670 1033 1697 Tertul.
1048 1671 1089 1695 vel
1101 1670 1152 1700 cy-

111 1707 196 1739 prian.
209 1706 268 1732 adu.
282 1708 363 1733 Marc.
377 1709 464 1734 Carm.
479 1716 496 1734 2
509 1717 531 1734 c.
544 1716 566 1739 3.
586 1710 605 1732 i.
618 1707 747 1741 deflagrat.

949 1036 1008 1063 Vid.
1027 1038 1086 1062 Lex.
1103 1037 1153 1068 Cy·
1165 1038 1197 1065 23
1216 1036 1245 1063 de
1260 1046 1322 1072 quo,
1340 1036 1393 1076 yid.
1412 1042 1428 1063 C
1438 1045 1480 1064 Vl’
1490 1044 1521 1064 A.

777 1390 935 1425 εἰπολένησις]
956 1390 1022 1416 Ρ1111.
1036 1398 1073 1423 17,
1087 1399 1119 1423 24
1134 1390 1151 1416 s.
1169 1396 1196 1422 35
1216 1392 1304 1424 Sexti,
1324 1391 1386 1425 quid
1401 1391 1567 1417 decreuerint
1580 1391 1685 1424 Capuae
1704 1390 1867 1416 decuriones.

1216 895 1349 922 cumbere.
1384 896 1499 922 Honeste
1514 895 1687 929 decumbere,
1707 897 1734 922 id
1749 896 1796 929 eli,
1817 900 1887 924 Mori
1904 900 1974 926 Idem
1990 901 2100 936 Philipp.
2116 912 2171 937 3‚3;
2182 914 2249 939 c.14.

1253 937 1270 956 D
1280 937 1296 957 E
1306 937 1350 957 CV
1361 938 1380 956 N
1392 939 1409 957 x
1420 951 1427 963 ,
1442 932 1524 957 uncis.
1540 941 1574 958 m.
1596 933 1682 957 Decem
1704 935 1799 958 unciae.
1836 934 1949 961 Fannius
1967 936 1999 961 de
2019 938 2097 963 Pond.
2112 948 2137 965 v.
2152 942 2188 973 46
2216 941 2251 967 At

1217 965 1234 992 si
1250 966 1391 992 sextantem
1410 966 1539 1000 retrahis,
1560 967 1611 993 erit
1626 966 1672 993 ille
1684 967 1812 993 decuncis.

1251 1008 1269 1027 D
1280 1008 1295 1027 E
1307 1006 1324 1027 C
1335 1009 1354 1027 v
1368 1008 1381 1027 P
1392 1008 1427 1032 A,
1440 1011 1477 1028 ae.
1498 1003 1518 1028 f.
1556 1002 1678 1038 Fmgcndo
1691 1006 1784 1028 110111ίηί
1798 1001 1939 1036 occasionem
1953 1003 2019 1031 dedit
2026 1006 2124 1034 Vinum
2139 1009 2169 1035 de
2178 1010 2253 1046 Cupa

1253 1079 1270 1098 D
1280 1079 1295 1098 a
1304 1079 1320 1098 c
1330 1080 1349 1098 v
1359 1080 1373 1098 P
1382 1079 1427 1098 LV
1436 1081 1448 1099 s
1458 1093 1466 1105 ,
1486 1082 1509 1104 a,
1529 1081 1583 1098 um.
1611 1071 1669 1098 Adi.
1705 1069 1895 1106 [ἓεκαπλάσως]
1935 1074 1967 1100 Id
1977 1073 2009 1107 est
2018 1095 2027 1107 ,
2046 1077 2133 1103 Decz'e1
2145 1085 2250 1107 tantum.

1216 1107 1275 1134 Liu.
1289 1116 1327 1140 39,
1335 1116 1372 1141 44
1392 1108 1437 1134 Vti
1451 1117 1480 1134 ea
1494 1116 1600 1143 quoque
1614 1107 1724 1141 decuplo
1737 1113 1811 1133 tanto
1820 1107 1901 1141 pluris
1914 1110 1960 1143 qui
1974 1111 2065 1143 quanti
2079 1113 2166 1145 essent,
2178 1116 2251 1142 aesti-

1213 1150 1357 1169 marentur.
1396 1144 1426 1169 In
1439 1143 1642 1169 emendatioribus
1656 1142 1778 1168 codicibus
1789 1144 1896 1178 legitur,
1916 1145 2010 1171 Decem
2025 1153 2096 1173 tanto
2105 1168 2113 1180 ,
2127 1156 2171 1174 etc.

1252 1185 1269 1204 D
1279 1185 1319 1205 Ec
1329 1185 1348 1203 v
1359 1185 1373 1204 Ρ
1383 1185 1398 1203 L
1410 1180 1460 1205 A'T
1470 1185 1489 1203 v
1500 1187 1511 1205 s
1521 1196 1529 1208 ,
1543 1187 1567 1210 a,
1581 1187 1633 1203 uin.
1654 1178 1713 1204 Adi.
1736 1178 1811 1204 Idem.
1849 1180 1953 1213 August.
1969 1182 1996 1206 111
2011 1182 2067 1208 Fer.
2082 1191 2095 1208 :2
2112 1184 2251 1212 Pentecost-

1952 1217 2058 1243 qucnc.
2073 1218 2101 1244 in
2115 1219 2210 1246 Matth.
2225 1227 2251 1252 18

1216 1250 1256 1275 Sic
1270 1248 1403 1283 decuplata
1418 1251 1493 1284 super
1507 1249 1638 1275 donentur
1652 1249 1761 1275 vulnera
1774 1249 1860 1275 fratri.

1253 1291 1271 1311 D
1280 1292 1297 1311 E
1307 1291 1325 1311 C
1335 1291 1353 1310 v
1364 1292 1382 1310 R
1391 1292 1406 1311 E
1416 1292 1428 1312 S
1438 1305 1446 1317 ,
1471 1285 1640 1310 Decuriones.
1676 1284 1772 1310 Festus.

1252 1327 1270 1346 D
1279 1327 1294 1346 E
1304 1325 1321 1346 C
1332 1327 1353 1346 V
1362 1327 1380 1346 R
1391 1328 1399 1346 Ι
1411 1326 1429 1346 O
1440 1340 1446 1351 ,
1461 1320 1527 1346 onis.
1546 1329 1581 1346 m.
1602 1317 1777 1355 [δεκάδαρχος]
1797 1320 1827 1345 In
1835 1322 1977 1355 municipiis
1990 1329 2013 1347 et
2027 1324 2129 1350 coloniis
2143 1324 2206 1351 idem
2219 1325 2251 1359 est

1216 1356 1347 1386 Decuri0‚
1368 1359 1409 1390 qui
1429 1357 1516 1381 Romae
1535 1356 1646 1382 Senator.
1716 1355 1771 1381 Cic.
1788 1363 1835 1388 pro
1853 1355 1941 1381 Sextio
1958 1365 1985 1381 10
2007 1358 2095 1385 Recita
2117 1362 2211 1394 quaeso
2226 1363 2251 1388 Ρ.

1939 1392 2005 1418 Ρ1111.
2018 1394 2095 1427 Epist.
2112 1404 2130 1427 1,
2144 1404 2171 1428 19
2198 1398 2251 1424 Esse

1215 1434 1303 1453 autem
1319 1427 1369 1453 tibi
1384 1434 1486 1453 centum
1500 1426 1617 1452 millium
1630 1426 1749 1458 censum,
1771 1426 1830 1452 satis
1842 1425 1956 1459 indicat,
1976 1430 2046 1462 quod
2065 1431 2131 1464 apud
2146 1440 2193 1457 nos
2207 1433 2251 1459 de-

1215 1463 1290 1489 curio
1307 1471 1341 1488 es.
1383 1463 1468 1497 Igitur
1481 1468 1508 1489 vt
1522 1468 1546 1488 te
1561 1470 1613 1487 non
1626 1461 1768 1487 decurione
1783 1461 1877 1492 solum,
1897 1470 1989 1488 verum
2004 1465 2082 1490 etiam
2099 1468 2186 1501 equite
2200 1469 2251 1495 Ro.

1214 1507 1293 1524 mano
1308 1498 1492 1532 perfruamur,
1516 1497 1600 1523 offero
1622 1496 1673 1523 tibi
1691 1496 1723 1521 ad
1738 1496 1880 1529 implendas
1895 1497 1992 1530 equitis
2013 1499 2125 1527 Romani
2143 1502 2251 1530 faculta-

1215 1540 1254 1559 tes
1278 1539 1393 1559 trecenta
1413 1533 1497 1558 millia
1518 1530 1638 1557 numstm.
1681 1531 1840 1564 Pomponius
1853 1532 2054 1559 Iurisconsultus
2068 1535 2139 1567 l.2z9
2147 1537 2178 1562 de
2186 1539 2250 1564 V.S.

1157 1575 1194 1599 40
1213 1568 1375 1593 Decurioues
1390 1566 1498 1601 quidam
1512 1565 1596 1592 dieios
1610 1566 1684 1591 aiunt
1695 1574 1743 1596 eo,
1762 1565 1832 1599 quod
1847 1566 1874 1590 in
1888 1566 1967 1592 initio
1982 1577 2063 1601 quum
2077 1569 2196 1597 coloniae
2207 1572 2250 1598 de-

1213 1602 1385 1633 ducerentur,
1411 1601 1512 1628 decima
1528 1610 1585 1635 pars
1604 1609 1713 1631 eorum,
1725 1600 1772 1634 qui
1790 1600 1996 1633 deducerentur,
2029 1604 2130 1631 confini
2149 1607 2251 1640 publici

1213 1638 1297 1671 gratia
1310 1636 1440 1663 conscribi
1451 1633 1526 1662 solita
1539 1636 1577 1661 fit.
1625 1635 1683 1661 Viti.
1703 1642 1726 1660 et
1739 1634 1802 1660 Fest.
1817 1642 1840 1660 et
1856 1635 1928 1661 Non.
1945 1644 1981 1668 12,
1995 1644 2021 1671 7.
2078 1640 2125 1666 Sed
2140 1642 2251 1677 refirm-

1205 1672 1245 1705 stc
1264 1670 1345 1698 dicias
1363 1672 1503 1698 arbitratur
1510 1673 1612 1706 potius,
1627 1670 1692 1705 quod
1702 1672 1728 1695 in
1746 1669 1863 1696 decurias
1882 1669 2011 1703 distributi
2030 1674 2175 1708 videantur,
2192 1680 2250 1706 Rer,

1213 1706 1318 1741 Augifi.
1336 1707 1434 1734 Vindel.
1449 1715 1461 1740 ς
1474 1716 1498 1741 p.
1513 1714 1558 1740 74,
1571 1713 1626 1737 199.
1684 1706 1749 1731 Nam
1762 1705 1842 1739 primi
1857 1705 2014 1740 singularum
2028 1709 2192 1738 decuriarum
2206 1714 2250 1740 de-

148 1746 193 1766 DE
204 1746 220 1766 c
232 1748 344 1772 REro,
368 1747 420 1767 are.
458 1740 633 1775 Camstrepitu
652 1740 787 1775 exspirare,
800 1739 829 1764 de
847 1738 964 1770 candela,
985 1737 1039 1764 vid.
1061 1737 1195 1774 scalig-43
1214 1742 1335 1767 curiones
1349 1741 1471 1777 (11011-[θα.
1487 1743 1562 1767 Varr.
1577 1739 1607 1765 de
1622 1741 1650 1766 L.
1660 1740 1689 1768 L.
1705 1749 1732 1772 4,
1749 1743 1784 1766 16.
1818 1740 1908 1768 Isidor.
1923 1751 1950 1775 4,
1963 1751 1979 1774 9
1999 1744 2159 1775 Decuriones
2174 1749 2249 1783 dieti,

109 1774 144 1800 ad
153 1774 219 1800 Fest.
240 1784 295 1799 voce
312 1775 473 1808 Deci-epirus.

147 1815 165 1834 D
174 1815 190 1835 E
199 1814 215 1835 C
225 1816 244 1834 R
252 1815 269 1834 E
278 1815 292 1834 Ρ
302 1807 315 1834 ἴ
325 1814 346 1834 Τ
355 1815 375 1834 V
384 1816 408 1841 S,
429 1817 452 1838 a,
464 1817 517 1834 um.
537 1808 597 1834 Adi.
616 1806 761 1843 [ὖπὲργηρος
768 1825 776 1837 ,
788 1806 959 1840 ἔκπεπνευκῶς,
971 1806 1062 1840 ἑφθός,
1072 1808 1152 1843 γέρων.

111 1844 171 1870 Vet.
184 1844 283 1878 Gioffi]
319 1843 453 1878 Decrepiti
472 1844 577 1879 (inquit
597 1844 732 1874 Donatus)
753 1842 819 1869 (11611
840 1843 899 1869 sunt
915 1852 1031 1877 quorum
1050 1844 1151 1878 crepitu

109 1885 136 1905 et
148 1879 273 1914 plangore
282 1878 414 1912 familiae,
424 1879 529 1905 fuerant
538 1880 591 1905 iam
605 1879 766 1905 conclamata
779 1878 881 1905 funera.
919 1878 986 1904 Idem
1002 1878 1112 1913 Adelph.
1127 1887 1151 1912 ς,

109 1920 133 1947 8,
146 1918 174 1942 16
194 1915 333 1949 Decrepita
345 1923 425 1946 anus,
446 1922 491 1941 aut
505 1914 639 1941 stomacho
657 1914 723 1940 anili
742 1921 767 1940 et
786 1914 928 1940 iracundo:
948 1921 993 1940 aut
1008 1914 1189 1948 decrepita,50

109 1950 196 1977 obtusi
211 1951 308 1982 animi,
324 1956 350 1976 et
366 1950 448 1976 laesae
462 1950 615 1977 senee'tutis:
637 1956 681 1975 aut
694 1950 842 1984 decrepita,
861 1950 904 1976 cui
925 1950 999 1983 saepe
1011 1950 1150 1976 moribun—

111 1986 158 2012 dae
171 1986 303 2021 crepuerit
321 1985 426 2020 planetu
445 1986 565 2018 familia,
590 1989 609 2012 i.
630 1985 792 2012 clamauerit.
847 1985 913 2012 Idem
928 1986 1023 2011 Donat.
1036 1984 1068 2011 ad
1081 1985 1149 2011 Ter.

358 2022 485 2056 Crepuit,
516 2020 648 2048 resonuit:
673 2027 702 2047 vt
722 2020 847 2054 decrepiti
869 2022 926 2047 sunt
947 2017 1051 2046 clamofi
1068 2021 1148 2046 senes.

109 2021 158 2048 Ad.
178 2030 204 2054 2,
222 2031 235 2054 3
261 2028 326 2047 extr.

452 2056 567 2090 Certestc
580 2055 710 2090 Eugraph.
730 2056 761 2082 ad
776 2058 844 2083 Ter.
859 2057 923 2082 Eun.
939 2065 961 2088 2,
975 2064 985 2081 1
1005 2062 1068 2081 extr.
1099 2056 1149 2081 De-

111 2058 184 2084 Forte
196 2057 289 2084 excidit
307 2059 415 2093 negatio.

109 2092 205 2127 erepiti
239 2107 284 2112 —
320 2092 337 2119 fi
351 2092 459 2127 quidem
471 2092 549 2126 longa
562 2091 694 2118 senectute
712 2093 757 2118 vix
770 2092 847 2126 loqui
859 2093 975 2126 potsunt,
995 2097 1020 2116 et
1036 2096 1149 2116 1311111111-
1165 2097 1192 2123 ςς

110 2128 200 2154 modo
211 2127 302 2154 fratffis
319 2127 430 2161 vocibus
448 2127 611 2162 loquuntur,
629 2137 657 2154 ac
677 2128 736 2154 sunt
749 2128 819 2162 quasi
838 2128 964 2162 quaedam
983 2126 1147 2160 crepitacula.

111 2163 215 2196 Festus,
242 2163 412 2199 Decrepitus,
436 2163 600 2198 desperatus,
627 2172 733 2197 crepera
752 2164 804 2189 iam
819 2163 890 2194 vita,
915 2170 943 2188 vt
956 2162 1147 2196 crepusculum,

109 2204 256 2225 extremum
271 2198 326 2225 diei
339 2206 448 2233 tempus.
484 2199 544 2226 Siue
560 2199 708 2233 decrepitus
720 2198 806 2225 dicius
815 2219 824 2232 ,
838 2198 901 2233 quia
914 2204 1021 2233 propter
1033 2197 1148 2224 senectu-

109 2240 162 2260 tem
175 2243 221 2261 nec
234 2243 344 2261 mouere
358 2236 398 2267 se,
417 2244 465 2261 nec
479 2235 563 2261 vllum
577 2235 664 2261 facere
679 2235 761 2268 potest
775 2235 913 2269 crepitum.
959 2234 1067 2260 Nonius
1082 2243 1102 2266 1,
1115 2241 1148 2267 4ς

110 2270 246 2305 Decrepiti
262 2271 347 2302 senes,
372 2271 399 2296 in
419 2270 502 2297 dubio
522 2271 593 2297 vitae
613 2270 757 2297 constituti.

112 2306 214 2333 Taubm.
228 2306 262 2332 ad
274 2306 354 2333 Plaut.
368 2306 467 2341 Epidic.
481 2315 504 2340 ς,
519 2315 542 2339 2,
557 2315 566 2333 1
578 2316 602 2333 ,α
614 2308 713 2333 lucerna
724 2307 765 2332 vel
776 2305 891 2337 candela,
909 2314 967 2341 quae
981 2306 1094 2331 ultimum
1107 2314 1147 2330 ex-

96 2341 207 2378 spirant
226 2346 345 2376 crepitum
359 2343 426 2368 edere
433 2343 508 2378 solet,
521 2343 573 2368 dici
583 2340 723 2375 existimat,
741 2342 812 2377 idque
826 2349 928 2377 proprie
948 2340 1076 2376 decrepare
1095 2339 1147 2373 effi.

107 2377 179 2404 Adde
199 2378 288 2403 Gatak.
307 2381 334 2403 in
354 2378 431 2404 Cirino
451 2388 473 2409 2,
495 2388 524 2413 14
554 2381 596 2414 qui
614 2378 716 2405 Taubm.
730 2378 880 2414 sententiam
893 2377 1010 2412 pluribus
1029 2374 1146 2407 illustrat.

107 2412 176 2439 Add.
190 2413 300 2439 Kirchm.
314 2413 343 2439 de
360 2415 419 2439 Fun.
432 2415 502 2440 Rom.
516 2421 566 2440 112.
620 2413 688 2439 Ter.
703 2414 765 2439 Eun.
781 2421 806 2444 2,
821 2422 840 2445 1,
855 2420 884 2445 23
905 2413 973 2438 Cum
988 2420 1049 2437 meo
1062 2411 1147 2437 decre-

107 2448 164 2482 pito
186 2447 235 2474 hoc
255 2448 392 2474 Eunucho.

108 2483 209 2510 ducam.
281 2484 337 2510 Cic.
351 2484 433 2510 Tusc.
449 2493 519 2518 1„94
548 2485 585 2510 Ex
599 2483 640 2510 his
653 2485 754 2518 igitur,
773 2483 839 2510 hora
852 2482 946 2509 0613113
961 2492 1029 2517 quae
1040 2489 1147 2509 mortua

108 2519 158 2549 est,
174 2518 298 2553 proue&a
312 2524 395 2546 aetate
410 2524 514 2545 mortua
529 2519 578 2545 est:
602 2528 669 2554 quae
683 2528 748 2546 vero
768 2519 905 2546 occidente
918 2518 987 2550 sole,
1007 2518 1146 2552 decrepita.

107 2553 181 2580 Idem
194 2563 243 2589 pro
256 2555 326 2582 Cael.
347 2561 374 2587 38
393 2565 414 2581 c.
429 2557 456 2580 16
490 2556 561 2581 Huic
576 2555 645 2581 tristi
665 2564 694 2581 ac
712 2555 845 2590 decrepito
864 2555 918 2581 seni
932 2555 1070 2588 respondet
1084 2555 1148 2580 Cae-

109 2589 177 2615 lius?
203 2592 313 2625 plerique
325 2592 399 2617 MSS.
413 2590 531 2617 Directo.
576 2591 609 2617 Id
620 2591 685 2626 quod
699 2591 809 2617 omnibus
821 2591 925 2617 criticis
932 2590 991 2625 fere
999 2591 1098 2624 placere
1111 2592 1149 2615 vi-

109 2623 158 2649 deo.
200 2625 256 2649 Vid.
273 2626 359 2650 Graeu.
373 2625 413 2650 ad.
429 2627 473 2650 Ioc-

147 2665 164 2684 D
173 2665 188 2684 F.
198 2665 214 2685 C
224 2666 241 2685 R
251 2665 287 2685 Es
296 2665 312 2685 C
321 2666 340 2684 O
349 2678 356 2690 ,
377 2659 437 2690 cui,
456 2663 544 2690 etum,
568 2661 620 2684 ere.
657 2660 670 2692 [
682 2661 787 2691 μειῑὲμαι
800 2661 812 2693 ]
847 2662 962 2685 Diminni
971 2678 977 2688 ,
996 2657 1063 2693 quast
1079 2664 1146 2684 retro

107 2695 222 2728 cresccre.
275 2694 391 2720 Martial.
405 2700 431 2728 7,
448 2701 483 2725 33,
497 2695 513 2719 6
538 2694 685 2720 Decreuere
701 2703 806 2728 greges,
827 2703 909 2727 quum
929 2694 997 2719 cadit
1017 2702 1082 2724 agna
1095 2694 1146 2719 fre-

109 2737 199 2763 quens.
271 2730 417 2756 Contraria:
449 2728 530 2754 Plaut.
546 2729 654 2754 Curcul.
668 2737 693 2760 2,
707 2738 726 2760 1,
739 2740 757 2762 4
790 2728 923 2755 Valetudo
941 2729 1087 2759 Dect-escit,
1105 2737 1145 2753 ac-

108 2764 200 2790 crescit
216 2763 299 2790 labor.
370 2765 518 2790 Contraria:
553 2763 609 2788 Cic.
623 2762 654 2788 de
668 2763 760 2789 Diuin.
783 2772 808 2794 2,
822 2772 847 2794 33
881 2763 1034 2796 Ostreisque
1047 2769 1072 2787 et
1083 2771 1143 2787 con-

109 2799 204 2831 chyliis
217 2799 343 2825 omnibus
352 2799 504 2833 contingere
514 2819 521 2830 ,
540 2804 568 2824 vt
581 2807 639 2823 cum
654 2798 716 2824 luna
730 2798 830 2832 pariter
843 2799 972 2828 Crescant,
991 2798 1143 2831 pariterque
1155 2803 1186 2830 75

344 2835 452 2861 Cornua
465 2833 615 2860 decrescunt
643 2833 725 2860 Ouid.
740 2834 803 2859 Met.
824 2842 843 2865 1,
862 2841 925 2868 740.
996 2832 1088 2859 Febris
1100 2832 1143 2859 de-

109 2872 201 2898 crescit
222 2870 287 2897 Cels.
302 2879 322 2903 3,
337 2872 361 2896 6.
433 2870 519 2895 Metus
534 2868 656 2896 decrescit
683 2869 727 2895 Sil.
743 2877 769 2903 7,
784 2874 823 2899 82.
895 2868 989 2894 Effoffo
1009 2877 1142 2903 marmore

109 2906 258 2933 decrescunt
271 2906 375 2932 Montes
405 2904 487 2932 Ouid.
504 2904 534 2930 de
548 2906 611 2930 Arte
625 2906 683 2931 Am.
703 2913 725 2936 3,
746 2913 794 2937 123.
865 2904 977 2932 Morbus
995 2903 1142 2931 decrescere

110 2942 204 2976 incipit
234 2941 302 2968 Cels.
324 2950 344 2973 3,
363 2950 402 2967 20.
456 2941 543 2967 Vestes
564 2939 714 2966 decrescunt
731 2940 835 2974 pucriS,
855 2942 874 2966 1².
897 2940 949 2966 illis
980 2939 1143 2975 crescentibus

108 2978 226 3004 videmur
238 2976 426 3011 breuiores-fieri
447 2977 509 3002 Stat.
528 2976 592 3002 Silu.
619 2985 644 3008 2,
663 2985 682 3008 1,
699 2983 753 3010 127.

109 3022 135 3047 2,
150 3021 180 3046 59
193 3013 213 3039 s.
225 3015 268 3039 60.
340 3013 407 3038 Hor.
430 3010 482 3038 Od.
502 3022 530 3045 4,
549 3019 575 3046 7,
596 3020 608 3043 3
645 3026 689 3030 -
726 3018 751 3037 01
772 3010 947 3037 decrescentia
977 3012 1047 3045 ripas
1083 3011 1142 3038 Flu-

109 3049 181 3075 mina
194 3054 366 3083 praetereunt.
436 3048 511 3074 Luna
530 3047 677 3074 decrescens
705 3046 771 3072 Plin.
793 3055 836 3081 27,
850 3055 875 3079 9.
946 3046 1036 3073 Vndae
1055 3047 1142 3074 decre-

107 3085 203 3112 scentes
224 3083 304 3111 Ouid.
319 3084 382 3110 Met.
399 3092 417 3113 1,
430 3091 491 3117 345..

143 3127 162 3147 D
170 3127 187 3146 E
195 3126 211 3147 C
220 3126 238 3144 1².
248 3121 266 3146 ἐ
276 3127 297 3146 Τ
305 3127 326 3145 v
335 3126 347 3145 S
356 3128 455 3151 ,a,um.
470 3119 537 3145 Part.
552 3117 640 3144 Νοᾶο
647 3116 742 3152 dieque
756 3116 888 3144 decretum
901 3124 928 3143 et
941 3117 1061 3144 auctum:
1080 3118 1145 3153 quod

111 2835 272 2861 Decrescant.

826 2271 936 2306 Scaliger
948 2269 982 2295 ad
996 2267 1102 2302 Ffflum,
1125 2276 1148 2295 ct
1155 2275 1190 2299 60

462 2449 534 2474 Idem
549 2448 623 2474 Adel.
644 2457 666 2488 ς,
682 2453 705 2481 8,
720 2451 747 2475 16
784 2449 870 2483 Atque
890 2457 968 2474 anum
988 2447 1146 2481 decrepitam
1159 2451 1190 2483 63

1153 2631 1189 2658 70
1201 2623 1297 2659 praeest
1310 2627 1355 2649 vni
1368 2625 1474 2648 militum
1486 2622 1606 2648 decuriae.

825 2976 994 3001 Decrescente
1014 2975 1058 3001 die
1075 2976 1141 3001 Plin.
1154 2977 1186 3002 80
1203 2978 1327 3010 firmaque
1341 2976 1482 3010 aliquando
1495 2975 1639 3015 injingzjlir
1652 2976 1759 3002 decursis
1773 2977 1836 3002 miHe
1852 2985 1874 3003 et
1885 2988 1909 3004 co
1929 2982 2042 3014 amplius.

1215 1775 1286 1810 quod
1308 1775 1355 1802 tint
1375 1776 1406 1802 de
1427 1777 1521 1803 ordine
1541 1776 1647 1802 Curiae.
1705 1774 1830 1802 Officium
1851 1777 1922 1803 enim
1941 1779 2038 1806 Curiae
2059 1781 2248 1811 administrant.

1214 1811 1289 1838 Vnde
1302 1820 1356 1837 non
1371 1811 1407 1837 est
1419 1811 1602 1846 Decuri0‚qui
1621 1812 1747 1837 sumniam
1766 1820 1819 1837 non
1833 1812 1938 1845 intulit,
1964 1815 2005 1840 vel
2021 1816 2129 1843 Curiam
2144 1821 2249 1852 partici-

1214 1847 1296 1881 pauit.
1331 1847 1450 1874 Curiales
1473 1853 1559 1874 autern
1574 1846 1656 1873 iidem
1670 1852 1695 1872 01
1708 1847 1879 1874 Decuriones.
1930 1849 1961 1874 Et
1974 1849 2039 1876 dieti
2053 1851 2178 1886 Curiales,
2188 1857 2249 1889 quia

1213 1882 1305 1908 ciuilia
1327 1891 1436 1910 munera
1455 1889 1594 1918 procurant
1607 1888 1632 1908 et
1648 1883 1831 1916 exsequuntur.
1885 1884 1941 1910 Vct.
1954 1884 2033 1911 Gloss.
2047 1888 2182 1922 βκλευτῆς,
2200 1892 2249 1917 De-

1212 1918 1304 1950 curio,
1323 1918 1447 1944 Curialis.
1484 1921 1551 1944 Hinc
1563 1919 1620 1944 Vet.
1633 1919 1743 1951 interpr.
1758 1918 1838 1943 Marc.
1853 1926 1887 1950 15,
1901 1927 1940 1950 43.
1955 1926 1977 1945 et
1990 1920 2052 1946 Luc.
2067 1930 2105 1953 23,
2119 1931 2157 1954 50.
2179 1935 2249 1960 quem

1212 1953 1367 1988 Euangehsta
1388 1953 1508 1984 βελεοτὴν
1528 1960 1614 1984 uocat,
1643 1953 1818 1978 Decurionem
1838 1952 1904 1978 reHe
1916 1960 1940 1978 et
1960 1955 2049 1981 Latine
2060 1957 2179 1986 reddidit.
2217 1964 2248 1988 Et

1211 1998 1270 2014 vero
1282 1989 1450 2015 Buleutaruin
1466 1998 1514 2014 vox
1530 1996 1577 2022 pro
1591 1987 1770 2014 Decurionibus
1787 1994 1811 2012 et
1829 1987 1896 2022 apud
1914 1988 1981 2015 Plin.
2000 1991 2092 2026 legitur
2111 1994 2188 2028 Epist.
2210 2005 2237 2023 10

1210 2032 1254 2055 49.
1290 2024 1424 2056 Det-urio,
1443 2023 1577 2054 βελευτὴς,
1597 2019 1746 2055 δεκαδάρχης
1766 2023 1918 2049 νο1.,61011“.
1955 2025 2116 2055 Decuriones
2131 2017 2248 2060 colonici

1210 2059 1316 2084 Sueton.
1335 2060 1399 2092 Aug.
1424 2061 1468 2090 46.
1539 2057 1577 2083 Id.
1591 2065 1636 2083 100
1662 2057 1763 2091 Corpus
1781 2056 1888 2093 Augusti
1907 2059 2068 2088 Decuriones
2088 2066 2248 2102 municipio-

1209 2102 1269 2119 rum
1283 2100 1309 2119 et
1324 2093 1490 2119 coloniarum
1500 2101 1516 2118 3
1530 2092 1602 2118 Nola
1615 2092 1730 2118 Bouillas
1745 2093 1826 2127 vsque
1838 2093 2017 2129 deportarunt,
2035 2099 2158 2127 nofflbus
2188 2112 2248 2137 pro-

1210 2135 1267 2162 pter
1281 2130 1342 2155 anni
1355 2135 1472 2162 tempus,
1497 2136 1579 2162 quum
1594 2127 1710 2154 interdiu
1726 2128 1753 2154 in
1768 2128 1872 2155 basilica
1890 2130 2017 2166 cuiusque
2034 2135 2142 2168 oppidi,
2161 2122 2203 2164 izcl
2219 2140 2247 2166 in

1210 2164 1315 2190 aedium
1335 2165 1463 2190 sacrarum
1482 2163 1611 2195 maxima,
1635 2170 1817 2198 reponeretur.
1868 2166 1935 2200 ‚Quae
1943 2167 2060 2202 sciamur
2077 2170 2105 2196 de
2117 2172 2156 2198 his
2170 2175 2247 2201 Decu-

1208 2200 1337 2231 rionibus,
1362 2200 1458 2235 collegit
1483 2208 1511 2224 ac
1526 2199 1622 2234 digeffit
1640 2201 1691 2225 lac.
1714 2199 1830 2235 Gothosr.
1847 2200 1881 2226 ad
1898 2201 1958 2228 Tit.
1977 2203 2007 2229 C.
2021 2204 2131 2233 Theod.
2151 2211 2194 2240 (12
2220 2213 2248 2242 1)

1208 2235 1241 2261 de
1255 2236 1448 2261 Decurionibus
1470 2238 1496 2260 in
1510 2235 1634 2260 Paratitlo
1655 2233 1815 2270 amplffmo,
1834 2243 1858 2261 et
1875 2239 1903 2262 in
1922 2237 2064 2267 Commentt.
2120 2242 2160 2275 Est
2173 2230 2248 2272 etiam

1207 2280 1282 2307 genus
1304 2271 1484 2297 Dccurionum
1505 2269 1610 2300 Palatii,
1644 2269 1672 2296 de
1691 2270 1776 2305 quibus
1795 2271 1858 2297 idem
1886 2273 2002 2308 Gothosr.
2023 2275 2057 2301 ad
2071 2276 2089 2303 l.
2109 2286 2119 2304 1
2140 2279 2169 2306 C.
2188 2281 2236 2308 Th

1207 2309 1253 2339 (6,
1266 2310 1313 2338 23)
1333 2306 1366 2332 de
1379 2304 1577 2332 Decurionibus
1598 2311 1624 2331 et
1641 2305 1808 2332 Silentiariis.
1833 2309 1863 2332 it.
1884 2309 1963 2343 Vales.
1979 2309 2014 2335 ad
2024 2313 2147 2340 Ammian.
2170 2324 2204 2342 20
2227 2326 2247 2350 4

1208 2351 1233 2376 Ρ,
1247 2344 1309 2373 264.
1464 2338 1485 2378 ff
1503 2349 1515 2366 2
1552 2338 1592 2373 Est
1606 2347 1629 2366 et
1642 2344 1678 2367 rei
1690 2343 1811 2367 militaris
1823 2352 1906 2368 nomen
1920 2344 2045 2372 Deeurio.
2083 2349 2172 2383 Veget.
2187 2336 2244 2385 2514

1208 2376 1440 2410 Quemadmodum
1459 2376 1528 2402 inter
1548 2375 1647 2410 pedites
1667 2377 1784 2403 centuria
1804 2377 1846 2403 vel
1865 2380 2013 2413 manipulus
2030 2383 2188 2417 appellatur,
2207 2387 2244 2413 ita

1207 2413 1276 2439 inter
1289 2412 1391 2446 equites
1405 2418 1492 2438 turma
1505 2411 1612 2438 dicitur.
1649 2413 1680 2438 Et
1687 2411 1766 2439 habet
1778 2422 1828 2439 vna
1841 2420 1926 2440 turma
1940 2416 2041 2449 equites
2049 2418 2158 2451 triginta
2168 2420 2243 2448 duos.

1207 2449 1277 2475 Huic
1290 2447 1338 2482 qui
1352 2447 1458 2482 praeest,
1478 2448 1592 2474 Decurio
1605 2449 1766 2474 nominatur.
1802 2448 1914 2474 Centum
1931 2457 2016 2475 autem
2032 2451 2131 2484 pedites
2143 2455 2175 2481 ab
2190 2466 2244 2484 vno

1206 2484 1376 2516 centurione,
1397 2483 1444 2509 sub
1463 2492 1515 2509 vno
1529 2483 1627 2510 vexillo
1647 2482 1838 2516 gubernantur:
1853 2483 1973 2510 similiter
1986 2485 2094 2520 triginta
2103 2489 2156 2516 duo
2170 2492 2244 2526 equi.

1207 2527 1244 2545 tes
1257 2519 1288 2545 ab
1303 2528 1356 2544 vno
1372 2519 1521 2544 Decurione
1530 2539 1538 2550 ,
1558 2518 1605 2544 sub
1618 2526 1671 2543 vno
1683 2516 1782 2542 vexillo
1796 2523 1929 2551 reguntur.
1983 2520 2050 2547 Idem
2062 2524 2243 2554 traditMode.

1207 2555 1258 2581 stus
1271 2554 1302 2580 de
1318 2553 1458 2579 Vocabulis
1471 2554 1510 2579 rei
1526 2552 1657 2578 militaris.
1714 2552 1811 2577 Aeliam.
1824 2559 1904 2578 tamen
1918 2562 1938 2585 1,
1952 2562 1977 2586 2,
1992 2564 2018 2588 4.
2050 2557 2080 2583 dc
2092 2558 2243 2591 instruendi,-

1206 2590 1327 2620 Act'cbus,
1353 2589 1449 2614 ezmdem
1470 2594 1541 2613 vocat
1561 2594 1583 2612 et
1598 2586 1775 2612 Decurionem
1793 2593 1816 2612 et
1828 2587 1974 2615 Decanum:
1995 2599 2046 2617 eum
2065 2594 2177 2623 videlicet
2218 2603 2244 2625 ui

1657 2621 1714 2646 Vid.
1729 2628 1752 2647 et
1765 2622 1883 2649 Suu-ech.
1898 2624 1933 2649 ad
1948 2626 2036 2659 Veget.
2052 2627 2069 2654 l.
2085 2638 2106 2656 c.
2179 2608 2216 2671 ‚qq
2228 2644 2240 2666 3

1207 2662 1286 2685 Etiam
1300 2657 1380 2692 officia
1392 2665 1415 2683 et
1426 2655 1563 2689 ministeria
1577 2657 1661 2682 domus
1672 2655 1797 2692 Augustae
1811 2657 1965 2686 decuriones
1971 2662 2031 2694 Jiws
2043 2663 2152 2693 habuere.
2204 2670 2241 2696 <ic

1206 2695 1310 2720 Sueton.
1319 2693 1418 2719 Domit.
1433 2701 1453 2718 0.
1465 2699 1493 2726 17
1518 2693 1633 2718 Decurio
1642 2691 1865 2720 cubiculariorum
1873 2693 1915 2727 est,
1928 2703 1951 2721 ct
1972 2697 1994 2722 D
2004 2697 2051 2724 EC
2060 2701 2162 2729 VRIO
2183 2689 2239 2731 [Ε.

1205 2728 1522 2754 CTICARIORVM
1557 2727 1829 2754 BRITANNICI
1874 2730 1940 2765 apud
1962 2733 2060 2760 Gruter.
2083 2745 2108 2770 p.
2130 2740 2183 2765 600
2222 2750 2231 2767 1

1205 2763 1272 2789 ΑΜ.
1303 2769 1372 2788 DEC
1384 2769 1448 2793 vni
1460 2769 1490 2789 A.
2192 2760 2200 2772 '
2234 2762 2240 2767 ’

1241 2805 1258 2824 D
1270 2805 1284 2824 ε
1295 2803 1310 2823 C
1321 2804 1339 2823 v
1349 2805 1367 2824 R
1378 2805 1414 2824 iA
1424 2807 1477 2830 ,ae.
1493 2798 1512 2824 f.
1536 2799 1593 2823 Non
1602 2797 1698 2832 simper
1719 2801 1813 2825 numeri
1823 2799 1920 2827 dmiarii
1927 2821 1935 2833 ‚
1950 2802 1998 2837 sed
2014 2805 2111 2832 ordinis
2125 2814 2149 2833 et
2159 2810 2239 2845 classis

1203 2843 1287 2860 nomm
1300 2837 1373 2859 etiam
1385 2835 1460 2860 multo
1472 2834 1609 2869 amplioris.
1648 2833 1749 2859 Nobiles
1761 2837 1878 2869 inprimis
1894 2837 2012 2865 Iudieum
2027 2839 2147 2869 decuriae
2178 2842 2238 2880 qua.

1203 2879 1263 2896 rum
1286 2869 1365 2895 initio
1380 2869 1487 2895 fuerunt
1506 2875 1571 2895 tres:
1607 2875 1725 2903 quartani
1747 2870 1876 2903 Augustus
1890 2872 2006 2906 addidit,
2029 2882 2057 2901 ut
2074 2877 2142 2904 Suet.
2154 2864 2175 2905 ’0
2198 2868 2229 2908 μή,

1203 2904 1324 2938 testatur,
1341 2904 1383 2930 vbi
1394 2904 1448 2930 vid.
1467 2904 1567 2940 Cafhub.
1604 2905 1730 2938 Quntam
1744 2905 1838 2932 adiecit
1851 2908 1980 2942 Caligula,
1995 2911 2042 2936 eod.
2059 2911 2156 2940 αιιὸῗοιέ
2171 2900 2237 2943 016.

1203 2941 1286 2967 Petita
1304 2950 1317 2966 a
1331 2940 1415 2966 Galba
1429 2945 1454 2966 et
1469 2941 1536 2966 sexta
1551 2939 1595 2970 est,
1610 2940 1652 2966 scd
1669 2946 1777 2974 negata,
1793 2940 1850 2973 teste
1868 2950 1956 2969 iterum
1983 2945 2050 2972 Suet.
2066 2948 2141 2975 Gall).
2162 2960 2182 2977 c.
2199 2938 2237 2985 14:

2100 2985 2162 3011 Pl‘n.
2179 2996 2202 3003 ⁴·

1203 3020 1266 3039 extr.
1289 3012 1359 3037 Diuo
1378 3011 1494 3045 Augusto
1514 3011 1631 3037 decurias
1653 3011 1806 3042 ordinante,
1827 3014 1913 3040 uzaior
1931 3024 1988 3048 pars
2007 2994 2236 3048 iudicumlin³t3e⁷rf

1204 3057 1251 3074 reo
1271 3047 1369 3073 annulo
1387 3047 1454 3079 fuit,
1488 3062 1533 3066 -—
1574 3046 1694 3072 iudicum
1713 3056 1818 3081 quoque
1838 3058 1890 3074 non
1913 3051 1960 3075 niti
1984 3060 2096 3085 quatuor
2117 3055 2235 3083 decuriae

1203 3084 1278 3110 fuere
1294 3083 1392 3116 primo:
1417 3083 1515 3116 vixque
1530 3082 1625 3115 singula
1639 3082 1724 3108 millia
1743 3083 1770 3108 in
1784 3083 1894 3110 decuriis
1909 3086 2014 3113 iuuenta
2028 3089 2100 3122 sunt,
2119 3089 2233 3119 nondum

1204 3119 1351 3153 prouinciis
1364 3118 1395 3144 ad
1410 3118 1459 3144 hoc
1472 3127 1566 3144 munus
1575 3118 1684 3144 admissis
1719 3133 1763 3138 —
1801 3121 1831 3144 Et
1847 3129 1867 3145 c.
1880 3129 1895 3145 z
1919 3121 2045 3148 Decuriac
2054 3134 2157 3160 quoque
2167 3127 2234 3161 ipsae

110 3164 138 3181 ex
150 3155 232 3182 Liuio
247 3156 379 3190 uelpotiur
393 3155 493 3180 Laeuio
512 3155 574 3189 (ap.
588 3153 710 3180 Priscian.
724 3162 739 3185 9
753 3163 778 3188 p.
792 3155 858 3185 869)
875 3159 945 3178 notat
959 3155 1027 3179 Vols.
1037 3153 1068 3179 de
1077 3155 1143 3180 Ana·
1159 3156 1187 3186 85
1205 3154 1330 3180 discretae
1343 3154 1497 3180 nominibus
1510 3154 1598 3185 fuere,
1625 3153 1813 3180 Tribunorum
1827 3156 1908 3187 aeris,
1928 3163 1952 3182 et
1967 3158 2118 3184 sclector-um
2128 3181 2136 3192 ‚
2156 3169 2181 3188 ct
2195 3164 2233 3190 iuu

110 3190 167 3250 hog(
175 3200 202 3225 4,
219 3198 251 3223 13.
264 3197 288 3216 et
298 3189 378 3223 addit,
393 3189 489 3216 eundem
503 3200 547 3216 nec
558 3188 674 3226 refugrſje
694 3189 776 3216 videri
793 3189 854 3215 luna
874 3187 977 3215 decreta
995 3191 1036 3216 vel
1050 3189 1143 3216 ostreis

129 3233 225 3252 ecretis.
236 3230 239 3233 “
1077 3229 1079 3232 ’

148 3266 384 3288 DECREMENT
396 3267 417 3286 v
429 3261 515 3293 n1,·i.
541 3270 568 3287 n.
605 3260 674 3286 Gell.
694 3268 717 3292 3,
736 3269 764 3286 10

114 3296 194 3321 scente
204 3305 291 3322 rerum
306 3302 383 3330 atque
397 3296 536 3323 hominum
549 3296 714 3322 decrementa
728 3296 793 3322 sunt.

114 3337 137 3356 et
151 3329 182 3356 de
196 3331 292 3358 Mundo
305 3341 328 3366 p.
343 3340 406 3366 247.
433 3331 557 3359 Tertull.
567 3332 599 3358 de
612 3332 701 3358 Anim.
714 3340 735 3357 c.
750 3339 784 3363 25.

151 3371 400 3397 DECRESCENT1A‚
412 3376 450 3394 ae.
465 3368 486 3395 f.
507 3367 580 3395 Idem.
606 3369 648 3399 Vt,
663 3366 842 3393 Decresceutia
854 3365 930 3393 lunae
951 3365 1058 3391 Vitruu.
1073 3374 1099 3398 9,
1113 3375 1141 3400 4.

151 3407 439 3437 DECREToluvs,
460 3410 689 3435 DECRETVM,
715 3409 893 3435 DECRETvs,
914 3402 968 3428 vid.
988 3408 1141 3428 mommo.

96 3460 98 3462 .
149 3442 167 3462 D
178 3444 192 3462 Ε
204 3441 220 3462 C
233 3442 359 3470 RIBRO,
384 3443 437 3465 are.
472 3440 575 3475 Legitur
592 3439 636 3465 hoc
652 3438 749 3465 verbum
767 3448 782 3464 a
796 3439 871 3465 Pareo
883 3438 949 3474 apud
972 3437 1053 3463 Plaut.
1068 3438 1142 3472 Capt.

114 3482 141 3506 4,
155 3479 184 3505 4,
198 3473 222 3497 6.
243 3471 275 3510 ql.
289 3471 443 3502 deturbauit.
468 3475 527 3502 Vid.
544 3474 697 3501 Taubmamz.
711 3481 739 3508 p.
755 3476 812 3507 296.

151 3514 168 3533 D
181 3514 195 3536 Ε
205 3512 222 3532 C
234 3514 253 3531 V
263 3512 277 3532 B
286 3512 320 3537 O,
343 3509 381 3541 ui,
407 3511 482 3542 itum,
507 3515 560 3537 are.
603 3510 792 3543 [κατάκειμαι]

113 3543 190 3578 Apul.
206 3542 269 3568 Met.
307 3561 313 3567 .
351 3561 358 3568 .
392 3546 570 3573 Decubantem
581 3545 694 3572 excitaui
708 3545 801 3571 feram.
838 3543 884 3570 Sed
895 3544 961 3570 nihil
973 3547 1021 3570 tale
1034 3547 1141 3576 inuenio,

111 3589 140 3605 νιε
153 3579 233 3604 indice
245 3577 337 3612 quidem
355 3578 444 3606 Floridi
458 3582 576 3608 adhibito.
633 3582 671 3606 De
684 3589 716 3606 eo
732 3580 800 3606 10610
814 3580 970 3607 trinoctium
985 3581 1141 3606 continuum

113 3624 168 3641 non
182 3613 291 3640 decubat
311 3613 378 3638 Gell.
392 3622 428 3647 10,
442 3624 474 3648 ις.
494 3621 513 3643 ι’.
526 3616 646 3652 discedit,
661 3616 770 3652 ficubat.

148 3657 166 3676 D
177 3657 193 3676 E
203 3655 219 3675 C
231 3656 250 3674 v
260 3655 293 3675 131
304 3655 364 3680 ΑΕ,
389 3657 470 3676 arum.
490 3652 510 3678 f.
529 3652 561 3678 de
580 3653 660 3678 Ianua
681 3653 710 3678 in
724 3650 798 3678 Cath.
816 3650 917 3677 Mulier
935 3649 1000 3676 iacet
1014 3650 1041 3676 in
1057 3651 1140 3676 Decu-

110 3686 179 3715 biis,
197 3687 215 3710 i.
229 3687 256 3709 in
266 3690 353 3718 partu.

146 3728 163 3747 D
174 3726 189 3745 E
198 3726 215 3747 C
224 3727 245 3745 V
253 3726 269 3745 L
277 3725 294 3745 c
304 3726 323 3745 ο
335 3739 344 3751 ,
362 3722 413 3745 ἦτε.
449 3719 629 3759 [zaran-rim]
667 3721 732 3748 Idem
745 3721 810 3757 quod
821 3721 891 3747 Calco
899 3740 907 3752 ,
926 3720 990 3746 vnde
1002 3718 1034 3751 eli
1047 3727 1140 3756 compo-

103 3755 188 3791 fitum.
225 3755 289 3780 Plin-
305 3762 342 3789 17,
357 3764 384 3781 ¹0
401 3757 416 3781 s·
433 3763 453 3780 11
476 3755 528 3781 Alii
543 3757 569 3782 in
581 3757 658 3792 qualo
675 3757 784 3792 pedibus
799 3757 825 3783 in
839 3757 985 3790 profluente
998 3755 1138 3783 deculcant.

111 3793 172 3819 Stat.
184 3790 275 3817 Theb.
290 3799 310 3822 1,
323 3793 379 3822 623.
418 3791 507 3816 Auien.
522 3791 549 3816 in
559 3792 620 3819 Her.
635 3803 659 3819 v.
674 3802 724 3827 193·
759 3792 877 3819 Tertull.
891 3791 967 3826 Apol.
983 3801 1004 3817 c.
1018 3793 1061 3823 46.

149 3834 165 3853 D
175 3833 191 3853 E
200 3832 216 3852 C
224 3833 245 3852 V
254 3833 298 3864 LA
307 3845 315 3858 ‚
346 3827 441 3852 Tulliae
454 3829 536 3862 gentis
548 3835 680 3862 cognomen.
720 3827 777 3855 Viti.
795 3828 886 3864 Spanh.
901 3828 930 3853 de
949 3826 998 3862 Vsu
1010 3834 1033 3853 et
1046 3825 1139 3860 praest.

114 3863 187 3892 Num.
201 3860 263 3895 Dtſj.
284 3870 311 3888 10
322 3871 346 3896 p.
360 3869 396 3896 17,
411 3871 446 3895 19.

244 3905 265 3925 v
275 3904 294 3925 o
302 3905 328 3925 ι.
365 3898 398 3926 11.

794 3259 872 3294 Qiasi
886 3259 939 3285 iam
959 3259 1059 3286 mundo
1073 3260 1143 3286 sene-

828 3295 901 3322 Adde
915 3295 1064 3329 Apul.Met.
1079 3296 1096 3322 l.
1112 3305 1143 3322 11.

836 3507 927 3536 Iace're.
963 3508 1092 3543 Adfertur
1111 3517 1140 3535 ex
1155 3513 1186 3539 95
1202 3511 1255 3536 rias
1277 3510 1427 3536 scribamus.

1203 3190 1303 3222 dicum,
1315 3197 1359 3216 ctc.
1392 3191 1454 3217 Sunt
1466 3192 1528 3215 enim
1541 3189 1657 3223 ibiplum
1669 3190 1697 3215 de
1711 3190 1756 3215 hac
1769 3200 1803 3215 rr.
1845 3191 1917 3226 Conf.
1932 3193 2024 3227 Reiviesl
2038 3194 2071 3218 ad
2080 3196 2141 3229 Καρ.
2157 3198 2231 3233 Εριῃ,

1199 3235 1235 3257 31·
1251 3233 1273 3251 ct
1287 3225 1365 3261 Valcs.
1381 3225 1415 3251 ad
1425 3226 1550 3251 Ammian.
1565 3230 1602 3255 28,
1614 3227 1630 3250 6
1643 3234 1667 3258 p.
1683 3229 1728 3257 389
1741 3225 1778 3259 sq.
1849 3227 1903 3252 Cic.
1918 3236 1966 3261 pro
1978 3229 2080 3255 Cluent.
2100 3239 2139 3263 ¹03
2174 3235 2233 3262 Vno

1205 3261 1306 3288 iudicio
1324 3261 1407 3287 multa
1427 3260 1463 3286 est
1476 3260 1508 3286 ab
1525 3269 1557 3286 eo
1576 3261 1673 3294 petita,
1697 3259 1760 3286 licut
1771 3259 1803 3286 ab
1816 3262 1909 3293 Iunio,
1928 3263 1997 3296 quod
2012 3272 2063 3290 non
2080 3266 2137 3292 suae
2150 3269 2233 3296 Decu-

1204 3298 1257 3323 riae
1271 3305 1395 3329 munere,
1419 3305 1505 3330 neque
1525 3304 1555 3321 ex
1575 3296 1630 3329 lege
1650 3295 1757 3321 sedisset.
1827 3296 1899 3322 Idem
1913 3299 1985 3323 Verr.
2000 3307 2024 3330 2,
2040 3307 2073 3333 79
2086 3311 2107 3327 c,
2124 3311 2151 3334 3²
2180 3307 2233 3333 Hic

1149 3340 1184 3365 90
1202 3333 1309 3360 alteram
1322 3332 1453 3358 decuriam
1468 3332 1628 3357 Senatoriam
1642 3331 1721 3356 iudex
1729 3331 1878 3358 obtinebit?
1895 3336 1911 3358 i.
1925 3336 1951 3357 in
1964 3335 2042 3359 altera
2057 3335 2153 3364 decuria
2166 3345 2234 3368 erit?

1202 3368 1276 3404 Cous.
1291 3370 1367 3394 Verr.
1380 3376 1389 3393 1
1401 3374 1464 3393 extr.
1479 3367 1521 3393 ubi
1539 3367 1666 3392 Asconius
1680 3367 1818 3392 Decuriam
1831 3370 2007 3401 interpretatur
2019 3371 2153 3400 ordinem:
2167 3378 2233 3411 scri.

1201 3404 1282 3439 bitque
1296 3404 1374 3438 nescio
1387 3411 1458 3438 quam
1472 3409 1599 3434 accurate,
1623 3403 1692 3428 inter
1711 3402 1839 3428 centurias
1858 3410 1882 3427 ct
1897 3402 2013 3430 decurias
2033 3405 2083 3432 hoc
2104 3409 2222 3438 interesse

1203 3439 1274 3474 quod
1289 3439 1470 3465 honestiorum
1483 3437 1619 3468 decuriae,
1644 3438 1803 3463 inferiorum
1818 3438 1950 3464 centuriae
1964 3438 2120 3469 dicerentur.
2175 3433 2232 3474 Cic?

1202 3476 1277 3501 Verr.
1294 3484 1313 3506 3,
1326 3479 1356 3504 28
1371 3484 1391 3500 c.
1407 3483 1428 3500 11
1461 3473 1533 3507 Qud
1549 3474 1671 3499 Praetor?
1702 3472 1775 3498 iubet
1786 3480 1980 3505 recuperatores
1992 3476 2111 3505 reiicere.
2148 3482 2231 3509 Decu-

1480 3510 1550 3542 Qias
1571 3508 1709 3534 decurias?
1739 3507 1770 3533 de
1787 3506 1895 3534 cohorte
1914 3518 1971 3535 mea
1992 3512 2110 3548 reficies,
2134 3516 2228 3552 inquit.

1201 3546 1330 3579 Qiinciil.
1345 3555 1372 3578 4,
1386 3553 1411 3577 2,
1426 3552 1458 3578 45
1478 3544 1594 3570 Iudicem
1609 3553 1669 3570 rura
1682 3543 1834 3576 plerumque
1847 3543 1874 3568 in
1888 3543 2005 3572 decurias
2020 3548 2143 3583 mittunt,
2160 3556 2176 3578 ι’,
2189 3555 2230 3580 ho-

1199 3591 1275 3606 mmes
1288 3584 1344 3606 ruri
1359 3583 1441 3606 viuere
1454 3579 1538 3612 affieeti
1551 3579 1584 3605 ad
1593 3589 1632 3604 νος
1644 3577 1789 3604 iudicandas·
1802 3578 1956 3606 adhibentur.
2005 3584 2070 3609 Haec
2081 3595 2221 3615 accuratius

1192 3616 1284 3652 sero,
1309 3616 1445 3650 dzspumuit
1463 3617 1498 3641 Io.
1515 3615 1575 3641 Toh.
1592 3613 1704 3646 Krcltsius
1717 3611 1753 3651 'de
1773 3612 1891 3640 iudicum
1916 3616 2030 3643 decuriis
2060 3620 2129 3654 Lips.
2153 3610 2230 3658 1744?

1201 3625 1226 3684 ἕ
1242 3661 1256 3678 z
1277 3652 1314 3677 De
1330 3651 1472 3677 scribarum
1485 3649 1610 3679 decuriis,
1629 3647 1680 3674 vid.
1692 3648 1751 3673 Liu.
1766 3657 1811 3681 40,
1826 3658 1865 3681 29.
1889 3650 1992 3678 Sueton.
2002 3653 2091 3680 Claud.
2106 3666 2126 3682 c.
2137 3666 2153 3683 ι.
2173 3660 2227 3686 Cic,

1148 3689 1276 3714 iooverl·=
1293 3696 1313 3719 3,
1328 3692 1370 3720 ¹34
1386 3696 1407 3712 c,
1423 3692 1453 3715 80
1486 3685 1551 3711 Noli
1571 3685 1616 3709 hos
1647 3682 1794 3715 (Scribas)
1814 3685 1952 3720 colligere,
1975 3690 2022 3722 qui
2041 3692 2156 3719 numuiis
2175 3704 2229 3721 cor.

1201 3724 1298 3757 rogatis
1319 3723 1349 3748 de
1363 3728 1487 3755 nepotum
1507 3719 1582 3745 donis
1600 3728 1628 3744 ac
1651 3718 1682 3758 de
1696 3719 1857 3746 scenicorum
1876 3723 2040 3754 corollariis.
2061 3735 2141 3760 quum
2153 3729 2227 3755 decu-

1199 3759 1267 3785 riam
1289 3764 1423 3788 emerunt,
1448 3764 1478 3781 ex
1499 3755 1585 3788 primo
1606 3753 1700 3784 ordioe
1714 3755 1879 3789 explosorum
1903 3757 1929 3782 in
1949 3759 2086 3786 secundum
2108 3763 2228 3791 ordinem

1199 3795 1314 3820 ciuitatis
1330 3795 1353 3819 se
1366 3792 1460 3818 venisse
1473 3790 1570 3827 dicunt.
1724 3787 1744 3826 Ἴ
1767 3799 1777 3821 3
1814 3792 1885 3818 Serui
1902 3800 1924 3818 et
1938 3794 2034 3821 Liberti
2051 3796 2134 3823 domus
2145 3803 2227 3835 Augu-

1189 3828 1247 3862 stas
1259 3834 1284 3855 i„
1294 3829 1404 3854 decursas
1417 3826 1496 3858 diuis,
1511 3826 1595 3860 quibus
1603 3824 1646 3859 sui
1661 3823 1812 3851 decuriones
1828 3827 1971 3861 praeeffi'nt.
2014 3831 2071 3857 1Ῐὰιῖ
2087 3834 2186 3860 (imber.
2199 3835 2227 3861 de

1149 3870 1192 3896 ¹05
1201 3864 1272 3899 Offi'c.
1287 3864 1435 3924 Doni-EAug.
1445 3870 1470 3894 3,
1482 3871 1521 3894 2¹9.
1558 3861 1646 3896 Pqffim
1657 3861 1752 3887 suorum
1764 3868 1794 3895 111
1807 3869 1895 3889 menno
1907 3874 1933 3888 m
1946 3865 2158 3900 Inscriptionibm.
2196 3872 2226 3896 In

2087 3904 2226 3931 Monumen.
