2479 4225
463 221 722 264 FIC

0 330 5 344 ι,
51 312 173 345 nucibus,
188 311 300 343 sabulis,
317 309 422 342 siculis,
441 318 488 338 etc.
549 313 630 339 Etiam
643 313 720 339 Pocn.
736 319 758 345 ς,
772 319 794 342 2,
806 317 839 345 45
858 310 920 346 Itgit
943 308 1085 343 Achiuum,

0 355 5 369 ⁷
51 348 163 379 Ficula5‚
182 347 281 373 fauulas
301 346 438 378 (fabulas)
452 348 489 374 ait
503 348 528 374 se
540 348 668 375 aduexiffe
681 355 707 375 et
719 356 806 373 nuces.
876 345 922 372 sal
935 346 1040 372 Gronau.
1049 356 1085 372 rt·-

51 387 127 413 ti‘nui't
143 382 246 445 lZigulas
279 382 374 409 canalis
400 383 439 409 ait
471 389 517 410 etc.
559 383 664 410 Ficulus
678 390 756 410 autem
764 383 856 418 plane,
865 387 943 416 puto,
963 379 1086 408 malorem

52 430 100 448 non
118 419 149 446 ha
163 424 195 444 et.
701 418 703 427 ¹

89 462 105 482 F
115 461 124 480 1
134 460 151 481 C
161 453 285 484 173'1'VM,
306 452 324 478 ἰ.
343 462 370 480 11.
405 453 515 487 [συκῶν]
556 455 636 480 Locus
642 453 704 489 ficis
717 451 828 486 consttut-
865 452 950 478 Varro
967 460 985 486 1,
999 461 1028 484 41
1043 453 1084 479 Fi-

54 498 145 525 cusque
158 487 233 514 densa
246 488 354 514 materia
367 497 421 515 non
436 489 486 520 est,
506 489 567 515 ideo
579 490 696 524 sequitur
708 487 862 514 calidiorem
876 497 881 512 :
918 487 988 521 quod
1001 488 1045 520 sit,
1058 495 1085 514 vt

53 527 82 554 in
93 524 154 552 locis
167 522 272 557 frigidis
287 523 366 550 ficeta
378 525 441 551 fieri
453 534 507 551 non
519 524 617 559 possint.

53 565 135 588 cetum
149 568 216 586 nunc
231 559 362 586 Labienus
374 559 462 587 habet.
503 560 560 587 Viti.
580 565 672 586 Ficvs
692 567 718 584 n.
729 567 756 590 4.

88 601 105 622 F
115 595 207 622 icKR
216 601 255 621 lv
264 600 277 620 s
286 614 294 627 ,
313 603 327 621 a
339 615 347 627 ‚
366 605 421 622 uin.
448 596 507 622 Adi.
544 593 711 629 [συκοφάγος]
747 593 813 619 Plin.
825 601 857 626 11,
868 600 895 625 3ς
913 593 1029 620 Ficarios
1042 604 1085 622 cu-

50 631 114 659 lices
127 630 267 664 caprificus
281 637 395 664 generat.

50 666 196 701 imponito,
216 674 283 700 quae
296 667 381 701 frigus
395 673 499 693 arceant
511 672 536 692 et
548 665 636 691 solem.
832 661 852 700 ff
874 672 889 690 2
919 665 1015 692 Ficarii
1031 667 1086 692 fau-

7 725 10 730 .
49 703 79 729 ni
87 708 214 737 ponuntur
228 711 243 727 a
256 702 334 736 Vulg.
348 703 492 736 interprete
504 703 595 728 Ierem.
609 708 648 732 50,
661 708 690 732 39
710 699 753 726 vbi
774 701 862 726 Graeci
878 697 1023 733 ἰνδάλματα
1043 702 1086 727 ha-

49 737 106 765 bent
117 743 159 763 aut
170 737 350 771 φαντάσματα.

47 780 93 800 ταν
106 772 147 799 vel
159 772 304 799 incubones
318 773 360 799 vel
375 774 486 806 satyros,
511 770 635 797 siluestres
651 771 778 806 quosdam
793 771 929 802 hommes,
951 780 1017 805 quos
1031 782 1084 799 non

8 808 11 810 ’
50 807 117 835 nulli
132 808 234 834 Faunos
245 808 355 835 ficarios
374 813 474 835 vocant.
541 806 599 832 Ifld.
619 806 697 832 Gloff.
718 807 852 839 Ficarius,
872 807 983 833 Faunus.

49 843 125 877 Orig.
140 848 153 873 8
171 850 236 870 extr.
256 845 343 877 Qiem
355 844 434 877 vulgo
447 841 606 869 incubonem
619 847 729 874 vocant,
749 841 817 868 hunc
837 843 950 868 Romani
970 843 1086 870 Faunum

47 879 174 906 ficarium
186 879 291 911 dicunt,
310 879 342 907 ad
355 886 430 913 quem
444 877 572 904 Horatius
584 877 664 909 dicit,
683 878 768 904 Faune
783 877 969 912 Nympharum
984 878 1086 912 fugien-

47 913 118 941 tium
131 920 233 942 amator
246 922 292 942 etc.
327 916 403 942 Hunc
415 912 463 939 alti
475 913 593 945 Satyrum
606 919 711 940 vocant.
753 913 809 941 Vid.
831 922 891 948 quac
910 922 976 940 more
986 914 1034 950 suo
1058 915 1085 941 de

46 949 88 978 bis
102 950 218 976 Bochart.
232 952 332 977 Hieroz.
346 959 371 981 2,
384 952 408 979 6,
422 952 441 974 6
455 951 499 984 qui
511 958 532 974 c.
545 959 560 983 7
580 948 608 975 de
622 948 711 975 Pilofis
724 955 748 975 et
760 949 856 979 Satyris
868 951 931 985 agit.

85 991 280 1018 FicARm,
294 993 331 1012 ae.
348 984 368 1011 f.

45 1019 155 1047 ficarias
181 1021 308 1057 caprifici,
320 1019 444 1046 arborem
465 1021 564 1047 serunt.

45 1056 197 1092 propinqua
213 1056 278 1082 Pliii.
290 1063 318 1087 3,
331 1062 357 1090 7.

40 1113 42 1126 ,
84 1097 102 1122 Ε
113 1093 286 1123 ΙΟᾹΤνΜ,
306 1090 325 1116 i.
343 1099 370 1116 n.
406 1089 548 1125 [aonam-du]

38 1125 94 1167 ficu
100 1126 252 1162 saginatum.
287 1125 368 1152 Glols.
381 1125 439 1153 Ifid.
464 1126 581 1153 Ficatuin
594 1125 666 1161 quod
679 1127 773 1153 Graeci
787 1126 889 1153 συκωτὸν
901 1134 1004 1154 vocant.
1041 1130 1085 1155 Pa-

53 227 117 276 &3

758 1017 780 1056 Ἴ
799 1027 816 1045 2.
851 1020 937 1046 Insula
951 1021 1085 1049 Sardiniae

46 1194 94 1231 est,
110 1196 176 1232 quod
188 1196 354 1232 Hispanorum
367 1196 489 1231 Higado,
509 1198 628 1224 Italorum
647 1207 674 1223 ue
687 1198 785 1232 Fegato
799 1204 823 1224 ct
835 1198 900 1224 Foie
911 1199 1034 1225 Gallorum
1041 1201 1082 1226 ho-

34 1231 85 1259 -die
97 1231 201 1258 indicat.
241 1232 308 1258 Plin.
321 1238 345 1264 8,
360 1241 386 1266 51
406 1232 545 1268 desiimus,
564 1232 634 1259 Adhi
655 1238 714 1259 etur
728 1239 753 1259 et
765 1242 806 1260 ars
820 1233 903 1260 iecori
915 1235 1085 1269 feminarum,

47 1267 109 1296 ficut
119 1268 254 1298 anserum,
271 1267 410 1294 inuentum
424 1269 462 1294 Μ.
471 1269 574 1303 Apicii,
593 1268 649 1294 fico
657 1268 750 1295 Carica
763 1269 885 1303 saginatis
899 1278 927 1296 ac
940 1271 1018 1302 satie,
1038 1281 1083 1298 ne-

1 1323 8 1330 .
49 1303 109 1330 catis
118 1308 225 1344 repente
236 1303 312 1330 mulli
325 1309 390 1338 potu
404 1302 474 1330 dato.
509 1304 551 1331 Sic
563 1303 718 1330 Harduinus.
753 1307 811 1331 Alii
824 1305 945 1339 saginatis
955 1326 962 1338 ‚
982 1315 1010 1333 ac
1019 1307 1083 1333 satie

0 1351 2 1356 v
48 1344 150 1370 necatis.

49 1374 173 1408 inuolues.
209 1374 316 1409 Apic.7,
324 1383 336 1406 3
356 1377 423 1401 inter
435 1375 530 1401 Sumen
544 1381 567 1400 et
581 1375 697 1407 Offellas,
713 1376 790 1402 medio
808 1377 859 1403 Ioco
870 1379 942 1412 ponit
954 1377 1083 1411 Ficatuin,

48 1412 114 1446 sique
127 1418 286 1444 oenogarum
293 1417 388 1446 parare
401 1410 603 1446 docet,-itemque
623 1411 746 1437 inuolues
764 1411 801 1438 ait
823 1412 852 1438 in
876 1418 985 1439 omento
1007 1419 1032 1440 et
1055 1414 1083 1440 in

51 1444 168 1477 eraticula
178 1446 247 1472 affaS.
315 1447 420 1482 Reliqua
433 1445 503 1472 dabit
515 1445 611 1482 Reims.
632 1448 692 1473 Var.
705 1445 775 1474 Lefl.
789 1456 819 1479 3,
840 1458 858 1482 4
872 1455 902 1484 p.
912 1458 971 1483 394.
1008 1450 1083 1477 Salm.

47 1479 84 1507 ad
89 1480 166 1508 Satin.
169 1487 198 1516 p.
208 1490 255 1516 343
266 1481 310 1507 aF.
428 1500 431 1510 ,

0 1533 8 1546 .
83 1520 101 1541 F
112 1522 261 1548 ici'rAs,
281 1516 337 1543 atis.
358 1516 378 1542 f.
415 1515 518 1543 dietum
531 1522 560 1543 vt
572 1517 687 1543 Oliuitas
701 1527 709 1547 ;
744 1520 763 1543 i.
784 1517 893 1544 Fructus
912 1519 971 1546 fici.

41 1585 135 1613 Nonio
152 1596 178 1620 2,
189 1595 243 1622 317.

79 1628 96 1648 F
104 1629 114 1648 1
123 1629 189 1649 1:111*
202 1628 222 1648 0
232 1629 267 1653 R,
286 1622 351 1649 oris.
372 1631 408 1648 m.
445 1621 610 1656 [σνκᾶφιλος]
646 1623 772 1651 Ficorum
783 1630 906 1651 mercator
916 1644 925 1657 ,
945 1632 989 1652 aut
1006 1627 1086 1654 cultor

32 1664 117 1692 scerte.
154 1658 274 1684 Naeuius
286 1657 304 1683 l.
319 1666 341 1683 c.
362 1657 490 1683 Ficitores
503 1666 593 1683 omnes
606 1660 716 1693 cupiunt
729 1659 868 1686 ficitatem.

81 1697 99 1717 F
111 1699 267 1724 Icosvs,
286 1701 317 1724 a,
335 1701 388 1718 um.
417 1691 477 1718 Adi.

34 1726 159 1763 *Martias
173 1735 200 1762 7,
210 1735 246 1762 70
266 1728 354 1753 Ficosa
368 1727 403 1753 est
416 1736 497 1758 vxor,
515 1728 612 1755 ficosus
625 1735 651 1755 et
664 1729 717 1764 ipse
737 1730 856 1757 maritus.

43 1762 160 1796 Priapeis
179 1763 266 1789 Carm.
281 1770 312 1795 50
332 1762 484 1789 Ficofissima
497 1772 540 1790 iiie
551 1764 637 1798 puella
652 1765 730 1791 ludit.

78 1803 96 1822 F
106 1804 115 1822 1
126 1803 143 1823 C
155 1804 175 1823 v
186 1804 201 1823 L
212 1805 234 1824 N
243 1805 263 1824 v
273 1805 286 1823 S
296 1818 305 1829 ‚
324 1807 353 1830 a,
374 1807 428 1824 um.
446 1798 506 1824 Adi.
541 1799 666 1832 [σνκινὸς]
703 1799 778 1833 ‚Quod
788 1798 821 1831 est
840 1799 938 1825 arboris
953 1799 1018 1833 fici,
1040 1805 1084 1825 aut

40 1839 71 1857 ex
75 1831 128 1865 fico
141 1832 234 1858 arbore.
270 1834 337 1858 Hor.
350 1833 430 1858 Sei-m.
447 1841 467 1864 1,
479 1838 492 1861 8
498 1835 583 1867 princ.
597 1842 626 1857 ex
641 1835 747 1867 Persona
760 1835 863 1866 Priapi,
883 1834 956 1858 Olim
976 1839 1083 1858 truncus

40 1873 113 1892 eram
128 1866 242 1892 ficulnus
255 1866 350 1891 inutile
364 1867 474 1899 lignum.

41 1901 162 1932 culmini,
177 1900 309 1936 prouerbio
333 1901 478 1926 Graecorum
499 1900 617 1927 dicuntur
635 1908 685 1935 pro
712 1900 826 1936 Infirmis
848 1908 921 1937 atque
942 1903 1082 1929 inutilibus.

41 1937 116 1964 Ficta
138 1938 200 1962 enlm
219 1935 298 1961 mollis
318 1933 354 1967 est
369 1936 476 1970 planta,
496 1942 520 1962 ec
541 1937 613 1972 IIgna
633 1939 685 1963 eius
707 1937 799 1963 nullius
820 1937 887 1973 vfict.
929 1938 986 1964 Vici.
1000 1939 1081 1966 Mich.

40 1970 126 2008 Apoll.
141 1973 213 1998 Prou.
229 1971 295 1998 Ceut.
308 1981 345 2006 17,
358 1981 399 2005 79.

79 2014 112 2034 Fi
123 2012 140 2033 C
151 2012 253 2033 VLNE
264 2013 320 2037 vs,
347 2015 377 2038 a,
404 2015 459 2032 uin.
497 2006 558 2034 Adi.
592 2006 716 2040 [σύκινος]
755 2007 822 2033 Idem
856 2007 921 2043 quod
954 2009 1080 2036 ficulnus.

10 2062 11 2065 η
42 2042 107 2070 Pli'ti.
123 2049 155 2074 ις,
168 2047 198 2071 28
217 2042 281 2068 Sunt
294 2048 320 2068 et
334 2041 439 2068 ficulnei
454 2042 547 2068 caules.
583 2044 686 2078 Legitur
698 2049 722 2068 et
733 2042 845 2069 Ficulni.
889 2044 955 2069 Cato
970 2045 1000 2070 R.
1015 2045 1045 2071 R.
1060 2054 1081 2071 c.

44 2086 70 2113 3¹
96 2077 203 2106 Fibulae
227 2077 295 2103 vnde
320 2077 383 2103 fiant
408 2078 497 2104 aridae
521 2078 651 2112 iligneae,
675 2078 792 2109 vlmeae,
810 2087 924 2111 nuceae,
943 2078 1080 2107 ficulneae:

44 2114 86 2142 Sic
98 2114 182 2142 Varro
198 2112 229 2139 de
242 2113 272 2139 R.
287 2113 318 2139 R.
332 2122 355 2145 3,
370 2115 398 2139 16
428 2113 552 2140 Ficuliiea
575 2113 654 2148 ligna.
747 2113 837 2140 Arbor
868 2114 997 2141 Columel.
1011 2124 1031 2149 ς,
1047 2125 1080 2143 ii.

16 2157 17 2168 ¹
46 2150 182 2177 Cacumina
199 2148 294 2175 Pallad.
309 2150 388 2175 Mart.
401 2158 422 2175 c.
438 2158 474 2175 10.

16 2183 17 2214 l
69 2191 166 2216 'mcv
175 2190 246 2210 LNE
256 2191 292 2216 A,
313 2193 352 2211 ae.
373 2185 393 2211 f.
434 2186 510 2211 Vetus
526 2185 671 2212 Latinorum
682 2184 812 2220 oppidum,
837 2193 854 2211 a
869 2185 1010 2221 Tarquinio
1025 2187 1082 2212 Pri·

16 2216 17 2242 l
41 2219 86 2257 fio
97 2225 195 2256 captum.
230 2219 290 2246 Liu.
305 2229 324 2252 1,
336 2225 372 2253 38.
410 2222 478 2247 Hinc
853 2227 855 2230 ⁴

16 2255 17 2269 ¹
84 2262 117 2282 ΡΙ
125 2262 142 2282 c
151 2261 195 2282 VL
204 2262 226 2281 N
236 2262 253 2281 E
262 2262 283 2281 N
293 2262 306 2281 S
317 2264 326 2282 1
336 2262 349 2281 S
358 2276 366 2288 ‚
387 2265 410 2282 e.
435 2255 495 2283 Adi.
531 2257 615 2283 Incola
627 2254 739 2282 eiusdem.
776 2255 828 2282 Via
840 2255 998 2282 Ficulnenfis
1013 2255 1080 2282 olim

838 2290 897 2318 Liu.
912 2299 949 2324 10,
961 2300 984 2324 3.
1020 2298 1044 2318 et
1055 2300 1080 2326 3,

47 2289 126 2322 dic'ia,
139 2290 196 2325 'post
216 2291 383 2317 Numentana
401 2291 432 2318 ad
448 2292 548 2318 sacrum
567 2298 686 2319 montem
698 2292 800 2318 ducens.

44 2331 120 2362 52pr.
153 2326 209 2354 Cic.
222 2329 275 2356 Δίς.
290 2335 326 2359 12,
339 2335 380 2362 34.
415 2328 448 2356 al.
468 2327 616 2356 Ficulensis.

407 2403 431 2435 F
551 2404 566 2434 Ι
685 2403 716 2435 D

0 2474 18 2506 τ·
73 2477 208 2500 ‘sinric
221 2478 451 2504 OMM1ssVM‚
478 2477 715 2506 rmmvmzo,
740 2477 1001 2506 FIDEIVSSOR,
1025 2471 1079 2499 vid.

16 2513 170 2540 trinas,
189 2507 273 2533 Fidei.

76 2550 92 2569 r
102 2550 111 2568 1
120 2549 137 2568 D
147 2549 163 2568 13
172 2549 188 2567 1.
198 2550 208 2568 1
218 2549 239 2568 A
248 2562 256 2574 ,
272 2551 310 2568 ae.
335 2542 357 2568 f.
397 2541 545 2578 Vasfiflile,
551 2542 686 2579 struandis
698 2544 802 2580 liquidis
814 2551 837 2571 et
843 2545 969 2581 fizlgamis
986 2550 1079 2578 aptum.

39 2578 157 2604 Samium
178 2586 222 2603 vas
242 2577 274 2603 ad
293 2578 351 2604 vsus
371 2577 500 2612 plurimos
514 2585 586 2605 vocat
600 2579 672 2605 Non.
686 2587 721 2612 ις,
734 2587 755 2613 ς.

38 2621 87 2638 nec
102 2611 236 2644 inuideas,
256 2613 327 2647 quod
346 2613 428 2640 multa
446 2614 541 2640 fidelia
558 2620 647 2649 putet,
681 2616 712 2642 In
724 2615 856 2650 locuplete
869 2624 953 2651 penu:
990 2614 1080 2649 desal-

38 2651 120 2684 gamis
134 2647 194 2673 dono
208 2647 284 2674 datis.
319 2649 426 2676 Colum.
440 2658 474 2682 12,
488 2658 527 2681 10,
541 2660 555 2681 4
575 2650 634 2676 Pira
669 2665 714 2670 —
748 2652 777 2677 in
789 2651 867 2677 fifflli
880 2652 962 2685 picata
983 2649 1079 2675 fidelia

39 2683 203 2717 componito.
274 2684 306 2710 Et
323 2692 358 2716 12,
373 2692 399 2718 7,
411 2693 424 2717 3
463 2684 491 2710 de
503 2684 576 2716 limili
588 2694 629 2715 re,
656 2686 693 2711 Vt
707 2685 748 2711 ius
762 2694 843 2718 vsque
857 2686 886 2710 in
899 2686 1028 2710 summum
1044 2684 1079 2708 la-

38 2718 117 2746 brum
131 2718 239 2744 fideliae
250 2720 395 2752 perueniat.
487 2720 567 2745 Plaut.
581 2719 640 2745 Aul.
653 2728 682 2752 4,
695 2728 717 2751 2,
731 2728 755 2752 13
781 2719 858 2746 Mulsi
870 2719 1017 2752 congialem
1026 2718 1079 2752 ple·

37 2763 98 2781 nani
111 2754 205 2780 faciani
219 2753 270 2780 tibi
282 2754 410 2781 fideliam.

37 2789 98 2817 loco
111 2796 275 2824 reponuntur
287 2790 372 2816 baccae
385 2792 463 2824 myrti
466 2788 582 2823 siccatae.
652 2791 718 2816 Pers.
733 2798 755 2822 3,
764 2799 795 2816 22.
815 2791 894 2816 Sonat
909 2790 1007 2816 vitium
1021 2798 1077 2823 per-

38 2826 121 2858 culsa,
141 2825 255 2859 maligne
276 2825 424 2860 Respondet
444 2825 528 2852 viridi
549 2834 603 2851 non
624 2825 699 2852 coffia
720 2826 814 2852 fidelia
826 2825 902 2852 limo.
971 2825 1077 2851 Tuinet

38 2860 98 2888 alba
110 2861 203 2887 fidelia
215 2861 280 2887 vino
299 2862 367 2888 Pers.
380 2870 403 2894 ς,
417 2865 465 2893 183.
532 2861 663 2888 Columel.
680 2870 717 2893 12,
731 2864 763 2894 36
788 2861 932 2887 Medullam
946 2860 1002 2886 eius
1015 2869 1075 2886 con-

40 2897 118 2923 cisam
132 2896 161 2923 in
173 2896 295 2923 fideliam
309 2898 420 2924 vitream
430 2917 437 2929 ,
454 2897 497 2923 vel
512 2905 611 2924 nouam
624 2896 739 2923 fictilem
753 2897 880 2923 coniicito
889 2916 898 2929 ,
918 2902 944 2922 et
964 2895 1074 2922 adiicito

39 2931 81 2959 ius
95 2942 101 2958 ι
136 2932 164 2958 de
177 2933 239 2959 olere
252 2939 316 2958 atro.

41 2967 100 2993 noli
109 2967 174 2994 hane
186 2967 323 3002 epistolam
336 2968 426 2994 Attico
438 2968 574 2994 ostendere
588 2978 594 2994 :
628 2967 680 2994 fine
693 2977 753 2995 eum
766 2977 870 3001 errare,
888 2974 913 2994 et
927 2973 1018 3002 putare
1033 2976 1075 2993 me

2 3014 3 3017 ¹
41 3002 130 3028 virum
141 3003 239 3031 bonum
254 3005 317 3036 effe,
333 3012 380 3030 nec
393 3003 477 3029 solere
490 3003 543 3030 duo
556 3003 670 3038 parietes
683 3003 716 3029 de
730 3003 820 3030 eadem
833 3003 928 3030 fidelia
940 3003 1076 3029 dealbare:

42 3039 64 3063 i.
81 3036 168 3072 duobus
180 3041 315 3074 imputare,
334 3039 399 3075 quod
410 3042 456 3065 vni
469 3039 567 3066 debetur
575 3039 696 3075 solidum,
714 3046 744 3065 vt
758 3038 784 3073 fi
796 3039 874 3075 faber
890 3038 1014 3075 defidelia
1026 3039 1076 3065 cal-

44 3073 82 3097 cis
93 3080 160 3106 quam
169 3075 279 3107 praebuit
295 3077 382 3101 Titius
392 3074 504 3106 dealbare
518 3077 579 3102 velit
592 3078 665 3101 etiam
672 3078 794 3111 parietem
806 3076 910 3103 Maeuii.

83 3112 100 3132 F
113 3113 120 3131 i
131 3111 252 3140 nnis,
273 3117 317 3137 etc.
353 3110 407 3137 visl.
429 3117 520 3137 FIDE
532 3118 562 3143 s,
583 3111 616 3137 ei.

82 3147 118 3182 ΕΙ
127 3147 145 3166 D
155 3141 171 3166 ἒ
181 3147 232 3170 NA
240 3163 248 3176 ,
262 3154 300 3172 ae.
326 3146 346 3173 f.
382 3153 406 3173 et
430 3153 448 3173 F
456 3154 466 3172 1
475 3153 493 3172 1)
502 3153 518 3173 E
528 3153 549 3172 N
559 3154 580 3173 Α
588 3154 605 3173 E
613 3166 621 3179 ,
640 3155 725 3174 arum.
745 3147 813 3174 Plur.
853 3146 920 3173 Vrbs
931 3147 1078 3173 Latinorum

43 3176 220 3204 mediterranea
229 3181 255 3204 in
266 3181 376 3213 Sabinis,
395 3183 452 3208 olim
464 3183 558 3209 colonia
572 3183 690 3209 Romana.
726 3181 786 3208 Liu.
801 3191 829 3215 4,
844 3189 872 3217 17
879 3185 965 3217 princ.
991 3184 1077 3208 Prima

44 3212 142 3246 Syllaba
155 3218 242 3246 anceps
255 3213 294 3246 est.
326 3217 400 3252 Virg.
413 3218 478 3244 Aen.
492 3220 518 3250 6,
533 3225 581 3253 773
608 3218 646 3244 Hi
659 3218 710 3244 tibi
722 3218 886 3244 Nomentum
895 3237 904 3250 ,
923 3223 949 3244 et
968 3217 1077 3248 Gabios,

2 3246 6 3265 ’ν
44 3247 192 3282 vrbemque
203 3247 330 3278 Fidenam.

3 3296 6 3303 ι
44 3283 80 3309 do
93 3289 211 3317 patern0.

2 3346 6 3354 ,
43 3318 98 3346 via·
169 3319 237 3345 Hor·
251 3319 325 3353 Epist.
338 3332 359 3355 1,
371 3333 404 3356 ii,
416 3330 429 3355 8
461 3325 554 3351 Gabiis
572 3325 700 3351 desertior
712 3331 790 3360 atque
803 3324 909 3358 Fidenis
924 3325 1006 3350 vicus.
1044 3325 1075 3350 Et

2 3357 11 3378 l*
41 3360 139 3382 monent
152 3355 461 3395 (jrammaticiOa‘Vir-gilio
476 3363 570 3395 corripi
584 3361 705 3395 §syllabam
718 3368 808 3387 natura
820 3362 927 3396 longam.

2 3394 6 3417 Ι
78 3396 95 3416 F
105 3397 115 3415 1
124 3396 143 3416 D
152 3395 228 3430 ENA
237 3395 250 3415 S
260 3408 268 3420 ‚
285 3393 341 3417 atis.
357 3393 416 3421 Adi.
452 3396 561 3423 Fidenas
579 3395 694 3427 bellum,
717 3396 811 3433 idscil.
827 3395 901 3431 Quod
912 3399 980 3421 inter
988 3396 1075 3421 Roma-

0 3427 11 3458 l.
41 3435 87 3466 ⁷³⁰3*
99 3431 123 3451 ²³2
138 3424 267 3464 fidenam?
274 3424 341 3458 fuit.
375 3428 431 3456 Liu.
444 3440 468 3463 1,
483 3439 516 3464 ις.
587 3431 695 3458 Fidenas
710 3433 784 3458 etiam
798 3432 933 3468 Cognomen
946 3431 976 3457 L.
989 3431 1075 3466 Sergii

1 3462 10 3498 ξ·
41 3461 138 3493 law-41
148 3468 184 3494 17·
230 3460 376 3501 Ρῑάθῃὸζθῦ,
383 3464 466 3499 Populi
482 3468 547 3494 Plin.
556 3476 577 3500 3,
592 3476 624 3495 12.
661 3468 755 3501 Liu.4‚
768 3476 804 3500 31.

52 3501 292 3536 'FQDENTiffi
313 3495 366 3522 vzd.
384 3504 504 3537 muns,
524 3503 559 3529 ei,

77 3538 94 3558 F
103 3538 111 3557 1
121 3538 140 3558 D
149 3538 165 3557 Ε
173 3538 203 3573 s,
224 3531 258 3557 ei.
267 3531 298 3573 ,ᾗ
309 3537 371 3572 pen.
383 3537 490 3569 antiquis
500 3541 572 3564 etiam
580 3537 714 3574 produfla.
757 3539 856 3573 [πῖςις]
896 3539 991 3566 Nomen
1004 3537 1074 3572 latis-

40 3565 111 3594 limae
128 3565 353 3607 ,significum-⁷115,-
376 3576 431 3606 uam
452 3573 488 3596 ita
502 3574 582 3600 licebit
591 3594 599 3607 ‚
614 3581 693 3609 puto,
713 3574 910 3609 comprehendere
937 3573 1013 3600 Fides
1037 3572 1073 3598 est

41 3602 185 3636 persii-ano,
205 3608 230 3628 et
242 3601 354 3636 quidqui
385 3602 457 3629 illam
468 3605 553 3635 efficit.
587 3611 674 3645 Itaque
688 3610 810 3637 interdum
823 3609 854 3642 ⁶st
867 3610 920 3646 ipsa
933 3609 976 3635 illa
989 3617 1073 3634 conae.

398 3254 491 3281 quen.
505 3254 556 3280 Sat.
570 3256 594 3281 6.
608 3261 639 3288 57
658 3253 740 3280 Viuat
755 3253 876 3285 Fidenis,
898 3259 924 3280 et
936 3252 1021 3287 agello
1035 3262 1075 3279 ce-

0 3634 9 3673 *e-
0 3523 16 3622 „4-‚7-
0 3499 15 3511 ν’

2 3677 6 3694 ἵ
36 3678 66 3698 ·et
75 3675 157 3698 virtus
168 3682 263 3705 eorum,
282 3682 342 3709 quos
354 3672 448 3699 fideles
461 3673 562 3703 dicimus
573 3689 583 3708 ,·
617 3681 740 3707 interdum
752 3680 874 3716 ostensus,
890 3690 956 3716 quem
974 3678 1071 3705 adhibe-

0 3730 5 3742 ,
41 3716 93 3734 mus
106 3711 143 3734 rei
153 3715 270 3744 tanquam
277 3708 418 3748 probabili,
438 3709 509 3744 quifi
520 3717 661 3741 temerarius
675 3715 724 3749 est,
743 3712 848 3743 vocatur
861 3716 1013 3742 credulitau
1034 3716 1072 3739 in-

4 3744 7 3752 '
40 3742 133 3769 tercium
151 3743 282 3779 speciatim
300 3745 425 3780 perjuajto
449 3743 477 3770 de
494 3745 602 3780 homine,
617 3754 656 3776 cui
668 3752 811 3778 credendum
819 3758 937 3787 putamus
947 3760 957 3780 ,·
994 3752 1072 3775 inter-

4 3798 8 3803 .
40 3775 96 3804 dum
108 3786 285 3815 argumentum,
297 3789 343 3816 quo
350 3782 453 3815 planum
461 3779 549 3815 facere
561 3785 600 3810 vel
607 3786 750 3820 perfimdere
762 3787 861 3823 aliquid
873 3795 987 3813 conamur
995 3797 1004 3815 ,-
1022 3794 1072 3810 non

2 3847 3 3851 ¹
19 3845 21 3861 ‘¹
40 3846 162 3882 dedimus,
179 3850 344 3887 credimusque
359 3863 366 3876 :
403 3850 469 3886 apud
481 3850 678 3886 Christiano-istc
689 3864 790 3885 vocatur
803 3859 842 3884 vel
857 3865 924 3884 totus
937 3858 977 3883 ille
985 3856 1073 3893 stnfitt

40 3891 118 3909 rerum
131 3884 286 3918 diuinarum,
302 3897 317 3912 a
331 3896 376 3922 quo
389 3886 505 3912 dicuntur
519 3886 612 3913 fideles
626 3897 634 3917 3
669 3891 708 3915 vel
714 3891 844 3925 speciatim
866 3894 910 3919 illa
923 3892 1021 3927 fiducia
1044 3901 1073 3918 fx

39 3917 132 3944 diuinis
139 3921 335 3955 promistionibus
349 3929 463 3957 concepta
476 3929 521 3948 tte.
556 3924 694 3949 Deriuatur
705 3929 791 3953 merito
804 3938 820 3953 a
831 3928 906 3954 πείθω
915 3930 1073 3960 Graecorum,

37 3953 100 3987 quod
109 3964 160 3980 cum
180 3956 244 3982 2113ae
260 3957 346 3984 habeat
361 3959 479 3984 Futurum
497 3958 643 3994 fteundum,
661 3958 717 3984 inde
738 3961 809 3987 reddi
826 3962 905 3997 potqjl
927 3967 1008 3994 ratio,
1028 3973 1072 3990 cur

37 3987 109 4021 fido,
129 3990 217 4021 fidus,
237 3992 338 4019 infidus
359 4000 404 4019 etc.
432 3994 538 4020 habeant
557 3995 654 4029 longam
674 3995 849 4029 penultimam,
865 3998 932 4024 fides
945 4006 1024 4025 autem
1046 4005 1070 4025 et
1078 4001 1181 4036 1051ug.
1195 4006 1223 4033 33
1240 3999 1336 4026 Comes
1350 4000 1405 4027 eius
1420 3999 1466 4035 qui
1480 3999 1591 4026 Romam
1606 4001 1657 4028 fide
1670 4003 1778 4033 Publica
1792 4012 1907 4034 venerat.

35 4024 150 4058 Petfidus
162 4032 207 4059 etc.
225 4027 328 4055 breuem.
365 4030 425 4056 Non
439 4032 520 4066 igitur
532 4039 615 4057 veram
629 4030 791 4066 etymologian
807 4033 911 4067 attulit,
923 4034 971 4070 sed
986 4035 1067 4064 Stoice

687 522 800 550 Martial.
817 531 854 555 12,
866 530 893 554 33
932 522 980 548 Nil
992 523 1039 549 nifi
1053 524 1087 550 fi-

466 631 532 658 Cato
546 640 567 657 c.
577 635 612 663 48
631 630 668 655 Eo
680 629 806 655 sarmenta
820 635 863 655 aut
880 628 987 655 ficarias
1006 637 1086 657 crates
1103 635 1131 652 ¹0
1148 632 1247 665 Gygen,

393 739 502 764 Hieron.
516 737 544 762 in
557 736 603 762 Ies.
619 743 651 766 13,
661 743 688 761 21
707 735 805 761 Pilosos
820 734 926 776 Viilgati
939 738 1087 772 inteipreta-

1056 810 1086 834 Et
1106 813 1131 839 13
1149 809 1193 843 Ep.
1232 829 1238 835 .
1276 828 1282 834 .

405 983 516 1018 [συκῶν]
555 985 669 1011 Fit-etum.
705 984 800 1011 Pallad.
812 993 848 1017 4,
863 992 891 1009 10
912 984 1003 1020 Aliqui
1017 986 1086 1013 inter
1096 992 1133 1010 20
1146 986 1234 1012 nostra
1248 986 1307 1012 fide.

583 1092 655 1118 Iecur
667 1097 818 1127 aprugnum,
838 1097 882 1117 aut
895 1091 998 1127 suillum
1010 1093 1084 1120 arida
1113 1110 1116 1130 1
1148 1093 1212 1118 Silii.
1228 1101 1248 1124 1,
1262 1101 1286 1124 2,
1300 1095 1348 1126 164

766 1127 770 1131 ”
1140 1128 1261 1163 probabis
1276 1137 1335 1164 erga
1348 1132 1464 1154 maritum
1478 1128 1621 1165 dqfurzHum
1630 1133 1642 1155 ,Ρ

45 1169 102 1198 pias
110 1180 119 1194 ,
139 1162 271 1192 Ficatum,
290 1161 371 1188 iecur.
407 1163 500 1197 Nempe
509 1161 639 1197 paullatim
651 1162 728 1198 'Pst‘m
743 1162 870 1189 iecinoris
884 1173 966 1190 nomen
980 1163 1084 1200 quum
1098 1168 1130 1195 25
1146 1170 1209 1195 tem,
1225 1170 1274 1199 pro
1288 1162 1474 1198 Obfirmatione.
1511 1165 1602 1191 Tacit.
1616 1165 1684 1191 Hist.
1698 1173 1720 1197 3,
1732 1173 1763 1197 39
1787 1166 1877 1192 Blaeso
1891 1168 1968 1202 super
1981 1170 2126 1201 claritatem
2144 1186 2189 1205 na-

218 1338 336 1366 Marccll.
357 1340 458 1374 Enipir.
480 1348 501 1365 c.
520 1347 553 1366 22.
577 1339 697 1366 Ficatum
710 1340 766 1375 lupi
779 1341 912 1375 integrum
925 1341 993 1367 lauri
1008 1342 1082 1369 foliis
1098 1348 1130 1372 30

520 1693 663 1726 Vlccrihus,
684 1703 743 1729 quae
770 1694 813 1728 fici
835 1701 969 1726 vocantur,
984 1697 1084 1730 plenus.
1094 1703 1132 1728 40
1147 1697 1273 1722 Deorum.

950 1732 1044 1766 superi.
1057 1736 1085 1758 in

1099 2222 1128 2249 55
1143 2223 1264 2249 mandati.

1137 2332 1267 2367 prclxnjii.
1303 2332 1388 2358 Hilar.
1405 2332 1435 2358 ad
1444 2332 1577 2358 Constant.
1586 2334 1650 2367 Imp.
1671 2334 1848 2362 Periculosum
1862 2338 1940 2366 nobis
1956 2340 2097 2372 admodum
2110 2356 2124 2374 a

1094 2399 1130 2424 60
1143 2404 1258 2443 Epi-'theta
1273 2413 1280 2428 :
1317 2403 1415 2429 Ennius
1445 2404 1511 2438 apud
1531 2405 1586 2432 Cic.
1610 2404 1662 2431 Off.
1683 2414 1705 2437 3,
1726 2414 1772 2440 104
1791 2407 1815 2433 O
1830 2407 1894 2437 fides
1909 2412 2000 2446 Alina,

824 2581 891 2607 Pers.
906 2588 927 2612 3,
941 2588 972 2614 73
993 2580 1079 2611 Disce,
1093 2581 1125 2612 65
1140 2589 1164 2607 et
1177 2581 1259 2607 Dolus
1273 2582 1371 2612 nialus,
1389 2586 1518 2611 contraria
1537 2584 1592 2609 Cic.
1606 2584 1634 2609 in
1649 2584 1748 2617 Topic.
1763 2587 1805 2611 66.

1139 2626 1169 2643 ra
1183 2616 1293 2641 dedimus
1307 2620 1334 2642 in
1347 2623 1387 2643 ΒΟ
1396 2624 1468 2643 NVS.

488 2754 620 2781 Columel.
635 2763 669 2785 12,
682 2760 720 2787 38,
735 2764 745 2781 1
767 2756 797 2781 In
811 2754 893 2781 fifilili
907 2753 1000 2780 fidelia
1013 2753 1079 2779 fiCCO
1086 2755 1122 2782 70
1140 2755 1270 2796 Qiine'ffl.
1284 2767 1312 2790 4,
1326 2765 1349 2789 3,
1363 2759 1388 2784 6.
1417 2761 1435 2784 i.
1452 2756 1596 2791 difficillime·
1613 2760 1736 2794 probatur
1757 2769 1780 2787 ct
1803 2764 1925 2792 creditur.

1138 2791 1510 2863 {gffiigepbffip-spembmmr
1527 2829 1532 2855 ἔ

1137 2865 1155 2890 ι’.
1172 2863 1299 2899 praesenti
1311 2866 1421 2897 pecunia.

1139 2907 1148 2925 1
1161 2907 1185 2932 p.
1199 2901 1250 2928 186.

420 2932 505 2959 Curio
520 2933 552 2958 ad
566 2933 621 2959 Cic.
635 2933 706 2959 Fam.
718 2940 745 2967 7,
759 2941 793 2965 29
810 2932 870 2965 Sed,
880 2932 964 2960 amice
973 2940 1076 2966 magne,
1095 2933 1130 2961 75
1139 2933 1251 2960 columis
1270 2935 1330 2960 Liu.
1346 2937 1371 2966 6,
1406 2954 1412 2960 .
1451 2955 1457 2961 .

1137 3005 1269 3040 Liquida,
1284 3006 1337 3032 vid.
1353 3006 1483 3039 Liquidus
1496 3009 1523 3032 in
1542 3014 1673 3046 LlQ'OR.

1137 3043 1354 3108 ῧῗὲῃωψ

1093 3110 1125 3136 80
1139 3112 1190 3138 fide
1211 3112 1291 3138 Plaut.
1306 3112 1388 3138 Trin.
1404 3120 1431 3145 4,
1440 3121 1467 3145 4,
1481 3123 1500 3144 3.

1136 3183 1193 3209 dum
1206 3183 1322 3209 mandem.

1137 3219 1219 3259 Plaut3
1232 3218 1320 3244 Pseud.
1336 3227 1356 3250 1,
1369 3227 1392 3252 3,
1405 3224 1430 3249 81
1451 3220 1501 3246 Fac
1515 3219 1575 3254 hoc,
1587 3222 1660 3256 quod
1674 3228 1698 3249 te
1711 3233 1833 3258 rogamus
1846 3226 1931 3253 Ballio
1946 3238 2002 3256 mea
2023 3231 2074 3257 tide
2104 3233 2121 3258 si
2137 3234 2181 3261 isti

1138 3254 1267 3280 formidas
1280 3254 1395 3283 credere,
2080 3252 2088 3264 ²

310 3287 426 3323 propert.
439 3298 467 3322 4,
483 3298 503 3321 1,
515 3291 547 3321 36
585 3290 642 3315 Hac
661 3289 709 3315 vbi
728 3289 838 3316 Fidenas
860 3289 939 3323 longe
957 3295 1012 3315 erat
1024 3289 1075 3320 ire,
1093 3286 1122 3315 8⁵
1137 3290 1271 3317 rhachinis
1285 3290 1321 3316 ob
1334 3299 1425 3316 necem
1439 3290 1550 3326 hospitis
1564 3292 1603 3317 tui
1617 3292 1747 3329 Platonis,
1763 3296 1819 3322 eius
1832 3297 1909 3331 ipfius
1922 3299 2030 3327 domum
2051 3303 2167 3331 euertjstj

1136 3326 1211 3352 cuius
1227 3325 1378 3360 sanguinem
1392 3325 1544 3357 addixeraS,
1564 3336 1680 3362 euinque
1691 3330 1775 3357 seruis
1789 3332 1980 3367 symphoniacis
2000 3343 2025 3362 et
2044 3338 2104 3365 aliis
2122 3325 2180 3367 muz

1137 3361 1247 3388 neribus
1271 3361 1399 3396 acceptis,
1419 3363 1557 3388 timentem
1587 3369 1613 3389 et
1636 3364 1748 3392 multum
1770 3365 1934 3396 dubitantem
1960 3372 2118 3401 confirmasti
2152 3382 2179 3403 et

1137 3397 1352 3424 Theffalonicam
1366 3396 1418 3422 fide
1432 3398 1495 3424 Tua
1508 3398 1601 3425 venire
1614 3398 1710 3426 iuffisti.
2126 3395 2135 3408 ²

1138 3432 1276 3459 satisdetur
1290 3433 1342 3465 fide
1358 3442 1423 3458 mea.

1089 3469 1125 3493 90
1136 3469 1182 3495 Sil.
1195 3478 1218 3500 4,
1232 3477 1261 3500 4,
1276 3475 1309 3497 81.
1346 3475 1370 3494 et
1381 3468 1417 3493 ilu'
1428 3469 1517 3495 Barth.
1554 3470 1641 3505 Sensus
1653 3468 1687 3503 est

1135 3513 1162 3530 n.
1177 3513 1188 3536 3
1210 3504 1332 3530 Miranda
1345 3503 1417 3530 fides.

1135 3539 1267 3565 bei-rimus
1284 3540 1345 3566 Stat.
1361 3539 1446 3566 Achil.
1460 3548 1485 3573 2,
1500 3542 1538 3567 61.

1135 3579 1195 3606 498·

1135 3610 1227 3636 cordia
1240 3610 1268 3636 in
1283 3616 1404 3644 promtu,
1424 3617 1470 3636 etc.

40 3639 135 3664 nientia
153 3644 176 3663 et
194 3647 243 3663 non
261 3640 425 3673 repugnantia
444 3638 575 3675 distorum,
591 3648 783 3681 cogitationum,
795 3644 942 3681 fastorum,
962 3642 1074 3670 afliones
1090 3642 1122 3668 95
1137 3645 1219 3671 Flacc.
1235 3648 1277 3671 62.

1134 3681 1207 3712 cani,
1223 3680 1388 3714 perlucidior
1399 3682 1472 3707 vitro
1490 3683 1556 3708 Hor.
1572 3683 1661 3708 Carni.
1677 3685 1783 3714 i,18‚16.

1136 3724 1170 3747 13,
1178 3718 1220 3742 62.

1135 3756 1172 3783 38,
1187 3759 1212 3782 33
1224 3756 1266 3791 pr.
1287 3752 1361 3784 Qios
1374 3753 1531 3778 nominatim
1545 3752 1733 3785 Philopoemen

399 3818 403 3822 .
420 3818 423 3821 Ι
575 3819 579 3823 -
1134 3786 1237 3820 professi
1252 3787 1323 3817 sunt,
1342 3787 1393 3814 fide
1411 3794 1514 3821 accepta
1532 3787 1564 3813 ab
1581 3787 1689 3821 legatis,
1708 3790 1763 3816 vim
1781 3790 1932 3821 abfuturam
1969 3799 2053 3827 donec
2077 3804 2175 3830 -iusam

19 3818 21 3830 ¹
40 3821 157 3848 nunquam
165 3814 281 3850 fauorem
301 3822 325 3841 et
343 3817 462 3842 auxillum
480 3815 538 3842 adro
557 3825 623 3849 eius,
640 3820 673 3845 ad
691 3831 756 3856 quem
775 3823 950 3859 cmffugimus,
969 3825 1010 3848 cui
1029 3830 1073 3847 nos
1081 3822 1263 3848 100dixiffcnt.
1941 3817 1948 3828 ³
2073 3817 2092 3828 Μ

1503 224 1536 264 F
1629 224 1646 264 1
1740 225 1778 265 D
2111 238 2184 288 du

1146 311 1203 346 lusit
1216 312 1272 339 Cic.
1286 311 1338 340 Off.
1351 321 1372 345 i,
1383 320 1412 345 23
1429 322 1449 339 c.
1463 320 1480 348 7
1495 314 1636 341 Dictorum
1649 319 1893 350 comientormnque
1910 321 2050 349 constantia
2071 328 2096 350 et
2114 325 2185 351 veri-

1148 353 1193 374 tas.
1231 350 1265 375 Ex
1280 357 1333 383 quo
1348 350 1514 383 (quanquam
1529 350 1578 376 hoc
1593 351 1727 378 videbitur
1740 351 1842 377 fortan‘e
1855 353 1968 386 cuipiam
1982 358 2082 391 durius,
2097 366 2185 386 tamen

1147 389 1175 410 vt
1195 383 1335 410 audeamus
1356 384 1456 410 imitari
1477 386 1593 418 stoicos,
1618 386 1665 421 qui
1679 386 1791 412 studiose
1804 387 1955 421 exquirunt,
1969 393 2034 418 vnde
2044 394 2122 421 verba
2135 396 2183 422 sint

1150 418 1243 451 dubia)
1264 419 1413 451 credamus,
1447 420 1509 454 quia
1533 421 1583 447 fiat
1605 422 1675 456 quod
1701 421 1801 448 die‘tum
1824 424 1876 455 est,
1909 426 2062 458 appellatam
2095 430 2184 457 fidem.

1116 464 1128 489 ς
1150 455 1216 481 Ter.
1233 456 1311 481 Andr.
1328 462 1357 488 ς,
1371 463 1401 487 2,
1414 457 1442 480 16
1475 455 1574 482 Tristis
1588 457 1711 483 seueritas
1725 457 1788 484 inest
1807 458 1835 484 in
1849 458 1940 491 vultu,
1960 466 2037 495 atquc
2054 464 2080 488 in
2093 466 2183 493 verbis-

1150 489 1223 516 fides.
1242 493 1260 517 i.
1280 490 1414 524 ιίξισπις-ἶκ,
1434 490 1579 524 πιθανότης,
1597 492 1744 525 auam-itas,
1757 496 1797 519 cui
1809 493 1933 521 credatur.
1970 496 2010 523 Su·
2023 498 2096 524 Fidei
2110 504 2185 528 causa

1148 525 1247 552 Sallust.
1262 525 1380 560 Iugurth.
1393 530 1430 557 83,
1445 534 1486 557 29.
1504 529 1522 551 i.
1536 526 1569 552 ad
1583 527 1756 555 ausim-statmo
1767 529 1954 556 conciliandam.
1999 558 2002 561 ,
2043 533 2146 561 Lucret.
2163 546 2186 568 ς,

1150 569 1192 592 103
1213 562 1262 588 Via
1275 570 1326 596 qua
1339 561 1440 587 munita
1451 560 1529 591 fidei,
1544 564 1641 596 penult.
1653 563 1783 597 producta.
1876 566 1940 592 Fide
1953 573 2001 602 pro
2020 568 2104 600 Fidei,
2121 572 2187 604 apud
2220 584 2229 591 -

1148 597 1215 622 Hor.
1235 598 1323 623 Carni.
1344 605 1366 628 3,
1380 603 1410 630 7,
1425 605 1443 628 4
1468 596 1568 628 Thyna
1582 607 1666 623 merce
1681 598 1802 632 beatum,
1838 600 1984 629 Constantis
1998 604 2121 630 iuuenem
2135 606 2187 632 tide

1290 631 1346 659 isid.
1361 631 1446 667 Heius
1461 639 1484 657 ct
1498 634 1581 658 Burni.
1596 633 1629 658 ad
1640 634 1720 662 Ouid,
1735 636 1798 661 Met.
1814 644 1834 666 3,
1847 644 1901 669 341.
1971 638 2010 665 Ad
2022 639 2117 672 fidem,
2132 642 2186 668 vid.

1148 674 1200 693 AD.
1271 667 1347 701 Apud
1361 672 1386 694 te
1400 667 1474 693 nulla
1488 666 1556 693 mihi
1575 668 1637 694 fidcs
1651 670 1686 695 cst
1706 670 1787 696 Plaut.
1802 672 1896 706 Amph.
1910 681 1935 704 2,
1950 682 1967 704 i,
1977 683 1998 706 ς.
2067 676 2101 702 At
2117 676 2187 703 mihi

1148 701 1209 728 fides
1222 702 1290 736 apud
1303 703 1371 729 hunc
1385 702 1435 734 cst,
1455 702 1523 729 nihil
1538 712 1580 729 me
1594 704 1667 730 istius
1680 705 1820 732 stiffturum.
1876 708 1944 734 Add.
1960 709 2063 736 Phorm.
2077 718 2099 744 ς,
2113 720 2136 744 3,
2150 720 2187 745 ες.

1148 739 1214 764 Cum
1240 738 1290 764 fide
1300 758 1308 770 ,
1330 741 1347 763 ι’.
1364 736 1478 772 fideliter
1504 739 1609 765 Colum.
1626 749 1643 770 i,
1657 748 1683 774 7,
1698 748 1723 775 7.
1792 743 1860 768 Cum
1874 749 1943 769 cei-ta
1956 744 2006 771 tide
2025 746 2062 773 ld.
2077 755 2098 779 3,
2110 756 2131 778 2,
2143 756 2187 781 29.

1149 774 1185 799 F.x
1202 772 1251 799 fide
1264 773 1327 799 idem
1341 773 1405 813 Plin.
1421 774 1465 807 Ep.
1478 782 1503 806 9,
1519 783 1548 807 ¹4
1557 781 1601 810 pr.
1672 777 1753 810 Supra
1767 776 1845 804 fidem
1860 782 1886 804 et
1898 780 2053 813 opinionem
2068 782 2187 810 Sci-ibon.

1320 808 1392 842 Qud
1406 809 1441 834 est
1455 815 1507 835 tam
1521 811 1600 837 Extra
1613 809 1691 837 fidem
1706 813 1714 838 ἓ
1751 813 1808 839 Sen.
1822 814 1867 847 Ep.
1881 822 1922 846 92.
1998 818 2028 842 In
2056 817 2107 844 lide
2133 828 2188 845 ma-

1148 853 1227 877 nere,
1247 844 1300 870 vid.
1320 853 1375 870 mox
1399 845 1506 871 Manere
1529 845 1557 871 in
1578 846 1628 872 fide
1648 855 1705 878 11.3.
1821 850 1852 875 In
1865 848 1916 876 fide
1929 850 2036 878 alterius
2051 854 2099 880 etse
2129 855 2187 882 Cic.

1149 880 1221 906 Fani.
1246 888 1278 912 13,
1300 881 1343 905 66.
1371 882 1390 905 i.
1413 883 1439 905 in
1458 882 1585 914 clientela,
1600 885 1751 917 patrocinio.
1824 884 1892 911 Add.
1905 895 1954 920 pro
1967 888 2042 914 Rosc.
2058 890 2116 916 Am.
2130 893 2186 917 160.

1149 917 1180 941 Et
1194 924 1244 950 pro
1257 915 1340 941 Plane.
1354 922 1388 949 97
1407 915 1617 949 Dyrrhachium,
1633 917 1704 952 quod
1716 924 1772 944 erat
1785 919 1813 945 in
1826 919 1877 946 fide
1889 930 1946 948 mea
1955 942 1962 952 ‚
1980 930 2069 956 petere
2082 932 2189 953 conten-

1148 951 1184 977 di.
1257 952 1288 977 Et
1301 950 1333 976 acl
1347 951 1385 984 Q
1395 951 1436 977 Fr.
1450 959 1475 983 2,
1488 961 1518 985 14
1538 952 1578 978 Est
1591 961 1622 978 cx
1635 953 1782 987 municipio
1796 955 1931 988 Atellano,
1949 958 2020 992 quod
2036 961 2084 986 scis
2099 963 2146 987 elie
2158 963 2187 988 in

1380 987 1410 1012 In
1422 986 1500 1013 fidem
1514 987 1626 1014 alicuius
1635 989 1726 1014 venire
1744 989 1851 1022 Liu.10,
1878 1011 1883 1017 .
1921 1012 1927 1018 .
1964 994 2098 1022 Absonuni
2113 997 2175 1024 fidei

1147 1021 1200 1048 vid.
1221 1029 1242 1048 A
1254 1028 1290 1048 ΒΞ
1300 1027 1350 1048 ON
1360 1028 1411 1048 vs.
1483 1023 1573 1049 Tacit.
1589 1023 1655 1050 Hist.
1671 1032 1693 1055 3,
1708 1031 1739 1058 57
1757 1023 1853 1058 Neque
1865 1026 1928 1053 fidei
1942 1028 2082 1064 Constans,
2101 1020 2189 1068 nequct

1147 1057 1265 1083 strenuus
1286 1057 1315 1083 in
1328 1057 1446 1091 perfidia.
1518 1059 1614 1093 Lapsus
1629 1058 1702 1090 fidei,
1723 1059 1776 1085 uid.
1798 1066 1814 1085 1.
1824 1067 1846 1086 A
1856 1067 1871 1086 Β
1881 1067 1899 1086 O
1910 1068 1928 1087 R
1956 1065 2067 1093 Verbum.
2124 1070 2177 1096 Stat

1372 1094 1439 1126 Quis
1457 1102 1564 1120 morum
1583 1093 1698 1128 fideique
1714 1094 1811 1120 Modus
1826 1096 1835 1121 3
1860 1105 1931 1131 quam
1945 1097 1987 1124 diu
2001 1091 2189 1140 lugmdofidmi

1711 1129 1862 1156 Obstinatio
1883 1131 1962 1165 fidei,
1982 1136 2008 1159 in
2027 1145 2111 1164 aonam
2125 1148 2190 1175 par-

1147 1199 1256 1232 talium,
1273 1204 1300 1226 et
1312 1199 1468 1233 elegantiam
1482 1209 1605 1232 morum,
1625 1200 1688 1227 fidei
1703 1199 1845 1228 obstinatio
1860 1202 1920 1229 fuit.
1957 1205 2061 1234 Luci-et.
2075 1218 2088 1242 ,-
2109 1219 2152 1237 10a

1301 1236 1338 1261 Vt
1351 1234 1395 1266 fit,
1412 1235 1459 1261 vbi
1471 1235 1605 1262 insolitam
1616 1245 1673 1262 rem
1685 1242 1805 1271 apportes
1819 1237 1928 1265 auribus
1946 1247 2021 1275 ante,
2089 1230 2098 1242 '
2138 1229 2152 1244 ³

1301 1270 1359 1297 Nec
1372 1276 1459 1297 tamen
1475 1270 1540 1298 lianc
1552 1271 1625 1306 pollis
1640 1272 1781 1299 oculorum
1795 1273 1906 1300 subdere
1917 1276 1992 1309 visu,

1301 1306 1359 1332 Ncc
1374 1307 1458 1333 iacere
1472 1306 1536 1332 indu
1549 1316 1656 1339 manus,
1675 1308 1725 1333 Via
1738 1317 1789 1342 qua
1804 1310 1905 1336 munita
1921 1310 1984 1338 fidei

1299 1342 1422 1368 Proxima
1438 1342 1491 1368 fert
1502 1342 1647 1369 humanum
1660 1343 1688 1369 in
1701 1344 1789 1377 peetus
1798 1364 1806 1376 ,
1822 1346 1970 1380 templaque
1989 1351 2092 1378 mentis.

1146 1377 1202 1404 Cic.
1218 1376 1250 1402 de
1264 1376 1365 1404 senech
1380 1387 1389 1404 1
1410 1378 1484 1404 Licet
1497 1379 1568 1404 enim
1583 1378 1700 1405 veriibus
1713 1379 1807 1406 iisdem
1819 1381 1888 1407 mihi
1900 1382 1975 1409 aflari
1988 1390 2013 1410 te
2027 1387 2120 1419 Attice,
2129 1390 2187 1424 qui.

1146 1412 1193 1441 bus
1207 1412 1299 1438 affatur
1313 1413 1492 1440 Flamininum
1504 1413 1552 1439 Ille
1565 1414 1609 1440 vir
1621 1413 1690 1440 haud
1702 1424 1795 1449 inagna
1807 1425 1868 1443 cum
1879 1426 1922 1448 re,
1940 1418 1983 1444 sed
2002 1421 2091 1454 plcnu'
2110 1424 2172 1453 fidei
2181 1437 2189 1443 ·

1146 1449 1293 1474 Hei—amster
1306 1450 1390 1481 Ennii,
1397 1458 1442 1484 quo
1455 1449 1573 1484 describit
1587 1450 1611 1476 S.
1623 1451 1721 1476 Aelium
1735 1452 1842 1477 Paetum.
1894 1454 2042 1483 Praeclarus
2056 1458 2118 1486 fidei
2132 1447 2191 1488 Ta:

1147 1485 1190 1510 cit.
1204 1485 1270 1509 Ann.
1284 1492 1308 1516 4,
1320 1492 1362 1518 34.
1456 1484 1564 1511 Sinister
1576 1484 1654 1517 fidei,
1674 1485 1785 1521 Pmfidus
1809 1487 1853 1513 Sil.
1870 1496 1901 1519 11,
1938 1509 1944 1515 .
1982 1511 1988 1517 .
2046 1494 2191 1524 Breuita‘jg

66 1549 72 1555 ¹
104 1550 108 1551 ⁷
127 1552 131 1553 ⁷
186 1552 191 1557 ι
434 1552 439 1557 .
520 1552 523 1557 ¹
545 1553 549 1557 Ι
1015 1520 1086 1547 Nae·
1104 1521 1131 1547 35
1148 1519 1284 1553 promissae
1298 1519 1360 1546 fides
1374 1519 1513 1552 admonet,
1532 1526 1631 1554 quanto
1644 1523 1735 1548 onmia
1749 1525 1896 1549 transcursu
1908 1524 2018 1553 dicenda
2038 1528 2086 1556 tint
2118 1532 2176 1559 Vel}

40 1558 118 1583 vius,
136 1552 264 1578 Ficitores
278 1560 368 1578 omnes
381 1558 490 1587 cupiunt
502 1552 632 1579 ficitatem
640 1572 649 1585 ,
669 1561 744 1579 merx
759 1553 795 1579 est
808 1553 861 1580 fine
874 1554 1003 1582 molestia.
1048 1558 1085 1583 Ex
2179 1553 2187 1560 ⁶

1147 1563 1172 1586 22
1186 1550 1221 1587 35¹,
1237 1563 1255 1580 1·
1274 1557 1292 1580 i·
1305 1555 1544 1591 studiumfi’ruandi
1551 1555 1703 1591 promiffiem.
1773 1559 1915 1585 Causarum
1929 1560 1993 1588 fides
2019 1564 2150 1597 Qxinetil.
2167 1577 2175 1594 1

1147 1595 1169 1620 8,
1184 1598 1219 1615 10.
1238 1598 1407 1626 argumtntum
1415 1591 1550 1626 probabile.
1602 1591 1671 1618 Proh
1685 1591 1771 1618 Desim
1784 1600 1861 1628 atque
1874 1594 2013 1623 hominum
2026 1599 2119 1626 fidem!
2140 1588 2190 1629 uo}

1146 1625 1323 1652 admirantium
1336 1633 1358 1652 ct
1369 1625 1440 1658 testes
1452 1628 1517 1652 Deos
1530 1633 1602 1661 atque
1614 1628 1721 1653 homines
1728 1628 1894 1663 jacientimn,
1921 1640 1945 1656 υ,
1957 1640 1982 1667 g.
1998 1633 2154 1662 TenAndr.
2169 1646 2190 1668 1,

1146 1669 1167 1693 ς,
1182 1669 1196 1687 2
1211 1668 1233 1686 et
1248 1669 1279 1687 11.
1314 1669 1337 1688 ct
1351 1662 1387 1688 ibi
1403 1663 1484 1688 Bentl.
1521 1662 1629 1695 Qun&
1643 1671 1662 1693 1,
1676 1664 1700 1693 6,
1715 1668 1739 1691 18
1757 1670 1851 1695 monet,
1867 1664 1958 1690 Fidem
1973 1667 2057 1694 Deum
2070 1670 2122 1696 ilici
2140 1681 2190 1697 non

1381 1697 1479 1722 Iudicis
1492 1696 1554 1722 fides
1569 1702 1594 1722 et
1608 1697 1704 1730 religio
1722 1698 1777 1722 Cic.
1793 1706 1841 1730 pro
1855 1699 1930 1725 Rosc.
1944 1701 2020 1728 Com.
2035 1711 2076 1736 43.
2122 1691 2189 1733 ,Ρω-

1146 1731 1284 1757 bationuin
1299 1731 1362 1757 fides
1382 1730 1512 1764 Qiine‘til.
1525 1740 1543 1763 4
1557 1732 1597 1757 Pr.
1610 1733 1635 1756 6.
1653 1738 1798 1766 argimirum
1805 1734 1950 1766 probantia.
2004 1738 2100 1765 Seoetis
2119 1748 2191 1769 certa

1146 1765 1210 1790 fides
1231 1766 1297 1791 Hor.
1311 1766 1446 1797 0d,3,16,
1463 1774 1504 1797 30,
1525 1766 1659 1800 firtilitas
1679 1769 1737 1801 agri
1758 1763 1884 1794 r'eddentis
1907 1779 1959 1795 cum
1974 1760 2066 1806 flumiz-
2079 1776 2178 1810 ſsvnina

1145 1799 1211 1824 Plin.
1226 1800 1318 1832 Paneg.
1334 1807 1373 1831 32,
1389 1808 1415 1831 4.
1486 1801 1571 1825 Rurm.
1586 1799 1619 1825 ad
1632 1801 1734 1827 Petron.
1748 1810 1769 1827 c.
1786 1810 1834 1837 117.
1905 1806 1972 1832 Hor.
1990 1809 2041 1835 Od.
2061 1819 2070 1827 .
2095 1815 2123 1838 16
2147 1798 2188 1845 30’

1145 1833 1290 1858 Solutionis
1304 1833 1367 1860 fides
1389 1834 1453 1859 Plin.
1468 1834 1545 1868 Epist.
1559 1839 1583 1866 8,
1597 1843 1612 1861 z
1631 1835 1738 1862 debitum
1750 1838 1987 1874 cumfidefhlutum.
2058 1828 2080 1843 ³³
2093 1832 2191 1875 Tgbu:

581 1866 719 1892 Machaera
733 1866 851 1898 ficulna,
869 1866 1028 1892 Praesidium
1046 1868 1081 1893 fi-
1096 1869 1130 1896 43
1145 1867 1230 1893 larum
1259 1867 1338 1900 fides,
1372 1871 1390 1895 i.
1406 1868 1569 1901 Ausim-itas,
1589 1880 1635 1906 quo
1652 1872 1720 1898 modo
1738 1875 1861 1908 accipitur
1873 1877 1899 1900 in
1919 1876 1999 1903 titulo
2030 1880 2069 1906 De
2082 1881 2133 1908 fide
2148 1885 2191 1911 in-

1143 1902 1359 1930 strumentorum.
1432 1906 1488 1931 Cic.
1503 1914 1551 1939 pro
1565 1906 1644 1932 Arch.
1659 1915 1675 1938 9
1694 1909 1783 1940 Quim
1798 1909 1878 1942 Appii
1893 1911 1996 1939 tabulae
2011 1916 2191 1950 neglioemjug

1143 1939 1284 1965 ass'eruatae
1297 1939 1462 1972 dicerentur,
1485 1940 1611 1972 Gabinii,
1625 1943 1753 1975 quamdiu
1768 1943 1908 1971 incolumis
1929 1947 1981 1974 fuit
2001 1939 2098 1979 leuitas³
2146 1955 2188 1982 ost

1143 1973 1339 2001 damnationem
1353 1975 1501 2007 calamitas,
1520 1984 1627 2001 omnem
1640 1976 1790 2004 tabularum
1802 1978 1880 2006 fidem
1901 1982 2045 2016 resignasset
2083 1973 2108 2014 i,
2123 1964 2189 2016 θρῖα-

1143 2010 1231 2036 mrim.
1307 2010 1541 2037 Testimoniorum
1554 2011 1616 2037 fides
1628 2019 1654 2037 et
1666 2012 1763 2047 religio
1783 2015 1837 2041 Cic.
1853 2025 1901 2050 pro
1915 2018 1996 2045 Fiat-e.
2011 2030 2035 2053 9,
2051 2007 2059 2018 ⁵
2095 1999 2190 2054 'Isigem

1100 2048 1132 2075 30
1144 2054 1193 2079 pro
1213 2045 1293 2072 Arch.
1314 2051 1327 2076 8
1354 2046 1431 2073 Adest
1453 2047 1504 2073 Vir
1524 2047 1622 2073 sumina
1635 2048 1807 2081 aufioritate,
1825 2056 1851 2076 et
1864 2053 2008 2087 religione,
2031 2063 2056 2084 et
2068 2058 2134 2091 fide,
2155 2063 2189 2088 L.

1143 2081 1278 2114 Lucullus,
1298 2082 1354 2117 qui,
1376 2089 1421 2109 etc.
1518 2082 1595 2108 Fides
1611 2083 1646 2108 est
1660 2084 1759 2110 iustitia
1772 2085 1800 2111 in
1812 2086 1890 2113 rebus
1903 2090 2009 2117 creditis
2026 2094 2081 2120 Cic.
2090 2096 2117 2122 in
2128 2098 2187 2124 Par-

1143 2116 1184 2143 tit.
1200 2122 1240 2150 78.
1335 2118 1487 2144 Constantia
1508 2117 1623 2152 promiffi
1649 2125 1674 2145 et
1697 2119 1760 2146 fides
1785 2120 1857 2148 Idem
1872 2124 1925 2150 Att.
1941 2135 1968 2158 4,
1982 2130 2018 2153 16.
2115 2133 2176 2159 Ter

1143 2152 1224 2178 Andr.
1242 2161 1262 2183 1,
1278 2161 1295 2182 1,
1310 2160 1326 2187 7
1364 2153 1443 2179 Nihil
1457 2153 1537 2179 isthac
1557 2163 1622 2188 opus
1636 2154 1671 2180 cst
1685 2161 1741 2181 arte
1754 2156 1785 2182 ad
1800 2157 1866 2184 hanc
1877 2168 1933 2186 rein
1947 2156 2026 2196 quain
2042 2174 2107 2199 paro
2144 2154 2190 2195 seri

1142 2186 1184 2213 his
1198 2196 1261 2222 quas
1275 2189 1376 2223 semper
1389 2190 1417 2214 in
1431 2195 1456 2214 te
1468 2189 1589 2217 intellexi
1600 2190 1673 2222 titas,
1693 2190 1744 2217 fide
1758 2198 1785 2218 et
1799 2194 1990 2230 taciturnitate,
2008 2202 2026 2225 ι’.
2041 2187 2190 2236 chleli’cura

1372 2224 1448 2251 Fides
1467 2231 1492 2251 et
1504 2224 1601 2252 fiducia
1621 2227 1703 2253 Plaut.
1719 2227 1800 2254 Trin.
1814 2237 1834 2261 1,
1849 2239 1870 2262 2,
1884 2236 1924 2261 80.
2032 2236 2110 2265 Fides
2139 2239 2189 2272 fin-

1142 2262 1249 2292 ceritas,
1269 2259 1403 2295 izihilfibli
1417 2260 1514 2287 habens.
1552 2261 1617 2288 Plin.
1630 2263 1767 2295 Pan.*23‚6
1783 2265 1927 2293 Iteraturus
1939 2270 2031 2302 gaudii
2045 2260 2125 2301 sideni
2142 2276 2191 2303 vbi

1142 2295 1216 2322 nulla
1227 2295 1354 2322 necessitas
1370 2295 1502 2331 gaudendi
1516 2296 1560 2323 est.
1655 2298 1730 2324 Fides
1737 2305 1787 2334 pro
1804 2300 1998 2337 Fideiformula
2010 2309 2109 2344 Jss-ripgo
2125 2293 2191 2338 {om-

2126 2354 2135 2373 t
2155 2356 2191 2374 ue

2110 2356 2190 2422 ,32

1141 2445 1167 2465 et
1182 2437 1366 2465 iusiurandum
1382 2439 1453 2465 Iouis
1468 2450 1473 2466 z
1513 2439 1542 2465 de
1555 2441 1608 2466 Dea
1625 2440 1692 2473 fule,
1700 2441 1866 2479 fsclpcrtinet
1881 2454 1959 2474 tamen
1973 2424 2189 2480 ειι“αῗνξῖῗ1ίριῖῗνι·ιιιιῗῖ

1141 2481 1198 2501 tem.
1306 2475 1450 2510 Ambigua,
1469 2474 1524 2501 vid.
1545 2483 1723 2503 Aiissiovvs.
1795 2481 1939 2508 Ambulans
1952 2484 2029 2511 male·
2044 2487 2147 2514 l'etron.
2163 2498 2186 2515 c.

1143 2519 1178 2537 12.
1250 2511 1321 2537 Caes.
1337 2511 1365 2537 B.
1380 2513 1410 2538 C.
1425 2520 1447 2543 3,
1461 2519 1470 2536 1
1491 2512 1582 2545 Quini
1607 2511 1670 2539 fides
1695 2519 1750 2541 tota
1767 2516 1843 2542 Italia
1862 2518 1921 2543 esset
1937 2520 2078 2553 Angustior
2098 2533 2188 2558 neque

1140 2545 1256 2572 creditae
1268 2547 1394 2580 pecuniae
1408 2547 1587 2580 soluerentur,
1605 2555 1652 2575 etc.
1693 2549 1750 2575 Vici.
1765 2552 1863 2577 Cilicon.
1878 2553 1901 2578 h.
1917 2554 1935 2578 l.
2019 2543 2090 2584 Bona
2111 2559 2187 2592 fides,

1878 2588 1924 2614 Sed
1935 2588 1964 2615 de
1972 2590 2043 2618 Bona
2054 2593 2119 2621 Fide
2129 2597 2188 2630 plu-

1146 2654 1151 2658 Δ
1224 2653 1227 2657 .
1375 2655 1378 2659 .
1527 2654 1532 2658 ι
1585 2619 1656 2644 Cana
1675 2620 1747 2653 vti-g.
1757 2620 1820 2647 Aen.
1835 2626 1919 2662 i‚296.
1931 2631 1978 2659 per
1992 2627 2187 2664 Prqfiipopoeiaiz

1140 2661 1159 2677 ι,
1172 2657 1289 2685 antiqua,
1309 2654 1391 2687 quahs
1403 2652 1470 2687 apud
1481 2661 1594 2679 mamres.
1672 2655 1750 2681 Cei-ta
1762 2656 1854 2690 segetis
1868 2659 1918 2684 uid.
1933 2669 1958 2686 n.
1974 2669 1993 2687 1.
2084 2666 2186 2693 Claud&

1140 2685 1185 2725 Sil.
1199 2694 1283 2725 13,,33.
1354 2688 1502 2713 Contumax
1517 2688 1596 2714 etiam
1609 2688 1732 2716 aduersus
1746 2697 1887 2725 tormenta,
1895 2694 2030 2723 seruorum
2047 2698 2109 2726 fides
2129 2702 2186 2728 Ta-

1140 2726 1182 2746 cit.
1208 2721 1275 2747 Hist.
1298 2730 1323 2754 1,
1337 2730 1359 2753 3.
1430 2721 1597 2750 Difficillima
1621 2724 1657 2750 est
1680 2726 1821 2759 grauiffimi
1845 2729 1972 2765 cuiusque
1995 2732 2098 2762 sceleris
2120 2737 2185 2764 fides

1513 2794 1518 2798 ¹
1585 2795 1590 2799 .
1992 2769 2081 2797 Dubia
2101 2773 2184 2800 Ouid.

1449 2794 1541 2820 Tacit.
1554 2794 1626 2837 Hist³
1637 2803 1665 2828 4,
1680 2804 1706 2828 23
1731 2797 1762 2822 Et
1774 2798 1855 2825 Fluxa
1869 2800 2040 2831 seruitiorum
2056 2806 2136 2841 fides,
2155 2817 2185 2835 ae

1603 2830 1702 2858 (wraeca
1716 2831 1767 2858 fide
1781 2836 1893 2862 mercari
1912 2838 2072 2868 Plaut.Afin.
2082 2852 2120 2875 1,3
2139 2852 2185 2879 47.

1464 2864 1521 2891 ifid.
1535 2865 1599 2891 Scal.
1614 2865 1682 2893 chl.
1701 2868 1795 2904 Azcfhn.
1810 2879 1839 2902 2,
1854 2881 1879 2905 7.
1922 2873 1986 2907 Voffi
2001 2875 2084 2909 [ustie.
2099 2864 2185 2907 O'ratt.

1287 2899 1376 2925 Turn.
1390 2907 1419 2932 4,
1433 2908 1467 2931 13.
1502 2907 1525 2926 et
1542 2909 1578 2932 12,
1590 2906 1625 2930 18.
1680 2903 1785 2943 Illibata
1802 2906 1910 2935 Firmic.
1923 2910 1951 2935 in
1962 2905 2047 2944 praef.
2061 2921 2086 2948 7.
2143 2917 2185 2942 In-

1326 2971 1331 2975 *
1528 2937 1673 2971 Iinpolluta
1701 2939 1746 2966 Sil.
1761 2949 1795 2972 13,
1809 2943 1870 2977 679.
1940 2946 2096 2983 Incorrupta
2109 2950 2184 2984 fides,

1139 2969 1262 3004 nudaque
1275 2977 1373 3004 veritas
1391 2971 1458 2997 Hor.
1473 2971 1562 2997 Carni.
1577 2980 1597 3004 1,
1611 2981 1653 3006 24,
1666 2981 1692 3008 7.
1795 2977 1899 3012 Integra
1936 2982 2067 3015 Qiineiil.
2083 2993 2106 3017 ς,
2120 2994 2146 3020 7,
2161 2996 2182 3013 2.

1427 3042 1430 3046 .
1443 3042 1449 3046 ἱ
1548 3043 1552 3047 1
1746 3011 1836 3047 Longa
1849 3019 1980 3050 tenaxque
1994 3019 2075 3045 Ouid.
2090 3022 2182 3049 Amor.

1359 3042 1499 3068 Manitesta
1518 3043 1541 3068 V
1545 3052 1594 3083 irg3
1610 3044 1673 3070 Aen.
1688 3053 1714 3077 2,
1728 3054 1785 3079 309.
1806 3050 1915 3076 omnibus
1929 3054 1979 3077 iam
1987 3055 2105 3090 patescit.
2140 3058 2183 3084 Sic

1443 3078 1540 3111 Magna
1551 3086 1643 3105 auium
1667 3081 1747 3108 Ouid.
1763 3083 1826 3109 Fast.
1840 3095 1867 3118 4,
1879 3090 1932 3118 814.
2011 3089 2106 3123 Magna
2121 3100 2182 3119 cuin

1167 3148 1171 3152 .
1504 3152 1507 3154 -
1572 3115 1689 3142 Maxima
1707 3125 1811 3149 reruni,
1826 3119 2024 3157 verborumque
2044 3124 2107 3151 fides
2129 3127 2182 3154 tibi

1139 3148 1214 3181 Virg.
1230 3148 1294 3175 Aen.
1307 3155 1340 3180 9,
1355 3154 1412 3177 280.
1443 3151 1461 3174 i.
1479 3148 1546 3175 nihil
1558 3150 1606 3176 tibi
1619 3160 1667 3177 non
1681 3157 1770 3178 arcani
1782 3158 1948 3189 committam,
1969 3160 2034 3185 nihil
2046 3170 2093 3186 non
2107 3171 2182 3198 agen-

1427 3185 1488 3210 Mea
1502 3183 1570 3217 fide,
1595 3187 1648 3212 Vox
1673 3188 1848 3215 intercedentis
1866 3198 1890 3216 et
1904 3199 1954 3226 pro
1968 3196 2017 3220 allo
2031 3195 2181 3230 spondentis.

1143 2367 1295 2393 miserabile
1310 2367 1361 2399 est,
1382 2374 1421 2394 tot
1434 2377 1502 2394 nunc
1515 2368 1577 2394 fides
1591 2369 1711 2401 existere,
1726 2376 1792 2405 quot
1804 2372 1964 2409 voluntates,
1972 2385 2017 2405 etc.

1466 3255 1522 3282 Cic.
1535 3256 1564 3282 in
1577 3257 1662 3283 Pison.
1682 3266 1712 3290 39
1747 3261 1834 3293 Qium
1846 3270 1947 3297 accepta
1961 3267 2069 3299 pecunia
2083 3276 2097 3293 a
2112 3269 2181 3301 Dyr-

1528 3434 1533 3438 ·
1700 3436 1706 3442 ἱ
1782 3402 1855 3429 Idem
1868 3405 1939 3431 Fam.
1955 3415 1988 3438 13,
2002 3416 2031 3441 ε9
2051 3410 2134 3437 Cures
2149 3418 2179 3439 vt

1496 3434 1565 3459 Mira
1578 3434 1657 3461 fides!
1693 3439 1754 3464 Stat.
1760 3437 1848 3472 paffim
1863 3443 1890 3464 in
1902 3441 2075 3471 admiratione.
2118 3448 2178 3475 Vid.

1557 3505 1562 3510 ⁸
1617 3506 1622 3510 .
1694 3491 1701 3502 ,
1720 3481 1760 3497 res
1771 3477 1850 3505 mira,
1861 3474 1910 3510 fid
1921 3485 1980 3503 vera
1992 3485 2081 3507 tamen.
2107 3483 2178 3511 Add.

1494 3504 1651 3538 Muliebris,
1668 3506 1720 3532 vid.
1737 3513 1870 3535 MVLIER.
1961 3513 2034 3541 Nota
2046 3515 2098 3543 fide
2111 3519 2179 3547 cele.

1272 3575 1303 3601 T
1337 3575 1342 3579 ι
1408 3575 1412 3579 .
1463 3583 1473 3591 ,-
1609 3541 1687 3581 Nuda
1699 3562 1706 3573 ‚
1726 3545 1744 3568 i.
1755 3544 1925 3584 ‘Non-siward
1945 3548 2031 3589 Valcr.
2047 3553 2178 3589 Arg0n.5,

1304 3580 1363 3601 acit.
1377 3575 1445 3601 Hist.
1461 3592 1483 3608 ,,
1499 3583 1512 3609 5
1551 3577 1582 3602 Et
1594 3586 1655 3617 quia
1669 3576 1737 3611 apud
1752 3579 1820 3611 ipsos
1834 3580 1898 3619 tides
1911 3582 2057 3620 obstinata,
2076 3590 2179 3618 iniseri-

1576 3613 1683 3646 Optima
1698 3618 1722 3639 et
1732 3613 1911 3646 spetfl'atlffima
1923 3618 2002 3646 alicui

1349 3647 1365 3671 P
1570 3647 1575 3652 ,
1807 3652 1811 3655 ,
2006 3631 2035 3648 us
2056 3625 2113 3652 Cic.
2127 3636 2177 3661 pro

1367 3655 1444 3676 arua,
1465 3647 1602 3677 Perennis,
1624 3648 1764 3681 Perpetua,
1783 3649 1939 3680 vzd.hh.uv.

1925 3689 1930 3694 ¹
1953 3691 1959 3695 “
2011 3658 2122 3696 Prodiga
2136 3672 2176 3689 ar-

1361 3717 1365 3721 ·
1417 3716 1426 3722 ἡ
1662 3720 1665 3723 Δ
1697 3720 1699 3724 Α
1853 3687 2006 3723 Prodigiosa
2023 3695 2176 3725 quen.Sat.

1291 3716 1398 3742 Publica
1411 3717 1483 3749 tides,
1503 3727 1573 3752 quam
1584 3724 1711 3751 promzttzt
1720 3726 1754 3753 po
1773 3721 1834 3752 ulus,
1854 3725 1935 3757 qualis
1947 3728 2100 3766 intelligitur
2114 3733 2174 3759 Liu-

1769 3759 1950 3792 epopol'cerat,
1968 3763 2015 3796 ipsi
2038 3766 2064 3792 se
2090 3768 2173 3794 ituros

1329 3823 1337 3826 ”
1353 3823 1451 3849 Sallust.
1466 3824 1493 3848 in
1507 3821 1584 3848 Catil.
1599 3828 1632 3855 48
1666 3825 1690 3850 is
1705 3834 1786 3859 quum
1799 3828 1825 3854 se
1837 3829 1937 3858 diceret
1950 3833 2128 3863 indicaturum
2143 3838 2175 3864 de

1133 3856 1332 3897 coniuratione,
1352 3858 1370 3884 fi
1382 3858 1446 3884 fides
1459 3857 1563 3883 Publica
1576 3857 1634 3884 data
1649 3860 1721 3891 ell'et,
1741 3862 1817 3888 iuffus
1830 3873 1844 3890 a
1860 3866 1990 3900 Consule,
2008 3880 2076 3904 quae
2089 3874 2165 3899 sciret

1133 3892 1236 3919 edu-ere
1251 3902 1256 3917 :
1291 3892 1382 3920 eadem
1395 3895 1451 3920 fere
1465 3901 1531 3927 quae
1545 3893 1694 3921 Vulturtius
1708 3897 1739 3922 de
1752 3898 1848 3925 itinere
1862 3901 1975 3930 hostium
2167 3893 2176 3904 ²

1134 3929 1139 3933 .
1302 3927 1306 3932 .
1531 3928 1535 3932 .
1588 3929 1592 3934 .
1615 3929 1619 3935 .
1835 3936 1840 3939 ⁴
1987 3924 1996 3936 ,
2012 3913 2056 3932 cle.
2099 3908 2173 3934 Idem

1132 3928 1169 3954 ib.
1183 3938 1225 3961 47,
1239 3936 1247 3953 1
1265 3927 1354 3968 ¹Primo
1369 3929 1483 3963 fingere,
1501 3928 1552 3953 alia
1567 3929 1723 3958 dissimulare
1737 3932 1769 3958 de
1782 3939 1974 3964 coniuratione.
2045 3942 2102 3968 Post
2125 3943 2173 3969 vbi

1132 3963 1183 3990 fide
1196 3962 1302 3989 Publica
1315 3963 1402 3991 dicere
1416 3964 1492 3991 iussus
1506 3963 1550 3996 est,
1568 3967 1669 3998 omnia,
1681 3968 1721 3993 vti
1741 3969 1808 4002 gesta
1830 3979 1911 4003 erant,
1932 3975 2027 4008 aperit.
2098 3962 2172 4005 idem

1960 4009 2017 4037 Vid.
2037 4011 2095 4038 Sall.
2114 4013 2171 4047 Iug.

1440 4033 1616 4064 Nnnna
2095 4049 2173 4085 3²stl-
