2479 4225
36 208 96 246 281
249 211 262 220 *
408 197 691 238 DVC

37 287 109 322 7:225]
144 287 196 322 Ωιι·
208 287 248 313 ue!
257 294 316 322 quae
330 285 405 312 ducit.
439 286 513 321 Virg.
523 287 584 313 Aen.
599 297 618 319 1,
628 289 676 320 364
699 287 757 312 Dux
778 284 876 311 femina
896 281 968 309 faeti.
1004 280 1062 308 Cic.

37 324 172 358 prosorn.
185 330 201 353 9
227 323 267 348 An
281 322 434 356 ingenium?
455 331 536 357 quum
549 323 628 349 ctiam
641 323 694 356 ipse
709 321 778 346 casus
795 325 956 352 cuentusque
971 325 1063 357 rerum

37 367 92 385 non
104 357 195 389 duces,
215 357 257 383 scd
272 357 380 384 comites
394 358 450 383 eius
468 358 635 385 consiliorum
648 356 754 383 fuerint.
824 354 891 380 lbid.
906 356 941 386 64
961 351 1065 384 Videte,

36 402 70 456 Re
82 393 172 454 vtiliuis
186 391 263 419 vobis
277 399 302 419 et
316 392 448 419 honestius
463 393 492 419 sit
510 394 562 420 illis
575 391 683 420 ducibus
702 399 806 422 errare,
825 398 903 424 quam
921 388 970 414 hoc
984 388 1065 422 magi-

61 437 92 455 το
104 436 150 455 eru
169 436 215 454 ire.

37 464 161 498 festoque
173 463 265 495 classis,
295 463 406 490 eundem
419 465 557 491 neccssario
575 462 687 489 cursum
696 467 785 487 tencre
799 465 948 494 coeperunt.
1020 459 1066 485 Ar-

36 498 120 526 menti
134 498 186 524 dux
207 498 288 525 Ouid.
304 500 366 526 Met.
381 505 404 531 8,
424 520 429 525 .
451 519 459 525 .
477 520 484 525 .
504 498 546 533 ςΠὲ
559 497 660 524 dicitur.
731 496 883 528 Astrorum,
904 498 921 521 i.
934 495 975 521 Sol
1007 494 1065 520 Sen.

37 533 148 565 Thyest.
162 534 179 560 s.
191 542 216 566 9.
272 535 358 561 Prima
372 535 422 561 dux
437 536 521 570 Fugae
531 533 619 566 regina
638 531 708 558 Flor.
721 541 750 564 4,
763 540 794 564 11,
809 536 831 561 8.
896 529 988 564 Gregis
1003 529 1056 554 dux

30 574 81 606 pro
100 570 184 595 Tauro
194 588 202 600 ,
217 569 284 605 apud
302 570 382 596 Ouid.
398 570 429 596 de
442 572 503 597 Arte
515 569 572 595 Am.
586 576 605 600 1,
618 569 671 599 326.
726 566 873 600 impictatis
889 565 986 592 Cic.de
994 565 1066 590 Ami-

37 604 82 630 cit.
97 608 140 638 42.
194 605 296 639 Ingenii
317 606 397 632 Ouid.
410 615 441 632 ex
455 606 535 631 Ponto
549 611 571 635 2,
586 611 608 634 3,
622 607 663 637 78.
735 602 867 628 Malorum
882 601 933 627 dux
952 606 978 626 et
992 600 1067 626 scele-

35 648 98 667 rum
111 639 206 666 artifex
239 640 295 666 Sen.
309 641 416 675 Hippoi.
436 650 462 674 4.
533 637 695 664 Praedonum
725 637 780 664 Cic.
795 639 872 664 Verr.
892 644 904 670 5
924 638 975 670 (7)
996 644 1017 661 c.
1033 643 1067 667 23.

38 675 98 701 Dux
111 683 234 703 romanae
246 676 391 703 Pudicitiae
408 673 527 702 Lucretia
552 673 610 700 Val.
623 674 694 700 Max.
714 675 740 705 6,
757 682 776 705 1,
791 682 808 699 1.
879 671 1009 698 Scelerum
1024 670 1069 697 du-

396 709 525 737 Seoarum
545 708 709 735 diuersarum
728 709 806 735 duces
838 706 970 741 Qunffil.
990 714 1013 739 5,
1037 714 1069 738 ¹3-

775 744 852 770 Vitae
869 742 921 768 dux
935 742 979 768 dia
996 742 1071 768 volu-

1059 548 1067 560 ν

37 719 79 737 ces
108 711 202 736 Lucan.
224 719 250 743 2,
270 720 328 744 249.

38 744 166 780 sapertun
186 746 237 772 dux
247 766 254 778 ,
279 750 296 772 i.
311 748 404 782 Iupiter
421 745 488 771 'St-at.
502 743 565 769 Silu.
585 753 614 777 4,
627 753 653 776 2,
667 752 704 776 55.

35 787 92 821 ptas
111 781 214 807 Lucret.
229 790 251 813 ε,
265 790 318 816 172.
353 781 394 808 Sic
409 780 521 806 Venerem
535 786 615 806 vocat.
653 781 719 806 Nam
731 778 813 811 addit,
831 784 859 804 vt
872 786 912 804 res
927 785 973 811 per
987 778 1071 804 Vene-
1093 793 1101 811 1

36 825 76 844 ris
90 815 229 842 blanditim
243 818 321 844 saecla
332 820 489 851 propagent,
519 815 562 841 Ne
585 824 665 849 genus
683 814 786 841 occidat
799 814 953 840 humanum.
1025 813 1073 838 Vi-

36 851 118 878 vendi
131 852 201 878 recte
219 852 271 878 dux
289 858 376 878 natura
403 850 458 876 Cic.
475 849 507 876 de
522 850 627 877 Amicit.
650 859 678 884 ¹9
692 859 713 876 c.
727 858 750 883 5.
778 861 781 863 ·
819 848 893 875 Idem
905 848 988 875 Tusc.
1006 857 1024 878 1,
1040 856 1073 882 27

36 887 154 914 Mortem
167 896 220 914 non
233 888 366 914 interitum
379 886 426 911 else
440 886 531 912 onmia
544 886 680 912 tollentem
694 891 771 920 atque
782 884 923 916 delentem,
937 882 980 909 sed
993 893 1073 918 quan-

38 920 99 948 dam
111 922 181 957 quafi
196 923 378 957 migrationem
388 920 676 957 commutationemque
689 921 770 952 vitae,
789 928 857 954 quae
870 920 898 946 in
917 919 993 945 claris
1007 919 1073 945 viris

36 964 64 984 et
83 958 190 984 feminis
208 958 259 984 dux
278 958 305 984 in
319 955 418 982 caelum
436 956 533 982 soleret
545 957 602 983 ess'e.

36 994 70 1019 Bt
83 993 152 1020 Mari
165 999 190 1020 et
202 999 269 1020 terra
281 991 357 1018 duces
375 991 413 1018 Id.
426 1000 447 1023 3,
461 1000 484 1024 2,
496 1000 518 1023 3.
553 993 596 1019 Sic
609 999 713 1018 vocatur
732 990 772 1017 ille
787 991 908 1026 populus,
921 993 964 1026 qui
980 990 1072 1016 ducem

33 1028 136 1064 praebet
146 1023 264 1056 exercitui
273 1027 405 1063 sociorum.
478 1028 539 1053 Dux
552 1036 581 1054 ac
593 1028 713 1062 princeps
725 1027 754 1052 in
768 1026 815 1052 illa
829 1025 1000 1052 multitudine
1013 1025 1072 1052 fica-

37 1063 142 1090 riorum
173 1064 228 1090 Cic.
239 1071 287 1096 pro
299 1063 374 1088 Rosc.
387 1063 475 1088 Amer.
513 1082 520 1088 .
557 1082 564 1089 .
599 1070 622 1089 et
640 1062 672 1088 de
685 1063 777 1096 Arusp.
797 1062 872 1096 Rcsp.
892 1069 932 1096 57.
1002 1062 1074 1087 Duce

40 1105 67 1125 et
79 1099 180 1134 auspice
193 1098 301 1124 Teucro
335 1099 402 1124 Hor.
415 1097 466 1124 Od.
487 1107 507 1130 1,
520 1105 546 1132 7,
559 1105 601 1132 27.
672 1097 736 1125 Non
751 1097 877 1123 nouimus
896 1097 987 1123 ducem
997 1117 1005 1129 ,
1024 1096 1072 1122 nisi

37 1135 112 1160 cuius
125 1133 244 1168 auspiciis
258 1132 357 1159 bellum
370 1133 472 1167 geritur
504 1134 563 1160 Liu.
578 1143 605 1166 4,
622 1137 655 1162 18.

37 1177 169 1205 praeterea
183 1168 281 1203 reliqui
294 1169 321 1194 in
335 1169 392 1203 ipso
406 1168 478 1195 bello
491 1177 595 1204 rapaces
613 1169 669 1195 Cic.
685 1169 757 1195 Fam.
771 1176 797 1203 7,
811 1177 831 1200 3.

37 1210 119 1231 totam
132 1205 222 1231 somno
241 1204 394 1231 consumere
406 1204 513 1231 nostem
541 1203 586 1230 Sil.
602 1212 624 1237 3,
641 1212 696 1238 172.
767 1203 884 1230 Achilles
898 1203 949 1230 dux
963 1203 1074 1230 Thess'a-

37 1240 87 1273 lis,
112 1239 163 1266 vid.
188 1245 209 1265 A
225 1245 242 1265 C
259 1246 279 1265 H
294 1247 304 1266 1
317 1247 333 1266 L
350 1246 366 1266 L
384 1247 400 1266 E
414 1247 436 1267 s.
508 1239 597 1266 Tanta
615 1239 772 1266 auctoritate
790 1238 843 1265 dux
868 1240 924 1265 Cic.
938 1240 991 1265 Ate.
1005 1247 1032 1274 7,
1046 1246 1073 1273 7.

38 1275 128 1303 Tacit.
141 1274 206 1302 Hist.
228 1283 251 1306 3,
265 1282 293 1309 71
324 1275 404 1302 Noua
416 1274 584 1309 cupientibus
597 1275 734 1302 anferatur
748 1273 801 1300 dux
817 1281 842 1300 et
856 1274 958 1301 auclor.
1014 1275 1072 1301 Cic.

37 1311 108 1338 Fam.
122 1319 159 1343 10,
172 1312 196 1336 6.
211 1316 234 1336 et
248 1318 273 1341 2,
286 1312 312 1336 6.

34 1345 152 1378 confilii,
173 1351 200 1372 et
217 1345 346 1379 regendae
361 1345 476 1372 ciuitatis
491 1345 607 1379 ducem,
632 1352 659 1372 et
678 1346 821 1372 sententiae
845 1352 925 1380 atque
945 1346 1071 1379 eloquen-

35 1381 88 1408 tiae
102 1381 244 1416 principem
258 1381 285 1406 in
297 1381 406 1414 Senatu,
427 1382 455 1407 in
469 1382 568 1416 populo
578 1402 586 1414 ,
607 1382 635 1408 in
654 1381 734 1407 caulis
748 1381 860 1416 publicis
877 1382 926 1407 effe
938 1381 1070 1407 volumus.

35 1417 94 1443 Dux
109 1422 134 1442 et
143 1425 228 1442 comes
248 1417 287 1442 Id.
301 1425 350 1451 pro
358 1417 477 1444 Marcell.
494 1425 527 1443 11.
597 1417 653 1444 Cic.
668 1417 700 1444 de
708 1418 814 1443 Amicit.
829 1424 860 1451 37
880 1417 938 1443 Nec
952 1417 976 1443 se
990 1417 1073 1443 comi-

32 1456 86 1478 tem
97 1452 170 1479 illius
183 1451 292 1492 fugeris,
312 1451 355 1478 sed
368 1453 459 1479 ducem
473 1451 604 1487 praebuit.
656 1453 716 1479 Dux
730 1459 755 1479 et
767 1452 891 1487 magister
908 1452 982 1478 Idem
995 1453 1072 1478 Verr.

31 1495 56 1519 3,
70 1495 116 1520 54..
165 1488 197 1513 Ει
210 1495 242 1513 oe
249 1487 307 1514 Fin.
323 1497 343 1520 1,
355 1495 383 1523 71
405 1488 528 1522 Magistra
541 1494 567 1514 et
575 1487 640 1514 duce
653 1495 754 1514 natura.

31 1522 73 1548 An
85 1522 166 1549 vestri
179 1523 327 1554 Praetores,
353 1523 434 1550 vestri
449 1523 542 1556 duces,
568 1524 649 1550 vestri
669 1524 857 1558 imperatores?
930 1523 1003 1549 Idem
1024 1531 1073 1557 pro

31 1557 116 1584 Plane.
131 1565 168 1592 74
188 1558 388 1593 Statuiss'emque
405 1567 450 1585 eos
464 1559 550 1586 solum
568 1560 721 1591 nominare,
741 1559 787 1594 qui
801 1559 891 1585 causae
910 1559 1014 1585 nostrae
1027 1557 1074 1584 du-

30 1601 72 1619 ces
86 1598 112 1619 et
124 1593 195 1627 quafi
209 1593 327 1628 signiferi
339 1595 453 1621 fuissent.
524 1596 555 1620 Et
562 1603 609 1628 pro
622 1595 742 1621 Muraen.
775 1614 782 1620 .
819 1614 825 1620 .
863 1595 922 1620 Dux
931 1602 955 1620 et
965 1593 1074 1627 fignifer

29 1627 253 1656 calamitosorum.
324 1630 459 1656 Vexillum
473 1629 586 1656 sublime
606 1630 707 1662 crucis,
727 1628 799 1664 quod
816 1629 844 1655 in
861 1630 966 1663 agmine
984 1629 1073 1663 primo

32 1664 93 1691 Dux
109 1663 178 1691 bona
190 1665 348 1700 praetulerat
364 1665 440 1692 Prud.
453 1665 588 1697 psychom.
602 1673 662 1700 347.

903 1168 998 1202 Turpe
1012 1167 1074 1194 duci

30 1700 62 1739 33¹
69 1707 111 1759 ξι,
124 1707 174 1760 7}il
218 1700 368 1735 Improuidi
386 1706 412 1727 ct
426 1701 585 1740 negligentes
598 1701 678 1745 duces
685 1736 690 1740 .
706 1700 763 1726 Cic.
778 1701 833 1726 Att.
846 1707 872 1734 7,
908 1719 914 1726 .
1031 1700 1074 1738 1¹¹?

32 1741 251 1802 Essi¹⁵cam7'2,
261 1756 283 1802 i,
297 1754 331 1797 2'1.
382 1736 635 1802 Ἓξέἂῖἓιῗέςὲἓῗῗ
643 1736 804 1796 1)ἶίἷὲὲῖΕὲ
806 1743 844 1795 ἷῗζ
857 1744 886 1768 4'
898 1744 965 1793 'iiic
981 1735 1074 1792 {2³53}

31 1804 88 1830 vin.
102 1812 128 1836 2,
141 1810 168 1836 83
191 1805 305 1837 Quando
319 1806 390 1832 enim
402 1807 450 1832 ista
463 1806 604 1831 obseruans
617 1805 709 1842 quieto
723 1810 749 1829 et
762 1803 847 1828 libero
861 1801 952 1827 animo
965 1802 1012 1826 esse
1025 1810 1073 1834 po-

29 1839 109 1869 t'eri5‚
128 1845 156 1864 vt
169 1839 201 1864 ad
214 1847 271 1864 rem
281 1840 423 1872 gerendam
445 1848 499 1864 non
512 1839 723 1872 superstitionem
744 1836 848 1861 Habeas
857 1855 865 1866 ,
882 1835 924 1861 sed
938 1836 1070 1861 rationem
1080 1843 1112 1869 45

209 1873 282 1898 Idem
296 1874 368 1907 Fam,
392 1882 431 1905 10,
453 1875 470 1898 6
495 1872 599 1898 Deinde
617 1878 642 1897 et
661 1871 767 1898 Senatui
787 1871 919 1904 bonisque
945 1870 1071 1896 omnibus

26 1906 181 1938 aqurem,
201 1907 363 1941 principem,
382 1907 475 1933 ducem
487 1907 622 1934 praebeas.
694 1908 725 1933 Et
738 1914 787 1940 pro
804 1906 892 1932 Domo
905 1906 949 1931 sua
963 1911 994 1938 89
1017 1906 1071 1932 Cui

27 1942 128 1978 populo
141 1941 218 1968 duces
231 1941 384 1975 Lentidios,
403 1943 521 1975 Lollios,
540 1943 644 1977 Sergios
657 1942 829 1969 Praefeceras.
901 1941 1015 1975 Sequere
1028 1950 1072 1967 na-

27 1983 115 2005 turam
134 1978 205 2004 vitae
224 1977 317 2004 ducem
348 1979 404 2005 Sen.
419 1979 530 2013 Hippoi.
549 1980 567 2005 s.
588 1987 615 2012 4.
686 1978 790 2004 Natura
809 1976 875 2002 duce
887 1976 1021 2003 Vtendum
1036 1976 1073 2002 est

29 2013 87 2041 Sen.
101 2012 133 2039 de
146 2013 208 2039 Vita
220 2013 298 2039 Beata
310 2023 331 2039 c.
346 2019 368 2044 8.

60 2050 239 2078 DVCTOR,
259 2049 323 2075 oris.
343 2058 379 2076 m.
415 2048 547 2083 [ἐπιγεύς]
583 2050 650 2075 Dux.
687 2049 774 2074 Varro
789 2046 821 2073 de
835 2047 865 2073 L.
880 2047 910 2072 L.
925 2053 946 2079 5,
961 2053 978 2081 7
991 2055 1016 2081 p.
1030 2048 1071 2079 56,

27 2092 60 2117 32
79 2084 121 2110 Ab
136 2092 168 2110 eo
182 2083 253 2118 quod
266 2084 296 2110 fit
323 2085 389 2121 (leg.
407 2085 473 2116 scit)
494 2084 602 2116 ducere,
623 2084 670 2118 qui
690 2083 727 2110 est
746 2083 798 2109 dux
817 2088 862 2108 aut
883 2082 1000 2113 Ductor,
1024 2082 1071 2116 qui

27 2119 66 2146 ita
79 2118 195 2150 inducit,
216 2125 244 2146 vt
258 2120 357 2147 doceat.
413 2120 487 2154 Virg.
502 2120 565 2146 Aen.
579 2128 605 2152 2,
620 2128 644 2151 13
663 2119 751 2145 Frac⁶ti
767 2118 836 2144 bello
849 2118 962 2151 fatisque
975 2116 1070 2151 repulsi

29 2155 161 2182 Duekores
175 2153 302 2182 Danasim.
371 2155 426 2182 Cic.
441 2154 526 2182 Tusc.
538 2163 558 2187 1,
573 2160 614 2187 89,
627 2162 659 2189 37
690 2154 804 2188 Qioties
817 2162 871 2179 non
883 2152 965 2179 modo
978 2151 1070 2178 dut‘lo-

28 1873 140 1898 ducem?

30 2198 73 2218 res
84 2190 183 2222 nostri,
201 2190 243 2217 sed
255 2190 370 2218 vniuerfi
385 2190 465 2217 etiam
479 2191 626 2222 exercitus,
645 2189 676 2216 ad
689 2199 743 2216 non
758 2189 866 2215 dubiam
883 2194 996 2214 mortem
1009 2196 1071 2213 con·
1081 2195 1109 2222 55·

28 2227 186 2252 currerunt?
256 2226 390 2261 Aquarum
402 2225 498 2252 duetor
510 2225 608 2252 Tibris
631 2226 692 2252 Stat.
713 2225 777 2252 Silu.
792 2233 815 2258 3,
828 2232 851 2257 5,
866 2232 910 2250 111.
983 2222 1071 2249 Claffis

30 2261 108 2295 Virg.
121 2262 185 2287 Aen.
199 2263 225 2293 6,
237 2269 293 2294 334.
349 2262 468 2288 Deorum
486 2261 545 2288 Sen.
560 2262 639 2288 Herc.
655 2261 708 2288 fur.
731 2261 748 2287 s.
761 2269 788 2294 4.
849 2260 952 2286 Ducum
966 2258 1071 2289 duflor,

25 2298 46 2323 i.
59 2297 198 2331 Imperator
211 2299 333 2323 exercitur
360 2297 418 2324 Sen.
432 2298 524 2332 Agam.
542 2305 584 2330 39,
620 2317 627 2323 .
664 2316 671 2323 .
709 2297 750 2324 Sic
769 2302 842 2323 vocat
857 2298 1070 2331 Agamemnonem.

26 2332 61 2359 Et
77 2338 142 2366 1007
167 2331 245 2358 Mille
265 2332 407 2359 duclorum
426 2332 528 2360 ducem.
601 2332 760 2359 Flauiorum
790 2332 851 2361 Stat.
866 2330 957 2358 Theb.
978 2340 1007 2363 4,
1022 2335 1070 2360 118.

26 2366 121 2401 Gregis
133 2366 258 2394 indomiti
270 2367 381 2399 dudior,
401 2375 450 2404 pro
468 2370 569 2401 Tauro,
590 2368 658 2404 apud
686 2369 744 2395 Sen.
759 2367 870 2401 Hippol.
884 2375 908 2393 2.

27 2409 120 2437 potens
136 2402 183 2429 Sil.
196 2411 230 2435 13,
250 2423 256 2430 .
277 2423 283 2429 .
354 2404 459 2431 Deleffi
479 2405 585 2431 Lucret.
602 2413 622 2436 1,
637 2409 678 2438 87.
749 2403 920 2434 Fulmineus,
935 2409 985 2437 pro
1000 2403 1070 2427 Han-

25 2438 107 2501 ·Zibgle
125 2437 222 2500 (sins-'1¹⁷‘
259 2458 266 2464 .
305 2458 312 2464 .
366 2439 468 2466 Duelor
479 2440 594 2475 miscetur
607 2443 635 2465 in
646 2440 721 2466 MSS.
735 2448 789 2466 cum
808 2436 913 2470 Vic‘lor,
933 2437 983 2463 uid.
1003 2438 1070 2463 Dra-

43 2483 64 2500 er
90 2493 97 2500 .
108 2483 123 2500 ιι
173 2482 180 2499 ι
194 2493 200 2499 .
231 2493 239 2505 ,
252 2482 261 2499 ι
299 2493 306 2499 .

22 2520 25 2522 ·
61 2515 113 2540 DV
122 2515 197 2535 CTR
208 2482 242 2534 19)(
251 2482 342 2540 ,micis
363 2509 383 2535 f.
415 2509 432 2536 l.
445 2517 455 2536 ι
468 2505 529 2545 §.12
543 2509 577 2535 D.
591 2508 622 2535 de
634 2517 718 2535 exerc.
733 2508 838 2536 Aelion.
873 2507 965 2534 Naues
985 2507 1070 2538 ἐπιβα-

28 2543 111 2576 moi,
129 2542 267 2581 veaorum
280 2543 419 2571 duc‘lrices.
455 2544 532 2571 Modo
544 2547 720 2580 interpretatio
726 2544 763 2579 fit
777 2543 852 2580 ipfius
865 2542 983 2578 leiani.

62 2584 86 2605 ὓ
94 2585 115 2604 ν
123 2583 140 2604 C
151 2584 173 2605 T
182 2585 231 2606 AR
241 2585 279 2606 IV
288 2587 317 2612 s,
335 2587 359 2612 a,
379 2589 433 2606 um.
453 2580 514 2607 Adi.
550 2579 684 2616 [οἷγωγδς]
706 2582 757 2616 Qi
768 2581 847 2607 ducit.
879 2578 958 2611 Vnde,
973 2577 1069 2604 Dufila.

29 2613 84 2640 rius
97 2613 182 2646 funis,
202 2623 247 2649 quo
259 2617 285 2640 in
297 2615 414 2642 trochleis
427 2619 538 2648 utimur,
551 2623 574 2642 et
586 2619 629 2651 qui
637 2623 685 2651 per
705 2616 825 2642 orbiculos
837 2615 960 2641 trochleae
971 2616 1070 2639 traiici-

26 2655 87 2682 tur,
108 2649 174 2684 apud
185 2650 340 2676 Vitruuium
355 2659 416 2682 10‚2
426 2658 450 2677 et
463 2660 475 2684 3
490 2658 512 2677 et
527 2659 548 2683 5.
585 2650 753 2678 Subdutfflarii
768 2651 833 2686 fimt
851 2650 917 2684 apud
930 2650 1068 2675 Catonem.

65 2691 84 2711 D
94 2692 113 2711 v
123 2691 140 2711 c
150 2692 171 2711 T
180 2692 201 2711 A
210 2692 229 2711 R
237 2693 247 2711 1
255 2692 280 2711 E.
316 2685 382 2711 Adu.
418 2686 499 2712 Plaut.
514 2687 730 2719 Fragmffriuol.
771 2685 876 2711 Taubm.
889 2687 1069 2718 interpretatur

29 2720 156 2747 Dubhrie
169 2729 246 2754 agere
268 2720 415 2755 ῥυμελκᾶν,
431 2730 516 2746 nauem
535 2720 636 2755 aduerfh
649 2730 718 2746 amne
730 2720 839 2756 funibus
856 2719 962 2745 trahere.

65 2753 372 2788 DvCTABi'L18‚e.
409 2755 468 2781 Adi.
505 2756 574 2781 Hinc
712 2753 717 2757 ”

61 2789 394 2822 υνοτΑΒίιῖΤΑς,
411 2791 466 2816 atis.
486 2790 504 2816 f.
541 2791 599 2817 Ace.
612 2789 679 2824 apud
692 2790 765 2816 Non.
781 2799 806 2822 2,
822 2790 882 2815 626.

59 2824 271 2856 DVCTiL18‚
296 2834 318 2852 e.
346 2825 406 2852 Adi.
443 2824 599 2859 [dydyiluoss
624 2825 731 2859 ἔλατ-ὂς]
769 2824 842 2860 de
853 2823 938 2859 facile
958 2821 1068 2852 ducitur,

18 2866 212 2896 &tenuaturque
224 2863 252 2886 in
265 2861 379 2887 laminas.
421 2861 490 2888 Vnde
502 2861 553 2887 Aes
565 2859 664 2886 ductile
677 2860 827 2895 appellatur,
848 2857 912 2894 quod
921 2857 1016 2882 malleis
1029 2855 1068 2881 ob·

16 2896 145 2933 sequitur,
162 2902 323 2930 tenuaturque
343 2899 370 2922 in
389 2897 496 2923 laminas
521 2895 586 2922 Plin.
605 2904 648 2930 34,
667 2900 690 2926 8.
836 2895 840 2898 ⁴

24 2932 116 2968 riguae
129 2930 228 2958 ductile
245 2931 344 2957 flumen
357 2940 447 2965 aquae.

61 2973 163 2995 1>ch
174 2974 182 2992 1
193 2973 230 2992 M.
267 2966 334 2992 Adu.
368 2967 450 2994 Plaut.
465 2967 542 2994 Cure.
558 2976 578 2999 1,
592 2975 616 2998 2,
631 2975 655 2999 13
686 2967 828 3000 Inuergere
843 2964 872 2991 in
890 2972 934 2990 me
948 2963 1066 2998 liquores

25 3006 85 3036 tuos
104 3002 159 3029 fino
181 3001 296 3028 ductim:
323 3005 342 3028 i.
356 3001 433 3028 du‘Hu
448 3009 476 3028 et
490 3001 576 3035 haustu
595 3004 677 3039 longo,
700 3001 805 3027 οἷπνευςί.
841 3003 914 3028 Anus
928 2999 1066 3035 fabulatur

17 3045 79 3073 Jtym
89 3039 175 3074 lagena
189 3041 251 3063 vini.
306 3037 352 3065 Sed
360 3037 498 3064 Columel.
512 3048 538 3070 4,
552 3046 593 3070 25,
614 3046 630 3064 2
658 3037 748 3063 Maior
759 3042 845 3063 autem
863 3044 920 3070 pars
934 3035 1022 3069 operis
1036 3034 1064 3059 in

285 428 342 455 Cic.
358 429 432 455 Verr.
453 438 473 461 5,
487 434 515 459 88
547 428 594 455 Sed
605 433 665 454 tunc
678 427 769 460 inopes
785 425 874 451 reliffi
886 434 901 451 a
916 423 980 450 duce
993 431 1066 458 prae*
1093 432 1104 439 -

1095 613 1123 630 10
1132 603 1246 638 primum
1259 608 1284 629 te
1297 600 1426 628 aducniffe
1440 599 1519 632 dicas,
1535 600 1614 626 modo
1627 601 1673 634 qui
1687 600 1747 627 hinc
1760 599 1866 627 abieris.

1105 792 1117 817 5
1136 780 1164 806 fit
1177 784 1264 813 pater,
1282 784 1311 804 vt
1323 777 1423 808 bubus,
1440 783 1484 803 etc.
1505 776 1585 802 Plaut.
1601 777 1686 804 Truc.
1702 786 1723 809 ς,
1739 786 1757 808 ι,
1770 786 1794 803 2.

727 1134 804 1159 Extra
818 1132 911 1159 ducem
924 1141 1072 1172 paucosque¹
1081 1145 1111 1170 2,-

382 1311 455 1337 Idem
469 1309 501 1336 de
514 1312 588 1337 Orat.
607 1319 630 1343 3,
644 1313 678 1336 60
711 1311 798 1344 Qxem
816 1310 952 1336 auctorem
972 1309 1072 1344 publici
1080 1320 1111 1345 50

827 1488 882 1515 Cic.
891 1497 940 1522 pro
949 1487 1030 1514 Flacc.
1039 1495 1073 1521 27
1081 1500 1093 1524 3

1083 2017 1116 2043 50

761 2894 880 2922 Martial.
901 2901 938 2924 12,
953 2900 978 2924 31
1007 2892 1065 2917 Hoc
1081 2894 1119 2922 75,

1511 192 1765 234 DVI

1127 293 1183 311 cem
1197 283 1228 311 ad
1241 283 1330 311 aedem
1345 282 1456 309 Veneris
1475 282 1611 309 venimus:
1636 283 1655 308 i.
1668 281 1752 316 paullo
1773 287 1838 307 anre.
1907 285 1938 310 Et
1956 284 2023 311 Pers.
2043 294 2070 318 4,
2083 292 2105 316 3,
2117 291 2161 316 29.

1130 321 1148 345 Ε
1162 319 1244 346 Perfia
1256 318 1336 347 modo
1349 318 1439 344 allatae
1452 319 1509 344 sunt
1522 317 1584 344 istae
1597 319 1684 344 literae
1709 330 1754 336 —
1780 322 1799 342 D
1808 324 1836 342 O.
1863 319 1984 351 Quando.
2005 327 2065 346 To.
2083 319 2162 346 Haud

1131 355 1237 382 dudum.
1308 354 1374 381 Ter.
1390 353 1469 380 Andr.
1485 363 1507 386 5,
1521 362 1543 385 2,
1557 361 1574 386 9
1604 352 1687 379 Modo
1700 351 1802 378 introiI.
1826 359 1848 378 s.
1870 354 1938 386 quasi
1957 364 2006 389 ego
2025 363 2104 390 quam
2116 355 2162 380 du-

1131 390 1192 416 dum
1205 399 1306 425 rogem.
1375 388 1455 414 Plaut.
1470 389 1564 423 Amph.
1579 396 1603 419 2,
1617 397 1642 420 2,
1656 395 1686 422 57
1705 389 1823 414 Alcmena
1835 397 1851 413 a
1864 389 1919 414 Ioue
1932 389 2011 425 delus:
2020 410 2026 421 ,
2040 393 2082 426 qui
2093 390 2163 416 modo

1130 424 1283 460 disc-iflerat,
1305 423 1338 451 ad
1355 433 1438 450 verum
1460 427 1574 450 maritum
1592 423 1772 454 aduenientem,
1793 422 1841 448 Sed
1860 421 1909 448 huc
1928 433 1974 450 vos
1993 425 2163 452 reuertimini

1131 467 1182 487 tam
1198 461 1268 488 cito?
1301 474 1346 480 —-
1382 456 1436 491 Qui
1450 468 1502 484 non
1523 459 1598 485 abisti
1621 459 1652 485 ad
1671 459 1802 493 legiones,
1826 458 1862 484 ita
1879 459 1919 484 vti
1931 458 2028 486 dudum
2043 460 2162 487 dixeras?

1132 504 1229 522 ΑΜΡΗ,
1239 495 1362 523 Dudum?
1380 502 1459 529 quam
1473 494 1571 520 dudum
1583 495 1647 521 illuc
1660 493 1819 521 faor-mest?
1841 500 1909 520 ALC.
1922 494 2037 521 Tentas:
2054 496 2106 522 iam
2118 496 2165 522 du-

1131 531 1203 564 dum,
1224 531 1337 567 pridem,
1353 529 1444 556 modo.
1500 537 1550 556 ΑΙ..
1569 530 1642 562 Quid
1656 530 1727 556 enim
1741 529 1843 555 censes?
1870 532 1912 556 An
1920 536 2012 564 putas,
2030 540 2064 557 me
2079 541 2164 557 uerum

1131 568 1210 594 dicere
1226 577 1274 593 non
1292 566 1388 598 debere,
1416 570 1442 592 te
1454 570 1483 590 vt
1499 564 1620 590 deludam
1639 571 1745 598 contra,
1766 565 1880 591 lusorem
1899 573 2000 591 meum:
2029 566 2082 598 Qui
2096 575 2165 592 nunc

1907 601 1938 626 Et
1951 608 1976 633 51
1996 604 2044 626 iam
2058 601 2167 633 dixerat,

1132 638 1206 671 Qid
1220 644 1248 664 tu
1262 646 1304 664 me
1318 636 1350 663 (ic
1363 636 1454 662 salutas
1467 641 1544 669 atque
1557 635 1682 669 appellas,
1708 635 1778 670 quasi
1792 635 1891 662 dudum
1905 645 1958 662 non
1970 635 2078 662 videris.
2115 638 2166 662 Hic

1132 675 1194 700 idem
1207 672 1365 709 eritsensus,
1375 670 1428 705 stne
1441 670 1539 697 dudum
1553 673 1725 706 interpreteris
1739 671 1791 703 diu,
1808 672 1878 707 longo
1891 678 2012 706 tempore,
2023 670 2077 704 Jiue
2090 671 2168 702 moda,

1127 708 1211 745 paullo
1224 715 1289 734 ante.
1325 708 1366 734 Sic
1378 708 1452 740 Virg.
1467 707 1531 732 Aen.
1545 713 1567 738 5,
1580 708 1628 739 650
1647 708 1702 740 Ipsa
1719 712 1822 741 egomet
1835 706 1933 733 dudum
1948 707 2048 733 Beroen
2061 706 2169 740 digreil'a

1134 743 1234 777 reliqui
1246 743 1358 777 Aegram
1367 762 1375 774 ,
1394 744 1412 768 i.
1426 743 1470 768 hoc
1483 748 1608 767 momento.
1663 743 1716 768 Rus
1732 751 1807 768 mane
1820 741 1918 769 dudum
1932 742 1993 768 hinc
2010 742 2049 768 ire
2062 750 2104 768 me
2117 741 2168 767 ius-

2091 203 2160 241 282

1865 778 1934 804 Ter.
1949 778 2053 804 Phorm.
2070 786 2092 808 2,
2106 786 2127 809 3,
2143 785 2170 809 19

1136 814 1267 841 Incertior
1286 813 1372 839 multo
1393 821 1471 847 quam
1490 811 1605 844 dudum,
1630 816 1648 838 i.
1660 813 1744 843 modo,
1763 823 1816 839 cum
1834 822 1880 840 vos
1892 813 2015 848 consulere
2030 816 2169 847 inciperem.

1135 850 1208 877 Idem
1221 850 1286 875 Eun.
1300 857 1328 881 4,
1343 855 1366 880 5,
1380 858 1399 882 4
1424 848 1491 882 Qiis
1507 847 1559 874 est?
1580 848 1656 874 ehem
1670 847 1788 879 Pythias,
1813 848 1865 875 vah
1878 855 1977 883 quanto
1990 857 2059 874 nunc
2070 849 2172 874 formo-

1135 885 1187 912 fior
1202 884 1294 911 videre
1307 883 1374 910 mihi
1387 892 1464 918 quam
1477 883 1592 914 dudum,
1612 884 1641 909 de
1652 889 1784 918 paucarum
1797 883 1911 910 horarum
1925 884 2061 910 interuallo.
2103 884 2172 910 Ter.

1136 920 1217 948 Andr.
1233 928 1256 952 5,
1270 928 1290 951 1,
1305 927 1317 951 5
1349 920 1435 952 Quam
1455 920 1569 945 maxime
1584 918 1628 945 abs
1647 925 1672 944 te
1690 917 1809 951 postul0‚
1827 925 1905 953 atque
1925 928 1975 945 oro
1995 919 2125 952 Chreme,
2143 924 2173 945 vt

671 957 755 983 Duces
773 956 841 982 mari
874 955 943 989 Nep.
959 963 998 985 20,
1011 963 1034 985 z,
1048 963 1072 981 2.
1084 968 1119 986 20
1135 955 1293 983 beneficium
1308 954 1396 981 verbis
1410 955 1507 981 initum
1519 953 1635 986 dudum,
1658 954 1749 986 (intra
1758 960 1851 987 paucas
1864 961 1928 980 certe
1943 955 2017 980 horas
2026 975 2033 986 ‚
2052 962 2075 981 et
2089 955 2174 981 decur-

1130 992 1186 1028 sum
1202 991 1274 1018 huius
1285 989 1441 1024 comoediae)
1463 999 1531 1016 nunc
1545 998 1574 1016 re
1588 988 1753 1022 comprobes.
1821 988 1893 1014 Idem
1908 989 1988 1015 Andr.
2004 999 2026 1021 3,
2040 1000 2067 1022 4,
2082 999 2092 1021 3
2119 991 2174 1024 Ego

1137 1027 1237 1054 dudum
1249 1025 1373 1052 nonnihil
1388 1026 1487 1052 veritus
1502 1026 1557 1052 sum
1571 1024 1645 1050 Daue
1657 1023 1703 1049 abs
1718 1028 1758 1054 te,
1778 1031 1810 1048 ne
1825 1023 1922 1050 faceres
1936 1024 2018 1055 idem,
2032 1025 2103 1059 quod
2117 1026 2174 1052 vul-

1137 1072 1184 1097 gus
1197 1063 1333 1089 seruorum
1348 1060 1421 1087 solet.
1493 1062 1524 1087 Et
1536 1061 1602 1086 Eun.
1615 1069 1643 1093 4,
1657 1068 1683 1091 4,
1697 1060 1725 1084 16
1750 1059 1789 1084 Ita
1802 1058 1873 1084 visus
1886 1058 1921 1084 est
1934 1059 2043 1091 dudum,
2056 1063 2118 1095 quia
2132 1069 2176 1087 va-

1136 1099 1177 1125 ria
1190 1097 1261 1124 veste
1274 1103 1413 1123 exornatus
1428 1096 1489 1122 fuit.
1558 1095 1614 1121 Cic.
1627 1094 1659 1120 de
1671 1093 1741 1119 Clar.
1753 1093 1828 1120 Orat.
1844 1101 1892 1128 252
1910 1095 1945 1120 Vt
1958 1094 2056 1121 dudum
2069 1095 2101 1122 de
2113 1097 2176 1122 Lae-

1135 1134 1238 1161 liorum
1249 1138 1275 1159 et
1287 1132 1441 1160 Muciorum
1455 1129 1566 1159 familiis
1581 1129 1761 1156 audiebamus.
1770 1130 1776 1138 ¹

1518 1204 1548 1235 D
1646 1202 1675 1232 V
1772 1202 1798 1232 E

1170 1280 1189 1301 Ι)
1199 1280 1220 1300 v
1229 1281 1270 1302 Et.
1279 1280 1344 1307 LA,
1365 1282 1403 1300 ae.
1424 1273 1444 1300 f.
1471 1272 1570 1300 Tertia
1583 1280 1641 1307 pars
1655 1270 1749 1297 vnciae
1759 1291 1766 1302 ,
1786 1270 1855 1297 dieta
1867 1279 1882 1297 a
1895 1269 1996 1297 duabus
2009 1270 2116 1297 sextulis
2129 1279 2180 1297 vna

1136 1310 1242 1337 iunffis.
1296 1309 1409 1337 Rhemn.
1423 1310 1503 1336 Fann.
1518 1318 1545 1336 v.
1560 1317 1587 1341 23
1615 1307 1720 1334 Sextula
1732 1316 1791 1333 cum
1804 1306 1884 1341 dupla
1898 1306 1950 1339 est,
1976 1312 2077 1334 veteres
2090 1305 2181 1333 dixere

1136 1346 1271 1409 dubliffrgi.
1280 1387 1296 1407 L
1307 1387 1326 1407 0
1335 1387 1358 1406 N
1367 1387 1389 1406 A
1397 1385 1434 1412 M,
1469 1379 1482 1412 [
1488 1377 1577 1412 Ἔνυώ]
1613 1377 1750 1404 Bellonam
1762 1376 1865 1411 antiqui
1872 1376 2045 1411 appellabant,
2053 1374 2110 1410 teste
2117 1378 2182 1404 Var-

1135 1425 1203 1445 rone
1218 1416 1250 1443 de
1263 1417 1293 1442 L.
1307 1416 1338 1442 L.
1352 1424 1382 1449 4,
1395 1424 1424 1442 10
1435 1424 1460 1449 p.
1476 1423 1516 1446 20,
1530 1419 1563 1444 18.
1601 1413 1676 1450 Conf.
1689 1415 1716 1445 6,
1729 1421 1747 1449 3
1761 1422 1786 1447 p.
1801 1420 1890 1447 7421.
1926 1413 1984 1438 Vet.
1994 1413 2036 1439 Gl.
2052 1412 2183 1439 Duellona

1136 1455 1363 1514 MJiifiVli-:ULLVM
1373 1505 1380 1517 ,
1401 1484 1421 1511 i.
1441 1494 1468 1511 n.
1505 1483 1650 1519 [πόλεμος]
1688 1484 1774 1518 Inquit
1787 1481 1883 1514 Festus,
1897 1482 1999 1509 Bellum
2015 1482 2067 1513 est,
2086 1483 2115 1510 in
2129 1492 2183 1518 quo

1136 1532 1152 1550 a
1164 1522 1266 1549 duabus
1278 1521 1397 1556 partibus
1411 1520 1443 1547 de
1456 1519 1572 1546 victoria
1586 1517 1804 1545 contendentibus
1821 1517 1970 1545 dimicatur.
2005 1518 2070 1545 Inde
2085 1526 2112 1545 et
2125 1520 2185 1546 Per<

1138 1558 1233 1585 duellis
1242 1577 1249 1589 ,
1271 1557 1326 1590 Qri
1341 1555 1511 1590 pertinaciter
1525 1554 1622 1580 retinet
1634 1552 1744 1579 bellum.
1781 1554 1881 1578 Primus
1892 1553 1991 1588 uersus,
2008 1557 2052 1588 qui
2063 1563 2092 1580 ex
2104 1555 2184 1581 Ennii

1137 1593 1276 1620 annalibus
1290 1588 1418 1627 superest,
1445 1588 1566 1616 Horrida
1588 1587 1751 1615 Romuleum
1781 1588 1926 1614 certamina
1949 1597 2034 1622 pango
2057 1589 2184 1615 duellum.

1143 1628 1201 1654 Vid.
1215 1629 1324 1653 Merula.
1379 1625 1463 1652 Plaut.
1478 1625 1575 1659 Amph.
1589 1632 1608 1654 1,
1623 1632 1641 1654 1,
1656 1632 1688 1656 34
1707 1622 1829 1649 Victores
1842 1623 1919 1648 vietis
1934 1622 2053 1648 hostibus
2067 1624 2185 1657 legiones

726 1665 818 1691 Clarus
831 1663 884 1690 dux
903 1665 971 1691 Hor.
986 1665 1120 1702 Car111.40
1137 1663 1282 1690 reueniunt
1295 1661 1404 1688 domum
1415 1682 1424 1694 ,
1442 1660 1539 1686 Duello
1563 1658 1692 1684 exstineto
1709 1657 1844 1688 maximo,
1863 1663 1941 1691 atque
1954 1658 2122 1684 internecatis
2137 1658 2185 1684 ho-

1138 1698 1228 1725 stibus.
1301 1696 1406 1728 Duelli,
1427 1698 1454 1721 in
1468 1694 1527 1720 bello
1545 1693 1619 1719 Idem
1632 1692 1718 1718 Truc.
1731 1701 1754 1723 2,
1766 1693 1793 1724 6,
1807 1700 1831 1717 2.
1903 1692 1965 1718 Liu.
1979 1701 2019 1723 22,
2035 1702 2063 1719 10
2088 1696 2115 1719 in
2124 1694 2186 1729 for*

1136 1735 1202 1758 mula
1216 1732 1322 1758 vouendi
1335 1734 1404 1757 veris
1422 1730 1508 1765 sacri,
1532 1728 1559 1755 Si
1574 1727 1734 1761 Respublica
1767 1741 1813 1746 —
1847 1726 1918 1752 salua
1935 1727 2037 1754 seruata
2050 1729 2101 1755 erit
2115 1728 2187 1756 hisce

1136 1767 1231 1792 duellis
1253 1781 1298 1786 —-
1317 1765 1391 1800 quod
1404 1764 1522 1791 duellum
1535 1762 1637 1796 Populo
1652 1763 1730 1787 Rom.
1744 1770 1804 1787 cum
1815 1761 2024 1796 Carthaginiensi
2041 1764 2087 1796 est,
2108 1773 2186 1799 quae-

1137 1808 1188 1834 que
1201 1800 1288 1826 duella
1303 1809 1363 1826 cum
1378 1800 1461 1826 Gallis
1475 1800 1549 1831 sunt,
1565 1797 1612 1832 qui
1625 1797 1662 1823 cis
1675 1796 1753 1831 Alpes
1767 1797 1834 1823 sunt.
1897 1799 1929 1823 Et
1941 1801 1982 1831 36,
1996 1807 2009 1824 2
2032 1802 2060 1824 in
2067 1799 2184 1834 formula

1137 1836 1197 1861 SCti
1204 1854 1211 1863 ‚
1233 1835 1313 1866 Qrod
1327 1836 1440 1868 populus
1455 1842 1488 1860 eo
1500 1839 1621 1867 tempore
1635 1832 1754 1858 duellum
1773 1831 1874 1858 iusliss'et
1888 1841 1948 1859 cum
1963 1842 2025 1868 rege
2039 1835 2185 1867 Antiocho,

1136 1870 1236 1905 quique
1252 1868 1298 1895 sub
1310 1870 1426 1903 imperio
1437 1870 1494 1896 eius
1507 1869 1584 1894 essent
1601 1883 1646 1887 —
1674 1869 1704 1894 Et
1718 1877 1774 1893 mox
1788 1870 1815 1892 in
1821 1867 1938 1902 formula
1951 1873 2005 1894 voti
2016 1870 2185 1905 nuncupandi,

1136 1906 1163 1932 Si
1176 1905 1306 1936 duellum,
1326 1904 1399 1940 quod
1419 1913 1479 1930 cum
1492 1902 1627 1930 Antiocho
1646 1911 1709 1936 rege
1723 1902 1791 1928 sumi
1807 1902 1920 1936 populus
1934 1903 2017 1936 iuffit,
2039 1904 2065 1931 id
2080 1914 2112 1931 ex
2129 1906 2185 1932 sen-

1137 1941 1221 1967 tentia
1234 1941 1342 1966 Senatus
1357 1940 1503 1974 Populique
1521 1940 1599 1965 Rom.
1620 1937 1772 1963 confectum
1793 1937 1861 1969 erit,
1877 1944 1923 1964 etc.
1995 1939 2052 1966 Cic.
2067 1941 2095 1966 in
2110 1942 2185 1968 Orat.

1139 1984 1178 2007 153
1200 1985 1222 2001 c.
1241 1983 1274 2011 45
1306 1975 1381 2008 Qxid
1401 1984 1467 2001 vero
1485 1974 1621 2003 licentius,
1643 1981 1722 2007 quam
1740 1972 1812 2007 quod
1826 1971 1966 1998 hominum
1979 1975 2060 2000 etiam
2074 1977 2185 2003 nomina

1136 2009 1345 2042 contrahebant,
1361 2019 1421 2044 ‚quo
1437 2010 1515 2036 essent
1528 2009 1649 2043 aptiora?
1668 2017 1729 2034 narn
1746 2013 1776 2034 vt
1792 2007 1896 2033 duellum
1907 2008 2007 2040 bellum,
2027 2016 2052 2036 et
2066 2010 2123 2037 duis
2135 2012 2185 2044 bis,

1136 2045 1170 2072 fic
1189 2045 1310 2072 Duellium
1334 2054 1395 2071 eum
1415 2045 1462 2079 qui
1481 2045 1583 2071 Poenos
1607 2043 1679 2069 claffe
1701 2042 1817 2074 deuicit,
1841 2042 1944 2068 Bellium
1966 2045 2185 2080 nominauerunt,

1136 2090 1220 2115 quum
1234 2080 1382 2114 superiores
1395 2081 1496 2114 semper
1509 2078 1634 2113 appellati
1646 2079 1724 2104 essent
1738 2077 1840 2103 Duellii.
1875 2078 1948 2114 Conf.
1963 2080 2072 2113 Qun&
2086 2091 2140 2116 1,4,
2149 2091 2184 2116 15.

1136 2117 1229 2143 Mcrul.
1246 2116 1280 2141 ad
1294 2117 1369 2141 Ennii
1376 2116 1475 2151 fragm.
1491 2124 1515 2148 p.
1528 2121 1558 2148 57
1573 2113 1610 2146 sq.
1681 2114 1736 2140 Cic.
1753 2112 1785 2138 de
1798 2113 1877 2147 Legg.
1889 2122 1915 2146 2,
1926 2121 1959 2147 45
1972 2124 1993 2141 c.
2008 2122 2033 2146 18
2058 2117 2129 2143 Nam
2141 2127 2185 2145 aes

1136 2158 1216 2185 atque
1230 2151 1333 2177 ferrum
1347 2150 1429 2176 duelli
1450 2149 1622 2175 instrumenta
1639 2157 1693 2174 non
1715 2148 1782 2174 faui.
1851 2147 1925 2175 Idem
1939 2149 2005 2177 ibid.
2019 2160 2045 2178 21
2074 2153 2185 2187 Qiique

1136 2192 1213 2221 agent
1232 2195 1288 2212 rem
1303 2185 1397 2217 duelli,
1412 2186 1513 2220 quique
1532 2183 1660 2219 populare
1672 2183 1833 2218 auspicium,
1852 2192 2052 2218 praemonente.
2123 2189 2185 2216 Tu-

1135 2223 1206 2248 scum
1221 2221 1340 2247 duellum
1372 2220 1453 2248 Ouid.
1471 2220 1537 2247 Fast.
1561 2221 1587 2251 6,
1607 2228 1661 2245 201.
1732 2219 1849 2245 quenal.
1862 2228 1882 2252 1,
1897 2223 1943 2253 169
1967 2222 2105 2250 Galeaturn
2125 2225 2185 2252 sero

1135 2257 1220 2284 duelli
1233 2257 1358 2291 poenitet.
1431 2257 1543 2282 Lentum
1559 2254 1677 2281 duellum
1701 2255 1770 2281 Hor.
1786 2254 1863 2289 Epist.
1879 2264 1899 2288 1,
1914 2265 1938 2287 2,
1952 2263 1978 2292 7.
2057 2259 2186 2296 Vfhrpang

1135 2297 1207 2319 etiam
1221 2293 1293 2319 Idem
1309 2291 1386 2326 Epist.
1402 2300 1424 2324 2,
1439 2300 1459 2324 1,
1474 2299 1527 2324 253.
1548 2297 1571 2317 et
1589 2291 1655 2316 alias
1665 2291 1816 2326 aliquoties.
1871 2291 1938 2318 Scali
1956 2312 1962 2318 .
1978 2294 2047 2321 Poe't.
2066 2303 2088 2327 3,
2102 2300 2142 2328 89,
2160 2301 2185 2322 et

1135 2329 1225 2356 Barth.
1239 2328 1272 2354 ad
1285 2328 1386 2354 Briton.
1401 2328 1491 2353 Arem.
1505 2336 1530 2361 p.
1543 2328 1607 2367 674.
1783 2323 1805 2362 ἦ
1824 2333 1840 2352 2
1870 2302 2044 2365 Qiodgvulgus
2057 2331 2185 2361 Ducllum

983 2365 1114 2394 Armi-60
1135 2364 1206 2391 hodie
1218 2371 1306 2394 vocat,
1326 2362 1576 2402 dicitu›·Si¹¹g¹¹l³¹‘¹⁵,
1587 2369 1674 2396 pugna
1694 2361 1803 2396 Eutrop.
1812 2369 1835 2394 2,
1849 2369 1874 2407 ²:
1889 2369 1913 2389 et
1926 2363 1996 2399 Sulp.
2004 2365 2094 2393 Seuer.
2111 2375 2131 2400 ι,
2139 2375 2182 2401 34.

1135 2399 1272 2434 Singulare
1289 2405 1421 2425 certamen
1440 2397 1556 2433 Vopisco
1569 2405 1597 2423 1n
1611 2395 1689 2422 Prob.
1712 2405 1733 2422 c.
1747 2405 1772 2429 9.

1171 2441 1190 2461 ι)
1200 2442 1221 2460 v
1230 2442 1246 2461 ε
1257 2441 1274 2460 L
1285 2442 1301 2460 L
1311 2441 1332 2459 V
1341 2441 1364 2466 s,
1379 2442 1403 2466 a,
1416 2442 1471 2460 um.
1493 2432 1555 2460 Adi.
1580 2433 1615 2459 Vt
1622 2441 1650 2458 ex
1661 2432 1757 2458 Duello
1765 2432 1867 2458 Bellum
1873 2431 1978 2468 fabium
1990 2433 2033 2467 est,
2040 2438 2079 2462 ita
2089 2445 2182 2473 quoque

1134 2471 1222 2497 Bellus
1235 2469 1345 2496 Duellus
1358 2469 1388 2496 ab
1400 2472 1512 2505 antiquis
1526 2468 1662 2494 dicebatur.
1712 2468 1771 2494 Liu.
1784 2468 1927 2500 (Andron.)
1940 2469 2008 2503 apud
2017 2470 2090 2497 Non.
2105 2481 2128 2504 3,
2138 2481 2182 2507 117

1135 2506 1212 2533 Lenti
1226 2505 1329 2538 calido,
1349 2504 1438 2531 duella
1452 2504 1559 2539 rapula,
1579 2502 1689 2530 rumice.
1744 2504 1811 2528 Nam
1824 2501 1911 2528 duella
1925 2504 2017 2538 rapula
2031 2507 2095 2540 quid
2110 2507 2183 2534 aliud

1093 2540 1169 2576 656st
1180 2551 1251 2577 quam
1270 2540 1361 2575 rapula
1380 2540 1466 2567 bella?
1509 2540 1549 2566 Sic
1566 2539 1648 2564 Turn.
1665 2544 1700 2569 15,
1714 2544 1747 2568 ις,
1783 2537 1831 2563 Sed
1843 2537 1960 2574 Gothofr.
1973 2539 2068 2574 edidit,
2088 2542 2179 2569 Titin,

1133 2577 1219 2604 duella
1232 2576 1344 2610 trapula.
1379 2576 1486 2601 Mercer.
1500 2573 1643 2600 Titinnius
1656 2571 1781 2604 eluellae,
1801 2572 1911 2606 trapula.
1948 2575 2013 2601 Scal.
2027 2576 2061 2602 ad
2074 2577 2181 2611 Festum,

1133 2612 1188 2639 vid.
1211 2611 1337 2641 Heluetia,
1358 2609 1471 2641 eluella,
1497 2607 1605 2642 rapula,
1627 2606 1750 2632 rumices.
1797 2608 1903 2634 Interim
1929 2610 2060 2642 Qrintffil.
2077 2621 2097 2645 1,
2112 2622 2142 2647 4,
2154 2622 2180 2640 ι-

1132 2649 1194 2687 legit
1207 2644 1365 2678 Colomefim,
1389 2643 1466 2670 Vnde
1480 2643 1579 2669 Duellos
1597 2641 1705 2676 quidam
1720 2641 1807 2668 dicere
1821 2643 1903 2669 BeIIos
1915 2645 1983 2676 auli,
1999 2653 2048 2681 pro
2063 2631 2179 2679 Duilios'.

1133 2681 1231 2707 ssllios:
1251 2689 1298 2715 qua
1309 2683 1337 2705 in
1350 2688 1376 2705 re
1381 2678 1529 2715 fitff‘ragari
1541 2680 1564 2704 ei
1575 2677 1684 2704 Codicem
1698 2677 1845 2710 Gothanum,
1860 2678 2086 2712 demonstrauimus.
2104 2684 2179 2711 Glos-

1085 2727 1120 2755 70
1134 2718 1171 2743 sas
1191 2721 1295 2742 veteres
1312 2716 1427 2741 Fornerii
1445 2714 1531 2740 laudat
1552 2713 1616 2740 idem
1635 2711 1794 2746 Colomestus‚
1836 2712 1910 2748 (post
1929 2716 2095 2745 Camerarium
2112 2720 2178 2755 apud

1137 2749 1202 2785 Voſjl
1216 2751 1320 2785 Etymol.
1339 2759 1396 2776 voce
1413 2750 1518 2780 Bonus)
1535 2747 1660 2780 Duellus,
1677 2748 1768 2779 καλός,
1785 2748 1854 2782 apud
1868 2749 2013 2785 Naeuium,
2027 2753 2107 2781 facies
2122 2765 2178 2782 νιτ-

1131 2788 1200 2821 ginis
1220 2786 1332 2812 duellae.
1385 2787 1476 2820 Nempe
1488 2785 1596 2810 Duenus
1614 2786 1689 2810 etiam
1701 2782 1787 2817 dixiffi
1806 2784 1926 2812 videntur
1931 2793 1982 2822 pro
1996 2789 2095 2821 Benus,
2112 2790 2177 2819 vnde

1132 2824 1202 2849 Bene
1215 2828 1238 2847 et
1250 2821 1346 2847 Bellus.
1381 2820 1456 2855 Conf.
1483 2827 1501 2846 D
1511 2827 1531 2847 v
1541 2826 1560 2846 o
1569 2826 1620 2846 NV
1628 2826 1662 2845 M.
1921 2820 1927 2827 ’

1165 2865 1184 2884 D
1192 2864 1213 2882 V
1222 2863 1238 2883 E
1249 2863 1265 2882 L
1274 2863 1291 2883 L
1300 2862 1319 2883 O
1327 2875 1336 2889 ,
1356 2864 1391 2882 ἃς.
1410 2854 1535 2888 μάλομοᾳ
1546 2856 1605 2882 Vet.
1621 2854 1701 2881 Gloff.

1164 2900 1183 2920 D
1191 2899 1212 2919 V
1221 2899 1238 2918 E
1247 2899 1263 2919 1.
1272 2899 1288 2918 L
1297 2892 1320 2918 Ᾱ
1329 2898 1351 2918 Τ
1359 2897 1379 2918 Ο
1386 2897 1407 2917 P.
1415 2910 1422 2921 ,
1441 2891 1504 2917 ὃῑὶς.
1524 2900 1561 2917 m.
1597 2889 1767 2925 [πολεμιςῆς]
1791 2891 1840 2917 Pro
1852 2891 1983 2920 Bellatore.
2001 2894 2084 2922 Plaut.
2098 2897 2173 2932 Capt.

1128 2928 1196 2963 prol.
1213 2930 1244 2958 68
1261 2927 1353 2954 Valete
1366 2926 1468 2953 iudices
1487 2925 1632 2953 iustissimi:
1656 2926 1744 2957 domi,
1765 2926 1883 2961 bellique
1896 2928 2054 2956 duellatores
2068 2933 2174 2967 optimi.

1165 2970 1183 2990 D
1193 2971 1213 2990 v
1223 2970 1240 2991 Ε
1250 2970 1266 2989 L
1275 2970 1291 2989 L
1303 2962 1341 2990 i‘c
1351 2968 1372 2988 V
1381 2969 1393 2989 S
1402 2982 1410 2994 ,
1429 2971 1454 2994 a,
1473 2971 1527 2988 um.
1546 2961 1607 2988 Adi.
1628 2961 1799 2996 [πολεμικὸς]
1831 2963 1879 2994 Vt,
1898 2964 1946 2990 Ars
1961 2964 2073 2993 duellica
2092 2968 2173 2994 Plaut.

1128 3000 1203 3033 Epid.
1218 3008 1242 3032 3,
1255 3009 1284 3033 4,
1298 3007 1338 3033 14.
1392 2997 1482 3025 Proles
1494 2997 1607 3025 duellica
1621 3005 1753 3033 equorum
1777 2998 1882 3025 Lucret.
1896 3008 1922 3032 2,
1935 3002 1996 3027 660.
2051 3003 2174 3030 Duellica

1126 3035 1160 3070 est
1172 3034 1306 3069 Dac‘l'ylus.

29 3071 130 3100 vineam
149 3072 248 3099 ductim
263 3073 350 3107 potius
364 3083 443 3108 quam
457 3073 549 3100 caesim
564 3073 684 3099 facienda
698 3072 743 3098 est.
761 3075 778 3098 i.
794 3070 878 3099 Dufiu
885 3071 969 3107 salcis
978 3072 1064 3105 potius
1081 3077 1114 3102 80
1162 3077 1181 3097 D
1191 3078 1212 3096 v
1221 3077 1237 3097 E
1248 3077 1263 3096 L
1274 3077 1291 3096 1.
1300 3077 1310 3096 1
1319 3075 1340 3095 V
1351 3074 1390 3101 M,
1403 3067 1422 3095 i.
1436 3077 1463 3094 n.
1483 3068 1587 3105 τυραννὶς
1605 3069 1664 3095 Vet.
1678 3068 1757 3095 Glofl'.

30 3114 99 3142 quam
109 3107 168 3135 ieiu.
188 3135 193 3139 ,
206 3110 295 3143 Nempe
308 3111 351 3145 qui
363 3109 464 3136 duffim
473 3116 550 3145 putat
563 3112 673 3141 vineam,
698 3109 770 3142 prius
789 3108 902 3142 applicat
915 3107 1027 3137 ferrum,
1041 3111 1064 3131 et

30 3144 70 3168 ita
80 3150 143 3177 quae
150 3142 288 3171 destinauit
295 3145 437 3179 praecidit:
456 3148 498 3181 qui
505 3145 605 3176 caesim,
619 3144 687 3170 himc
696 3144 763 3170 ictus
771 3143 911 3170 frustratur
919 3140 1062 3168 interdum.

67 3181 258 3218 DYCTICIV
268 3186 296 3212 S,
323 3190 348 3213 a,
367 3190 422 3208 um.
443 3181 504 3208 Adi.
524 3179 651 3215 [ἐλαι-ἇς]
677 3179 809 3214 Qninffil.
822 3181 847 3211 6,
873 3198 880 3205 .
908 3198 916 3204 .
951 3178 1064 3204 Ferrum

33 3209 172 3241 ‹lucu-cium
182 3212 224 3246 effi
238 3214 340 3243 dicitur.

68 3254 114 3274 rav
123 3253 140 3274 c
149 3249 191 3276 '1¹1⁰
199 3257 220 3276 T
230 3257 263 3282 o,
283 3255 335 3278 are.
370 3253 407 3278 Ex
422 3253 550 3288 Frequent.
564 3252 787 3288 Frequentatiuum.
816 3249 898 3276 Plaut.
912 3248 981 3275 Rud.
1001 3255 1025 3280 2,
1037 3249 1064 3279 6,
1083 3252 1110 3281 85
1128 3248 1226 3281 fuerit,
1252 3256 1307 3287 quo
1320 3247 1486 3282 impudicitia
1500 3247 1646 3274 monstrum
1665 3252 1735 3279 erat,
1757 3255 1812 3272 non
1826 3246 1931 3273 vitium.

32 3283 65 3308 16
83 3283 187 3311 Venales
198 3284 254 3312 illic
266 3285 414 3314 duffitauit.

401 3361 432 3392 D
529 3361 558 3391 V
655 3360 685 3391 D

1164 3112 1305 3133 ovum
1316 3111 1345 3135 s,
1365 3112 1389 3131 e.
1426 3103 1487 3131 Adi.
1523 3107 1541 3130 i.
1559 3102 1653 3137 Hostis.
1690 3103 1806 3131 Arnobii
1820 3113 1830 3130 1
1848 3104 1896 3130 effe
1910 3103 2018 3134 dicitur.

1163 3146 1378 3173 DVELfflvs,
1400 3138 1455 3173 flue
1480 3146 1679 3166 DVILLIVS.
1700 3140 1719 3166 i.
1743 3148 1779 3166 m.
1821 3140 1975 3175 [Διὲλλιος]
2012 3144 2170 3178 Qiprimus

1126 3178 1216 3204 Romae
1235 3177 1321 3203 'tauali
1339 3178 1473 3202 certamine
1490 3176 1672 3210 triumphauit,
1689 3176 1722 3202 A.
1742 3176 1772 3201 V.
1786 3175 1812 3201 C.
1827 3185 1887 3210 494.
1924 3176 2021 3207 Biliam
2035 3178 2168 3212 virginem

1128 3212 1203 3239 duxit
1216 3220 1345 3244 vxorem‚
1361 3216 1447 3238 tantae
1466 3211 1621 3245 pudicitiae,
1640 3217 1669 3237 vt
1684 3210 1732 3237 illo
1745 3219 1853 3246 quoque
1865 3212 1967 3239 saeculo
1979 3222 2028 3248 pro
2047 3215 2168 3248 exemplo

1987 3249 2011 3274 Is
2024 3249 2076 3274 iam
2091 3250 2169 3276 senex

1127 3291 1152 3310 et
1168 3289 1293 3311 trementi
1306 3292 1434 3317 corpore,
1461 3283 1490 3309 in
1498 3283 1613 3318 quodam
1627 3282 1717 3317 iurgio
1731 3281 1834 3308 audiuit
1847 3282 2059 3317 exprobrarisibi
2068 3293 2100 3311 os.
2110 3285 2168 3311 foe-

1126 3319 1227 3346 tidum:
1257 3327 1283 3346 et
1296 3318 1376 3345 tristis
1394 3319 1419 3345 se
1433 3318 1542 3345 domum
1560 3318 1682 3345 contulit.
1729 3319 1872 3352 Qiumque
1886 3319 1964 3344 vxori
1979 3319 2083 3352 questus
2096 3322 2167 3354 estet,

1127 3364 1207 3390 quare
1221 3363 1356 3390 nunquam
1371 3355 1397 3380 se
1408 3354 1563 3385 monuiffet,
1580 3359 1609 3380 vt
1626 3353 1689 3380 huic
1706 3354 1775 3380 vitio
1787 3353 1948 3380 mederetur:
1968 3354 2090 3381 Fecissem
2100 3376 2108 3388 ,
2126 3357 2166 3382 in.

1126 3392 1186 3426 quit
1198 3391 1259 3423 illa,
1280 3390 1328 3417 nili
1341 3391 1463 3425 putassem
1478 3389 1602 3416 omnibus
1620 3389 1687 3416 viris
1705 3389 1738 3415 fic
1756 3397 1785 3416 os
1802 3388 1880 3414 olere.
1933 3388 2075 3416 Laudanda
2093 3398 2166 3418 vtro.

65 3429 215 3450 DVDVM·
249 3422 312 3454 Adu.
346 3429 459 3465 [πρώην]
494 3428 572 3465 Qcafi
582 3429 628 3456 diu
643 3429 715 3461 dum,
735 3427 862 3464 infinitum
875 3432 970 3462 tempus·
980 3431 1063 3459 notat,
1080 3437 1116 3464 90
1126 3436 1177 3462 que
1190 3427 1284 3462 pudica
1304 3432 1330 3452 et
1347 3426 1447 3452 nobilis
1465 3425 1579 3456 femina,
1599 3430 1624 3451 et
1639 3424 1656 3451 fi
1673 3423 1835 3458 ignorauerit
1848 3423 1943 3449 vitium
1961 3425 2032 3457 viri,
2053 3432 2079 3452 et
2090 3426 2107 3452 fi
2122 3436 2166 3461 pa-

28 3458 96 3502 quod
106 3460 204 3495 longum
216 3460 327 3488 videatur
340 3464 367 3490 ob
386 3464 503 3499 affeHum
516 3465 569 3496 illi,
589 3468 632 3501 qui
642 3466 768 3501 loquitur,
788 3470 910 3489 caeterum
927 3466 997 3488 intra
1010 3462 1062 3488 bre-

27 3494 148 3530 vtffimum
159 3498 275 3536 fffmporis
283 3496 405 3532 spatium,
424 3501 552 3527 dimidiam
562 3501 687 3526 interdum
702 3500 802 3531 horam,
824 3498 901 3531 tinas,
919 3505 972 3525 tres
986 3498 1062 3524 horas

28 3537 74 3557 etc.
94 3536 258 3557 contineatur.
299 3533 363 3560 Hinc
375 3535 428 3569 fit,
453 3543 482 3562 vt
494 3536 617 3563 interdum
636 3539 710 3562 etiam
720 3534 885 3570 simpliciter,
906 3540 995 3560 contra
1009 3539 1060 3568 ety-

18 3566 155 3604 vmoIogiam
162 3565 234 3601 suam
246 3564 279 3591 ad
289 3564 466 3604 breuespatium
478 3575 595 3607 temporis
608 3570 779 3607 designandum
786 3569 940 3596 adhiheatur.
976 3570 1061 3595 Exem-

20 3601 69 3637 pla
81 3607 208 3636 *utrumque
219 3600 384 3628 declarabunt.

26 3638 86 3669 ναί,
106 3636 208 3667 Thais,
229 3645 278 3670 ego
293 3636 346 3676 iam
362 3637 457 3678 dudum
469 3641 511 3668 hic
523 3642 621 3669 adsum.
662 3642 719 3669 Vid.
741 3648 816 3668 IAM
838 3640 945 3667 dudum.

27 3672 81 3698 Att.
101 3681 129 3705 4,
146 3679 159 3705 5
184 3671 290 3698 Dudum
304 3680 374 3698 enim
393 3677 555 3704 circumrodo
574 3676 646 3712 quod
663 3676 846 3704 deuorandum
860 3676 904 3702 est.

27 3707 105 3748 Pqen-
125 3716 145 3740 ¹,
164 3716 187 3740 3.
201 3714 218 3742 7
246 3707 394 3748 Trecentos
415 3709 545 3746 Philippos
566 3712 719 3745 Collybisco
739 3712 834 3739 vimco
854 3711 924 3738 Dedi
946 3709 1056 3741 dudum,

25 3750 177 3783 priusquam
189 3752 230 3769 me
243 3742 356 3769 UlOssflstl
368 3743 446 3775 foras,
465 3748 483 3772 ἰ.
494 3747 569 3774 modo.
621 3749 686 3776 Dixi
699 3747 809 3780 dudum,
825 3747 961 3774 materiam
976 3745 1056 3771 aliam

999 3639 1056 3665 Cic.

974 3674 1056 3701 Plaut.

27 3778 76 3804 effe
87 3787 156 3811 ioci,
174 3778 252 3805 aliam
264 3779 410 3805 seueritatis
443 3780 498 3806 Cic.
511 3781 542 3808 de
553 3784 625 3810 Orat.
641 3793 664 3816 2,
678 3787 735 3816 263.
753 3787 771 3810 i.
782 3783 864 3819 paullo
877 3789 942 3808 ante.
978 3783 1110 3814 Qiae100

29 3812 125 3840 dudum
137 3813 170 3840 ad
182 3823 232 3844 me,
250 3820 276 3841 et
287 3823 354 3849 quae
367 3815 446 3841 etiam
458 3820 517 3841 ante
528 3816 569 3843 bis
580 3819 612 3845 ad
622 3820 744 3846 Tulliam
757 3819 789 3845 de
801 3827 843 3844 me
857 3817 976 3853 scripsisti
996 3817 1054 3843 Cic.

2 3857 3 3867 π
28 3847 82 3888 Att.
95 3857 126 3881 u,
140 3858 182 3883 24.
208 3849 314 3876 Dudum
327 3857 350 3876 et
361 3856 420 3877 ante
432 3853 539 3885 opponit.
571 3853 643 3880 Idem
651 3855 682 3882 de
690 3855 843 3882 elai-‚Gran
853 3859 892 3886 138
913 3852 1054 3879 thudurn

1 3885 3 3895 “
27 3881 123 3915 (mitio
135 3885 213 3919 libri)
233 3885 264 3912 ad
279 3886 481 3913 Demosthenem
495 3891 520 3911 et
533 3887 692 3921 Hyperidem
701 3910 708 3921 ,
733 3890 765 3916 iic
779 3899 846 3916 nunc
865 3888 897 3916 ad
908 3888 1055 3916 Antonium

2 3929 3 3963 1
23 3917 382 3982 §raffunaepgoperuenimus
453 3920 559 3948 Dudum
572 3921 623 3948 huc
636 3926 752 3952 accerfita
767 3927 822 3951 sum
842 3925 922 3951 Plaut.
936 3924 1016 3951 Stich.
1033 3931 1056 3957 5,

2 3995 3 3998 ’
40 3972 51 3987 ³
62 3962 85 3987 3·
118 3974 125 3982 ⁶
186 3975 271 4020 νὀι..
303 3993 343 4021 Π.

448 3606 516 3633 Ter.
530 3608 594 3633 Eun.
608 3616 636 3640 4,
648 3610 681 3640 6,
695 3615 707 3639 5
732 3606 845 3633 Chremes
864 3608 997 3640 impatiens
1009 3611 1058 3630 mo·
1081 3614 1114 3640 95
1122 3612 1203 3632 tamen
1217 3605 1281 3632 hanc
1293 3602 1421 3637 historiam
1434 3603 1516 3640 refert
1533 3603 1567 3629 ad
1578 3604 1716 3629 Hieronem.

1124 3464 1222 3490 tienter
1236 3462 1311 3489 tulit:
1331 3467 1357 3488 et
1375 3461 1448 3496 quod
1461 3462 1573 3488 maritus
1593 3460 1777 3487 infelicitatem
1797 3457 1915 3492 corporis
1933 3459 1988 3492 sui,
2005 3469 2059 3487 non
2073 3464 2166 3490 vxoris

1124 3498 1232 3525 fastidio
1241 3518 1250 3531 ,
1270 3497 1313 3525 sed
1326 3497 1469 3523 maledieio
1483 3496 1558 3523 sensit
1571 3496 1683 3523 inimici.
1732 3491 1859 3521 Hal-‘lenus
1872 3493 2052 3528 Hieronymus
2064 3497 2165 3526 aduers.

1123 3535 1265 3561 Iouianum
1280 3543 1299 3560 1.
1358 3533 1417 3559 Vid.
1431 3534 1531 3560 Merula
1551 3532 1586 3559 ad
1598 3534 1674 3558 Ennii
1686 3530 1785 3566 fragm.
1805 3537 1829 3563 p.
1843 3535 1884 3563 57-
1909 3533 1953 3565 qui
1971 3533 2039 3558 illam
2058 3533 2165 3567 Biliam,

1121 3573 1211 3596 mariti
1229 3572 1340 3600 nomine,
1360 3568 1480 3595 Duiliam
1499 3568 1529 3595 ab
1549 3569 1698 3601 Hieronymo
1717 3565 1862 3600 appellatam
1874 3565 1961 3601 cenftt,
2015 3568 2165 3596 Plutarchus

1759 3600 1794 3625 Ex
1810 3599 1960 3635 Hieronymo
1975 3609 2082 3638 repetere
2095 3605 2164 3631 vide-

1120 3647 1163 3667 tur
1183 3640 1309 3667 Sarisber.
1324 3639 1424 3672 Polycr.
1444 3648 1467 3672 3,
1487 3648 1519 3672 ι3.
1556 3638 1694 3664 Columnam
1707 3637 1758 3661 eius
1770 3632 1902 3667 rostratam
1917 3639 1946 3662 in
1958 3637 2108 3673 Capitolinis
2121 3650 2164 3667 vr-

1120 3675 1160 3702 bis
1179 3678 1258 3702 rumis
1278 3681 1400 3709 repertam
1412 3675 1591 3711 suppleuerunt
1609 3678 1633 3698 et
1647 3670 1829 3697 commentando
1846 3672 2030 3708 explicauerunt
2043 3676 2162 3710 plurimi,

1119 3709 1278 3746 eruditiffime
1292 3712 1345 3737 Pet.
1360 3711 1498 3737 Ciaconius.
1635 3744 1664 3774 V
1742 3732 1749 3733 .
1759 3744 1774 3774 I

1154 3824 1396 3848 DV1CENsvs‚
1415 3826 1440 3848 a,
1461 3824 1514 3840 um.
1535 3813 1596 3840 Adi.
1623 3811 1774 3844 dicebatur,
1792 3814 1862 3841 Cum
1881 3815 1980 3846 altero,
2001 3815 2028 3842 id
2043 3814 2080 3842 est
2098 3826 2158 3843 cum

1120 3852 1196 3886 filio,
1217 3854 1314 3879 census.
1338 3852 1434 3879 Festus.
1472 3850 1533 3876 Vct.
1547 3849 1742 3876 GLDuicensus
1760 3847 1863 3885 δεύτερον
1877 3849 2097 3886 ἐπογεγραμμένος.
2117 3852 2159 3886 Est

1117 3898 1174 3926 ergo
1187 3889 1225 3914 bis
1238 3889 1330 3924 census.
1700 3919 1705 3924 .

1156 3932 1174 3951 D
1184 3931 1204 3949 v
1214 3931 1222 3949 1
1232 3931 1251 3950 D
1259 3930 1276 3949 Ε
1286 3931 1307 3949 N
1315 3930 1337 3952 s,
1351 3922 1428 3948 entis.
1454 3920 1474 3946 f.
1497 3919 1592 3948 Hostia
1605 3919 1637 3947 ab
1652 3920 1768 3955 antiquis
1780 3920 1908 3955 appellata
1915 3921 1960 3953 est,
1969 3929 2047 3955 quarn
2060 3930 2108 3948 nos
2117 3921 2157 3948 Bi-

279 3956 353 3984 Idem
365 3959 444 3985 Poen.
466 3966 486 3991 1,
501 3965 526 3990 2,
540 3964 583 3991 105
613 3958 684 3992 Qiia
696 3960 748 3988 iam
761 3970 816 3988 non
833 3960 933 3988 dudum
945 3965 1004 3987 ante
1017 3960 1055 3986 lu·
1067 3972 1110 4000 ¹03
1120 3959 1226 3987 dentem
1242 3958 1364 3985 dicimus.
1399 3954 1496 3985 Festm.

1273 3994 1301 4021 N
1325 4001 1343 4021 n
1996 3996 2158 4024 υνῐῦΑιῖ,
