2479 4225
295 162 365 201 60⁶
644 152 965 196 ,ΒΑΝ
1773 153 2050 196 FAR
2347 161 2424 212 604

347 188 365 209 2

296 248 469 283 appellatum
505 246 618 281 ideoque
635 244 710 272 aedes
735 244 813 270 sacras
838 242 934 280 Faunos
955 240 1043 274 primo
1067 239 1220 281 appellatas,
1245 239 1331 283 postea
1393 251 1414 285 ι,
1431 250 1481 276 219.
1553 243 1621 270 Salsa
1645 242 1803 283 O-uidAEast.
1818 251 1839 275 3,
1853 249 1908 277 284-
1942 247 1961 271 i.
1980 246 2050 273 Mola
2060 246 2137 282 salffi,
2209 246 2329 288 Torrid?
2351 247 2429 277 mem.

297 286 366 311 fana
381 283 457 312 dieta,
476 287 541 308 etex
555 291 597 314 eo,
610 281 657 315 qui
669 281 755 306 futura
771 280 964 311 praecinerent,
985 276 1120 302 Fanaticos
1134 276 1195 301 dici.
1249 277 1330 301 Euam
1393 278 1457 304 fast.
1471 286 1497 310 2,
1510 287 1551 312 24.
1621 279 1776 305 Triticeum
1804 279 1934 306 Columel.
1949 283 1973 311 6,
1989 290 2025 308 10.
2097 283 2243 317 Vegrandia
2269 282 2423 311 Ouid-Fast.
2452 299 2455 313 ς

298 321 396 346 Fronto
408 328 433 352 p.
443 326 503 350 2195
518 324 582 344 extr.
610 318 707 343 Fanum
720 315 808 339 Fauno
820 311 1012 346 consecratum,
1034 311 1101 337 vnde
1122 311 1203 337 Fauni
1218 310 1329 345 appella·
1392 321 1415 345 3,
1429 322 1488 346 443.
1560 314 1690 341 Columel.
1706 322 1738 347 ιι,
1751 322 1775 346 2,
1789 322 1806 346 9
1843 314 1993 350 Eodemque
2006 318 2092 343 mense
2106 325 2165 344 ante
2180 318 2284 345 Calend.
2300 318 2362 345 Feb.
2375 319 2425 346 sara
2448 317 2453 322 '

297 354 393 380 bantur
406 353 478 388 prius
492 359 516 379 et
529 353 584 383 illi,
604 352 649 387 qui
664 348 822 383 vagabantur
835 345 958 372 Fanatici.
1031 348 1116 373 Varro
1130 346 1161 372 de
1175 347 1204 372 L.
1218 347 1249 372 L.
1264 354 1291 378 ς,
1311 353 1328 381 7
1392 348 1499 375 riendae
1512 349 1605 383 segetes
1619 349 1794 381 autumnales,
1819 348 1872 376 flue
1885 350 1945 377 illae
1960 352 2064 378 seminis
2076 352 2166 380 adorei
2179 354 2236 380 sunt
2266 353 2352 388 (quod
2367 355 2424 388 qui·
2448 365 2450 381 ι

298 399 322 422 Ρ,
332 397 363 422 34
388 397 419 423 27
453 389 521 415 pana
534 389 681 414 nominata,
706 382 776 417 quod
791 380 926 407 Pontifices
939 382 967 407 in
980 382 1104 408 sacrando
1116 381 1163 407 fati
1178 381 1227 407 sint
1240 381 1329 407 finem.
1352 386 1366 413 ς
1392 383 1450 410 dam
1464 384 1505 410 far
1518 385 1687 411 vernaculum
1700 387 1813 415 vocant)
1830 385 1874 410 scu
1888 386 1978 413 tritici.
2033 387 2101 414 Add.
2116 397 2139 421 2,
2151 391 2177 422 6,
2190 397 2211 421 3.
2255 390 2363 424 Vtroque
2374 391 2424 417 Ioco
2448 401 2450 406 ’

298 409 400 451 Liu.'10
431 431 461 458 37
491 425 574 458 Inque
588 431 617 448 ea
630 427 712 454 pugna
726 416 797 442 louis
811 416 918 442 Statoris
929 416 1018 443 aedem
1033 424 1137 449 votam,
1158 422 1186 443 vt
1200 417 1330 443 Romulus
1385 418 1497 454 flubium
1514 419 1595 446 [effla.
1653 420 1711 448 Vid.
1732 425 1806 447 VER
1821 427 1844 446 M
1857 428 1865 446 1
1876 426 1892 446 C
1905 427 2016 457 VLVS,
2035 431 2060 455 a,
2074 432 2128 450 um.
2216 424 2336 451 Membra
2354 425 2425 460 gruis
2448 423 2450 430 ²

297 467 357 486 aute
375 444 499 486 voiierat:
535 458 576 484 sed
594 457 682 482 fanum
695 458 812 483 tantum,
833 453 851 477 i.
870 453 936 478 locus
949 454 1035 487 templo
1050 452 1143 486 effatus
1155 455 1204 478 iam
1213 452 1332 488 sacratus
1393 455 1467 487 sparti
1481 455 1530 481 sale
1545 456 1644 487 multe,
1663 465 1715 482 uon
1729 456 1780 481 line
1792 455 1863 482 farre
1897 457 1964 483 Hor.
1979 458 2058 484 Serm.
2075 467 2099 489 2,
2113 464 2142 491 8,
2155 465 2196 493 87.
2370 457 2391 497 q
2410 469 2424 487 2
2448 459 2457 490 ¹¹,

291 495 391 531 ficerat.
445 495 541 521 Fanum
555 496 635 524 itaque
643 487 775 522 secundum
790 487 847 513 haec
860 487 950 520 dzff'rrt
961 498 976 514 a
995 488 1126 522 Templo,
1139 487 1204 523 quod
1212 486 1250 520 fit
1263 489 1331 514 Arca
1393 487 1434 522 Est
1447 493 1519 516 etiam
1534 492 1583 517 Far
1597 491 1714 526 quoddam
1722 489 1860 527 sufiiciunt
1869 501 1884 517 a
1897 492 1990 519 Farina
2004 493 2140 530 diuerfiem,
2159 495 2233 530 forte
2247 497 2329 520 minus
2353 495 2425 522 ubtiIe

298 532 384 566 templi
396 536 419 556 et
433 530 528 564 fialam,
551 524 697 557 Templum
714 531 772 548 vcro
792 522 948 557 Aedificium.
991 524 1078 550 Verum
1097 533 1139 548 mc
1157 523 1186 548 id
1203 521 1235 555 est
1247 529 1332 557 perpe·
1392 525 1508 551 Ptisauae
1513 526 1602 559 simile.
1673 526 1740 553 Cato
1752 527 1783 552 R.
1798 527 1827 553 R.
1841 535 1901 559 143,
1921 535 1934 559 3
1969 528 2089 555 Farinam
2104 529 2213 560 bonam,
2233 535 2259 556 et
2271 530 2321 556 Far
2344 530 2426 557 ubtile

299 573 374 593 tuum.
430 566 496 591 Nam
506 560 614 595 aedificio
628 561 699 584 stiam
714 557 777 584 Fani
791 567 874 584 nomen
892 557 996 592 hacsrssi‘,
1008 565 1059 585 tum
1080 560 1131 585 alia
1150 558 1259 589 indicat,
1278 565 1330 584 tum
1347 565 1376 584 10
1392 560 1454 586 sciat
1472 560 1573 594 facere,
1591 570 1636 597 quo
1653 562 1704 588 Ioco
1723 568 1805 588 utitur
1822 563 1904 598 MarJI
1925 562 2065 599 Cagnatur,
2093 572 2123 591 vt
2139 564 2250 599 ostendar
2272 564 2393 601 diuersum
2411 576 2432 598 a,

299 602 355 628 illae
369 601 490 626 Ciceronis
502 604 572 622 curae
585 594 612 620 de
629 595 699 619 Fano
714 593 826 619 Tulliae
832 594 891 629 suae
903 613 909 623 ‚
928 597 998 620 cuius
1013 597 1102 620 mentio
1122 594 1155 619 ad
1172 596 1225 620 Att.
1241 602 1283 624 12,
1306 598 1331 623 18
1392 596 1500 627 Farina,
1524 606 1576 623 cum
1596 598 1676 622 breuis
1699 603 1722 623 et
1740 595 1875 630 adstrictus
1898 597 2026 624 admodum
2038 599 2076 632 fit
2091 603 2118 626 in
2130 603 2272 635 praet-ipris
2282 600 2339 636 fiais
2358 601 2445 628 Cato.''

295 644 339 673 pr.
363 642 385 661 e!
398 633 535 660 deliberatio
548 630 645 655 uberior
660 628 735 661 Epist.
747 637 774 660 19
799 628 913 655 Iucunda
925 628 1002 655 nobis
1016 630 1084 656 ratio
1096 629 1142 661 est,
1161 629 1330 663 quemadmo-
1392 631 1434 657 Ita
1446 632 1522 658 Varr.
1535 633 1565 658 R.
1575 633 1605 658 R.
1619 640 1641 664 3,
1654 640 1693 665 14,
1709 640 1721 664 ς
1749 633 1828 659 Farre
1843 638 1868 658 et
1881 634 1939 667 sapa
1953 634 2110 662 incrustatur
2120 636 2185 667 olla,
2204 635 2257 662 cibo
2269 636 2425 664 cochlearum.

300 672 362 698 dum
375 667 485 695 inomni
500 665 645 691 mutatione
657 664 828 690 dominorum
863 679 909 684 —
929 664 995 690 illud
1015 665 1084 699 quali
1102 666 1279 691 consecratum
1291 673 1331 690 re·
1393 666 1443 693 Far
1455 666 1631 694 hordeaceum
1644 667 1679 692 est
1713 667 1844 694 Columel.
1858 674 1886 700 g,
1899 677 1935 700 ιι,
1952 677 1990 702 ¹4·
2061 670 2163 698 Hordei
2193 671 2288 698 pallad.
2302 679 2327 703 1,
2343 677 2390 704 28,
2403 679 2426 704 ς,

300 713 403 733 manere
416 701 494 736 possit.
547 716 592 719 —
617 701 654 726 ita
673 706 776 731 tamen,
804 704 832 725 vt
845 697 892 724 hac
909 699 1002 726 aestate
1016 701 1105 726 fanum
1125 700 1273 726 absolutum
1292 699 1330 726 fit.
1392 707 1416 727 et
1428 710 1470 734 29,
1483 710 1506 729 2.
1577 702 1730 729 Triticeum
1744 704 1876 730 minutum
1903 704 2066 736 Columel.8,
2080 715 2102 737 5,
2116 714 2154 738 23.
2208 706 2282 742 Conf.
2294 713 2309 732 F
2319 714 2367 733 AR
2377 714 2426 734 RI-

299 742 346 768 Tu
360 746 445 765 tamen
461 745 520 763 cum
532 735 624 770 Apella
639 734 708 761 Chio
722 733 819 760 confice
832 734 864 760 de
876 734 1020 767 columnis,
1037 735 1196 772 quasscilicet
1204 735 1331 771 adsunam
1348 739 1374 766 ις
1392 742 1409 763 c
1418 743 1438 762 ν
1447 744 1463 763 L
1472 743 1524 763 VM
1533 758 1541 770 ‚
1560 744 1583 764 ει
1602 738 1722 764 Fam-aria
1741 745 1757 765 Ρ
1768 746 1775 763 1
1785 746 1828 765 ST
1837 746 1857 765 v
1866 745 1883 764 L
1894 746 1924 765 A.
1980 741 2036 767 Hm,-
2048 744 2122 768 etiam
2135 745 2247 777 pem-„et
2259 742 2391 768 Columel,
2405 748 2428 776 g,-

297 774 453 802 adhlffimrm
466 777 528 797 cm,-
582 773 634 797 Iam
648 771 717 796 fana
731 770 846 805 quaedam
856 776 980 804 ponemus,
1052 772 1111 797 Liu,
1126 779 1174 804 43,
1193 773 1209 797 6
1240 771 1331 796 Aescu·
1390 780 1419 805 4,
1434 781 1443 798 1
1468 773 1512 799 vbi
1523 773 1575 800 cibo
1588 773 1735 809 gallinarum
1751 772 1906 807 destinantur
1927 775 2053 802 Furfures
2068 776 2173 803 modice
2186 786 2200 803 a
2216 777 2301 804 farina
2315 777 2434 810 excreti:

296 810 359 843 lapii
373 808 462 833 fanum
477 806 572 832 tabulis
589 805 666 840 pietis
679 814 709 831 ex
729 805 822 839 praeda
843 806 981 832 exornauit
999 806 1145 834 Lucretius.
1200 806 1331 840 Apollinis
1392 808 1439 842 qui
1453 807 1471 834 si
1483 808 1552 835 nihil
1567 808 1662 835 habent
1674 809 1769 839 farris,
1796 818 1850 836 uon
1877 811 1935 836 sunt
1957 810 2065 843 idonei,
2087 821 2134 838 nec
2146 817 2248 839 tantum
2261 819 2426 848 appetuntur.

297 845 385 871 fanum
394 842 527 877 augustum
538 841 569 867 ad
583 841 684 868 Hieran
697 849 790 866 tomen
807 840 867 866 Liu.
883 845 968 871 38,1z.
982 850 1015 873 13.
1085 843 1240 869 Carmentae
1261 841 1331 868 Gell.
1391 841 1433 876 Est
1447 852 1504 879 ergo
1527 845 1577 871 Far
1594 844 1673 871 album
1695 844 1757 870 illud
1763 864 1771 876 ‚
1791 845 1856 880 quod
1866 845 1984 881 stparare
2003 857 2017 873 a
2036 849 2128 883 glumls
2146 854 2170 873 et
2181 847 2334 884 furfuribus
2351 849 2427 875 molae

297 885 321 909 18
334 899 342 911 ‚
367 886 392 912 7.
463 878 562 903 Dianae
604 877 663 903 Liu.
682 885 706 907 1,
728 883 770 910 43.
838 875 930 902 Febris
966 877 1022 903 Cic.
1035 877 1067 903 de
1082 878 1118 904 N.
1131 878 1210 903 Deor.
1225 886 1237 909 3
1256 886 1277 903 c.
1291 884 1329 910 23.
1391 884 1450 914 opus
1464 877 1512 912 est,
1531 879 1602 915 quod,
1615 889 1667 907 cum
1679 882 1706 906 in
1714 881 1840 915 puluerem
1853 884 1972 908 minutum
1983 880 2024 916 qli,
2035 883 2129 910 Farina
2142 880 2247 910 diciiur.
2303 884 2351 912 Sed
2358 891 2381 911 et
2393 886 2442 910 σι’-ν

296 913 424 941 Feroniae
451 914 510 939 Liu.
528 922 546 943 1,
560 920 599 944 3ο.
669 911 792 938 Herculis
820 910 857 937 Id.
869 920 915 943 40,
930 918 964 944 51.
999 915 1029 938 ir.
1047 914 1124 940 Mart.
1138 921 1160 945 3,
1173 921 1217 947 47.
1278 913 1331 939 Pal·
1343 920 1379 939 20
1391 913 1445 940 bum
1456 914 1600 948 humanum,
1612 915 1741 951 firuorum
1750 915 1908 952 prat’strtim,
1929 926 1940 943 e
1944 917 2022 952 farre
2030 925 2147 953 paratum
2157 938 2164 949 ,
2177 920 2272 954 pultem
2283 920 2350 946 illam
2362 922 2429 953 antiq
2443 924 2446 930 “

295 950 361 977 loris
377 956 401 975 et
416 949 522 975 Pauoris
547 948 607 974 Liu.
623 956 642 980 1,
657 955 700 982 27.
766 947 951 980 Proserpinae,
975 948 1028 973 vid.
1038 955 1067 984 p.
1075 955 1104 984 p.
1177 948 1283 981 Qiietis
1303 948 1331 974 in
1391 957 1476 984 quam,
1496 951 1546 976 Far
1558 950 1719 985 appellabant.
1775 952 1815 977 Ita
1833 952 1887 977 Lex
1902 952 1951 979 XII
1962 952 2111 980 tabularum
2130 954 2196 989 apud
2214 953 2282 980 Gell.
2294 963 2343 987 20,
2357 963 2367 982 1
2400 954 2430 985 da,

294 986 339 1012 via
352 984 481 1011 Lauicana
514 983 575 1010 Liu.
589 993 617 1016 4,
630 992 669 1015 41·
740 982 878 1014 Rediculi,
900 981 953 1008 vid.
964 982 1013 1018 fil.
1083 984 1211 1010 Termini
1238 984 1296 1009 Liu.
1314 993 1334 1019 1,
1392 984 1502 1012 obaerato
1515 995 1574 1012 nexo
1584 1006 1592 1018 ,
1624 986 1661 1012 Ni
1675 987 1724 1012 suo
1736 987 1822 1019 viuit,
1847 987 1894 1022 qui
1908 996 1949 1014 eni
1963 989 2082 1015 vinctum
2101 989 2226 1022 habebit,
2253 986 2336 1017 libras
2350 986 2447 1017 farris*

293 1029 331 1054 53.
361 1020 424 1056 quod
436 1019 590 1046 sacellorum
609 1021 704 1044 nomine
716 1021 864 1046 continetur.
874 1034 881 1044 ι
934 1019 1055 1044 Vacunae
1073 1029 1128 1046 mox
1146 1019 1284 1046 habebimus
1303 1028 1333 1045 ex
1392 1019 1460 1046 endo
1473 1020 1528 1047 dies
1542 1021 1612 1048 dato.
1684 1023 1750 1049 Hor.
1765 1022 1815 1048 Sa't.
1830 1031 1848 1054 1,
1862 1030 1882 1058 ς,
1897 1025 1931 1055 69
1963 1024 2082 1059 Rogabat
2094 1026 2228 1060 Denique,
2244 1034 2292 1052 cur
2312 1022 2437 1060 vnquanii

294 1058 362 1083 Hor.
377 1055 452 1090 Epist.
468 1065 492 1087 1,
505 1064 549 1086 10,
569 1062 613 1087 49.
683 1055 711 1080 A
723 1054 799 1079 Fanis
811 1063 982 1089 nonnunquam
1000 1057 1109 1090 origines
1127 1055 1232 1081 urbium.
1292 1055 1334 1081 Sic
1393 1054 1509 1089 fugisset,
1533 1057 1577 1083 cui
1598 1057 1657 1083 satis
1672 1066 1723 1084 vna
1735 1058 1821 1084 Farris
1834 1058 1902 1085 libra
1915 1058 2002 1092 foret,
2029 1061 2122 1095 gracili
2143 1061 2176 1087 iic
2197 1066 2304 1096 tamque
2324 1061 2433 1095 puniunt

293 1092 354 1118 vrbs
362 1091 436 1126 forte
448 1091 507 1127 fuit
530 1091 629 1116 Fanum
647 1090 823 1121 Voltumnae,
843 1088 871 1114 de
891 1099 935 1124 quo
956 1089 1014 1116 Liu.
1029 1099 1060 1123 4,
1081 1099 1118 1123 23.
1154 1093 1185 1116 it.
1201 1099 1236 1122 23.
1258 1096 1280 1115 ft
1293 1093 1330 1116 61.
1343 1096 1373 1123 25
1393 1090 1530 1118 Bibaculus
1541 1092 1607 1128 apud
1625 1093 1729 1119 Sueton.
1751 1092 1782 1119 de
1801 1093 1890 1120 Graiu.
1905 1103 1925 1120 ιι
1956 1093 1988 1120 de
2002 1096 2110 1123 Valerio
2132 1097 2248 1128 Catone,
2276 1098 2363 1130 Qiem
2376 1094 2444 1128 tres'f,

293 1129 357 1154 Item
372 1127 470 1154 Fanum
484 1127 628 1155 Fortunae,
654 1124 718 1159 quod
730 1127 803 1150 etiam
817 1125 967 1159 Simpliciter
979 1126 1078 1152 Fanum
1092 1133 1115 1151 et
1127 1126 1238 1152 Colonia
1254 1127 1333 1152 Fane-
1393 1126 1515 1153 cauliculi
1529 1134 1554 1154 et
1567 1127 1664 1154 selibra
1683 1129 1778 1161 farris,
1799 1129 1906 1156 Racemi
1920 1128 1989 1162 duo,
2014 1131 2101 1165 tegula
2120 1131 2168 1158 sub
2184 1140 2234 1158 vna
2247 1131 2287 1158 Ad
2299 1133 2441 1161 summani

294 1162 353 1189 stris
367 1162 469 1188 dicitur.
530 1160 587 1187 md.
602 1160 667 1186 Plin.
681 1169 693 1191 3
703 1179 710 1192 ,
729 1168 767 1193 14.
802 1160 871 1186 Mela
886 1169 914 1195 2,
933 1169 960 1193 4.
1032 1162 1085 1187 Iam
1100 1161 1202 1196 formas
1219 1161 1332 1201 loquendi
1393 1170 1475 1223 prope
1486 1164 1602 1190 nutriant
1617 1163 1754 1191 semeiam.
1825 1165 1967 1192 Titinnius
1982 1166 2094 1194 Gemina
2109 1167 2175 1202 apud
2186 1168 2259 1194 Non.
2271 1176 2302 1200 2,
2322 1172 2354 1201 98
2385 1163 2437 1194 Li*

294 1198 429 1224 videamur.
500 1196 559 1222 Liu.
574 1203 597 1227 ς,
612 1203 642 1228 50
650 1203 692 1229 pr.
718 1196 786 1221 Fana
798 1196 887 1221 omnia
896 1215 904 1228 ,
921 1195 1008 1230 quoad
1021 1205 1050 1222 ea
1063 1196 1147 1223 hostes
1160 1196 1331 1231 pom-distent,
1413 1205 1468 1223 ram
1485 1197 1588 1225 aiebant
1601 1199 1659 1225 satis
1673 1200 1721 1225 effe
1734 1198 1858 1226 ambabus
1871 1201 1948 1228 farris
1962 1201 2082 1229 intritae:
2118 1203 2176 1237 plus
2188 1203 2285 1230 comest
2293 1202 2438 1230 solavxorss'

294 1233 518 1263 Restituerentur,
536 1231 761 1257 Terminarentur
772 1251 780 1262 ,
799 1231 1041 1266 Expiarenturque,
1059 1232 1229 1267 expiatioque
1237 1241 1332 1258 eorum
1392 1230 1413 1270 ff
1433 1242 1446 1265 3
1483 1233 1540 1270 obs
1576 1235 1655 1261 Farre
1669 1235 1894 1263 contrahebantur
1907 1237 2014 1271 nuptiae
2046 1238 2153 1266 Seruius
2165 1239 2198 1264 ad
2210 1239 2285 1274 Virg.
2297 1240 2394 1273 Georg.
2407 1238 2441 1272 1','.]'·

294 1269 323 1294 in
336 1268 410 1294 libris
425 1277 470 1301 per
484 1267 646 1293 Duuinuiros
661 1272 838 1300 quaereretur.
908 1267 945 1293 Id.
959 1269 999 1299 36,
1016 1276 1024 1293 1
1038 1274 1082 1303 pr.
1110 1269 1195 1294 Patres
1208 1276 1248 1294 res
1262 1267 1330 1294 diui-
1341 1276 1374 1300 3ο
1391 1276 1426 1300 3ι.
1461 1271 1529 1295 cuius
1541 1269 1615 1296 verba
1623 1271 1724 1305 plenius
1737 1270 1823 1297 damus
1842 1274 1868 1298 in
1889 1279 1905 1298 C
1915 1278 1934 1299 ο
1945 1278 1991 1298 NF
2000 1280 2019 1300 A
2032 1279 2052 1300 R
2062 1280 2080 1300 R
2089 1281 2105 1300 Ε
2115 1281 2134 1300 Α
2144 1281 2183 1300 ΤΙ
2195 1281 2224 1300 0.
2295 1273 2396 1302 Arnob.
2409 1269 2462 1312 4,ιῖ

292 1312 337 1329 nas
351 1304 436 1329 facere
449 1302 594 1328 maioribus
614 1301 705 1328 hostiis
726 1302 851 1328 iusserunt
874 1302 903 1328 iu
927 1302 1051 1329 omnibus
1074 1302 1158 1335 fanis,
1184 1303 1212 1328 in
1231 1302 1329 1337 quibus
1392 1313 1416 1338 p.
1432 1311 1480 1336 140
1507 1305 1611 1331 onres
1629 1305 1700 1332 enim
1715 1307 1761 1332 Dii
1774 1306 1871 1333 habent
1884 1313 1961 1344 atque
1980 1308 2008 1334 in
2021 1309 2180 1344 coniugialia
2195 1309 2304 1337 foedera
2316 1304 2416 1336 veniun
2430 1313 2434 1321 '
2454 1309 2460 1326 ι
2474 1315 2479 1336 ι’

290 1338 481 1365 lectisternium
494 1337 622 1364 maiorem
646 1343 745 1371 partem
765 1338 826 1363 anni
847 1337 906 1364 fieri
919 1338 992 1364 solet.
1065 1339 1171 1373 Religio
1185 1338 1239 1365 fani
1272 1338 1329 1365 Cic.
1390 1339 1588 1367 conditionibus
1602 1347 1660 1367 ante
1673 1341 1810 1376 quaefitis:
1845 1343 1916 1375 Vsu,
1937 1344 2030 1376 Farre,
2050 1345 2207 1372 Coemtione
2219 1345 2416 1379 genialisleetul
2432 1343 2433 1347 ¹
2465 1354 2479 1370 τε

292 1373 324 1400 de
338 1375 439 1400 Inucnt.
457 1382 476 1405 ι,
493 1382 512 1399 ι.
584 1374 683 1398 Fanum
695 1372 924 1407 locupletitliuuun
940 1379 965 1399 et
981 1373 1199 1408 religioliffiinum
1228 1373 1266 1400 Id.
1279 1382 1328 1408 pro
1390 1375 1548 1402 sacramenta
1562 1376 1710 1403 condicunt.
1781 1377 1979 1412 leian.Tit.9
2007 1380 2086 1407 Farre
2100 1381 2258 1408 conuenitur
2271 1381 2298 1407 in
2311 1372 2435 1416 mamurii.¹

291 1409 321 1435 1,.
336 1409 426 1435 Manil.
441 1418 460 1434 c.
470 1417 493 1439 9.
518 1408 546 1434 de
560 1409 646 1443 templo
662 1408 781 1434 Bellonae.
852 1410 919 1435 Hor.
936 1409 1013 1443 Epist.
1031 1417 1050 1440 1,
1063 1417 1107 1441 io,
1120 1418 1156 1442 49
1193 1410 1263 1435 Haec
1277 1408 1330 1436 tibi
1390 1410 1467 1437 certis
1480 1411 1583 1443 verbis,
1604 1417 1629 1438 et
1642 1412 1750 1438 testibus
1764 1412 1852 1440 decem
1867 1414 2061 1450 praesentibus,
2079 1423 2106 1443 et
2114 1416 2234 1442 sollemni
2249 1416 2377 1443 sacrificio
2391 1417 2441 1444 fait.
2458 1414 2479 1450 'u

292 1444 422 1471 dic'tabam
435 1444 524 1470 fanum
533 1443 590 1477 post
604 1450 679 1478 putre
691 1444 820 1470 Vacunae.
893 1444 984 1470 saneta
1004 1445 1138 1477 Lucret.5‚
1151 1447 1195 1479 76.
1248 1445 1329 1471 Com.
1342 1452 1372 1480 35
1390 1445 1449 1478 ξιο,
1468 1446 1496 1472 in
1509 1455 1564 1481 quo
1577 1447 1650 1481 panis
1663 1456 1771 1482 quoque
1788 1449 1889 1476 ferreus
1908 1449 2057 1478 adhibetur.
2128 1451 2221 1478 Bo'e'th.
2237 1452 2264 1477 in
2285 1452 2342 1479 Cic.
2354 1452 2402 1479 To
2420 1448 2431 1462 ³
2472 1460 2479 1501 fl

290 1480 373 1514 pilare
386 1480 445 1506 fana
469 1480 525 1506 Cic.
539 1480 573 1505 N.
588 1480 618 1504 D.
635 1488 654 1511 1,
669 1481 699 1508 86
713 1488 735 1504 c.
745 1487 779 1509 3ι.
852 1480 1008 1513 Depeculari
1023 1479 1083 1505 fana
1112 1479 1191 1507 1d.in
1205 1481 1282 1507 Verr.
1297 1481 1328 1507 A.
1389 1490 1406 1508 2
1419 1491 1444 1516 p.
1453 1484 1487 1514 69
1512 1482 1617 1508 Tribus
1631 1483 1717 1509 modis
1732 1492 1800 1509 vxor
1813 1484 1975 1518 habebatur,
1994 1487 2057 1519 vsu,
2076 1486 2165 1520 farre,
2183 1487 2342 1514 co'e'intione.
2431 1493 2439 1497 “

292 1524 355 1547 1,11.
427 1514 464 1541 Id.
479 1515 510 1541 de
526 1515 561 1541 N.
575 1515 606 1540 D.
621 1523 649 1546 3,
669 1519 695 1545 83
731 1514 885 1547 Dionyfius‚
905 1515 936 1541 de
950 1524 1004 1549 quo
1017 1521 1076 1541 ante
1089 1514 1159 1547 dixi3
1195 1524 1277 1550 quum
1290 1516 1328 1542 fa·
1428 1523 1477 1543 FA
1487 1523 1507 1542 R
1517 1524 1535 1543 R
1545 1524 1565 1543 A
1576 1523 1592 1543 C
1607 1522 1624 1543 Ε
1635 1524 1691 1551 VS,
1716 1519 1757 1544 vel
1779 1524 1795 1544 F
1806 1526 1853 1554 AR
1864 1527 1882 1546 R
1892 1528 1913 1547 A
1923 1527 2022 1553 eivs,
2047 1530 2076 1553 a,
2097 1531 2151 1548 um.
2188 1520 2248 1548 Adi.
2304 1522 2408 1557 [ζειαψὶς

290 1560 354 1577 num
368 1551 534 1584 Proserpinae
550 1550 641 1576 Locris
656 1550 690 1575 Ex
713 1549 836 1582 namnet,
861 1558 905 1576 etc.
973 1551 1023 1576 Pro
1037 1550 1105 1577 fanis
1117 1557 1197 1585 atque
1210 1550 1329 1578 delubris
1389 1553 1528 1579 Farraceus
1542 1552 1630 1585 pollen
1660 1553 1726 1579 Plin.
1740 1562 1784 1586 24,
1797 1562 1822 1589 7.
1915 1556 1991 1591 Segcs
2007 1557 2123 1583 farracea
2148 1557 2225 1583 Varr.
2239 1556 2347 1590 deR.R.
2361 1567 2381 1591 1,
2393 1566 2428 1591 31,

292 1594 457 1620 propugnare
493 1585 529 1612 Id.
546 1594 594 1619 pro
611 1586 640 1611 C.
655 1586 692 1611 Ra
713 1585 745 1611 ir.
759 1593 798 1617 3ο.
868 1585 961 1613 Sistere
985 1586 1044 1612 fana
1065 1595 1124 1612 cum
1144 1587 1173 1613 in
1188 1586 1254 1613 vrbe
1267 1596 1326 1613 con·
1389 1595 1411 1621 ς.
1446 1586 1490 1613 vbi
1500 1587 1612 1614 farracia
1625 1597 1714 1625 magno
1727 1589 1839 1626 confimfiae
1852 1590 1954 1626 legitur.
2350 1595 2352 1597 ’
2415 1596 2419 1599 ’

292 1622 374 1647 denda
389 1620 627 1654 dicitur,lignificat
639 1620 695 1646 loca
707 1621 735 1646 in
747 1620 845 1654 oppido
860 1621 1012 1648 futurorum
1025 1621 1147 1648 fanorum
1159 1622 1316 1649 constituere
1325 1627 1371 1652 :40
1424 1628 1441 1648 F
1450 1629 1500 1649 AR
1510 1629 1559 1649 RA
1569 1630 1588 1649 R
1597 1630 1606 1649 1
1616 1630 1636 1649 v
1645 1630 1674 1656 S,
1694 1632 1723 1654 a,
1740 1633 1795 1650 um.
1831 1625 1892 1653 Adi.
1929 1626 2052 1653 Scaeuola
2064 1626 2091 1653 in
2105 1627 2123 1653 l.
2138 1626 2266 1654 Defuneta
2277 1627 2309 1654 D.
2325 1626 2357 1654 de
2369 1627 2428 1654 vsu.

291 1656 364 1691 quod
384 1655 511 1682 Antistius
528 1655 617 1682 Labeo
635 1656 672 1681 ait
695 1670 738 1675 —-
759 1655 819 1682 fana
837 1656 921 1683 sistere
940 1657 988 1683 effe
1000 1657 1158 1684 lectisternia
1173 1658 1250 1685 certis
1264 1657 1330 1684 locis
1390 1657 1495 1689 fructu,
1515 1658 1672 1693 Sempronio
1698 1659 1734 1686 do
1755 1659 1815 1695 lego
1836 1668 1868 1686 ex
1890 1662 1978 1689 reditu
1999 1662 2116 1689 fruetum
2134 1662 2233 1690 holeris
2251 1669 2277 1690 et
2289 1662 2431 1697 porrinaeJ

291 1698 317 1719 et
332 1693 380 1718 DIs
394 1691 498 1718 habere.
569 1692 654 1726 Itaque
666 1697 708 1716 aut
718 1697 857 1726 perpetuam
871 1693 921 1718 loco
935 1693 1078 1752 relligionem
1096 1696 1218 1728 imponere
1229 1692 1330 1729 fignifi-
1391 1702 1471 1728 quem
1491 1693 1577 1720 habeo
1599 1695 1629 1720 in
1647 1703 1711 1729 agro
1732 1695 1863 1729 fari-arie,
1891 1704 1992 1731 partem
2016 1698 2124 1725 sextam.
2196 1698 2293 1726 Fistula
2308 1697 2429 1724 vfari-aria

290 1733 332 1754 cat
345 1737 354 1755 ,⁵
397 1734 456 1757 aut,
487 1732 566 1752 certae
592 1725 660 1751 modo
681 1728 841 1751 caem'moniae
857 1733 964 1762 pcragcn
985 1736 1012 1752 ae
1040 1727 1111 1762 caufiz
1120 1747 1128 1759 ,
1164 1730 1329 1763 temporalem.
1391 1730 1458 1755 Cato
1471 1729 1503 1755 de
1517 1731 1547 1756 R.
1556 1731 1585 1755 R.
1600 1739 1621 1755 c.
1631 1738 1670 1762 10,
1683 1739 1704 1762 3.
1745 1731 1804 1758 Vid.
1826 1737 1843 1757 F
1854 1739 1863 1758 1
1874 1739 1887 1759 s
1901 1739 1924 1759 ’.Γ
1934 1741 1956 1760 ν
1965 1741 1981 1760 L
1990 1741 2022 1761 Α.

289 1763 375 1789 Fanus
390 1765 462 1787 ctiam
475 1761 548 1796 masc.
561 1759 626 1787 rusi.-
640 1761 691 1787 dici
704 1761 830 1786 contendit
848 1761 880 1795 IJ]
902 1761 964 1794 lfoſji
982 1762 1015 1787 ad
1027 1763 1124 1788 Melam
1134 1770 1168 1796 >p.
1184 1771 1246 1796 147,
1271 1766 1329 1797 quia
1426 1770 1583 1790 FARRAR
1594 1772 1602 1790 1
1614 1771 1632 1789 v
1642 1771 1667 1790 Μ
1677 1784 1686 1797 ,
1704 1766 1722 1791 i.
1743 1775 1770 1792 n.
1811 1767 1917 1794 Vitruu.
1930 1771 1957 1802 6,
1970 1778 1987 1802 9
2017 1769 2135 1801 Horrea,
2155 1769 2282 1801 foenilia,
2302 1764 2436 1795 fai-raria'

288 1800 316 1822 in
330 1796 405 1830 ipstzcs
419 1796 584 1830 antiquiffimo
599 1796 657 1822 Cod.
682 1795 737 1822 Cic.
751 1795 783 1821 de
796 1796 832 1822 N.
848 1797 878 1822 D.
893 1805 921 1829 3,
934 1800 968 1828 46
988 1805 1009 1822 c.
1024 1802 1048 1825 18
1066 1798 1179 1832 legatur,
1204 1797 1367 1829 Eumeni-43
1387 1797 1497 1831 pistrina
1516 1798 1643 1824 facienda.

288 1832 352 1857 dum
368 1830 478 1856 Athenis
492 1831 567 1855 fanus
582 1831 626 1856 est.
684 1831 731 1857 Sea
741 1840 808 1856 nemo
819 1834 870 1857 eius
882 1834 1001 1857 rationem
1019 1831 1113 1859 hahuit.
1426 1838 1443 1858 F
1453 1840 1475 1859 A
1486 1840 1505 1859 R
1514 1840 1533 1860 R
1544 1839 1560 1858 E
1569 1841 1590 1859 A
1599 1840 1617 1859 R
1626 1841 1634 1859 1
1644 1839 1703 1866 Vs,
1721 1841 1749 1865 a,
1767 1843 1820 1861 um.
1856 1835 1916 1863 Adi.
1951 1837 2039 1865 Pilum
2052 1838 2211 1865 farrearium
2235 1839 2301 1865 Cato
2315 1838 2347 1865 de
2358 1839 2388 1864 R.
2397 1839 2430 1865 R.

322 1872 338 1892 F
348 1873 368 1892 A
379 1873 399 1890 Ν
409 1872 428 1890 Α
438 1872 470 1895 E,
497 1865 538 1890 vel
554 1868 626 1890 etiam
646 1871 692 1890 ΡΑ
703 1871 725 1890 Ν
736 1872 815 1891 TVA
826 1872 858 1898 E,
883 1868 948 1891 Deae
961 1867 1032 1901 sunt.
1093 1868 1171 1893 Mart.
1195 1867 1292 1901 Capell.
1314 1876 1326 1893 2
1390 1876 1411 1893 c.
1426 1876 1464 1900 io,
1482 1875 1503 1900 5.
1538 1872 1565 1894 in
1579 1877 1624 1904 quo
1638 1869 1688 1894 Far
1695 1868 1814 1904 pinsitur.
2430 1889 2440 1902 -.

288 1910 314 1936 p.
331 1910 358 1933 4¹
383 1900 474 1932 Fami,
494 1899 645 1932 Fatuaeque
659 1899 700 1924 vel
716 1900 847 1931 Fantuae,
864 1900 906 1925 vel
920 1901 1000 1926 etiam
1014 1902 1107 1930 Fanae,
1125 1902 1245 1934 aquibus
1259 1904 1327 1928 Fana
1426 1908 1443 1927 F
1453 1909 1503 1928 AR
1513 1910 1531 1929 R
1541 1910 1585 1929 Ev
1595 1911 1623 1934 s,
1641 1913 1670 1934 a,
1688 1913 1742 1929 um.
1778 1905 1839 1931 Adi.
1876 1905 1998 1940 [g‘aerro's]
2034 1908 2144 1934 Farreus
2157 1908 2231 1942 panis
2256 1908 2389 1935 Columel.
2403 1911 2433 1943 75⁴

290 1936 360 1962 dieta
384 1936 458 1967 sunt,
485 1934 557 1969 quod
577 1934 675 1960 soleant
696 1933 825 1960 diuinare.
868 1934 974 1961 Videtur
988 1938 1069 1970 e'gitur
1087 1936 1144 1962 olim
1162 1935 1243 1970 suiffi*
1265 1936 1328 1962 Adi.
1391 1944 1433 1967 12,
1458 1944 1494 1962 io.
1590 1939 1694 1964 Mensae
1714 1938 1816 1965 fan-eae
1855 1940 1919 1966 Aur.
1941 1941 2012 1966 Viet.
2035 1942 2066 1968 de
2090 1943 2166 1975 Oria.
2189 1949 2258 1976 gent.
2274 1944 2351 1970 Rom.
2365 1952 2403 1976 io,
2415 1944 2429 1976 ς’

289 1973 372 1998 Fanus
381 1991 387 1999 .
408 1981 421 1997 a
431 1992 438 2003 ,
459 1979 513 1996 um.
549 1976 577 1996 ve
589 1970 634 1995 Gr.
648 1968 730 2002 φωνάς.
1339 1975 1370 2002 ςο
1391 1970 1483 1997 Crusta
1497 1970 1528 1997 tle
1541 1970 1635 1998 farreis
1649 1972 1750 1997 mensis.
1820 1975 1851 2000 Et
1864 1983 1884 1999 c.
1894 1983 1921 2000 12
1932 1981 1972 2009 pr.
1996 1975 2082 2002 Orbes
2094 1977 2190 2003 fai-rei:
2210 1978 2344 2014 defabula‚
2357 1976 2436 2015 quani‘

325 2013 340 2034 F
350 2015 370 2033 A
381 2014 400 2032 Ν
411 2014 430 2032 o
439 2014 456 2032 R
465 2026 472 2037 ‚
492 2005 540 2032 ari.
596 2006 671 2031 Varr.
685 2005 752 2032 Li..
766 2011 788 2037 ς,
803 2012 820 2038 7
833 2013 857 2038 p.
867 2012 909 2038 54,
922 2013 950 2035 32
975 2004 1087 2031 Herculi
1100 2005 1208 2031 decuma
1222 2004 1280 2031 data
1293 2004 1326 2031 ab
1388 2006 1473 2032 videre
1485 2006 1543 2032 licet
1557 2010 1630 2033 etiam
1644 2007 1718 2041 Virg.
1731 2008 1795 2034 Aen.
1808 2017 1820 2041 3
1829 2029 1837 2040 ,
1850 2017 1904 2043 ²57·
1925 2017 1948 2035 et
1960 2017 1987 2044 7,
2002 2019 2053 2045 ¹14-
2433 2032 2436 2036 .

289 2052 321 2069 eo
336 2043 386 2072 est,
407 2041 477 2077 quod
492 2040 619 2068 sacrificio
633 2040 747 2074 quodam
766 2040 884 2071 sanatur,
911 2040 938 2065 id
952 2039 1004 2071 est,
1030 2046 1058 2067 vt
1077 2040 1133 2067 fani
1153 2041 1177 2067 le
1196 2050 1210 2066 e
1228 2041 1272 2071 fit,
1299 2040 1327 2067 id
1426 2047 1622 2068 FARREVM
1636 2062 1644 2074 ,
1664 2043 1684 2069 i.
1706 2051 1733 2068 n.
1770 2043 1893 2079 [g'emriv]
1930 2045 2018 2073 Genus
2029 2046 2080 2074 libi
2094 2056 2124 2074 ex
2139 2047 2327 2080 farrefaehum
2345 2051 2430 2085 inquit

289 2079 396 2104 dicitur.
468 2079 560 2103 Melius
568 2083 630 2111 puto
645 2076 740 2110 Sciopp.
753 2083 813 2109 p.91
831 2081 859 2101 vt
867 2075 934 2102 t‘.l.s.
949 2075 1056 2107 dicitur,
1069 2075 1150 2109 omzſjb
1164 2077 1173 2102 i
1194 2096 1199 2102 .
1255 2077 1327 2102 Mae·
1390 2076 1455 2103 Fest.
1526 2077 1592 2103 Plin.
1607 2083 1648 2109 ιε,
1665 2087 1678 2110 3
1705 2079 1777 2111 Qun
1792 2086 1817 2105 et
1832 2081 1859 2105 in
1873 2081 1949 2107 sacris
1966 2081 2036 2108 nihil
2049 2083 2428 2117 religiolinsronfarreationis
2458 2086 2470 2110 ’ἱ

289 2114 385 2139 cenatis
398 2113 472 2139 verba
484 2112 614 2148 insolentia
629 2111 764 2142 inuoluta,
788 2110 910 2136 licentiae
923 2110 1000 2144 plena
1014 2111 1125 2146 rqferens
1139 2112 1234 2137 Seneca
1247 2111 1327 2145 Epist.
1389 2111 1500 2138 vinculo
1524 2118 1601 2139 erat:
1634 2121 1774 2148 nonaeque
1795 2121 1891 2150 nuptae
1914 2115 2029 2144 farreum
2054 2119 2246 2153 praeferebant.
2298 2124 2301 2126 ’
2322 2119 2427 2152 Festus,
2458 2126 2461 2155 ,’

289 2157 332 2181 ¹¹4
355 2158 383 2174 ex
397 2150 440 2175 vul
457 2155 498 2174 ata
513 2144 614 2174 leffione
627 2149 699 2173 ctiam
713 2147 770 2172 haec
786 2146 872 2178 habet,
901 2146 1050 2180 Incipitque
1070 2146 1213 2179 suspirans,
1232 2152 1260 2172 vt
1274 2155 1327 2172 cer·
1342 2151 1370 2178 53
1388 2147 1525 2173 Horreum
1537 2148 1640 2182 antiqui
1654 2148 1776 2176 dicebant
1789 2151 1914 2177 Farreum
1928 2161 1943 2178 a
1956 2153 2043 2180 Farre.
2098 2156 2151 2181 Nec
2167 2155 2272 2191 insolens
2294 2153 2327 2189 gs}
2344 2157 2427 2182 litera-

289 2185 350 2210 vice
363 2184 419 2210 laxa
445 2188 542 2210 eratur.
614 2181 711 2216 LlPfiM
727 2184 829 2207 coniicit
848 2191 877 2207 ex
895 2179 951 2207 [eff.
966 2180 1024 2214 Mffi
1043 2181 1179 2211 sanantur,
1199 2181 1326 2216 legendum
1389 2191 1444 2209 rum
1458 2182 1477 2207 F
1496 2188 1519 2207 ct
1533 2183 1558 2208 H
1566 2187 1718 2218 permutatio
1730 2194 1737 2208 ι
1773 2192 1797 2211 et
1809 2187 1830 2211 A
1844 2189 1871 2211 in
1890 2187 1914 2212 O
1923 2187 2006 2221 facile
2021 2193 2132 2216 trann're
2162 2194 2234 2217 otuit.
2388 2198 2391 2201 ³
2416 2192 2422 2215 ἰ
2457 2161 2462 2219 i

289 2220 408 2246 fanatur:
442 2226 463 2244 et
474 2225 558 2253 putat,
578 2217 664 2243 fanari
678 2215 719 2249 effi·
726 2217 834 2252 furere,
853 2216 978 2252 insanire,
990 2225 1004 2242 a
1013 2225 1058 2251 quo
1072 2215 1194 2249 diHifint
1202 2216 1327 2242 Fanatici.
1426 2222 1444 2242 F
1455 2223 1477 2243 A
1486 2223 1504 2242 R
1514 2223 1532 2242 R
1542 2223 1575 2242 ιε
1585 2223 1604 2243 ν
1613 2225 1630 2243 L
1639 2225 1659 2243 v
1670 2225 1695 2244 M
1706 2238 1712 2249 ‚
1732 2219 1751 2244 i.
1781 2229 1807 2247 n.
1855 2221 1956 2249 Dimin.
2007 2224 2101 2251 Pallad.
2114 2225 2138 2251 O
2166 2225 2210 2252 ob.
2225 2232 2245 2252 t.
2255 2233 2279 2251 21
2306 2224 2343 2252 Ex
2355 2221 2426 2255 noiib'
2470 2226 2475 2251 ζ

325 2260 341 2280 F
352 2261 372 2280 A
383 2260 405 2279 N
414 2260 434 2280 A
444 2261 464 2280 Τ
474 2262 483 2279 1
496 2260 512 2280 C
525 2261 543 2278 v
556 2259 567 2277 S
577 2275 585 2286 ‚
600 2261 630 2284 a,
650 2261 703 2278 um.
738 2251 798 2278 Adi.
840 2253 852 2286 [
860 2251 1010 2287 θεόληπτος,
1029 2252 1111 2282 ᾔθεος,
1130 2251 1324 2287 θεοφορέμενος]
1387 2251 1480 2278 tritico
1493 2258 1603 2286 purgato
1617 2253 1775 2280 farriculum
1794 2255 1881 2282 facies.
2364 2279 2366 2281 .
2396 2254 2421 2283 a).

288 2290 406 2316 Fanatici
419 2291 475 2315 olim
489 2287 552 2314 desti
559 2289 620 2322 Jimt
636 2288 752 2312 Homines
766 2290 862 2312 numine
875 2286 971 2320 afflati,
990 2290 1034 2322 qui
1049 2287 1121 2313 verbo
1133 2288 1224 2314 Graeco
1239 2287 1327 2313 Enthei
1423 2292 1441 2313 1³
1451 2293 1500 2313 AR
1509 2294 1527 2313 R
1536 2294 1552 2314 Ε
1561 2294 1579 2313 O
1589 2308 1597 2320 ,
1616 2292 1668 2315 are.
1710 2292 1737 2315 in
1751 2289 1811 2324 Dig.
1849 2310 1856 2317 .
1894 2311 1900 2317 .
2357 2288 2368 2323 ¹J
2380 2289 2387 2308 '-
2396 2295 2416 2326 ἡ(

289 2325 423 2357 &lemnum
441 2331 463 2350 et
482 2323 707 2358 Theophorummi,
724 2322 788 2357 quod
798 2331 846 2348 non
857 2321 905 2356 sua
912 2322 1014 2357 sponte,
1027 2321 1075 2358 fid
1087 2322 1173 2348 diuino
1187 2322 1326 2357 numinefe-
1333 2327 1367 2352 60
1424 2328 1440 2348 F
1451 2329 1525 2348 ARR
1538 2329 1555 2349 E
1566 2329 1685 2357 ATVS,
1705 2333 1733 2355 a,
1754 2334 1809 2352 um.
1846 2330 1872 2352 in
1886 2327 1952 2354 Cod.
1989 2348 1996 2354 .
2035 2348 2042 2355 .
2209 2353 2213 2357 ,
2272 2354 2275 2359 ,
2466 2339 2473 2358 ,’

287 2367 386 2387 rantur.
441 2358 581 2386 Cuiunnodi
595 2358 681 2384 Cicmea
696 2357 787 2391 Sibylla
800 2366 815 2382 a
828 2357 902 2391 Virg.
916 2358 980 2382 Aen.
993 2359 1023 2387 6,
1035 2360 1070 2390 46
1088 2357 1252 2393 describitur,
1274 2358 1326 2384 Cui
1424 2362 1441 2383 F
1451 2365 1474 2384 A
1483 2364 1501 2384 R
1511 2365 1529 2384 R
1538 2365 1583 2385 EA
1593 2365 1614 2385 Τ
1624 2366 1632 2384 1
1643 2367 1661 2386 ο
1671 2379 1679 2391 ,
1699 2360 1764 2387 anis.
1784 2361 1804 2387 f.
1840 2362 1852 2395 [
1860 2361 1990 2396 ζαασμᾰς]
2034 2365 2114 2389 Genus
2121 2361 2260 2398 sacrificii,
2277 2365 2344 2400 quod
2344 2363 2424 2400 fiebat
2458 2379 2459 2383 =

288 2396 350 2422 talia
366 2395 433 2421 fanti
460 2396 526 2420 Ante
541 2394 610 2420 fores
630 2393 717 2419 subito
732 2401 784 2417 nou
797 2392 901 2424 vultus,
927 2401 980 2418 non
995 2393 1070 2419 color
1087 2401 1169 2427 vitus,
1191 2399 1235 2420 etc.
1288 2394 1327 2420 De
1390 2402 1402 2419 ε
1414 2392 1502 2419 farreo
1516 2394 1574 2426 libo,
1604 2397 1681 2421 uotics
1693 2402 1784 2430 nuptae
1797 2396 1944 2423 ducebantur
1963 2402 1991 2423 in
2009 2400 2133 2433 tenplum.
2192 2399 2259 2425 Haec
2271 2402 2343 2427 etiam
2353 2400 2421 2427 (ἰοει-
2458 2399 2461 2424 ἰ

287 2432 433 2465 etymologia
450 2441 464 2455 a
484 2431 554 2456 Fano
573 2432 600 2455 in
620 2429 666 2454 hac
690 2428 744 2463 ipsa
766 2436 822 2453 voce
834 2427 904 2463 Jatis
924 2426 1027 2454 dmum.
1095 2429 1175 2455 Error
1200 2428 1328 2455 fanaticus
1388 2428 1515 2455 farreatio
1527 2403 1660 2456 dicebatur.
1719 2431 1776 2458 Via.
1797 2438 1813 2458 C
1824 2438 1843 2458 O
1855 2440 1875 2458 N
1886 2439 1902 2458 F
1912 2440 1931 2459 A
1942 2439 1960 2458 R
1970 2440 1988 2459 R
1997 2440 2044 2460 EA
2053 2440 2128 2460 TIO.
2320 2438 2323 2442 '

289 2468 356 2493 Hor.
372 2466 402 2491 A.
416 2466 441 2491 P.
456 2473 511 2498 453.
583 2465 675 2490 quen.
691 2463 740 2489 Sat.
754 2472 777 2495 2,
791 2471 827 2495 113
861 2463 889 2488 de
897 2463 993 2496 Cybeles
1001 2463 1094 2498 sacris,
1107 2465 1187 2490 Crine
1201 2465 1276 2490 senex
1291 2464 1327 2490 fa-
1425 2470 1473 2490 FA
1483 2471 1527 2491 RR
1537 2472 1583 2492 EA
1594 2472 1616 2492 T
1629 2471 1649 2492 O
1662 2472 1697 2498 R,
1716 2467 1780 2493 orie.
1800 2477 1834 2494 m.
1870 2470 1897 2494 in
1910 2467 1977 2495 Cod.
2015 2489 2021 2495 .
2061 2489 2067 2495 .

288 2502 387 2527 naticus
401 2500 462 2526 albo
493 2501 631 2525 Sacrorum
645 2498 757 2524 antistes.
847 2498 934 2524 Furor
946 2498 1074 2524 fanaticus
1104 2499 1174 2525 Flor.
1195 2508 1207 2531 3
1216 2520 1224 2531 ,
1240 2508 1283 2532 19,
1299 2509 1327 2532 4.
1339 2502 1371 2535 65
1405 2533 1411 2539 ·
1424 2505 1441 2525 F
1450 2507 1469 2525 A
1478 2506 1497 2526 R
1507 2507 1525 2526 R
1535 2507 1555 2527 A
1566 2507 1585 2527 G
1594 2508 1603 2526 ι
1614 2508 1636 2527 N
1646 2508 1666 2527 A
1677 2508 1695 2527 R
1706 2508 1713 2526 1
1724 2509 1744 2528 A
1754 2522 1763 2534 ,
1783 2511 1871 2529 orum.
1892 2513 1917 2530 n.
1939 2505 1976 2530 Pl.
2011 2504 2144 2532 Columel.
2155 2513 2187 2537 ιι,
2195 2513 2219 2537 2,
2229 2511 2258 2539 71
2277 2503 2426 2538 Farragina-

288 2537 414 2569 simulatus
426 2535 456 2561 ab
474 2537 555 2565 Euno,
579 2534 641 2560 dum
661 2533 750 2565 Syriae
769 2533 840 2559 Deae
857 2541 943 2559 comas
963 2533 1051 2559 iactat.
1122 2536 1160 2560 De
1179 2535 1224 2561 hoc
1242 2544 1327 2570 genere
1388 2542 1429 2560 tia
1443 2544 1550 2570 quoque
1564 2536 1654 2570 pecori
1666 2536 1815 2571 futuraper
1828 2538 1944 2565 hiemem
1956 2539 2095 2573 praesidio.
2147 2539 2196 2568 Sed
2211 2541 2279 2567 locus
2298 2545 2428 2575 corruptus

289 2571 424 2605 Lamprid.
439 2571 544 2604 Heliog.
557 2578 574 2604 7
607 2568 718 2596 laetanit
735 2574 823 2594 autem
846 2574 921 2601 caput
943 2568 1013 2594 inter
1035 2569 1164 2602 praecisos
1188 2569 1324 2596 fanaticos.
1387 2570 1496 2602 videtur,
1508 2572 1678 2608 legendumque
1685 2572 1864 2607 Farraginem.
2432 2579 2439 2590 ’

289 2609 331 2635 Sic
342 2607 417 2633 Prud.
433 2606 519 2633 Perist.
535 2608 593 2632 1061
614 2605 750 2631 Farraticus
756 2602 905 2638 simpliciter
913 2610 963 2638 pro
978 2602 1326 2639 Cybelesfizcerdotcponitur.
1429 2610 1446 2630 F
1456 2612 1530 2631 ARR
1541 2608 1562 2632 Ᾱ
1571 2614 1590 2633 G
1601 2614 1635 2638 o,
1656 2608 1715 2634 inis.
1743 2608 1762 2634 f.
1818 2611 1846 2635 A
1861 2609 1955 2639 Farre;
1992 2607 2026 2642 est
2041 2609 2088 2642 Id,
2101 2609 2168 2645 quod
2179 2619 2208 2636 ex
2220 2609 2342 2644 pluribus
2354 2609 2428 2642 satis,

288 2642 406 2669 ,quenaL
421 2651 447 2674 4,
461 2649 499 2672 123
526 2642 560 2666 Vt
571 2640 714 2671 fanaticus,
729 2639 816 2666 oestro
830 2639 975 2671 Pereuss'us,
992 2638 1115 2671 Bellona,
1132 2644 1193 2669 tuo,
1213 2640 1326 2665 diuinat.
1388 2638 1479 2672 pabuli
1491 2642 1571 2667 causa»
1578 2642 1655 2667 datur
1668 2642 1810 2676 iumentis,
1826 2651 1856 2670 vt
1867 2647 1905 2669 air
1917 2644 2015 2670 Festus.
2084 2646 2161 2672 Varr.
2176 2645 2207 2671 de
2220 2646 2250 2672 R.
2266 2646 2297 2672 R.
2310 2654 2336 2677 i,
2354 2654 2405 2677 31,‘
2424 2644 2434 2649 “’

290 2678 365 2711 Conf.
381 2676 501 2703 Brouckh.
513 2675 546 2702 ad
553 2674 621 2700 Tib.
636 2683 656 2705 1,
669 2682 695 2707 7,
709 2683 742 2706 ςι.
815 2674 876 2709 Leg.
892 2683 901 2700 1
916 2672 940 2710 §.
956 2683 984 2700 io
1006 2675 1036 2700 D.
1050 2673 1081 2700 de
1094 2674 1207 2701 Acdilic.
1235 2674 1369 2708 Edicto'zo
1388 2675 1426 2700 Ex
1438 2675 1537 2709 segete,
1557 2675 1604 2702 vbi
1618 2676 1669 2702 sata
1683 2677 1798 2704 admixta
1811 2678 1922 2705 ordeum
1934 2686 1960 2705 et
1971 2679 2041 2706 vicia
2050 2700 2059 2712 ,
2076 2685 2101 2706 et
2115 2680 2247 2714 legumina
2258 2681 2348 2715 pabuli
2355 2681 2419 2707 caus

292 2709 426 2740 Fariaticus
441 2711 491 2743 est,
511 2710 557 2745 qui
571 2710 640 2735 circa
654 2709 713 2734 fana
725 2708 845 2735 bacchari
859 2709 938 2739 solet,
959 2716 984 2735 et
998 2709 1068 2743 quasi
1089 2709 1195 2736 demens
1208 2711 1329 2744 responsa
1388 2709 1504 2743 viridia,
1530 2711 1601 2745 quod
1616 2712 1688 2738 ferro
1701 2713 1787 2745 caesa,
1812 2713 1917 2749 farrago
1943 2715 2023 2748 (MS,
2038 2715 2164 2750 ferrugo)
2182 2715 2268 2749 dista,
2293 2722 2337 2743 ant
2355 2725 2409 2750 quo

293 2748 345 2775 dat.
416 2746 475 2773 Liu.
488 2754 528 2778 39,
543 2750 567 2774 ¹8
594 2744 621 2770 de
636 2743 829 2771 Bacchanalibus
841 2745 953 2778 loquens,
972 2745 1050 2770 Viros
1062 2745 1133 2771 velut
1142 2751 1228 2771 mente
1242 2752 1330 2780 captos
1391 2746 1507 2779 primum
1522 2746 1550 2773 in
1563 2747 1673 2774 tarracia
1684 2748 1768 2782 segete
1782 2749 1834 2775 seri
1847 2755 1978 2784 coeptum.
2033 2751 2067 2777 Ea
2080 2751 2142 2785 equi
2155 2757 2180 2778 et
2197 2752 2312 2778 iumenta
2329 2759 2413 2779 caeter

291 2792 351 2809 cum
366 2782 506 2809 iactatione
519 2780 629 2806 fanatica
642 2779 761 2813 corporis
774 2778 923 2805 vaticinari.
993 2779 1030 2805 ld.
1045 2784 1088 2811 38,
1104 2785 1137 2810 18.
1167 2787 1191 2806 et
1204 2789 1238 2813 4,
1250 2790 1275 2813 33
1286 2788 1329 2816 pr.
1391 2789 1474 2807 verno
1488 2788 1606 2816 tempore
1625 2790 1769 2817 purgantur
1787 2790 1813 2811 et
1832 2784 1991 2819 saginantur.
2047 2787 2088 2814 Sic
2105 2787 2244 2823 legendum,
2268 2785 2349 2819 omiffi)
2370 2787 2429 2820 fai-‚¹

292 2817 422 2851 Qiine‘til.
434 2826 465 2849 11,
479 2825 506 2848 3,
520 2823 549 2850 71
578 2816 710 2849 Frequens
723 2814 801 2839 etiam
815 2814 908 2848 capitis
919 2819 995 2840 nutus
1009 2823 1062 2840 non
1075 2822 1144 2841 caret
1156 2815 1226 2842 vitio
1235 2836 1242 2848 ‚
1263 2818 1329 2843 adeo
1390 2816 1454 2850 quod
1464 2824 1522 2842 ante
1534 2827 1614 2843 vocem
1628 2818 1701 2845 ferro
1712 2822 1850 2854 importune
1861 2821 1978 2855 adhaesit.
2048 2822 2201 2856 Ferragiues
2212 2821 2336 2857 stribitur
2355 2825 2441 2854 ceiam.

291 2860 368 2888 caput
381 2852 487 2881 iactare.
495 2857 521 2877 et
533 2859 618 2877 comas
631 2850 805 2876 excutientem
818 2856 920 2881 rotare,
940 2849 1083 2875 fanaticum
1095 2850 1139 2877 est.
1212 2852 1329 2878 Fanatici
1340 2857 1372 2885 75
1391 2852 1483 2885 Veget.
1497 2852 1609 2878 Mulom.
1625 2861 1652 2884 1,
1667 2855 1713 2886 56,
1736 2857 1772 2881 26
1801 2858 1867 2891 quasi
1890 2857 1998 2891 probata
2029 2858 2152 2884 Varronis
2173 2857 2318 2892 conavi->gia
2330 2851 2445 2893 primns

291 2888 446 2922 Philosophi
475 2887 530 2913 Cic.
550 2887 581 2912 de
602 2886 693 2911 Diuin.
712 2893 741 2915 2,
762 2890 808 2914 1¹8-
878 2884 916 2911 Id.
931 2893 984 2924 pro·
993 2885 1080 2911 Domo
1094 2893 1135 2918 103
1150 2894 1172 2911 c.
1185 2888 1219 2912 60
1254 2887 1328 2919 Qud
1391 2886 1429 2912 Id.
1439 2887 1524 2925 Varro
1533 2895 1557 2917 2,
1566 2895 1592 2921 7,
1607 2896 1630 2920 ¹3
1648 2888 1760 2925 deequis,
1770 2891 1827 2917 Post
1834 2892 1944 2919 trimum
1956 2907 2002 2912 —
2012 2893 2117 2926 farrago
2124 2891 2180 2917 dari
2190 2891 2268 2918 solet:
2285 2892 2348 2919 haec
2355 2893 2442 2922 enim'

291 2924 344 2952 tibi
358 2924 454 2950 necesse
468 2923 520 2949 fuit
534 2921 599 2948 anili
613 2920 794 2955 superstitione
809 2920 890 2946 homo
906 2921 1034 2953 fanatice,
1055 2921 1227 2951 sacrificium,
1247 2922 1329 2956 quod,
1389 2929 1511 2956 purgatio
1525 2924 1641 2949 maxime
1655 2926 1792 2952 necessaria
1804 2927 1903 2961 equino
1919 2927 2017 2961 pecori.
2091 2927 2155 2952 Hinc
2165 2926 2314 2954 Nemcflan.
2328 2930 2427 2963 cyncg.

292 2966 339 2987 etc.
411 2958 534 2985 Fanatico
548 2957 663 2983 carmine
676 2956 814 2982 vaticinari
844 2956 903 2982 Liu.
918 2961 961 2988 38,
976 2961 1010 2985 18.
1083 2956 1237 2996 Periphrafir
1258 2958 1328 2985 fana·
1393 2962 1435 2988 283
1462 2957 1536 2983 Pasce
1550 2958 1633 2992 igitur
1648 2959 1695 2985 sub
1717 2970 1778 2987 vere
1797 2971 1870 2988 nouo
1887 2961 2019 2995 farragine
2035 2961 2112 2987 molli
2134 2962 2304 2996 cornipedes.
2344 2965 2428 2999 *Qin

291 2996 340 3022 tici
352 2993 384 3025 esi
400 2994 510 3020 Firmici
523 2995 548 3023 6,
565 3001 573 3018 1
596 3002 620 3026 p.
639 3001 661 3024 3ι
699 2992 827 3017 Homines
845 2992 1005 3026 templorum
1022 2990 1157 3026 obsequiis
1177 2992 1330 3027 deputatos,
1392 2993 1466 3025 Virg.
1481 2992 1577 3028 Georg.
1593 3003 1621 3026 3,
1642 3003 1691 3027 205
1721 2997 1797 3023 Tum
1817 2997 1922 3024 demum
1944 2997 2019 3023 craffa
2037 3005 2160 3030 magnum
2181 2997 2313 3032 farragine
2331 3007 2427 3034 corpus

292 3031 340 3065 qui
355 3023 446 3056 latenti
463 3028 611 3054 diuinitatis
631 3027 769 3059 instinctu,
795 3033 897 3053 mutato
916 3027 1012 3053 mentis
1030 3027 1139 3060 ordine,
1167 3034 1193 3054 et
1211 3028 1329 3055 instantis
1339 3033 1371 3058 80
1391 3028 1512 3054 Crescere
1526 3029 1577 3054 iam
1591 3029 1699 3056 domitis
1720 3031 1806 3058 sinito.
1861 3031 1934 3068 Conf.
1954 3033 2044 3065 Veget.
2068 3032 2180 3059 Mulom.
2205 3042 2228 3065 1,
2247 3041 2298 3066 22,
2318 3042 2332 3067 ς
2356 3041 2380 3061 et
2399 3043 2426 3070 7,

293 3065 430 3099 religionis
446 3064 570 3099 potestate
584 3062 694 3098 poffessi,
712 3062 862 3097 petentibus
880 3061 1034 3088 hominibus
1055 3062 1145 3089 futura
1163 3063 1329 3097 praedicant,
1390 3063 1522 3090 Ordeacea
1538 3064 1642 3098 farrago
1655 3063 1688 3097 est
1714 3067 1820 3093 Colum.
1834 3076 1859 3100 2,
1875 3076 1907 3098 ¹1,
1923 3075 1941 3092 1-
1998 3067 2045 3093 0⁰²¹
2066 3086 2071 3092 ·
2090 3067 2108 3094 s·
2122 3072 2144 3097 8·
2179 3071 2209 3094 it.
2227 3078 2258 3099 ¹¹⁵
2273 3078 2305 3102 2,
2322 3078 2376 3103 99c
2402 3077 2427 3097 ²²

292 3107 318 3128 et
331 3102 362 3127 sic
379 3101 430 3127 illis
444 3110 475 3126 ex
489 3099 535 3126 ista
549 3099 749 3125 conuersatione
759 3098 927 3132 quotidianae
941 3098 1011 3124 vitae
1025 3098 1149 3125 alimenta
1161 3106 1329 3133 quaerantur.
1390 3098 1483 3125 Pallad.
1499 3100 1568 3134 Sept.
1582 3105 1603 3130 8,
1618 3108 1636 3126 1.
1708 3102 1821 3137 Farrago
1834 3111 1900 3137 quae
1912 3102 1947 3128 est
1961 3110 1992 3128 ex
2005 3111 2038 3128 or
2057 3111 2090 3128 eo
2118 3103 2221 3130 Colum.
2236 3113 2259 3136 2,
2272 3112 2297 3139 7,
2310 3114 2332 3132 2.
2377 3105 2426 3134 Sed

292 3137 366 3169 Conf-
381 3136 438 3170 Defi
454 3135 556 3161 Hmdd·
574 3134 607 3160 ad
620 3133 721 3160 Amok„
739 3143 764 3167 p,
779 3142 813 3160 21,
886 3132 1031 3167 Gorbufred.
1045 3134 1078 3159 ad
1098 3135 1115 3160 1.
1128 3143 1146 3167 4
1173 3136 1203 3161 C.
1218 3135 1329 3161 Theod.
1390 3134 1456 3161 Plin.
1467 3139 1499 3164 18,
1516 3137 1543 3161 16
1556 3136 1610 3167 [41
1644 3135 1757 3170 Farrago
1771 3146 1801 3163 ex
1816 3137 1984 3163 recrementis
1998 3137 2076 3163 farris
2089 3139 2228 3172 praedensa
2242 3140 2355 3173 seritur,
2371 3141 2427 3168 ‘adz
2444 3167 2447 3170 .

294 3172 325 3198 de
338 3167 428 3199 Male'f.
443 3178 466 3197 ct
479 3170 604 3197 Mathein.
618 3175 656 3202 t.3
672 3179 696 3203 p.
713 3178 767 3196 120.
838 3168 976 3199 Fanadca,
994 3168 1092 3195 dieitur
1112 3169 1200 3197 Arbor
1218 3170 1331 3197 fulmine
1391 3169 1474 3196 mixta
1487 3170 1628 3205 aliquando
1641 3176 1667 3197 et
1681 3172 1759 3198 vicia.
1815 3172 1908 3199 Eadem
1923 3172 1950 3198 in
1965 3172 2055 3200 Africa
2069 3173 2096 3199 fit
2109 3182 2139 3199 ex
2158 3174 2268 3202 hordeo.
2339 3177 2424 3204 Pauuo

292 3207 354 3234 551³,
389 3205 466 3233 Aua,
484 3205 549 3232 pest,
1342 3211 1371 3240 ες
1391 3212 1448 3232 ante
1461 3206 1479 3231 s.
1488 3214 1516 3238 39
1530 3206 1641 3238 dixerat,
1662 3206 1691 3232 Id
1704 3207 1776 3242 quod
1791 3208 1871 3234 secale
1884 3216 1911 3234 ac
1925 3207 2029 3242 farrago
2041 3209 2200 3243 appellatur,
2223 3211 2310 3238 occari
2324 3217 2425 3240 tantum

326 3249 344 3269 F
355 3250 403 3268 AN
414 3250 434 3269 A
445 3248 466 3267 Τ
478 3248 487 3266 ι
499 3248 515 3267 C
524 3247 550 3267 E.
592 3240 659 3267 Adu.
715 3239 827 3266 Absonis
845 3238 989 3266 vlulatibus
1009 3239 1200 3275 constrepentes
1219 3241 1332 3268 fanatice
1392 3240 1528 3267 defiderat.
1598 3242 1629 3267 Et
1643 3247 1684 3273 18,
1696 3250 1712 3277 7
1730 3243 1748 3269 s.
1762 3252 1804 3275 10,
1826 3253 1832 3268 ι
1867 3244 1896 3269 In
1910 3242 1993 3269 tritici
2004 3252 2097 3278 genere
2110 3253 2168 3279 pars
2182 3246 2269 3280 aliqua
2284 3246 2372 3282 pabuli
2388 3247 2425 3275 est

295 3278 431 3311 peruolant
457 3277 534 3312 Apul.
547 3276 611 3303 Met.
625 3281 638 3306 8
658 3285 682 3310 p.
690 3283 746 3308 214.
1392 3276 1591 3311 quadrupedum
1609 3278 1682 3303 causa
1702 3278 1766 3310 sati,
1791 3284 1819 3304 vt
1837 3278 1951 3313 farrago.
2125 3279 2145 3317 ff
2167 3289 2182 3307 2
2219 3282 2287 3308 Hinc
2305 3283 2334 3309 de
2353 3281 2424 3310 viHu

716 3326 719 3327 ν
815 3323 818 3327 ⁴
1390 3312 1505 3344 humano,
1558 3312 1622 3338 Pers.
1637 3321 1659 3344 ς,
1672 3319 1707 3347 77
1731 3314 1818 3348 Vappa
1834 3319 1859 3339 et
1872 3313 1971 3347 lippus,
1991 3320 2016 3341 et
2030 3315 2058 3342 in
2071 3318 2144 3343 tenui
2159 3316 2292 3352 farragine
2303 3317 2424 3346 mendax.
2458 3348 2459 3352 Ἰ

672 3337 694 3367 F
793 3338 819 3368 Λ
915 3336 943 3368 R
1391 3350 1410 3375 i.
1447 3349 1529 3373 Etiam
1547 3349 1574 3372 in
1595 3350 1705 3373 minimis
1725 3349 1793 3374 rebus
1813 3351 1912 3374 muniri
1945 3349 2028 3376 binus.
2213 3351 2234 3391 ff
2259 3363 2270 3385 3
2308 3354 2423 3388 Farrago
2449 3353 2459 3366 ⁴¹

332 3390 350 3410 F
361 3392 381 3411 A
390 3392 408 3412 R
417 3405 425 3417 ,
446 3384 532 3412 farris.
558 3393 585 3410 n.
621 3381 683 3417 [ξέοι
693 3403 700 3414 ,
718 3381 788 3416 ς’ωὶ]
844 3381 920 3417 Apud
934 3388 1035 3409 veteres
1047 3381 1080 3408 de
1091 3382 1200 3408 omnibus
1207 3382 1332 3419 frugibus
1340 3388 1375 3412 90
1390 3385 1465 3408 etiam
1476 3384 1598 3422 accipitur
1607 3389 1656 3418 pro
1675 3392 1812 3419 quacunque
1829 3386 1926 3417 commis
1945 3388 1998 3412 'onem
2071 3387 2161 3413 quen.
2177 3397 2186 3414 i
2195 3407 2202 3419 ,
2221 3390 2252 3418 86
2283 3388 2422 3424 Quidquid
2435 3419 2437 3422 ¹

295 3418 435 3452 dicebatur,
448 3421 520 3455 forte
539 3422 596 3454 quia
615 3419 643 3444 id
662 3418 743 3445 ferret
760 3424 837 3443 terra.
889 3419 958 3444 Certe
974 3425 1089 3453 tanquam
1108 3420 1218 3453 generali
1237 3422 1332 3445 nomine
1390 3423 1472 3457 agunt
1492 3418 1626 3449 hommes,
1644 3424 1752 3458 thum,
1770 3419 1866 3450 timor,
1894 3420 1948 3451 ira,
1972 3421 2107 3456 VOluptfls‚
2135 3423 2250 3456 Gaudia,
2280 3424 2430 3457 dlsfflssffls*
2458 3438 2459 3441 ’

288 3454 396 3489 frugum
407 3459 445 3480 uti
459 3456 516 3487 solet
534 3456 621 3481 Varro
633 3463 690 3489 ug.
705 3453 736 3479 de
749 3453 777 3479 L.
793 3453 823 3478 L.
837 3461 864 3485 4,
879 3461 912 3479 22
930 3463 953 3487 p.
969 3461 1019 3487 27,
1034 3462 1059 3485 3ι
1096 3454 1145 3479 Far
1163 3462 1177 3480 a
1192 3453 1328 3486 faciendo,
1391 3452 1474 3478 nostri
1487 3453 1522 3478 est
1534 3453 1639 3487 farrago
1652 3453 1746 3480 libelli.
1781 3457 1800 3480 i.
1820 3455 1929 3482 Materia
1943 3463 1965 3482 et
1978 3465 2157 3492 argumentum.

296 3488 368 3521 qnod
382 3490 408 3514 in
422 3484 531 3523 pistrino
543 3490 581 3516 fir.
655 3491 686 3516 Et
698 3498 726 3522 4,
741 3496 764 3520 3ι
781 3497 804 3522 p.
819 3496 855 3519 33,
868 3496 899 3519 3ο
925 3489 1011 3514 Falces
1024 3498 1038 3514 a
1053 3489 1157 3520 Farre‚‘
1168 3489 1243 3515 litera
1258 3499 1328 3515 com.
1427 3493 1442 3513 F
1452 3489 1587 3514 ARRAT
1598 3494 1616 3513 v
1627 3495 1656 3518 s,
1674 3497 1705 3520 a,
1724 3497 1778 3515 um.
1815 3488 1874 3515 Adi.
1931 3493 1979 3524 Vt,
1991 3492 2052 3518 Olla
2065 3493 2209 3525 farratmj.
2227 3495 2288 3520 Pais
2299 3497 2326 3520 in
2335 3495 2383 3521 olla
2392 3503 2436 3521 ex·

296 3529 402 3549 mutata.
475 3527 503 3550 Et
515 3525 581 3551 ibid.
596 3534 620 3559 p.
629 3533 671 3558 34,
686 3533 697 3556 3
728 3524 814 3550 Pilum
826 3523 897 3557 quod
913 3533 945 3549 eo
959 3524 1008 3550 Far
1020 3524 1133 3558 pinsuut.
1204 3524 1329 3551 Caeterum
1383 3521 1462 3558 farre
1475 3521 1553 3548 ⁶⁰3⁶·
1624 3523 1689 3549 Pers·
1706 3533 1732 3556 4,
1746 3532 1770 3555 31
1802 3524 1831 3550 Et
1846 3524 1983 3559 sarratam,
2001 3529 2091 3562 pueris
2110 3528 2311 3565 plaudentibus,
2330 3530 2421 3557 ollam.
2435 3527 2440 3535 ‘

296 3567 348 3583 cum
357 3559 448 3593 speciei
462 3569 545 3584 nomen
559 3558 607 3592 est,
627 3560 726 3586 videtur
734 3558 1015 3594 praestantiffimamjiii
1027 3562 1125 3595 generis
1137 3566 1233 3592 notare,
1249 3567 1330 3595 nempe
1339 3565 1371 3592 95
1390 3559 1481 3584 quen.
1493 3557 1542 3583 Sat.
1559 3565 1595 3589 ii,
1610 3565 1656 3589 109
1688 3559 1819 3585 Ponebant
1835 3561 1916 3593 igitur
1927 3563 2019 3589 Tusco
2033 3564 2130 3591 farrata
2141 3564 2228 3591 catino
2243 3565 2340 3592 Omnia
2352 3572 2427 3593 tunc..

296 3592 431 3619 Adoreum
448 3593 495 3619 far.
514 3603 538 3619 υ.
554 3604 578 3620 υ.
669 3596 786 3621 Aceruus
803 3594 894 3628 ingens
913 3594 991 3620 farris
1036 3594 1109 3628 Virg.
1123 3595 1220 3629 Georg.
1235 3604 1259 3627 1,
1281 3601 1328 3628 185.
1389 3593 1441 3619 Hic
1455 3590 1631 3626 Substantiam
1644 3590 1692 3625 (st,
1714 3594 1783 3620 cibus
1797 3597 1917 3631 ιιι-[ανη-

296 3627 395 3655 inubi-a
409 3628 486 3653 farris
510 3628 570 3654 Liu.
583 3638 613 3661 4,
627 3638 659 3661 ις.
730 3630 768 3656 Id.
782 3638 814 3660 2,
829 3638 841 3662 5
854 3636 898 3664 pr.
929 3630 1009 3655 Forte
1028 3629 1067 3655 ibi
1086 3636 1141 3656 tum
1162 3631 1231 3664 seges
1251 3631 1329 3657 farris
1430 3634 1476 3655 FA
1487 3635 1504 3654 R
1514 3629 1557 3654 fN
1569 3634 1589 3653 A
1599 3647 1607 3659 2
1622 3637 1661 3654 ae·
1680 3628 1699 3654 f.
1735 3627 1864 3665 [ιῖλευμν,
1881 3631 2001 3666 ἄλφιτον,
2016 3633 2122 3670 ἆθοὶρα]
2156 3635 2185 3660 A
2195 3634 2245 3661 Far
2258 3635 2366 3669 dicitur,
2378 3642 2435 3672 ap·-

294 3663 391 3689 dicitur
405 3663 478 3688 fuisse
491 3670 591 3688 matura
604 3665 680 3689 meffi.
754 3666 840 3691 Grana
849 3664 926 3691 farris
946 3665 1065 3690 Scribon.
1082 3673 1130 3695 135.
1186 3666 1329 3699 Adoreum,
1384 3664 1538 3699 pellaturque
1550 3664 1628 3689 album
1641 3663 1704 3689 tuuc!
1715 3671 1738 3690 et
1756 3671 1877 3699 teucrum,
1909 3669 1973 3704 quod
1988 3678 2005 3695 a
2018 3669 2095 3704 farre
2115 3672 2280 3704 exprimitur,
2304 3673 2345 3698 vel
2359 3673 2420 3698 mola
2464 3676 2466 3683 ’

294 3698 348 3724 vid.
356 3698 404 3733 Jllb
416 3705 436 3724 A
448 3705 464 3723 D
476 3704 495 3723 o
507 3704 534 3723 R.
605 3699 730 3731 Asperum
754 3701 815 3726 Stat.
828 3700 891 3726 Siln.
901 3710 933 3733 4,
948 3708 979 3732 9,
992 3709 1027 3732 31.
1097 3700 1218 3727 Calidum
1243 3702 1326 3728 Ouid.
1387 3698 1523 3738 vflpfdum
1535 3699 1712 3724 cvtlsulffllivssf
1726 3700 1789 3726 Plin-
1805 3707 1843 3731 ¹8,
1858 3711 1873 3734 9
1903 3703 1973 3730 Nam
1986 3712 2053 3738 quae
2065 3703 2126 3730 ficta
2140 3705 2292 3736 moluntur,
2313 3706 2370 3741 plus
2382 3706 2420 3733 fa-

297 3733 360 3760 Fast,
376 3736 405 3763 6,
425 3741 479 3767 ¹70·
549 3733 725 3766 Campanum,
748 3736 988 3768 praestantinimum
1030 3736 1105 3762 Vax-r,
1121 3736 1152 3762 R,
1170 3737 1200 3763 R,
1215 3745 1224 3762 1
1236 3757 1243 3768 ,
1259 3746 1281 3769 2,
1303 3740 1380 3763 6,100
1388 3742 1463 3760 tinae
1476 3734 1599 3773 reddunt:
1635 3742 1701 3774 quae
1715 3735 1774 3762 salsa
1789 3745 1854 3770 aqna
1869 3739 1962 3772 sparsa,
1970 3739 2147 3765 candidiorem
2161 3740 2311 3772 medullam,
2327 3750 2419 3768 verum

295 3769 392 3795 Canini
405 3768 482 3795 farris
497 3767 583 3793 sordes
597 3768 717 3794 mordere
744 3770 833 3797 quen.
848 3772 897 3798 Sat.
912 3779 938 3803 ς,
953 3779 984 3797 ιι.
1066 3771 1137 3797 Dura
1165 3772 1246 3798 Ouid.
1262 3773 1326 3798 Fast.
1389 3770 1446 3803 plus
1459 3775 1572 3796 retinent
1587 3777 1615 3794 ¹¹¹
1628 3771 1740 3796 fflrfure-
1810 3773 1925 3800 Martial.
1947 3783 1987 3806 13,
2006 3776 2039 3800 62
2070 3775 2183 3802 Pascitur
2201 3782 2227 3802 et
2245 3776 2316 3803 dulci
2335 3777 2419 3803 facilis

294 3806 321 3835 6,
336 3809 387 3833 180.
460 3803 539 3829 Flaua
571 3802 754 3841 Virg3Georg.
770 3813 793 3833 ι,
806 3813 845 3838 73.
916 3805 1060 3833 Laetissima
1079 3806 1198 3838 hyberno
1219 3808 1327 3842 puluere
1389 3804 1484 3844 gallina
1497 3804 1587 3830 farina.
1620 3840 1623 3843 Ι
1671 3805 1750 3832 Ouid.
1764 3807 1797 3833 de
1810 3808 1878 3834 Med.
1893 3809 1970 3835 faciei
1984 3811 2012 3835 61
2045 3809 2114 3835 Nam
2134 3819 2200 3844 quae
2213 3811 2352 3845 puluereae
2365 3812 2418 3838 fue-

292 3839 331 3865 Id.
343 3838 408 3865 ibid.
423 3848 443 3870 1,
458 3847 507 3864 101.
579 3838 715 3863 Modicum
741 3839 808 3866 Pers.
822 3848 849 3871 3,
870 3848 909 3872 23.
979 3842 1053 3869 Pium
1068 3841 1108 3868 sar
1123 3843 1247 3869 dicebatur
1256 3844 1326 3869 Mola
1388 3844 1442 3866 rmt
1456 3839 1562 3864 confuso
1576 3838 1683 3865 farinae.
1755 3843 1884 3869 Auenaria
1899 3844 1999 3876 farina,
2023 3843 2076 3869 vid.
2091 3852 2111 3870 A
2121 3852 2140 3870 v
2153 3851 2169 3871 E
2180 3853 2243 3873 NA.
2314 3847 2417 3873 Decumi

285 3875 371 3910 ῥυῇ,
393 3884 451 3909 φωρ
465 3884 479 3899 a
497 3873 645 3908 Virginibus
665 3871 799 3904 Vnstalibus
809 3876 955 3908 parabatur.
1016 3877 1073 3903 Vid.
1096 3878 1181 3912 Heius]
1202 3877 1275 3913 Epist.
1295 3877 1330 3904 ad
1388 3873 1478 3900 cribro
1516 3874 1582 3899 Pers·
1596 3883 1626 3906 3,
1648 3883 1694 3902 112.
1782 3878 1935 3905 Hor-deacea
1957 3879 2042 3905 farina
2087 3879 2207 3907 Scribon.
2228 3891 2274 3916 44.
2298 3890 2337 3915 59.
2363 3884 2414 3909 160.

290 3910 386 3946 Balsac.
395 3917 482 3945 p-185.
501 3915 525 3935 et
538 3907 701 3937 Bromi-had
714 3907 809 3934 Tibul.
820 3917 877 3942 3‚4‚
892 3918 929 3936 ιο.
1001 3911 1116 3940 Robusta
1142 3913 1217 3948 Virg.
1228 3914 1374 3948 Georg.10;
1384 3910 1469 3936 Varro
1483 3908 1514 3935 de
1528 3909 1559 3936 R.
1575 3909 1605 3935 R.
1618 3918 1649 3942 2,
1668 3918 1688 3943 ς.
1759 3913 1873 3941 Martial.
1885 3922 1917 3947 9,
1931 3923 1943 3946 3
1976 3914 2126 3941 Conuiuam
2140 3917 2219 3949 pascit
2240 3917 2317 3952 nigra
2333 3917 2416 3944 farina

2333 3958 2415 3979 fuum·
