2479 4225
191 1056 195 1059 ’
244 1045 337 1073 Claud.
351 1047 379 1072 in
391 1046 497 1079 Eutrop.
512 1053 537 1076 2,
552 1045 606 1077 146.
619 1042 751 1079 figmjicat
762 1043 887 1068 Amouere.

602 78 873 122 DEL

711 171 743 196 Ἢ.
778 163 824 192 Scri
835 159 1010 193 vlimmffimum
1023 155 1149 182 Deliciae.
1217 152 1274 193 Cic:

708 185 718 198 ⁷
750 200 833 234 piam,
846 193 930 231 ‘quam
944 193 976 218 ab
989 201 1018 218 ea
1031 188 1276 229 ciuitate‚qiiaetibi

257 256 307 273 vna
329 247 357 272 in
381 251 484 273 amore,
504 246 580 274 atque
603 240 631 265 in
652 237 751 263 deliciis
775 235 826 260 fuit
835 234 849 271 ’ἓ
918 228 985 269 Afld.
1001 226 1038 253 Id.
1053 226 1084 252 de
1098 227 1159 252 Diu.
1175 232 1221 283 ilc.
1236 226 1274 263 36,

258 285 365 309 Amores
378 284 402 304 et
415 278 462 303 hae
476 275 585 302 deliciae
593 282 657 308 quae
666 275 792 298 vocantur
810 269 920 298 empto
928 263 999 288 Lael.
1013 270 1080 301 αις.
1134 260 1185 285 Cae
1199 278 1205 284 .
1220 259 1275 319 Clic.

255 304 325 343 IJam.
342 319 354 343 8
377 318 389 342 Β
409 312 478 338 Scito
491 312 520 337 C.
533 307 714 343 Sempronium
736 303 850 332 Rufum,
869 299 922 324 mel
942 307 980 337 ac·
993 297 1098 323 delicias
1121 301 1186 324 tuas,
1209 303 1236 320 ca
1248 303 1277 320 u-
1302 295 1316 322 5

254 333 479 377 ι-ιιηὶᾱιιιίιιᾱκὶπιο
491 345 577 379 plausu
592 343 680 368 tulisse.
750 337 891 365 Multarum
905 333 1059 359 deliciarum
1072 337 1097 357 et
1111 337 1219 370 magnae
1235 338 1278 364 pe-

256 384 345 410 cuniae
359 382 429 408 locus
450 382 505 407 Cic.
519 379 550 404 de
562 379 629 410 Lege
642 377 703 409 Agr.
741 393 747 399 .
784 391 790 396 .
825 390 832 395 .
904 369 1048 395 Multarum
1068 365 1223 392 deliciarum
1236 373 1278 390 co-

255 428 308 445 mes
330 417 364 444 est
388 423 503 443 extrema
526 413 626 439 saltatio
647 412 702 436 Cic.
719 416 766 445 P¹'⁰.
785 405 905 444 Muracn.
925 410 958 436 13.
988 438 992 442 η
1009 403 1115 441 'Vsque
1130 398 1277 439 inldelicias

253 461 338 480 amare
358 453 414 478 Sen.
428 451 458 477 de
472 449 559 476 Benef.
572 456 599 479 4,
613 454 633 479 5.
703 445 836 475 Cogitatio
860 437 1028 474 supellec‘hlis
1048 436 1079 462 ad
1092 435 1214 466 delicias,
1233 440 1277 461 aut

255 497 268 514 e
288 488 389 514 ularum
408 486 440 512 ad
456 484 599 518 voluptates
625 480 680 506 Cic.
693 479 720 504 in
732 475 855 502 Paradox.
870 484 889 501 i.
960 475 1091 499 Votorum
1102 468 1216 510 *deliciae-
1234 471 1276 510 Iu-

252 498 312 550 vre'n.
327 524 376 549 Sat.
388 531 416 548 ιο
439 528 488 553 291.
556 515 693 549 Eiiclopius
711 511 810 543 lector,
830 511 878 537 ille
896 509 962 535 seria
980 507 1082 547 nostra,
1100 506 1147 531 ille
1167 504 1276 531 deliciae

253 559 318 585 Plin.
338 559 382 591 Ep.
407 541 429 587 8⁹,
444 564 462 580 1.
532 551 598 577 ΑΜ.
622 552 695 582 Prop.
711 557 738 581 4,
752 554 778 581 7,
792 555 814 579 5.
885 543 984 580 Casaub.
1001 542 1034 568 ad
1046 542 1193 580 buch-Aug.
1208 545 1276 572 c.83.

253 592 441 620 Alexandrinae
454 587 562 615 deliciae
581 585 685 618 Qtinft.
702 590 721 613 ι,
735 590 756 607 a.
778 584 796 607 i.
805 583 879 616 pueri
892 580 995 606 dicaces.
1031 614 1035 619 .
1067 576 1184 603 Deliciae
1204 585 1277 617 meae

252 626 438 657 Dicaearchus,
449 631 496 659 per
506 621 673 657 appofitioncm
694 617 750 644 Cic.
761 616 842 643 Ture.
859 624 879 648 1,
893 623 936 649 77.
1007 612 1048 640 S1c
1062 612 1187 644 Catullus,
1197 612 1279 638 Passer

253 663 359 689 deliciae
373 669 444 687 meae
458 658 559 693 puellae
579 665 604 687 2,
618 663 636 680 ι.
672 661 694 685 3,
706 661 732 686 4.
803 651 884 677 Plaut.
898 652 977 677 Poen.
994 657 1014 680 1,
1029 656 1050 678 2,
1063 656 1102 681 152
1127 648 1187 673 Mea
1200 647 1276 673 volu-

252 705 305 733 ptas
340 704 410 722 meae
424 694 547 722 deliciae,
565 698 621 716 mea
636 689 705 721 vita,
729 695 786 713 mea
799 686 951 713 amoenitas.
1005 683 1167 723 Fiant-Pers.
1182 692 1208 723 ι,
1216 691 1237 714 2,
1245 691 1278 709 22.

250 717 385 760 Paeciiium
398 729 506 756 deliciae
519 725 591 760 pueri
606 724 684 750 salue.
753 723 794 750 Sic
805 721 898 748 dietum
911 719 998 759 estgut
1013 719 1125 745 Delicias
1136 718 1277 758 hominum

249 778 264 794 a
275 766 398 794 quenale
411 767 427 791 6
449 765 491 796 46.
509 768 553 796 pro
566 761 678 786 Delicato
691 758 795 785 bomine.
884 756 1001 782 Deliciae
1012 754 1115 794 nosirae
1135 755 1208 788 Virg.
1223 753 1276 794 lici.

397 784 442 826 Pci‘
454 796 559 823 delicias
571 795 669 822 nostras
686 793 812 828 intelligit
827 792 1004 818 Communem
1017 798 1136 815 amicam.
1162 790 1277 816 Seruius.

257 97 306 144 67

258 178 310 205 cuit
327 177 439 204 odorum
458 170 550 199 delicia
568 169 650 195 Solin.
672 177 701 206 c..
741 202 745 205 Ι

258 215 330 239 Vcrr.
344 221 371 245 4,
385 219 400 236 2
418 207 490 234 Vnde
503 206 583 240 igitur
596 204 682 238 potius
695 211 746 227 inci

248 810 330 864 {deiri
343 835 394 862 Ecl.
417 842 439 868 2,
462 841 478 859 2
506 831 620 858 Delicias
641 829 752 856 domini.
794 828 853 854 Hoc
868 826 920 859 est,
1025 861 1030 865 ι
1196 860 1201 865 ι

248 878 311 899 erat.
379 868 477 895 Faciles
490 866 599 893 deliciae
619 865 699 893 Ouid.
713 866 776 891 Met.
791 872 824 896 ι3,
839 867 885 894 83¹·
955 860 1083 895 illepidae
1104 865 1181 894 atque
1194 860 1275 886 inele-

720 901 855 934 Loquaces
869 896 978 924 deliciae
1003 896 1063 922 Stat.
1079 895 1144 922 Silu.
1159 903 1180 930 5,
1194 903 1216 928 5,
1229 898 1274 930 67.

711 935 841 969 Regificae
860 932 952 960 Claud.
966 933 1057 966 Paneg.
1072 937 1096 964 8,
1107 934 1161 963 336.
1224 931 1276 957 Lu-

757 969 873 997 Alicuius
888 968 993 994 delicias
1005 968 1030 993 se
1043 967 1130 993 dicere
1156 966 1212 993 Cic.
1225 976 1274 1001 pro

1024 1003 1151 1029 Excutere
1172 1001 1278 1029 delicias
1288 999 1315 1025 ²3

980 1038 1075 1064 Facere
1089 1037 1195 1064 delicias
1210 1044 1235 1064 et
1248 1038 1280 1064 li-

245 1081 348 1109 bidines
367 1081 452 1108 Catul.
466 1088 508 1113 45,
521 1088 556 1111 23.
594 1085 616 1104 et
628 1086 673 1112 70,
686 1087 707 1103 2.
798 1074 878 1102 Ouid.
892 1073 979 1101 Trist.
994 1082 1017 1106 2,
1027 1082 1078 1107 349
1096 1074 1136 1099 Sic
1151 1082 1200 1107 ego
1214 1073 1278 1114 deli-

245 1117 296 1144 cias
310 1123 335 1144 et
349 1116 442 1143 mollia
456 1115 571 1142 carmina
585 1114 645 1140 feci.
717 1112 832 1139 Delicias
850 1111 951 1150 facere,
968 1115 1015 1150 pro
1030 1108 1278 1150 *Dzfflniulatioizibus

244 1152 392 1180 iocularibus
404 1154 443 1177 vti
458 1162 465 1176 :
501 1150 583 1176 Plaut.
598 1150 668 1175 Men.
681 1157 704 1180 2,
717 1156 740 1180 3,
752 1156 784 1180 3ο
818 1162 864 1166 -—
898 1146 945 1171 Eia
959 1145 1066 1185 delicias
1078 1145 1141 1171 facis
1151 1165 1159 1177 ‚
1177 1153 1214 1170 mi
1222 1146 1278 1171 Me-

243 1188 368 1215 naechme
383 1198 389 1213 :
423 1187 487 1221 quin
499 1185 591 1212 amabo
604 1185 625 1210 is
640 1184 728 1211 intro?
764 1182 806 1208 hic
820 1181 870 1208 tibi
884 1181 935 1207 erit
948 1180 1053 1207 rthius.
1120 1180 1226 1220 *Fugare
1233 1179 1276 1206 de·
1286 1184 1318 1208 30

239 1221 317 1251 'licias
325 1222 407 1249 animi
427 1222 560 1252 Catul.68,
569 1222 626 1254 (67)
635 1221 674 1245 26.
702 1217 807 1244 Habere
814 1218 843 1243 in
852 1216 952 1243 deliciis
959 1215 1078 1256 aliquem
1094 1215 1150 1241 Cic.
1160 1216 1212 1242 Att.
1222 1218 1248 1248 6,
1257 1224 1276 1244 i.

243 1259 325 1286 Ouid.
340 1260 428 1285 Amor.
443 1265 465 1289 3,
482 1265 521 1289 ι4,
536 1261 561 1285 18
584 1254 715 1281 Omnibus
728 1254 803 1280 illuni
818 1253 939 1284 (locum)
954 1251 1056 1291 deliciis
1070 1251 1165 1291 imple.
1214 1251 1275 1291 Infi-

241 1303 300 1320 cere
314 1294 430 1320 animuin
441 1291 560 1323 deliciis,
575 1290 627 1316 vid.
642 1295 776 1316 1NF1C10.
831 1288 918 1314 Nouis
931 1288 1063 1314 luxuriare
1077 1286 1178 1326 deliciis
1192 1286 1274 1313 Ouid.

242 1329 321 1363 Epist.
346 1331 384 1360 ι6,
408 1336 460 1360 192.
529 1326 670 1353 Infantiam
693 1325 778 1351 statim
803 1323 907 1350 deliciis
932 1322 1059 1348 soluimus
1078 1321 1197 1362 ’aneh
1219 1331 1239 1354 i,
1255 1331 1277 1348 2.

242 1364 335 1391 Cic-in
342 1363 477 1390 Vatinium
491 1370 521 1387 20
541 1361 585 1388 Illi
598 1366 695 1392 autem,
709 1359 805 1394 quibus
818 1359 907 1385 eratin
922 1358 1038 1389 deliciis,
1058 1366 1103 1384 vix
1115 1358 1197 1386 risum
1207 1363 1276 1384 tene·
1288 1362 1315 1388 35

241 1399 312 1426 bant.
384 1398 440 1423 Cic.
454 1398 532 1422 Verr.
546 1405 573 1427 4,
586 1404 598 1427 3
613 1404 634 1421 c.
650 1404 658 1420 i
679 1395 795 1425 Ciuitas,
815 1402 880 1428 quae
894 1393 943 1419 tibi
955 1402 1005 1419 vna
1019 1393 1046 1419 in
1061 1401 1151 1419 amore
1164 1399 1240 1427 atque
1249 1394 1277 1420 in

241 1433 343 1461 deliciis
351 1432 410 1458 fuit.
447 1430 565 1457 Deliciae
574 1449 581 1461 ,
593 1436 642 1464 pro
654 1428 814 1462 Morosttate:
830 1429 886 1454 Cic.
899 1430 952 1455 Ati.
965 1437 983 1459 ι,
994 1437 1021 1455 12
1040 1429 1103 1454 Ecce
1115 1435 1202 1454 autem
1210 1429 1278 1456 aliae

241 1468 350 1495 deliciae
363 1467 499 1502 equitum,
516 1466 561 1491 vix
575 1463 714 1495 ferendae,
736 1471 798 1496 quas
813 1471 862 1496 ego
874 1471 928 1488 nou
949 1463 1033 1488 solum
1052 1463 1118 1494 tuli,
1136 1463 1178 1488 sed
1196 1465 1277 1490 etiam

245 911 332 941 gantes
345 903 454 930 deliciae
494 902 578 929 Catul.
593 904 619 934 6,
633 910 649 927 i.

244 940 358 969 Pueriles
377 939 433 966 Cic.
448 939 480 965 de
493 938 566 964 Orat.
581 946 602 970 3,
617 942 656 971 78.

244 984 280 1003 xu
292 981 406 1002 carentes
423 976 484 1001 Stat.
497 973 561 1000 Silii.
577 982 596 1006 i,
612 982 632 1004 3,
645 980 683 1004 93.

245 1013 333 1038 Domo
350 1013 391 1037 62.
479 1009 573 1036 Dicere
591 1007 711 1038 delicias,
728 1006 780 1032 vid.
799 1012 817 1031 D
833 1012 842 1030 1
856 1010 873 1031 c
889 1010 920 1030 Ο.

243 1504 346 1531 ornaui.
388 1502 444 1528 Vid.
468 1499 577 1534 Quin&
602 1508 622 1531 i,
644 1507 666 1525 ii
690 1508 713 1532 p.
734 1500 782 1524 116.
818 1504 841 1524 et
874 1505 911 1530 12,
928 1501 942 1526 8
957 1499 1042 1535 princ..
1115 1498 1195 1528 Non,
1214 1498 1276 1523 dnm

243 1548 341 1574 quaero
355 1536 457 1571 aliquid
466 1556 473 1568 ‚
490 1535 599 1562 inuenio
614 1545 620 1560 z
653 1534 696 1560 sed
710 1534 798 1567 saepe,
819 1531 889 1567 quod
902 1537 1039 1566 quaerenti
1052 1539 1107 1570 non
1120 1532 1278 1570 comparuit,
1289 1536 1326 1560 40

241 1573 315 1602 aliud
330 1573 417 1608 agenti
431 1571 530 1606 praesto
543 1569 578 1596 est
612 1584 656 1589 -——
691 1569 798 1595 Necesse
810 1568 846 1594 est
859 1576 935 1601 ergo,
952 1575 994 1592 ine
1006 1566 1037 1593 ad
1051 1566 1158 1592 delicias
1172 1575 1279 1601 compo—

242 1619 304 1636 nam
317 1616 462 1635 memoriae
474 1615 546 1632 meae
555 1625 562 1638 ,
583 1613 649 1639 quae
662 1603 730 1630 mihi
743 1604 796 1630 iam
808 1603 874 1629 olim
889 1603 1007 1637 precario
1020 1609 1092 1636 paret
1112 1602 1169 1628 Seu.
1185 1603 1278 1629 Contr.

242 1646 362 1672 Prooem.
415 1642 471 1670 Cic.
485 1642 513 1668 in
524 1642 598 1668 Orat.
611 1648 639 1673 39
666 1641 728 1672 Qio
741 1639 823 1673 magis
836 1639 893 1664 sunt
907 1637 1075 1670 Herodotus,
1092 1636 1279 1677 Thucydides-

243 1690 294 1715 que
307 1678 443 1706 mirabiles
456 1688 462 1704 τ
497 1685 613 1712 quorum
625 1681 703 1707 aetas,
714 1684 796 1709 quum
810 1674 838 1700 in
851 1682 944 1700 eorum
958 1680 1093 1708 tempora,
1110 1681 1177 1707 quos
1190 1680 1277 1698 nomi-

241 1716 320 1746 naui,
338 1713 483 1745 incidisset,
501 1711 644 1746 longissime
657 1716 744 1737 tamen
757 1709 804 1744 ipfi
819 1718 834 1736 a
845 1709 939 1736 talibus
953 1709 1054 1735 deliciis
1068 1708 1110 1735 vel
1130 1708 1218 1742 potius
1236 1708 1276 1734 in-
1286 1707 1320 1734 45

241 1750 318 1783 eptiis
333 1748 483 1775 abfuerunt.
556 1746 719 1772 Deliciarum
731 1746 806 1772 causa
816 1765 825 1778 ,
844 1752 873 1770 vt
885 1747 973 1771 Animi
985 1744 1065 1785 causa.
1101 1744 1156 1783 Cic²
1165 1744 1241 1783 Yerr.
1257 1751 1278 1776 i,

242 1786 276 1812 26
296 1785 369 1817 Qios
383 1782 512 1808 Antonius
533 1781 688 1806 deliciarum
709 1782 782 1807 causa
801 1781 866 1806 loris
881 1781 909 1806 iu
923 1780 1050 1806 conuiuio
1063 1778 1136 1805 caedi
1150 1782 1250 1805 iuiebat
1261 1788 1276 1805 a

491 1815 652 1842 Deliciarum
667 1821 692 1841 et
706 1816 850 1850 voluptatis
865 1816 939 1842 causa
963 1816 1019 1842 Cic.
1032 1823 1081 1849 pro
1096 1813 1159 1840 Rab.
1173 1814 1238 1841 Post.
1253 1823 1276 1840 c.

485 1848 506 1888 ff
527 1859 538 1876 2
574 1849 702 1882 Delicies,
721 1850 755 1876 ei.
773 1851 793 1876 f.
830 1851 908 1884 Apul.
920 1851 996 1884 Apol.
1012 1860 1021 1877 ι
1040 1850 1139 1876 Critias
1157 1857 1215 1875 mea
1234 1849 1277 1874 de-

243 1890 317 1917 licies
331 1888 454 1915 laudatur.
509 1885 555 1913 sed
569 1886 674 1913 Elmenh.
688 1895 711 1919 p.
728 1893 790 1919 279,
808 1893 818 1910 1
843 1894 901 1910 mea
914 1885 1025 1910 Delicia.
1082 1885 1162 1910 Etiam
1174 1887 1201 1908 in
1215 1883 1278 1910 libro
1288 1885 1320 1910 50

243 1926 274 1954 de
288 1926 344 1951 Deo
357 1923 468 1950 Socratis
481 1920 522 1954 ‘iffi
537 1920 638 1946 dicitur.
680 1920 725 1947 Sed
738 1921 803 1946 nibil
815 1919 910 1946 indicat
924 1919 1002 1945 Index
1018 1918 1122 1945 Floridi.
1169 1919 1280 1945 Tandem

243 1961 358 1989 laudatur
374 1959 433 1985 Ales
445 1957 552 1984 viduata
565 1955 668 1981 delicie.
702 1955 844 1990 Respicitur
856 1955 889 1980 ad
906 1961 1014 1981 extrema
1031 1953 1217 1984 Floridorum,
1236 1954 1280 1980 vbi

243 2000 281 2024 ita
296 1994 414 2022 Elmenh.
427 2003 450 2027 p.
463 1994 520 2024 366,
536 1999 564 2017 ιο
585 1991 628 2017 Ne
644 1996 697 2016 tam
717 1989 823 2024 pulchra
842 1989 893 2016 ales
929 2005 974 2010 ——
1008 1998 1074 2016 voce
1092 1989 1216 2021 viduata,
1236 1990 1279 2015 de·

245 2032 322 2058 liciae
337 2029 444 2057 facundi
457 2028 521 2058 Dei,
541 2032 613 2052 inuta
626 2025 738 2052 viueret.
784 2024 831 2052 Sed
848 2034 901 2050 cum
912 2033 977 2050 voce
991 2027 1107 2050 omittant
1123 2024 1236 2059 quidam,
1256 2031 1280 2050 et

246 2067 341 2093 delicie
365 2067 464 2101 legant,
482 2069 567 2089 exorta
587 2061 643 2088 inde
665 2059 737 2087 leflio
759 2060 819 2086 Ales
855 2074 900 2080 ——
935 2059 1044 2085 viduata
1065 2059 1159 2098 delicie
1171 2059 1279 2086 facundi
1290 2063 1317 2088 55

246 2103 306 2130 Dei,
523 2095 543 2135 ff
575 2106 587 2129 3
623 2096 724 2123 Delicia
746 2096 844 2122 dicitur
865 2095 945 2121 etiam
969 2103 1049 2128 genus
1069 2095 1153 2128 tigni,
1170 2093 1241 2128 quod
1265 2103 1280 2120 a

245 2137 361 2165 culmine
384 2135 416 2162 ad
439 2133 537 2167 tegulas
559 2132 693 2167 angulares
714 2131 816 2157 infimas
839 2131 928 2157 versus
946 2130 1106 2164 fastigiatum
1125 2129 1278 2156 collocatur.

246 2171 456 2200 Vndeettecffiim
465 2170 548 2203 ipsum
562 2174 580 2194 1)
589 2175 604 2193 ε
615 2175 631 2193 L
641 2176 650 2194 1
661 2173 678 2193 c
689 2175 699 2193 i
708 2174 729 2193 A
739 2173 787 2193 Tv
797 2174 821 2193 M
829 2173 853 2193 et
861 2166 963 2201 tegulae
972 2171 989 2191 i]
1000 2171 1016 2191 E
1028 2171 1061 2191 Li
1071 2171 1165 2205 ciAn
1174 2172 1190 2190 E
1199 2173 1212 2192 s
1227 2165 1281 2191 fiue

246 2208 399 2236 Colliciares
412 2205 583 2240 appellantur.
637 2204 705 2229 Hace
718 2201 804 2229 Festus
853 2203 919 2228 Cato
934 2211 974 2235 14,
987 2210 1006 2234 4
1022 2201 1164 2227 Deliciares
1177 2201 1281 2234 tegulae

242 1820 294 1847 suis
307 1818 419 1854 publice.

243 1864 281 1882 10.

246 2253 312 2279 quae
326 2248 418 2273 erunt,
437 2249 485 2275 pro
498 2240 568 2266 binis
581 2238 689 2272 integris
702 2237 930 2272 computabuntur.
967 2236 1111 2262 Deliciares
1120 2234 1211 2268 didiae,
1219 2236 1283 2272 quod
1292 2230 1327 2255 ⁶0

246 2279 302 2306 inde
315 2288 377 2314 aqua
389 2276 542 2304 Deliciatur.
594 2273 693 2309 Qir‘dfi
706 2283 721 2299 a
734 2273 845 2299 delicere
860 2274 877 2299 s.
893 2278 1010 2311 DELIQV
1018 2277 1075 2297 ERF
1090 2272 1099 2297 3
1133 2280 1159 2297 v.
1173 2281 1198 2298 υ,
1234 2271 1282 2300 Sed

245 2315 328 2341 oditur
337 2313 403 2348 apud
414 2312 526 2338 Catonem
538 2310 692 2336 Colliciares
705 2310 722 2335 s.
731 2308 900 2335 Conliciares.
927 2307 983 2333 isid.
999 2305 1108 2346 Memfi,
1218 2341 1223 2347 ἡ
1244 2342 1249 2346 -

282 2355 300 2375 D
310 2355 326 2374 E
334 2356 351 2374 L
361 2354 369 2373 1
379 2354 395 2373 c
404 2355 413 2372 1
421 2354 440 2373 O
448 2354 464 2372 L
473 2354 494 2372 A
504 2353 531 2379 13,
540 2355 622 2372 arum.
632 2345 651 2371 f.
663 2345 764 2371 Dimin.
780 2344 893 2370 Cic.Att.
903 2351 947 2377 i‚7
955 2349 1018 2368 extr.
1031 2341 1165 2374 Tulliola,
1173 2341 1282 2368 delicio.

247 2385 288 2412 lae
303 2383 419 2414 nostrae,
440 2388 514 2407 tuum
527 2380 708 2406 munusculum
724 2380 839 2413 flagitat,
857 2386 882 2405 et
890 2387 930 2405 me
939 2384 966 2404 vt
978 2377 1131 2412 sponsorem
1143 2376 1262 2411 appellat.

282 2416 584 2447 DEL1C101,VM,i.
609 2425 635 2441 n.
671 2415 817 2449 Sen.Epist.
833 2423 869 2440 12.
1293 2407 1323 2439 65

282 2453 372 2480 DELi‘
381 2459 398 2479 C
409 2459 427 2478 o
438 2471 446 2483 ,
465 2455 517 2477 are.
546 2457 595 2485 pro
627 2450 755 2476 Dedicare
786 2450 917 2484 ponebant
948 2453 1066 2480 veteres,
1085 2451 1167 2483 inquit
1188 2447 1284 2474 Festus.

251 2489 312 2517 Vid.
327 2493 502 2514 Disiichvs
518 2488 602 2519 princ.
673 2486 721 2511 Pro
735 2484 812 2510 codem
826 2487 898 2510 etiam
912 2483 948 2517 sest
969 2489 1108 2522 DELino
1122 2484 1165 2509 vbi
1175 2482 1229 2509 vid.

284 2530 351 2550 DEL
363 2521 375 2548 s
386 2527 403 2547 C
416 2528 451 2547 io
461 2541 469 2553 ,
487 2524 540 2546 ere.
577 2519 697 2550 lllicere,
717 2519 840 2554 antiquis.
877 2517 1048 2545 Titinn.iib.
1062 2527 1074 2550 5
1103 2518 1184 2551 Qiod
1198 2527 1227 2544 ea
1241 2526 1283 2553 pa-

247 2559 340 2587 rasitus
357 2558 465 2587 habeat,
485 2554 532 2590 qui
545 2554 620 2580 illum
634 2554 695 2580 sciat
741 2555 878 2586 Delicere,
894 2561 920 2580 et
932 2553 1039 2580 nodlem
1054 2553 1139 2580 facere
1157 2555 1237 2588 posset
1254 2554 1285 2581 de

248 2595 300 2622 die.
336 2592 442 2620 Nonius
455 2600 489 2624 4,
504 2598 549 2616 112.
807 2623 812 2627 Ι
1019 2623 1024 2627 ι
1041 2623 1045 2627 ν

287 2637 304 2656 D
316 2632 331 2656 Ε
340 2636 356 2655 ι.
366 2627 375 2653 i
384 2635 400 2654 C
409 2635 419 2653 i
430 2634 447 2653 O
457 2626 541 2659 Rssiri.
552 2625 617 2659 Dep.
636 2623 760 2651 Ruricius
767 2622 844 2657 Epist.
854 2631 879 2654 2,
887 2631 919 2655 42
936 2622 1064 2648 Volatilia
1071 2623 1202 2656 deliciari,
1210 2622 1288 2657 idest,

248 2665 373 2693 comedere
385 2672 436 2689 cum
448 2661 614 2688 delectamur.
949 2691 954 2696 .
974 2690 980 2695 ·

286 2707 306 2727 D
318 2707 329 2725 r
342 2706 357 2725 L
366 2707 376 2726 i
387 2704 403 2724 c
415 2706 424 2724 i
437 2699 480 2724 ᾸΤ
490 2704 509 2723 ν
519 2703 532 2722 s
541 2715 547 2727 ,
565 2704 579 2721 a
588 2715 596 2727 ,
616 2704 670 2720 um.
687 2694 754 2720 Part.
773 2691 890 2720 Tectum
904 2690 1054 2717 deliciatum
1067 2690 1133 2725 apud
1138 2691 1249 2717 Festum.

288 2742 307 2762 D
317 2742 333 2762 E
344 2741 360 2760 i.
371 2742 380 2760 i
389 2734 452 2760 016
461 2739 473 2758 s
483 2739 503 2757 v
515 2739 527 2758 s
536 2751 543 2762 ‚
562 2740 593 2762 a,
610 2739 662 2756 um.
683 2730 743 2756 Adi.
781 2729 869 2754 Plenus
882 2727 986 2753 deliciis.
1023 2725 1108 2752 Sedul.
1117 2726 1191 2752 Orat.
1206 2727 1285 2752 Dom.

251 2771 284 2798 dc
298 2770 380 2797 Tent.
395 2768 515 2795 Ambros.
530 2767 610 2793 Serui.
625 2768 658 2800 67
671 2771 735 2792 extr.
771 2764 829 2790 Sen.
841 2762 919 2797 Epist.
936 2769 972 2788 12..
1009 2761 1086 2787 Mart.
1100 2761 1198 2795 Capell.
1220 2769 1237 2796 7
1262 2771 1285 2795 p.
1295 2757 1326 2786 75

253 2809 307 2838 236.
361 2805 443 2831 Rutil.
476 2802 566 2830 itiner.
598 2810 623 2827 v.
649 2805 704 2835 378.
781 2798 918 2833 Augustiii.
951 2797 983 2823 de
1014 2797 1079 2822 Gen.
1110 2802 1201 2822 contra
1231 2797 1286 2823 Ma.

251 2841 320 2869 nich.
341 2849 365 2872 2,
379 2848 395 2873 9
403 2846 446 2875 pr.

289 2872 586 2905 DELicrviii‚vii·I.
610 2875 827 2909 DELiNQVO.
1091 2904 1095 2909 .
1271 2904 1275 2909 .

288 2918 308 2938 D
316 2918 331 2938 ιε
340 2918 356 2937 L
366 2918 375 2936 ι
384 2917 400 2937 c
408 2917 428 2935 V
436 2917 449 2936 s
470 2910 564 2935 Porcus
573 2928 579 2939 ‚
596 2907 608 2940 [
616 2905 830 2938 Ἀπογοιλακτιὲὶέν
837 2905 895 2930 Vet.
904 2903 998 2937 Gloffi]
1018 2904 1062 2937 qui
1068 2901 1177 2933 dicatur,
1187 2906 1287 2937 exponit

255 2949 342 2974 Varro
351 2946 381 2972 dc
390 2947 419 2972 R.
428 2946 515 2976 R.2‚4,
523 2947 549 2970 16
558 2945 647 2975 ern
656 2941 729 2976 porci
737 2939 834 2975 depulsi
842 2940 899 2966 sunt
907 2946 1047 2968 ainamma,
1056 2946 1070 2962 a
1077 2936 1233 2972 quibusdam
1244 2937 1287 2963 de·
1295 2935 1328 2961 80

252 2983 300 3010 lici
318 2981 495 3017 appellantur,
514 2987 600 3013 neque
621 2978 672 3003 iam
689 2976 810 3003 latSlantes
830 2975 960 3001 dicuntur.
975 3008 980 3013 .
1016 2972 1116 3015 Qcidfi
1129 2972 1283 3012 delicisunt‚

253 3017 319 3054 quqfi
342 3017 458 3052 deliqui,
487 3024 545 3050 quos
568 3013 726 3048 delinquunt
743 3016 855 3044 matres,
877 3017 907 3036 vt
924 3008 1049 3043 Reliqui,
1073 3018 1114 3044 qm
1133 3008 1287 3043 relinquun-

254 3060 305 3081 tur.
359 3053 401 3079 Sic

291 3096 308 3115 D
316 3095 331 3115 E
340 3094 356 3113 L
366 3095 376 3114 1
385 3092 403 3114 c
414 3093 435 3112 v
444 3093 461 3112 L
470 3093 490 3111 v
499 3093 511 3112 s
519 3105 527 3117 ,
561 3093 584 3115 u,
806 3079 908 3108 Vendat
929 3080 1011 3106 boues
1027 3079 1128 3106 vetulas
1137 3098 1144 3111 ‚
1171 3083 1287 3105 armenta

615 3093 668 3110 um.
706 3082 765 3109 Adi.

256 3123 382 3156 delicula,
400 3130 464 3148 oues
477 3119 599 3147 deliculas
620 3120 686 3145 Cato
700 3119 731 3144 R.
745 3118 776 3144 R.
791 3126 812 3142 c.
826 3125 850 3142 2.
877 3117 909 3142 al.
923 3115 1034 3145 reicula,
1051 3121 1096 3140 ctc.
1136 3114 1208 3149 Cons.
1223 3113 1286 3147 Voff.
1297 3111 1325 3138 83

258 3160 358 3192 Etymol.
370 3165 398 3193 p.
413 3167 456 3192 431
482 3159 524 3192 qui
537 3155 649 3182 reiculas
662 3154 687 3189 Ι.
701 3152 823 3180 reiiculas
842 3150 907 3186 apud
922 3151 1047 3189 Catonem
1061 3149 1163 3192 probat.
1218 3150 1288 3189 Mihi

258 3193 385 3219 videbatur
413 3191 547 3219 Deliculus
566 3189 608 3223 cffi·
621 3191 745 3216 Diminut.
764 3197 792 3214 cx
807 3187 926 3217 Deliciis,
950 3192 973 3211 ετ
983 3189 1022 3219 ‚lic
1037 3185 1106 3217 dict,
1125 3194 1185 3220 quae
1205 3184 1288 3211 delin-

260 3234 375 3261 quuntur
387 3229 443 3254 aliis
455 3227 576 3258 domi-nis,
595 3228 613 3251 i.
627 3224 775 3251 venduntur.
820 3223 862 3251 Sic
872 3221 1056 3258 significatione
1075 3223 1220 3246 conueniant
1236 3229 1290 3246 cum

259 3262 392 3289 Reliculis.

297 3304 315 3324 D
323 3303 339 3323 E
349 3303 364 3322 L
375 3295 386 3321 ἴ
395 3303 415 3322 G
424 3303 443 3322 Ο
453 3316 461 3328 ,
481 3301 533 3323 are.
571 3292 708 3330 [πρυ-δέω]
745 3291 1034 3328 Notaefigrificatiwis.
1071 3292 1158 3317 Varro
1171 3289 1203 3316 de
1218 3290 1248 3316 R.
1257 3290 1288 3316 R.
1298 3292 1333 3318 90

263 3340 284 3392 i<
298 3340 333 3392 ’Ἢ
359 3331 392 3356 Ε”
412 3329 746 3392 s⁰¹1¹³3¹¹³<1³¹¹²⁶ge¹¹⁶13i³¹¹¹³⁵
764 3328 867 3390 ‘⁹¹³3ssss
877 3325 1289 3393 12‘iffii35.12¹³¹'c³{¹c‘³v‘{‡¹r¹gi‘³{'

379 3373 511 3391 uecien
561 3387 567 3393 .
663 3373 801 3391 ciarein
868 3373 875 3389 ι
1118 3381 1124 3387 .
1206 3380 1211 3386 -
1282 3380 1288 3387 ·

265 3374 310 3432 4e0r
330 3374 395 3427 amin
412 3405 505 3427 terram
524 3375 601 3428 riziues
621 3374 734 3428 Caessgss.
748 3401 780 3426 G.
795 3408 823 3431 3,
841 3407 880 3432 39.
949 3397 1071 3431 Deligare
1085 3396 1116 3422 ad
1131 3396 1216 3430 palum
1231 3395 1287 3421 Cic.

265 3436 339 3460 Verr.
354 3443 376 3466 5,
411 3453 417 3459 .
454 3454 460 3461 .
513 3436 576 3461 Add.
590 3437 661 3463 Caes.
675 3437 701 3462 B.
717 3437 749 3463 G.
763 3445 790 3468 4,
803 3443 845 3465 29.
900 3433 958 3459 Val.
974 3433 1044 3458 Max.
1057 3440 1080 3464 3,
1093 3437 1116 3464 8,
1135 3440 1152 3457 i.
1213 3430 1287 3464 Apud

265 3470 379 3497 mensam
396 3469 478 3495 Plaut.
493 3469 560 3494 Men.
575 3479 595 3501 l,
608 3481 626 3503 i,
640 3480 671 3503 13·

268 3505 300 3530 G.
315 3513 334 3535 1,
349 3512 383 3536 53.
454 3504 570 3537 Deligata
589 3506 614 3530 in
630 3506 739 3533 linteolo
751 3514 830 3541 grana
843 3504 909 3531 Plin.
923 3512 966 3536 20,
982 3511 1010 3537 17
1021 3503 1044 3543 s.
1057 3510 1096 3542 7.¹·
1123 3538 1129 3542 ·

268 3539 317 3565 lad.
330 3539 403 3564 Febr.
424 3543 442 3563 t.
455 3547 478 3570 9.
532 3538 659 3565 Columcl.
673 3544 702 3572 6,
722 3544 746 3568 6.
798 3540 900 3566 Vulnus
913 3539 1039 3573 deligauit
1047 3538 1143 3572 aliquis
1152 3543 1289 3571 antequam

268 3574 329 3600 haec
347 3582 387 3599 ars
407 3573 465 3598 css'ct
485 3573 613 3606 Qiincffl.
628 3582 654 3606 2,
677 3583 713 3609 17.
782 3576 821 3604 De
840 3574 970 3610 sanguinis
994 3572 1096 3600 fusione
1121 3571 1289 3606 deligandum

270 3607 405 3636 brachium
430 3607 495 3633 Cels.
509 3616 533 3639 2,
547 3617 582 3634 io.

1146 3503 1194 3528 Con
1191 3501 1219 3536 f
1235 3501 1289 3527 Pal-

1304 475 1334 492 ιο
1345 475 1365 498 ι,
1380 476 1424 501 40.

938 825 993 859 Qii
1006 824 1118 851 domino
1132 825 1160 851 in
1174 824 1275 850 deliciis
1287 826 1321 844 20
1341 820 1419 854 gendi
1433 830 1463 847 ex
1477 821 1577 855 populo
1591 821 1648 848 data
1661 821 1716 848 Cic.
1731 820 1762 846 de
1774 822 1842 855 Lege
1856 822 1917 856 Agr.
1931 831 1957 855 2,
1993 843 1999 849 ,
2036 843 2042 850 ,

1295 2588 1331 2615 70

742 3470 782 3497 Ad
799 3470 883 3505 ripam
903 3468 1023 3494 nauicula
1041 3467 1152 3501 deligata
1173 3466 1244 3492 Caes.
1260 3466 1288 3492 B.
1299 3469 1330 3496 95

1736 48 2021 105 D'EL
2318 68 2372 111 aa

1612 152 1668 179 Cic.
1683 159 1731 186 pro
1745 152 1813 188 Lege
1824 153 1914 179 Manil.
1934 163 1954 179 c.
1969 161 1995 179 22
2019 153 2095 180 Tum
2110 154 2142 180 de
2157 155 2316 190 imperatore
2330 153 2371 181 de.

1342 187 1449 220 ligendo
1472 189 1519 213 cfl'e
1539 187 1688 214 dicendum.
1760 187 1832 213 Bona
1849 189 1965 222 deligere·
1981 196 2004 215 ct
2020 190 2146 222 reiicere,
2164 194 2291 217 contraria
2315 191 2372 221 Cic.

1342 222 1374 248 de
1387 222 1478 256 Legib.
1493 225 1536 248 60.
1607 223 1679 249 Idem
1687 231 1735 257 pro
1748 222 1834 248 Domo
1847 231 1881 256 24
1904 225 1970 253 Nos,
1983 223 2054 258 quod
2068 225 2225 254 nominatim
2236 227 2276 253 rei
2290 226 2372 252 maxi-

1343 265 1401 282 mae
1413 266 1492 291 paene
1507 258 1559 284 iam
1573 256 1728 293 desperatae,
1747 258 1875 283 summum
1887 260 1977 286 virum
1987 261 2060 293 saepe
2073 258 2106 285 ad
2120 266 2235 287 extrema
2246 260 2373 294 Reipubl-

1344 290 1494 318 discrimina
1510 291 1640 319 delectum
1659 293 1847 327 praefecimus,
1868 301 1881 318 a
1897 299 1922 320 te
1940 294 2178 329 repreliendcumri
2249 298 2304 322 Cic.
2319 296 2373 322 Off.

1344 334 1370 358 2,
1382 328 1419 359 46
1439 327 1602 360 Qiibuscum
1621 328 1639 354 si
1654 329 1803 363 frequentes
1817 328 1888 359 sunt,
1905 330 2057 362 opinionem
2073 331 2183 357 afferunt
2196 332 2311 365 populo,
2329 339 2373 357 co-

1344 370 1404 387 rum
1419 361 1443 387 se
1458 363 1516 388 fore
1530 363 1641 395 similes,
1658 373 1723 398 quos
1742 364 1790 390 libi
1804 363 1848 398 ipii
1864 362 2012 397 delegerunt
2031 365 2063 392 ad
2084 365 2248 392 imitandum.
2320 367 2372 392 Co-

1344 397 1420 422 mites
1434 396 1517 431 delegi
1530 399 1627 432 Virgil.
1643 400 1707 425 Aen.
1721 407 1741 431 5,
1753 408 1802 432 191.
1857 399 1935 425 Diem
1955 399 2043 435 Nepos
2058 404 2095 433 16,
2110 409 2134 432 2,
2148 410 2172 427 2.
2233 402 2371 428 Famulum

1343 431 1391 458 sibi
1413 431 1548 458 claudian.
1563 434 1654 468 Paneg.
1673 441 1700 468 7,
1858 433 1954 461 Castris
1969 433 2052 462 locum
2066 437 2190 463 idoneum
2210 437 2282 463 Caes.
2297 438 2323 463 B.
2339 438 2371 463 G.

1495 468 1607 494 Lumina
1620 470 1674 503 ipsa
1693 477 1724 495 ex
1739 468 1921 496 florentissimis
1939 468 2075 498 ordinibus
2093 473 2148 498 Cic.
2164 480 2212 506 pro
2226 473 2321 498 Milon.
2336 481 2374 498 21.

1342 502 1506 536 Magistratus
1526 502 1619 537 deligit
1640 504 1752 538 Populus
1769 505 1919 537 Romanus,
1946 504 2015 539 quasi
2035 506 2156 542 Reipubl.
2176 506 2279 533 villicos
2298 507 2370 534 Ideni

1343 546 1392 572 pro
1413 538 1496 564 Plane.
1511 541 1550 563 62.
1622 540 1721 565 Multos
1733 548 1764 564 ex
1778 540 1829 566 suis
1843 539 1979 567 annalibus
1995 541 2063 576 posse
2076 543 2207 577 deligere,
2227 551 2293 577 quos
2307 542 2373 569 velit

1342 579 1367 599 et
1379 572 1452 607 possit
1466 573 1567 599 imitari
1581 573 1635 600 Cic.
1650 576 1688 608 Q
1698 575 1780 600 Fratr.
1794 583 1814 607 i,
1830 584 1848 601 i.
1908 575 2030 609 Deligere
2044 584 2075 601 ex
2089 579 2162 605 omni
2176 586 2287 604 numero
2300 577 2373 604 Idem

1342 609 1418 634 Vei-r.
1431 617 1449 641 4
1464 612 1502 640 (2)
1520 618 1540 635 c.
1554 617 1600 642 44.
1670 609 1726 636 Sibi
1739 610 1835 644 oppida
1850 612 1984 637 maritima
1997 610 2135 638 domicilio
2147 614 2207 640 Liu.
2221 622 2249 645 39
2286 633 2293 639 .
2330 632 2338 639 .

1340 151 1460 191 liguntur
1469 172 1477 184 ,
1497 158 1541 178 cte.

1307 648 1332 674 ¹5
1343 643 1465 678 Deligere
1484 645 1615 678 optimum
1629 644 1718 671 virum
1736 647 1767 671 ad
1782 646 1850 671 sacra
1864 646 1940 674 Idaea
1961 646 2109 681 accipienda
2128 648 2182 676 Cic.
2195 648 2226 674 de
2241 648 2300 675 Fin.
2315 656 2338 680 5,
2350 656 2373 679 3.

1342 678 1415 705 Idem
1429 688 1476 713 pro
1491 680 1565 706 Rosc.
1574 680 1661 706 Amer.
1680 689 1701 706 c.
1715 687 1727 712 3
1748 680 1803 713 Qui
1815 689 1846 706 cx
1859 682 1965 708 ciuitate
1979 682 2007 708 in
2020 682 2156 715 Senatum,
2171 691 2277 718 propter
2290 684 2375 718 digni-

1342 719 1438 747 tatem,
1457 715 1493 740 Ex
1506 715 1601 741 Senatu
1619 715 1646 740 in
1665 714 1713 741 hoc
1728 715 1865 741 consilium
1883 716 1979 744 deiecti
1997 717 2056 744 estis
2073 724 2183 752 propter
2198 720 2374 746 seueritatem.

1343 750 1431 776 Vnum
1444 759 1475 776 ex
1488 750 1588 776 cunftis
1603 749 1718 784 deligere
1755 751 1810 777 Cic.
1823 751 1855 777 de
1868 752 1937 785 Lege
1949 753 2010 787 Agr.
2026 762 2048 785 2,
2063 762 2097 785 23.
2193 754 2223 780 Iu
2232 754 2375 789 [deligendo

1342 793 1437 819 genere
1451 785 1522 811 vitae
1535 786 1604 812 ratio
1619 784 1737 812 habenda
1754 785 1789 811 est
1809 785 1881 812 Idem
1895 787 1946 814 Off.
1965 796 1991 821 1,
2028 808 2034 814 .
2072 808 2079 814 .
2182 789 2292 816 Potestas
2312 790 2377 817 deli-

2280 833 2296 851 2
2330 824 2377 852 Sed

2136 822 2322 893 w'irgi1.qun.
2351 868 2376 894 5,

1341 893 1387 925 716
1407 892 1437 918 Et
1456 891 1586 927 quidquid
1603 898 1690 918 tecum
1707 891 1871 925 inualidum,
1900 898 2069 929 metuensque
2088 895 2181 929 pericli
2200 895 2251 927 est,
2281 894 2376 929 delige.

1340 927 1459 961 Propert.
1473 936 1498 959 2,
1511 936 1550 959 23,
1571 934 1615 960 105
1640 928 1687 954 Tu
1702 928 1774 962 prius
1794 934 1819 954 et
1833 927 1926 954 flue’tus
1940 930 2038 963 poteris
2052 930 2144 957 siccare
2157 930 2285 961 marinos,
2305 930 2377 957 Alta-

1342 971 1393 996 que
1412 963 1520 989 mortali
1540 963 1656 996 deligere
1674 963 1739 989 astra
1758 972 1846 989 manu.
1951 964 2031 993 Ouid.
2045 965 2123 999 Epist.
2142 976 2176 1000 4,
2195 975 2226 998 3ο
2253 966 2283 991 Et
2302 965 2379 993 tenui

1342 998 1454 1031 primam
1471 998 1586 1032 deligere
1603 1007 1689 1033 vngue
1708 1000 1810 1031 rosam,
1836 1001 1854 1025 i.
1870 998 2004 1034 decerpere.
2076 1000 2156 1027 Plaut.
2172 1001 2241 1028 Asin.
2259 1009 2282 1033 3,
2302 1009 2324 1033 3,
2341 1004 2378 1034 42

1342 1033 1413 1059 Hinc
1426 1034 1485 1059 med
1498 1040 1629 1060 amantem
1642 1042 1674 1060 ex
1686 1033 1794 1061 aedibus
1808 1034 1907 1069 delegit
1925 1036 1982 1061 eius
2001 1039 2098 1066 mater,
2118 1039 2136 1062 i.
2150 1039 2219 1063 eiecit
2228 1057 2236 1068 ‚
2253 1043 2282 1062 vt
2295 1039 2339 1072 qui
2350 1036 2380 1062 de

1342 1070 1404 1095 olere
1416 1068 1504 1095 leflam
1515 1079 1609 1096 erucam
1623 1070 1733 1095 abjiciat.
1788 1071 1891 1105 Reliqua
1900 1089 1906 1100 ,
1922 1078 1982 1105 quae
1993 1070 2026 1096 ad
2039 1071 2122 1096 Plauti
2135 1073 2153 1097 l.
2165 1081 2186 1098 c.
2204 1071 2379 1099 Taubmannus

1341 1104 1454 1140 collegit,
1471 1111 1495 1130 et
1508 1106 1600 1131 Parcus
1614 1108 1642 1131 in
1653 1106 1737 1131 Lexic.
1750 1105 1813 1131 Crit.
1831 1105 1955 1141 nonsatis
1968 1106 2015 1132 huc
2026 1109 2153 1133 conuenire
2166 1107 2292 1142 putabam.
2334 1107 2379 1133 Ve-

1341 1149 1397 1166 rum
1411 1139 1467 1166 Cle.
1481 1139 1509 1166 in
1522 1141 1610 1166 Vatin.
1633 1150 1654 1166 c.
1669 1149 1699 1173 14
1724 1150 1753 1166 ex
1771 1143 1871 1176 optimi}
1890 1141 2019 1177 quibusque
2037 1141 2109 1167 libris
2127 1143 2233 1178 reposuit
2246 1144 2380 1174 Graeuius,

1342 1175 1417 1202 Num
1431 1175 1489 1210 quis
1502 1184 1561 1201 reus
1597 1191 1641 1196 --
1677 1175 1800 1202 subsellia
1819 1176 1958 1210 dissiparit?
1990 1178 2074 1202 Vrnas
2087 1176 2229 1211 delegerit,
2248 1181 2267 1205 i.
2276 1176 2380 1211 abstule-

1340 1213 1393 1243 rit,
1414 1210 1537 1237 deiecerit.
1593 1212 1624 1237 131
1640 1220 1688 1246 pro
1702 1212 1814 1237 Caecina
1833 1221 1855 1237 c.
1869 1219 1900 1245 27
1939 1212 2056 1245 Qicum
2070 1218 2097 1238 tu
2116 1212 2221 1247 posthac
2242 1213 2274 1239 de
2288 1213 2380 1247 posses-

1343 1246 1414 1272 sione
1432 1246 1586 1278 contendes,
1606 1256 1683 1279 cum,
1702 1247 1719 1273 si
1733 1247 1872 1281 ingressum
1888 1247 1969 1273 modo
1984 1247 2126 1281 delegeris,
2146 1249 2173 1274 in
2186 1248 2323 1283 praedium
2339 1256 2382 1274 re-

1341 1281 1431 1308 stituas
1454 1282 1597 1316 oportebit.
1662 1283 1705 1309 Sic
1726 1284 1845 1308 Gracuius
1868 1282 1921 1315 hic,
1932 1285 2005 1309 otiam
2027 1292 2056 1309 ex
2079 1284 2154 1311 MSS.
2172 1290 2221 1319 pro
2245 1280 2380 1310 deieceris.

1341 1314 1363 1354 ff
1389 1326 1402 1349 3
1440 1317 1600 1353 Oin⁷r11anda
1616 1320 1643 1344 in
1661 1318 1706 1345 hoc
1718 1318 1789 1344 verbo
1802 1317 1910 1354 confusio
1924 1317 2128 1353 Pracpqfitionum
2142 1319 2181 1345 De
2194 1326 2218 1345 et
2230 1319 2274 1345 Di.

1379 1358 1398 1378 D
1407 1358 1423 1378 E
1433 1359 1448 1378 L
1458 1360 1474 1379 E
1483 1359 1500 1380 c
1512 1360 1533 1379 'r
1543 1359 1561 1378 v
1573 1361 1602 1385 s,
1622 1362 1646 1386 a,
1665 1362 1719 1379 um.
1756 1354 1848 1380 Partic.
1886 1355 1898 1387 [
1906 1353 2104 1388 ἐπὼλιγμένος]
2139 1353 2241 1381 Βείεξὶὶ
2254 1354 2286 1380 ad
2300 1362 2380 1380 omne

1341 1387 1443 1414 facinus
1461 1388 1551 1415 coloni
1588 1388 1644 1415 Cic.
1667 1389 1698 1415 de
1717 1389 1785 1423 Lege
1804 1390 1866 1423 Agr.
1885 1398 1906 1415 c.
1929 1397 1966 1424 17.
2038 1390 2160 1424 Coi-pora
2176 1388 2267 1416 virsim
2284 1389 2382 1423 Virgil.

1343 1424 1408 1450 Aen.
1423 1432 1448 1456 2,
1464 1429 1497 1454 18.
1567 1425 1622 1452 Cic.
1639 1433 1687 1458 pro
1700 1425 1775 1450 Rosc.
1791 1425 1879 1451 Anicr.
1917 1445 1923 1452 .
1961 1444 1967 1451 .
2003 1425 2043 1451 Ad
2059 1434 2150 1451 eamne
2165 1434 2222 1452 rem
2233 1434 2282 1451 vos
2300 1424 2382 1451 reser-

1342 1459 1399 1485 vati
1420 1460 1489 1491 estis,
1504 1459 1536 1485 ad
1550 1468 1641 1486 eamne
1655 1468 1712 1486 rem
1731 1459 1842 1492 delecti,
1860 1465 1889 1486 vt
1903 1468 1948 1486 cos
1962 1460 2188 1490 condemnaretis,
2206 1460 2252 1487 cic.
2322 1460 2384 1486 Dux

1343 1494 1435 1527 Nepos
1448 1503 1491 1525 20,
1505 1503 1530 1525 i,
1548 1503 1570 1526 3.
1674 1495 1771 1528 Virgil.
1787 1496 1850 1521 Aen.
1865 1500 1903 1528 9,‘
1914 1497 1960 1522 162
1982 1495 2025 1521 Bis
2039 1497 2151 1531 septem,
2171 1496 2270 1523 Rutulo
2281 1504 2383 1526 muros,

1343 1528 1392 1561 qui
1409 1528 1496 1553 milite
1516 1529 1618 1555 seruent
1636 1528 1740 1555 delecti.
1813 1531 1869 1556 Cic.
1882 1539 1931 1564 pro
1945 1531 2034 1557 Domo
2071 1551 2076 1558 .
2115 1552 2121 1557 .
2157 1532 2256 1558 Nonne
2272 1531 2325 1556 fuit
2348 1539 2381 1556 eo

1343 1562 1430 1588 maior
1444 1562 1593 1588 adhibenda
1604 1564 1751 1595 medicina,
1772 1574 1839 1598 quae
1851 1571 1876 1591 et
1890 1565 1955 1591 illud
1968 1566 2115 1599 Natiuum,
2136 1572 2161 1593 et
2180 1566 2230 1594 hoc
2250 1562 2384 1599 delefihun

1342 1597 1441 1623 malum
1454 1598 1542 1623 sanare
1554 1598 1634 1631 posset
1648 1599 1657 1624 3
1761 1599 1854 1625 Manus
1874 1600 1966 1633 Nepos
1982 1609 2002 1633 i,
2016 1609 2037 1632 ι,
2051 1610 2077 1633 4.
2148 1602 2189 1628 Ab
2202 1601 2276 1627 omni
2287 1600 2383 1625 ordine

1342 1631 1438 1658 delefii
1452 1633 1577 1659 Oratores
1590 1634 1665 1666 Virg.
1674 1634 1739 1659 Aen.
1753 1641 1779 1668 7,
1794 1642 1842 1666 152.
1914 1634 2017 1661 Deieffl
2029 1637 2098 1666 viri,
2112 1635 2199 1671 fortes
2213 1642 2236 1661 et
2242 1636 2384 1670 praecipui,

1340 1668 1381 1693 vel
1397 1670 1491 1703 egregii
1510 1667 1565 1693 Cic.
1580 1668 1662 1694 Tusc.
1683 1676 1704 1700 1,
1741 1687 1749 1694 .
1787 1687 1793 1694 .
2268 1695 2270 1697 .

1377 1708 1594 1735 DELECTVS,
1614 1700 1653 1728 sis.
1690 1712 1725 1729 m.
1762 1702 1893 1735 verbale,
1913 1703 1980 1738 quod
1992 1704 2065 1739 saepe
2077 1704 2201 1739 scribitur
2221 1710 2385 1735 DILEC'rvs,

1340 1743 1370 1763 vt
1381 1740 1456 1772 paria
1463 1737 1522 1772 fere
1536 1740 1592 1764 iura
1606 1737 1701 1764 habeat.
1737 1737 1877 1772 [ἕπιλογὴ]
1913 1739 1985 1765 Caes.
2007 1739 2034 1764 B.
2048 1739 2080 1764 G.
2095 1744 2118 1770 8,
2154 1757 2160 1765 .
2199 1758 2205 1765 .
2242 1739 2313 1765 Nam
2333 1739 2383 1765 Cn.

1341 1773 1480 1807 Pompeius
1500 1772 1631 1806 legionem
1651 1772 1778 1807 primam,
1798 1782 1877 1808 quain
1895 1774 1926 1800 ad
1939 1774 2075 1800 Caesarem
2093 1775 2216 1806 miserat,
2231 1772 2385 1800 confectam

1342 1816 1374 1834 ex
1393 1807 1496 1834 dele&u
1517 1808 1688 1841 prouinciae,
1712 1809 1815 1835 Caesari
1835 1817 1893 1834 eam
1912 1816 2035 1843 tanquam
2056 1817 2087 1835 cx
2107 1810 2154 1835 suo
2173 1817 2285 1834 numero
2303 1807 2386 1834 dedit.

1343 1843 1399 1869 Cic.
1410 1844 1486 1868 Verr.
1501 1851 1517 1868 2
1537 1851 1558 1868 c.
1571 1850 1602 1876 50
1621 1843 1803 1877 Omniumque
1816 1852 1906 1870 rerum
1919 1843 2049 1870 delectum
2061 1849 2140 1877 atque
2153 1843 2294 1869 discrimen
2308 1851 2387 1877 pecu-

1343 1877 1388 1903 nia
1401 1876 1544 1903 sustulisset.
1638 1877 1713 1904 Idem
1731 1886 1780 1911 pro
1793 1878 1896 1904 Cluent.
1912 1884 1954 1909 128
1982 1878 2062 1911 Qiod
2073 1878 2144 1904 idem
2162 1878 2247 1904 facere
2266 1879 2385 1905 censores

1343 1912 1371 1938 in
1385 1911 1488 1938 deiectu
1502 1911 1652 1947 dignitatis,
1671 1917 1697 1938 et
1712 1913 1741 1938 iii
1754 1912 1857 1939 iudicio
1870 1914 1972 1939 ciuium
1985 1920 2011 1940 et
2024 1914 2052 1939 in
2066 1913 2291 1941 animaduersione
2305 1914 2386 1941 vitio-

1345 1956 1403 1974 rum
1413 1968 1422 1980 ,
1442 1946 1489 1982 qui
1503 1949 1652 1975 conuenit?
1754 1947 1878 1976 Dele&iis
1898 1954 1924 1976 ct
1937 1949 2042 1976 notatio
2061 1948 2180 1976 iudiciiin
2194 1950 2278 1985 etiam
2297 1950 2326 1976 in
2338 1958 2387 1976 no-

1344 1983 1403 2009 stris
1422 1982 1526 2009 ciuibus
1540 1982 1633 2010 haberi
1647 1983 1712 2010 solet
1729 1983 1785 2010 Cic.
1798 1983 1911 2018 Philipp.
1926 1992 1954 2017 5,
1968 1993 2004 2016 3¹·
2108 1984 2252 2018 Dignitatis
2269 1985 2387 2011 delcetus

1344 2019 1374 2044 in
1391 2017 1562 2045 beneficentia
1580 2018 1611 2045 fit
1630 2020 1703 2045 Idem
1721 2019 1773 2046 Off.
1790 2027 1809 2050 1,
1823 2027 1864 2052 45.
1936 2018 2057 2046 Deiectus
2076 2021 2247 2054 personarum
2262 2020 2384 2047 Scribon.

1344 2054 1391 2087 Ep.
1430 2073 1436 2079 .
1584 2055 1639 2081 Cic.
1654 2055 1686 2081 de
1698 2054 1768 2082 Clar.
1783 2055 1857 2081 Orat.
1877 2063 1898 2080 c.
1912 2061 1947 2089 72
1978 2055 2121 2090 Primoque
2140 2055 2168 2081 in
2185 2055 2257 2082 libro
2277 2056 2387 2088 dixerit,

1344 2088 1498 2115 Verborum
1516 2089 1647 2116 delectum
1667 2090 1799 2125 originem
1814 2091 1862 2116 esse
1878 2090 2054 2124 eloquentiae.
2136 2091 2251 2117 Virtutis
2271 2091 2388 2118 dele&us

1344 2124 1417 2151 Idem
1437 2134 1484 2159 pro
1503 2127 1584 2152 Corn.
1603 2125 1675 2153 Balb.
1689 2134 1734 2161 49.
1838 2126 1944 2152 Caeteri
1959 2126 2016 2160 agri
2050 2141 2096 2146 -—-
2130 2126 2184 2153 sine
2197 2126 2253 2153 vllo
2267 2126 2388 2159 delean,

1345 2159 1398 2186 sine
1419 2161 1510 2194 Popul.
1524 2161 1634 2188 Rotnan-
1653 2162 1780 2194 notione,
1798 2161 1851 2188 sine
1868 2160 1971 2187 iudicio
1990 2161 2096 2188 Senatus
2114 2162 2268 2188 addicentur
2285 2161 2388 2189 decem-

1345 2196 1428 2224 viris?
1444 2197 1500 2223 Cic.
1513 2196 1546 2223 de
1557 2197 1626 2231 Lege
1640 2197 1702 2231 Agr.
1716 2206 1741 2230 2,
1756 2205 1787 2231 57
1807 2206 1829 2223 c.
1843 2202 1884 2227 28-
1955 2196 2029 2223 Idem
2042 2197 2073 2223 de
2084 2197 2142 2224 Fin.
2155 2205 2176 2230 5,
2189 2206 2224 2230 90
2243 2197 2315 2224 Mihi
2327 2198 2388 2232 qui-

1346 2231 1406 2258 dem
1419 2232 1499 2258 etiam
1513 2232 1609 2258 lautius
1623 2233 1745 2265 videtur,
1765 2232 1836 2267 quod
1849 2232 1975 2267 eligitur,
1995 2239 2020 2259 et
2038 2233 2070 2259 ad
2090 2233 2161 2268 quod
2180 2233 2296 2259 deleiShis
2314 2233 2389 2260 adhi-

1345 2266 1432 2293 betur.
1468 2267 1540 2304 Cons.
1554 2267 1626 2295 ldem
1639 2269 1722 2295 Bruto
1740 2277 1761 2294 c.
1775 2276 1808 2301 ις.
1879 2269 1964 2303 Agere
1982 2268 2024 2295 vel
2044 2268 2141 2295 habere
2162 2268 2307 2301 delectum,
2330 2267 2388 2296 uid.

1348 2309 1476 2330 AGERE
1499 2310 1522 2329 et
1543 2310 1696 2331 HABERE
1718 2304 1850 2330 delectum
1868 2303 1928 2330 Liu.
1948 2312 1977 2336 2,
2013 2324 2021 2331 .
2060 2324 2066 2331 .
2136 2304 2322 2339 Superbislimo
2341 2304 2386 2330 de-

1347 2337 1417 2364 lectu
1438 2345 1463 2365 et
1481 2338 1612 2365 durisliina
1632 2339 1826 2374 conquisitione
1845 2339 1968 2366 collectus
1987 2340 2117 2366 exercitus
2135 2339 2192 2367 Cic.
2214 2339 2247 2366 de
2264 2339 2388 2368 Prouinc.

1347 2373 1454 2399 Consul.
1491 2393 1497 2399 .
1536 2393 1542 2400 .
1637 2375 1774 2401 Conficere
1788 2374 1920 2401 deleclmm
1937 2375 2010 2401 Caes.
2025 2376 2052 2402 B.
2066 2376 2098 2402 G.
2114 2377 2140 2407 6,
2176 2395 2182 2402 .
2220 2395 2227 2402 .
2299 2375 2388 2402 Noui·

1348 2408 1493 2435 deleffibus
1511 2409 1609 2435 multos
1627 2411 1759 2437 contraxit
1779 2410 1870 2444 Nepos
1887 2419 1927 2442 23,
1940 2413 1967 2442 6,
1981 2420 2009 2444 4.
2116 2411 2263 2438 Decernere
2283 2411 2345 2438 Liu.
2363 2419 2389 2444 3,

1384 2463 1391 2470 .
1505 2443 1613 2470 ΒεΙεᾶυ
1627 2445 1718 2479 aliquo
1731 2450 1775 2471 aut
1788 2445 1915 2479 sapientia
1926 2454 1982 2470 non
1995 2445 2101 2471 ducitur
2113 2445 2144 2471 ad
2156 2445 2327 2473 iudicandum
2342 2455 2389 2480 po-

1348 2478 1439 2513 pulus,
1461 2478 1518 2509 sed,
1533 2486 1576 2505 cte.
1598 2479 1653 2506 Cic.
1666 2489 1714 2514 pro
1726 2480 1812 2506 Planc.
1825 2488 1851 2513 9.
1922 2480 2031 2506 Edicere
2050 2479 2111 2506 Liu.
2125 2488 2151 2512 2,
2177 2499 2184 2506 .
2293 2481 2390 2506 Facere

1348 2519 1449 2540 certum
1461 2513 1607 2541 studiorum
1626 2514 1756 2541 deletSium
1774 2523 1853 2541 nemo
1867 2514 2011 2543 diffiiaserit
2025 2514 2156 2548 Qiniffil.
2170 2524 2196 2548 2,
2209 2520 2222 2545 8
2244 2524 2316 2550 quam
2349 2524 2390 2541 or-

1348 2550 1437 2575 mulam
1457 2555 1536 2575 tamen
1554 2552 1683 2586 impugnat
1701 2551 1787 2583 Valla,
1812 2559 1880 2590 quem
1898 2549 1951 2577 vid.
1966 2558 1990 2582 5,
2008 2552 2048 2576 61.
2143 2551 2238 2576 Facere
2257 2550 2315 2575 dele
2343 2559 2389 2577 um

1349 2584 1481 2617 rnilitum,
1499 2585 1551 2610 vid.
1571 2591 1680 2612 FAcio.
1751 2585 1846 2612 Habiti
1858 2585 1973 2611 deleatis
1987 2585 2055 2611 Vell.
2070 2593 2093 2617 2,
2108 2593 2151 2611 ιιι.
2221 2584 2326 2612 Iudicio
2340 2586 2389 2612 suo

1351 2619 1481 2645 deieetum
1495 2619 1591 2646 habere
1602 2620 1718 2655 aliquem
1732 2621 1788 2646 Cic.
1803 2622 1842 2654 Q
1852 2620 1935 2646 Fratr.
1951 2628 1971 2652 1,
1986 2628 2006 2646 i.
2058 2618 2164 2647 Habere
2176 2619 2307 2647 deleuimm
2319 2621 2390 2647 mili-

1350 2661 1408 2681 tum
1423 2655 1495 2681 Caes.
1509 2656 1536 2681 B.
1551 2656 1580 2682 C.
1595 2664 1615 2690 1,
1630 2664 1660 2682 ii.
1733 2655 1840 2682 Habere
1854 2654 1984 2681 delcetum
1997 2654 2064 2680 ciuis
2077 2661 2102 2681 et
2113 2656 2246 2692 peregrini
2267 2656 2322 2681 Cic.
2336 2654 2390 2681 Off.

1353 2697 1374 2720 1,
1394 2698 1450 2721 149·
1490 2690 1557 2715 Add.
1576 2690 1608 2715 de
1621 2692 1695 2717 Orat.
1710 2699 1722 2721 3
1748 2699 1770 2716 c.
1786 2698 1825 2724 37.
1929 2690 2105 2724 Acceptorum
2124 2690 2311 2717 beneficiorum
2330 2691 2390 2716 sunt

1351 2722 1465 2748 deiectus
1478 2722 1591 2749 habendi
1605 2725 1660 2749 Cic.
1669 2725 1721 2750 Off.
1736 2732 1757 2756 i,
1769 2733 1814 2756 49.
1884 2724 2024 2751 Instituere
2039 2724 2169 2751 deleelum
2181 2724 2315 2757 militum,
2336 2724 2390 2752 uid.

1351 2763 1521 2784 1NsTiTvo.
1589 2759 1767 2785 Intermittere
1786 2759 1857 2785 Caes.
1871 2759 1899 2784 B.
1913 2759 1943 2785 C.
1957 2768 1983 2792 1,
2020 2780 2026 2787 .
2140 2760 2266 2786 Mandare
2279 2761 2339 2786 Liu.
2348 2768 2390 2793 25,

1388 2811 1394 2818 .
1432 2811 1438 2818 .
1509 2792 1565 2818 Cic.
1578 2792 1630 2819 Off.
1643 2802 1661 2825 i,
1699 2813 1705 2819 .
1742 2813 1748 2819 .
1785 2795 1841 2827 Qii
1856 2799 1943 2820 tamen
1956 2794 2081 2821 haberent
2095 2793 2136 2820 ius
2151 2795 2225 2821 suum
2240 2795 2390 2830 disputandi

1352 2826 1384 2854 de
1398 2826 1497 2860 officio,
1518 2827 1535 2854 si
1550 2836 1640 2855 rerum
1653 2828 1769 2864 aliquem
1783 2829 1912 2857 delectum
1924 2830 2096 2864 reliquissent,
2116 2835 2145 2855 vt
2156 2829 2188 2856 ad
2202 2829 2285 2857 officii
2297 2832 2391 2858 inuen-

1351 2863 1452 2890 tionem
1465 2863 1549 2889 aditus
1564 2864 1631 2890 esset.
1737 2864 1846 2891 Tenere
1864 2864 1996 2892 deiectum
2014 2874 2103 2891 rerum
2123 2865 2177 2891 Cic.
2192 2865 2223 2892 de
2237 2867 2294 2895 Fin.
2309 2875 2336 2900 1,
2353 2875 2390 2899 33.

1351 2895 1372 2934 ff
1393 2907 1410 2926 2
1445 2898 1519 2933 Quod
1533 2899 1642 2925 diximus
1655 2899 1787 2926 Dilectum
1800 2900 1844 2936 sae
1862 2909 1873 2926 e
1879 2900 1961 2936 scribi
1967 2920 1976 2932 ,
1996 2899 2058 2926 illud
2076 2900 2103 2926 ob
2116 2907 2226 2927 eructum
2239 2912 2254 2927 a
2267 2904 2344 2929 Pareo
2363 2906 2391 2929 in

1352 2936 1436 2960 Lexic.
1450 2935 1513 2960 Crit.
1534 2941 1557 2959 et
1587 2934 1696 2968 Iuribus,
1717 2945 1776 2971 qumr
1788 2907 1891 2962 lauaem
1904 2937 2059 2962 Burmannus
2071 2946 2085 2962 α
2115 2936 2195 2963 Ouid.
2204 2937 2267 2963 Met.
2282 2946 2320 2969 io,
2332 2946 2393 2971 324.

1350 2969 1475 3031 dDraIkenb.
1489 2969 1523 2996 ad
1536 2941 1584 2997 Silp
1594 2977 1621 3008 ἶ,
1635 2979 1676 3003 43.
1728 2973 1844 3006 Exempla
1863 2974 1936 2997 etiam
1949 2971 2011 3007 sunt
2025 2971 2082 2997 Sen.
2097 2970 2129 2998 de
2144 2972 2233 2999 Benef.
2252 2981 2280 3007 2,
2296 2977 2330 3003 18.
2366 2978 2391 2999 ec

1369 3014 1382 3031 e
1413 3013 1442 3031 ra
1459 3013 1482 3037 3,
1502 3013 1525 3031 2.

1386 3046 1404 3066 Β
1415 3047 1479 3067 ELE
1490 3046 1506 3066 c
1519 3046 1587 3067 '1⁸10
1599 3059 1606 3071 ‚
1632 3040 1698 3066 anis.
1733 3040 1753 3067 f.
1795 3041 1935 3076 Agroetius
1952 3042 2013 3068 Vct.
2027 3041 2143 3068 Gramm.
2158 3045 2196 3069 aie
2208 3042 2328 3069 Alicuius
2346 3043 2387 3069 rei

1352 3076 1515 3102 examinatae
1528 3075 1702 3102 delectionem
1715 3076 1882 3110 appellamus.
1937 3077 2008 3104 Nam
2021 3077 2106 3112 Diligi
2118 3077 2281 3110 affeetionis,
2300 3077 2390 3112 Deligi

1351 3111 1445 3138 iudicii
1459 3111 1502 3137 est.
1544 3112 1601 3138 Vici.
1617 3112 1719 3145 Vopisc.
1734 3113 1823 3139 Aurel.
1842 3122 1863 3139 c.
1874 3121 1918 3145 40.

1388 3154 1406 3173 D
1416 3154 1431 3173 Ε
1441 3152 1507 3173 LEC
1517 3153 1591 3173 TOR
1601 3166 1609 3179 ‚
1634 3147 1697 3173 oris.
1732 3157 1767 3173 m.
1803 3149 1923 3174 Frontin.
1937 3148 2045 3183 Strateg.
2057 3158 2086 3182 4,
2105 3156 2129 3178 1,
2148 3155 2161 3180 3
2188 3147 2300 3180 Pyrrhus
2319 3148 2389 3176 dele-

1353 3182 1422 3209 &ori
1437 3184 1483 3208 suo
1496 3182 1580 3208 fertur
1595 3182 1686 3209 dixisse
1700 3192 1706 3208 τ
1735 3189 1763 3208 tu
1779 3183 1887 3216 grandes
1901 3183 1984 3217 elige,
2002 3193 2052 3219 ego
2071 3192 2115 3210 cos
2126 3182 2208 3209 fortes
2220 3183 2337 3210 reddam.

1389 3224 1456 3244 DEL
1468 3220 1513 3244 fM
1523 3224 1557 3250 o,
1577 3222 1629 3244 are.
1667 3218 1837 3253 [dm'f'nlg'w]
1875 3220 1912 3246 De
1926 3228 1952 3245 re
1965 3219 2048 3255 aliqua
2061 3221 2154 3245 limare.
2190 3217 2255 3245 Plin.
2269 3227 2311 3252 34,
2327 3228 2349 3246 ιι
2369 3219 2390 3246 s.

1353 3254 1388 3279 26
1407 3253 1461 3279 Alii
1476 3253 1629 3279 delimatum
1642 3254 1708 3280 aeris
1733 3254 1825 3280 cobeiu
1837 3260 1909 3281 aceto
1922 3255 2051 3288 spargunt.

1389 3294 1539 3315 DEL1MA
1552 3295 1572 3315 Τ
1586 3296 1641 3321 10,
1671 3289 1736 3315 finis.
1772 3289 1792 3315 f.
1825 3290 1902 3325 Apud
1920 3290 2062 3324 Apuleium
2080 3286 2123 3321 effe
2143 3288 2255 3316 dicitur.-
2273 3289 2325 3330 fid
2339 3298 2387 3316 non

1349 3323 1420 3352 habet
1435 3324 1490 3349 ind.
1507 3323 1609 3350 floridi.
2231 3347 2233 3349 .

1387 3364 1405 3384 D
1414 3366 1455 3385 131„
1465 3367 1474 3385 1
1484 3366 1506 3384 M
1517 3366 1536 3385 Α
1545 3366 1566 3386 Τ
1575 3366 1593 3385 Ο
1604 3366 1623 3386 R
1632 3379 1639 3391 ,
1660 3359 1724 3385 oris.
1760 3368 1796 3386 m.
1832 3359 1910 3385 Gloss.
1925 3358 2031 3391 Cyrilli.

1350 3429 1366 3455 s
1389 3399 1432 3433 pr
1443 3401 1559 3420 LIMIT
1571 3400 1590 3420 O
1602 3415 1610 3427 ‚
1638 3399 1690 3421 are.
1726 3394 1846 3422 Frontin.
1863 3394 1938 3421 Goes.
1963 3402 1988 3428 p.
1999 3397 2038 3426 38.
2082 3394 2156 3430 Conf.
2173 3394 2279 3422 Fabrett.
2299 3393 2333 3420 ad
2345 3394 2388 3422 In.

1361 3437 1399 3455 cri
1420 3435 1448 3455 tt.
1488 3436 1566 3461 .245.
1869 3439 1871 3442 ·

1388 3438 1683 3497 DPELi'zniTATio,
1702 3464 1769 3492 onis.
1795 3464 1815 3491 f.
1853 3463 1972 3490 Frontin.
1991 3473 2014 3497 p.
2025 3472 2080 3497 ¹42·
2101 3466 2143 3492 AI.
2157 3463 2306 3492 delimatioz
2333 3463 2387 3492 uid.

1351 3499 1410 3526 edit.
1424 3500 1543 3526 Kenchcn.
1557 3506 1583 3534 p.
1595 3506 1647 3531 338.

1388 3541 1568 3565 DELIMIS,
1588 3542 1610 3560 e.
1647 3532 1770 3567 Substant.
1805 3533 1908 3560 Delime
1927 3532 2048 3568 bipennis
2067 3535 2152 3562 Varro
2171 3538 2210 3568 ap.
2223 3533 2295 3561 Non.
2308 3543 2331 3567 ε,
2349 3540 2388 3565 82.

1390 3576 1408 3596 D
1418 3576 1433 3596 ε
1443 3577 1510 3596 LIM
1520 3575 1541 3594 v
1553 3576 1576 3595 M
1586 3589 1594 3601 ‚
1608 3569 1625 3594 i.
1646 3578 1671 3595 n.
1698 3571 1738 3595 vel
1759 3576 1777 3595 ι)
1787 3575 1802 3596 Ε
1813 3576 1827 3594 ι.
1838 3575 1910 3595 ιΜΑ
1920 3589 1927 3600 ,
1941 3578 1978 3595 ae.
2007 3570 2026 3596 f.
2064 3570 2129 3597 Idem
2143 3570 2244 3596 videtur
2258 3567 2310 3603 effi,
2340 3569 2388 3596 uod

1354 3605 1425 3631 Lima
1441 3605 1509 3640 apud
1520 3604 1668 3631 Arnobium
1681 3607 1698 3630 6
1723 3613 1746 3638 p.
1763 3612 1815 3630 200
1838 3603 1880 3629 vbi
1897 3603 2032 3631 simulacra
2050 3611 2121 3631 vocat
2138 3603 2304 3632 descobinata
2340 3605 2387 3632 eli-

1339 858 1412 882 ctiam
1424 856 1555 892 auferendi
1568 863 1590 882 et
1597 856 1734 892 separandi
1748 859 1813 882 notio
1826 857 1946 884 interdum
1954 860 2089 893 praeualer-

306 3649 448 3669 DELiGA
460 3648 481 3668 Τ
493 3649 501 3667 1
513 3648 531 3668 O
543 3661 550 3673 ,
569 3642 635 3668 bnis.
658 3642 678 3668 f.
712 3645 822 3678 Apuleio
840 3645 971 3672 tribuitur,
1008 3645 1091 3680 Negat
1113 3641 1170 3670 [ud.
1187 3641 1290 3668 Floridi.
1301 3648 1347 3666 100
1355 3640 1419 3671 mis,
1439 3648 1465 3666 at
1480 3640 1602 3667 Heraldus
1615 3639 1711 3672 dimji'm
1724 3642 1783 3674 legit
1793 3658 1801 3670 ,
1819 3638 1851 3664 de
1864 3639 1950 3672 limis,
1970 3640 2034 3675 quod
2045 3648 2126 3666 vnum
2140 3637 2181 3671 est.

304 3685 346 3704 Dr.
355 3684 387 3702 Li
398 3684 417 3703 G
428 3685 447 3703 A
457 3684 477 3702 T
488 3683 507 3702 o
517 3683 535 3702 R
547 3697 556 3709 ,
581 3678 643 3703 osis.
680 3687 714 3704 m.
749 3680 829 3705 Marc.
841 3682 939 3715 Empir.
978 3700 985 3707 .
1025 3699 1032 3706 .

305 3718 324 3738 D
333 3719 348 3738 E
358 3720 372 3738 L
384 3712 394 3737 i
404 3719 423 3737 G
435 3718 453 3737 O
465 3731 472 3743 ‚
497 3712 555 3745 cgi,
581 3712 683 3744 edium,
708 3715 759 3739 ere.
797 3714 972 3749 [ἓπιλέγομαι,
992 3714 1121 3748 anomala]
1162 3713 1200 3738 Ex
1211 3712 1250 3738 De
1268 3717 1292 3737 et

268 3747 340 3781 Lego
358 3745 507 3781 compositum
523 3757 529 3770 ;
556 3746 676 3780 Deligere
690 3746 738 3779 est,
774 3748 820 3774 uod
836 3755 914 3784 magis
934 3751 1044 3777 idoneum
1059 3750 1092 3776 ad
1105 3757 1153 3775 rem
1172 3747 1290 3783 agendam

267 3780 308 3814 est,
323 3782 351 3808 dc
361 3783 443 3807 multis
456 3790 550 3806 cernere
564 3788 587 3806 et
599 3781 719 3814 astionere.
778 3783 874 3817 eligere
886 3793 1010 3818 generum
1023 3787 1095 3812 Seru.
1109 3783 1141 3810 ad
1155 3783 1209 3809 Cic.
1219 3784 1290 3809 Fam.

267 3827 295 3851 4,
308 3825 330 3850 ς.
365 3816 412 3844 ssd
431 3815 498 3852 conf.
512 3822 641 3843 iimcc.
712 3816 782 3844 Caes.
803 3819 831 3847 B.
842 3818 874 3845 G.
885 3827 908 3850 3,
941 3839 948 3845 .

1390 3681 1436 3701 DE
1448 3682 1590 3708 L1NGO,
1618 3675 1689 3705 inxi,
1715 3676 1766 3700 ere.
1802 3673 1944 3709 [ἔκλείχω]
1987 3675 2052 3702 Idem
2071 3673 2134 3709 quod
2151 3675 2263 3711 Lingere.
2303 3675 2386 3702 Plaut.

1356 3710 1463 3737 Curcul.
1478 3719 1506 3743 4,
1519 3720 1547 3743 4,
1560 3712 1577 3735 6
1603 3709 1654 3735 Hic
1669 3708 1749 3734 hodic
1763 3710 1830 3742 apud
1844 3718 1886 3735 me
1905 3719 2037 3745 nunquam
2058 3709 2172 3743 delinges
2187 3711 2281 3742 salem,
2300 3710 2388 3736 nedum

1354 3753 1384 3770 vt
1396 3754 1485 3771 coenes.
1553 3744 1625 3771 Idem
1639 3744 1705 3770 Pers.
1721 3752 1742 3776 3,
1755 3753 1777 3776 3,
1791 3752 1826 3778 24
1852 3745 1910 3771 Nisi
1923 3754 1965 3772 ine
1977 3745 2039 3771 haec
2052 3743 2181 3775 desendet,
2197 3754 2331 3779 nunquam
2345 3746 2388 3771 de-

1354 3780 1436 3814 linget
1450 3780 1541 3806 salem:
1564 3779 1592 3804 de
1604 3780 1689 3815 lingua
1697 3780 1756 3815 fica.
1827 3779 1967 3816 Delingere
1981 3780 2088 3815 plenum
2101 3780 2238 3808 cochleare
2252 3780 2317 3808 Cels.
2325 3789 2348 3814 3,
2360 3789 2388 3808 22

986 3840 992 3847 .
1027 3821 1110 3848 Duces
1124 3827 1188 3847 vero
1205 3817 1236 3846 hi
1248 3817 1290 3845 de·
1300 3821 1343 3847 105
1350 3825 1397 3843 non
1405 3817 1498 3852 procul
1509 3824 1525 3842 a
1528 3814 1590 3851 fine.

2304 3856 2386 3877 DEM-
