2479 4225
9 3723 13 3730 Ι
37 3706 39 3709 ψ
76 3685 260 3721 praestandum
274 3693 327 3719 qno

84 211 170 254 1¹89
476 203 492 242 1
578 203 624 244 N
710 202 754 243 T

86 299 152 327 quae
166 290 332 325 interpellent
347 291 456 326 Specus,
475 291 613 319 obstabant
625 293 699 319 Curt.
712 300 741 326 4,
754 294 780 326 6,
794 297 817 323 8.
886 291 932 318 Sin
944 292 1014 318 casus
1027 291 1125 328 aliquis

84 326 261 362 interpellarit
279 327 379 353 Matius
393 327 424 353 ad
436 327 492 353 Cic.
508 328 580 355 Fam.
594 336 625 358 ii,
638 334 669 358 28
684 336 748 355 extr.
818 326 978 361 Vigilanteiu
993 327 1030 354 Id.
1047 330 1124 356 Verr.

86 369 112 397 ς,
149 381 155 388 .
192 381 199 388 .
269 361 708 425 leian’0i2til-i.1r§{:v¹(tfigf²fim’
727 364 760 390 D.
775 362 990 402 vsufruehiarius·
1003 364 1124 398 quemad-

84 395 193 424 modum
206 404 303 424 caueat.
632 400 669 433 Q
680 400 748 426 Frat.
763 407 788 430 2,
802 407 830 424 10
848 397 896 423 Tu
910 404 1018 429 metuis,
1031 409 1063 426 ne
1083 409 1124 426 me

1551 204 1568 245 1
1658 205 1702 244 N
1791 207 1835 247 T
2141 227 2227 266 1190

1185 304 1207 320 c.
1223 304 1236 327 7
1254 294 1385 329 Sapientia
1399 293 1512 321 bumana
1529 301 1553 321 et
1568 293 1713 322 affectatrix
1735 300 1760 321 et
1778 295 1962 330 interpolatrix
1983 300 2112 328 veritatis.
2149 302 2224 339 Cous.

1185 330 1282 358 Nazar.
1297 332 1389 364 Paneg.
1403 331 1570 356 Constantini
1582 339 1603 356 c.
1621 337 1653 362 1-5.

1222 373 1231 392 1
1244 373 1263 390 N
1274 372 1318 392 'ri-2
1329 373 1346 391 R
1356 373 1370 391 ι’
1381 370 1401 391 o
1413 372 1457 391 LA
1468 373 1489 391 M
1500 372 1515 391 E
1528 371 1548 390 N
1558 372 1579 390 'r
1590 372 1610 389 ν
1623 373 1645 391 Μ
1656 385 1664 397 ,
1684 364 1702 391 i.
1720 373 1746 391 n.
1773 364 1947 395 Cl.iu.,·:1crt.
1963 371 2066 404 ipraef,

1223 407 1263 427 IN
1274 407 1294 426 T
1304 408 1320 427 13
1332 406 1350 426 R
1360 407 1374 426 Ρ
1387 402 1433 427 GN
1442 406 1461 425 O
1470 420 1477 431 ,
1498 401 1536 426 sui
1544 420 1550 430 ,
1575 402 1654 427 Situm
1662 419 1671 432 2
1691 402 1745 426 &te-
1777 400 1911 433 [ἕντίθημι
1919 421 1926 433 ‚
1939 406 2099 438 παρεντίθημι
2108 426 2116 438 ,
2130 417 2223 442 παρεμ-

85 432 251 467 interpelles?
271 434 358 468 primo
379 433 396 459 si
416 433 445 459 in
462 433 512 459 isto
531 435 622 465 esseni,
636 440 663 460 tu
685 434 733 461 scis
747 434 811 469 quid
829 432 858 459 sit
870 432 1038 466 interpellare
1049 455 1057 467 ,
1077 442 1123 462 cte.
1144 437 1159 464 5
1187 434 1297 470 ἔιὶλλω]
1333 436 1388 462 Cic.
1403 434 1435 460 de
1449 436 1555 475 Amici—t.
1570 445 1582 468 3
1608 435 1686 469 Qiali
1701 435 1773 462 enim
1785 435 1855 470 ipsos
1871 435 1963 463 induxi
1977 439 2128 474 loquentes,
2142 450 2174 468 ne
2185 446 2225 467 in.

86 467 135 495 Tu
147 476 212 495 vcro
226 474 253 494 vt
269 478 310 494 uie
324 474 350 495 ct
360 468 473 503 appelles
483 489 491 502 ,
504 475 530 495 et
544 469 693 504 interpelles
702 489 708 500 ‚
722 476 747 496 et
760 468 922 502 obloquare,
935 475 959 494 et
972 470 1124 505 colloquare

85 503 176 530 velim.
231 504 302 531 Caes.
317 504 343 530 B.
358 505 388 531 C.
405 513 428 537 3,
441 512 484 537 ¹05
513 505 562 531 Sed
581 505 777 539 interpellatum
795 501 909 530 aduentu
930 505 1044 531 Caesaris
1064 515 1124 540 pro-

83 537 185 572 fugisse.
203 541 222 565 i.
240 540 268 566 A
279 546 367 565 conatu
384 545 408 566 et
428 542 524 575 incepto
542 541 696 567 deterritum.
766 538 889 566 Tribuni
904 539 1069 574 interpellant
1085 542 1125 568 in-

84 578 230 608 terregem,
248 583 281 601 ne
302 575 362 601 Liu.
383 585 412 609 4,
428 583 464 607 43.
485 578 503 601 i.
523 576 688 602 intercedunt.
765 572 978 601 Iurisdiffionem
1004 576 1125 609 alicuius,

1185 480 1257 506 quam
1273 480 1298 497 et
1315 474 1398 506 inquit
1417 471 1517 504 saepius
1532 478 1755 505 interponeretur.
1826 470 1901 497 Idem
1913 473 1987 499 Verr.
2003 483 2022 505 1,
2035 484 2064 506 30
2084 486 2104 502 c.
2119 485 2141 503 ιι
2182 478 2224 504 In.

1185 506 1347 541 terposuistis
1362 507 1560 536 Accusatorem,
1580 508 1627 540 qui
1641 514 1722 541 quum
1739 514 1788 540 ego
1801 506 1870 533 mihi
1890 512 1906 533 c
1922 513 1948 532 et
1962 515 1981 533 x
1998 509 2052 535 dics
2065 510 2132 538 solos
2146 511 2174 538 in
2187 513 2226 538 Si-

1184 542 1273 568 ciliain
1292 541 1470 576 postulassem,
1493 547 1509 566 C
1534 547 1559 567 et
1580 548 1641 568 V111
1668 541 1716 568 sibi
1736 541 1763 567 in
1786 541 1912 568 Achaiam
1933 542 2083 576 postularet.
2167 547 2224 573 Cic.

1184 577 1297 611 Philipp.
1316 586 1340 610 z,
1354 585 1406 616 95·
1421 584 1433 609 ς
1463 577 1535 609 Qud
1553 577 1623 602 enim
1637 586 1678 604 me
1698 577 1894 610 interponerem
1908 577 2040 605 Audaciae
2054 586 2126 611 tuae,
2146 590 2224 615 quam

82 611 102 635 i.
124 609 245 644 Impeclire
257 609 421 637 Modestinus
438 611 465 636 in
479 610 495 636 l.
515 620 601 646 neque
619 611 732 637 infantes
745 607 776 636 D.
791 609 822 636 de
837 609 1079 638 fideicommiss'ariis
1092 613 1123 639 li·
1136 621 1166 640 10
1184 621 1270 646 neque
1283 613 1425 638 auctoritas
1444 611 1524 638 huius
1543 611 1766 646 ordinis‚‚ncque
1786 612 1947 639 existimatio
1967 614 2029 648 Pop.
2043 614 2120 640 Rom.
2140 625 2226 651 neque

83 643 239 672 bertatibus.
311 645 538 673 Manumislionem
556 647 626 673 serui
644 646 741 672 Iulian.
752 645 780 671 in
792 644 809 672 l.
823 645 840 672 si
854 644 989 672 hominem
1004 647 1035 673 D.
1051 657 1123 674 nian-

84 679 148 707 dati.
218 681 311 707 Otium
325 680 397 707 bello
417 681 492 708 Curt.
506 685 533 714 6,
546 684 572 714 6,
588 691 620 708 12.
691 681 753 708 Liu.
767 689 788 713 3,
802 688 830 714 57
857 680 910 706 Vbi
929 682 1049 709 tollentes
1064 692 1123 710 cor-

83 724 132 750 pus
150 716 318 742 seinianimae
337 716 466 750 virginis,
492 718 613 751 sponsum
633 717 846 750 auunculumque
865 716 893 742 in
913 726 1040 745 carcerem
1059 718 1122 745 duci

82 751 200 783 iusserit,
220 751 315 785 Stupro
334 751 502 786 interpellato
520 754 617 786 magis,
637 761 717 787 quani
741 752 818 778 caede
839 758 933 778 motus.
1002 754 1074 780 Caes.
1094 755 1123 780 B.

83 787 115 812 C.
128 794 150 818 3,
164 793 194 820 73
225 787 274 812 Sed
294 786 346 813 siue
360 787 476 821 ipsorum
492 787 672 822 perturbatio,
690 788 743 814 siue
758 796 832 815 error
846 787 957 821 aliquis,
976 788 1027 814 siue
1041 790 1122 816 etiam
1138 789 1164 816 ¹5

81 821 192 848 fortuna
212 827 313 856 partam
329 823 382 849 iam
401 823 614 858 praesentemque
628 823 778 850 Victoriam
796 822 989 856 interpellass'et,
1010 823 1123 851 dandam

82 856 209 884 omnibus
236 866 365 892 operam,
392 864 421 884 vt
452 865 586 892 acceptum
618 857 816 885 incommodum
845 858 942 884 virtute
972 859 1121 887 sarciretur.

82 891 145 918 Liu.
165 900 190 924 9,
207 901 237 926 ¹4
273 894 366 930 Itaque
383 893 451 927 apud
471 894 587 920 infensos
607 893 643 920 ob
664 893 855 928 interpellatam
872 892 1036 921 dulcedinem
1057 897 1123 927 Irae,

84 927 221 954 confestim
239 929 327 955 oratio
346 927 435 955 habita
454 929 505 959 est,
521 937 551 956 vt
565 929 703 956 doceretur
720 929 805 961 miles,
817 935 862 954 etc.
881 931 899 954 i.
921 930 957 956 Ob
970 938 1094 957 reuocatoae
1107 942 1122 957 a

81 962 152 989 caede
167 964 267 989 milites.

82 1007 180 1025 uocare.
250 999 412 1033 Pomponius
430 1000 459 1025 in
478 1000 495 1026 l.
509 1000 596 1027 Labeo
608 1001 640 1027 D.
659 1000 691 1026 de
709 1001 816 1026 nautico
829 999 930 1032 fenore,
948 1002 974 1027 Si
989 1010 1067 1028 nemo
1079 1002 1121 1034 sit,

83 1034 132 1068 qui
154 1042 186 1059 ex
205 1040 277 1067 parte
296 1034 460 1068 promissoris
479 1036 644 1071 interpellari
663 1035 825 1063 traiecticiae
843 1036 967 1070 pecuniae
982 1038 1068 1071 poffit:
1093 1038 1122 1064 id

82 1069 168 1103 ipsum
193 1069 381 1096 contestatione
410 1071 550 1105 complecti
569 1071 681 1106 debere,
700 1077 728 1097 vt
751 1079 799 1104 pro
819 1071 946 1105 petitione
962 1072 989 1098 id
1009 1073 1122 1100 cederet.

81 1104 230 1131 Poffeffores
253 1104 424 1139 interpellare
444 1105 522 1133 debet
543 1106 668 1133 secundus
688 1105 805 1133 creditor
825 1107 913 1140 Papiri.
926 1107 952 1133 in
967 1107 1005 1138 ’,ι
1024 1111 1050 1134 in
1057 1108 1122 1144 fine,

81 1138 116 1166 D.
128 1138 160 1164 de
179 1138 293 1165 distract.
312 1140 417 1174 pignor-
488 1143 539 1169 Res
558 1141 723 1176 interpellata
740 1141 827 1171 bello,
840 1142 937 1168 refrixc

82 1183 104 1205 ι,
120 1182 157 1207 ι9.
231 1175 318 1201 Valer.
331 1177 400 1203 Max.
414 1185 436 1209 3,
452 1185 473 1209 ι,
487 1186 499 1203 2
527 1178 594 1203 Cato
607 1183 764 1211 rogatus,vt
778 1177 861 1203 socios
873 1178 940 1212 apud
959 1180 1121 1207 auunculum

80 1209 235 1242 adiuuaret,
254 1210 381 1238 constanti
394 1212 470 1239 vultu
491 1221 544 1238 nori
557 1212 690 1239 facturum
708 1213 734 1239 se
748 1213 890 1247 respondit.
933 1215 1033 1240 Iterum
1048 1215 1121 1242 dein-

80 1243 129 1275 de,
144 1253 172 1270 ac
192 1245 292 1279 saepius
311 1247 506 1282 interpellatus,
521 1247 550 1273 in
568 1248 703 1283 proposito
722 1248 843 1283 perstitit.
932 1250 1120 1285 Interpellandi

79 1278 153 1306 locus
170 1279 212 1305 hic
224 1288 280 1307 erat
300 1282 368 1309 Hor.
383 1283 463 1308 Serm.
481 1291 500 1313 i,
520 1291 536 1315 9
569 1286 609 1309 26.
681 1283 753 1310 Hirt.
769 1283 801 1310 de
815 1285 842 1310 B.
856 1284 929 1311 Alex.
944 1293 975 1318 50
1011 1286 1120 1321 Sibique

79 1314 154 1349 quod
166 1322 321 1349 rapuerant,
333 1324 467 1352 acceptum
479 1302 612 1345 ferebant:
633 1319 703 1354 quod
719 1319 898 1353 interciderat,
910 1327 954 1347 aut
968 1326 1025 1348 erat
1039 1322 1119 1349 inter·
1131 1329 1164 1354 30

76 1349 222 1385 penatum,
242 1352 353 1385 (iterum
370 1359 496 1389 ereptum,
511 1360 576 1380 certe
596 1354 748 1390 impeditum,
757 1365 787 1382 ne
805 1355 898 1382 domum
911 1356 987 1392 serre
1001 1356 1120 1393 postem)

78 1385 164 1412 Caffio
180 1386 346 1421 assignabant.

116 1427 126 1446 1
139 1427 161 1447 N
172 1427 193 1448 T
203 1429 297 1449 sarr
307 1428 323 1449 1.
333 1430 350 1449 L
360 1428 413 1449 AT
425 1429 479 1454 10,
503 1424 570 1451 anis.
590 1424 611 1451 f.
647 1423 793 1460 [διάκοφις]
827 1427 884 1454 Cic.
899 1427 951 1454 Ait.
966 1436 1001 1460 12,
1014 1436 1045 1460 42
1071 1428 1119 1454 Pu-

76 1455 261 1518 ωδείῃιδῗηίω,
268 1457 434 1485 commodius
445 1464 473 1485 te
486 1459 557 1487 idem
576 1459 645 1487 istud
657 1461 732 1488 domi
749 1470 826 1496 agere
845 1463 913 1496 posse
929 1463 1121 1497 interpellatio-

76 1500 112 1518 ne
146 1501 162 1518 u
193 1497 242 1519 ata.

77 1527 222 1561 pediendus
236 1529 451 1563 interpellatione
470 1530 519 1557 iste
537 1532 625 1557 cursus
644 1532 775 1558 orationis
793 1537 863 1560 tuae.
920 1535 950 1560 Et
962 1535 1033 1561 Fam.
1054 1537 1080 1566 6,
1095 1540 1120 1565 ¹8

76 1563 170 1597 Itaque
185 1563 277 1590 literae
297 1564 406 1599 quidem
425 1573 499 1592 meae
517 1566 715 1601 impediuntur,
734 1568 878 1602 inquibus
897 1568 950 1595 sine
970 1569 1024 1597 vlla
1038 1570 1121 1597 inter-

76 1598 222 1660 gellagone
238 1600 336 1661 vgrsor.
391 1600 456 1627 Plin.
468 1601 547 1636 Epist.
562 1610 587 1636 9,
601 1604 633 1635 36
655 1603 812 1637 Opportuna
822 1604 1008 1639 interpellatio.
1044 1605 1119 1642 Conf.

102 1641 134 1659 ic.
167 1639 237 1660 artit.
277 1640 325 1662 rat.
339 1645 362 1662 c.
376 1640 398 1666 8.

115 1675 126 1694 1
138 1675 160 1694 N
171 1676 193 1696 ‘r
201 1676 218 1696 ε
227 1676 245 1695 R
254 1677 269 1696 P
278 1677 295 1697 E
305 1677 321 1696 L
329 1678 346 1697 ι.
357 1673 379 1697 Ᾱ
386 1677 407 1696 Τ
416 1678 436 1698 o
445 1678 462 1698 R
471 1691 480 1705 ,
499 1673 562 1699 oris.
581 1681 616 1699 m.
654 1674 812 1702 Interuentor
819 1694 827 1706 ‚
841 1678 884 1711 qui
897 1678 1058 1711 interrumpit
1065 1676 1120 1712 fir-
1126 1682 1163 1708 40

75 1712 181 1734 monem,
197 1711 240 1731 aut
259 1707 358 1741 aliquid
368 1707 441 1733 atiud
451 1715 560 1744 agentem
574 1709 630 1735 Cic.
643 1708 694 1735 Off.
709 1719 729 1742 3,
742 1715 770 1742 38
785 1719 806 1736 c.
822 1719 852 1744 14
877 1711 1001 1738 Dietabat
1020 1713 1046 1738 se
1059 1712 1120 1739 hor-

75 1738 269 1780 tulos-aliquos
284 1751 372 1768 emere
387 1743 471 1774 velle,
489 1752 543 1778 quo
562 1744 679 1771 inuitare
698 1746 811 1775 amicos,
832 1751 857 1772 et
872 1746 920 1772 vbi
938 1748 964 1773 se
984 1747 1120 1774 obletitare

76 1773 131 1801 sine
151 1776 395 1815 interpellatoribus
415 1779 504 1812 posset.
573 1780 680 1807 Molesti
697 1781 779 1806 alieni
796 1782 922 1808 sermonis
940 1782 1120 1816 interpellato-

71 1818 116 1871 ἒερ
131 1811 272 1871 ΠᾸᾱΙεάῊεί
287 1813 364 1840 Au&
376 1813 409 1840 ad
422 1815 522 1841 Heren.
539 1822 564 1847 2,
577 1816 616 1841 16.
685 1816 898 1850 interpellatores
914 1818 1002 1842 minus
1015 1817 1120 1843 molesti

99 1854 131 1871 ic.
169 1853 199 1872 tt.
215 1854 250 1879 ις,
264 1856 298 1879 13.
958 1878 961 1881 ,

112 1883 418 1914 ιΝΤιῑκΡειιᾹΤκιΧ,
435 1883 491 1909 icis.
514 1883 536 1909 f.
572 1882 686 1910 Hieron.
701 1883 780 1917 Epist.
795 1893 806 1915 3
818 1884 851 1910 ad
864 1884 1007 1911 Heliodor.
1021 1893 1045 1918 p.
1058 1888 1081 1914 3.

111 1921 123 1941 1
133 1921 155 1941 N
167 1922 188 1942 T
198 1922 214 1941 E
224 1923 271 1949 ier
281 1923 329 1943 EN
340 1923 456 1950 nivm,
476 1917 495 1943 i.
514 1926 540 1943 n.
583 1917 641 1944 Vid.
662 1918 763 1954 Saturast
782 1922 810 1944 in
823 1919 906 1946 Solin.
925 1929 949 1954 p.
965 1925 1014 1954 708
1030 1920 1071 1946 bA
1089 1929 1119 1946 ex

71 1950 132 1977 Vct.
147 1951 227 1977 Glois.
246 1951 288 1978 vbi
301 1952 417 1979 redditur
431 1952 600 1988 παράλληλον.
623 1953 699 1979 Haud
712 1954 801 1986 differt
814 1963 829 1979 a
843 1955 996 1990 Compendio.
1033 1956 1118 1982 Inter-

73 1985 201 2021 pendium
219 1985 269 2019 esi,
286 1988 345 2013 Cum
357 1991 385 2012 in
398 1994 503 2022 utraque
514 1989 581 2014 lance
588 1991 667 2022 paria
681 1988 737 2020 fiant
744 1989 865 2023 pondera.

113 2028 122 2047 1
133 2028 154 2047 N
163 2028 185 2048 T
193 2028 209 2047 E
217 2028 236 2047 R
245 2029 260 2050 P
269 2028 286 2048 Ε
294 2028 316 2047 N
325 2029 338 2049 s
348 2022 360 2048 ἱ
370 2029 390 2048 ν
400 2029 421 2047 ν
430 2030 442 2048 s
451 2042 459 2054 ,
482 2031 496 2049 a
507 2041 515 2054 ,
540 2031 595 2048 um.
634 2017 695 2049 Adi.
728 2023 907 2057 Interpenfiua
925 2023 993 2058 apud
1009 2024 1116 2050 Vitruu.
1129 2033 1162 2059 50

73 2057 102 2089 6,
113 2065 125 2088 3
152 2058 324 2090 Perticarum,
338 2057 493 2093 tigillorum,
506 2056 636 2090 affi’rumue
652 2067 742 2094 genera
748 2058 828 2094 sunt,
849 2066 909 2094 quae
920 2060 950 2085 ab
963 2060 1064 2095 angulis
1070 2066 1118 2094 pa-

72 2095 163 2119 rietum
185 2092 219 2118 ad
236 2093 341 2128 angulos
358 2096 500 2129 tignorum,
526 2093 560 2119 ad
580 2093 670 2119 imbres
692 2096 720 2119 in
739 2093 868 2129 colliquias
891 2094 1053 2125 deriuandos,
1079 2095 1119 2121 vel

66 2129 149 2155 alium
164 2131 271 2163 quemuis
289 2128 358 2163 vfimi
378 2130 574 2159 inter-tucantur,
597 2128 664 2163 quast
678 2137 788 2163 ea,qu.re
800 2139 815 2155 a
824 2129 952 2164 pendendo
968 2131 1118 2165 Graeciap-

69 2163 168 2198 pellant
179 2163 337 2198 κρεμαςήρια.
373 2165 455 2194 Inter(
465 2164 546 2189 emin
561 2173 618 2190 uero
632 2165 744 2198 parietes
752 2164 829 2199 fiant,
839 2165 977 2224 {usupra
989 2168 1119 2200 contigna-

71 2201 162 2225 tionem
168 2196 320 2231 struuntur,
340 2203 421 2225 necin
434 2201 488 2234 julo
501 2199 695 2234 fundamentum
711 2200 815 2231 babent,
826 2200 855 2234 fi

71 2240 144 2270 gunt.
190 2234 232 2261 Sic
252 2235 362 2261 Hermos.
384 2234 521 2261 Philander
543 2237 609 2261 inter
627 2240 723 2261 relatur
735 2235 827 2269 susem
844 2232 1052 2266 stillicidiorum,
1074 2239 1119 2259 aut

70 2277 175 2308 quorun·
185 2276 249 2330 pagi*
260 2269 397 2302 traiectus,
417 2277 441 2295 et
453 2271 563 2305 alioquin
576 2279 604 2295 ue
615 2272 654 2295 uti
669 2269 777 2303 pensiles
795 2267 882 2294 trabes
896 2268 1019 2301 sustinet,
1036 2268 1118 2296 altera

91 2311 170 2331 arieti
187 2313 216 2332 in
237 2313 278 2331 xa.

71 2313 89 2340 P
111 2346 121 2365 1
133 2346 156 2366 N
167 2346 215 2366 Tr
225 2347 244 2367 R
257 2345 272 2365 Ρ
283 2346 299 2365 L
309 2340 342 2365 i'c
352 2346 389 2371 o,
415 2343 468 2366 are.
504 2338 706 2373 [παρεμηλέκω]
742 2339 804 2364 Stat.
817 2337 910 2364 Theb.
923 2347 950 2372 4,
963 2342 1008 2368 218
1039 2337 1118 2366 Alba-

71 2383 125 2411 que
136 2375 258 2409 puniceas
275 2375 425 2408 interplicat
440 2374 526 2401 infula
540 2373 638 2400 cristas.
675 2373 743 2400 Add.
757 2373 827 2399 Ibid.
842 2382 864 2405 2,
878 2378 934 2403 282.

108 2417 118 2436 1
130 2416 152 2436 N
166 2415 188 2436 T
198 2417 215 2436 E
224 2416 242 2436 R
251 2417 266 2436 Ρ
274 2407 294 2436 ὄ
304 2416 320 2435 L
329 2416 359 2441 ο,
379 2414 433 2435 are.
469 2408 657 2442 [ἐπιγνοίπταν]
691 2408 862 2442 Interpolire,
874 2416 903 2434 vt
915 2406 980 2434 reste
994 2411 1118 2444 interpre-

69 2451 143 2472 ratur
156 2445 257 2480 Salmas.
269 2444 303 2470 ad
314 2444 395 2470 Solin.
407 2453 433 2478 p.
446 2450 511 2477 277,
525 2443 551 2469 b.
607 2443 680 2469 Non.
695 2452 713 2474 1,
726 2452 771 2478 145
790 2444 954 2478 Interpolare
967 2443 1003 2470 est
1016 2444 1117 2470 immit-

71 2487 128 2508 tere
143 2487 168 2506 et
180 2481 363 2513 interponere,
383 2485 409 2505 et
421 2487 519 2504 nouam
532 2478 647 2504 formam
660 2487 675 2504 e
688 2485 777 2506 vetere
791 2479 898 2515 fingere.
919 2479 1018 2506 Laudat
1029 2479 1117 2505 deinde

71 2517 131 2543 Cic.
144 2517 222 2542 Verr.
238 2524 258 2547 1,
272 2520 311 2547 138
326 2524 346 2540 c.
358 2516 387 2540 61
414 2513 524 2548 Aliquid
538 2513 683 2547 demendo,
695 2514 837 2545 mutando,
850 2515 975 2545 curando,
989 2523 1022 2540 ne
1035 2514 1117 2541 litura

71 2556 211 2585 appareat,
229 2549 423 2584 interpolando.
442 2555 465 2576 et
477 2548 565 2581 addit,
585 2550 616 2575 Et
630 2549 667 2576 est
684 2549 797 2577 tractum
810 2549 844 2576 ab
857 2555 912 2577 arte
925 2549 1054 2580 fullonia,
1069 2549 1117 2584 qui
1129 2557 1161 2590 63

71 2586 200 2621 poliendo
220 2585 362 2620 diligenter
376 2591 466 2612 vetera
485 2593 604 2619 quaeque
622 2585 693 2620 quasi
715 2585 743 2611 in
756 2594 854 2612 nouam
874 2586 986 2620 speciem
1004 2590 1117 2612 mutant.

70 2622 177 2656 leian.
193 2621 221 2647 in
235 2621 251 2647 l.
265 2621 430 2656 praecipiunt
449 2619 545 2647 aediles
558 2620 590 2646 D.
604 2620 636 2646 de
654 2620 780 2647 aedilicio
799 2620 905 2653 ediffio,
924 2620 1031 2655 Vbique
1044 2620 1117 2646 enim

72 2663 165 2684 curent
182 2657 293 2689 aediles,
308 2665 340 2682 ne
355 2661 468 2683 emtores
479 2664 494 2681 a
507 2655 693 2682 venditoribus
713 2656 965 2688 circumueniantur,
978 2663 1024 2681 etc.
1045 2664 1118 2690 prae-

72 2693 188 2720 sumtum
202 2692 238 2719 est
252 2693 323 2718 enirn
339 2701 369 2718 ea
381 2691 527 2725 mancipia,
547 2699 614 2725 quae
627 2691 704 2718 rudia
716 2692 788 2724 sunt,
801 2698 827 2718 et
839 2691 999 2725 simpliciora
1012 2692 1060 2717 effe
1069 2711 1078 2723 ,
1091 2697 1118 2717 et

73 2727 107 2755 ad
125 2728 272 2755 ministeria
292 2728 396 2762 aptiora
413 2732 439 2753 ct
460 2726 603 2753 dociliora:
626 2727 689 2753 trita
709 2735 775 2753 vcro
790 2727 922 2761 mancipia
938 2732 964 2752 et
982 2731 1159 2767 veterana370

72 2762 183 2791 difficile
195 2763 231 2790 est
244 2763 401 2790 reformare.
439 2763 509 2796 Qiia
527 2762 611 2796 igitur
628 2762 791 2789 venalitiarii
811 2762 895 2788 sciunt
913 2761 992 2788 facile
1011 2761 1118 2788 decurri

73 2799 107 2826 ad
121 2799 292 2826 nouiciorum
305 2799 465 2830 emtionem,
483 2796 587 2824 idcirco
600 2798 761 2832 interpolant
774 2803 952 2829 veneratores,
966 2804 992 2823 et
1003 2806 1051 2832 pro
1069 2806 1116 2824 no-

73 2835 152 2862 viciis
172 2834 298 2861 vendunt.
348 2833 457 2861 Albaria
477 2833 654 2861 tectoriorum
678 2833 888 2868 interpolantur,
913 2836 996 2868 inquit
1016 2833 1117 2860 Plinius

72 2878 111 2903 35,
126 2873 162 2897 16.
178 2870 202 2897 h.
217 2880 237 2896 e.
264 2868 396 2900 Teflom'a..
404 2869 491 2906 quibus
494 2876 600 2905 propter
611 2867 755 2902 vetustatem
766 2870 833 2895 color
850 2869 919 2895 albus
931 2868 1018 2895 induci
1024 2869 1119 2905 Jblitus

74 2905 228 2938 εκοΙειιιᾙέι,
247 2906 408 2938 exalbantur,
427 2912 633 2940 rctzouanturque.

71 2942 117 2968 illo
141 2941 247 2968 [ambico
269 2941 388 2972 dimetro,
424 2940 507 2974 Qiod
528 2941 602 2967 nulla
622 2949 675 2967 nox
697 2940 849 2974 interpolet.
875 2941 996 2972 Hymnus
1016 2942 1117 2975 incipit,

73 2977 145 3002 Veni
164 2976 307 3003 Redemtor
325 2976 451 3012 gentium.
488 2977 529 3003 Sic
543 2976 600 3010 Qui
620 2976 687 3002 laeta
700 2976 799 3004 Christi
816 2976 885 3002 culta
900 2976 944 3002 fur
965 2975 1117 3009 interpolat,

72 3011 179 3039 Addens
192 3020 286 3038 auenas
299 3012 414 3038 aemulas
427 3012 550 3039 Prudent.
565 3011 661 3045 Apoth.
676 3013 758 3046 praef.
771 3021 784 3038 a
799 3021 824 3038 v.
838 3019 880 3045 43.
899 3014 918 3037 i.
939 3011 1117 3038 additamentis

71 3051 218 3082 corrumpit.
288 3047 344 3074 Cic.
359 3049 395 3082 Q
407 3048 476 3074 Frat.
493 3056 517 3079 2,
531 3056 556 3074 12
577 3047 658 3081 Qiod
674 3048 744 3078 vult,
757 3048 876 3082 inquam,
890 3055 1018 3074 renouare
1032 3045 1116 3073 hono-

72 3092 115 3111 res
126 3082 243 3115 eosdem,
261 3092 315 3117 quo
330 3084 417 3110 minus
431 3090 519 3118 togam
532 3088 693 3118 praetextam
708 3083 848 3118 quotannis
860 3083 1013 3117 interpolet,
1028 3082 1114 3109 decer·
1127 3091 1160 3117 80
1176 3082 1209 3109 ad
1222 3082 1291 3109 hunc
1310 3085 1419 3110 niodum
1428 3103 1435 3115 ‚
1449 3091 1478 3111 vt

883 3119 1034 3145 Satietatem
1052 3126 1132 3152 epu-x
1176 3119 1289 3145 omnino
1302 3119 1472 3154 interpositio
1486 3119 1624 3147 difficilior
1638 3120 1689 3152 est,
1709 3128 1786 3154 quain
1799 3128 1831 3145 ne
1849 3119 1904 3152 ipse
1917 3119 2025 3153 quidem
2039 3120 2116 3146 facile
2131 3120 2219 3153 legere

71 3118 190 3146 nendum
202 3118 271 3145 nihil
290 3120 396 3145 censeo:
417 3122 534 3154 proprie,
540 3118 566 3153 fi
577 3118 645 3154 fides
659 3120 742 3146 Nonio
761 3120 778 3145 l.
791 3128 813 3146 c.

72 3155 161 3182 larum
180 3154 250 3180 ludis
270 3154 447 3189 interpolabat
466 3155 588 3188 QCurt.
600 3157 625 3187 6,
639 3163 663 3181 2.
734 3155 815 3181 Noua
832 3153 935 3189 pictura
949 3163 1015 3188 opus
1033 3153 1114 3180 inter-

69 3187 165 3226 polare
179 3189 260 3216 Plaut.
273 3189 377 3217 Mostel.
393 3199 414 3222 1,
429 3199 451 3222 3,
466 3197 519 3223 105.
587 3190 648 3217 Illic
661 3189 743 3217 homo
757 3199 800 3217 me
813 3189 1000 3224 interpolabit,
1013 3198 1113 3216 meum-

72 3234 126 3261 que
140 3233 169 3251 οε
182 3224 262 3259 finget
273 3225 360 3252 denuo
379 3226 459 3253 Plaut.
473 3224 568 3261 Amph.
582 3234 601 3258 1,
616 3235 636 3256 1,
649 3227 698 3252 161.

111 3267 121 3286 1
134 3267 155 3286 N
167 3265 189 3285 T
201 3266 217 3286 E
231 3266 250 3285 R
260 3267 275 3287 P
284 3267 303 3287 Ο
312 3267 330 3287 L
340 3269 362 3288 A
371 3267 392 3287 T
404 3268 440 3288 10
450 3281 456 3292 ‚
475 3262 541 3287 onis.
561 3261 581 3288 f.
615 3261 802 3296 [ἐνακαίνωσις]
837 3261 904 3288 Plin.
922 3268 957 3293 13,
980 3268 1007 3286 12
1038 3260 1115 3287 Hanc
1127 3269 1156 3298 85
1169 3261 1303 3300 premendo
1323 3261 1420 3289 elidere.
1458 3262 1542 3289 Plaut.
1555 3261 1622 3288 Rud.
1636 3270 1659 3293 3,
1672 3270 1695 3293 2,
1707 3269 1736 3293 41

73 3296 179 3330 excepit
191 3295 291 3322 Romae
303 3296 379 3323 Fauii
391 3298 466 3331 sagax
479 3295 584 3324 officina
593 3317 601 3328 ‚
616 3303 802 3333 tenuatamque
813 3298 916 3324 curiosa
929 3295 1114 3330 interpolatio-

72 3341 108 3360 ne
121 3330 294 3366 principalem
305 3332 369 3359 feeit
382 3341 396 3358 e
410 3332 522 3367 plebeia.
557 3332 625 3359 Add.
640 3332 758 3359 Tertull.
777 3332 837 3359 adu.
851 3333 957 3359 Haeret.
973 3340 994 3357 c.
1008 3340 1048 3364 39.

112 3374 122 3393 ι
134 3373 156 3393 N
169 3372 215 3393 TE
225 3365 297 3393 nro
307 3373 322 3392 r.
332 3373 380 3399 is,
396 3377 418 3394 e.
438 3367 499 3394 Adi.
534 3369 680 3402 [ἓκίγνικφον
694 3369 752 3395 Vct.
767 3368 830 3402 GL]
866 3367 938 3402 Qud
956 3365 988 3400 est
1007 3370 1117 3402 interpo-

19 3419 25 3436 ι
73 3404 161 3432 latum.
196 3401 262 3428 Plin·
277 3410 315 3434 19,
329 3410 345 3427 2
363 3402 406 3429 Est
417 3404 525 3437 quidem
538 3404 594 3429 eius
607 3409 700 3430 natura
713 3403 862 3437 interpolis,
874 3403 1014 3436 rursusque
1025 3411 1115 3437 quam-

26 3462 34 3466 .
73 3438 142 3466 libet
154 3437 285 3464 vetustum
297 3445 370 3463 nouo
383 3438 514 3466 miscetur.
532 3438 560 3465 de
568 3438 666 3475 sparto.

75 3475 127 3501 ties
141 3472 280 3507 interpolis
300 3471 367 3498 Plin.
382 3481 422 3506 29,
437 3482 465 3500 ι.’
507 3474 590 3501 Plaut.
604 3474 681 3501 Most.
698 3482 718 3506 1,
733 3483 753 3506 3,
767 3481 810 3509 117
838 3474 907 3501 Nam
928 3472 1025 3500 isthaec
1045 3480 1116 3500 vete-

40 3540 45 3541 ,
76 3518 135 3541 res,
149 3517 215 3544 quae
229 3508 254 3533 se
267 3508 406 3541 vnguentis
421 3508 565 3543 vnetitant,
579 3509 736 3545 interpoles‚
748 3509 852 3537 vetulae
860 3529 869 3542 ,
880 3508 1034 3542 edentulae,
1047 3517 1115 3544 quae

28 3548 33 3550 “
74 3545 143 3573 vitia
155 3543 274 3577 corporis
289 3543 351 3569 fuco
363 3543 494 3570 occulunt.

114 3587 123 3605 1
134 3586 156 3605 N
167 3585 188 3605 'r
197 3585 214 3605 E
225 3584 244 3604 R
254 3585 269 3604 Ρ
279 3576 298 3605 ὅ
307 3584 322 3603 L
331 3585 353 3604 v
361 3586 374 3605 s
382 3596 390 3609 ‚
409 3587 422 3604 a
430 3599 439 3611 ‚
457 3587 511 3606 um.
531 3579 592 3607 Adi.
611 3581 688 3609 Idem.
715 3580 905 3615 [Interpolum‚
917 3580 1044 3612 ἒπίγναφον
1053 3579 1115 3604 Vct.

77 3613 340 3654 GloffiJMartianus
353 3613 382 3654 in
394 3614 410 3641 l.
426 3621 459 3647 45
477 3614 567 3642 Labeo
575 3617 608 3643 D.
621 3617 653 3643 de
661 3616 780 3644 contrah.
792 3622 854 3643 emt.
867 3621 893 3641 et
901 3615 978 3641 vend.
997 3615 1024 3641 Si
1039 3614 1116 3640 vesti·
1127 3622 1160 3649 95
1177 3623 1255 3647 guam
1268 3615 1410 3646 Graecam,
1427 3614 1470 3640 sed
1489 3613 1522 3641 ad
1542 3614 1612 3640 furta
1628 3620 1654 3640 et
1672 3613 1773 3648 flagitia
1793 3613 1833 3638 vti
1851 3613 1958 3639 solebat.

75 3656 164 3678 menta
183 3649 312 3683 interpola
329 3657 391 3711 l{litis
410 3658 459 3684 pro
478 3651 555 3677 nouis
573 3654 685 3685 emerit,
701 3652 838 3679 Trebacio
854 3651 953 3686 placere
966 3650 1002 3676 ita
1015 3649 1115 3676 emtori

359 3684 480 3717 interest,
491 3685 510 3711 si
524 3685 648 3720 ignorans
661 3688 792 3723 interpola
805 3688 909 3714 emerit.

113 3728 123 3747 1
135 3728 159 3747 N
169 3727 191 3747 T
201 3726 218 3746 E
227 3727 245 3747 R
253 3727 268 3746 P
277 3727 296 3746 O
306 3727 321 3746 l..
330 3722 354 3747 A*
362 3727 384 3747 T
395 3726 415 3746 O
427 3726 447 3746 R
456 3740 465 3752 ,
482 3720 546 3747 bris.
571 3730 607 3748 m.
642 3722 814 3757 [ἒπισκευοιςὴς
826 3721 959 3750 Onouiast.
973 3720 1047 3754 Vet.]
1065 3720 1117 3780 Qaui

58 3767 59 3770 ¹
75 3760 195 3792 antiquas
207 3754 285 3789 vastet
302 3756 408 3791 resarcit
419 3765 448 3782 ac
460 3763 578 3786 renouat,
591 3763 620 3783 vt
637 3767 677 3785 eas
684 3760 795 3794 facilius
814 3757 913 3785 vendat.
949 3755 1068 3782 Tertull.
1103 3764 1117 3781 e

77 3793 174 3819 Anima
185 3801 207 3818 c.
221 3793 250 3818 16
275 3791 473 3817 Frumentariae
490 3791 583 3825 segetis
596 3792 739 3821 nocturnus
753 3794 938 3829 interpolator.
976 3793 1007 3818 Et
1020 3791 1051 3817 de
1062 3791 1169 3820 Hit—100
1179 3797 1268 3817 motus
1287 3792 1431 3831 interprete
1448 3791 1560 3824 Lingua.

77 3826 126 3854 bit.
142 3826 248 3854 mulier.
261 3835 283 3859 1,
297 3833 310 3856 8
336 3825 466 3853 Diabolus
484 3826 661 3861 interpolator
677 3835 792 3857 naturae.
828 3846 831 3849 -
864 3828 980 3855 Multum
997 3826 1033 3854 est
1046 3827 1116 3853 inter

78 3862 256 3889 institutorem
275 3867 302 3889 et
325 3862 546 3896 interpolatorem
559 3862 678 3889 Tertull.
692 3862 724 3889 de
735 3865 847 3899 Spefiiac.
861 3874 882 3891 c.
896 3873 922 3890 2.

115 3903 124 3922 1
135 3904 157 3923 N
168 3905 189 3925 T
197 3904 213 3924 E
225 3904 245 3924 R
254 3904 270 3923 P
279 3905 299 3925 o
308 3905 324 3924 L
332 3900 382 3925 ᾹΤ
393 3905 412 3924 R
422 3904 431 3923 1
441 3905 459 3923 x
467 3919 476 3931 ,
493 3897 549 3924 icis.
567 3897 588 3925 f.
606 3898 709 3929 Mulier,
718 3907 777 3933 quae
790 3900 819 3926 id
829 3900 907 3936 ipsum
915 3898 995 3935 ficit,
1004 3896 1069 3932 quod
1078 3898 1116 3922 in-

77 3934 221 3967 terpolator.
254 3934 414 3969 Pomponius
427 3943 442 3959 a
455 3934 533 3959 Pareo
543 3932 660 3959 laudatus
672 3934 731 3958 Lex.
743 3934 807 3964 Crit.
825 3933 1055 3969 Interpolatricern
1076 3940 1117 3958 ac-

78 3967 171 3995 cersire
190 3973 310 4003 oportet,
329 3978 397 4006 quae
417 3968 480 3996 huie
499 3968 600 3996 vestem
618 3967 737 3995 adducat.

999 1144 1054 1170 Cic.
1067 1145 1120 1171 Att.
1132 1149 1163 1175 25

296 1493 369 1520 Idem
383 1494 415 1520 de
428 1495 503 1521 Orat.
522 1504 544 1527 2,
563 1504 606 1527 203
638 1496 688 1522 Etsi
697 1516 706 1528 ‚
720 1497 822 1531 inquit,
835 1499 934 1524 Antoni
947 1498 1058 1525 minime
1071 1500 1120 1526 im·
1134 1506 1163 1533 35

889 2202 916 2225 in
926 2199 1046 2233 pendenti
1057 2199 1119 2234 sur·
1134 2206 1163 2232 53

792 3969 911 4000 Tertull.
931 3970 989 3997 adu.
1010 3969 1167 4006 Haeret-105
1178 3967 1243 4002 quid
1269 3967 1326 3995 Cic.
1339 3969 1417 3995 Verr.
1431 3976 1458 4000 4,
1470 3974 1516 3999 49.

1184 648 1253 681 leges
1271 648 1338 673 vllae
1352 648 1449 681 possent
1464 648 1604 673 coercere?
1638 648 1682 673 Me
1699 647 1762 673 illud
1778 651 1896 674 omittunt
1914 649 2002 685 aliqui.
2038 649 2168 685 Significat
2183 661 2226 677 au-

1183 689 1232 709 tem
1249 682 1415 714 intercedere,
1428 682 1554 717 impedire.
1585 682 1643 708 Vid.
1658 692 1713 708 mox
1726 683 1756 708 Se
1772 682 1947 717 interponere.
2093 684 2097 689 ’

1339 718 1489 752 Interponis
1507 726 1602 752 aquam
1622 717 1732 744 subinde
1752 717 1846 751 Ruffe,

1338 754 1370 779 Et
1389 753 1407 778 si
1430 754 1530 787 cogeris
1551 761 1565 779 a
1584 752 1686 786 sodale,
1708 761 1795 779 raram

1339 788 1426 814 Diluti
1447 788 1515 815 bibis
1536 789 1640 815 vnciam
1660 788 1774 814 Falerni.

1183 823 1239 850 Cic.
1251 822 1365 858 Philipp.
1381 832 1415 855 13,
1430 831 1454 855 13
1480 823 1560 857 Qiod
1575 823 1592 849 si
1608 823 1799 850 Auctoritatem
1819 823 1982 858 interponis,
1996 824 2049 851 sine
2061 825 2157 858 armis,
2172 834 2226 853 ma-

1183 859 1223 893 gis
1239 859 1346 893 quidem
1360 858 1454 885 laudo:
1472 859 1514 885 sed
1533 858 1603 891 vide,
1611 868 1643 884 ne
1659 859 1708 885 hoc
1727 859 1813 892 ipsum
1826 868 1881 885 non
1894 859 1924 885 sit
1936 861 2041 886 necesse.
2112 862 2225 890 Causam

1183 895 1253 928 Nep.
1270 903 1294 925 2,
1308 902 1334 928 7,
1349 903 1367 920 1.
1392 897 1410 920 i.
1430 896 1551 930 allegare,
1566 902 1594 920 vt
1615 894 1768 929 mecrfirert.
1841 894 1998 927 Cautiones,
2018 898 2037 922 i.
2056 897 2124 923 Dare
2150 897 2225 923 Paul-

1184 930 1223 956 lus
1242 930 1270 956 in
1291 929 1308 955 l.
1323 938 1401 956 omne
1414 930 1445 956 D.
1466 939 1515 964 pro
1535 930 1616 956 socio.
1687 929 1753 956 Plin.
1775 937 1814 960 20,
1828 938 1852 961 ις
1888 930 1987 956 Similis
2007 937 2094 957 autem
2116 938 2142 958 et
2161 931 2225 959 huic

2016 684 2135 712 Martial.
2150 694 2170 718 1,
2182 694 2225 719 ιο]

337 964 506 998 Interpellare
521 963 726 997 debitoren1,e3sl
738 963 884 1000 Appellare,
896 964 919 991 h.
933 975 953 991 ε.
965 969 992 991 in
1005 966 1123 992 iudicium
1134 971 1170 989 20
1183 965 1252 991 vsus.
1287 965 1410 1000 Namque
1431 971 1457 991 et
1478 965 1589 999 panibus
1614 964 1800 991 Alexandrinis
1819 965 1952 999 subigitur
1966 985 1975 998 ,
1995 972 2021 992 ct
2039 966 2226 994 Condimentis

1182 1001 1371 1034 interponitur.
1388 1001 1413 1027 h.
1429 1010 1447 1027 e.
1469 1001 1629 1036 Immiscetur.
1699 1000 1759 1026 Liu.
1774 1007 1808 1032 33,
1822 1008 1850 1033 33
1868 1001 1931 1036 vers.
1942 1001 1988 1035 fin.
2020 1002 2076 1035 Qui
2089 1003 2225 1030 cunClatus

1183 1036 1284 1068 fuerit,
1304 1042 1329 1062 et
1342 1037 1417 1062 suum
1432 1036 1580 1063 Consilium
1599 1043 1661 1061 meo
1680 1035 1848 1068 interponet,
1862 1036 1925 1061 sciat
1942 1035 1991 1062 sibi
2003 1037 2118 1063 reditum
2131 1038 2162 1065 ad
2182 1047 2226 1072 pe-

1182 1078 1254 1098 nates
1267 1080 1322 1098 non
1335 1072 1398 1104 esse,
1418 1074 1436 1098 i.
1455 1071 1574 1106 impediat
1593 1079 1670 1096 meum
1684 1070 1808 1103 confilium
1822 1070 1885 1105 βω,
1897 1078 1927 1097 vt
1939 1072 2097 1098 intercedere.
2169 1074 2226 1100 Cic.

1183 1108 1260 1133 Verr.
1276 1115 1301 1139 2,
1315 1115 1355 1139 119
1380 1108 1455 1140 (Qiin
1467 1106 1500 1133 ab
1515 1105 1608 1133 Siculis
1621 1105 1657 1132 ob
1671 1105 1781 1132 Decreta
1795 1105 1987 1138 interponenda
2005 1109 2142 1141 pecuniam
2155 1118 2224 1135 acce-

1183 1143 1261 1176 perit.
1334 1142 1434 1169 Diebus
1455 1142 1557 1176 aliquot
1577 1140 1738 1175 interpositis
1765 1141 1852 1166 Varro
1873 1140 1905 1166 de
1925 1141 1956 1167 R.
1978 1142 2007 1167 R.
2027 1150 2050 1174 3,
2070 1151 2097 1175 9.
2166 1145 2222 1171 Cic.

1182 1179 1260 1204 Verr.
1273 1178 1330 1204 Ao.
1348 1187 1368 1210 i,
1381 1187 1411 1210 23
1431 1179 1471 1205 Ita
1484 1186 1565 1212 prope
1581 1183 1623 1203 xl.
1642 1176 1743 1202 Diebus
1761 1175 1937 1209 interpositis,
1953 1182 2008 1202 tuni
2021 1177 2133 1213 denique
2152 1181 2177 1206 se
2191 1180 2224 1206 ad

1182 1222 1306 1248 ea,quae
1323 1223 1338 1240 a
1351 1213 1429 1240 nobis
1448 1213 1518 1240 dicta
1537 1218 1629 1244 erunt,
1647 1212 1817 1246 responsuros
1835 1212 1884 1237 esse
1902 1211 2075 1239 arbitrantur.
2146 1214 2225 1241 Exce-

1181 1249 1301 1283 ptionem
1322 1249 1421 1276 affloni
1434 1249 1539 1282 leian.
1556 1248 1585 1274 in
1604 1247 1622 1275 l.
1634 1256 1650 1274 2
1663 1250 1690 1274 in
1698 1249 1812 1282 princip.
1832 1246 1863 1272 D.
1876 1246 1909 1273 de
1929 1249 2078 1282 exception.
2150 1250 2225 1276 Caes.

1181 1285 1211 1311 Β.
1226 1285 1258 1310 G.
1272 1293 1294 1318 ς,
1307 1287 1324 1310 6
1344 1285 1463 1318 Reliquis
1478 1283 1557 1310 tidem
1570 1283 1739 1317 interponere
1750 1302 1758 1315 ‚
1777 1282 1959 1308 iusiurandum
1973 1284 2094 1317 poscere,
2108 1290 2137 1310 vt
2150 1284 2226 1319 quod

1183 1320 1232 1346 esse
1250 1328 1281 1346 ex
1302 1321 1347 1346 vsu
1362 1320 1463 1346 Galliae
1480 1319 1679 1349 intellexissent,
1703 1317 1841 1344 communi
1865 1317 1974 1344 consilio
2000 1318 2224 1347 administrarent.

1181 1355 1237 1382 Cic.
1251 1364 1300 1390 pro
1313 1356 1388 1382 Rosc.
1403 1358 1492 1382 Amer.
1508 1363 1550 1388 114
1562 1363 1583 1380 c.
1596 1363 1628 1387 39
1653 1354 1680 1380 Si
1701 1353 1766 1380 hanc
1780 1353 1806 1379 ei
1820 1361 1875 1379 rem
1890 1353 2016 1387 priuatim
2030 1354 2098 1380 Sext.
2113 1355 2224 1383 Roscius

1182 1391 1321 1418 mandasset
1334 1411 1342 1423 ‚
1366 1397 1395 1418 vt
1414 1400 1474 1417 cuin
1496 1390 1670 1424 Chrysogono
1696 1388 1849 1422 transigeret
1868 1395 1948 1424 atque
1967 1388 2115 1422 decideret,
2141 1392 2224 1425 inque

1184 1435 1242 1453 eam
1265 1436 1321 1453 rem
1345 1426 1437 1453 Fidem
1461 1428 1532 1453 suam
1547 1446 1555 1459 ,
1581 1425 1600 1452 si
1622 1424 1687 1460 quid
1713 1433 1779 1460 opus
1802 1425 1850 1450 esse
1876 1431 1978 1458 putaret
1993 1444 2002 1457 ,
2032 1426 2224 1459 interponeret.

1183 1462 1286 1488 Gaudia
1299 1462 1368 1488 curis
1383 1463 1449 1489 Cato
1465 1462 1497 1488 de
1511 1461 1612 1489 Morib.
1626 1470 1647 1493 3,
1662 1468 1684 1493 5.
1755 1459 1889 1487 Iudicium
1904 1460 1995 1493 suum,
2008 1460 2103 1487 Iudicio
2115 1468 2224 1496 compro-

1181 1497 1238 1524 bare
1252 1498 1308 1524 Cic.
1322 1498 1375 1524 Att.
1389 1503 1413 1530 8,
1450 1518 1457 1524 .
1495 1518 1502 1524 .
1539 1497 1615 1524 Idem
1628 1497 1660 1523 dc
1675 1495 1766 1523 Diuin.
1783 1504 1804 1526 2,
1817 1503 1857 1528 152
1881 1496 1971 1528 Quum
1984 1501 2071 1523 autem
2084 1499 2223 1531 proprium

1182 1532 1212 1559 sit
1227 1533 1397 1566 Audax-niae,
1411 1533 1544 1560 Iudicium
1558 1534 1633 1560 suum
1651 1532 1753 1558 nullum
1774 1531 1959 1565 interponere,
1974 1538 2018 1558 etr.
2090 1533 2224 1559 Iusiuran-

1182 1568 1265 1600 dum,
1280 1569 1442 1595 Iureiurando
1459 1567 1593 1603 affirmare.
1629 1567 1689 1594 Liu.
1703 1576 1746 1601 34,
1759 1575 1789 1599 25
1817 1567 1873 1600 Q¹i
1893 1567 1981 1601 primo
1994 1566 2170 1594 Iureiurando
2185 1568 2226 1594 in-

1183 1604 1323 1638 terposito,
1342 1604 1374 1630 de
1386 1602 1515 1638 praesidio
1529 1603 1686 1638 expellendo
1703 1611 1763 1629 cum
1775 1601 1879 1629 idoneis
1898 1602 2081 1637 colloquutus,
2093 1602 2164 1634 dum,
2177 1610 2225 1630 etc.

1182 1640 1284 1666 Menses
1303 1639 1470 1666 intercalares
1493 1639 1553 1666 Liu.
1569 1649 1587 1672 i,
1602 1648 1630 1671 19
1643 1645 1708 1665 extr.
1780 1638 1837 1664 Cic.
1859 1637 1938 1664 Acad.
1961 1646 1983 1670 1,
2001 1646 2011 1664 1
2047 1638 2127 1671 Qiod
2141 1647 2224 1672 quum

1181 1674 1356 1708 audissemus,
1374 1675 1474 1701 nullam
1487 1676 1592 1701 Moram
1612 1673 1830 1708 interponendam
1849 1673 2016 1706 putauimns,
2035 1674 2101 1706 quin
2119 1673 2225 1700 videre·

1181 1719 1239 1736 mus
1260 1710 1397 1737 hominem
1417 1711 1571 1742 nobiscum,
1597 1716 1623 1735 et
1648 1709 1741 1735 studiis
1763 1708 1880 1739 eisdem,
1902 1713 1928 1733 et
1945 1707 2072 1733 vetustate
2090 1708 2226 1734 amicitiae

1182 1746 1362 1772 coniunt‘tum.
1398 1745 1466 1772 Add.
1480 1746 1553 1771 Caes.
1567 1745 1595 1770 B.
1610 1745 1641 1769 G.
1660 1752 1689 1776 4,
1703 1752 1733 1769 ιι.
1805 1744 1953 1777 Magnaque
1973 1742 2091 1768 fluminis
2108 1743 2225 1778 interpo-

1181 1781 1229 1807 sita
1243 1789 1318 1806 mora
1333 1781 1406 1806 Caes.
1420 1780 1448 1806 Β.
1463 1780 1493 1805 C.
1505 1788 1525 1809 1,
1537 1782 1584 1811 64.
1656 1779 1712 1804 Cic.
1726 1779 1803 1804 Verr.
1825 1786 1845 1808 1,
1882 1796 1889 1803 .
1926 1796 1933 1803 .
1969 1778 2074 1804 Petatur
2093 1777 2226 1805 hereditas

1182 1824 1230 1844 ea,
1250 1823 1317 1848 quae
1333 1814 1404 1840 nulla
1421 1813 1551 1840 debetur?
1577 1813 1605 1839 in
1623 1811 1748 1847 praedam
1766 1812 1897 1839 Praetoris
1916 1813 2098 1847 interponatur
2116 1814 2225 1840 Nomen

1182 1849 1316 1875 ciuitatis?
1386 1849 1442 1875 Cic.
1462 1857 1511 1883 pro
1528 1849 1650 1875 Muraen.
1663 1855 1691 1881 35
1712 1856 1733 1874 c.
1752 1855 1781 1882 17
1820 1847 1883 1874 Dies
1902 1847 2059 1874 intermissus
2079 1857 2157 1880 vnus,
2177 1855 2225 1877 aut

1181 1884 1246 1910 Nox
1265 1884 1418 1918 interposita
1437 1885 1510 1918 saepe
1529 1883 1665 1918 perturbat
1684 1883 1783 1909 omnia.
1854 1882 1928 1908 Idem
1942 1884 2005 1910 Diu.
2019 1884 2096 1909 Verr.
2110 1886 2140 1915 63
2171 1885 2223 1912 Pro

1180 1926 1331 1945 exterarum
1349 1921 1488 1945 nationum
1509 1918 1657 1945 commodis
1678 1917 1834 1943 inimicitias
1852 1918 1997 1952 suscipere:
2022 1919 2054 1944 ad
2075 1919 2222 1952 periculum

1181 1954 1318 1980 accedere:
1341 1956 1472 1988 Operam,
1485 1954 1614 1984 studium,
1627 1953 1746 1980 laborem
1765 1953 1943 1987 interponere.
2036 1954 2098 1986 Quo
2118 1955 2224 1982 facilius

1179 1989 1267 2015 nostra
1288 1998 1394 2023 quoque
1408 1989 1511 2023 Opinio
1529 1989 1664 2023 interponi
1685 1988 1757 2022 possit
1776 1988 1843 2014 Cels.
1858 1997 1868 2015 1
1882 1989 1965 2022 praef.
2036 1990 2092 2015 Cic.
2109 1991 2184 2016 Verr.
2198 1999 2224 2022 2,

1180 2026 1214 2050 66
1233 2024 1283 2050 Iste
1297 2024 1405 2057 Poenis,
1421 2024 1662 2059 compromissisque
1683 2023 1858 2057 interpontis,
1877 2031 1946 2050 H-s.
1962 2028 2021 2051 CCC
2042 2026 2223 2058 extorquenda

1180 2060 1293 2086 curauit.
1364 2060 1420 2086 Cic.
1435 2060 1488 2086 Att.
1503 2067 1530 2094 7,
1551 2067 1576 2092 ις
1607 2059 1729 2093 Plerique
1749 2065 1844 2092 negant
1863 2059 1999 2085 Caesarem
2020 2060 2048 2085 in
2067 2060 2236 2092 conditione

1179 2095 1344 2121 mansurum:
1363 2095 1545 2129 Postulataque
1566 2094 1630 2121 haec
1643 2094 1676 2120 ab
1688 2102 1720 2119 eo
1732 2092 1885 2127 interposita
1899 2095 1957 2126 effe,
1979 2103 2033 2129 quo
2047 2096 2135 2122 minus
2150 2096 2222 2129 quod

1179 2138 1245 2164 opus
1257 2131 1315 2156 cfl'et
1327 2129 1359 2155 ad
1372 2130 1489 2160 bellum,
1502 2138 1517 2156 a
1530 2130 1608 2156 nobis
1621 2134 1765 2163 pararetur.
1836 2129 1891 2155 Cic.
1907 2131 1945 2163 Q
1957 2131 2026 2157 Frat.
2042 2139 2066 2162 2,
2080 2139 2097 2165 7
2118 2132 2165 2157 Set:
2182 2141 2222 2158 ces

1180 2165 1271 2190 multis
1285 2165 1410 2198 Qerelis
1429 2165 1461 2191 de
1473 2164 1574 2198 Repub.
1590 2164 1788 2198 interponendis
1805 2164 1878 2190 nulla
1893 2165 2019 2192 transa&a
2037 2166 2081 2191 est.
2148 2167 2225 2195 Idem

1181 2199 1207 2224 in
1221 2199 1309 2224 Vatin.
1337 2218 1344 2224 .
1367 2219 1374 2225 .
1411 2200 1485 2226 Num
1503 2209 1581 2234 quem
1599 2206 1672 2234 putes
1686 2200 1759 2225 illius
1777 2200 1819 2226 tui
1836 2200 1968 2226 certissimi
1986 2200 2139 2234 gladiatoris
2154 2202 2224 2229 iuvi-

1181 2234 1234 2260 lein
1248 2234 1370 2260 Tribuni
1383 2235 1468 2269 plebis
1482 2236 1550 2269 poss'e
1562 2236 1691 2270 reperiri,
1705 2235 1753 2269 qui
1767 2235 1798 2261 Se
1812 2235 1973 2269 interponat,
1990 2244 2045 2269 quo
2061 2237 2148 2262 minus
2162 2247 2224 2264 reus

1180 2278 1237 2295 mea
1251 2269 1308 2303 lege
1323 2269 1385 2296 fias?
1441 2270 1514 2297 Idem
1523 2271 1636 2304 QFrat.
1647 2280 1694 2303 3,4
1713 2271 1753 2296 De
1760 2271 1917 2302 Ascanione,
1924 2270 1973 2296 Tu
1988 2279 2053 2297 vero
2065 2272 2134 2305 quod
2149 2273 2223 2299 voles

1180 2305 1277 2336 facies,
1300 2314 1343 2331 nie
1362 2305 1431 2332 nihil
1450 2307 1602 2341 interpono.
1674 2306 1730 2332 Cic.
1750 2305 1820 2331 Fam.
1841 2314 1878 2337 10,
1897 2312 1931 2339 27
1969 2306 2062 2341 Itaque
2080 2308 2224 2341 sapientius

1178 2349 1240 2366 inco
1255 2340 1364 2375 quidem
1378 2341 1480 2368 iudicio
1494 2342 1587 2372 facies,
1607 2340 1625 2367 si
1639 2347 1665 2367 te
1684 2341 1713 2366 in
1726 2340 1802 2366 issam
1812 2339 2022 2374 pacificationem
2036 2351 2088 2368 non
2108 2344 2224 2378 interpo-

1178 2384 1233 2401 neS.
1305 2376 1336 2402 Se
1348 2385 1403 2402 non
1422 2377 1593 2411 interponere
1611 2383 1664 2402 tum
1681 2376 1800 2401 dicuntur
1818 2376 1931 2408 iudices,
1950 2377 2031 2412 Qum
2047 2379 2130 2414 aliqua
2148 2379 2176 2404 d·
2196 2388 2223 2406 re

1180 2411 1291 2437 iudicare
1303 2413 1390 2437 nolum
1402 2412 1510 2446 leian.
1531 2412 1589 2437 inl.
1608 2420 1623 2437 a
1641 2411 1705 2437 diuo
1724 2411 1771 2436 Pio
1786 2409 1810 2447 §.
1826 2410 1869 2437 scd
1889 2411 1907 2437 si
1923 2418 2011 2439 emtor
2025 2413 2055 2439 D.
2069 2414 2100 2439 de
2112 2423 2140 2441 re
2154 2414 2223 2441 iudi-

1180 2452 1245 2472 cata.
1317 2446 1348 2472 Se
1367 2446 1538 2480 interponere
1556 2445 1644 2480 coepit
1662 2446 1770 2472 Senatus
1788 2447 1950 2480 Pomponius
1969 2448 1996 2473 in
2015 2448 2033 2474 1.
2053 2458 2065 2473 2
2084 2447 2223 2485 §.deinde

1178 2481 1242 2515 quia
1256 2481 1287 2506 D.
1304 2480 1336 2506 de
1349 2482 1425 2516 Orig.
1444 2482 1520 2508 iuris.
1590 2482 1647 2508 Cic.
1662 2490 1710 2516 pro
1725 2481 1828 2508 Cluent.
1844 2489 1857 2513 5
1881 2481 2054 2509 Vehementes
2073 2484 2167 2510 habeat
2182 2494 2224 2511 re-

1179 2516 1302 2551 pentinos
1324 2516 1438 2552 impetus
1460 2517 1550 2552 Spatio
1572 2517 1750 2550 interposito,
1777 2523 1802 2543 et
1826 2518 1898 2543 causa
1923 2518 2027 2551 cognita
2049 2521 2219 2547 consenescat.

1178 2551 1251 2578 Caes.
1265 2552 1293 2578 Β.
1309 2552 1341 2578 G.
1355 2562 1379 2585 a,
1394 2562 1421 2584 32
1440 2553 1536 2586 Neque
1551 2552 1605 2578 vlla
1617 2552 1648 2578 ad
1664 2552 1691 2578 id
1704 2558 1805 2586 tempus
1819 2551 2043 2587 belliSuspicione
2057 2554 2222 2589 interposita.

1179 2587 1236 2614 Cic.
1251 2595 1299 2621 pro
1312 2587 1408 2620 Qiint.
1421 2595 1446 2621 ις
1463 2588 1558 2622 Neque
1572 2588 1672 2614 interca
1684 2587 1802 2614 Verbum
1821 2588 1904 2613 vllum
1922 2589 2080 2623 interposuit
2093 2590 2221 2627 Naeuius,

1178 2628 1224 2649 aut
1237 2622 1389 2650 societatem
1401 2623 1449 2650 sibi
1463 2623 1599 2657 quippiam
1614 2623 1727 2655 debere,
1746 2629 1790 2649 aut
1803 2623 1929 2657 priuatim
1938 2625 2082 2657 Quintium
2096 2626 2220 2653 debuisse.

1215 2664 1225 2683 1
1237 2664 1258 2683 N
1271 2663 1292 2682 T
1301 2665 1318 2684 E
1329 2664 1347 2684 R
1358 2665 1374 2685 P
1384 2664 1404 2684 o
1414 2666 1426 2685 s
1436 2657 1479 2685 i'T
1489 2666 1509 2685 v
1518 2666 1530 2685 s
1540 2679 1548 2690 ,
1565 2667 1595 2691 a,
1614 2667 1669 2685 um.
1706 2659 1797 2685 Partic.
1834 2659 2022 2695 [παρεντιθεὶς]
2058 2661 2124 2687 Plin.
2143 2667 2177 2694 ιε,
2192 2664 2221 2688 16

1176 2693 1340 2727 interpositis
1354 2694 1442 2728 quinis
1455 2694 1556 2720 diebus.
1574 2694 1600 2720 h.
1615 2703 1634 2720 e.
1653 2691 1799 2720 Interiet‘sis
1811 2695 1852 2720 vel
1863 2694 2014 2729 intermiffis.
2052 2696 2133 2724 Causa
2147 2698 2221 2724 Caes.

1178 2729 1206 2754 B.
1221 2729 1250 2754 C.
1266 2737 1286 2760 1,
1299 2738 1343 2762 42.
1399 2730 1549 2756 Discrimen
1564 2729 1631 2756 Cels.
1646 2738 1668 2762 3,
1682 2738 1704 2762 3.
1748 2729 1865 2756 Offcnlio
1877 2730 1933 2757 Cic.
1948 2730 2014 2757 Phil.
2028 2740 2041 2757 2
2052 2741 2073 2758 c.
2088 2742 2116 2767 4.
2160 2733 2220 2767 Spa-

1178 2763 1247 2790 tium
1262 2765 1367 2791 Lucret.
1381 2774 1409 2798 4,
1422 2767 1474 2797 561.
1546 2765 1652 2800 leian.
1666 2765 1684 2791 l.
1700 2774 1710 2791 1
1726 2765 1757 2791 D.
1773 2766 1893 2798 Qiaruin
1912 2775 2000 2792 rerum
2020 2766 2071 2793 a&
2092 2776 2146 2794 non
2166 2769 2219 2795 dat.

1177 2799 1281 2825 Etenim
1296 2801 1372 2833 parui
1384 2801 1481 2833 refert,
1495 2801 1617 2835 protinus
1636 2800 1747 2827 libertus
1767 2807 1879 2834 patrono
1899 2808 2008 2836 cogatur
2023 2802 2101 2835 dare,
2120 2812 2153 2830 an
2172 2812 2221 2839 pei:

1177 2834 1361 2869 interpositam
1377 2835 1534 2863 fideiussoris
1547 2837 1589 2863 vel
1607 2837 1648 2862 rei
1661 2836 1809 2862 Personam.

1212 2878 1221 2896 1
1235 2873 1531 2903 NTERPosiTvs‚
1553 2871 1592 2898 sis.
1613 2880 1647 2898 m.
1685 2870 1869 2907 [παριμέολὴ]
1906 2871 1963 2898 Cic.
1982 2872 2013 2898 de
2033 2872 2069 2900 N.
2084 2873 2117 2900 D.
2136 2882 2157 2905 2,
2176 2883 2219 2907 103

688 2904 842 2932 Ambrosius
864 2911 923 2940 pen.
944 2906 1068 2940 corripmt
1089 2907 1117 2930 in
1128 2914 1200 2942 7;·c.
1213 2914 1250 2939 40
1270 2906 1347 2932 Tum
1360 2907 1414 2941 ipsa
1427 2907 1546 2933 incidens
1565 2909 1593 2934 in
1607 2906 1728 2934 vmbrain
1742 2913 1828 2933 terrae
1843 2927 1851 2939 ,
1871 2916 1953 2941 quum
1970 2907 2005 2933 est
2020 2917 2033 2934 e
2051 2910 2159 2943 regione
2173 2910 2218 2936 So.

1178 2940 1226 2973 lis,
1241 2942 1412 2976 interpositu,
1426 2943 1623 2977 interiectuque
1638 2949 1738 2974 terrae,
1753 2948 1859 2976 repente
1871 2942 1966 2969 deficit.
1986 2943 2014 2969 de
2028 2944 2093 2971 luna.

1215 2983 1313 3003 INTE
1325 2983 1486 3005 RPOSlTl
1497 2984 1516 3004 0
1528 2998 1536 3010 ‚
1562 2979 1628 3005 anis.
1659 2978 1679 3004 f.
1714 2978 1884 3013 [nepotem]
1921 2978 1977 3004 Cic.
1993 2979 2025 3004 de
2044 2980 2147 3006 [nuent.
2166 2988 2187 3013 1,
2204 2985 2219 3010 8

1178 3020 1200 3037 c.
1215 3014 1232 3038 6
1249 3012 1438 3045 Quaestionem
1451 3020 1541 3040 autem
1561 3022 1618 3040 eam
1635 3013 1763 3048 appellat,
1782 3023 1849 3048 quae
1868 3012 1962 3040 habeat
1979 3014 2007 3040 in
2023 3015 2048 3040 se
2066 3024 2220 3042 controuer-

1177 3047 1241 3073 siam
1265 3057 1294 3074 1n
1314 3047 1426 3075 dicendo
1446 3049 1571 3083 positam,
1593 3049 1646 3075 sine
1665 3055 1795 3076 certarum
1816 3050 1987 3083 personarum
2005 3050 2219 3084 interpositione,

1498 3085 1571 3118 Quid
1591 3085 1621 3112 sit
1639 3084 1754 3115 bonum,
1768 3091 1813 3110 etc.
1884 3084 1939 3110 Cic.
1953 3085 2024 3110 Fam.
2039 3088 2076 3116 16,
2090 3093 2124 3112 22
2160 3086 2219 3113 Vna

1175 3154 1268 3184 soleo,
1294 3154 1326 3181 de
1353 3155 1494 3190 quadrimo
1521 3157 1637 3188 Catone,
1666 3158 1684 3181 i.
1714 3154 1810 3191 aliquid
1830 3155 1979 3181 inculcatum
2004 3161 2028 3182 et
2049 3156 2219 3192 interpositum

1165 3189 1320 3225 scripturae.

1213 3232 1223 3250 1
1236 3231 1259 3250 N
1271 3231 1317 3252 TE
1327 3232 1347 3252 R
1357 3234 1372 3253 Ρ
1381 3233 1400 3253 n
1409 3227 1419 3253 ἰ’
1428 3232 1481 3253 mo
1491 3246 1498 3257 ,
1518 3226 1606 3261 prem,
1631 3225 1742 3260 pressum
1751 3245 1759 3257 ,
1779 3223 1832 3251 ere.
1868 3222 2015 3259 [διακλάω]
2051 3225 2218 3253 Ιηιεκῖαᾰενε

1771 3261 1826 3294 Q¹i
1839 3260 1980 3287 sacerdotis
1999 3260 2116 3287 scelestus
2130 3262 2218 3288 fauces

1174 3297 1372 3331 interpresserit.
1407 3297 1476 3325 Add.
1495 3297 1563 3324 Min.
1586 3296 1660 3323 Felix
1679 3297 1707 3322 in
1725 3295 1786 3322 oet.
1807 3305 1832 3331 p.
1853 3304 1892 3328 93.
1925 3297 2010 3323 Ouzet.
2027 3296 2071 3323 vbi
2088 3297 2158 3333 conf.
2177 3298 2218 3324 EI-

1173 3331 1308 3394 meillbvoffli
1317 3373 1333 3393 R
1344 3375 1359 3394 P
1368 3374 1412 3394 RE
1422 3374 1435 3394 s
1443 3387 1452 3400 ‚
1472 3367 1530 3393 etis.
1549 3376 1571 3393 c.
1607 3367 1621 3401 [
1628 3365 1752 3402 ἕρμηνεῦς,
1764 3365 1945 3401 μεταιφραςὴς]
1981 3367 2034 3402 Qui
2051 3369 2078 3392 in
2092 3368 2176 3403 aliqua
2189 3376 2218 3394 re

1173 3402 1269 3438 agenda
1280 3403 1373 3429 medius
1387 3402 1419 3435 est
1428 3423 1436 3435 ,
1456 3409 1480 3429 et
1493 3403 1571 3429 veluti
1582 3404 1729 3429 conciliator
1741 3408 1765 3428 et
1775 3401 1878 3433 aicHar,
1891 3405 1934 3436 qui
1947 3404 2012 3428 inter
2026 3401 2086 3428 duur
2099 3404 2219 3437 quuitur,

735 3439 855 3465 Mutatur
872 3447 913 3464 ars
926 3438 1047 3472 quotidie
1056 3458 1064 3470 ‚
1076 3444 1116 3464 to·
1125 3445 1162 3470 90
1175 3444 1199 3464 ct
1213 3445 1242 3465 vt
1258 3441 1326 3465 inter
1346 3438 1412 3474 ipsos
1424 3440 1552 3464 conuenire
1565 3437 1594 3463 de
1606 3438 1693 3471 pretio
1705 3440 1755 3468 rei,
1768 3439 1810 3463 oe!
1827 3445 1967 3472 quocunque
1979 3438 2028 3463 alio
2040 3441 2151 3473 negotio,
2160 3438 2218 3474 pos·

1174 3472 1222 3506 Jit,
1236 3472 1320 3508 efficit.
1356 3473 1452 3500 Deinde
1464 3476 1614 3508 generatim,
1630 3475 1674 3507 qui
1689 3470 1780 3506 efficit,
1791 3478 1820 3498 vt
1838 3472 1980 3507 intelligant
1999 3473 2061 3504 alii,
2075 3473 2139 3508 quod
2157 3474 2219 3499 alio.

1177 3513 1251 3544 quin,
1263 3508 1318 3542 stne
1333 3507 1409 3542 ipsius
1421 3511 1560 3534 interuentu
1574 3515 1597 3533 et
1611 3515 1683 3542 opera
1696 3517 1743 3534 non
1758 3506 1910 3533 intellefsuri
1921 3513 2002 3534 erant.
2043 3507 2123 3534 Plaut.
2138 3509 2217 3536 cure.

1175 3553 1200 3576 3,
1213 3546 1249 3578 64
1267 3543 1348 3577 Quod
1362 3549 1387 3570 te
1400 3545 1532 3578 praesente
1546 3543 1602 3569 istic
1614 3543 1671 3577 egi,
1690 3549 1768 3577 teque
1781 3543 1933 3576 interprete.
1988 3542 2044 3569 Cic.
2059 3544 2134 3570 Verr.
2147 3552 2169 3576 3,
2183 3549 2217 3577 84

1175 3580 1206 3606 A.
1220 3579 1374 3605 Valentinus
1388 3579 1423 3605 est
1435 3580 1463 3604 in
1476 3579 1565 3605 Sicilia
1576 3578 1719 3613 interpres:
1744 3586 1798 3612 quo
1811 3577 1858 3603 iste
1875 3578 2106 3639 interprete‚p¹non
2120 3579 2152 3605 ad
2168 3580 2218 3640 lig-

2059 3614 2094 3640 in.
2116 3616 2141 3646 6,
2204 3623 2216 3640 e

1178 3650 1366 3681 Dioscuriade,
1386 3651 1461 3677 Ponti
1478 3649 1597 3685 quondam
1616 3649 1690 3681 vrbe,
1716 3650 1737 3675 A
1751 3648 1846 3674 nostris
1863 3655 1946 3675 cxxx
1965 3622 2216 3683 interpretib11s⁵ne-

1177 3685 1250 3718 gotia
1264 3686 1304 3711 ibi
1319 3686 1400 3719 gesta:
1417 3684 1532 3717 dixerat,
1543 3683 1732 3710 Timosthenes
1753 3684 1781 3709 in
1800 3692 1856 3709 eam
1877 3690 1935 3711 CCC
1955 3685 2075 3710 nationes
2088 3683 2215 3710 diffimili-

1178 3720 1227 3746 bus
1240 3721 1337 3755 linguis
1351 3719 1506 3747 descendere
1520 3719 1648 3754 prodidit.
1719 3719 1780 3745 Liu.
1795 3727 1831 3751 21,
1845 3727 1873 3745 12
1893 3719 1924 3745 Se
1937 3720 2007 3754 pacis
2019 3720 2074 3746 eius
2088 3720 2214 3751 interpre-

1177 3761 1230 3781 tem
1253 3756 1313 3782 fore
1333 3756 1482 3790 pollicetur.
1553 3756 1620 3783 Hor.
1634 3754 1667 3781 de
1681 3755 1745 3781 Arte
1757 3755 1829 3780 Po'e't.
1852 3763 1871 3786 i,
1895 3763 1928 3781 111
1963 3755 2021 3781 Post
2038 3753 2111 3779 effert
2128 3753 2214 3779 animi

1629 3789 1715 3816 Malus
1739 3789 1822 3816 Ouid.
1835 3798 1868 3816 ex
1881 3791 1955 3816 Pont.
1967 3798 1994 3822 4,
2009 3798 2047 3821 14,
2061 3797 2100 3820 41.
2155 3787 2213 3814 Nu-

1178 3826 1276 3852 marius
1294 3836 1362 3861 pacis
1376 3833 1401 3852 et
1416 3826 1573 3852 concordiae
1586 3825 1642 3852 Cic.
1656 3833 1705 3859 pro
1717 3825 1821 3852 Cluent.
1838 3834 1878 3852 101
1894 3834 1914 3850 c.
1927 3826 1964 3856 36.
2017 3822 2213 3862 Cortum-pendi

1178 3861 1273 3887 indicii
1286 3862 1359 3888 Idem
1374 3861 1431 3888 Αξὶ.
1446 3862 1474 3887 in
1487 3861 1563 3888 Verr.
1578 3868 1587 3886 1
1606 3869 1628 3887 c.
1650 3869 1684 3887 12.
1753 3861 1808 3887 Cic.
1822 3861 1854 3887 ad
1870 3861 1940 3886 Brut.
1961 3866 1989 3884 ιο
2005 3857 2214 3897 ,Ιιιιρτοὺιΰῑιιιισ

1176 3896 1263 3922 literis
1282 3897 1406 3932 quidam,
1427 3896 1617 3931 fallacibusque
1634 3896 1823 3929 interpretibus
1842 3905 1870 3922 ac
1886 3893 1985 3920 nuntiis
2002 3892 2165 3926 impulerunt
2183 3901 2213 3933 in

1178 3932 1248 3966 spem
1261 3932 1424 3958 certisliinain
1439 3932 1604 3959 Consulatus.
1676 3932 1723 3958 Per
1740 3933 1838 3958 amicos
1856 3936 1882 3956 et
1899 3929 2053 3960 interpretes
2071 3936 2148 3961 agere
2166 3926 2214 3953 ali.

1571 3967 1699 4004 Amicitet
1719 3965 1871 4001 interpretis
1886 3963 1940 3991 mei
1958 3962 2028 3989 tilius
2053 3962 2126 3989 Idem
2140 3963 2212 3988 Fam.

1372 4011 1390 4037 7
1410 4002 1431 4029 1.
1466 4010 1483 4029 2
2139 4005 2216 4030 1354
