2479 4225
10 158 115 239 ³639
431 178 464 217 F
550 177 587 219 L
672 178 711 218 A

39 276 79 299 tus
90 267 209 296 omnium
221 266 372 302 prospeciui
384 266 481 293 offecit.
518 266 592 302 Conf.
606 266 716 294 Paullin.
730 264 762 292 ad
777 264 883 298 Cyther.
898 270 953 298 731.
1012 263 1081 289 Mas-

0 302 3 306 *
41 306 81 339 sae
97 303 115 331 l.
128 310 155 336 83
169 302 196 329 ff.
222 311 271 338 pro
284 302 364 330 socio.
448 304 526 336 leem,
553 302 643 339 Fufiis:
687 303 738 329 Aes
760 301 851 327 flatum
870 306 966 334 pecore
1003 299 1079 325 Varr.

42 339 174 402 R'rlisnz'i’*
183 346 242 405 xlt's,
261 373 299 400 fis.
325 382 362 400 m.
397 374 526 408 [medum
546 373 641 407 οἰήτης]
693 372 749 399 Cic.
765 370 817 398 Off.
832 378 861 402 2,
876 377 904 401 19
925 370 977 395 c.6
1009 368 1079 394 Nam

241 445 317 471 quta
330 453 395 472 vero
408 450 507 471 terram
518 445 610 471 volant
624 445 652 471 in
663 442 772 470 aduerso
785 441 848 466 flatu
864 439 1081 501 νεριίἱίῗιιςιιιοςῑκἵ

970 484 986 501 ιι
1000 484 1081 502 nnnci

982 511 1080 537 Letife-

41 446 106 475 Plin.
118 453 141 472 ιι
178 452 205 470 ιο

39 487 104 510 tato.
149 464 194 506 'De
205 479 301 514 apibus.
373 480 465 515 Aprici
479 481 568 513 flatus,
593 479 648 506 vid.
668 482 786 505 neme
797 482 817 500 v
829 481 855 501 s.

41 516 126 545 Valer.
139 515 238 549 Argon.
252 523 283 550 7,
295 520 345 548 583·
417 516 571 542 Leniffimus
597 515 662 542 Plin.
672 521 700 546 19
713 512 741 539 in
754 519 874 546 prooem.
889 519 912 550 3:

3 584 8 587 ἡ
38 552 77 615 gis
87 549 165 613 eglidi
178 551 309 585 spirarunt
323 551 430 578 flatibus
443 552 525 578 austri
549 550 631 578 Ouid.
643 550 708 576 Met.
722 556 744 580 7,
758 555 810 579 532·
881 545 986 572 L¹e¹¹0s3
1006 547 1081 573 flatus

55 595 93 614 cri
113 595 157 612 on.
172 595 180 613 1
199 595 219 612 2.

28 595 202 650 'Moniffinuss
226 621 292 648 Plin.
302 631 329 655 19
343 623 371 648 in
386 631 506 658 prooem.
519 632 546 657 4.
615 618 758 653 Multiuagi
783 616 876 644 Claud.
891 617 1080 657 delcaptrro-

0 679 2 685 .
39 658 103 692 serp.
119 665 144 688 1,
163 664 204 692 75.
276 657 365 692 Segnis
400 658 487 685 Valer.
502 659 599 691 Argon.
612 660 639 685 8,
657 662 700 687 99.
773 653 896 688 Complet
909 652 975 679 tibia
989 654 1081 680 sedilia

0 718 2 721 .
39 693 103 720 flatu
123 691 300 719 HondeArte
309 694 444 727 Poe't.20;.
496 692 621 720 Emittere
629 688 1083 728 flatumventrisSuet.Claud.c.323

40 729 98 757 cic.
112 728 140 755 in
155 729 226 755 Arat.
242 737 277 755 111
298 729 441 756 Aestiferos
453 727 547 755 validis
563 726 678 760 erumpit
690 724 795 751 flatibus
808 725 889 759 ignes.
926 725 964 750 De
977 725 1082 757 canest-

37 764 102 791 dere.

38 800 112 828 Orat.
126 807 152 832 2,
166 804 210 834 187
223 809 244 826 c.
260 808 306 833 44.
396 798 537 826 Parecbant
548 796 670 824 hibernis
683 796 789 822 flatibus
802 796 867 824 Euri
892 794 967 828 Virg.
983 795 1081 830 Georg.

37 843 63 867 2,
77 843 131 867 339.
235 835 291 862 Cic.
304 836 333 861 in
347 836 419 862 Atat.
433 839 478 867 184
517 834 598 859 Aram
621 841 700 867 quam
723 832 786 859 flatu
811 830 955 866 permulcet
976 830 1082 865 spiritus

0 888 3 899 2
31 870 135 898 ¹Austri.
239 870 346 897 Resedit
368 871 442 896 flatus
464 875 572 903 repente
608 869 685 902 Virg.
699 868 765 894 Aen.
797 887 805 900 ‚
819 871 855 897 28-
949 866 1082 894 Contorto

35 906 110 969 gan}¹3
124 911 213 968 rgtare
232 905 335 941 aliquid
352 905 397 932 Sil.
409 913 433 937 3,
448 911 506 939 527.
576 905 626 931 Pro
637 903 740 941 ferocia
758 874 795 936 ζῆ
802 909 842 938 ap.
854 901 900 928 Sil.
912 909 944 934 2,
957 906 1011 932 288.
1028 902 1081 929 vid.

0 950 3 967 Ζ
63 951 94 968 ΥΕ
111 950 139 967 8²1
158 961 164 967 .

0 979 2 1006 ζ
72 983 90 1004 F
99 983 179 1004 LAM
188 983 205 1003 Ε
214 983 236 1004 Ν
245 997 254 1009 ,
272 976 332 1003 ἰἰιὶι.
351 983 379 1002 ιι.
414 975 428 1009 [
435 975 546 1009 versvm]
584 974 672 1000 flotus
685 973 788 1000 dicitur.
825 973 893 999 Hor.
905 972 993 999 Carm.
1007 981 1029 1005 3,
1045 982 1082 1006 19,

0 1028 7 1041 v,
37 1019 69 1045 19
88 1013 205 1039 Insanire
218 1013 313 1039 iuuat:
346 1018 392 1037 cur
407 1009 595 1042 Berecynthiac
631 1009 733 1036 Cefl‘ant
749 1007 857 1035 flamina
870 1007 971 1035 tibiae?
1007 1009 1081 1043 Virg.

37 1049 105 1074 Aen.
120 1057 158 1081 ιο,
171 1055 214 1082 97.
319 1045 450 1072 Abae’tum
472 1046 584 1078 flamen,
611 1044 665 1071 vid.
691 1049 850 1071 ABACTVS.
943 1045 1083 1071 Contraria

35 1083 103 1110 clasii
123 1083 204 1110 Ouid.
216 1083 280 1108 Met.
295 1089 327 1113 13,
340 1086 390 1113 183.
484 1083 571 1108 Rauca
591 1081 688 1107 Lucan.
701 1088 724 1113 5,
739 1087 793 1114 2¹7·
865 1079 970 1114 Figitur
982 1080 1082 1114 ingenti

0 1123 2 1132 '
36 1119 144 1146 flamine
158 1117 251 1153 puppis
270 1116 351 1143 Ouid.
363 1115 429 1143 fast.
444 1125 467 1149 3,
481 1125 539 1150 599.

35 1154 118 1181 Ouid.
131 1155 196 1181 Met.
212 1162 232 1185 1,
246 1154 300 1184 ²63·
394 1153 503 1179 Portant
515 1154 613 1178 te‘rram
627 1151 722 1185 rapido
735 1160 796 1176 cum
809 1151 916 1178 flamine
936 1152 1009 1186 Virg.
1017 1155 1083 1178 Aen.

3 1203 5 1206 ¹
35 1197 64 1222 4,
78 1198 132 1223 241.
197 1188 301 1216 Pulsant
313 1186 431 1222 aliquem
443 1188 477 1214 ab
489 1188 600 1222 regione
612 1186 753 1221 Aquilonis
767 1186 874 1213 flamina
893 1186 948 1213 Cic.
961 1187 992 1214 de
1007 1188 1081 1214 N.1).

0 1255 5 1258 .
34 1233 60 1255 a,
75 1232 123 1250 112.
229 1224 360 1257 Rapturus
372 1223 447 1249 siluas
460 1224 560 1250 sonoro
575 1223 683 1249 flamine
712 1221 806 1249 Claud.
823 1222 856 1248 de
869 1223 943 1257 Rapt.
963 1224 1081 1258 Proserp.

35 1265 57 1294 ι,
88 1268 110 1292 3.
217 1259 322 1293 Spirant
335 1258 443 1286 flamina
468 1258 551 1286 Ouid.
566 1258 632 1285 Fast.
646 1267 674 1291 4,
688 1264 725 1292 17.
816 1258 963 1285 Vibrabant
977 1259 1082 1285 flamina

0 1306 3 1317 r
34 1303 68 1326 ve
90 1303 116 1321 es
133 1293 208 1321 Idem
219 1295 284 1321 Met.
298 1302 318 1326 1,
332 1298 384 1327 528.

0 1331 5 1356 .’
31 1330 108 1369 supra
120 1329 146 1366 s
161 1331 180 1356 1.

48 1362 266 1397 -,.1=1.ABi'L1s,
285 1373 310 1391 e.
329 1363 391 1391 Adi.
427 1362 639 1399 [πνευματώδης]
674 1364 731 1391 Cic.
745 1363 829 1391 Tusc.
843 1373 870 1397 1,
884 1366 919 1391 66
932 1374 953 1391 c.
967 1373 1001 1400 27
1032 1365 1083 1392 Ni-

39 1399 110 1431 ffilne
120 1405 164 1427 aut
175 1399 317 1428 humidum
330 1399 438 1434 quidem
448 1420 457 1432 ,
476 1406 522 1427 aut
537 1400 643 1433 flabile,
662 1406 708 1427 aut
727 1400 836 1435 igneum
850 1401 859 1426 ἒ
896 1401 998 1427 Flabile
1016 1401 1084 1427 dixit

70 1445 84 1464 ο
93 1438 177 1464 Atreo.
270 1435 385 1462 Flabiles
397 1435 540 1470 puluisculi
561 1436 696 1466 Amoba.
768 1435 843 1473 Conf.
857 1436 981 1464 Prudent.
994 1437 1023 1463 in
1035 1437 1084 1471 Ag.

63 1471 148 1500 omani
160 1472 220 1505 346·
255 1478 280 1498 et
298 1471 396 1506 Apoth.
412 1473 471 1505 867.

52 1517 58 1521 ·
72 1511 112 1535 ι-Ὶ.
122 1513 144 1534 Α
153 1513 225 1533 BRv
234 1513 277 1539 M,
296 1507 314 1533 i.
333 1516 361 1533 n.
397 1506 534 1540 [πνεῦμα]
568 1507 616 1537 vel,
629 1512 659 1533 vt
672 1507 728 1532 vult
737 1506 854 1540 Seruius,
872 1506 967 1534 Flabra
981 1512 1083 1534 tantum

34 1539 104 1570 mur.
120 1543 205 1569 Venti.
240 1543 318 1577 Virg.
333 1543 431 1576 Georg.
447 1550 472 1572 2,
485 1550 533 1574 293
553 1542 623 1575 Ergo
637 1550 691 1567 non
705 1541 806 1569 hiemes
820 1543 904 1575 illam,
922 1552 977 1569 non
990 1544 1084 1576 flabra,

0 1580 5 1607 L
33 1585 120 1612 neque
131 1577 232 1605 imbres
266 1578 439 1604 Conuellunt.
511 1578 629 1611 Propert.
641 1585 668 1609 2,
682 1584 724 1611 27,
734 1585 759 1603 12
778 1578 877 1604 Boreae
890 1578 981 1605 flabra.
1031 1580 1083 1606 Lu-

33 1619 99 1641 cret.
111 1620 134 1646 1,
145 1615 196 1648 276
229 1626 275 1633 -—-
311 1614 468 1646 Montesque
481 1612 617 1646 supremos
652 1612 803 1647 Siluifragis
821 1619 899 1639 vexat
919 1614 1017 1640 flabris.
1060 1617 1079 1640 i.

0 1651 1 1654 ’
34 1648 157 1676 Flatibus.
274 1647 356 1674 Etefia
386 1648 491 1673 Lucret.
506 1650 533 1679 6,
547 1650 605 1682 716.

0 1693 3 1700 ⁸
33 1683 109 1713 venti
135 1683 212 1717 Virg.
227 1683 325 1718 Georg.
339 1692 362 1716 3,
380 1691 434 1716 199.
506 1682 601 1710 Flabra
629 1683 763 1717 aquilonis
804 1684 900 1711 Auien.
922 1686 1022 1720 Perieg.
1046 1694 1083 1718 33.

34 1731 81 1740 ο·-
113 1716 209 1745 Fauoni
235 1717 272 1744 ib.
285 1726 325 1751 52.
360 1732 406 1738 —
441 1717 501 1744 noti
520 1726 592 1753 ¹²70·
628 1733 674 1738 -—
709 1718 825 1753 Zephyri
846 1728 899 1752 130.

69 1759 88 1781 F
100 1760 118 1780 1.
129 1760 225 1781 ABEL
235 1759 251 1779 L
261 1759 332 1786 VM,
352 1753 370 1780 i.
389 1763 416 1780 ιι.
453 1752 655 1788 [mesum-Idm]
690 1754 792 1780 Dimin.
829 1764 845 1780 α
858 1754 970 1787 Flabro,
986 1758 1041 1781 acci
1059 1757 1079 1780 i-

0 1816 3 1826 ,
32 1793 77 1814 ηυ-
93 1795 144 1824 pro
168 1787 343 1821 Instrumenta,
355 1798 401 1824 quo
413 1787 452 1823 fit
469 1790 601 1815 ventilatio
620 1790 655 1814 ad
667 1789 870 1824 refrigerandum
881 1796 979 1824 corpus.
1047 1797 1084 1814 er.

33 1821 99 1850 Eun.
113 1831 133 1855 3,
147 1832 170 1855 ς,
183 1831 221 1856 47
241 1824 313 1848 Heus
326 1830 368 1853 tu,
387 1823 492 1856 inquit,
512 1824 599 1854 Dore,
619 1831 682 1855 cape
703 1823 755 1848 hoc
777 1822 927 1854 flabellum,
945 1828 971 1848 et
990 1828 1082 1848 ventu-

33 1857 91 1884 lum
102 1857 165 1884 huic
179 1857 212 1883 sic
225 1857 306 1882 facito
319 1857 382 1882 dum
395 1857 524 1882 lauamur.
560 1857 646 1882 Multa
658 1856 688 1881 de
699 1865 727 1881 ea
740 1865 767 1881 re
781 1856 880 1891 Cashub.
895 1860 923 1882 in
937 1858 1008 1883 Suet.
1016 1858 1082 1891 Aug.

32 1901 57 1920 e.
66 1897 106 1924 82·
177 1893 296 1924 Propert.
309 1899 334 1923 2,
346 1898 419 1923 25,1r
439 1891 552 1917 rauonis
564 1891 661 1917 caudae
674 1890 778 1917 flabella
792 1891 927 1925 superbae.
964 1892 1082 1919 Martial.

32 1936 56 1961 3,
68 1933 94 1957 81
114 1927 146 1954 Et
158 1925 286 1953 aestuanti
298 1931 378 1952 tenue
391 1926 502 1952 ventilat
515 1926 599 1961 frigus
635 1926 733 1960 Supina
752 1926 855 1961 prasino
873 1928 1021 1955 concubina
1037 1929 1082 1954 fla-

0 1961 8 1995 s
34 1962 116 1991 bello.
219 1961 315 1988 Tenui
329 1967 422 1988 ventos
436 1961 547 1988 mouisse
560 1961 666 1989 flabello
699 1962 781 1989 Ouid.
801 1962 833 1989 de
845 1963 910 1990 Arte
922 1965 983 1990 Am.
997 1973 1017 1996 1,
1033 1966 1083 1990 161.

1142 269 1170 291 tu
1183 263 1334 300 deseruerim.

39 417 66 438 et
78 418 157 444 quum
171 409 295 444 prospero
315 409 377 436 flatu
397 410 455 435 eius
475 409 591 441 vtimur,
619 408 650 435 ad
670 408 753 434 exitus
772 404 947 440 prouehimur
964 410 1078 438 optato&
1103 409 1118 436 ς
1144 415 1198 433 non
1210 407 1305 433 facere.
1321 407 1345 434 h.
1360 415 1379 432 e.
1395 405 1518 440 Nestorei
1532 408 1635 442 quidem.

1094 946 1129 965 20
1143 947 1194 973 que
1209 938 1318 970 florem,
1336 946 1422 971 neque
1436 939 1513 964 floces
1527 940 1591 965 volo
1605 939 1692 973 mihi,
1712 940 1805 967 vinum
1817 941 1892 968 volo.

632 1116 733 1150 Fugant
748 1114 868 1141 inductas
881 1116 986 1142 flamina
999 1116 1081 1142 nubes
1098 1122 1130 1149 25
1143 1115 1282 1147 braretur,
1303 1115 1422 1142 editione
1436 1115 1569 1147 ludorum,
1581 1124 1648 1150 quos
1660 1115 1791 1156 appellant
1799 1116 1923 1143 Floralia.

1100 1478 1128 1504 33
1144 1472 1181 1499 tia
1194 1472 1300 1499 Florae.

691 1648 808 1674 Lenibus
824 1648 914 1675 flabris
929 1649 1084 1676 horrescunt
1096 1663 1134 1688 40

1530 176 1804 218 FLO
2115 189 2196 238 690

1400 274 1421 304 .-
1439 264 1521 292 Plaut.
1534 265 1620 293 Truc.
1634 274 1663 299 4,
1677 274 1698 297 2,
1712 267 1744 299 5⁶
1781 267 1821 293 De
1833 268 1922 296 nihilo
1936 271 1972 298 est
1989 271 2066 299 irasci
2079 273 2105 300 ei
2114 294 2123 306 ,
2141 274 2191 309 qui

1143 306 1169 326 te
1188 309 1242 327 non
1262 300 1338 327 flocci
1357 299 1428 326 facit.
1533 301 1607 329 Idem
1624 301 1693 328 Rud.
1707 300 1777 328 Prol.
1791 309 1828 336 47
1863 305 1887 329 ls
1901 306 1977 338 leno,
1997 314 2025 335 vt
2038 310 2063 335 se
2075 318 2191 344 aequum

1145 335 1195 366 est,
1216 336 1292 362 flocci
1304 344 1359 362 non
1371 335 1435 362 fecit
1449 334 1536 363 sidem.
1623 337 1766 364 Mulierem
1782 345 1844 364 caue
1858 339 1939 366 vllam
1952 342 2096 371 floccisaxis
2107 345 2190 372 Plaut-

1144 371 1223 397 Most.
1235 380 1259 404 3,
1271 380 1295 402 2,
1309 379 1358 398 121.
1462 372 1519 397 Cic.
1533 373 1586 399 Att.
1599 381 1635 406 4,
1648 379 1673 406 ις
1695 373 1798 400 Totam
1818 371 1932 408 denique
1952 377 2092 412 Rempubl.
2112 381 2190 408 flocci

1459 442 1461 445 Ι
1743 408 1868 443 Tergum
1880 407 1958 436 'suum
1982 413 2064 439 Plaut.
2077 416 2152 449 Epid.
2165 425 2189 449 3,

1145 450 1168 473 2,
1181 451 1217 468 12.
1323 442 1397 468 Idem
1409 441 1491 467 Trm.
1505 451 1532 475 4,
1546 451 1571 475 2,
1586 451 1628 475 150
1651 443 1689 470 DI
1703 449 1728 471 te
1741 443 1850 479 perdant
1864 455 1871 471 :
1905 445 1950 471 etti
1963 446 2039 474 flocci
2051 450 2138 484 facio,
2156 461 2191 478 an

1144 478 1247 511 periffes
1262 477 1342 511 prius.
1362 479 1380 503 i.
1396 476 1527 512 vixflocci
1535 482 1620 512 pretio
1634 477 1745 513 intereffi·
1752 487 1823 515 puto.

1179 519 1299 540 rLocc
1310 520 1319 538 1
1330 519 1346 540 F
1356 519 1376 539 A
1386 518 1458 538 CTE
1470 519 1489 539 o
1502 519 1532 538 N.
1576 514 1632 539 Cic.
1647 515 1700 541 Att.
1715 524 1724 541 1
1734 535 1741 546 ,
1761 517 1790 542 16
1817 516 1923 549 Quare,
1943 521 1972 543 vt
1986 517 2099 551 opinor,
2119 524 2190 553 φιλα-

1143 549 1256 582 σοφητέον
1265 568 1273 580 ,
1293 548 1321 574 id
1335 546 1406 583 quod
1420 553 1448 573 tu
1461 547 1541 580 facis,
1562 555 1587 574 et
1601 549 1664 575 istos
1677 551 1832 577 Consulatus
1845 560 1899 578 non
1911 552 2109 579 floccifacteom
2129 565 2188 590 quae

289 586 382 613 MedoS
397 588 472 613 flatus
488 586 632 614 referentia
643 588 792 617 vnguenta‚
816 581 870 608 vid.
891 588 1002 609 MEDVS
1018 592 1043 608 n.
1058 591 1078 609 2.
1097 590 1127 609 10
1141 583 1215 610 letho
1228 591 1252 609 et
1265 584 1384 610 librorum
1393 582 1444 617 fide
1458 586 1560 614 nititur,
1581 591 1604 610 et
1617 585 1694 620 digna
1708 585 1739 618 est
1753 588 1832 622 lepore
1840 588 1965 614 Ciceronis
1976 588 2191 624 etfamiliaruote

1142 628 1196 645 cum
1228 621 1332 652 Attico,
1349 625 1380 645 vt
1401 618 1491 654 saciat
1523 627 1607 646 vocem
1637 621 1768 655 hybridam
1799 632 1828 649 ex
1860 624 1968 656 Latino,
1986 631 2010 650 et
2037 628 2191 652 terminatio-

1144 664 1172 680 ne
1186 655 1288 681 Graeca.

1180 696 1196 716 F
1204 697 1220 716 L
1231 696 1250 716 0
1260 697 1277 717 C
1285 696 1301 716 c
1309 696 1318 715 1
1327 695 1342 715 Ρ
1353 694 1370 714 Ε
1382 695 1403 714 Ν
1413 693 1432 714 D
1441 695 1460 715 Ο
1470 708 1478 720 ,
1496 688 1540 721 di,
1559 690 1613 716 ere.
1649 690 1697 731 [ἓν.
1713 690 1775 718 idem*
1792 692 1857 725 λόγῳ
1869 693 1994 729 τίθεμαι]
2030 694 2098 722 Idem
2126 695 2193 732 quod

1145 725 1319 760 floccifacere.
1355 724 1424 750 Ter.
1439 724 1503 750 Eun.
1519 733 1542 757 3,
1556 734 1576 757 1,
1590 734 1619 752 21
1638 726 1764 754 inuidere
1778 737 1871 755 omnes
1885 728 1969 762 mihi,
1986 729 2109 758 mordere
2122 732 2192 759 clan-

173 764 287 799 Metaph.
323 763 400 792 Vnde
425 763 522 798 aliquis
553 762 628 788 flatus
656 760 819 792 ostenditur,
839 759 897 787 vela
918 758 952 784 do
978 760 1034 785 Cic.
1049 759 1081 786 de
1099 769 1124 796 ις
1142 761 1251 788 culum:
1286 768 1336 794 ego
1347 768 1402 785 non
1421 759 1620 794 floccipendere.

1179 797 1350 823 froccos
1362 801 1382 819 ν
1394 801 1425 826 S,
1443 803 1473 827 a,
1494 805 1546 822 um.
1565 796 1627 824 Adi.

1142 831 1289 866 lanugineis
1301 830 1498 857 adnationibus.

1181 873 1198 893 F
1209 874 1225 893 L
1234 873 1253 893 0
1262 873 1279 893 C
1288 872 1305 892 E
1314 873 1327 893 s
1336 886 1344 898 ,
1366 875 1420 892 um.
1441 866 1459 892 f.
1475 867 1513 893 ΡΙ.
1550 868 1669 895 Vuarum
1683 875 1896 903 purga1nenta,et
1909 870 1969 897 faex
1977 871 2036 898 vini
2048 881 2062 899 e
2075 873 2192 902 vinacei·

1144 902 1273 937 expressa,
1296 904 1379 937 inquit
1394 902 1501 928 Nonius
1515 911 1540 936 2,
1556 912 1611 937 354.
1647 905 1758 931 Caecilii
1770 906 1816 932 hoc
1836 905 1940 941 adfert,
1959 907 2058 943 Edepol
2079 918 2129 944 ego
2146 919 2192 937 ne-

1949 942 2017 969 Gell.
2032 952 2065 977 ιι,
2079 952 2095 979 7
2109 946 2193 981 Aplu-

1662 798 1741 832 Apul.
1761 798 1794 825 de
1807 798 1892 826 Herb.
1906 808 1928 826 c.
1944 801 1974 826 62
2007 801 2135 830 Floccosis
2147 803 2192 831 vel

1143 975 1203 1000 dam
1216 973 1288 1006 edit,
1306 979 1332 999 et
1345 973 1423 999 floces
1436 973 1515 1000 bibit.

1180 1016 1196 1035 F
1206 1015 1222 1035 L
1230 1015 1250 1036 o
1260 1016 1279 1035 R
1289 1015 1311 1035 Α
1320 1028 1329 1040 ,
1347 1017 1385 1035 ae.
1405 1008 1424 1034 t'.
1442 1008 1612 1044 [Ἀνθίςηρα]
1648 1011 1710 1036 Dea.
1747 1010 1816 1035 Haec
1827 1013 2000 1046 enim,Q1um
2010 1023 2115 1049 magnas
2128 1024 2192 1051 opes

1143 1053 1175 1071 ex
1189 1050 1245 1071 arte
1260 1045 1411 1070 meretricia
1425 1044 1605 1078 quaesiuitset,
1622 1045 1685 1079 Pop.
1705 1045 1783 1071 Rom.
1804 1046 1903 1080 scripsit
1923 1047 2063 1082 heredem,
2082 1058 2192 1079 certam.

1143 1089 1196 1115 que
1210 1080 1347 1114 pecuniam
1357 1079 1481 1114 reliquit,
1501 1080 1577 1106 cuius
1597 1088 1629 1106 ex
1650 1089 1738 1106 annuo
1758 1080 1852 1107 fenore
1864 1082 1924 1107 suus
1937 1084 2030 1110 natalis
2050 1086 2106 1112 dies
2126 1088 2192 1114 cele-

2007 1119 2060 1145 uod
2094 1122 2138 1148 uia
2150 1123 2165 1149 S
2182 1139 2193 1144 -

1143 1151 1219 1178 natui
1230 1151 1390 1185 flagitiosum
1404 1151 1489 1178 visum
1501 1151 1546 1182 est,
1566 1151 1600 1177 ab
1613 1151 1671 1185 ipso
1683 1159 1792 1178 nomine
1805 1120 2192 1191 argumentqusumiqptacuiet,

1143 1193 1173 1214 vt
1197 1186 1334 1222 pudendae
1355 1187 1397 1213 rei
1419 1185 1548 1220 quaedam
1567 1185 1681 1221 dignitas
1701 1185 1852 1214 adderetur.
1888 1188 1971 1215 Deam
1990 1190 2124 1218 finxerunt
2136 1194 2194 1225 esse,

1143 1231 1211 1257 quae
1224 1222 1336 1249 floribus
1349 1222 1442 1256 praesit
1456 1233 1461 1248 z
1498 1231 1610 1256 eamque
1623 1228 1748 1257 oportere
1761 1223 1875 1257 placari,
1894 1230 1923 1250 vt
1939 1225 2029 1260 fruges
2040 1236 2101 1254 cizn
2115 1228 2193 1255 arbo-

1142 1258 1218 1285 ribus
1229 1264 1274 1284 aut
1286 1258 1387 1284 vitibus
1401 1257 1468 1284 bene
1481 1258 1658 1293 prospereque
1671 1259 1847 1285 florescerent.
1883 1259 1949 1286 Eum
1962 1262 2079 1290 colorem
2093 1265 2195 1292 secutus

580 1291 602 1330 ff
628 1302 645 1320 2
680 1293 805 1326 Flamen,
824 1296 843 1320 i.
855 1294 974 1330 sacerdos
983 1313 992 1327 ,
1028 1294 1082 1321 vid.
1099 1302 1132 1328 30
1145 1294 1175 1321 in
1190 1294 1270 1320 Fastis
1282 1294 1361 1320 Po'eta
1375 1302 1429 1319 non
1442 1292 1591 1328 ignobilem
1603 1293 1746 1328 nympham
1759 1294 1836 1320 suiss'e
1846 1296 1975 1327 narrauit,
1988 1306 2056 1331 quae
2070 1298 2100 1325 sit
2111 1300 2194 1327 Chlo-

1144 1330 1183 1356 ris
1203 1329 1335 1362 vocitata,
1356 1337 1467 1363 eamque
1490 1328 1613 1363 Zephyro
1635 1336 1759 1364 nuptam,
1778 1330 1849 1364 quasi
1873 1329 1942 1358 dotis
1954 1332 2016 1359 loco
2029 1333 2058 1360 id
2071 1337 2194 1370 accepisse

1144 1365 1263 1392 muneris
1275 1365 1336 1391 loco
1350 1374 1365 1391 a
1378 1365 1490 1395 marito,
1513 1370 1542 1391 vt
1555 1364 1665 1391 haberet
1677 1365 1798 1392 omnium
1812 1367 1909 1392 florum
1924 1368 2087 1401 potestatem.
2126 1372 2195 1398 Haec

1144 1400 1263 1428 Laetam.
1277 1409 1297 1432 1,
1309 1409 1354 1434 20,
1366 1402 1383 1426 6
1390 1400 1432 1436 sq.
1487 1401 1567 1427 Locus
1580 1399 1677 1427 Ouidii
1690 1399 1723 1433 est
1737 1401 1802 1427 Fast.
1815 1410 1836 1434 ς,
1851 1410 1895 1435 195
1913 1403 2020 1430 Chloris
2034 1414 2117 1440 eram,
2125 1415 2193 1441 quae

1145 1436 1225 1463 Flora
1237 1445 1338 1469 vocor,
1355 1443 1401 1497 effi.
1445 1471 1449 1475 ·
1469 1435 1584 1497 prlartial.
1599 1438 1625 1469 6,
1633 1443 1668 1471 79
1685 1437 1792 1464 Tantus
1805 1438 1876 1465 veris
1887 1437 1973 1465 honos
1986 1446 2012 1467 et
2025 1441 2123 1470 odorae
2135 1451 2194 1477 gra.

1403 1477 1467 1497 artia
1481 1491 1487 1496 .
1502 1479 1523 1502 ι,
1537 1480 1550 1503 3

1339 1506 1434 1533 Nosses
1446 1507 1550 1533 iocosae
1563 1505 1640 1533 dulce
1654 1516 1735 1542 quum
1749 1509 1850 1535 sacrum
1872 1508 1980 1543 Florae,

1341 1542 1484 1577 Festosque
1506 1543 1591 1574 lusus,
1611 1549 1637 1569 et
1648 1543 1784 1570 licentiam
1799 1545 1889 1579 vulgi:

1340 1578 1397 1605 Cur
1411 1578 1439 1604 in
1453 1578 1585 1604 theatrum
1598 1579 1665 1605 Cato
1677 1580 1767 1605 seuere
1781 1581 1895 1607 venisti?

1341 1615 1384 1640 An
1397 1614 1459 1640 ideo
1473 1620 1575 1640 tantum
1587 1623 1712 1645 veneras,
1732 1621 1760 1640 vt
1778 1616 1883 1641 exires?

1182 1654 1200 1675 F
1209 1653 1225 1673 L
1237 1653 1257 1674 0
1269 1654 1288 1674 R
1297 1655 1319 1675 A
1329 1655 1346 1675 L
1357 1656 1387 1676 IS
1396 1668 1403 1680 ‚
1424 1659 1447 1676 e.
1468 1649 1529 1675 Adi.
1564 1649 1598 1676 ad
1612 1651 1710 1676 Floram
1717 1653 1849 1684 pertinens
1862 1659 1870 1673 :
1905 1655 1952 1683 vt,
1971 1649 2085 1676 Floralis
2097 1651 2196 1680 flamen

1145 1684 1234 1710 Varro
1247 1683 1279 1709 de
1293 1683 1322 1709 L.
1335 1685 1365 1710 L.
1382 1688 1406 1715 6,
1419 1693 1440 1716 3.
1508 1684 1612 1710 Festum
1625 1684 1730 1710 Florale
1750 1684 1832 1710 Ouid.
1844 1684 1870 1710 d.
1883 1685 1902 1711 l.
1973 1685 2095 1720 Fulgent.
2109 1687 2196 1720 Myth.

1145 1727 1155 1744 1
1176 1718 1276 1745 Florali
1287 1719 1425 1745 lasciuiens
1440 1719 1596 1753 virguncula
1612 1719 1765 1752 petulantia.

1180 1759 1197 1779 F
1205 1760 1221 1778 L
1230 1759 1299 1779 ORA
1308 1760 1324 1778 L
1334 1760 1344 1778 1
1353 1760 1385 1785 A,
1393 1762 1483 1780 orum.
1503 1762 1530 1779 n.
1551 1755 1591 1779 ΡΙ.
1626 1753 1809 1790 [Urbes-hya]
1844 1755 1907 1780 Dies
1916 1755 1947 1780 Fe
1969 1758 1981 1781 i
1987 1774 1995 1786 ‚
2014 1756 2113 1792 ludique
2119 1760 2146 1783 in
2153 1758 2196 1785 ho-

1145 1796 1227 1812 norem
1241 1787 1335 1813 Florae
1346 1787 1467 1819 instituti.
1503 1787 1634 1821 Quneiil.
1647 1796 1668 1819 1,
1680 1796 1698 1820 9
1713 1789 1848 1821 Quaedam
1862 1795 1950 1816 tamen
1963 1796 1989 1817 et
2001 1791 2097 1818 faciem
2111 1793 2196 1820 soloe-

1146 1821 1222 1860 cismi
1235 1820 1348 1852 habent,
1370 1828 1396 1848 et
1410 1822 1464 1848 dici
1477 1823 1575 1849 vitiosa
1586 1831 1640 1849 non
1652 1823 1770 1858 possunt,
1790 1829 1820 1850 vt
1832 1824 1988 1859 Tragoedia
2002 1827 2150 1860 Thyestes,
2166 1834 2195 1856 et

1145 1854 1215 1881 Ludi
1227 1855 1360 1896 Floralia,
1379 1866 1408 1883 ac
1420 1857 1567 1892 Megalesia.
1621 1858 1739 1885 Laetant.
1758 1867 1778 1892 ι,
1793 1868 1834 1891 20,
1842 1868 1871 1886 10
1890 1861 2066 1888 Celebrantur
2080 1863 2121 1889 illi
2135 1863 2197 1892 ludi

1145 1899 1205 1917 cum
1219 1899 1294 1918 omni
1308 1892 1416 1920 lasciuia
1430 1894 1620 1920 conuenienter
1631 1895 1777 1920 memoriae
1788 1896 1944 1921 meretricis.
2000 1896 2071 1923 Nam
2091 1898 2196 1932 praeter

1144 1926 1291 1954 verborum
1312 1927 1464 1961 licentiam,
1482 1929 1580 1962 quibus
1600 1929 1746 1955 obscenitas
1769 1931 1856 1956 omnis
1879 1930 2040 1965 effunditur,
2060 1941 2195 1963 exuuntur

1145 1962 1225 1988 etiam
1242 1962 1358 1989 vestibus
1365 1964 1468 1997 Populo
1480 1964 1614 1998 flagitante
1625 1965 1791 1996 meretrices,
1808 1974 1877 2000 quae
1889 1971 1951 1993 tunc
1970 1968 2114 1996 mimarum
2134 1970 2196 1999 fun-

0 1997 7 2035 ξ.
33 1998 82 2027 Sed
100 2007 156 2025 cum
179 1999 207 2023 in
229 1996 336 2024 flabello
354 2000 439 2032 prima
462 1998 536 2034 longa
549 1996 603 2032 fit,
623 2000 712 2024 merito
733 1998 881 2033 praefertur
903 2000 984 2025 altera
1000 1997 1083 2025 leam.
1099 2008 1130 2034 50
1145 2003 1242 2030 guntur
1255 1995 1346 2024 Officio
1359 2004 1385 2024 et
1399 1999 1427 2024 in
1440 1999 1580 2033 conspe&u
1600 2000 1695 2034 Populi
1719 2009 1802 2035 Vsque
1824 2000 1856 2027 ad
1878 2002 2023 2029 satietatem
2044 2005 2196 2039 impudico-

0 2038 5 2057 ·:
35 2033 128 2062 Tenui
143 2039 253 2060 ventum
267 2033 376 2059 mouifl'e
391 2032 495 2059 tabella.
565 2034 608 2062 Sic
616 2040 667 2069 pro
680 2033 756 2060 Mota
770 2033 876 2060 flabella
889 2042 968 2060 manu
1003 2034 1083 2061 Ouid.

0 2091 2 2094 ψ
36 2069 126 2098 Amor.
139 2077 163 2101 3,
176 2077 206 2101 2,
219 2073 255 2101 38.
291 2065 358 2095 red-'se
378 2070 412 2095 al.
432 2068 559 2096 Tabella.
628 2070 677 2096 Per
700 2070 889 2096 translationem
905 2079 913 2094 .·
950 2069 1006 2096 Cic.
1035 2077 1084 2104 pro

37 2105 118 2135 Flacc.
131 2112 165 2138 54
177 2112 200 2130 c.
214 2112 244 2136 23
261 2104 345 2131 Cuius
370 2104 477 2139 lingua,
496 2104 567 2140 quasi
588 2103 696 2132 flabello
717 2104 870 2136 seditionis,
902 2105 949 2132 illa
973 2112 1030 2132 tum
1047 2104 1084 2131 est

23 2149 25 2151 ’
41 2141 171 2187 egentium
185 2140 280 2166 concio
297 2139 433 2167 ventilata.

63 2181 379 2209 suasurvrvm,
397 2176 416 2202 i.
435 2184 462 2202 n.
477 2175 579 2202 Dimin.
613 2174 682 2202 Ter.
695 2175 759 2202 Eun.
773 2184 795 2208 3,
809 2182 832 2208 ς,
846 2182 886 2208 50·

11 2210 12 2239 l
59 2208 274 2244 ·1=1.AaE1.1.1⁰
283 2217 323 2238 PE
336 2217 370 2244 a,
388 2220 414 2244 a,
422 2219 478 2239 um.
502 2211 564 2237 Adi.
601 2209 867 2246 [πνιυματιῶοφόρσς]
903 2209 1081 2237 Plaut.Trin.

41 2254 68 2280 a,
79 2255 101 2280 ι,
111 2254 143 2274 22
160 2246 277 2279 Vndior,
294 2247 353 2273 auri
369 2247 468 2279 custos,
488 2246 678 2279 flabelliferae,
699 2246 923 2281 sandaligerulae,
946 2252 993 2273 etc.

62 2288 92 2316 Ὶι’
101 2288 118 2311 1.
127 2288 250 2310 ABELL
261 2289 296 2314 ο,
315 2286 368 2309 are.
405 2282 524 2309 Tertull.
538 2281 570 2308 de
585 2282 649 2308 Pall.
666 2291 689 2308 c.
704 2291 732 2316 4.

73 2319 256 2345 FLABRAL
268 2326 276 2344 1
287 2323 320 2350 S,
339 2327 363 2345 e.
385 2317 448 2345 Adi.
484 2317 606 2345 Prudent.
625 2317 722 2352 Apoth.
743 2322 788 2350 841
814 2319 883 2344 Cum
897 2316 979 2349 libet,
1000 2317 1028 2342 in
1042 2325 1084 2351 ge-

37 2350 120 2380 {idum
131 2353 235 2381 flabrali
247 2353 350 2388 frigore
362 2359 470 2381 ventum
483 2353 611 2388 Spiritum
625 2353 714 2380 existit
728 2353 815 2380 tenuis
828 2359 854 2379 et
866 2352 952 2379 sibilat
963 2354 1018 2379 aer.

74 2394 92 2415 1³
100 2396 117 2416 1.
125 2396 147 2416 A
156 2395 172 2416 Β
180 2396 200 2416 R
209 2396 228 2416 ο
238 2409 246 2421 ,
264 2394 317 2416 are.
351 2389 476 2416 Prudent.
497 2391 549 2416 loco
572 2389 640 2415 modo
661 2389 761 2415 laudato
774 2390 821 2415 alii
833 2390 921 2425 legunt
929 2408 938 2422 ,
956 2389 1018 2414 mole
1030 2390 1084 2424 qui-

35 2422 104 2456 dm,
121 2425 188 2452 Cum
200 2424 268 2452 libet
281 2425 310 2451 in
323 2424 441 2459 gelidum
455 2424 567 2451 flabrare
580 2424 682 2458 frigore
696 2430 814 2451 ventum.

11 2463 13 2466 '
36 2463 41 2471 ¹
69 2465 87 2486 F
96 2466 113 2486 L
122 2467 145 2487 A
154 2467 176 2487 T
185 2466 205 2487 Ο
215 2467 234 2487 R
242 2480 251 2492 ,
271 2460 334 2487 oris.
354 2469 390 2486 m.
426 2459 570 2493 [αὖλητῆς]
605 2459 648 2485 Ab
660 2459 775 2494 antiquis
790 2459 937 2491 dicebatur,
945 2468 1024 2494 quem
1033 2468 1082 2485 nos

10 2482 13 2512 l
32 2493 193 2522 Tibicinem
206 2503 340 2525 vocamus,
357 2494 391 2520 ab
405 2494 496 2521 inflatu
510 2493 639 2521 tibiarum
652 2494 764 2521 dedu&a
776 2495 962 2530 appellatione.
983 2495 1081 2522 Festus.

0 2541 6 2554 k
32 2530 96 2557 Vet.
108 2530 189 2557 Gloss-
202 2529 275 2562 Flat,
293 2529 399 2562 Flator‚
421 2531 505 2563 Φνσᾷ,
524 2530 641 2560 αὐλητής.

0 2569 3 2589 5
35 2572 122 2592 nator.
318 2562 339 2601 fl
366 2574 379 2591 2
416 2566 533 2592 Flatores
547 2566 632 2598 aeris,
650 2565 768 2600 argenti,
782 2567 858 2599 auri,
871 2567 982 2603 fuerimt
995 2568 1082 2603 Magi-

0 2598 6 2625 i
27 2598 139 2634 stratur,
150 2602 195 2635 qui
205 2609 289 2626 curam
300 2599 423 2627 cudendae
432 2608 542 2628 monetae
552 2602 672 2628 habebant
687 2602 816 2637 Pompon.
830 2602 849 2628 l.
863 2611 876 2628 2
890 2602 923 2629 de
937 2603 1013 2636 Orig.
1028 2603 1081 2629 iur.

0 2630 6 2668 i
33 2634 58 2674 ᾗ.
72 2644 108 2668 3¹·
178 2635 227 2662 Sed
238 2637 293 2661 viri
306 2634 374 2662 dot‘li
386 2643 486 2672 autpro
510 2637 661 2664 Tribom'ani
679 2647 761 2664 errore
779 2638 886 2670 hahent,
907 2645 951 2664 aut
968 2639 1084 2664 librario-

0 2671 6 2698 ,ἱ
29 2680 106 2703 rum,
123 2671 308 2707 legendumque,
326 2672 398 2704 aeri,
414 2678 541 2707 argento,
559 2681 625 2699 auro
638 2672 736 2698 flando.

8 2736 9 2742 ¹
32 2741 188 2776 calamoque
204 2743 331 2768 flatantes.

70 2774 278 2808 FLATfms,
299 2786 322 2803 e.
342 2777 403 2803 Adi.

0 2811 7 2842 ξ
33 2813 97 2841 nob.
125 2815 151 2840 6.
186 2819 210 2839 et
230 2813 527 2848 Prudentsl-larmatig.
550 2821 599 2847 53¹·

0 2855 3 2858 ·
33 2848 100 2876 bore
114 2848 202 2875 flatili.

440 2777 573 2804 Ammian.
587 2786 627 2809 30,
640 2786 660 2812 4
680 2776 768 2803 Flatili
780 2777 876 2804 sonitu.
946 2776 1021 2813 Conf.
1035 2777 1083 2803 Ar-

670 2814 757 2840 Varro
773 2820 814 2849 ap.
830 2813 905 2840 Non.
919 2822 948 2846 4,
962 2822 1004 2846 353
1034 2813 1082 2839 La-

30 2919 98 2947 'dicis
97 2920 252 2955 frequentia.

71 2961 89 2981 r
97 2961 114 2980 1.
123 2962 173 2982 ΛΤ
183 2962 203 2982 ν
213 2962 232 2982 o
241 2962 253 2981 s
263 2961 289 2981 ε.
310 2954 379 2981 Adu.
416 2955 483 2990 apud
496 2955 600 2981 Celsum
615 2953 657 2988 effi
669 2954 771 2981 dicitur.

75 2996 118 3017 1³1.
130 2997 153 3017 A
162 2997 184 3016 'r
193 2997 214 3016 ν
224 2996 243 3018 R
254 2998 292 3022 A,
309 2999 348 3017 ae.
369 2990 389 3017 f,
425 2991 531 3018 Vitruu.
546 2999 570 3021 2,
585 3000 598 3022 7
616 2991 646 3016 In
659 2990 727 3017 aeris
740 2991 842 3018 flatura.

75 3030 94 3051 F
102 3030 148 3052 LA
156 3031 176 3051 T
186 3033 232 3053 VR
240 3034 262 3053 Α
271 3032 287 3052 L
297 3033 306 3052 1
315 3033 327 3053 S
336 3046 345 3059 ,
364 3035 387 3053 e.
408 3026 469 3053 Adi.
504 3026 624 3053 Tei-tull.
637 3026 669 3053 de
683 3026 777 3052 Anima
792 3035 814 3053 c.
830 3035 867 3052 10.

14 3093 16 3128 ᾗ
43 3092 131 3126 script.
145 3101 170 3127 p.
182 3097 233 3126 638·
302 3098 421 3133 Inscript.
433 3098 510 3125 Rein.
525 3106 556 3130 ιι,
570 3103 610 3132 89.

44 3126 153 3155 Theod.
166 3127 196 3154 de
208 3131 268 3159 falsa
280 3139 393 3162 moneta.

14 3171 16 3220 Ᾰ
440 3196 465 3228 F

681 3099 814 3134 Praecipue
826 3103 946 3124 monetam
960 3097 977 3123 l.
986 3104 1000 3130 ς
1014 3096 1081 3124 Cod.

542 3195 568 3227 L
638 3196 668 3227 O

41 3272 169 3311 inutiliter
180 3272 290 3312 molaris,
308 3278 348 3302 vel
358 3279 477 3304 minutiae
488 3279 587 3311 Jimiles.
644 3279 731 3305 Varro
744 3278 776 3304 de
789 3279 822 3304 R.
836 3279 868 3304 R.
882 3286 905 3310 2,
920 3286 941 3303 11
962 3276 1079 3310 Diligen-

1 3326 7 3348 ¹.
41 3312 124 3346 tiores
137 3307 281 3347 tegeticulis
293 3310 414 3339 subiectis
426 3322 490 3340 oues
504 3313 614 3340 tondere
627 3313 726 3346 solent,
744 3323 778 3340 ne
790 3313 838 3348 qui
853 3313 928 3340 flocci
941 3313 1079 3338 intereant.

41 3342 108 3369 Pllfl·
123 3350 160 3374 ¹0,
174 3349 201 3373 33
219 3342 376 3382 leundines
388 3348 481 3376 nidum
493 3349 622 3376 mollibus
653 3350 731 3376 lumis
743 3350 885 3383 floccisque
903 3347 1079 3374 consternunt.

0 3395 2 3398 ’
26 3406 27 3410 .
41 3377 250 3417 Legese‚fl⁰“0⁵
263 3386 290 3403 ¹¹¹
302 3381 408 3419 V?ste‚fi
443 3394 482 3411 um
495 3388 584 3413 mortis
595 3358 716 3418 insl'ontis
728 3385 793 3421 opud
803 3385 872 3412 Cels.
886 3393 909 3417 2,
922 3387 947 3410 6.
990 3383 1079 3410 Flocci

0 3423 2 3435 ·
42 3412 196 3440 cucurbitae
221 3411 340 3442 siluestris
360 3416 414 3444 Scri
432 3428 480 3447 on..
500 3429 553 3455 ¹54·

0 3451 4 3485 ,'
38 3449 148 3481 1²¹0th
180 3446 251 3483 quast
273 3448 372 3476 Nihili·
405 3453 483 3482 Plaut.
504 3476 511 3482 .
529 3475 535 3482 .
558 3476 564 3482 .
585 3456 674 3483 Flocc1
706 3457 759 3489 est,
777 3456 844 3491 quid
877 3464 967 3482 rerum
998 3463 1080 3488 geras.

41 3484 125 3512 Plaut.
147 3483 225 3510 MOst·
248 3492 269 3516 ¹,
293 3492 313 3516 ¹2
326 3491 355 3518 7³
382 3486 474 3528 Neque
486 3492 562 3518 flocci
574 3492 701 3518 aestimat.
773 3492 847 3519 Idem
862 3491 945 3518 Trin.
962 3499 989 3524 4,
1004 3499 1026 3522 2,
1040 3498 1080 3523 132

43 3518 401 3547 F10201¹¹¹¹¹¹0¹¹i¹¹terd1¹¹m
468 3524 564 3554 Flocco
592 3527 707 3561 habere,
725 3527 779 3555 vid.
814 3533 966 3555 FLAccvs
999 3535 1025 3553 n.
1055 3535 1080 3553 2.

0 3559 11 3595 ‘3
43 3554 110 3583 Add.
123 3565 179 3582 mox
198 3560 436 3589 rLocmrAclo,
453 3566 688 3590 rcocmm-:NDQ

80 3596 324 3621 FLOCCVLvs,
343 3591 362 3617 i.
379 3599 414 3617 m.
434 3593 531 3623 Dimin.

43 3624 74 3652 in
86 3625 184 3653 robore
198 3625 295 3660 pilulae
308 3625 419 3652 nucibus
431 3636 484 3655 non
497 3630 634 3667 absimiles,
655 3635 724 3661 intus
738 3633 862 3661 habentes
875 3633 1000 3660 flocculos
1013 3631 1080 3658 mol-

2 3657 18 3718 ’
43 3660 96 3694 les„
114 3668 159 3688 etc.
194 3663 237 3689 Sic
251 3661 351 3688 Froben.
366 3668 394 3687 at
406 3663 529 3692 Harduin.
547 3668 652 3696 Floccos
666 3669 768 3696 molles,

79 3702 174 3724 FLoc
184 3702 201 3724 C
214 3695 254 3724 i‘D
264 3704 285 3723 v
294 3704 323 3730 S,
339 3706 368 3728 a,
386 3706 440 3737 um.
458 3698 518 3725 Adi.
553 3704 628 3738 Apul.
641 3706 706 3733 Met.
721 3714 738 3740 7
764 3705 851 3732 Vestis
863 3704 893 3731 in
909 3703 976 3730 sinus
989 3702 1078 3729 flocci-

2 3740 3 3743 *
44 3731 90 3760 dos
102 3732 244 3760 abundans.
281 3734 314 3759 ol.
324 3732 464 3760 Flaccidos.
477 3743 502 3760 υ.
515 3743 541 3761 υ.

77 3774 248 3802 rLocmr
259 3767 369 3801 Ᾱέιο,
384 3769 441 3801 eci,
476 3770 530 3796 ere.
564 3770 636 3809 [παρ’
649 3773 702 3801 ἐδὲν
721 3774 835 3808 byzanti]

45 3799 402 3839 &effabitur-,significatque
411 3803 599 3840 Nihilifacere.
634 3809 700 3835 Idem
713 3818 793 3837 autem
799 3810 947 3846 significant
956 3808 1081 3836 Floccifa.

15 3821 18 3871 i
44 3843 104 3865 tere
114 3839 229 3875 aliquem
237 3860 246 3872 ‚
263 3847 288 3866 et
301 3840 367 3867 Non
380 3840 542 3867 floccifacere
551 3859 558 3871 ,
576 3843 595 3866 t.
607 3850 628 3867 e.
644 3852 677 3869 ne
689 3846 796 3878 quidem
809 3845 895 3872 flocci.
937 3845 1005 3871 Ter.
1014 3845 1079 3871 Eun.

16 3875 17 3912 l
46 3880 70 3904 ²,
81 3881 104 3906 3,
117 3882 146 3901 ιο
165 3876 200 3902 Vt
213 3875 290 3902 illum
303 3874 329 3902 di
339 3895 348 3908 ‚
364 3875 481 3911 deaeque
495 3876 596 3902 scnium
607 3878 730 3911 perdant,
749 3882 796 3914 qui
810 3889 853 3908 me
868 3880 950 3907 hodie
962 3889 1080 3907 remora-

44 3913 84 3936 tus
95 3909 149 3937 est:
184 3919 281 3946 meque
291 3910 374 3943 adeo,
392 3913 442 3946 qui
454 3911 597 3938 restiterim
611 3921 617 3936 τ
653 3918 709 3940 tum
724 3921 809 3942 autem
822 3917 871 3951 qui
890 3916 967 3943 illum
989 3915 1078 3942 flocci-

1096 2359 1132 2384 60
1146 2357 1199 2378 tate
1212 2352 1374 2387 placandam.

78 3063 374 3094 FLATVRARIVS‚
396 3062 414 3088 i.
431 3072 467 3088 m.
504 3061 653 3098 Quiflando
665 3061 764 3097 aliquid
776 3064 884 3097 conficit.
920 3061 1027 3088 Gruter.
1042 3061 1083 3087 In·
1097 3068 1130 3095 80
1145 3061 1193 3088 bus
1226 3063 1353 3089 suauitate
1385 3063 1567 3090 inenarrabili.

78 3241 149 3263 FLO
159 3240 176 3262 C
188 3240 270 3269 CVS,
287 3239 307 3267 i.
325 3249 361 3268 m.
398 3241 513 3278 [ugonis]
549 3243 679 3269 Particula
692 3242 805 3269 lanarum
817 3241 899 3279 diuifiz
919 3250 934 3267 a
950 3239 1081 3266 velleribus
1096 3245 1126 3274 85
1142 3242 1216 3267 rosae
1235 3241 1303 3267 Hor.
1317 3242 1406 3268 Carm.
1422 3250 1442 3273 3,
1459 3249 1494 3274 ις,
1506 3249 1540 3274 ις.

1140 3347 1194 3374 vid.
1208 3355 1334 3375 APERIO.

625 3421 746 3461 Fulgent.
768 3421 856 3455 expos.
880 3420 962 3447 Serm.
977 3426 1029 3446 ant.
1042 3423 1079 3451 38.
1091 3427 1126 3452 90
1142 3420 1288 3454 Decerpere
1302 3429 1387 3446 nouos
1400 3420 1480 3446 flores
1497 3420 1601 3446 Lucret.
1614 3427 1635 3452 1,
1647 3427 1705 3454 927.

567 3597 714 3634 [npons'dtou]
747 3593 818 3625 plin.
833 3600 877 3630 16,
892 3605 909 3632 7
929 3597 1080 3624 Nascuntur
1094 3602 1126 3629 95
1142 3601 1179 3629 58.

1145 2041 1206 2059 rum
1219 2032 1360 2060 hominum
1374 2043 1433 2060 cum
1448 2034 1574 2069 pudendis
1587 2035 1705 2062 motibus
1716 2035 1877 2063 detinentur.
1969 2039 2056 2066 Varro
2071 2039 2104 2066 de
2115 2041 2146 2068 R.
2161 2042 2193 2070 R.

1148 2076 1170 2100 1,
1184 2076 1203 2099 1,
1219 2070 1235 2093 6
1255 2072 1356 2095 inuocat
1369 2071 1421 2096 Ioco
1432 2071 1537 2104 Qiarto
1549 2070 1686 2105 Robigum
1699 2077 1725 2097 et
1747 2071 1869 2105 Floram,
1888 2072 1985 2107 quibus
2005 2077 2130 2110 propitiis
2149 2087 2195 2104 ne-

1148 2112 1200 2137 que
1214 2103 1312 2138 rubigo
1329 2104 1463 2132 frumenta
1476 2112 1554 2141 atque
1569 2106 1677 2133 arbores
1691 2107 1854 2142 corrumpit,
1874 2117 1961 2143 neque
1974 2118 2028 2137 non
2040 2112 2195 2146 tempestiue

1148 2139 1256 2178 florent..
1290 2140 1382 2179 Itaque
1397 2140 1518 2174 publicae
1532 2141 1639 2175 Robigo
1652 2142 1736 2168 feriae
1750 2143 1908 2178 Robigalia,
1926 2145 2021 2172 Florae
2034 2147 2091 2173 ludi
2105 2148 2195 2175 Flora-

1147 2173 1182 2213 lia
1197 2173 1319 2200 instituti.
1355 2210 1360 2214 ¹
1387 2175 1453 2202 Plin.
1471 2181 1506 2209 18,
1519 2185 1552 2209 29
1573 2177 1689 2204 Floralia
1702 2179 1739 2204 IV
1752 2178 1878 2206 Kalendas
1891 2180 2008 2207 eiusdem
2023 2181 2134 2217 (Maii)
2154 2184 2195 2211 in-

1146 2208 1289 2250 stituerunt
1301 2209 1374 2236 vrbis
1385 2220 1455 2238 anno
1469 2212 1679 2247 quingentesimo
1693 2214 1765 2240 sexto
1778 2214 1882 2241 decimo
1895 2224 1927 2242 ex
1941 2217 2055 2243 oraculis
2069 2218 2195 2253 Sibyllae,

1145 2250 1176 2271 vt
1188 2254 1279 2271 omma
1292 2244 1360 2272 bene
1373 2246 1583 2275 deflorescerent.
1655 2249 1713 2276 Cic.
1727 2250 1756 2276 in
1769 2251 1843 2276 Verr.
1858 2258 1888 2283 ς,
1901 2253 1933 2283 36
1945 2261 1966 2278 c.
1983 2261 2013 2285 14
2045 2253 2124 2280 Nunc
2138 2256 2194 2283 sum

1145 2279 1291 2315 designatus
1305 2281 1407 2309 aedilis.
1444 2283 1538 2311 Habeo
1552 2284 1701 2315 rationem,
1721 2284 1787 2319 quid
1801 2294 1815 2311 a
1829 2286 1931 2320 Populo
1942 2287 2019 2314 Rom.
2033 2291 2194 2324 acceperim:

1146 2316 1215 2342 mihi
1251 2331 1297 2337 -—
1334 2317 1441 2346 Floram
1455 2326 1568 2346 matrem
1581 2320 1681 2355 Populo
1695 2319 1822 2355 Plebique
1841 2321 1918 2350 Rom.
1939 2323 2064 2350 ludorum
2084 2326 2195 2354 celebri-

1462 2355 1519 2381 Sen.
1532 2355 1611 2389 Epist.
1626 2365 1658 2388 97
1671 2366 1696 2390 p.
1708 2363 1764 2390 479
1785 2356 1886 2383 Catone
1900 2358 2004 2385 sedente
2023 2360 2063 2393 (i.
2077 2361 2195 2396 afficiente

1145 2390 1172 2413 in
1186 2388 1273 2423 ludis)
1293 2395 1404 2423 negatur
1416 2390 1529 2425 Populus
1543 2391 1684 2426 permisisse
1698 2390 1747 2418 fibi
1767 2392 1897 2426 postulare
1915 2394 2032 2421 Florales
2053 2396 2127 2423 iocos
2147 2407 2194 2424 nu—

1145 2423 1290 2450 dandarum
1303 2426 1485 2453 meretricum.
1555 2427 1629 2463 Conf.
1650 2426 1708 2453 Val.
1722 2428 1793 2453 Max.
1808 2437 1831 2459 2,
1845 2437 1884 2461 10,
1898 2433 1920 2459 8.
1990 2429 2060 2457 Add.
2093 2432 2162 2459 Vell.
2172 2442 2194 2466 1,

1146 2468 1186 2499 ¹.4’
1202 2464 1224 2489 8.
1297 2461 1389 2495 Sparih.
1402 2461 1432 2487 de
1446 2462 1568 2497 Numism.
1583 2461 1639 2496 diff]
1652 2472 1677 2489 ιο
1685 2470 1713 2497 p.
1726 2463 1833 2499 145seq.
2069 2474 2082 2492 2
2102 2467 2193 2495 Flora-

1142 2494 1178 2521 ha
1191 2498 1265 2521 etiam
1277 2495 1396 2523 dicuntur
1408 2499 1487 2528 Loca,
1512 2501 1539 2523 in
1553 2499 1641 2538 qziihus
1651 2498 1808 2533 suntflores.
1845 2499 1933 2525 Varro
1947 2498 1980 2525 de
1993 2500 2025 2526 R.
2063 2521 2069 2527 .
2084 2510 2103 2534 1,
2117 2510 2160 2536 23,
2172 2514 2193 2538 4

711 2532 744 2557 Et
755 2530 862 2561 αὖλητῆς
880 2532 972 2562 flator,
991 2530 1080 2557 tibici-
1094 2535 1126 2567 65
1144 2531 1202 2557 Nec
1215 2531 1303 2557 minus
1316 2540 1346 2558 ea
1360 2532 1564 2559 discriminanda
1577 2542 1605 2559 ιιι
1619 2531 1780 2559 conserendo
1793 2552 1802 2565 ,
1828 2542 1895 2568 quae
1915 2535 1975 2560 sunt
1992 2536 2142 2570 fructuosa,
2157 2539 2192 2567 ab

1143 2565 1196 2599 his,
1211 2574 1278 2627 quae
1302 2566 1370 2593 fiunt
1392 2575 1502 2603 propter
1525 2568 1704 2603 voluptatem,
1725 2574 1753 2594 vt
1781 2576 1847 2602 quae
1869 2570 2003 2603 pomaria,
2023 2579 2068 2599 aut
2087 2573 2193 2601 floralia

1142 2610 1209 2636 appe
1232 2608 1316 2627 antur.

1184 2642 1199 2662 r
1210 2644 1226 2662 L
1236 2643 1255 2662 o
1264 2643 1315 2662 ιω.
1324 2642 1340 2661 L
1350 2634 1364 2662 1⁰
1372 2643 1389 2663 c
1397 2643 1407 2664 1
1415 2643 1436 2663 ν
1444 2643 1472 2668 S,
1491 2645 1506 2663 a
1514 2656 1523 2670 ,
1543 2646 1598 2663 um.
1618 2636 1678 2664 Adi.
1715 2638 1831 2666 Martial.
1844 2643 1868 2672 8,
1881 2641 1917 2675 67
1943 2641 1976 2668 Et
1988 2641 2132 2671 floralicias
2145 2644 2193 2672 las-

1142 2670 1180 2697 set
1191 2679 1270 2697 arena
1284 2671 1362 2697 seras.

70 2713 112 2733 1²1.
121 2713 143 2732 A
152 2713 173 2733 Τ
182 2712 218 2738 0,
238 2710 288 2733 are.
305 2707 447 2742 Frequent.
482 2716 498 2735 a
520 2708 579 2734 Flo.
615 2706 716 2734 Arnob.
730 2716 747 2733 z
768 2708 894 2734 Cantores
907 2706 987 2739 tuba,
1005 2699 1083 2738 tibia,
1091 2718 1128 2746 70
1180 2712 1197 2732 F
1206 2713 1222 2732 L
1233 2713 1252 2734 Ο
1261 2713 1280 2732 R
1290 2713 1306 2732 Ε
1315 2713 1336 2732 Ν
1347 2712 1368 2732 Τ
1377 2713 1387 2732 1
1396 2713 1434 2739 Α,
1451 2715 1490 2733 ae.
1508 2707 1528 2733 f.
1571 2708 1640 2734 Vitis
1652 2717 1745 2744 genus,
1771 2709 1861 2744 Tuscis
1870 2711 1996 2745 peculiare
2015 2713 2081 2740 Plin.
2095 2723 2135 2748 14,
2150 2725 2172 2742 2.

1183 2746 1200 2766 F
1212 2748 1228 2767 Ι.
1240 2747 1259 2767 0
1268 2748 1287 2768 R
1296 2748 1304 2767 1
1313 2749 1365 2768 AN
1374 2749 1394 2768 v
1404 2749 1416 2769 s
1425 2762 1434 2774 ,
1453 2743 1472 2769 i.
1492 2752 1528 2769 m.
1564 2743 1735 2778 [Φλωριοινός]
1771 2745 1937 2779 Imperator,
1953 2748 2000 2782 qui
2013 2748 2115 2776 Tacito
2137 2752 2194 2778 suc-

1144 2776 1228 2809 cessit,
1248 2777 1339 2804 dolens
1364 2778 1480 2804 Probum
1500 2777 1614 2805 militiae
1640 2780 1756 2813 peritum
1777 2789 1791 2806 a
1807 2789 1900 2815 magna
1912 2783 2043 2810 exercitus
2056 2792 2128 2819 parte
2144 2788 2194 2814 esse

1145 2812 1276 2845 elee’mm,
1295 2812 1344 2839 fibi
1366 2812 1413 2847 ipsi
1434 2822 1514 2840 venas
1540 2813 1652 2847 incidit,
1673 2814 1809 2850 effusoque
1830 2817 1954 2852 sanguine
1976 2821 2127 2848 consumtus
2146 2822 2193 2850 est.

1142 2847 1242 2875 AuHor
1255 2849 1381 2875 Aurelius
1394 2848 1489 2876 Vicior
1502 2850 1571 2884 Epit.
1587 2859 1609 2877 c.
1624 2853 1662 2882 36.

70 2889 393 2918 ῈιΑΤνιΕΝΤνε,
428 2889 726 2918 etrrLA'rvosvs,
745 2892 776 2915 a,
796 2892 851 2911 um.
886 2882 1083 2912 AdieHiuaMe-
1100 2894 1132 2923 75
1182 2890 1491 2917 rromrrwrvm,
1511 2886 1529 2912 i.
1551 2894 1577 2911 n.
1614 2886 1678 2912 Dies
1694 2892 1750 2913 erat
1762 2887 1842 2914 festus
1856 2888 2086 2924 apudRomanos‚
2105 2892 2141 2919 ita
2154 2893 2194 2920 di-

1147 2919 1215 2952 etus,
1224 2920 1296 2954 quod
1309 2929 1343 2947 eo
1357 2919 1400 2946 die
1414 2921 1499 2955 spicae
1513 2921 1545 2948 ad
1559 2921 1718 2949 sacrificium
1731 2923 1893 2951 ferebantur.
1913 2925 2010 2953 Festus.
2047 2929 2104 2955 Vct.
2112 2929 2192 2956 Glosst

1145 2956 1319 2982 Flm’ifertum
1348 2955 1503 2991 Ἄνθοφαριά.

1180 2997 1197 3018 Ρ
1207 2998 1222 3016 L
1234 2997 1254 3017 0
1265 2999 1277 3018 s
1286 3011 1295 3025 ‚
1315 2992 1398 3018 floris.
1419 3001 1455 3018 rn.
1493 2991 1584 3025 [ἄνθος
1595 2993 1609 3027 ]
1650 2994 1772 3020 Tenerum
1782 2993 1847 3021 illud
1856 2997 1883 3020 in
1891 2996 2005 3031 plantis,
2041 2998 2090 3024 uod
2093 2999 2192 3034 semina

1143 3025 1285 3059 etstamina
1291 3031 1379 3062 prima
1390 3037 1507 3054 nouorum
1520 3032 1658 3064 germinum
1669 3032 1787 3057 continet.
1824 3030 1890 3057 Plin.
1903 3039 1941 3063 12,
1958 3040 1986 3057 10
2013 3006 2073 3059 Fqlos
2087 3034 2191 3061 arbori-

1230 3098 1235 3102 ·
1638 3065 1759 3091 Varietas
1791 3066 1887 3092 florum
1915 3066 1971 3093 Cic.
1987 3066 2019 3093 de
2033 3068 2133 3095 Seneet.
2149 3077 2190 3103 54.

1143 3097 1237 3125 Blandi
1257 3099 1332 3132 Virg.
1345 3098 1397 3124 Ecl.
1410 3108 1437 3131 4,
1450 3107 1486 3131 23.
1557 3100 1652 3126 Breues
1665 3101 1739 3127 rosae
1758 3101 1824 3127 Hor.
1839 3101 1889 3127 Od.
1903 3109 1928 3133 2,
1941 3110 1963 3133 3,
1978 3110 2016 3135 14.
2085 3105 2190 3138 Impro-

1143 3133 1193 3168 bus
1213 3134 1274 3160 Stat.
1289 3134 1353 3160 Silu.
1369 3143 1391 3166 2,
1406 3142 1424 3165 1,
1440 3142 1492 3164 107.
1508 3134 1639 3170 ferociens
1652 3137 1734 3168 velut,
1754 3143 1777 3162 et
1789 3137 1934 3167 luxurians,
1957 3136 1986 3163 de
1997 3139 2071 3164 laetis
2085 3142 2189 3166 nimium

1141 3172 1308 3196 incrementis.
1380 3169 1522 3197 Leettffimi
1542 3171 1598 3197 Cic.
1611 3172 1686 3198 Verr.
1702 3181 1729 3205 4,
1743 3179 1798 3205 107.
1869 3171 2026 3205 obnoxius,
2045 3174 2098 3200 vid.
2116 3175 2142 3201 h.
2161 3185 2189 3203 υ.

1143 3204 1250 3231 Odorus
1269 3204 1351 3231 Ouid.
1363 3206 1427 3232 Met.
1442 3214 1469 3239 9,
1483 3211 1521 3239 87.
1605 3207 1752 3242 Purpureus
1777 3205 1842 3233 Plin.
1858 3210 1898 3239 26,
1912 3215 1950 3234 10.
2037 3209 2188 3245 Purpureus

1735 3240 1756 3280 fl
1776 3250 1793 3268 2
1833 3243 1967 3271 Verborum
1975 3243 2117 3279 formulae.-
2136 3245 2189 3272 Ad*-

1141 3276 1234 3303 hibere
1248 3277 1342 3310 flores,
1378 3277 1480 3304 Afferre
1493 3278 1600 3308 florem,
1635 3276 1689 3303 vid.
1704 3277 1746 3305 hh.
1761 3287 1806 3304 vu.

1142 3312 1283 3339 suauitates
1303 3313 1419 3340 odorum
1453 3313 1509 3340 Cic.
1524 3313 1556 3339 de
1568 3312 1668 3339 Senest.
1684 3320 1723 3346 59.

1898 3278 2027 3306 Afflantur
2040 3289 2055 3306 e
2074 3281 2188 3309 floribus

1793 3313 1886 3348 Aperit
1898 3314 1992 3341 florem
2006 3316 2080 3342 suum
2095 3316 2187 3349 arbor,

1417 3349 1536 3375 Canescit
1548 3348 1612 3381 flos,
1629 3347 1682 3374 vid.
1698 3354 1855 3376 CANESCO.
1944 3351 2057 3384 Carpere
2069 3359 2188 3380 recentes

1143 3384 1220 3410 flores
1239 3385 1305 3410 Hor.
1318 3385 1406 3411 Carm.
1421 3392 1444 3417 3,
1458 3392 1484 3419 7,
1498 3393 1545 3417 44.
1612 3383 1798 3419 Comprimere
1811 3385 1921 3415 florem,
1938 3385 1990 3411 vid.
2005 3392 2186 3418 COMPRIMO.

1787 3420 1906 3447 Defloret
1923 3420 1971 3446 flos
1991 3421 2130 3454 Catul.60,
2144 3432 2187 3457 43.

1141 3455 1249 3482 Exustus
1263 3455 1311 3482 flos
1324 3455 1365 3482 ssti
1378 3455 1477 3482 veteris
1490 3454 1618 3481 vbertatis
1633 3455 1737 3482 exaruit
1755 3455 1810 3482 Cic.
1823 3455 1854 3482 de
1868 3455 1937 3482 Clar.
1945 3456 2020 3483 Orat.
2036 3460 2072 3485 16.
2110 3459 2187 3494 Virg.

1141 3491 1195 3517 Ecl.
1211 3499 1237 3523 9,
1251 3500 1281 3524 41
1307 3491 1403 3517 Varios
1417 3490 1461 3518 hic
1474 3491 1584 3517 flumina
1597 3490 1698 3518 circum
1734 3490 1829 3516 Fundit
1843 3490 1938 3518 humus
1951 3491 2038 3520 flores.
2095 3494 2186 3522 Induit

1142 3527 1168 3552 se
1192 3526 1220 3553 in
1238 3527 1332 3553 florem
1352 3535 1421 3559 nux,
1440 3526 1493 3553 vid.
1516 3532 1632 3553 INDVO.
1738 3526 1837 3561 Legere
1853 3526 1931 3552 flores
1950 3527 2091 3562 Virg.Ec1.
2106 3538 2129 3562 3,
2142 3539 2186 3563 92..

1141 3562 1246 3588 Metunt
1258 3570 1404 3596 purpureos
1417 3563 1511 3593 flores,
1530 3561 1584 3588 vid.
1599 3567 1646 3588 ME
1654 3567 1709 3588 To.
1816 3561 1946 3589 Morituri
1977 3562 2039 3590 Stat.
2052 3564 2145 3592 Theb.
2161 3568 2188 3599 6,

1252 3597 1337 3624 Necte
1352 3598 1430 3624 flores
1444 3598 1547 3632 apricos
1584 3598 1651 3625 Hor.
1666 3597 1752 3623 Carm.
1766 3605 1786 3629 1,
1801 3599 1841 3629 26,
1855 3604 1881 3632 7.
1973 3599 2089 3626 Ornatus
2102 3602 2188 3628 crines

1142 3632 1255 3658 floribus
1275 3635 1349 3668 Virg.
1364 3634 1418 3659 Ecl.
1433 3636 1460 3665 6,
1471 3636 1512 3664 68.
1584 3632 1681 3659 Reddit
1695 3632 1772 3658 flores
1783 3631 1864 3660 arbor
1881 3632 1949 3660 Plin.
1964 3631 2002 3667 16,
2017 3638 2060 3662 26.
2133 3637 2187 3671 Spi-

1142 3667 1238 3693 rahunt
1251 3668 1369 3695 odoratis
1381 3668 1492 3696 floribus
1505 3677 1565 3695 arae
1583 3668 1645 3694 Stat.
1658 3667 1721 3692 Silu.
1737 3675 1758 3699 3,
1771 3676 1793 3700 3,
1802 3675 1850 3695 211.
1922 3669 1988 3695 Non
2002 3671 2102 3706 semper
2115 3671 2187 3699 idem

1143 3702 1256 3729 floribus
1279 3704 1315 3729 est
1337 3704 1423 3731 honos
1452 3705 1520 3731 Hor.
1541 3704 1628 3729 Carm.
1648 3710 1673 3732 2,
1687 3710 1719 3733 ιι,
1734 3710 1759 3734 9.
1955 3703 1976 3742 ff
1997 3714 2010 3738 3
2047 3706 2122 3737 Flos,
2136 3714 2187 3742 pro

1142 3739 1245 3773 Optima
1259 3745 1282 3764 et
1289 3738 1501 3775 praestantiffima
1513 3741 1628 3773 cuiusque
1640 3740 1679 3764 rei
1687 3744 1813 3773 parteper
1826 3738 1929 3775 metaph.
1938 3740 2023 3768 crebro
2037 3743 2188 3778 vfitrpoturs

873 3775 954 3801 Etiam
979 3776 1080 3799 coniun-
1088 3783 1136 3801 100
1143 3773 1208 3809 quod
1218 3773 1349 3809 accepiffiz,
1365 3783 1395 3801 vt
1405 3778 1501 3810 reliqua
1512 3784 1527 3799 α
1542 3774 1644 3799 Graecis
1656 3772 1773 3801 videntur
1784 3775 1898 3801 Romani.
1937 3777 2005 3803 Certe
2017 3777 2073 3803 Cic.
2088 3778 2140 3802 Att.
2149 3777 2187 3809 16,

1145 3817 1167 3834 11
1190 3808 1319 3836 Nostrum
1331 3819 1397 3845 opus
1410 3811 1462 3837 tibi
1474 3808 1583 3843 probari
1595 3808 1694 3841 laetor,
1714 3817 1746 3835 ex
1760 3818 1815 3844 quo
1828 3809 1891 3841 ἄνθη
1903 3811 1958 3845 ipsa
1977 3811 2100 3846 posuisti,
2119 3820 2186 3846 quae

1142 3843 1211 3870 mihi
1244 3844 1401 3873 florentiora
1436 3847 1493 3872 sunt
1524 3843 1579 3869 visa
1609 3849 1657 3870 tuo
1691 3844 1808 3877 iudicio,
1834 3849 1852 3872 i.
1864 3853 1969 3881 propter
1980 3845 2097 3872 iudicium
2110 3853 2186 3873 tuum.

1143 3879 1243 3906 Aetatis
1256 3885 1282 3905 et
1294 3880 1418 3908 fortunae
1430 3882 1479 3906 flos
1498 3879 1573 3905 Curt.
1589 3887 1627 3912 ιο,
1642 3888 1663 3913 ς,
1679 3888 1716 3906 10.
1776 3881 1832 3908 Vid.
1847 3883 1941 3908 Patere⁴
1958 3889 1982 3910 2,
1996 3888 2037 3912 29,
2051 3889 2064 3906 2
2090 3881 2187 3907 Forma

1142 3915 1287 3947 excellens,
1307 3924 1362 3942 non
1375 3925 1421 3948 ea,
1442 3924 1494 3950 qua
1521 3915 1569 3940 flos
1591 3915 1792 3944 commendatur
1811 3917 1917 3948 aetatis,
1937 3914 1980 3940 scd
1997 3923 2029 3940 ex
2050 3916 2186 3949 dignitate.

43 3943 159 3973 fecerim.
176 3949 194 3972 i.
209 3948 249 3973 uel
260 3950 335 3974 unius
348 3948 424 3974 flocci
434 3951 517 3984 presio
532 3947 635 3984 dignum
650 3946 788 3981 habiaerim,
804 3959 829 3978 ec
841 3961 889 3979 non
901 3961 954 3979 cum
972 3959 1077 3979 comem-
1089 3962 1133 3990 ¹05
1141 3951 1203 3979 Flos
1217 3950 1326 3983 aetatis,
1341 3959 1370 3980 vt
1383 3951 1502 3978 Aetatula
1515 3949 1550 3977 ad
1561 3957 1656 3987 turpem
1669 3951 1797 3979 libidinem
1810 3952 1920 3988 refertur
1934 3950 2072 3982 interdum,
2095 3957 2124 3976 vt
2137 3950 2185 3977 Gr.

176 3987 197 4008 V
206 3988 226 4009 0
233 3988 260 4009 L.
295 3983 331 4010 Π.

1449 3986 1558 4013 Sans
2123 3984 2179 4019 ὅρα.
