2479 4225
25 153 192 239 285⁸,
379 184 662 225 DVM
1480 183 1754 224 Dvo
1973 192 2147 241 *286

25 274 118 312 spectat
135 274 219 306 syre?
245 282 280 301 an
300 273 361 300 dum
381 273 442 300 hinc
463 273 550 301 denuo
568 274 652 302 abeat.
720 274 776 301 Cic.
789 274 841 300 Att.
854 282 878 305 7,
893 281 902 299 1
926 271 1049 306 Exspefila
1149 279 1167 299 D
1179 278 1200 298 v
1211 272 1264 299 ΜΕ
1276 278 1377 304 ΤνΜ,
1401 273 1418 299 i.
1452 282 1476 300 n.
1514 271 1661 308 [ἀκανθῶν]
1700 273 1779 299 Locus
1795 273 1874 300 dumis
1894 282 1918 301 et
1929 275 2015 312 spinis
2035 275 2148 309 consitus.

23 310 117 338 amabo
129 314 154 336 te
167 309 230 335 dum
243 309 359 336 Atticum
373 311 536 336 conueniam.
602 311 701 341 Eidem,
719 310 774 343 Ego
787 309 814 334 in
829 309 929 334 Arcano
941 308 1049 342 operior
1113 308 1167 334 Cic.
1180 308 1289 335 Tuscul.
1307 315 1328 341 5,
1347 310 1382 340 64
1407 308 1513 343 Septum
1526 308 1642 342 vndique
1660 313 1685 335 et
1701 308 1824 334 vestitum
1839 311 1961 343 vepribus
1983 317 2008 338 et
2026 312 2147 338 dumetis.

26 344 146 373 duniista
157 342 294 378 cognosco.
356 344 452 376 Ehiem,
474 346 552 379 Qiod
566 346 583 373 si
596 351 680 372 totum
696 343 747 370 tibi
759 343 912 378 persuadere
926 352 980 369 non
993 343 1050 376 pos·
1113 345 1172 376 Qm
1196 359 1240 363 -—
1282 343 1414 377 Confrnga
1433 344 1514 370 densis
1529 343 1678 371 Arboribus
1697 343 1803 369 dumeta
1821 349 1910 377 tegunt
1932 347 2026 373 Lucan.
2045 348 2074 378 6,
2095 355 2146 381 127.

24 382 95 412 sum,
114 379 201 406 saltem
220 379 282 405 dum
301 379 367 413 quid
386 379 417 406 de
437 381 559 415 Hispanis
579 388 680 415 agamus
698 378 791 410 scitur,
806 378 933 412 exspecta.
1002 379 1050 404 Ex·
1115 379 1160 404 Sil.
1174 388 1194 411 3,
1212 386 1256 412 295
1279 380 1333 406 Ceu
1349 379 1444 412 ¹pernix
1465 389 1547 414 quum
1566 380 1642 406 densa
1660 379 1733 413 vagis
1751 379 1889 406 latratibus
1903 380 1993 415 implet
2030 383 2147 408 Venator

25 414 205 451 spe6tandum,
222 414 284 441 dum
302 416 327 441 se
341 424 382 441 res
395 415 449 450 ipsa
467 417 566 451 aperiat
579 417 646 449 Nep.
660 422 687 446 4,
700 422 721 445 3,
734 423 755 445 7.
827 413 974 440 Vlciscendi
993 413 1049 440 vim
1074 410 1088 437 5
1116 413 1219 440 dumeta
1239 415 1332 440 Lacon.
1436 415 1552 441 Horrida
1571 415 1658 441 Senec.
1679 416 1758 441 Herc.
1771 415 1830 441 Oet.
1849 415 1866 440 s.
1881 423 1904 440 2.
1997 418 2084 443 Paruis
2101 417 2147 444 du-

24 450 143 478 differant
160 450 189 476 in
209 454 312 485 tempus
329 451 416 484 aliud,
442 451 504 478 dum
524 450 681 478 deferuescat
696 449 736 474 ira
753 448 808 475 Cic.
821 449 903 476 Tusc.
920 458 938 482 4
969 458 990 475 c.
1009 450 1049 480 36.
1115 450 1190 475 metis
1203 450 1273 475 vulsa
1285 450 1358 483 fraga
1375 448 1446 475 Idem
1460 451 1567 484 Hippol.
1581 451 1599 477 s.
1613 459 1640 484 4.
1746 449 1856 483 Pinguia
1875 450 1950 484 Virg.
1965 452 2060 486 Georg.
2077 462 2095 484 1,
2114 460 2147 485 15.

26 486 92 514 Ter.
106 484 186 511 Andr.
202 492 223 518 5,
236 488 262 518 6,
278 494 302 518 13
327 486 370 512 Ne
386 487 535 520 exspetf'tetis
547 485 614 511 'dum
634 489 717 510 exeat.
788 484 884 519 Vix-gil.
900 484 951 510 Ecl.
966 492 998 516 9,
1016 485 1051 516 96
1114 486 1161 510 Per
1180 486 1366 511 translationem
1379 494 1386 508 :
1422 484 1477 510 Cic.
1491 485 1568 511 Acad.
1582 495 1610 518 4,
1625 494 1665 512 112
1683 486 1772 518 Qium
1788 485 1817 511 fit
1829 485 1900 511 enim
1913 494 2032 519 campus,
2053 489 2079 513 in
2093 497 2147 522 quo

24 521 122 552 Tityre
139 519 202 547 dum
220 521 299 548 redeo
319 521 423 553 (breuis
437 522 472 548 est
491 522 549 552 via)
567 519 639 554 pasce
658 518 775 552 capellas.
880 518 1010 546 Columel.
1025 527 1051 550 2,
1114 520 1231 547 exultare
1249 520 1321 555 possit
1344 519 1446 551 oratio,
1467 529 1513 546 cur
1532 530 1588 546 eam
1603 527 1685 547 tantas
1705 522 1734 547 in
1751 520 1879 554 angustias
1897 526 1922 546 et
1935 521 2082 548 Stoicorum
2102 523 2147 548 du-

25 563 98 588 n,12
121 555 239 582 Paullum
253 565 320 590 aqua
333 564 491 589 maceratur,
509 556 570 582 dum
581 554 710 581 lentescat.
904 553 959 616 §DZ
989 554 1050 580 Con-
1114 562 1182 581 meta
1212 554 1415 589 compellimus?
1522 557 1553 581 Et
1584 555 1616 581 de
1636 557 1732 583 Natur.
1746 556 1826 583 Deor.
1845 565 1854 582 1
1883 564 1905 582 c.
1918 564 1954 589 24
1991 557 2069 589 Qiod
2087 567 2147 583 cum

22 589 141 617 ditionalc
155 589 204 624 est,
221 598 250 618 vt
262 594 289 617 in
302 591 358 624 illo,
375 593 438 628 quod
450 597 538 618 notum
551 590 623 616 vocat
635 587 765 623 Quinctil.
779 597 804 621 2,
818 598 853 622 17,
865 598 900 624 24
942 599 986 616 um
1000 588 1050 615 cla·
1067 598 1096 616 ιο
1114 589 1214 617 efficere
1229 590 1325 623 vultis,
1346 590 1374 616 in
1393 589 1498 616 dumeta
1518 591 1671 625 cort-epiris,
1706 594 1724 618 i.
1745 591 1779 618 acl
1789 591 1893 628 spinosa
1911 590 2064 627 Sophtfinata
2092 602 2148 618 con.

22 634 87 653 vum
106 625 209 653 reelum
229 633 338 653 teneam.
415 628 480 654 Ter.
495 627 557 653 Eun.
572 633 606 657 4,
624 627 656 657 6,
676 634 687 656 3
719 625 807 658 Vsque
825 625 891 651 adeo
909 634 958 660 ego
977 624 1050 650 illius
1106 626 1216 662 sug-itin

23 660 95 688 ferre
114 662 211 696 possum
231 662 339 697 ineptias
357 669 382 689 et
399 661 531 696 magnifica
547 661 646 692 verba,
665 659 746 686 verba
766 660 829 686 dum
850 660 907 686 sint.
978 661 1049 686 Dum
1147 666 1363 693 DVMECTA,
1397 659 1525 694 Antiqui,
1550 663 1632 696 inquit
1653 662 1756 695 Festus,
1782 660 1852 697 quasi
1875 661 2014 689 Dumiceta
2037 661 2150 696 appella-

23 696 120 732 profim
141 697 191 723 tibi
209 696 282 724 Idem
296 698 376 726 Andr.
390 707 416 731 4,
433 706 453 729 1,
472 703 504 729 53.
561 696 593 721 Et
606 696 700 722 Heaut.
715 704 735 727 3,
757 704 776 727 1,
794 697 826 728 56
855 697 995 722 Decretum
1014 695 1050 721 est
1113 695 1190 729 bant,
1215 704 1281 731 quae
1297 704 1345 723 nos
1364 696 1484 722 Dumeta.

26 732 97 767 pati,
117 731 179 758 dum
192 732 269 759 illum
283 733 363 760 modo
375 732 482 759 habeam
496 739 607 758 mecum.
711 730 811 757 Sallust.
826 731 903 757 Catil.
920 738 932 763 5
954 731 1050 765 Neque

23 767 52 794 id
66 767 160 802 quibus
173 768 273 795 artibus
285 770 468 803 assequeretur,
487 765 551 792 dum
563 765 612 792 sibi
623 774 734 800 regnum
752 771 869 801 pararet,
890 765 959 800 pensi
973 765 1049 800 quid·
1069 777 1094 804 ις
1492 768 1522 799 D
1616 769 1645 799 V
1740 770 1771 801 N

25 811 103 837 quam
119 802 240 830 habebat.
342 804 406 830 Ter.
420 802 483 827 Hec.
496 811 524 835 4,
537 811 565 835 4,
581 810 609 828 12
642 802 712 828 Dum
729 810 763 827 ne
781 801 903 827 reducam
913 821 921 834 ‚
943 801 1051 828 turbent
2072 822 2073 825 ,

22 845 105 873 porro
126 847 204 872 qnam
223 839 313 866 velint.
415 837 469 865 Cic.
490 836 522 862 de
540 836 596 863 Fin.
615 844 644 870 5,
681 857 688 864 .
725 858 732 865 .
767 837 837 862 Dum
856 845 896 863 res
915 843 1051 869 maneant,
1152 843 1171 864 n
1183 844 1235 864 VN
1248 842 1400 864 TAxA'r.
1436 836 1502 863 Adu.
1539 837 1629 870 [μόνον
1641 837 1684 872 ³19⁰)
1697 839 1775 873 μέχρι
1787 838 1867 870 virg,
1879 837 1989 873 δηλαδή,
2005 839 2150 868 Gloffi1.at.

22 872 104 900 Verba
125 873 222 908 fingant
242 875 367 902 arbitratu
385 872 440 899 suo.
634 870 655 910 ff
680 880 693 904 3
732 872 798 899 Idem
809 871 886 908 sere,
903 872 967 908 quod
981 882 1052 908 quam
1115 873 1226 907 Graec.]
1271 873 1394 905 Tantum,
1407 871 1510 908 saltem,
1530 873 1612 906 modo,
1634 871 1766 904 habimus,
1780 881 1858 905 certe,
1878 882 1923 902 etc.
1963 877 2067 911 Eryman
2078 881 2153 909 ponit

23 908 83 940 diu,
96 908 234 945 fignificat.
287 909 354 936 Ter.
368 909 461 935 Heaut.
474 915 496 938 2,
515 915 538 940 2,
553 915 581 933 10
607 907 686 935 Nosti
704 916 790 934 mores
806 908 966 940 mulierum,
987 908 1051 933 dum
1113 909 1233 935 Priscian.
1248 916 1273 941 15
1292 917 1315 942 p.
1326 915 1380 940 1015
1397 907 1430 934 ab
1444 908 1580 934 Aduerbio
1593 915 1618 934 et
1632 907 1734 940 Verbo,
1752 912 1770 934 i.
1786 918 1814 934 ex
1828 909 1890 935 dum
1904 917 1927 936 rt
1940 916 2010 937 taxe.
2047 913 2100 938 Hoc
2114 916 2154 938 vi-

23 944 180 976 moliuntur,
200 945 260 972 dum
272 949 418 975 comuntur,
437 952 518 969 annus
531 943 575 969 est.
677 942 750 969 Idem
763 942 844 969 Andr.
859 952 880 976 2,
895 945 922 975 6,
937 952 961 969 12
981 945 1050 970 Dum
1065 954 1099 972 20
1115 944 1185 970 dctw·
1199 944 1274 975 velle,
1295 943 1357 969 dum
1376 949 1495 976 taxatur,
1512 943 1672 976 aestimatur,
1692 944 1738 969 hac
1751 950 1842 978 parte,
1862 945 1906 971 hoc
1919 945 2038 981 ›aspi-fin.
2083 950 2152 974 Nam

22 979 129 1006 licitum
143 980 178 1006 est
190 981 224 1014 ei,
242 979 353 1014 dumque
365 984 433 1005 aetas
448 979 519 1011 tulit,
538 978 647 1005 amauit.
741 978 797 1004 Cic.
813 978 845 1004 de
859 979 916 1005 Fin.
931 986 954 1012 5,
965 987 982 1012 9
1003 979 1050 1005 Sed
1107 979 1204 1015 semper
1218 977 1395 1011 restristionem
1411 986 1493 1010 notat,
1513 988 1542 1005 ac
1552 986 1600 1014 pro
1614 977 1754 1010 diuersitate
1771 980 1900 1004 relationis·
1914 981 1980 1013 illis,
1998 991 2059 1016 quas
2067 984 2152 1019 postu·-

23 1020 112 1041 tamen
125 1016 177 1042 iam
189 1015 259 1042 infici
271 1014 347 1040 debet
359 1013 399 1040 his
413 1013 528 1046 artibus,
545 1022 608 1049 quas
622 1013 656 1045 fi,
674 1012 737 1039 dum
755 1013 791 1039 est
811 1020 900 1046 tener,
919 1014 1052 1041 combibe·
1112 1025 1180 1047 mter,
1196 1015 1332 1049 particulis
1349 1014 1421 1040 rcddi
1443 1021 1487 1040 aut
1504 1016 1644 1049 pcrmutari
1659 1011 1747 1047 potest.
1819 1015 1942 1048 Exemplis
1965 1026 2005 1041 res
2028 1017 2153 1045 declarari

23 1050 75 1083 rit,
88 1050 120 1077 ad
134 1051 232 1078 maiora
244 1050 332 1076 veniet
345 1049 469 1084 paratior.
563 1050 633 1075 Dum
644 1057 693 1082 ego
707 1049 791 1082 patria
805 1058 881 1076 careo
894 1050 961 1077 Ter.
970 1050 1049 1077 Andr.
1107 1049 1172 1086 solis
1187 1048 1276 1085 potest.
1366 1049 1422 1075 Cic.
1444 1050 1499 1084 post
1520 1048 1575 1075 red.
1595 1048 1628 1074 ad
1648 1048 1726 1082 Quir.
1759 1056 1781 1073 c.
1802 1056 1821 1080 4
1863 1049 1886 1073 Is
1910 1049 2033 1077 inimicus
2056 1053 2151 1086 spiritu

24 1094 48 1118 2,
61 1094 83 1118 3,
98 1088 134 1112 16.
208 1091 212 1096 ⁵
232 1085 304 1111 Idem
316 1086 409 1112 Heaut.
421 1093 444 1117 3,
459 1093 478 1119 1,
491 1089 516 1116 83
535 1084 659 1110 Somnum
671 1083 760 1110 hercle
774 1094 823 1119 ego
837 1085 884 1113 hac
897 1085 974 1112 nocte
990 1095 1051 1112 ocu-
1115 1087 1238 1112 duntaxat
1269 1083 1379 1111 vinebat
1397 1094 1404 1115 ;
1445 1094 1474 1111 re
1499 1084 1606 1118 quidem
1637 1083 1708 1110 infra
1738 1091 1828 1108 omnes
1854 1089 1973 1110 mortuos
1998 1088 2152 1115 amandatus

23 1120 57 1147 lis
69 1130 122 1148 non
133 1118 188 1148 vidi
200 1120 278 1152 meis,
297 1120 360 1147 dum
374 1120 402 1146 id
416 1128 528 1154 quaero,
549 1119 600 1145 tibi
613 1117 659 1153 qui
672 1119 757 1146 filium
771 1120 943 1147 restituerem.
977 1121 1051 1148 Idem
1069 1129 1100 1156 25
1114 1126 1170 1148 erat
1184 1131 1190 1147 :
1222 1123 1240 1146 i.
1254 1120 1308 1156 fhlo
1317 1120 1430 1155 spiritu,
1444 1119 1470 1154 fi
1484 1117 1609 1152 aestimes,
1626 1125 1696 1144 taxes
1714 1121 1793 1144 vitam
1800 1117 1911 1153 spiritu,
1931 1122 2015 1146 viuere
2033 1121 2153 1149 dicendas

24 1156 104 1183 Andr.
118 1164 140 1189 5,
153 1165 173 1188 1,
185 1163 201 1190 7
221 1156 288 1182 Dum
302 1155 391 1182 studeo
405 1155 515 1190 obsequi
528 1154 594 1187 tibi,
613 1163 693 1189 paene
710 1155 777 1182 illufi
791 1156 873 1183 vitam
886 1156 964 1185 filiae,
1019 1159 1052 1184 Et
1113 1163 1184 1188 erat,
1202 1164 1336 1186 caeterum,
1357 1161 1401 1181 etc.
1514 1155 1570 1181 Cic.
1602 1154 1681 1180 Attic.
1699 1160 1728 1186 5,
1750 1162 1784 1179 10
1815 1154 1895 1180 Valde
1913 1163 1956 1181 me
1973 1155 2090 1183 Athenae
2109 1158 2152 1184 de-

24 1191 127 1219 Phorm.
141 1199 159 1224 1,
174 1199 196 1224 2,
207 1194 239 1217 26
258 1191 317 1217 Scni
331 1191 416 1217 fidelis
430 1190 491 1216 dum
504 1191 570 1223 sum,
585 1189 700 1225 scapulas
713 1191 825 1225 perdidi-
896 1193 963 1220 Ter.
971 1193 1051 1219 Andr.
1115 1191 1260 1224 leetarunt,
1280 1190 1341 1217 vrbs
1354 1190 1492 1220 duntaxat,
1509 1196 1536 1216 et
1549 1189 1621 1216 vrbis
1633 1194 1815 1215 ornamentum
1825 1209 1833 1221 ‚
1851 1196 1897 1215 etc.
1970 1191 2058 1219 Senec.
2071 1193 2150 1227 Epist.

25 1235 44 1258 1,
59 1235 71 1257 ι
94 1227 160 1253 Dum
173 1232 270 1260 tempus
287 1226 320 1253 ad
333 1235 390 1253 eam
406 1235 463 1253 rem
476 1226 546 1253 tulit.
651 1226 706 1252 Cic.
724 1235 773 1261 pro
786 1228 861 1255 Rosc.
875 1228 961 1255 Amer.
983 1238 1004 1254 c.
1022 1237 1051 1261 32.
1115 1233 1142 1260 85
1163 1226 1289 1253 Morbum
1306 1233 1391 1252 morte
1404 1234 1458 1251 non
1479 1226 1594 1260 fugiam,
1613 1223 1738 1251 duntaxat
1756 1224 1899 1251 sanabilem
1917 1231 1943 1252 et
1961 1235 2015 1253 non
2034 1227 2152 1255 officien-

24 1262 93 1288 Dum
106 1261 241 1288 hominum
254 1270 333 1296 genus
346 1263 411 1295 erit,
432 1261 478 1296 qui
489 1261 587 1287 accuset
601 1269 645 1287 eos
657 1270 711 1288 non
726 1262 818 1288 decrit.
874 1264 943 1289 Dum
956 1264 1050 1290 ciuitas
1114 1269 1167 1289 tem
1181 1262 1279 1288 animo.
1349 1261 1415 1288 Plin.
1429 1262 1488 1287 Pan.
1501 1269 1543 1296 37,
1559 1269 1567 1287 ι
1594 1260 1745 1287 Tributum
1764 1260 1919 1293 tolerabile,
1938 1268 1964 1288 et
1982 1262 2061 1289 facile
2076 1264 2151 1291 here-

23 1297 86 1330 erit,
99 1296 195 1323 iudicia
208 1297 278 1323 fient.
392 1297 506 1324 Martial.
529 1305 547 1327 1,
567 1305 586 1329 4
612 1297 738 1323 Audieris
754 1307 814 1324 cum
834 1299 930 1332 grande
950 1299 1051 1334 Sophos
1069 1309 1101 1334 30
1115 1298 1192 1325 dibus
1209 1298 1334 1324 duntaxat
1353 1297 1499 1330 extraneis,
1526 1295 1676 1323 domesticis
1700 1298 1787 1330 graue.
1882 1297 1938 1323 Cic.
1959 1298 2047 1325 Parad.
2066 1300 2152 1327 Praef.

23 1333 132 1366 (σοφῶς)
145 1332 207 1358 dum
219 1332 286 1358 basia
301 1338 398 1367 captas,
426 1332 480 1358 Ibis
492 1331 526 1358 ab
539 1333 639 1358 excusso
653 1333 739 1359 missus
752 1334 781 1359 in
795 1333 860 1360 astra
875 1335 943 1368 sago.
1003 1336 1051 1361 Ca·
1115 1335 1181 1361 Cato
1195 1334 1265 1360 enim
1280 1332 1404 1359 duntaxat
1418 1332 1449 1358 de
1464 1331 1643 1366 magnitudine
1657 1331 1757 1364 animi,
1776 1330 1808 1357 de
1826 1332 1987 1360 continentia
2012 1349 2057 1354 —
2086 1335 2152 1362 solet

22 1367 68 1394 tul.
81 1367 188 1402 Epithal.
209 1369 226 1397 s.
239 1370 278 1400 61,
291 1366 325 1401 45²
344 1369 384 1394 Sic
397 1368 474 1401 virgo
487 1367 549 1394 dum
561 1368 658 1394 intacta
671 1375 772 1398 manet,
790 1369 853 1396 dum
866 1379 925 1396 cara
939 1370 990 1396 suis
1007 1370 1052 1396 est.
1116 1370 1203 1396 dicere
1217 1380 1223 1396 t
1253 1370 1308 1403 Ego
1321 1377 1386 1395 vero
1400 1368 1446 1394 illa
1460 1368 1513 1402 ipsa
1523 1387 1531 1400 ,
1551 1374 1595 1394 etc.
1672 1366 1745 1394 Idem
1765 1366 1796 1393 de
1810 1368 1883 1393 Orat.
1897 1377 1917 1400 1,
1933 1376 1981 1403 249
2006 1378 2027 1396 c.
2041 1375 2069 1402 58
2096 1372 2153 1398 Cur

21 1403 75 1438 Qui
88 1405 115 1429 in
127 1404 176 1429 loco
189 1404 298 1429 nonnulli
310 1405 401 1440 legunt,
420 1404 497 1430 Tum
511 1411 578 1435 cara,
592 1410 636 1429 etc.
654 1403 702 1440 scd
714 1407 736 1430 ii
749 1412 889 1441 arguuntur
901 1404 1053 1432 austeritate
1115 1414 1179 1440 ergo
1198 1414 1253 1431 non
1267 1404 1349 1431 iidem
1367 1404 1397 1430 in
1416 1404 1475 1429 iure
1495 1403 1571 1429 ciuili
1605 1417 1651 1422 ——
1685 1402 1745 1429 satis
1765 1402 1885 1429 instruCti
1906 1405 1953 1430 cssc
1971 1406 2101 1438 possumus
2120 1406 2153 1433 ad

21 1437 195 1470 Qiintftiliani
209 1439 273 1465 hunc
285 1439 377 1471 Iocum,
396 1442 469 1465 etiam
483 1439 534 1474 ¹⁴2³st
552 1439 623 1474 versia
635 1443 727 1471 citato,
741 1439 781 1474 stc
793 1444 937 1476 exponentis
948 1451 975 1475 9,
987 1451 1012 1474 3,
1024 1444 1056 1467 16
1116 1441 1165 1467 hoc
1180 1440 1319 1473 duntaxat,
1337 1448 1370 1465 ne
1385 1440 1414 1465 in
1428 1438 1515 1465 nostra
1528 1438 1613 1473 patria
1626 1438 1759 1473 peregrini
1776 1444 1854 1473 atque
1870 1438 1985 1466 aduenae
1999 1441 2046 1467 esse
2064 1441 2154 1468 videa-

19 1472 93 1498 Prius
114 1479 209 1506 DVM,
231 1473 355 1508 significat
376 1474 490 1509 Qioad:
524 1475 647 1509 sequenS‚
671 1476 759 1509 Vsque
779 1485 819 1502 eo.
876 1476 964 1503 Eadem
982 1479 1050 1503 ratio
1067 1475 1098 1510 '35
1115 1477 1197 1502 mur?
1270 1477 1301 1502 Et
1320 1484 1368 1509 pro
1382 1474 1477 1501 Milon.
1492 1482 1504 1507 5
1522 1484 1543 1500 c.
1557 1483 1569 1506 3
1597 1473 1725 1508 Equidem
1744 1480 1856 1500 caeteras
1874 1475 2034 1509 tempestates
2053 1482 2078 1503 et
2093 1486 2155 1512 pro-

18 1508 104 1543 versus
121 1509 224 1535 amoebei
237 1513 274 1544 56
294 1510 335 1536 Sic
347 1510 424 1544 virgo
438 1509 501 1536 dum
516 1509 613 1536 intaeta
626 1515 728 1542 manet,
747 1511 810 1537 dum
823 1512 920 1538 inculta
934 1512 1050 1538 senescit.
1115 1512 1191 1538 cellas
1204 1511 1232 1537 in
1247 1510 1301 1537 illis
1314 1511 1439 1537 duntaxat
1453 1509 1576 1535 fluetibus
1590 1510 1748 1535 concionum
1768 1510 1868 1543 semper
1882 1511 1973 1544 putaui
1987 1512 2086 1538 Miloni
2104 1513 2153 1539 esse

18 1543 103 1570 Simile
116 1542 150 1576 2st
168 1543 230 1570 illud
242 1545 460 1580 Virg.Aen.8,41
480 1547 515 1572 Vt
529 1544 596 1577 vidi,
613 1550 642 1571 vt
655 1546 737 1579 perii!
753 1553 782 1572 vt
796 1556 836 1573 me
850 1547 933 1573 malus
946 1547 1053 1574 abstulit
1115 1547 1260 1574 subeundas
1294 1561 1338 1565 ——-
1375 1546 1403 1571 in
1422 1545 1524 1571 iudicio
1542 1553 1623 1576 vero,
1643 1551 1688 1570 etc.
1759 1545 1815 1570 Cic.
1832 1546 1883 1571 Att.
1899 1554 1929 1577 2,
1945 1551 1968 1575 18
1991 1547 2047 1573 Hac
2067 1554 2156 1575 tamen

19 1578 115 1605 error!
314 1578 334 1617 ff
359 1589 377 1614 4
415 1582 455 1607 Ele
473 1588 543 1607 anter
555 1584 719 1615 praeponitur
736 1583 787 1608 alia
799 1584 927 1617 particula
941 1593 948 1607 .-
984 1583 1053 1609 Ter.
1116 1584 1144 1609 in
1157 1581 1317 1616 oppressione
1330 1582 1415 1608 sermo
1428 1580 1456 1605 in
1469 1579 1574 1605 circulis
1587 1579 1713 1606 duntaxat
1727 1580 1860 1605 conuiuiis
1878 1581 1914 1606 est
1925 1580 2055 1614 liberior,
2075 1592 2156 1616 quam

20 1613 116 1640 Heaut.
132 1623 151 1648 1,
165 1623 185 1648 1,
193 1622 225 1649 54
242 1616 297 1650 Ego
311 1621 336 1642 te
349 1625 438 1642 meum
469 1617 504 1642 ici
517 1616 642 1650 tantisper
654 1616 727 1648 volo,
742 1617 804 1643 dum
820 1618 891 1651 quod
904 1624 929 1643 te
944 1617 1054 1652 dignum
1116 1617 1177 1644 fuit.
1249 1615 1322 1643 Idem
1336 1615 1368 1642 ad
1382 1616 1454 1642 Brut.
1469 1616 1514 1649 Ep.
1531 1622 1554 1647 15
1573 1621 1638 1640 extr.
1664 1614 1750 1640 Habes
1768 1615 1898 1640 rationem
1917 1624 2035 1642 mearum
2055 1618 2156 1643 senten-

20 1648 57 1675 est
76 1649 147 1676 facis.
239 1651 321 1678 Plaut.
336 1651 439 1678 Mostel.
454 1660 477 1684 3,
496 1660 516 1683 1,
535 1659 578 1685 157
602 1652 657 1685 Ego
678 1651 721 1677 hic
736 1652 880 1687 Tantisper
898 1652 961 1678 dum
982 1654 1053 1684 exis,
1067 1659 1104 1684 40
1117 1653 1229 1682 tiarum,
1252 1649 1283 1677 de
1302 1651 1351 1677 hoc
1372 1659 1466 1684 genere
1485 1650 1610 1676 duntaxat
1623 1649 1733 1675 honoris
1750 1656 1776 1675 ct.
1795 1658 1901 1683 poenae.
1972 1652 2003 1676 Et
2016 1651 2048 1676 de
2062 1651 2156 1678 Diuin.

20 1689 48 1711 te
59 1685 190 1719 opperiar.
283 1687 352 1713 Ter.
366 1688 460 1713 Heaut.
474 1695 496 1719 3,
509 1695 529 1719 1,
542 1695 580 1720 44
606 1686 719 1713 Snfferre
733 1694 834 1714 amator
847 1696 982 1722 nunquam
996 1689 1054 1714 eius
1118 1697 1143 1720 2,
1157 1696 1190 1719 90
1209 1697 1232 1713 c.
1247 1695 1279 1720 43
1305 1686 1410 1720 Quibus
1428 1686 1508 1711 etiam
1530 1684 1661 1718 Diogenes
1679 1683 1799 1710 concedit
1810 1703 1819 1716 ‚
1836 1684 1937 1718 aliquid
1957 1691 1985 1711 vt
2006 1687 2157 1720 praedicere

23 1720 121 1746 sumtus
134 1725 224 1754 queat,
244 1721 351 1748 Nedum
365 1728 394 1748 tu
408 1721 491 1756 pollis.
557 1721 643 1748 Valer.
651 1721 760 1748 Maxim.
771 1732 793 1754 3,
801 1731 826 1755 2,
838 1725 873 1749 26
893 1724 1054 1749 Ornamenta
1118 1722 1224 1756 possint,
1244 1721 1384 1753 duntaxat,
1401 1720 1472 1755 quali
1486 1720 1599 1753 quisque
1612 1723 1721 1751 natura,
1740 1725 1786 1744 etc.
1857 1719 1914 1745 Cic.
1929 1719 1962 1746 ad
1974 1721 2046 1747 Brut.
2061 1728 2105 1755 285
2132 1733 2156 1750 c.

22 1754 102 1781 etiam
115 1755 214 1790 legioni
227 1756 323 1783 nedum
337 1757 418 1784 militi
431 1757 491 1784 satis
503 1756 592 1783 multa.
628 1756 676 1783 scd
691 1757 748 1782 Nec
761 1758 823 1783 dum
837 1756 870 1789 est
883 1764 909 1783 et
920 1758 1054 1782 nondum:
1118 1759 1149 1785 '82
1174 1757 1218 1781 Sin
1238 1756 1404 1782 ieiunitatem
1423 1760 1448 1780 et
1469 1754 1608 1780 siccitatem
1618 1773 1626 1785 ,
1645 1759 1670 1779 et
1692 1754 1810 1788 inopiam
1820 1774 1828 1786 ,
1846 1753 1991 1781 dummodo
2010 1756 2040 1784 sit
2059 1758 2160 1793 polita,

23 1790 84 1816 Liu.
97 1799 134 1822 21,
148 1793 164 1816 6
183 1791 239 1817 Hac
254 1792 385 1825 legatione
398 1792 510 1823 decreta,
523 1800 570 1816 nec
584 1790 647 1816 dum
659 1791 738 1818 missa.
805 1793 846 1817 Sic
862 1791 966 1822 Celsus,
1003 1809 1008 1815 .
1048 1809 1055 1815 .
1118 1790 1180 1815 dum
1195 1789 1303 1821 vrbana,
1318 1790 1381 1815 dum
1394 1790 1506 1824 eleganS,
1519 1789 1548 1815 in
1562 1789 1652 1814 Attico
1664 1797 1759 1822 genere
1773 1788 1855 1823 ponit,
1874 1789 1924 1816 hoc
1943 1791 2013 1817 reete
2025 1792 2159 1820 duntaxat.

21 1824 135 1850 Pertinet
147 1830 234 1851 autem
248 1826 280 1851 ad
291 1835 347 1851 rem
362 1834 441 1859 quam
454 1824 632 1851 calidiffimum
645 1825 694 1850 esse
706 1826 796 1854 ‚imum
816 1829 934 1850 ventrem
944 1844 952 1855 ,
970 1832 1056 1857 neque
1069 1828 1102 1854 45
1116 1824 1325 1857 1d.proDeiot.1
1340 1825 1457 1851 Primum
1471 1824 1529 1850 dico
1544 1833 1592 1858 pro
1605 1824 1689 1858 capite
1701 1824 1870 1859 fortunisque
1884 1826 1965 1859 regis:
1986 1828 2058 1860 quod
2072 1829 2158 1862 ipsum

20 1858 83 1884 dum
101 1860 336 1884 inflammationem
357 1860 456 1892 cepisse.
549 1857 628 1884 Nihil
645 1857 725 1889 dum,
751 1860 769 1884 i.
789 1859 856 1884 nihil
873 1859 967 1884 adhuc:
997 1859 1053 1885 Cic.
1117 1858 1163 1884 etsi
1176 1867 1230 1884 non
1242 1859 1364 1893 iniquum
1373 1859 1453 1891 est,in
1466 1865 1513 1885 tuo
1524 1860 1647 1886 duntaxat
1655 1860 1787 1894 periculo:
1807 1866 1894 1886 tamen
1907 1861 1942 1886 cst
1953 1861 1989 1887 ita
1997 1862 2158 1896 inusitatum,

19 1893 91 1920 Fam.
107 1901 143 1922 12,
153 1901 181 1918 {2
202 1894 310 1919 Interim
323 1893 355 1919 ad
368 1902 410 1919 me
423 1893 497 1919 venit
509 1893 644 1919 Munatius
658 1892 761 1926 noster,
780 1899 808 1919 vt
822 1895 1008 1926 consueuerat,
1028 1900 1054 1920 et
1119 1903 1207 1928 regem
1220 1894 1311 1928 capitis
1323 1903 1398 1921 reum
1412 1895 1470 1927 esi'e,
1480 1902 1508 1921 vt
1520 1901 1579 1921 ante
1589 1894 1639 1921 hoc
1652 1902 1753 1929 ternpus
1766 1903 1819 1921 non
1833 1895 1863 1921 sit
1876 1895 2004 1924 auditum.
2040 1899 2106 1924 Plin.
2118 1908 2158 1932 ιο,

19 1937 69 1962 ego
83 1928 108 1955 ei
121 1928 210 1954 literas
222 1933 277 1955 tuas
290 1927 350 1954 dedi
364 1938 369 1954 :
393 1927 473 1955 Nihil
488 1927 551 1954 dum
562 1928 633 1954 enim
648 1928 754 1954 sciebat.
806 1928 879 1955 Idem
893 1930 964 1955 Fam.
980 1938 1014 1961 12,
1028 1937 1054 1963 7.
1119 1938 1151 1961 29
1165 1929 1287 1955 Rostrum
1300 1938 1407 1964 quoque
1414 1930 1542 1956 anniculis
1553 1931 1582 1956 in
1593 1930 1660 1956 ebur
1674 1929 1880 1964 transfiguratur,
1894 1930 2017 1959 duntaxat
2031 1934 2158 1961 maribus.

19 1963 82 1991 Liu.
100 1972 151 1996 24,
171 1972 214 1990 20.
305 1964 358 1990 Vix
376 1963 452 1996 dum,
481 1963 506 1990 h.
518 1972 538 1989 e.
558 1966 603 1989 vix
615 1963 696 1990 adhuc
707 1974 715 1989 .·
742 1964 799 1990 Cic.
814 1965 885 1992 Fam.
901 1973 943 1996 12,
962 1973 980 1997 4
1001 1965 1056 1990 Vix
1119 1964 1174 1990 Cic.
1188 1963 1221 1990 ad
1235 1965 1307 1991 Brut.
1320 1973 1332 1996 3
1352 1965 1477 1991 Consules
1491 1965 1557 1990 duos
1571 1965 1655 1990 bonos
1668 1964 1809 1997 amisimus,
1823 1965 1865 1991 sed
1881 1965 2005 1994 duntaxat
2017 1967 2112 1995 bonos.
2138 1973 2158 1996 i.

21 1998 85 2026 dum
107 1999 215 2033 triginta
237 1998 292 2026 dies
315 1999 344 2025 in
366 1999 440 2032 Syria
463 1998 559 2025 fuisses.
610 1998 668 2025 Vid.
689 2006 767 2026 le.
874 2000 933 2026 Liu.
954 2008 1004 2032 24,
1023 2006 1054 2032 25
1070 1999 1184 2035 501²1ihil
1196 1999 1280 2031 aliud,
1300 2009 1370 2035 quam
1383 2000 1465 2032 bonos,
1478 2008 1527 2026 non
1535 2000 1630 2035 fortes,
1651 2006 1695 2026 etc.
1765 2000 1838 2026 Idem
1857 2000 1889 2026 de
1898 2001 1971 2027 Orat.
1987 2010 2011 2035 2,
2027 2012 2067 2036 119
2089 2014 2110 2031 c.
2124 2012 2160 2039 ²7

21 2034 96 2069 Qid
115 2035 186 2060 enim
205 2034 249 2061 sua
261 2035 351 2068 sponte
364 2034 449 2061 fecisse
463 2034 658 2067 Hieronymum
673 2043 801 2069 puerum,
820 2043 849 2061 ac
860 2036 914 2061 Vix
929 2034 991 2061 dum
1010 2043 1056 2069 pu-
1119 2036 1190 2061 Haec
1205 2040 1287 2061 artem
1302 2034 1410 2069 quidem
1428 2040 1454 2061 et
1467 2041 1602 2070 praecepta
1621 2034 1745 2061 duntaxat
1765 2034 1889 2068 haetenus
1906 2037 2056 2071 requirunt.
2125 2042 2159 2066 Et

21 2070 169 2098 bescentem
182 2070 268 2096 facere
281 2070 398 2104 potuisse.
432 2069 498 2097 Add.
513 2069 586 2096 Idem
604 2078 644 2102 21,
657 2078 678 2101 3.
706 2077 730 2096 et
749 2076 787 2102 28,
800 2079 838 2104 ¹4·
894 2072 923 2097 [n
936 2072 984 2096 tali
995 2080 1057 2096 com-
1120 2069 1152 2096 de
1167 2069 1273 2096 Amicit.
1286 2078 1313 2103 53
1339 2079 1361 2096 c.
1377 2078 1400 2103 15
1426 2071 1559 2096 Coluntur
1578 2075 1666 2096 autem
1685 2069 1861 2096 simulationes
1879 2072 2014 2099 amicitiae
2033 2074 2160 2102 duntaxat

17 2105 137 2144 palitmne
151 2106 220 2132 Dum
239 2105 381 2141 aliquando
399 2104 516 2141 πάρελκον
533 2105 582 2137 cst,
602 2105 744 2139 produtffio
761 2112 786 2132 et
801 2105 915 2133 adiectio
929 2105 1057 2138 syllabae:
1120 2105 1152 2131 ad
1166 2111 1277 2139 tempus.
1347 2105 1404 2131 Cic.
1418 2106 1471 2131 Att.
1484 2113 1512 2138 4,
1526 2115 1536 2137 3
1562 2105 1621 2130 Nos
1638 2105 1728 2131 animo
1740 2105 1865 2132 duntaxat
1884 2107 2011 2141 vigemus.
2083 2110 2161 2138 Idem

24 2147 54 2169 vt
66 2140 184 2168 Ehodum
204 2141 236 2168 ad
256 2151 314 2174 me,
333 2141 472 2168 Adesdum.
507 2143 575 2168 Haec
593 2142 688 2169 Donat.
761 2141 828 2169 Ter.
842 2143 905 2169 Hec.
926 2151 953 2175 5,
972 2151 1005 2175 4,
1026 2149 1056 2174 14
1120 2140 1151 2166 de
1164 2141 1222 2166 Fin.
1235 2149 1256 2172 2,
1271 2149 1295 2166 21
1316 2140 1381 2166 Non
1394 2140 1648 2174 reprehenderentur
1667 2149 1699 2167 eo
1712 2142 1836 2174 nomine,
1856 2142 1981 2170 duntaxat
2001 2150 2102 2173 caetera
2120 2155 2162 2172 ca-

24 2176 168 2204 Manedum
180 2177 262 2204 sodes.
302 2177 349 2205 Vbi
361 2178 494 2210 Donatus,
514 2184 585 2203 DVM
605 2177 728 2205 abundat.
800 2179 990 2213 Accipiendum
1003 2177 1054 2204 hoc
1073 2180 1102 2208 55
1119 2181 1220 2203 verent.
1268 2175 1337 2203 Add.
1353 2176 1455 2201 Lucret.
1470 2184 1492 2208 2,
1509 2184 1568 2209 122,
1579 2184 1640 2208 929.
1671 2183 1695 2202 et
1715 2184 1744 2208 3,
1758 2182 1814 2211 378.
1840 2178 1927 2212 quibat
1945 2180 2007 2206 locis
2021 2187 2071 2215 pro
2089 2187 2162 2208 certe

24 2212 106 2240 Plaut.
120 2213 191 2240 Men.
204 2222 229 2246 2,
242 2221 263 2245 3,
273 2221 311 2246 35.
400 2214 495 2248 Perage
513 2213 576 2239 dum
593 2213 694 2240 facinus
715 2223 793 2240 manu
811 2215 898 2241 Senec.
911 2214 982 2241 Med.
996 2218 1055 2248 987.
1115 2214 1229 2248 ponitur.
1302 2211 1367 2238 Non
1381 2211 1522 2244 duntaxat,
1536 2218 1585 2246 pro
1607 2213 1665 2238 Non
1673 2210 1753 2248 solum
1761 2222 1768 2236 .·
1796 2212 1856 2239 Liu.
1894 2234 1900 2240 .
1938 2234 1944 2240 .
1982 2234 1989 2241 .
2027 2217 2084 2243 Nec
2104 2218 2162 2244 ani—

24 2248 68 2274 Sic
81 2248 262 2275 Primumdum
280 2249 362 2276 Plaut.
375 2248 464 2276 Bacch.
479 2257 502 2282 2,
515 2258 537 2282 3,
550 2257 589 2282 25.
636 2249 704 2276 Add.
718 2250 792 2277 Idem
805 2250 864 2276 Mil.
881 2259 903 2282 2,
918 2258 941 2282 3,
954 2251 995 2276 26.
1032 2255 1057 2275 ct
1120 2257 1193 2275 mum
1207 2247 1284 2274 nobis
1297 2247 1422 2274 duntaxat
1435 2246 1539 2273 fidelem
1558 2256 1587 2273 ac
1606 2247 1705 2273 bonum
1717 2247 1864 2281 praestitit,
1882 2249 1925 2275 sed
1940 2251 2065 2278 omnibus
2080 2253 2162 2279 inter-

24 2282 103 2309 Most.
119 2291 143 2314 1,
161 2292 194 2316 2,
215 2292 254 2316 39.
289 2287 319 2311 it.
339 2293 371 2317 2,
387 2293 413 2317 1,
427 2292 462 2318 53.
497 2291 521 2311 et
534 2284 601 2311 Rud.
614 2285 681 2319 prol.
698 2295 724 2313 v.
739 2294 775 2318 32.
811 2292 834 2311 et
848 2286 930 2312 Trin.
946 2294 964 2316 1,
979 2294 1005 2317 2,
1019 2286 1057 2311 61.
1120 2285 1174 2310 fuit
1194 2283 1270 2311 bellis
1289 2292 1356 2317 quae
1375 2282 1486 2317 gcffistis.
1557 2282 1710 2309 PaullusC.
1725 2292 1735 2314 3
1762 2282 1794 2309 de
1807 2284 1950 2311 testament.
1969 2287 2042 2314 tutel.
2068 2289 2164 2321 Quum.

24 2324 50 2345 et
62 2318 148 2345 Truc.
164 2327 183 2350 1,
197 2327 218 2351 1,
233 2327 269 2345 10.
303 2323 361 2346 item
374 2320 509 2355 Agedum,
530 2320 685 2355 Vsquedum
698 2331 706 2352 ;
737 2321 765 2347 de
778 2321 934 2357 qzcibus'suis
947 2324 975 2347 in
988 2321 1057 2347 locis.
1120 2325 1194 2346 tutor
1208 2328 1262 2345 non
1276 2318 1354 2345 rebus
1368 2319 1507 2350 duntaxat,
1525 2317 1569 2345 sed
1582 2318 1662 2345 etiarn
1677 2317 1798 2344 moribus
1812 2326 1997 2354 praeponatur.
2068 2324 2169 2350 Vitem·

29 2352 93 2380 Vide
104 2354 183 2380 Coluii
198 2355 258 2381 Not.
272 2357 300 2380 in
313 2355 389 2389 Apul.
403 2365 428 2390 p.
444 2364 494 2389 150.
689 2354 710 2393 ff
732 2364 745 2390 5
783 2356 936 2385 Dummodo
951 2358 1058 2391 excepti·
1071 2356 1106 2380 60
1121 2355 1245 2382 duntaxat
1265 2353 1403 2381 brachium
1423 2355 1527 2380 crassam
1545 2354 1688 2381 transferre
1705 2354 1798 2381 licebit
1818 2356 1884 2382 Cato
1899 2357 1929 2383 R.
1945 2357 1976 2383 R.
1995 2367 2018 2384 c.
2032 2367 2078 2392 49,
2093 2368 2112 2386 1.
2141 2363 2161 2386 i.

25 2388 110 2415 oniluu
121 2389 216 2426 seruit:
237 2390 355 2417 Scribon.
371 2400 411 2418 121
431 2391 584 2418 Dummodo
601 2392 672 2419 infra
691 2392 742 2419 hoc
761 2392 871 2427 pondus.
963 2393 1058 2418 quen.
1119 2397 1176 2418 ante
1189 2400 1259 2426 quam
1272 2389 1439 2424 crqffiorfiat.
1511 2389 1599 2424 Papin.
1617 2389 1635 2416 l.
1648 2397 1678 2423 95
1702 2387 1725 2426 §.
1740 2398 1752 2416 2
1778 2390 1810 2417 D.
1826 2391 1858 2417 de
1871 2391 1946 2418 solut.
1974 2393 2045 2419 Nam
2064 2394 2082 2420 fi
2102 2403 2164 2421 rcus

25 2424 76 2451 Sat.
90 2428 113 2457 8,
128 2427 176 2452 260
196 2425 269 2451 Malo
283 2431 356 2460 pater
368 2426 420 2453 tibi
433 2427 463 2453 fit
474 2427 627 2461 Thersites,
648 2428 793 2454 dummodo
814 2434 842 2454 tu
861 2428 892 2454 fis
930 2426 1057 2453 Aeacidae
1121 2426 1246 2452 duntaxat
1264 2425 1316 2451 fuit
1337 2425 1485 2459 obligatus,
1510 2424 1644 2452 fideiussor
1662 2424 1836 2458 liberabitur,
1858 2429 1878 2453 ι’.
1897 2437 1944 2453 non
1964 2430 2072 2462 plenius,
2089 2439 2162 2465 quam

26 2459 132 2492 similis,
151 2459 329 2495 Vulcaniaque
348 2470 420 2488 arma
438 2463 554 2496 capessas.
645 2463 683 2489 Sit
700 2463 800 2490 summa
821 2464 850 2490 in
868 2465 926 2490 iure
945 2462 1058 2489 dicendo
1113 2460 1252 2501 fideiuſjiir,
1272 2459 1396 2487 duntaxat
1415 2459 1587 2496 vtfideiuffiar.
1692 2461 1797 2488 Sueton.
1809 2462 1916 2495 August.
1936 2471 1957 2488 c.
1971 2465 2005 2488 66
2028 2463 2093 2490 Non
2107 2471 2162 2490 tau-

26 2495 166 2526 seueritas,
193 2495 337 2522 dummodo
361 2506 394 2523 ne
415 2505 446 2523 ea
465 2498 584 2524 varietur
603 2499 687 2532 gratia
711 2499 766 2525 Cic.
789 2499 822 2526 ad
841 2499 972 2533 QFratr.
992 2507 1018 2530 1,
1039 2506 1057 2524 1.
1120 2504 1177 2524 tum
1202 2501 1314 2523 Virtutes
1338 2505 1367 2522 ac
1385 2496 1480 2522 merita
1498 2496 1625 2530 cuiusque
1648 2495 1726 2530 digne
1750 2497 1912 2530 persecutus,
1938 2496 1981 2523 sed
2003 2498 2068 2525 vitia
2094 2508 2162 2534 quo-

26 2529 101 2557 Idem
113 2528 188 2556 offic.
201 2538 224 2562 3,
237 2536 267 2561 82
286 2540 307 2557 c.
321 2540 349 2558 21
374 2532 463 2566 Qud?
483 2533 531 2568 qui
549 2534 640 2560 omnia
651 2534 722 2561 reeta
740 2541 766 2560 et
785 2534 892 2561 honesta
911 2533 1058 2569 negligunt,
1072 2530 1103 2563 65
1120 2541 1172 2568 que
1190 2538 1216 2559 et
1238 2531 1334 2558 defleta
1356 2531 1482 2570 duntaxat
1506 2531 1612 2558 modica
1635 2531 1779 2565 perpessus,
1816 2534 1836 2557 ⁷*-
1855 2540 1926 2566 qlfflm
1942 2531 1986 2558 diu
2006 2534 2115 2567 modica,
2135 2534 2163 2569 fi

29 2563 172 2591 dummodo
185 2566 327 2599 potentiam
340 2568 545 2602 consequantur,
561 2577 648 2595 nonne
661 2569 731 2596 idem
745 2570 862 2602 faciunt,
880 2577 925 2596 etc.
977 2570 1060 2596 Dum·
1119 2567 1215 2596 modum
1238 2576 1286 2593 non
1304 2565 1457 2602 excffſjent.

29 2598 111 2627 modo
127 2609 160 2626 ne
178 2601 242 2636 quid
260 2601 322 2629 haec
339 2603 478 2630 ambitiosa
494 2604 628 2631 festinatio
646 2606 787 2632 imminuat
805 2606 862 2632 eius
881 2605 982 2640 gloriae
1001 2605 1058 2631 Cic.

30 2635 103 2662 Fam.
115 2643 153 2668 10,
165 2644 203 2668 25.
239 2637 311 2664 Idem
324 2639 377 2664 Att.
392 2646 418 2673 7,
432 2647 457 2673 7.
487 2648 524 2674 12,
537 2648 584 2673 44.
620 2647 644 2666 et
663 2641 694 2667 de
708 2642 782 2673 Orat.
796 2650 819 2673 3,
834 2646 882 2673 183.
912 2642 942 2666 in
955 2640 1033 2667 Catil.
1048 2648 1058 2664 1
1491 2638 1522 2670 D
1626 2638 1656 2669 V
1761 2638 1790 2670 O

29 2679 51 2696 e.
65 2679 87 2703 5.
156 2671 224 2698 Dum
237 2681 270 2698 ne
283 2673 400 2706 similiter
414 2677 537 2708 ponitur:
563 2675 618 2701 Cic.
633 2676 687 2701 Att.
702 2681 730 2705 8,
751 2685 774 2702 11
800 2677 855 2710 Ego
875 2675 893 2701 fi
912 2675 956 2700 cui
973 2674 1059 2700 adhuc

28 2705 124 2732 videor
137 2705 239 2740 segnior
255 2708 330 2733 fuisse
339 2726 347 2738 ,
364 2708 428 2733 dum
440 2717 472 2733 ne
487 2708 539 2734 tibi
552 2709 642 2735 videar
655 2718 709 2735 non
722 2710 824 2736 laboro.
917 2709 973 2735 Cic.
986 2710 1057 2735 Fam.
1069 2715 1106 2742 70
1158 2714 1207 2734 DV
1216 2713 1235 2734 o
1244 2727 1253 2739 ,
1272 2706 1338 2734 duae
1347 2726 1355 2740 ‚
1378 2705 1440 2733 duo.
1476 2707 1512 2742 pl.
1548 2704 1622 2740 [δυἰν,
1642 2707 1683 2733 vel
1693 2704 1737 2733 δύω
1751 2707 1857 2742 Attice]
1895 2709 1926 2735 In
1944 2708 2106 2739 declinatione
2124 2713 2164 2740 ob-

29 2749 99 2773 11,10
118 2742 286 2776 Inter-pellent
298 2751 351 2776 me,
371 2751 425 2777 quo
440 2743 525 2769 minus
538 2744 682 2770 honoratus
696 2744 750 2775 sim,
769 2744 831 2770 dum
845 2753 878 2770 ne
893 2744 1062 2778 interpellent
1117 2742 1244 2780 struenda
1259 2742 1374 2778 quaedam
1388 2742 1468 2769 hahet.
1515 2741 1635 2768 Scribon.
1648 2748 1682 2775 45
1704 2741 1766 2769 Olei
1778 2744 1873 2769 veteris
1888 2745 1994 2772 sextarii
2007 2746 2061 2774 duo
2082 2754 2107 2775 et
2125 2749 2165 2775 di-

29 2784 85 2811 quo
106 2777 193 2803 minus
207 2777 362 2812 Respublica
374 2787 389 2804 a
402 2787 443 2804 me
456 2778 595 2805 commode
608 2779 784 2806 administrari
798 2779 880 2814 possit.
913 2779 986 2810 Adai„
995 2780 1063 2806 Ter.
1125 2778 1248 2805 midium.
1319 2779 1379 2803 Duo
1397 2776 1511 2803 fulmina
1528 2776 1594 2803 belli
1609 2773 1706 2811 virgil.
1720 2779 1785 2804 Aen.
1798 2781 1824 2811 6,
1839 2784 1893 2812 843.
1965 2783 2073 2809 Genitin.
2110 2784 2166 2811 Na-

29 2811 111 2838 Andr.
130 2820 157 2844 5,
176 2821 205 2844 3,
226 2821 262 2844 31.
360 2814 429 2840 Dum
447 2818 533 2839 tamen
551 2814 648 2840 eandem
666 2818 786 2841 rationem
805 2815 876 2841 habet
889 2825 897 2840 :
930 2815 1062 2842 Columel.
1125 2819 1186 2840 tura
1198 2813 1309 2838 duarum
1326 2812 1455 2839 diffimilis
1474 2821 1564 2839 rerum
1585 2813 1690 2839 Lucret.
1706 2822 1726 2843 1,
1740 2821 1795 2846 503.
1837 2814 1970 2843 Contracta
1988 2819 2081 2845 Accius
2100 2820 2168 2855 apud

0 2856 1 2861 ¹
29 2847 111 2882 praef.
128 2846 160 2872 de
172 2848 203 2874 R.
217 2848 249 2874 R.
274 2849 347 2875 cuius
361 2855 494 2883 praecepta
508 2848 525 2875 fi
540 2850 582 2875 vel
596 2855 695 2875 temere
710 2850 743 2876 ab
756 2848 880 2882 indoetis,
899 2849 962 2876 dum
975 2855 1063 2876 tamen
1126 2849 1182 2875 Cic.
1196 2847 1228 2874 de
1241 2848 1315 2874 Orat.
1330 2850 1373 2881 156
1390 2848 1489 2874 Mulier
1501 2856 1552 2874 vna
1564 2846 1646 2874 dusmt
1659 2847 1758 2875 virum.
1830 2850 1917 2876 Duum
1931 2855 2003 2878 etiam
2012 2854 2167 2882 Scribonius

0 2888 1 2918 ᾗ
21 2890 152 2917 -agrorurn
165 2883 344 2916 poss'essbribus
356 2884 467 2918 antiquo
483 2893 556 2911 more
571 2884 832 2918 administrarentur,
846 2885 932 2911 minus
946 2884 1063 2912 iaeturae
1080 2888 1112 2916 75
1119 2883 1203 2920 saepe,
1223 2892 1248 2909 v.
1258 2892 1283 2919 g.
1300 2888 1329 2916 98
1349 2890 1387 2910 ter
1400 2882 1432 2916 est
1447 2889 1480 2917 -K-
1503 2882 1591 2917 pondo
1605 2883 1696 2916 duum,
1715 2888 1734 2910 i.
1745 2884 1900 2912 denariorum
1912 2887 2013 2914 duorum
2049 2891 2089 2916 Sic
2104 2892 2165 2917 Am-

29 2923 180 2953 paterentur
193 2926 233 2944 res
246 2919 364 2946 rusticae.
402 2919 475 2955 Conf.
489 2920 555 2947 Cels.
569 2929 592 2952 3,
605 2929 632 2954 4.
1056 2934 1058 2936 v
1128 2919 1201 2946 bulet
1215 2918 1301 2944 millia
1317 2919 1433 2953 passuum
1448 2920 1559 2945 minime
1575 2919 1664 2946 duum.
1720 2922 1751 2946 Et
1770 2923 1800 2953 56
1813 2921 1899 2948 Turis
1926 2924 1956 2952 7³(-
1978 2924 2058 2950 Pond.
2074 2925 2165 2953 duum.

67 2951 369 2987 DVMNoTA‘st,
389 2955 407 2981 i.
440 2964 476 2982 m.
510 2957 589 2982 Locus
608 2957 759 2992 Aquitaniae
776 2956 873 2982 Auson.
886 2956 964 2991 Epist.
980 2966 1015 2990 4,
1034 2963 1064 2989 52.
1126 2956 1159 2982 Et
1177 2956 1207 2987 63
1228 2954 1304 2981 Aeris
1325 2954 1399 2981 floris
1419 2955 1453 2984 ἦε
1476 2956 1502 2981 P.
1521 2954 1611 2980 duum.
1669 2956 1709 2982 Sic
1728 2956 1767 2981 bis
1784 2965 1806 2981 c.
1822 2960 1851 2988 (κς
1878 2964 1925 2984 etc.
1985 2960 2042 2986 isid.
2062 2961 2167 2989 Charis.

31 2994 58 3015 et
73 2989 142 3016 alibi.
1127 2998 1137 3016 1
1158 2999 1183 3025 p.
1197 2998 1237 3016 101
1254 2996 1319 3016 extr.
1388 2990 1476 3016 Datiu.
1491 2996 1515 3016 et
1530 2991 1617 3017 Ablat.
1636 2990 1746 3017 Duobus
1757 2991 1888 3019 mensibus
1901 2994 1969 3020 Ter.
1979 2995 2043 3022 Hec.
2057 3004 2080 3028 3,
2092 3005 2105 3029 3
2132 3006 2166 3029 ³3-

68 3021 234 3052 DVMNc'iT
243 3022 263 3052 ὅ
272 3032 294 3051 Ν
303 3032 324 3052 ν
333 3032 362 3058 s,
379 3033 404 3060 a,
422 3034 476 3052 um.
506 3024 567 3052 Adi.
609 3026 654 3059 Vt,
674 3027 845 3054 Dumnotona
858 3026 952 3054 domus
965 3027 1064 3053 Auson.
1127 3026 1230 3052 Natura
1244 3024 1344 3051 duabus
1357 3025 1472 3052 consistit
1485 3025 1563 3052 rebus
1577 3026 1679 3052 Lucret.
1694 3034 1713 3058 1,
1725 3035 1782 3060 419.
1851 3029 1968 3064 Accasat.
1989 3030 2059 3057 Duas
2071 3018 2167 3059 vxbres

35 3054 112 3092 Epist.
128 3069 150 3092 7,
164 3067 199 3093 55.
1078 3063 1111 3089 80
1127 3061 1224 3088 habere
1245 3060 1314 3087 Ter.
1329 3059 1435 3087 Phorm.
1457 3068 1485 3094 ς,
1507 3070 1533 3094 1,
1552 3066 1592 3091 28.
1646 3061 1693 3089 sed
1703 3061 1868 3097 Accufhtiuus
1885 3067 1912 3089 in
1929 3065 2062 3100 masculino
2080 3076 2166 3104 genere

72 3098 215 3126 DVMVS,
233 3096 253 3122 i.
283 3105 318 3124 rn.
347 3096 483 3131 [ἄκανθα]
517 3098 620 3123 Dicitur
633 3098 713 3123 omnis
723 3097 816 3133 frutex
826 3097 943 3134 innofies
962 3103 986 3124 et
999 3097 1065 3134 aspe-
1120 3097 1194 3133 fizepe
1207 3098 1294 3122 Graeci
1310 3095 1390 3122 dualis
1406 3094 1486 3129 instar
1500 3097 1550 3133 ipse
1563 3106 1654 3132 quoque
1673 3099 1700 3123 in
1719 3098 1740 3124 O
1762 3101 1821 3123 exit.
1874 3100 1915 3125 Sic
1935 3101 1991 3127 Cic.
2006 3102 2076 3128 Fam.
2092 3110 2118 3136 7,
2131 3111 2165 3134 29

40 3129 114 3154 ritate
133 3129 249 3164 molestus.
321 3132 376 3158 Cic.
389 3132 500 3159 Tuscul.
520 3140 548 3165 5,
565 3133 596 3165 65
626 3132 810 3160 Animaduerti
828 3133 993 3160 columellam
1010 3142 1066 3160 non
1127 3133 1187 3159 Duo
1201 3131 1313 3166 parietes
1327 3130 1358 3156 de
1370 3131 1461 3158 eadem
1480 3132 1568 3158 fidelia
1581 3132 1703 3159 dealbare
1721 3133 1809 3159 habent
1820 3133 1878 3160 boni
1889 3135 1957 3161 libri.
2028 3139 2112 3163 Varro
2132 3139 2164 3164 R.

41 3161 149 3202 multum
163 3174 176 3192 e
189 3165 274 3193 dumis
287 3167 446 3194 eminentem
455 3188 462 3200 ,
482 3168 511 3194 in
525 3176 576 3202 qua
595 3167 679 3194 inerat
692 3168 813 3203 sphaerae
829 3169 926 3204 figura,
945 3174 971 3195 et
985 3169 1066 3201 cylin-
1128 3168 1159 3194 R.
1174 3175 1199 3200 2,
1213 3174 1236 3200 5,
1247 3175 1275 3193 12
1295 3166 1391 3193 Habeo
1406 3173 1494 3194 tauros
1509 3167 1579 3200 duo,
1597 3174 1627 3193 vt
1639 3167 1751 3201 restituit
1770 3166 1906 3195 Vifforius.
1977 3172 2069 3198 Horat.
2083 3173 2165 3199 Scrm.

43 3196 93 3223 dn·
107 3232 113 3238 .
159 3200 277 3228 Amantes
295 3202 376 3230 ardua
395 3203 470 3230 dumi
490 3203 585 3238 Virgil.
600 3203 696 3238 Georg.
712 3213 733 3236 3,
749 3212 798 3237 315.
892 3205 988 3239 Aspera
1004 3213 1067 3231 rura
1129 3211 1150 3235 ¹,
1163 3210 1189 3236 7,
1206 3209 1231 3234 15
1267 3217 1311 3222 —
1346 3203 1407 3229 Duo
1421 3203 1439 3229 fi
1453 3202 1584 3229 discordia
1596 3209 1674 3229 vexat
1687 3203 1792 3230 inertes.
1863 3205 1918 3231 Cic.
1935 3207 2005 3232 Fam.
2019 3215 2045 3238 3,
2058 3216 2075 3239 4
2104 3209 2166 3234 Duo

44 3231 127 3271 djlmlss
143 3235 289 3270 IdemAen.
305 3249 333 3272 4,
347 3240 402 3271 526.
495 3237 591 3265 Excelfi
612 3239 688 3273 Virg.
702 3240 730 3265 in
743 3240 834 3267 Culice
854 3248 902 3273 153.
995 3241 1066 3266 Hor·
1082 3242 1111 3271 85
1128 3238 1201 3264 enim
1221 3237 1334 3264 duarum
1350 3243 1464 3265 aetatum
1483 3239 1594 3273 plurimi
1612 3239 1683 3265 facio
1702 3238 1792 3265 eadem
1810 3240 1931 3273 ratione,
1950 3243 1996 3268 Cn.
2011 3243 2166 3276 Pompeium

42 3266 101 3307 ricla
112 3268 194 3308 dumis
207 3271 268 3299 silua
284 3274 356 3300 Idem
369 3275 434 3300 Aen.
447 3283 472 3307 9,
485 3280 534 3307 381.
627 3275 759 3302 Rubentes
777 3275 869 3302 Claud.
884 3275 915 3302 de
927 3275 1026 3301 locusta
1044 3283 1067 3307 3.
1129 3273 1198 3300 filiae
1212 3279 1272 3299 tuae
1286 3273 1416 3306 socerum,
1433 3279 1458 3300 et
1470 3276 1508 3300 M.
1521 3275 1631 3301 Brutum
1645 3283 1772 3308 generum
1786 3281 1871 3302 tuum.
1941 3277 2012 3303 Idem
2026 3278 2166 3305 Veri-,Aet

44 3303 141 3337 virgil.
155 3306 216 3332 Aen.
229 3316 254 3340 9,
268 3316 311 3341 393
331 3310 476 3344 Dumisque
491 3309 633 3336 silentibus
652 3316 731 3338 errat.
845 3311 927 3338 Ouid.
947 3311 1012 3337 Met.
1030 3319 1070 3344 12,
1130 3318 1149 3340 1,
1162 3316 1191 3342 25
1215 3309 1321 3335 Horum
1343 3314 1417 3344 pater
1437 3309 1534 3336 abhinc
1557 3309 1611 3336 duo
1631 3316 1656 3335 et
1676 3310 1774 3344 viginti
1789 3319 1870 3337 annos
1888 3311 1924 3338 est
1936 3318 2063 3338 mortuus.
2134 3315 2167 3340 Et

42 3338 91 3378 356
113 3353 168 3378 ³—
199 3341 338 3378 solidoque
355 3345 485 3372 reuellere
505 3345 603 3378 dumo,
631 3353 676 3373 etc.
769 3345 840 3381 Spini
861 3347 908 3373 Sil.
928 3355 979 3379 ιο,
1015 3366 1021 3373 .
1060 3365 1067 3372 .
1130 3346 1184 3371 Att.
1198 3353 1223 3377 9,
1238 3352 1261 3370 11
1287 3345 1343 3371 Vos
1363 3344 1418 3371 duo
1436 3344 1530 3379 delegi.
1600 3345 1696 3379 Virgil.
1712 3347 1775 3372 Aen.
1789 3355 1827 3378 11,
1846 3352 1890 3379 285
1915 3347 1940 3372 Si
1961 3347 2014 3372 duo
2035 3354 2168 3381 praeterea

43 3374 139 3407 Vll’gss-
153 3372 214 3400 Aen·
226 3381 249 3416 Ξξ,
260 3384 305 3411 348
324 3380 392 3406 Hinc
406 3381 437 3407 ad
450 3382 596 3415 Tarpeiam
609 3381 712 3414 sedem,
732 3386 758 3409 et
771 3382 904 3416 Capitolia
918 3382 991 3408 ducit
1017 3382 1070 3408 Au-
1130 3380 1193 3407 tales
1207 3379 1283 3406 Idaea
1297 3380 1395 3407 tulisset
1430 3381 1520 3407 Terra
1534 3379 1617 3407 viros.
1658 3381 1716 3406 isid.
1731 3384 1826 3407 omnino
1838 3383 1903 3407 Pie-r.
1917 3381 1950 3406 ad
1960 3383 2005 3407 loc.
2019 3391 2091 3418 atque
2103 3384 2168 3411 hanc

42 3417 88 3436 rea
102 3414 186 3441 nunc',
206 3410 269 3437 olim
282 3413 446 3445 Siluestribus
460 3417 569 3444 horrida
581 3417 678 3444 dumis.
747 3418 877 3451 Qindtil.
896 3425 918 3451 5,
933 3426 955 3443 11
979 3417 1069 3444 Terra
1080 3424 1116 3449 90
1131 3418 1327 3442 terminationem
1347 3415 1483 3451 defendunt
1505 3418 1611 3443 Gronau.
1629 3416 1663 3442 ad
1679 3417 1739 3442 Liu.
1753 3424 1796 3448 35,
1817 3424 1853 3442 21.
1906 3417 1994 3443 Graeu.
2014 3418 2047 3444 ad
2061 3419 2167 3446 Sueton-

43 3444 162 3478 neglec'ta
174 3445 270 3478 sentes,
282 3453 356 3483 atque
369 3451 474 3483 dumos,
493 3452 596 3479 exculta
613 3453 715 3479 fruous
729 3458 807 3480 creat.
1131 3450 1225 3478 Claud.
1246 3459 1320 3484 c.14.
1357 3458 1381 3477 et
1401 3452 1521 3478 stewech.
1542 3451 1575 3477 ad
1593 3451 1693 3478 Arnob.
1706 3460 1718 3483 3
1746 3461 1771 3485 p.
1793 3459 1831 3482 93-
1885 3451 1957 3486 Conf.
1978 3454 2114 3481 Burmann.
2133 3455 2167 3482 ad

79 3486 161 3506 DVM
171 3481 278 3522 OSVSJ
295 3491 316 3513 a,
334 3493 386 3513 um.
422 3487 481 3514 Adi.
517 3486 692 3522 [οἰκαιθῶδης]
739 3487 871 3524 spinosus,
888 3488 1004 3523 vepribus
1018 3490 1070 3524 ple·-
1131 3486 1261 3520 Q1intffll.
1276 3493 1342 3520 2,17
1368 3496 1392 3521 p.
1407 3494 1462 3521 197.
1533 3488 1576 3513 An
1594 3494 1679 3514 neutro
1699 3495 1784 3522 genere
1803 3486 1861 3511 Dua
1880 3486 1979 3514 dicatur
1985 3508 1994 3520 ‚
2015 3489 2168 3525 disputatum

43 3524 106 3542 nus:
133 3516 225 3547 vebat
237 3522 274 3541 att
286 3517 384 3552 Festus,
401 3522 557 3551 Frondosus,
596 3523 718 3550 Admonet
730 3523 818 3550 Festus
829 3525 918 3558 Pomp.
937 3523 990 3558 legi
1003 3525 1069 3551 Dus·
1131 3523 1172 3555 est.
1227 3522 1319 3548 Accius
1338 3522 1404 3557 apud
1424 3523 1480 3548 Cic.
1495 3522 1569 3548 Orat.
1582 3525 1624 3555 156
1650 3531 1671 3548 c.
1685 3524 1720 3554 46
1745 3520 1830 3546 Video
1850 3521 1965 3555 sepulcra
1984 3523 2034 3550 dua
2053 3526 2168 3553 duorum

43 3551 147 3590 mosum
161 3551 249 3576 locum
263 3552 329 3591 apud
339 3554 454 3590 Liuium,
471 3567 520 3593 pro
533 3559 662 3592 Dumoso,
679 3559 783 3594 antiqui
797 3559 868 3585 enim
881 3559 1070 3587 interserebant
1131 3566 1274 3591 corporum
1294 3560 1366 3583 etiam
1380 3559 1518 3584 Grmzouius
1529 3558 1623 3589 edidit,
1640 3557 1773 3583 Lambinus
1786 3555 1848 3581 duo.
1904 3558 1996 3587 Contra
2015 3560 2065 3587 dua
2085 3561 2169 3597 dsl'pu-

4 3609 5 3617 .
45 3586 61 3612 s
75 3585 178 3618 literam
190 3596 197 3616 ;
230 3592 255 3612 et
267 3586 383 3615 dicebant
396 3592 560 3627 Cosmittere‚
575 3604 623 3628 pro
636 3595 810 3622 Conunittere
822 3606 830 3626 ς
860 3601 885 3621 ct
899 3595 1070 3627 Casmoenae,
1084 3599 1115 3625 95
1131 3599 1188 3619 tant
1202 3592 1324 3619 Brouckh.
1339 3592 1373 3618 ad
1383 3594 1502 3626 Propert.
1515 3602 1539 3623 2,
1553 3602 1596 3624 20,
1610 3601 1639 3624 39
1658 3592 1700 3617 vbi
1712 3590 1812 3616 dederat
1825 3589 1989 3627 Paffiracius,
2009 3596 2040 3622 Et
2052 3597 2099 3631 qui
2107 3590 2168 3624 “mo—

46 3622 262 3664 pro'Camocnae.
301 3661 305 3664 ²
363 3624 474 3655 Dumosa
491 3635 517 3656 et
533 3630 663 3658 indirefita
681 3630 752 3657 ac'tio
772 3630 904 3664 Qiine’til.
918 3638 941 3663 5,
955 3640 988 3663 13,
1006 3639 1017 3656 ε
1041 3640 1071 3656 ex
1131 3628 1206 3654 vistis
1220 3628 1271 3653 dua
1285 3627 1373 3654 litora.
1428 3629 1485 3654 Dua
1506 3636 1617 3662 corpora
1628 3627 1690 3662 sum
1708 3629 1735 3651 in
1752 3633 1805 3652 vet.
1825 3626 1876 3661 lap,
1897 3637 1965 3663 quem
1983 3630 2052 3657 dedic
2066 3632 2132 3659 Phil,
2153 3641 2170 3658 a

45 3654 187 3690 comestura
204 3659 302 3693 Gesner-c
316 3668 324 3683 :
350 3660 421 3696 vulgo
441 3663 486 3699 leg,
507 3665 625 3692 clamosa.
717 3666 850 3693 Columel-
866 3676 899 3699 4,
919 3674 946 3697 33
973 3665 1031 3692 Nifi
1053 3665 1071 3692 fi
1138 3664 1220 3689 Turre
1237 3662 1265 3688 de
1281 3664 1342 3689 Foro
1357 3664 1404 3690 Iul.
1419 3670 1448 3698 p.
1460 3674 1510 3697 355.
1565 3664 1625 3688 Duo
1643 3661 1752 3696 quidem,
1770 3670 1788 3688 o
1805 3665 1878 3688 etiam
1891 3672 2020 3700 correpto³
2041 3670 2069 3693 in
2082 3675 2169 3695 neutro

47 3691 156 3732 dumo-li,
176 3692 336 3733 glareosique
347 3697 456 3733 montes.
544 3702 641 3736 vjrgfl,
654 3701 706 3727 1301,
721 3710 739 3732 ι,
752 3709 787 3736 77
805 3702 869 3728 No„
881 3710 930 3734 ego
943 3710 991 3727 vos
1005 3701 1072 3734 post-
1133 3695 1198 3724 πῶς
1218 3697 1284 3729 dici,
1302 3699 1352 3724 late
1370 3699 1452 3725 docuit
1471 3697 1534 3731 VOff·
1552 3697 1581 3722 de
1595 3698 1670 3723 Anat.
1693 3706 1722 3729 2,
1742 3700 1766 3723 ό.
1828 3699 1878 3724 Pro
1897 3698 1947 3726 dna
1966 3702 2081 3729 laudatur
2096 3707 2170 3729 ceiam

5 3762 6 3769 ἵ
46 3726 187 3769 hffcf'ffld}
199 3728 331 3762 proiectus
345 3738 372 3755 in
384 3735 459 3757 antro
482 3733 595 3763 Dumosa
607 3736 720 3771 penddre
734 3736 825 3772 procul
839 3737 871 3762 de
884 3745 949 3770 rupe
963 3735 1072 3762 videbo.
1134 3733 1266 3767 Quinctil.
1279 3742 1299 3765 1,
1313 3741 1335 3766 5,
1347 3742 1372 3766 15
1393 3733 1539 3768 Duapondo
1552 3738 1577 3757 et
1591 3731 1720 3765 trepondo
1733 3741 1815 3767 vsque
1827 3732 1859 3759 ad
1873 3735 1988 3762 nostram
2006 3743 2116 3764 aetatem
2135 3738 2168 3764 ab

4 3773 7 3795 2
40 3763 100 3788 'lsbz
114 3763 233 3804 Seruius,
252 3764 381 3804 Dumosa,
405 3768 423 3791 i.
443 3768 541 3802 rigida,
553 3771 663 3808 spinosa,
757 3774 828 3800 Ama
846 3771 920 3799 Idem
934 3772 1030 3806 Georg,
1046 3781 1072 3805 2,
1080 3780 1126 3799 100
1134 3768 1258 3795 omnibus
1276 3768 1378 3795 dietum
1397 3770 1447 3800 est,
1467 3775 1492 3794 ct
1512 3766 1582 3793 reffi’te
1600 3765 1654 3792 dici
1670 3767 1774 3794 Messala
1793 3769 1939 3797 confirmat.
1993 3774 2030 3798 De
2043 3773 2170 3808 scntcntia

6 3823 7 3827 ,
51 3801 102 3827 180.
171 3799 239 3825 Auia
257 3799 303 3827 Sil.
317 3808 343 3836 7,
379 3820 386 3826 .
424 3820 430 3827 .
499 3803 574 3832 Inuia
595 3807 666 3834 Idem
680 3816 714 3841 4,
750 3827 758 3834 .
794 3827 801 3834 .
1135 3805 1257 3831 Gronouii
1275 3804 1303 3830 de
1323 3804 1377 3831 Pet.
1391 3811 1441 3830 vet.
1455 3814 1476 3835 1,
1489 3813 1504 3836 7
1526 3809 1555 3836 p.
1570 3811 1598 3836 35
1627 3802 1672 3828 bae
1684 3803 1809 3838 formulae
1830 3805 1893 3831 hanc
1912 3809 1962 3832 vim
1980 3808 2084 3840 babent,
2106 3809 2169 3834 duas

5 3833 7 3842 ¹
86 3850 273 3882 ΒΥΜᾸΗς,
293 3860 316 3877 ε.
352 3850 412 3877 ΑΜ.
449 3850 524 3878 Idem·
557 3854 741 3893 Mart-Capest
754 3866 778 3890 3,
816 3877 821 3884 .
857 3876 863 3883 ⁵
1135 3839 1224 3874 pondo
1245 3839 1341 3872 libras,
1366 3841 1407 3866 vel
1423 3846 1474 3865 tres
1493 3836 1581 3871 pondo
1600 3837 1697 3870 libras,
1716 3845 1745 3864 vt
1755 3838 1887 3873 Treuiri,
1907 3843 2099 3875 pomeridicm,
2120 3851 2170 3878 pro

177 3895 187 3903 ,,
229 3898 240 3906 ν
530 3904 534 3909 ,
608 3907 613 3911 .
1136 3876 1208 3902 Tres
1221 3875 1289 3907 viti,
1308 3874 1363 3909 post
1376 3872 1525 3900 meridiem.
1595 3873 1746 3900 Scribonius
1766 3874 1865 3909 Largus
1885 3881 1930 3902 cix
1948 3877 1991 3910 esi,
2004 3886 2033 3903 vt
2046 3879 2093 3912 fiaeb
2106 3880 2170 3904 hanc

86 3901 166 3923 DVM
175 3906 185 3924 1
196 3905 239 3927 co
248 3905 265 3926 L
274 3908 312 3945 An,
332 3909 370 3928 ae.
400 3910 434 3928 m.
466 3901 591 3930 Habnans
603 3911 668 3934 inter
679 3907 770 3936 dumos.
806 3907 899 3937 Anien.
910 3909 1010 3945 Perieg.
1023 3914 1077 3945 895.
1135 3911 1244 3946 regulam
1257 3913 1314 3946 cogi
1323 3909 1413 3944 poffit‚
1432 3908 1498 3943 apud
1511 3917 1577 3944 quem
1586 3928 1594 3941 ,
1611 3916 1641 3935 vt
1658 3909 1737 3936 editus
1751 3909 1782 3941 est
1802 3912 1831 3936 ab
1845 3911 1897 3947 ipso
1909 3916 1982 3939 etiam
1995 3913 2105 3942 Rhodio,
2122 3911 2172 3946 esta

87 3940 107 3962 D
116 3941 136 3964 v
145 3943 218 3967 M1A
250 3940 362 3970 Tribus.
402 3940 460 3974 Vid.
472 3941 496 3973 b.
510 3950 535 3970 v.
1086 3960 1129 3988 105
1139 3947 1255 3983 leguntur
1266 3955 1275 3972 :
1299 3946 1392 3980 Comp.
1406 3944 1567 4008 4513pgmze
1580 3950 1716 3985 argenteae
1729 3944 1820 3981 pondo
1833 3945 1893 3973 dua.
1964 3949 1996 3974 Et
2013 3953 2037 3978 ει
2050 3949 2173 4011 Οὶεὶῐεᾜ
