2479 4225
265 177 353 244 ‘527
671 186 705 226 Ε
793 184 828 223 x
913 180 939 218 Ρ

290 281 344 308 Cic.
358 280 385 305 in
399 280 471 304 Orat.
485 285 543 310 230.
611 275 687 302 Sitim
702 274 849 299 diuturnam
867 266 938 293 Idem
952 265 984 291 de
995 264 1133 305 Sene&.26
1150 270 1171 287 c.
1184 265 1207 299 83
1257 258 1315 300 Ta-

292 317 334 342 cit.
350 317 415 340 Anu.
429 322 440 345 3
466 322 491 345 33
512 313 676 346 Quamquam
690 309 742 342 ipse
763 307 842 340 pluris
861 310 907 336 per
925 309 1072 335 prouincias
1086 298 1256 336 quadraginta
1266 298 1315 320 Sti-

309 350 385 376 endia
399 333 555 383 exp’leuisset.
625 346 682 372 Liu.
697 349 733 375 38,
748 350 778 370 24
797 339 849 364 Vbi
863 345 956 363 aurum
972 336 1144 364 ostenderent,
1159 330 1229 366 quod
1243 333 1315 356 Suni-

291 361 360 411 tpiiam
379 384 470 410 talenti
484 383 563 410 Attici
583 382 705 415 expleret.
774 373 860 400 'I'ecta
873 372 992 412 frugibus
1011 371 1096 405 exples
1123 367 1207 394 Catul.
1223 374 1258 398 32,
1274 374 1313 392 20.

292 421 353 456 Stat,
367 420 456 446 Theb.
471 428 496 452 9,
509 427 559 453 754
908 442 915 446 .
1131 440 1134 443 Ι
1147 448 1152 452 ἱ
1243 438 1247 441 ¹

294 456 351 483 bras
381 459 399 481 i.
420 454 507 488 Effoffi,
521 456 590 479 etiam
603 451 677 475 altero
692 447 756 471 oculo
775 451 840 470 totus
854 444 926 477 euasit
944 452 1036 469 caecus.
1106 441 1162 465 Cic.
1176 437 1207 478 de
1220 438 1277 463 Fin.
1291 445 1317 470 2,

293 500 329 524 42
348 476 377 517 id
395 484 482 517 autem
503 484 629 514 eiusmodi
648 482 698 513 est,
718 486 744 506 vt
758 479 858 505 aditum
878 478 909 508 ad
926 478 1067 510 vii-tutem,
1081 475 1318 505 auctoritatemque

295 526 416 553 videatur
431 525 591 552 habiturum,
611 523 636 543 et
655 515 819 549 expleturum
838 514 967 540 cumulate
983 515 1070 547 Vitam
1090 512 1199 549 beatam.
1272 508 1319 532 Vr-

296 561 341 588 bes
373 560 504 587 erroribus
529 553 632 581 Tibull.
650 560 667 582 ι,
686 561 713 583 4,
731 554 773 583 69.
842 550 957 576 Vulnera
985 557 1096 574 concaua
1126 544 1246 571 Scribon.
1266 551 1319 572 2.ιο-

287 592 316 634 !
336 605 347 629 3
385 598 430 622 Pro
451 598 552 619 munnere:
572 591 643 613 etiam
662 589 742 620 accipi
762 586 847 611 venunt
861 587 1031 612 Grammatici.

296 633 366 667 plere
394 631 516 656 minuere.
570 624 643 656 Virg-
659 624 674 647 6
688 624 771 654 (545)
798 621 949 653 Discedam,
963 619 1074 654 explebo
1094 625 1249 654 numerum,
1264 612 1321 640 red-

295 651 392 701 dat-qiu:
413 660 533 689 tenebris.
567 658 671 684 Seruius
684 657 716 682 ad
729 657 753 682 h.
766 659 782 682 l.
804 657 905 691 Expleho
925 656 960 682 est
979 656 1109 681 minuam:
1137 661 1196 678 nani
1216 657 1252 676 ait
1273 650 1321 675 En-

296 703 352 729 nius
361 721 367 732 ,
389 697 497 725 Nauibut
510 694 634 728 explebant
642 692 709 728 sese,
722 699 848 726 terrasque
861 691 998 726 replebant:
1026 698 1104 724 quem
1116 690 1200 722 Caper
1213 687 1322 716 seclum,

295 746 351 763 cum
365 735 394 759 de
407 730 597 764 Praepolitionc
613 731 646 754 Εμ-
661 727 795 757 trachret,
810 727 859 752 hoc
880 727 1025 760 exemplum
1045 725 1140 759 posuit.
1176 722 1264 748 Sensus
1283 728 1322 745 er-

297 781 328 806 go
348 769 400 798 est,
421 767 537 792 minuam
558 764 670 789 vestrum
693 771 830 788 numerum
866 776 911 781 —
948 762 1001 787 Alii
1015 761 1125 796 explebo,
1144 758 1211 784 male
1232 761 1322 791 putant
1341 766 1366 792 ¹5
1386 765 1418 789 ι3,
1432 766 1470 789 23.
1490 760 1508 783 i.
1526 758 1651 791 perficere.

295 804 430 837 complebo
449 802 513 832 effe,
538 800 691 825 vmbrarum
710 798 822 827 scilicet,
846 806 861 822 a
879 796 975 831 quibus
997 797 1154 827 discesserat,
1173 800 1322 831 minxerunt.

294 839 344 866 Alii
360 838 454 872 explebo
468 844 604 866 numinum,
620 834 712 860 dicunt
731 833 778 858 else
798 832 887 858 finiam
906 839 1008 866 tenipus
1027 832 1148 858 statutum
1164 834 1325 864 purgationi,

293 882 317 901 et
339 875 366 899 in
385 881 477 907 corpus
497 879 639 902 recurram,
653 876 698 895 etc.
734 867 780 895 Sed
791 867 815 901 Ji
831 865 887 902 post
899 875 991 894 veteres
1004 865 1135 903 magistros
1155 865 1245 900 hiscere
1257 864 1325 903 licet,

292 905 407 942 Explebo
416 906 690 941 numerumjignificat
701 903 800 938 implebo
814 912 937 929 numerum
949 912 1066 930 annorum
1073 902 1134 938 fato
1146 903 1207 926 mihi
1220 899 1324 934 affigna-

291 953 385 974 mrum,
406 945 478 969 donec
496 948 618 978 purgatus
631 943 699 976 jutis
718 943 744 965 in
765 941 838 965 lucem
854 945 876 964 et
892 941 970 964 vitam
988 937 1101 969 redeam,
1115 937 1193 967 hunc,
1215 938 1324 970 inquam,
1343 946 1378 964 20
1388 935 1458 961 Fani.
1475 943 1508 966 13,
1522 942 1560 968 27.

291 989 416 1006 numerum
429 988 546 1004 annorum
567 984 595 1002 vt
615 977 737 1011 expleam,
751 977 800 999 iam
819 973 853 1000 ad
866 973 976 999 tenebras
995 981 1018 999 et
1031 973 1127 1008 inferos
1140 971 1231 998 redibo.
1269 970 1324 995 Huc

292 1015 404 1051 referunt
421 1015 487 1040 Hor.
502 1014 589 1039 Carm.
604 1020 625 1044 2,
640 1019 666 1045 7,
680 1019 703 1036 21
740 1009 881 1036 Obliuioso
901 1008 971 1035 leuia
991 1009 1092 1034 Massico
1106 1007 1215 1034 ciboria
1235 1005 1324 1038 exple:

294 1049 383 1077 Funde
407 1049 542 1084 capacibus
557 1049 691 1081 Vnguenta
712 1044 826 1071 conchis.
863 1045 913 1070 Hic
928 1047 1001 1070 etiam
1017 1045 1083 1070 nihil
1095 1042 1137 1076 cst,
1152 1042 1214 1078 quod
1228 1041 1257 1066 de
1269 1049 1324 1066 con-

287 1086 361 1123 sueta
380 1085 563 1122 fignificauom*
582 1081 747 1117 discedamus:
768 1080 847 1114 Exple
865 1079 897 1113 est
917 1081 989 1114 imple
1003 1079 1036 1105 ad
1048 1089 1104 1106 oras
1119 1079 1190 1114 usque
1207 1077 1325 1113 summas.

293 1121 421 1148 Laudatur
438 1129 514 1155 porro
534 1119 601 1144 Ter.
617 1119 679 1143 Hec.
693 1124 716 1148 5,
732 1124 751 1147 1,
766 1124 795 1148 29
819 1116 866 1141 Eas
885 1114 917 1141 ad
935 1115 1059 1141 mulieres
1072 1114 1121 1140 huc
1137 1115 1223 1144 intro,
1249 1118 1326 1145 atque
1342 1122 1373 1148 25
1388 1112 1416 1138 de
1428 1112 1569 1147 Aesculapio
1582 1116 1609 1138 in
1621 1112 1758 1148 serpentem
1778 1118 1885 1141 mutato,
1905 1126 1950 1130 —
1968 1110 2031 1137 deus
2047 1111 2158 1145 explicat
2170 1111 2258 1143 orbes,
2270 1117 2315 1138 etc.

292 1157 358 1183 istuc
373 1154 553 1181 iusiurandum
569 1153 638 1179 ideni
653 1152 795 1177 Polliceare
809 1151 875 1177 illis:
901 1151 974 1184 exple
985 1150 1102 1176 animum
1117 1150 1148 1175 iis
1158 1169 1165 1181 ‚
1179 1155 1257 1182 teque
1275 1146 1325 1172 hoc

294 1192 404 1218 crimine
427 1189 526 1224 expedi.
563 1189 696 1217 Donatus,
716 1188 818 1221 Explere
839 1195 888 1220 pro
909 1186 1049 1212 Exinanire
1062 1186 1258 1212 Terentianum
1280 1181 1325 1208 est.

294 1227 354 1258 Sed,
364 1234 425 1261 pace
438 1227 545 1254 Donati,
559 1233 605 1249 non
621 1229 737 1258 putamus
749 1224 793 1248 hoc
811 1222 870 1248 velle
888 1223 1046 1252 Terentium,
1059 1221 1107 1256 scd
1116 1228 1205 1256 ponere
1216 1219 1260 1244 hoc
1272 1226 1326 1243 ver-

293 1263 347 1288 bum
360 1271 406 1287 non
420 1263 470 1287 alia
485 1269 555 1295 quum
569 1258 684 1294 satiandi
696 1261 793 1283 notione
806 1264 849 1283 aut
861 1257 1056 1293 sinisfaciendi,
1070 1263 1098 1282 vt
1110 1255 1178 1281 modo
1192 1254 1327 1284 Animum,

595 416 655 442 Alio
674 412 831 446 geminatum
851 408 950 433 lumine
965 407 1059 433 vulnus
1094 403 1213 438 Expleuit
1227 402 1316 427 Tene·
1338 405 1352 430 5

1072 583 1144 608 Non.
1158 590 1186 615 4,
1202 582 1248 612 169
1273 579 1320 603 Ex·
1338 588 1367 606 10
1383 580 1466 613 Ligna
1487 580 1599 614 explicat
1619 586 1709 606 natura
1727 580 1754 606 in
1769 580 1898 608 tlanuuaS,
1916 581 1934 604 i.
1954 580 2062 614 Rejoluit
2079 581 2182 606 Lucrct.
2198 589 2223 612 2,
2236 585 2284 609 881.

1905 102 1917 114 ι

1766 170 2033 213 ΕΧΡ
2339 179 2404 224 523

1377 270 1449 293 rem,
1468 261 1601 288 tabellarii
1622 269 1635 286 a
1650 259 1726 286 vobis
1745 265 1881 286 venerunt.
1920 261 1965 287 Sed
1977 261 2017 287 hic
2030 261 2223 296 Complicarem
2242 261 2328 289 habent
2341 261 2405 287 codi-

1377 306 1414 322 ces
1428 296 1554 323 einrndati.
1623 296 1759 322 Fabricam
1778 302 1885 321 naturae
1905 296 2087 324 incredibilem
2108 297 2162 323 Cic.
2180 297 2210 323 de
2225 297 2259 323 N.
2274 297 2303 322 D.
2317 305 2342 328 2,
2357 301 2403 328 ¹38·

1380 332 1478 358 Forum
1493 333 1524 358 ad
1538 332 1619 358 alium
1634 332 1720 357 locuni
1736 330 1806 357 Idem
1822 331 1874 356 Att.
1889 341 1917 364 4,
1931 340 1963 364 ις.
2035 334 2158 359 Frontem
2177 332 2305 358 solicitam
2323 332 2404 366 expli-

1383 376 1474 399 cuere,
1488 375 1515 393 ot
1535 371 1583 394 iam
1603 377 1649 393 non
1668 366 1754 403 rugoja
1768 365 1804 399 fit
1825 367 1892 392 Hor.
1906 368 1992 394 Carni.
2007 376 2029 401 3,
2045 376 2082 400 29,
2098 370 2134 393 16.
2204 367 2419 401 intelligentiam·

1381 402 1511 436 explicare
1524 410 1601 438 atque
1615 409 1736 429 excutere
1751 402 1804 428 Cic.
1819 401 1871 427 Off.
1886 411 1906 433 3,
1921 407 1954 431 81.
2023 403 2267 437 Interpretationem
2289 403 2360 429 Idem
2373 402 2407 429 de

1382 437 1472 464 Diuin.
1499 447 1518 471 1,
1538 447 1575 470 39.
1645 439 1714 470 lter,
1733 441 1750 463 i.
1773 437 1890 471 perficere
1909 436 1972 463 Plin.
1995 438 2072 472 Epist.
2087 444 2108 468 8,
2123 446 2142 470 1,
2156 447 2172 464 1.
2242 439 2319 464 Latus
2343 446 2406 465 num

1381 473 1663 507 explicuitTyphoeus
1680 473 1779 500 reiefto
1800 478 1889 498 monte
1907 473 1964 499 Seri.
1978 473 2087 506 Thyest.
2102 479 2158 506 809.

2230 474 2310 507 Leges
2329 474 2407 499 inter-

1382 508 1479 542 pretari
1492 517 1517 534 et
1529 509 1658 543 explicare
1673 510 1728 535 Cic.
1745 508 1853 542 Philipp.
1867 516 1893 539 9,
1930 527 1937 533 .
1974 527 1980 534 .

2036 510 2164 543 Legiones
2177 509 2248 535 Caes.
2258 509 2284 535 Β.
2294 509 2323 534 C.
2333 517 2357 541 2,
2366 510 2408 534 26.
2417 505 2426 510 ’
2447 507 2449 509 ’

1383 544 1422 570 De
1435 543 1537 570 duobus
1551 544 1689 578 generibus
1703 544 1794 579 primis
1803 564 1811 576 ,
1830 543 1914 569 tribus
1927 543 2015 569 Libris
2027 545 2166 579 explicauit
2179 545 2249 570 Idem
2264 544 2315 570 Off.
2329 552 2341 576 3
2356 551 2408 569 c.2.
2422 556 2425 562 «

2354 578 2409 605 Cic.
2448 575 2449 581 ¹

1384 616 1458 641 Verr.
1473 618 1549 647 2,156
1587 615 1713 641 Omnium
1735 617 1885 641 Praetorum
1906 614 2020 645 LiteraS,
2046 615 2093 649 qui
2111 622 2169 642 ante
2184 616 2290 641 fuerunt
2310 614 2411 649 profer,

1384 650 1498 684 explica:
1526 650 1544 676 si
1567 659 1646 676 vnum
1670 650 1817 680 inueneris,
1836 659 1883 683 ego
1896 649 1944 675 hoc
1962 649 2022 682 tibi,
2035 651 2254 684 quemadmodum
2274 651 2301 676 in
2317 649 2410 676 tabulis

1385 686 1508 720 scriptum
1530 684 1626 717 habes,
1645 685 1681 711 ita
1699 686 1796 719 gestum
1816 686 1863 711 eii'e
1882 685 2030 723 concedam.
2098 687 2185 712 Luxus
2203 688 2262 712 suos
2275 685 2433 719 Cleopatra‘

1385 722 1509 756 explicuit
1524 722 1620 747 Lucan.
1636 729 1671 751 10,
1681 729 1735 754 109.
1754 724 1771 747 i.
1791 722 1976 754 instrumentum
1990 721 2093 756 epulare.
2162 722 2283 748 Mandata
2297 721 2351 747 Cic.
2361 721 2413 746 Att.

1583 757 1586 758 ⁷
1724 757 1797 782 Mare
1815 756 1952 783 turbidum
1964 757 2113 792 intelligitur
2122 758 2189 792 apud
2201 758 2257 784 Seu.
2266 758 2344 782 Herc.
2352 756 2413 782 Oet.

1386 793 1402 820 s.
1416 802 1434 825 4
1450 800 1498 827 pro
1516 793 1652 820 Turbatum
1666 799 1804 826 componere
1818 799 1840 818 ct
1849 793 1964 827 serenare
1973 811 1980 822 ,
2000 798 2023 818 et
2037 793 2095 827 qua]
2128 800 2269 828 orrugatum
2283 788 2414 826 explicare.¹
2425 811 2429 818 .

1386 829 1501 854 Mentem
1517 828 1605 854 verbis
1624 828 1679 853 Cic.
1695 827 1721 852 in
1733 827 1806 853 Orat.
1822 831 1870 853 116.
1938 828 2009 853 Hirt.
2030 827 2057 853 B.
2072 827 2146 853 Alex.
2160 836 2188 860 14
2216 829 2286 854 Inter
2300 827 2345 853 has
2361 827 2413 861 spa-

1386 863 1452 889 tium
1471 863 1721 898 quadringentorum
1742 864 1855 896 pall‘uum
1874 863 1994 897 reliquit,
2015 862 2086 897 quod
2105 863 2163 889 satis
2175 864 2222 888 else
2242 863 2274 889 ad
2286 862 2416 897 explican-

1387 899 1430 925 das
1452 900 1540 926 Naues
1565 898 1712 924 videbatur.
1783 898 1928 931 Negotium
1949 898 2079 932 explicare
2100 905 2179 933 atque
2203 898 2326 932 expedire
2358 897 2417 923 Cic.-

1616 934 1694 960 Nihil
1708 933 1839 966 explicare
1851 935 1947 967 possum
1962 933 2070 960 consilio
2090 934 2161 960 Idem
2176 931 2228 960 Att.
2243 943 2269 966 9,
2283 936 2307 960 6.
2359 931 2439 959 No··'‘

1385 979 1444 996 men
1465 970 1503 996 Id.
1517 971 1569 995 Att.
1591 978 1624 1001 ι3,
1644 978 1683 1001 29.
1702 973 1719 995 i.
1730 969 1914 1004 Joluere;qzcod
1928 969 2041 1001 debetur,
2055 970 2094 996 vel
2110 970 2256 1005 solutionem
2272 969 2430 1004 procuratu

1388 1006 1526 1032 Orationes
1539 1006 1648 1031 Graecas
1663 1006 1824 1031 summorum
1838 1005 1981 1031 Oratorum
1998 1005 2054 1031 Cic.
2069 1002 2100 1031 de
2114 1006 2188 1031 Orat.
2202 1013 2221 1036 1,
2236 1012 2284 1037 153.
2352 1003 2419 1030 Ora-
2432 1014 2438 1033 ς

1388 1041 1488 1067 tionem
1502 1041 1606 1074 longam
1625 1047 1650 1066 et
1666 1040 1753 1066 verbis
1765 1039 1841 1066 valde
1861 1039 1937 1066 bonis
1951 1041 2080 1074 explicare
2099 1040 2173 1066 Idem
2186 1040 2217 1067 de
2230 1041 2258 1066 L.
2274 1040 2335 1073 Agr.
2348 1047 2373 1071 2,
2386 1046 2420 1071 13.
2441 1042 2445 1043 ⁷

1387 1076 1472 1102 Orbes
1485 1077 1631 1111 explicare,
1650 1076 1766 1102 dicuntur
1782 1076 1909 1111 serpentes
1933 1085 2003 1111 quum
2024 1083 2112 1110 repunt
2129 1075 2211 1102 Ouid.
2231 1076 2295 1102 Met.
2316 1082 2351 1107 ις,
2368 1081 2421 1109 720

2371 1110 2423 1136 Or·

1389 1147 1461 1173 dines
1474 1147 1533 1173 Liu.
1547 1156 1570 1177 2,
1583 1151 1617 1181 46
1632 1155 1654 1173 et
1671 1155 1709 1181 37.
1780 1144 1893 1173 Ordines
1906 1153 2054 1180 temporum
2069 1148 2124 1173 Cic.
2138 1146 2169 1172 de
2178 1146 2247 1173 Clar.
2255 1147 2329 1172 Orat.
2349 1164 2356 1171 .
2381 1163 2387 1170 .
2414 1143 2435 1174 ,ξ

1390 1183 1459 1208 Suet.
1474 1183 1573 1208 Domit.
1586 1193 1607 1209 c.
1626 1192 1650 1209 12
1682 1183 1777 1216 Neque
1792 1191 1824 1208 co
1839 1183 1919 1208 secius
1936 1182 1964 1207 in
1978 1182 2137 1217 explicandis
2156 1182 2282 1208 oneribus
2297 1178 2433 1207 omnibus

1391 1218 1524 1250 haereret,
1543 1220 1562 1244 i.
1581 1221 1686 1253 pecunia
1708 1218 1880 1252 comparanda.
1917 1219 2008 1252 Nempe
2027 1218 2121 1244 dicitur
2142 1221 2216 1243 etiam
2229 1217 2364 1251 Explicare
2380 1216 2438 1241 Pe.-

1392 1253 1512 1287 cuniam,
1530 1255 1594 1289 quod
1610 1255 1697 1280 Graeci
1716 1252 1856 1292 nogi'g'efioei,
1874 1254 1962 1279 Latini
1984 1254 2075 1279 Curare
2095 1253 2188 1279 dicunt.
2224 1251 2385 1279 Callistratus
2404 1249 2431 1276 Ιί

294 1296 471 1330 Cupiditatcs,
492 1294 671 1326 Desiderium,
697 1294 821 1325 Famem,
839 1294 956 1325 Ieiunia,
982 1292 1136 1318 Libidinem
1155 1298 1199 1316 etc.
1226 1288 1326 1322 expleri
1340 1303 1372 1326 30
1391 1298 1414 1321 3ι
1428 1290 1461 1315 D.
1474 1284 1547 1315 dere
1561 1289 1640 1315 indic.
1659 1289 1685 1315 Si
1706 1298 1751 1323 qui
1773 1295 1858 1315 tamen
1877 1297 1923 1323 per
1938 1288 2129 1315 contumaciam
2148 1288 2256 1322 magis,
2268 1296 2346 1322 quam
2360 1285 2426 1321 quia*

291 1333 409 1358 vidimus.
445 1332 494 1357 Par
509 1334 574 1356 ratio
587 1328 619 1362 est
634 1337 657 1361 ς,
671 1337 694 1360 2,
710 1337 738 1361 19
765 1328 820 1354 Illis
838 1327 918 1354 modo
938 1328 1014 1362 exple
1026 1328 1158 1353 animum:
1181 1326 1329 1359 Praesertim

293 1377 318 1393 v.
335 1376 361 1393 21
382 1368 393 1392 1
407 1372 483 1400 atque
503 1365 578 1399 exple
590 1365 708 1391 animum
725 1364 771 1394 iiS,
790 1370 818 1390 vt
832 1363 947 1390 credant.
983 1364 1120 1389 Maximam
1129 1361 1234 1396 speciem
1247 1359 1329 1390 habet,

309 1405 334 1428 ui
355 1409 433 1428 tamen
455 1401 558 1427 nondum
576 1401 622 1426 huc
640 1398 738 1426 trofius
757 1398 805 1431 est,
822 1398 887 1434 quod
900 1399 997 1434 sciam,
1024 1397 1103 1424 Ouid.
1123 1395 1208 1423 '1⁷'rist.
1222 1404 1250 1427 4,
1265 1402 1287 1433 3¹,
1301 1399 1329 1425 38

291 1412 416 1471 {xpletur
429 1436 557 1468 lacrimis,
572 1437 739 1470 egeriturque
752 1434 844 1460 dolor:
859 1434 935 1494 poffl't
948 1433 1029 1459 videri
1043 1432 1161 1466 expletur
1174 1438 1197 1457 et
1211 1436 1328 1464 egeritur

293 1472 335 1506 effe
350 1474 495 1506 Synonymtz.
533 1471 577 1498 Sed
590 1470 738 1496 adhibendus
751 1473 824 1495 etiam
842 1471 863 1502 ς]

295 1509 366 1534 casus
380 1517 386 1532 ε
405 1508 440 1533 est
459 1506 584 1542 quaedam
598 1507 660 1546 flerke
680 1505 806 1539 voluptas.
842 1504 927 1531 Dolor
939 1507 1021 1540 igitur
1035 1507 1062 1529 in
1076 1510 1192 1539 quantum
1206 1501 1286 1527 flendi
1298 1500 1330 1526 li-

293 1543 359 1570 bido
378 1541 409 1575 est
429 1543 561 1577 expletur3
582 1547 713 1576 egeritur,
726 1544 752 1566 in
772 1547 889 1576 quantum
900 1541 989 1566 molum
1002 1540 1122 1571 molestum
1136 1536 1178 1569 vll.
1219 1535 1329 1563 Tandem

294 1579 361 1605 Plin.
377 1586 409 1610 11,
425 1586 452 1610 19
462 1585 504 1614 pr.
521 1579 581 1613 legit
595 1577 756 1607 Horduinus,
775 1577 838 1601 Sunt
857 1581 882 1602 et
900 1575 988 1609 operis
1002 1574 1108 1606 morbi,
1122 1582 1181 1599 cuni
1195 1573 1269 1599 fauos
1287 1579 1328 1597 ex-

295 1613 367 1647 plent
388 1621 444 1647 apes
452 1623 461 1641 ,·
485 1613 573 1638 cleron
598 1618 702 1637 vocant.
746 1611 792 1637 Sed
814 1610 864 1646 ipse
882 1610 1028 1637 Harduinus
1052 1620 1099 1636 non
1120 1608 1191 1635 audet
1214 1608 1330 1634 damnare

889 1479 931 1495 ver
945 1479 972 1494 us
981 1471 1129 1503 proximus,
1146 1467 1243 1501 Fleque
1257 1473 1329 1491 meos
1347 1476 1371 1501 35
1391 1465 1471 1493 Ouid.
1487 1467 1578 1492 Amor.
1598 1474 1623 1496 2,
1642 1469 1668 1497 6,
1687 1472 1722 1497 55.

1390 1333 1444 1351 non
1469 1324 1558 1359 poss'int
1577 1324 1707 1359 explicare
1731 1324 1886 1356 Pecuniam,
1904 1323 2026 1350 differant
2046 1324 2217 1350 solutionem.
2233 1325 2252 1350 ἰ.
2273 1325 2304 1350 In
2322 1327 2457 1358 promtum

1390 1370 1438 1386 non
1451 1360 1564 1386 habeant.
1635 1361 1691 1386 Cic.
1704 1368 1730 1392 9,
1744 1368 1773 1392 25
1783 1367 1824 1394 pr.
1846 1357 1957 1385 Παιδείαν
1977 1360 2056 1394 Kv'fa,
2075 1369 2153 1394 quam
2168 1359 2325 1385 contrieram
2338 1359 2439 1391 legen-,³

1390 1395 1441 1428 do,
1465 1402 1547 1422 totam
1565 1396 1593 1421 in
1611 1394 1662 1421 hoc
1681 1395 1797 1429 imperio
1816 1395 1963 1429 explicaui,
1981 1398 2000 1421 i.
2021 1395 2054 1421 ad
2071 1395 2138 1430 usum
2157 1401 2180 1421 et
2199 1397 2278 1420 vitam
2292 1393 2426 1426 transtuli:

1390 1441 1450 1467 quae
1462 1431 1490 1457 de
1503 1432 1566 1465 Cyro
1579 1431 1712 1465 Xenophon
1725 1437 1841 1456 memorat
1850 1449 1858 1461 ‚
1877 1439 1919 1466 ego
1933 1430 1997 1465 feci.
2053 1431 2148 1457 Pennas
2163 1431 2218 1456 suas
2232 1429 2343 1463 explicat
2357 1435 2427 1463 pauo
2457 1436 2463 1460 ζ,

1796 1465 1992 1499 Philosophiam
2015 1466 2071 1492 Cic.
2083 1466 2114 1492 de
2127 1465 2217 1492 Diuin.
2231 1473 2256 1496 2,
2269 1467 2294 1491 6.
2364 1465 2426 1490 Pro—

1389 1502 1505 1528 vinciam
1520 1500 1644 1535 periculis
1657 1499 1769 1526 cindtam
1782 1500 1913 1526 celeritate
1927 1500 2028 1526 confilii
2041 1501 2170 1535 explicare
2183 1500 2255 1526 Idem
2271 1508 2318 1533 pro
2332 1499 2362 1525 L.
2370 1499 2426 1525 Ma·-

1389 1538 1436 1563 nil.
1450 1545 1490 1568 30.
1547 1537 1577 1561 Et
1590 1536 1662 1561 Fam.
1677 1542 1703 1568 7,
1717 1543 1729 1566 3
1759 1536 1821 1568 Qio
1840 1541 1958 1569 tempore
1971 1544 2013 1561 me
2026 1537 2061 1562 ita
2076 1535 2165 1561 vidisti
2179 1534 2378 1566 conturbatum,
2397 1538 2426 1560 vt

1390 1581 1444 1598 non
1466 1571 1625 1604 explicarem
1639 1570 1713 1603 Qud
1727 1570 1784 1595 esset
1804 1570 1934 1603 optimum
1947 1571 2034 1603 faeni,
2050 1574 2068 1596 i.
2084 1570 2229 1602 constituere
2249 1578 2278 1596 ac
2300 1569 2425 1596 decernere

1390 1617 1439 1633 non
1453 1605 1550 1642 poſjim.
1622 1606 1761 1631 Rationem
1780 1604 1843 1631 belli
1869 1606 1924 1632 Cic.
1939 1606 1971 1631 de
1984 1606 2104 1632 Prouinc.
2117 1606 2195 1632 Cons.
2209 1612 2245 1638 35.
2313 1604 2424 1638 Reliqua

295 1651 399 1675 omnium
420 1647 537 1674 editorum
555 1646 683 1673 iel-‘tionem
695 1654 747 1671 non
760 1646 879 1680 explent,
895 1648 935 1672 vel
956 1655 1010 1672 non
1032 1645 1150 1679 implent.
1187 1645 1256 1678 Qae
1277 1652 1329 1668 cum
1337 1651 1373 1675 40
1390 1651 1450 1668 mea
1471 1642 1600 1676 explicata
1618 1641 1675 1666 sunt
1697 1641 1752 1666 Cic.
1767 1641 1819 1666 Att.
1835 1643 1871 1672 16,
1884 1649 1905 1672 3.
1930 1644 1949 1673 i,
1971 1641 2131 1677 affignatum,
2145 1641 2218 1676 quid,
2231 1639 2323 1675 quando
2340 1641 2426 1674 cuique

293 1686 332 1709 ita
345 1682 416 1716 Jint,
436 1683 524 1708 nullum
538 1681 639 1716 firmum
647 1680 794 1715 praesidium
808 1682 958 1715 relinquitur
971 1682 1029 1707 huic
1047 1678 1184 1706 intelleflui
1197 1677 1332 1708 minuendi,

294 1725 395 1754 praeter
413 1717 508 1753 verfilm
522 1719 674 1747 Ennianum,
691 1718 717 1741 in
747 1725 774 1741 uo
788 1722 868 1742 tamen
881 1717 932 1741 alia
951 1714 1100 1749 construe-sio
1113 1724 1165 1741 cum
1179 1724 1228 1740 non
1241 1712 1332 1746 Exple-

296 1762 325 1780 re
339 1762 432 1779 naues.
447 1752 494 1788 sed
505 1752 614 1786 Explere
628 1752 652 1777 se
669 1751 730 1778 naui
752 1759 781 1776 us
805 1751 907 1776 dixerit.
1082 1748 1102 1784 fl
1121 1759 1139 1781 4
1175 1749 1331 1781 Explenunt‚

295 1789 401 1822 explent
412 1788 514 1814 Festus:
533 1794 562 1813 vt
580 1790 681 1821 antique
692 1785 803 1812 dixerint
816 1784 939 1820 Expleno.
976 1784 1067 1811 Plenus
1080 1783 1122 1817 effe
1138 1784 1182 1809 Gr.
1201 1783 1280 1811 πλέος,
1292 1790 1333 1806 no-

294 1830 355 1850 tum.
831 1841 835 1844 .

332 1865 347 1886 E
357 1865 374 1883 x
387 1862 402 1881 i>
413 1863 428 1881 L
438 1856 483 1881 ET
492 1861 513 1879 v
523 1860 553 1886 s,
571 1863 594 1884 a,
614 1863 668 1880 um.
687 1855 780 1881 Partic.
816 1853 1061 1889 [ἐκπεπληρωμέγος]
1097 1852 1233 1887 Expletum
1247 1858 1333 1877 onmi-

294 1893 344 1920 bus
357 1891 407 1917 suis
419 1888 537 1924 partibus
547 1889 614 1920 ‚siue
629 1889 752 1914 omnibus
767 1890 818 1914 suis
832 1890 949 1914 numeris
963 1889 1019 1914 Cic.
1034 1888 1066 1913 de
1079 1888 1137 1913 Fin.
1152 1895 1221 1918 3‚32.
1272 1885 1331 1918 Spe-

296 1928 391 1954 &ando
408 1925 523 1959 expletus
541 1923 626 1949 Catul.
647 1925 689 1954 62,
704 1925 763 1950 268.
833 1923 951 1955 Dapibus
977 1921 1093 1955 expletus
1113 1921 1202 1953 -Virg.
1224 1920 1288 1944 Aen.
1309 1926 1331 1948 3,

297 1966 354 1995 630.
426 1961 497 1987 Finis
510 1959 625 1993 expletus
639 1957 762 1991 pudoris,
781 1959 798 1982 i.
820 1958 1005 1982 Praeterierunt
1017 1958 1078 1980 anni
1091 1957 1253 2014 uirfinitatis
1270 1953 1332 1977 Stat.

298 1998 383 2024 Achil.
402 2006 421 2029 1,
440 2004 492 2028 291.
907 2026 911 2030 Ι
1035 2025 1039 2028 -
1165 2024 1169 2028 .
1263 2023 1267 2027 .

297 2033 410 2060 Mundus
425 2029 553 2065 perfe6hu
567 2035 591 2055 ct
605 2028 720 2062 expletus
736 2026 859 2052 omnibus
874 2027 926 2052 suis
937 2033 1053 2051 numeris
1066 2030 1090 2050 et
1105 2023 1222 2057 partibus
1237 2023 1293 2048 Cic.
1301 2021 1333 2047 de

298 2069 334 2096 N.
350 2069 380 2094 D.
396 2076 416 2097 2,
429 2075 458 2101 37
477 2075 498 2092 c.
515 2073 547 2097 13.
599 2063 672 2090 Idem
687 2062 719 2089 de
733 2062 792 2089 Fin.
805 2071 829 2091 2,
845 2066 878 2095 48
909 2060 996 2087 Habes
1017 2060 1135 2094 vndique
1153 2059 1282 2093 expletam
1305 2062 1332 2083 et

297 2103 438 2139 persec'tam
454 2101 594 2134 Torquate
612 2100 728 2125 formam
751 2097 900 2123 honestatis.
971 2096 1067 2122 Munus
1090 2095 1223 2121 amicitiae
1247 2093 1333 2132 exple-

300 2147 355 2166 tum
370 2139 398 2164 sit
416 2138 471 2164 Cic.
486 2136 517 2162 de
525 2135 630 2162 Amicit.
645 2136 687 2166 69.
758 2133 877 2159 Naribus
891 2138 1030 2165 corruptus
1042 2130 1144 2164 sanguis
1158 2129 1266 2164 expletis
1279 2128 1335 2153 ibat

297 2175 401 2201 Lucret.
415 2176 440 2205 6,
455 2180 522 2198 1201.
593 2167 683 2196 Plebes
695 2168 797 2202 expleta
813 2169 920 2194 quenc.
935 2176 958 2199 3,
970 2172 1006 2196 88.
1027 2169 1044 2192 i.
1066 2166 1193 2202 saturato.
1249 2199 1254 2204 ¹
1289 2199 1293 2202 -

298 2212 387 2237 Amor.
404 2217 429 2240 2,
445 2210 470 2238 6,
484 2212 497 2237 8
525 2205 633 2240 Expleta
649 2205 685 2230 est
703 2204 778 2230 annis
801 2203 847 2230 ista
867 2202 982 2236 Qierela
1002 2201 1062 2228 suis.
1134 2201 1195 2227 Vita
1213 2206 1296 2225 animi
1309 2203 1335 2224 et

297 2244 415 2279 corporis
436 2242 580 2269 virtutibus
599 2241 701 2275 expleta
720 2239 850 2274 expetitur
873 2239 928 2265 Cic.
942 2238 974 2264 de
987 2238 1045 2263 Fin.
1059 2244 1082 2271 ς,
1096 2244 1136 2270 37.
1207 2235 1336 2268 Voluptas

298 2281 400 2315 expleta
418 2278 497 2305 flendi
515 2278 576 2303 Stat.
589 2276 652 2302 Silu.
669 2284 691 2307 2,
709 2284 728 2307 1,
745 2283 777 2307 ις.

334 2323 350 2343 Ε
361 2324 378 2342 x
388 2322 402 2341 r
412 2321 499 2341 LE'ri
511 2318 530 2338 o
540 2332 549 2344 ,
569 2312 637 2338 onis.
664 2311 683 2337 f.
721 2308 902 2344 [ἕκπλήρωσις]
938 2308 994 2335 Cic.
1008 2307 1039 2333 de
1051 2307 1110 2334 Fin.
1125 2314 1147 2339 ς,
1162 2314 1197 2339 40
1214 2314 1237 2332 c.
1250 2313 1281 2339 ¹4
1306 2305 1336 2330 In

299 2360 330 2378 ea
345 2350 493 2385 expletione
505 2354 613 2374 naturae
627 2346 722 2372 summi
736 2345 801 2371 boni
815 2345 894 2370 finem
908 2343 1053 2374 consistere,
1068 2350 1112 2369 etc.
1331 2375 1335 2378 .

336 2393 351 2412 ις
362 2394 379 2413 x
390 2393 404 2412 P
413 2392 428 2411 L
438 2391 455 2411 r:
464 2391 487 2410 M
496 2390 512 2410 E
522 2391 543 2409 N
552 2390 602 2409 Tv
611 2389 652 2414 M,
670 2382 688 2407 i.
709 2390 734 2407 n.
770 2379 956 2413 [ἓκπλήρωμα]
993 2379 1051 2405 Sen.
1067 2377 1143 2412 Epist.
1159 2378 1291 2414 11:010)⁴
1311 2375 1339 2401 Si

300 2422 389 2449 scieris
407 2419 542 2447 cacumina
559 2418 704 2449 arborum,
729 2416 922 2450 explementum
946 2415 993 2440 ell'e
1013 2415 1122 2440 ventris.
1163 2412 1244 2438 Plaut.
1257 2410 1336 2437 Stich.

301 2467 322 2490 ι,
340 2466 361 2489 3,
381 2465 409 2489 19
437 2454 609 2482 Inanimcutis
633 2452 829 2488 explementum
853 2450 990 2485 quaerito,
1016 2453 1033 2475 i.
1058 2452 1154 2475 inanem
1174 2454 1281 2474 ventrem
1300 2455 1338 2472 rx-

297 2495 374 2530 plere.
842 2494 845 2495 ⁷

339 2531 585 2554 EXPLE'rivvs
600 2544 607 2554 ‚
624 2532 655 2556 a,
675 2531 729 2549 um.

304 2563 382 2590 Gloff.
397 2563 474 2595 Vet.]
488 2560 698 2587 Coniuneiiones
718 2557 863 2592 expletiuae
878 2556 968 2582 lfidor.
985 2564 1005 2588 1,
1020 2564 1052 2582 ιι.

338 2603 356 2624 13
366 2605 384 2624 x
393 2605 408 2623 r
418 2604 433 2622 L
444 2604 459 2622 E
470 2603 485 2622 B
495 2604 503 2622 1
513 2603 529 2621 L
537 2603 546 2621 1
556 2602 568 2621 s
578 2613 586 2624 ‚
605 2594 668 2620 vnde
688 2593 856 2627 inexplebilis
864 2612 871 2623 ,
890 2591 954 2627 quod
967 2591 1032 2617 uide.

341 2640 358 2660 ε
368 2640 386 2658 x
398 2638 414 2657 ι’
424 2639 439 2657 L
449 2629 459 2656 ἵ
470 2636 487 2656 C
500 2637 535 2661 o,
554 2630 583 2655 ui
596 2637 619 2654 et
632 2628 675 2653 aui
684 2647 692 2659 ,
713 2630 780 2654 'itum
799 2636 821 2653 et
838 2633 907 2653 atum
917 2647 924 2659 ,
943 2631 994 2653 ire.
1030 2624 1213 2659 [οἶγαπτῦσσω]
1251 2622 1340 2657 Expla.

306 2677 381 2698 nare,
398 2665 531 2693 Extendere
549 2670 620 2698 atque
633 2664 753 2688 Euolucre.
789 2663 870 2688 Plaut.
883 2663 941 2689 Mil.
957 2672 985 2694 4,
1000 2667 1024 2694 8,
1036 2669 1052 2695 7
1086 2662 1169 2686 Orant
1189 2666 1229 2691 te,
1242 2665 1270 2684 vt
1288 2666 1340 2690 eaS,

306 2709 400 2731 ventus
419 2709 526 2735 operam
545 2699 607 2724 duni
626 2697 685 2728 dat,
703 2703 731 2722 vt
748 2697 836 2722 velum
854 2697 993 2731 explicent.

308 2739 357 2765 Sed
370 2737 454 2764 trudit
466 2743 579 2770 gemmas
588 2753 596 2766 ,
612 2738 638 2759 et
651 2731 758 2758 frondes
778 2732 890 2764 explicat
904 2740 1003 2757 ornnes.
1074 2733 1110 2756 Dc
1119 2733 1256 2756 Praeterito
1270 2730 1344 2755 huius

308 2774 394 2805 uerbi,
414 2771 481 2798 Gell.
498 2779 516 2801 ι,
528 2778 544 2804 7
557 2769 605 2805 fin.
628 2767 714 2794 laudat
732 2768 808 2793 iocum
827 2765 884 2791 Cic.
904 2774 952 2799 pro
968 2767 996 2791 L.
1012 2765 1103 2791 Manil.
1118 2774 1148 2797 30
1167 2775 1188 2791 c.
1205 2775 1222 2790 ιι
1252 2763 1344 2789 Testis

311 2809 347 2835 est
360 2807 466 2838 Sicilia,
484 2814 562 2841 quam
581 2803 670 2830 inultis
683 2801 799 2835 vndique
813 2800 925 2827 cinciam
944 2800 1066 2834 periculis
1082 2809 1134 2825 non
1155 2807 1255 2825 terrore
1270 2798 1345 2830 belli,

310 2844 354 2871 sed
368 2843 501 2870 celeritate
516 2839 619 2867 consilii
632 2837 791 2872 explicauit,
804 2843 827 2862 et
841 2836 954 2871 subiicit.
990 2836 1129 2869 Explicouit
1144 2834 1231 2860 dicere
1243 2833 1345 2863 maluit,

331 2888 390 2906 uani
405 2879 545 2912 Explicuit,
562 2873 635 2909 quod
647 2874 695 2899 effe
709 2873 761 2898 iam
774 2871 890 2898 vsitatius
903 2876 1023 2904 coeperat
1057 2884 1102 2889 -——
1138 2870 1170 2894 At
1190 2868 1207 2894 si
1223 2869 1347 2902 Explicuit

312 2890 427 2946 diceret,
447 2911 604 2947 imperfmfito
620 2915 645 2935 et
663 2908 744 2935 debili
765 2915 877 2933 numero
895 2906 1038 2932 verborum
1058 2905 1134 2930 sonus
1158 2903 1305 2933 clauderet,
1321 2905 1345 2941 .¹'-

311 2948 470 2978 blaudicaret.
540 2946 616 2972 Oros.
629 2952 646 2980 7
658 2951 722 2970 extr.
761 2942 880 2976 Explicui
902 2957 947 2961 ——
968 2941 1001 2967 ab
1021 2939 1100 2966 initio
1114 2938 1206 2964 mundi
1220 2939 1300 2972 vsque
1319 2945 1348 2963 in

313 2985 473 3021 praesentem
485 2982 554 3009 diem
590 2996 635 3000 —-
670 2978 833 3013 Cupiditates
846 2983 871 3004 et
883 2977 1032 3011 punitiones
1046 2974 1184 3001 hominum
1207 2989 1251 2994 ——
1268 2981 1348 3012 quam

312 3019 481 3051 breuissime,
501 3024 526 3044 et
545 3025 622 3051 quam
642 3013 824 3049 simplicissime
841 3013 926 3046 potui.
1006 3011 1154 3045 Memphora
1172 3008 1347 3045 consuetfflmm

306 3056 348 3084 *ad
359 3057 481 3082 orationis
492 3055 630 3080 claritatem
644 3051 763 3086 refertur.
1014 3083 1017 3085 Ι
1120 3081 1123 3085 Ι
1276 3081 1280 3085 .

315 3094 359 3119 sus
371 3091 516 3124 haec,quae
530 3087 673 3114 marciami
686 3092 711 3112 et
723 3083 872 3119 peranguste
887 3082 1002 3114 refersit,
1012 3091 1038 3107 in
1058 3088 1180 3108 oratione
1200 3082 1241 3106 sua
1256 3080 1348 3105 dilatet

315 3128 393 3155 nobis
413 3132 489 3160 atque
503 3124 625 3158 explicet.
696 3123 791 3155 Aperte
810 3125 835 3145 et
849 3118 923 3152 plane
942 3117 1042 3152 aliquid
1061 3117 1190 3151 explicare
1205 3116 1259 3143 Cic.
1272 3116 1348 3141 Verr.

311 3172 332 3190 «α,
345 3172 367 3189 c.
381 3164 425 3195 64.
601 3156 620 3194 ff
642 3165 657 3183 2
693 3156 739 3183 Sed
757 3154 868 3189 latiffime
883 3161 955 3189 patet
975 3153 1031 3187 usta
1049 3153 1120 3178 huius
1134 3153 1217 3183 verbi,
1232 3151 1297 3187 quod
1313 3159 1349 3176 co-

316 3204 417 3234 gnatam
431 3198 482 3222 vim
501 3197 573 3220 etiam
588 3193 659 3220 habet
678 3193 753 3218 alteri
765 3190 909 3224 Expedite,
926 3196 949 3214 et
963 3188 1090 3213 adhibetur
1102 3200 1107 3212 i
1119 3191 1194 3214 uotics
1212 3186 1309 3222 aliquid
1321 3195 1348 3211 cx

1250 2162 1333 2189 Ouid.
1348 2173 1376 2200 55
1396 2164 1522 2190 derentur
1536 2172 1551 2189 a
1566 2163 1686 2197 Scipione
1707 2163 1830 2198 explicati
1845 2164 1911 2192 sunt.

1045 2696 1119 2729 Virg.
1133 2697 1229 2729 Georg.
1250 2702 1282 2725 2,
1302 2701 1384 2736 33370
1403 2704 1455 2730 que
1469 2695 1590 2722 omnium
1603 2702 1734 2728 exponere
1748 2693 1804 2720 Cic.
1817 2694 1907 2719 Diuin.
1922 2695 1998 2721 Verr.
2010 2702 2054 2729 27.

1356 2882 1388 2909 75
1407 2869 1522 2896 Martial.
1537 2878 1576 2901 ιιι,
1590 2877 1599 2895 ι
1612 2877 1675 2895 extr.
1695 2869 1817 2896 Versibus
1831 2871 1983 2905 explicitum
1997 2872 2032 2897 est
2045 2881 2123 2898 omne
2137 2870 2237 2896 duobus
2249 2878 2324 2903 opus.

1387 1679 1510 1714 soluatur.
1581 1677 1647 1703 Rem
1659 1675 1777 1702 dictione
1790 1675 1862 1702 Idem
1876 1675 1988 1702 deOrat.
2025 1696 2031 1702 .
2069 1696 2076 1703 .

1394 1713 1462 1739 dabo
1477 1714 1558 1739 Plaut.
1570 1712 1659 1738 Pseud.
1672 1723 1699 1745 4,
1714 1720 1734 1743 1,
1751 1718 1783 1741 18.
1852 1711 2052 1746 Rempublicam
2065 1711 2178 1739 liberare
2192 1718 2217 1738 et
2229 1710 2359 1744 explicare
2371 1708 2428 1735 eie.

1387 1749 1467 1773 Fam.
1481 1756 1516 1779 12,
1528 1755 1564 1778 ²3·
1635 1747 1684 1772 Res
1717 1747 1788 1772 Caes.
1804 1747 1832 1772 B.
1850 1748 1879 1773 C.
1893 1755 1914 1778 3,
1928 1755 1968 1781 75.
1991 1751 2008 1773 i.
2027 1747 2155 1783 perficere.
2225 1747 2280 1773 Cic.
2293 1746 2345 1771 Att.
2359 1749 2384 1776 8,
2396 1748 2430 1775 36

1395 1783 1460 1807 Rem
1479 1780 1615 1807 difficilem
1633 1788 1711 1814 atque
1729 1781 1956 1814 inexplicabilem!
1977 1783 2060 1816 Atqui
2078 1782 2229 1817 explicanda
2250 1782 2294 1807 est.
2314 1783 2334 1806 i.
2354 1776 2451 1850 confi-‘q

2131 1677 2195 1702 Rem
2210 1675 2362 1709 explicatam
2374 1673 2432 1702 tibi

1314 1849 1320 1854 ·
1339 1826 1373 1851 45
1392 1817 1452 1842 lium
1470 1815 1613 1850 capiendum
1636 1814 1683 1847 est,
1701 1824 1747 1839 non
1764 1817 1821 1840 lieet
1842 1815 1947 1847 differre
1961 1817 2165 1842 deliberationem.
2203 1818 2233 1842 Et
2246 1815 2358 1850 Elliptice
2372 1814 2429 1840 Cic.

1393 1852 1447 1877 Att.
1462 1859 1499 1882 12,
1512 1859 1545 1882 29
1580 1850 1619 1876 De
1634 1849 1718 1876 hortis
1740 1849 1833 1883 (rem)
1851 1851 1947 1883 quaeso
1965 1851 2073 1885 explica.
2134 1848 2263 1882 Scholam,
2279 1859 2350 1885 quam
2363 1857 2428 1874 nunc
2448 1857 2449 1861 ¹

1392 1885 1519 1912 leHionem
1543 1886 1583 1910 vel
1597 1884 1785 1918 praeieftionem
1813 1884 1917 1910 dicimus
1933 1886 1988 1911 Cic.
2004 1885 2036 1912 de
2050 1886 2107 1912 Fin.
2122 1895 2147 1918 2,
2163 1895 2181 1912 1.
2210 1886 2266 1912 Vid.
2293 1890 2431 1911 SCHOLA.

1394 1919 1542 1950 Laborant‚
1567 1918 1684 1951 (tester)
1708 1918 1930 1951 quemadmodum
1952 1921 1982 1945 Se
2003 1921 2134 1953 explicent
2160 1920 2271 1946 dicendo
2303 1920 2357 1946 Cic.
2380 1927 2432 1953 pro

1394 1954 1477 1980 Flacc.
1490 1961 1511 1977 c.
1527 1962 1554 1985 4.
1610 1952 1684 1977 Idem
1697 1953 1749 1977 Att.
1765 1959 1787 1982 ς,
1804 1960 1828 1976 12
1840 1954 1937 1984 ,Qiare
1951 1953 1983 1978 da
1995 1963 2119 1987 operam,
2135 1954 2152 1980 fi
2168 1956 2220 1981 vlla
2234 1955 2337 1981 ratione
2350 1955 2430 1981 etiam

564 1995 639 2020 Fines
670 1991 768 2026 expleti
799 1990 909 2016 humani
940 1989 1000 2016 aeui
1024 1989 1084 2015 Stat.
1105 1989 1130 2015 Si
1143 1998 1168 2014 u.
1190 1996 1211 2020 ς,
1233 1996 1252 2018 ι,
1271 1989 1372 2023 26o.50
1393 1996 1463 2014 nunc
1476 1985 1579 2013 efficere
1592 1990 1681 2020 potes,
1694 1992 1722 2012 vt
1736 1992 1761 2011 te
1773 1986 1904 2020 explices,
1916 1995 1945 2013 vt
1959 1987 2008 2013 huc
2022 1998 2100 2023 quam
2114 1990 2229 2024 primuni
2243 1990 2340 2021 venias,
2359 1993 2377 2017 i.
2391 1999 2430 2016 ex-

1387 2022 1479 2059 pedias
1492 2024 1607 2057 negotiis.
1661 2023 1692 2048 Et
1706 2022 1782 2047 Verr.
1797 2029 1820 2054 ς,
1834 2030 1870 2054 151
1884 2031 1905 2048 c.
1920 2027 1947 2054 58
1984 2023 2011 2049 Si
2030 2039 2069 2043 —
2093 2033 2123 2050 ex
2136 2025 2176 2051 his
2189 2025 2291 2060 laqueis
2307 2031 2332 2052 te
2351 2032 2434 2051 exue-v

1394 2059 1448 2090 ris,
1468 2067 1496 2084 ac
1508 2065 1533 2084 te
1547 2057 1635 2091 aliqua
1654 2057 1683 2083 vi
1696 2063 1721 2083 et
1743 2056 1846 2083 ratione
1862 2058 2014 2091 explicaris:
2034 2059 2060 2085 in
2075 2059 2131 2086 illas
2149 2061 2201 2087 tibi
2213 2061 2326 2087 maiores
2343 2060 2429 2095 plaga:

1395 2092 1566 2120 incidendum
1579 2092 1627 2125 cst.¹
1679 2093 1739 2119 Liu.
1752 2093 1820 2126 Epit.
1835 2101 1870 2127 49
1900 2094 1968 2120 Cum
1987 2095 2120 2129 negleuos
2137 2096 2170 2122 ab
2183 2105 2233 2123 vna
2254 2102 2325 2131 parte
2338 2103 2427 2122 muros
2462 2094 2463 2101 ¹

1396 2129 1449 2155 duo
1464 2127 1566 2155 tribuni
1581 2136 1640 2153 cum
1653 2127 1808 2154 cohortibus
1818 2128 1987 2163 irrupissent,
2004 2137 2030 2156 et
2043 2130 2076 2157 ab
2090 2132 2228 2166 oppidanis
2248 2132 2363 2167 grauiter
2375 2138 2432 2163 eaeq
2474 2143 2475 2149 ι

1964 2165 2023 2192 sen.
2036 2166 2068 2193 de
2080 2167 2186 2202 Tranq.
2201 2168 2290 2194 A'niin.
2305 2176 2326 2193 c.
2342 2175 2354 2192 2
2381 2163 2435 2196 Ati-3·
2477 2177 2479 2181 ⁴

1397 2208 1508 2225 moneor
1530 2200 1652 2233 exemplo
1670 2200 1830 2234 eorum‚qui
1852 2209 1884 2226 ex
1907 2200 1984 2234 longa
1998 2208 2023 2228 et
2042 2203 2118 2236 graui
2139 2204 2290 2230 valetudine
2310 2199 2442 2236 explicati.

1397 2235 1568 2261 motiunculis
1584 2234 1740 2270 lenibusque
1759 2235 1866 2261 interim
1888 2236 1989 2262 offensis
2000 2237 2219 2271 perstringuntur.
2271 2237 2402 2264 Sententia

1397 2270 1527 2304 Quinctil.
1542 2279 1566 2302 2,
1581 2278 1615 2303 ις.
1652 2271 1707 2297 Cic.
1721 2270 1753 2296 de
1767 2270 1857 2297 Diuin.
1870 2280 1891 2303 1,
1910 2273 1934 2297 6.
2004 2272 2152 2306 Serpentem
2172 2272 2319 2307 explicare,
2338 2270 2370 2305 est

1397 2306 1477 2333 cidere
1485 2306 1629 2342 serpentem.
1666 2307 1783 2333 Mortuus
1798 2310 1861 2332 enim
1868 2306 1972 2340 serpens
1985 2309 2138 2342 explicatur,
2159 2315 2182 2334 et
2194 2312 2222 2334 iu
2235 2310 2333 2343 longum
2347 2314 2407 2343 por-

1343 2347 1378 2372 60
1396 2345 1475 2377 gitur.
1510 2342 1606 2367 Lucan.
1620 2349 1642 2374 ς,
1657 2347 1688 2371 80
1708 2341 1799 2367 Adhuc
1811 2341 1920 2367 rudibus
1929 2342 2009 2369 Paean
2022 2343 2138 2374 Pythona
2154 2343 2253 2376 sagittis
2287 2342 2434 2376 Explicuit..
2474 2335 2479 2337 Δ

1398 2378 1453 2403 Cic.
1470 2378 1521 2403 Att.
1536 2384 1570 2409 ις,
1582 2385 1615 2402 zo
1635 2376 1692 2403 Nisi
1708 2376 1833 2411 explicata
1845 2377 1982 2403 Solutione
1994 2387 2047 2404 non
2063 2379 2117 2404 sum
2131 2377 2291 2410 discessuris,
2306 2380 2324 2403 i.
2353 2378 2427 2402 olueis

1396 2414 1514 2448 reliquis,
1533 2419 1597 2438 certe
1621 2415 1658 2438 ita
1678 2412 1824 2447 asstgnafis,
1850 2419 1879 2438 vt
1900 2416 2009 2439 contenti
2022 2412 2078 2447 Jint
2100 2413 2243 2440 creditores.
2341 2419 2424 2438 urmes

1398 2457 1488 2474 omnes
1510 2447 1635 2482 explicuit
1657 2448 1750 2474 Caesar
1766 2448 1861 2474 Lucan.
1882 2450 1907 2478 6,
1926 2456 1952 2481 9.
2023 2449 2080 2475 Cic.
2094 2449 2170 2476 Verr.
2189 2449 2258 2482 4‚⁴‘61
2297 2446 2350 2473 Vbi
2366 2455 2424 2472 cum

1398 2483 1533 2518 equitibus
1547 2484 1623 2509 Rom.
1637 2483 1696 2509 illos
1714 2483 1852 2510 Verrutios
1869 2498 1915 2503 -—-
1933 2483 2111 2517 explicabani,
2128 2488 2146 2511 i.
2167 2486 2234 2510 uelut
2253 2493 2282 2509 ex
2296 2483 2373 2517 plicis
2390 2489 2430 2507 υιι.

765 2521 824 2548 Adi.
860 2520 1067 2554 [Expletiuum,
1085 2515 1381 2555 παραπληρωματικδνᾰς
1390 2517 1470 2552 stium
1501 2521 1610 2544 minutas
1630 2517 1756 2550 bestiolas,
1781 2521 1819 2543 ita
1839 2518 1894 2544 illos
1916 2518 1945 2544 dc
1963 2520 2078 2546 latibulis
2092 2520 2151 2556 sicis
2173 2526 2282 2546 excutere
2295 2516 2442 2556 studebam.-

1402 2554 1506 2580 Vestem
1526 2553 1582 2580 Cic.
1604 2552 1636 2578 de
1651 2553 1724 2580 Orat.
1742 2561 1762 2584 1,
1788 2556 1834 2580 161.
1905 2555 1961 2579 Cic.
1998 2573 2004 2579 .
2039 2574 2048 2580 .
2085 2573 2092 2580 .
2128 2556 2203 2588 Quae
2224 2555 2314 2580 virtus*
2331 2555 2441 2586 praeter«

1400 2596 1526 2619 caeteras,
1543 2594 1625 2614 totam
1644 2589 1670 2614 se
1690 2588 1722 2614 ad
1740 2588 1838 2614 alienas
1856 2588 1982 2615 vtilitatcs
2004 2590 2118 2623 porrigit
2137 2598 2215 2624 atque
2236 2587 2357 2622 explicat.
2375 2587 2400 2613 h.
2413 2595 2434 2612 e.

1405 2626 1470 2652 Tota
1489 2622 1521 2656 est
1542 2627 1569 2650 in
1586 2625 1675 2649 ahenis
1691 2623 1853 2649 utilitatibus.
1922 2624 2011 2650 Vitam
2029 2624 2141 2650 alicuius
2156 2623 2241 2651 'totam
2256 2623 2387 2658 explicare
2399 2627 2442 2651 att-„t

1402 2669 1454 2695 que
1468 2668 1525 2686 eam
1539 2667 1592 2684 non
1608 2658 1688 2684 niodo
1701 2659 1730 2684 in
1747 2658 1842 2683 animis
1858 2657 1975 2684 Indicum
1985 2659 2043 2691 ,sed
2055 2660 2135 2686 etiam
2147 2660 2176 2685 in
2189 2660 2273 2686 oculis
2287 2652 2446 2692 conspeetussfl

2124 2695 2240 2722 Martial.
2254 2704 2274 2728 1,
2286 2703 2301 2721 2
2326 2693 2419 2720 Claudi
2438 2699 2439 2702 ¹

2044 2729 2131 2756 Vndas
2147 2731 2266 2765 spatiosas
2287 2731 2314 2756 in
2326 2729 2407 2762 longu
2432 2732 2435 2735 ’

1404 2730 1509 2758 diffusas
1528 2730 1574 2756 vbi
1596 2729 1711 2763 porticus
1730 2729 1842 2763 explicat
1854 2729 1973 2756 Vmbras.

1405 2766 1516 2800 explicat
1535 2766 1631 2792 fluuius
1653 2764 1733 2791 Ouid.
1747 2765 1778 2791 ad
1792 2765 1850 2790 Liu.
1867 2773 1917 2798 251.
1985 2765 2120 2792 Volumen
2137 2766 2211 2792 suum
2230 2766 2285 2795 Cic.
2299 2774 2347 2800 pro
2361 2764 2426 2791 Rosc

1407 2803 1495 2827 Amet.
1509 2808 1564 2826 100.
1635 2800 1806 2833 Voluptatem
1819 2798 1891 2825 Idem
1905 2801 1937 2827 de
1951 2800 2008 2827 Fin.
2024 2810 2046 2833 2,
2084 2821 2090 2827 .
2129 2821 2136 2828 .

1440 2842 1456 2861 E
1467 2843 1484 2861 x
1493 2841 1508 2860 Ρ
1517 2841 1550 2861 Li
1563 2840 1579 2860 C
1592 2840 1630 2860 ΙΤ
1639 2854 1648 2866 ,
1668 2837 1695 2860 in
1703 2835 1756 2869 fine
1769 2835 1895 2867 librorum,
1909 2843 1954 2862 etc.
1975 2837 2003 2862 F.
2012 2843 2059 2871 pro
2076 2836 2214 2872 Explicitus
2227 2836 2267 2861 vel
2278 2835 2438 2868 Explicitum*
2454 2859 2456 2863 .

2373 2869 2426 2895 Hie

1407 2914 1465 2931 ron.
1480 2904 1557 2938 Epist.
1573 2910 1611 2935 138
1637 2904 1755 2931 Solemus
1770 2906 1905 2940 completis
1923 2907 2054 2940 opusculis
2066 2906 2098 2932 ad
2113 2905 2307 2932 distinftionem
2321 2905 2360 2931 rei
2376 2905 2445 2931 alte-5

1405 2941 1459 2966 rius
1480 2940 1607 2973 sequentis
1628 2940 1744 2968 medium
1763 2941 1931 2976 interponere
1952 2944 2058 2975 Explicit
2079 2947 2123 2966 aut
2145 2942 2259 2966 Feliciter
2273 2946 2317 2966 aut
2334 2937 2449 2975 aliquid)

1406 2975 1563 3002 istiusmodi.
1599 2975 1743 3011 obseruatio
1757 2978 1883 3017 Ducangii
1894 2980 1920 3002 in
1934 2976 2054 3009 Glossario
2066 2974 2108 3008 est,
2125 2978 2233 3001 meliores
2247 2985 2349 3010 quosque
2361 2977 2439 3002 libros

1407 3010 1636 3049 integrascriptum
1655 3011 1740 3038 hahere
1754 3012 1896 3046 Explicitus
1916 3011 1951 3038 est
1966 3012 2045 3038 liber:
2070 3018 2098 3036 vt
2118 3011 2232 3037 videatur
2247 3011 2308 3037 illud
2321 3010 2445 3044 explici&

836 3048 891 3075 Cic.
904 3047 935 3073 de
947 3048 1020 3073 Orat.
1036 3056 1054 3079 ι,
1070 3049 1107 3077 163
1130 3045 1226 3071 Perfice
1240 3051 1266 3071 vt
1274 3043 1346 3071 Cras·
1366 3051 1398 3076 80
1408 3056 1452 3082 quo
1473 3047 1507 3079 th
1526 3045 1611 3071 deinde
1623 3046 1684 3080 Junt
1704 3049 1776 3083 vulgo
1789 3048 1890 3074 librarii
1902 3055 1925 3073 et
1943 3051 2019 3087 primi
2032 3049 2194 3082 typographi.
2207 3045 2249 3079 tffi'
2267 3056 2296 3072 ex
2309 3045 2444 3073 detrunctm

1406 3086 1472 3108 tione
1492 3082 1561 3107 verbi
1578 3082 1715 3114 explicitus
1730 3086 1806 3116 liner,
1823 3085 1860 3109 uel
1871 3083 2023 3117 explicitum
2037 3084 2146 3108 volumen
2158 3082 2201 3108 est.

1406 3117 1476 3144 &atu
1490 3115 1690 3156 leianijlatini
1706 3117 1847 3144 uidebimus.

1443 3158 1631 3179 EXPLiciT
1644 3158 1660 3175 ι’
1673 3160 1703 3183 S,
1720 3161 1749 3184 a,
1770 3162 1822 3178 um.
1842 3154 1933 3179 Par-tic.

2239 3081 2370 3116 Explicito
2388 3087 2446 3108 tra-t

1970 3151 2213 3186 [ἐναπεπτυγμὲνος]
2248 3153 2303 3179 Cic.
2319 3153 2370 3178 Att.
2381 3159 2412 3185 9,
2424 3158 2444 3184 3;

1409 3188 1456 3215 Sed
1478 3188 1514 3214 ita
1534 3187 1652 3213 meruisse
1670 3187 1747 3214 illum
1762 3187 1794 3214 de
1812 3197 1855 3215 me
1876 3195 1956 3223 puto,
1977 3194 2005 3213 vt
2023 3188 2152 3220 οἰχαριςίας
2172 3188 2271 3214 crimen
2284 3187 2372 3214 subire
2385 3195 2445 3214 nort

318 3233 414 3268 ohJ‘curo
427 3230 549 3259 lucidum,
569 3238 597 3254 ex
610 3225 730 3264 angustiis
744 3228 841 3257 taxum,
862 3234 891 3251 ex
908 3222 1045 3259 confififfllt‘
1065 3223 1102 3255 ὦ]
1115 3221 1225 3255 melum,
1243 3232 1270 3248 fx
1283 3219 1348 3255 dlffi-
1363 3226 1391 3255 85
1410 3223 1533 3254 audeam,
1555 3231 1704 3257 quanquam
1717 3232 1729 3250 a
1749 3231 1773 3249 te
1795 3224 1853 3250 eius
1866 3232 1972 3257 quoque
1995 3222 2034 3250 rei
2050 3224 2114 3250 iusta
2133 3223 2248 3250 defensio
2259 3223 2295 3250 est
2307 3223 2440 3256 explicita.
2457 3228 2459 3234 ¹

318 3270 361 3294 cili
369 3265 493 3303 jacilcfit
503 3276 510 3290 .·
529 3264 556 3290 id
567 3263 631 3299 quod
644 3266 732 3297 optimc
745 3261 894 3297 intelligetur
902 3258 1036 3295 propolitis
1049 3260 1188 3284 elementari
1201 3265 1228 3284 ut
1236 3258 1351 3293 jolemus,

320 3303 404 3330 ordine
424 3299 602 3334 sufflaminis,
622 3298 708 3333 quibus
733 3301 854 3333 iungitur.
925 3294 1060 3328 Explicare
1073 3295 1163 3324 Acies,
1177 3300 1200 3319 et
1213 3293 1349 3327 Explicare

321 3340 421 3372 Agmen
433 3338 549 3363 dicuntur
563 3337 723 3370 Imperatores
738 3335 902 3363 exercituum,
921 3340 990 3366 quum
1007 3330 1097 3354 milites
1111 3329 1170 3364 suos
1186 3332 1213 3353 in
1223 3335 1349 3363 patentem

321 3375 396 3399 locum
409 3378 529 3408 exponunt
540 3370 573 3396 ad
584 3371 786 3396 concertationem
794 3366 932 3392 ineimdam.
970 3365 1028 3391 Liu.
1043 3372 1068 3396 4,
1087 3384 1092 3390 .
1112 3383 1118 3389 .
1138 3370 1160 3389 et
1172 3372 1211 3395 30,
1227 3371 1248 3395 ς.
1274 3363 1348 3388 Curt.

323 3418 351 3441 4,
365 3416 388 3439 9,
403 3417 440 3433 10.
456 3414 478 3433 et
496 3416 533 3439 14,
549 3415 581 3432 12.
1178 3434 1183 3437 Δ
1262 3436 1265 3439 Ι
1338 3435 1341 3438 ι

325 3444 426 3468 Aenum
437 3451 513 3468 omne
527 3441 610 3468 tribus
624 3439 754 3474 explicare
767 3437 861 3464 chartis
870 3457 878 3468 ‚
896 3440 913 3462 i.
932 3434 1060 3468 historiam
1079 3438 1216 3469 vniuerjam
1229 3433 1352 3472 tribusn-

323 3477 376 3502 bri:
386 3497 393 3507 ‚
413 3477 440 3502 de
454 3478 561 3502 Cornelio
578 3478 669 3511 Nepote
682 3473 776 3501 Catull.
791 3482 809 3499 ι.
878 3471 993 3498 Martial.
1014 3479 1044 3502 ις,
1058 3478 1093 3504 70
1121 3469 1227 3497 Miraris
1246 3474 1352 3503 quoties

326 3518 483 3544 gemmantes
496 3511 683 3545 explicatAlas.
702 3509 730 3536 de
747 3516 849 3544 panone.
885 3508 1022 3533 Annonam
1039 3507 1102 3533 lCti.
1172 3505 1273 3532 Bellum
1281 3504 1351 3530 Flor.

328 3554 438 3579 ¹,1795.
507 3548 632 3580 Campum
661 3545 777 3572 tumulus
796 3542 890 3570 diffuso
914 3543 1013 3568 vertice
1034 3542 1160 3576 explicat,
1178 3544 1196 3567 i.
1216 3544 1243 3566 in
1258 3540 1351 3576 summo

323 3582 452 3616 planitiem
466 3582 539 3605 latam
559 3582 628 3606 habet
640 3581 735 3607 Lucan.
748 3588 770 3612 3,
784 3587 840 3613 377.
1084 3577 1088 3581 '

326 3621 370 3642 tur
385 3623 431 3640 vos
452 3615 574 3640 inducitis
588 3616 615 3640 in
627 3626 667 3642 eas
682 3616 908 3650 Captiones,quas
923 3622 1056 3646 nunquam
1076 3613 1219 3646 explicetis.
1290 3611 1351 3638 car-

327 3651 398 3677 mina
412 3650 489 3675 alicui
504 3650 597 3675 Camll-
611 3658 643 3681 5¹,
657 3660 678 3682 3.
747 3651 855 3677 Causam
874 3649 914 3675 rei
934 3648 989 3675 Cic.
1003 3649 1054 3674 Att.
1070 3657 1091 3680 3,
1106 3656 1126 3679 3.
1196 3648 1292 3673 Rerum
1306 3655 1352 3672 no-

327 3694 419 3713 varum
433 3684 526 3710 Causas
543 3685 596 3710 Cic.
611 3685 680 3710 Fam.
699 3693 722 3717 ς,
737 3695 770 3711 ις.
839 3685 940 3712 Coenas
967 3683 1028 3709 duas
1054 3683 1166 3717 explicat
1189 3691 1240 3709 vna
1266 3682 1352 3708 mensa

327 3720 440 3748 Martial.
456 3728 474 3751 1,
488 3727 541 3752 104.
585 3718 713 3745 Cohortes
727 3721 794 3754 legio
807 3720 932 3754 explicuit
948 3720 1021 3753 Virg.
1036 3719 1131 3751 Gcorg.
1148 3727 1170 3749 2,
1183 3723 1239 3748 280.
1284 3719 1352 3744 Con-

327 3756 412 3783 silium
424 3755 495 3781 Caes.
511 3754 536 3779 B,
552 3753 580 3779 C.
597 3761 617 3785 1,
629 3759 668 3787 78.
689 3762 711 3779 et
732 3764 751 3786 3,
765 3763 800 3788 7⁷.

325 3791 441 3818 constitit
454 3788 615 3819 Consilium,
631 3795 674 3814 aut
693 3789 829 3822 cogitando
842 3790 908 3816 nihil
927 3790 1072 3825 explicatur
1096 3789 1151 3815 Cic.
1166 3791 1217 3814 Att.
1233 3794 1256 3820 8,
1269 3797 1290 3814 ιι
1308 3795 1350 3823 pr.

326 3828 436 3853 Cursum
458 3824 541 3850 citatis
557 3823 662 3857 patlibus
683 3824 738 3849 Sen.
754 3825 861 3857 Hippol.
877 3833 912 3851 ιο.
982 3824 1144 3852 Definitione
1157 3823 1257 3858 aliquid
1272 3823 1352 3857 expli-

323 3871 382 3889 care
399 3862 452 3888 Cic.
468 3859 499 3885 de
512 3859 568 3885 Fin.
583 3866 595 3889 3
608 3867 627 3883 c.
643 3866 679 3884 10.
757 3859 861 3889 ensem,
876 3861 1012 3895 Euaginare
1024 3859 1126 3886 Ouidio
1140 3860 1269 3886 tribuitur.
1296 3860 1352 3885 Cer-

322 3905 344 3924 te
358 3898 424 3923 nihil
435 3898 484 3922 tale
499 3894 553 3920 ind.
570 3895 652 3919 itm-m.
722 3893 862 3926 Epistolam
871 3913 879 3925 ,
895 3902 942 3928 pro
955 3898 1067 3930 Aper-ire,
1083 3903 1105 3921 et
1116 3895 1220 3930 clausam
1234 3894 1351 3930 reserare,

1411 3260 1460 3286 His
1473 3258 1602 3293 explicitis
1615 3257 1692 3284 rebus
1701 3278 1709 3290 ,
1729 3259 1792 3284 duas
1807 3259 1833 3284 in
1846 3259 1932 3285 castris
1947 3258 2059 3292 legiones
2072 3260 2180 3286 retinuit
2193 3260 2264 3286 Caes.
2278 3259 2351 3288 DC.
2365 3259 2447 3292 3‚76..

1410 3295 1469 3329 le.
1483 3294 1510 3320 in
1525 3294 1541 3320 l.
1559 3303 1566 3319 1
1583 3294 1613 3319 D.
1635 3294 1666 3319 ad
1682 3294 1856 3320 Senatuscons.
1873 3294 1983 3320 Trebel.
2003 3295 2133 3329 Explicito
2152 3295 2280 3326 traetatu,
2301 3294 2347 3328 qui
2366 3293 2396 3320 ad
2410 3292 2448 3321 flua

1410 3329 1586 3356 deicommiffa
1601 3328 1756 3361 singularum
1771 3338 1858 3356 rerum
1873 3329 1998 3363 pertinet:
2017 3332 2173 3357 transeamus
2186 3339 2253 3356 nunc
2267 3329 2299 3356 ad
2312 3330 2444 3363 interpre·.
2465 3328 2468 3362 l

1409 3366 1536 3392 tationem
1550 3365 1724 3390 Senatuscons.
1740 3364 1851 3391 Trebel.
1893 3365 1950 3391 Vns.
1964 3365 2028 3392 modo
2042 3366 2110 3392 alifia
2122 3369 2149 3393 in
2162 3373 2228 3392 Exm
2242 3372 2316 3392 1C1'r.
2373 3365 2448 3391 Com-l'
2466 3367 2467 3389 l

618 3403 691 3439 C⁰’²f·
705 3412 760 3429 mox
782 3402 927 3434 Cohortes,
950 3401 1054 3431 Naues,
1077 3398 1204 3429 Ordines,
1224 3399 1349 3425 Turmas.
1362 3408 1397 3431 90
1407 3408 1465 3435 par.
1484 3401 1556 3427 Caes.
1569 3400 1596 3426 B.
1612 3401 1642 3425 C.
1657 3408 1676 3432 1,
1690 3405 1721 3434 78
1745 3400 1792 3426 Sed
1811 3408 1842 3425 ex
1861 3401 1998 3434 propositis
2019 3402 2131 3429 consiliis
2154 3401 2270 3432 duobus,
2291 3399 2439 3434 explicitius

1413 3436 1568 3467 videbatur,
1583 3433 1614 3461 ad
1628 3435 1739 3461 Ilerdam
1753 3435 1868 3467 reuerti,
1888 3439 1906 3462 i.
1925 3438 2047 3471 explicatu
2060 3444 2083 3464 et
2091 3434 2196 3472 peracit«
2211 3436 2267 3461 adeo
2274 3436 2392 3470 facilius.
2443 3417 2457 3460 l*

1449 3472 1744 3497 Exriacvrvnvs
1759 3490 1767 3503 ,
1798 3477 1821 3496 ει
1857 3478 2179 3504 exprioi‘rvuvs,
2199 3481 2228 3503 a,
2254 3480 2307 3497 uin.
2346 3469 2450 3504 Pei-tic..

1413 3504 1587 3539 [ἀναπτύξω]
1625 3505 1686 3530 Stat.
1701 3505 1791 3531 Theb.
1808 3509 1882 3538 1,146
1902 3507 2036 3534 Montibus
2051 3515 2094 3534 aut
2108 3508 2158 3534 late
2172 3506 2258 3533 Graiis
2274 3505 2361 3532 effulta
2374 3505 2452 3534 nite-.

1412 3541 1473 3567 bant
1486 3541 1576 3571 Atria,
1592 3540 1724 3573 congestos
1744 3541 1802 3566 satis
1822 3542 1975 3575 explicitura
1995 3544 2110 3570 clientes.
2131 3544 2155 3569 h.
2170 3552 2187 3569 e.
2217 3543 2296 3577 Large
2309 3539 2449 3574 admrffiira:

911 3578 966 3604 Cic.
982 3578 1012 3602 de
1026 3578 1117 3603 Dium.
1132 3585 1154 3607 2,
1168 3585 1197 3609 4¹
1233 3576 1287 3602 Cur
1303 3575 1351 3608 igi·
1364 3580 1395 3606 95
1412 3579 1548 3602 venientum
1564 3575 1669 3601 turbam.
1705 3576 1774 3602 Caes.
1784 3576 1811 3602 Β.
1821 3578 1848 3603 C.
1860 3585 1879 3609 1,
1893 3584 1923 3612 78
1942 3579 1983 3605 lbi
1999 3580 2022 3605 se
2036 3579 2168 3614 reliquum
2181 3576 2317 3603 consilium
2330 3576 2454 3610 explica--

1413 3619 1485 3638 turos
1498 3609 1671 3637 confidebant.

1449 3651 1646 3674 EermAT
1658 3652 1714 3678 vs,
1737 3654 1767 3678 a,
1791 3655 1844 3673 um.
1880 3648 1972 3675 Partic.
2008 3648 2193 3683 [itamaros]
2231 3647 2286 3673 Cic.
2303 3648 2355 3673 Art.
2377 3655 2402 3679 9,
2420 3645 2449 3672 6,

1413 3683 1540 3709 Salutares
1559 3688 1583 3707 te
1602 3681 1668 3706 mihi
1689 3681 1777 3708 literas
1796 3683 1900 3716 inisiss‘c,
1920 3693 2005 3719 neque
2025 3684 2107 3710 solum
2122 3682 2165 3708 has
2178 3682 2324 3716 longiores,
2343 3681 2440 3716 quibua
2475 3681 2479 3703 ι’

1414 3718 1482 3747 nihil
1496 3717 1578 3751 potest
1591 3717 1638 3742 effe
1652 3716 1816 3750 explicatius,
1836 3719 1902 3745 nihil
1918 3719 2069 3754 perfefflus,
2134 3718 2188 3743 Cic,
2204 3727 2251 3751 pro
2266 3718 2348 3743 piane·
2365 3726 2411 3750 5⁶-
2423 3723 2450 3742 ι..

872 3756 987 3781 Leuatur
1005 3754 1091 3780 omnis
1110 3762 1187 3784 cura,
1208 3762 1290 3787 quum
1309 3757 1404 3779 autioo
1414 3752 1463 3779 Sed
1483 3753 1551 3779 milii
1566 3753 1593 3778 in
1614 3752 1694 3777 Causa
1715 3753 1785 3778 facili
1804 3761 1881 3788 atque
1899 3756 2040 3789 explicata,
2061 3750 2221 3792 perdifficilis
2240 3754 2340 3779 Iudices
2360 3758 2385 3778 et
2402 3752 2438 3777 lu-

1413 3788 1485 3814 brica
1500 3786 1656 3814 defensionis
1670 3788 1738 3813 ratio
1753 3791 1916 3823 proponitur.

1413 3823 1506 3858 plicata
1526 3823 1582 3849 Cic.
1602 3821 1634 3847 de
1648 3824 1766 3849 Vniuers.
1781 3833 1815 3856 33.

1413 3858 1466 3885 vid.
1481 3859 1579 3885 Ornate
1599 3860 1624 3882 in
1640 3865 1738 3884 ORYO.

1413 3899 1464 3926 358·

1986 3789 2111 3823 Cognitio
2124 3787 2155 3813 de
2169 3788 2300 3822 aliquibus
2314 3787 2389 3814 rebus
2398 3794 2451 3812 eit·v

1887 3826 1988 3858 Opinio
2008 3824 2131 3857 explicata
2150 3823 2256 3849 vberius
2274 3830 2299 3849 et
2313 3823 2439 3853 ornatum,

1810 3860 1918 3886 Illustris
1938 3867 1964 3886 et
1976 3860 2117 3892 explicatus
2132 3858 2201 3883 locus
2217 3859 2272 3885 Cic.
2288 3859 2319 3884 dc
2331 3859 2403 3890 Orat.
2417 3863 2439 3886 2,

1537 3893 1665 3927 Explicata
1680 3893 1870 3928 diligentissime
1885 3895 2048 3929 philosophia
2067 3894 2171 3919 Graecis
2184 3894 2268 3920 literis
2282 3894 2352 3919 Idem
2359 3889 2437 3919 Acad-

321 3933 429 3966 affertur
443 3941 472 3958 ex
486 3930 542 3957 Cic.
556 3930 591 3962 Q.
603 3929 671 3956 Frat.
683 3936 707 3960 3,
721 3935 730 3953 1
744 3937 764 3954 c.
778 3936 790 3960 ς
827 3930 917 3962 Quum
935 3930 1000 3957 hanc
1017 3932 1069 3958 iani
1083 3929 1223 3965 Epistulam
1238 3930 1396 3966 explica-105
1412 3938 1423 3956 1
1436 3939 1457 3956 c.
1472 3937 1495 3956 2.
1530 3930 1561 3955 Et
1579 3929 1630 3954 Att.
1645 3932 1681 3960 ιώ,
1695 3938 1707 3961 3
1737 3931 1853 3957 Maxime
1866 3938 1952 3957 autem
1967 3938 2008 3956 me
2021 3929 2093 3963 angit
2105 3929 2174 3955 ratio
2191 3930 2354 3964 reliquorum
2370 3933 2437 3953 meo-

2372 3968 2439 3997 rum,
2446 3958 2448 3962 ’
