2479 4225
296 169 366 207 595
678 150 838 194 F'A
926 148 963 188 L
1760 146 1793 186 F
1881 147 1922 188 A
2010 147 2059 189 M
2352 146 2433 199 5961

299 244 356 271 Cic.
370 252 417 279 pro
431 243 526 270 Milon.
542 250 573 276 95
610 242 635 269 O
654 242 713 276 Spes
734 238 850 267 fallaces!
871 245 889 263 o
917 234 1091 270 cogitationes
1124 234 1214 261 inanes
1244 233 1333 260 meae!
1428 242 1676 267 FALCmVLA,
1696 244 1736 262 ae.
1773 234 1841 262 Idem
1861 235 1925 271 quod
1938 236 2046 263 Falcula.
2080 235 2177 263 Pallad.
2191 243 2211 268 1,
2225 243 2266 269 43.

299 280 371 306 Silua
386 279 464 305 fallax
473 297 481 310 ,
501 279 569 314 Qae
586 279 714 313 perplexas
727 279 783 302 vias
796 274 884 300 multas
896 270 967 297 habet
981 271 1057 305 Virg.
1070 272 1134 296 Aen.
1148 279 1175 303 9,
1187 278 1242 304 392.
1277 270 1334 296 Te·
1429 279 1446 298 Ρ
1454 280 1474 299 Α
1486 279 1502 298 L
1515 279 1532 299 c
1544 271 1556 299 1u
1567 280 1582 299 F
1592 279 1607 298 Ε
1616 279 1634 298 R
1644 292 1652 304 ‚
1671 279 1684 297 a
1693 291 1700 302 ,
1719 279 1773 297 um.
1798 270 1858 297 Adi.
1895 268 2104 307 [δρεπανηφᾷρος]
2141 273 2233 298 Falcem
2242 270 2341 305 ferens.
2360 270 2430 298 Mar-

299 314 396 340 nebrae
429 313 517 340 Valer.
531 314 629 348 Argon.
648 322 668 344 3,
687 313 737 341 186.
807 309 883 334 Vates
902 314 956 332 non
975 305 1054 332 fallax
1086 305 1194 332 Tibull.
1209 315 1231 338 3,
1245 315 1274 339 4,
1287 313 1332 338 49·
1392 305 1447 333 tial.
1467 310 1534 340 5,16
1575 308 1644 334 Nam
1668 306 1685 332 si
1707 305 1823 332 falciferi
1846 305 1988 333 defendere
2014 308 2109 341 templa
2132 308 2255 333 tonantis.
2282 308 2299 332 i.
2319 306 2429 334 Saturni.
2460 319 2462 325 ι

298 350 365 376 Viae
382 349 464 376 Ouid.
482 350 575 376 Amor.
593 357 618 380 2,
633 357 664 379 11,
677 351 699 376 8.
769 343 830 369 Vita
860 342 916 368 Sen.
935 341 1046 375 Hippol.
1084 360 1091 367 .
1129 361 1135 366 .
1173 360 1179 366 .
1250 341 1333 367 Vultu
1392 342 1474 369 Ouid.
1488 345 1515 370 in
1529 343 1588 370 Ibin
1601 345 1648 369 216
1669 342 1714 368 Te
1734 342 1790 368 fera
1803 350 1850 368 nec
1863 341 2009 377 quidquam
2026 342 2157 376 placidum
2170 341 2324 376 spondentia
2337 341 2442 375 Martis·
2461 352 2463 364 ι

296 384 387 411 fallaci
405 383 523 411 blandita
539 384 646 411 fortuna
664 382 720 407 Sen.
734 378 827 405 061311.
841 384 867 411 7.
939 377 1022 403 Vndis
1040 376 1161 403 fallacior
1174 375 1254 402 Ouid.
1267 377 1331 402 Met.
1357 382 1372 408 ς
1393 377 1481 404 Sidera
1502 380 1659 413 presserunt,
1672 377 1839 411 falciferique
1856 377 1930 403 senis.
1966 379 2040 414 Cous.
2058 378 2131 404 Idem
2145 378 2208 404 Fast.
2228 384 2249 409 5,
2268 378 2326 410 627.
2380 376 2432 402 Co-

298 427 334 452 13,
345 427 406 454 799.
477 421 548 446 Hirt.
562 420 590 446 B.
606 418 680 443 AleX.
693 424 714 440 c.
729 422 759 445 24
781 412 890 439 Animus
904 412 1049 447 disciplinis
1062 411 1228 438 fallaciffimis
1244 411 1333 438 erudi-
1393 413 1469 439 vinus
1482 414 1587 440 falcifer
1599 414 1643 440 Sil.
1659 420 1703 448 17,
1722 421 1779 446 422.
1800 412 1854 439 vid.
1872 419 2020 440 COVINVS.
2092 413 2185 439 Manus
2199 411 2336 438 falciferae
2349 410 2431 438 Ouid.

297 460 349 482 tus„
419 456 510 482 Homo
523 452 692 481 fallaciffimus
710 449 764 474 Cic.
778 457 826 482 pro
841 448 929 474 Domo
943 456 973 480 23
989 457 1011 474 c.
1025 456 1050 480 9.
1392 449 1456 475 Met.
1471 457 1504 482 13,
1517 458 1574 482 930.
2439 452 2442 460 ’

334 497 381 517 FA
391 496 407 516 L
419 497 433 515 L
443 497 465 517 A
475 496 492 517 c
504 497 559 520 iA,
578 496 615 513 ae.
644 485 664 510 f.
701 484 714 517 [
726 483 823 514 πλάνη,
847 483 922 518 §verpa
935 486 946 516 ]
985 482 1094 509 fallendi
1111 484 1192 513 ratio,
1215 483 1333 515 Techna,
1428 490 1525 511 FALC
1535 493 1544 511 1
1554 491 1600 512 GE
1611 492 1646 516 R,
1665 492 1695 515 a,
1715 492 1770 509 um.
1795 482 1856 509 Adi.
1876 482 1952 510 Idem.
1978 483 2134 510 Auron.Ec1.
2149 481 2181 509 de
2193 482 2251 509 Fer.
2264 482 2342 508 Rom.
2356 482 2396 513 36.

297 525 368 552 dolus
385 527 471 552 malus.
506 525 572 550 Ter.
588 519 668 546 Andr.
681 527 709 551 4,
724 525 745 551 5,
758 526 790 550 39
810 518 922 545 Fallacia
937 519 989 545 alia
1003 518 1082 544 aliam
1098 517 1197 550 trudit,
1216 521 1233 544 i.
1255 521 1332 549 iuuat,
1428 526 1499 546 FAL
1510 526 1527 546 c
1539 527 1623 547 IPED
1634 525 1704 551 IVS,
1719 528 1744 551 a,
1756 528 1809 545 um.
1826 517 1886 544 Adi.
1912 518 1964 544 Cui
1977 519 2034 544 sunt
2047 527 2121 545 crura
2129 518 2251 545 simulant
2258 526 2326 552 quae
2333 524 2435 543 cornua*

293 567 421 597 promouet
450 566 478 586 vt
494 566 581 585 cuneus
599 563 708 580 cuneum.
765 554 821 580 Cic·
835 553 868 581 de
883 555 973 580 Diuin·
988 563 1014 586 Ζ,
1028 559 1055 586 85
1085 554 1160 580 Tota
1178 562 1219 579 res
1237 554 1273 579 est
1294 554 1333 580 in·
1350 560 1378 580 10
1391 553 1487 587 1111130,
1505 562 1535 582 vt
1548 559 1643 581 iocatur
1656 554 1771 581 Martial.
1787 562 1812 586 2,
1825 562 1865 587 34.
1902 555 1943 580 Ita
1958 553 2129 580 Trimalcion
2144 562 2244 580 uxorem
2263 559 2336 579 vocat
2350 551 2432 578 Falci-

298 602 377 623 venta
396 581 504 621 fallaciis
521 597 564 618 aut
578 590 609 616 ad
625 588 852 623 superstitionem,
872 596 915 616 aut
928 589 960 616 ad
975 598 1101 616 errorem.
1173 589 1287 616 Fraudes
1306 595 1333 615 et
1391 590 1495 624 pediam
1507 594 1533 616 in
1548 591 1650 617 Petron.
1664 599 1685 616 c.
1699 597 1738 625 75.
1778 590 1837 617 Via.
1852 589 1947 625 Reinqs.
1967 591 1994 614 in
2008 589 2109 624 Fragm.
2122 590 2227 616 Petron.
2241 597 2267 623 p.
2282 595 2329 621 115.
2363 588 2434 614 Aliis

298 631 416 659 fallaciae
434 630 487 655 Cic.
506 635 553 661 pro
568 625 672 652 Cluent.
695 633 750 650 100.
824 625 904 657 Doli,
917 624 1067 655 machinae,
1081 623 1214 656 fallaciae,
1228 625 1334 659 praesti·
1392 624 1425 658 est
1444 625 1606 660 Fulcipedia.
1716 629 1718 631 ’

298 668 356 702 giae
369 665 438 692 Idem
454 663 485 688 de
500 663 534 688 N.
548 662 581 687 D.
595 668 616 692 3,
628 667 669 694 75.
738 659 797 686 Sine
814 660 876 687 fuco
895 667 920 687 et
932 660 1044 687 fallaciis
1059 660 1141 686 homo
1155 660 1192 686 Id.
1207 662 1260 687 Att.
1276 669 1295 693 1,
1313 669 1333 687 1.
1429 668 1553 689 FALco
1565 682 1574 695 ,
1601 667 1652 687 are.
1689 660 1702 694 [
1716 657 1842 695 δρεπανίξω
1857 663 1868 694 ]
1907 660 1978 686 Falce
1995 658 2154 695 proscindere
2175 660 2237 686 male
2257 657 2380 694 probatur
2403 666 2432 683 ex

298 701 414 729 Astutior
435 697 551 729 fallacia,
574 695 629 722 vid.
650 702 693 722 As
705 701 726 721 'r
738 701 818 721 VTV
828 703 851 723 s.
944 697 1112 730 Componere
1130 695 1260 727 fallacias,
1278 696 1332 723 uid.
1392 695 1456 722 Plin.
1472 704 1509 731 17,
1521 706 1549 723 10
1576 695 1700 724 Serendas
1714 704 1793 731 quam
1806 696 1919 722 maxime
1933 694 2054 727 falcatas,
2068 700 2093 720 et
2111 703 2126 720 e
2138 695 2243 722 nouella
2260 692 2294 727 est
2309 692 2432 728 epitheton
2451 721 2454 723 ,

298 739 459 763 coMPONo.
532 731 640 758 Constat
654 736 723 757 totus
737 738 767 757 ex
786 731 897 763 fraude,
911 731 1035 764 fallaciis,
1050 730 1192 757 mendaciis
1212 732 1267 758 Cic.
1283 741 1332 765 pro
1352 735 1377 762 15
1394 741 1481 758 nucum
1495 732 1691 767 amygdalarum
1704 741 1719 758 a
1729 731 1819 767 figura
1832 730 1941 757 duflum.
1980 732 2073 764 Nempe
2149 746 2157 752 -

298 771 371 797 Rosc.
386 768 460 793 Com.
473 775 507 794 20
528 776 550 793 c.
565 774 590 801 7.
662 767 818 800 Excogitare
846 766 953 793 fraudes
978 773 1003 792 et
1034 767 1149 793 fallacias
1182 767 1255 793 Idem
1283 776 1333 802 pro
1430 774 1503 794 FAL
1514 774 1532 794 C
1546 776 1562 793 Α
1576 774 1646 794 TVS
1657 787 1666 800 ‚
1684 775 1716 799 a,
1734 776 1788 793 um.
1815 767 1875 793 Adi.
1912 762 2107 800 [δρεπανοειδὴς]
2143 763 2338 800 Qodformam
2348 762 2439 799 falcis·¹

297 805 399 831 Cluent.
414 810 467 828 100.
537 801 676 829 Intendere
694 801 826 828 fallaciam
845 802 873 827 111
891 801 1009 836 aliquem
1030 802 1098 828 Ter.
1120 803 1214 829 Heaut.
1233 812 1256 836 3,
1268 811 1294 836 2,
1307 811 1332 829 2.
1392 802 1471 829 hahet.
1514 803 1668 838 Amygdalas
1690 802 1794 828 falcatas
1814 802 1883 828 modo
1895 801 2006 827 vidimus
2022 803 2050 827 in
2072 806 2185 826 FALCO.
2226 800 2293 826 Plin.
2307 808 2344 830 10,
2354 807 2383 838 -21
2404 797 2437 829 de,

301 839 357 866 Vici.
378 843 547 864 INTENDO.
617 838 741 863 lnuenire
756 837 901 868 fallaciam,
922 837 973 864 vid.
994 843 1147 864 1NVEN10.
1391 838 1455 874 gallo
1467 839 1601 875 gallinaceo
1614 840 1728 873 loquens,
1747 839 1778 864 In
1797 837 1910 864 sublime
1931 836 2040 862 caudam
2057 843 2164 871 quoque
2181 834 2302 862 falcatam
2321 842 2434 868 erigens.
2443 838 2451 864 ⁴,

330 880 399 900 FAL
409 879 454 899 LA
464 893 472 906 ‚
491 873 543 899 vid.
556 872 636 909 supra
651 871 707 907 post
729 879 744 898 F
754 879 775 899 A
784 879 800 898 L
810 879 819 897 1
828 879 894 900 scv
904 878 926 899 s.
1393 874 1466 900 Idem
1481 883 1516 906 15,
1529 883 1564 908 24
1572 882 1615 910 pr.
1634 874 1736 900 Falcata
1749 873 1850 907 siliquis
1863 873 2013 906 longitudo.
2080 870 2170 897 Cauda
2183 870 2337 905 Ouid.Met.
2350 871 2433 902 3,681.

330 915 347 934 F
357 915 378 934 A
388 914 403 933 L
413 915 429 934 L
439 915 460 935 A
470 915 503 935 C1
513 915 568 941 ns,
584 908 618 934 ei.
637 908 657 934 f.
693 908 843 942 Apul.Met.
856 915 870 941 5
889 918 913 943 p.
928 915 978 943 171,
994 916 1008 942 5
1028 909 1142 936 Fallacie
1154 908 1334 943 germanitatis
1343 919 1378 938 20
1394 909 1463 936 Enfis
1482 910 1528 936 Sil.
1543 919 1565 942 3,
1580 914 1638 944 278.
1709 910 1786 935 Sinus
1800 908 1906 935 falcatus
1918 909 1947 934 in
1960 916 2036 934 arcus
2050 905 2132 933 Ouid.
2147 905 2225 940 Epist.
2238 914 2264 938 2,
2279 914 2327 938 131.
2378 905 2434 931 Fal·
2444 914 2455 941 ',

295 943 412 970 indueh.
1393 945 1460 970 cibus
1473 944 1618 978 irgslruflus.
1660 945 1728 971 Vnde
1741 944 1839 971 Falcati
1853 952 1946 970 currus
1959 941 2024 969 dicti
2033 942 2095 977 sunt
2106 941 2165 968 Liu.
2178 949 2219 975 37,
2232 949 2270 975 4¹·
2312 938 2444 967 Macrob.

331 986 347 1005 F
357 986 378 1005 A
387 985 403 1004 L
413 985 429 1004 L
438 975 485 1004 A'C
495 975 563 1004 i'TE
572 985 600 1004 R.
639 978 707 1005 Adu.
744 978 757 1012 [
769 976 890 1014 δολερῶς]
927 979 982 1005 Cic.
1001 977 1033 1004 de
1053 979 1145 1006 Diuin.
1166 989 1192 1012 1,
1210 987 1238 1013 35
1266 990 1287 1007 c.
1308 986 1334 1009 18
1394 979 1534 1007 Indueebat
1546 982 1626 1007 etiam
1640 989 1730 1007 currus
1744 989 1802 1006 cum
1818 979 1944 1010 falcibus,
1959 984 1985 1004 et
1998 978 2152 1012 elephantos
2168 986 2227 1002 cum
2240 975 2359 1002 turribus
2372 975 2447 1011 Stang

294 1014 432 1040 Fallaciter
452 1019 572 1047 portenta
592 1014 770 1048 interpretari.
825 1014 898 1040 Idem
912 1014 965 1041 Off.
985 1023 1007 1046 3,
1021 1017 1051 1044 68
1070 1025 1091 1042 c.
1107 1025 1135 1050 17
1173 1016 1251 1042 Ratio
1270 1025 1334 1050 ergo
1394 1015 1485 1043 Theb.
1499 1025 1536 1048 10,
1549 1025 1610 1050 544.
1680 1015 1831 1049 Qiadrigae
1846 1016 1920 1042 Curt.
1934 1022 1963 1046 4,
1975 1022 2001 1046 9,
2014 1023 2042 1047 4.
2109 1012 2227 1039 Falcatus
2239 1015 2298 1038 item
2312 1012 2382 1038 Falce
2394 1009 2447 1037 aba.

294 1049 345 1075 hoc
364 1048 491 1083 postulat,
517 1057 550 1074 ne
564 1049 627 1084 quid
642 1050 780 1082 infidiose,
799 1058 831 1075 ne
846 1049 910 1084 quid
924 1050 1056 1082 simulate,
1069 1060 1102 1077 ne
1116 1051 1179 1086 quid
1194 1052 1333 1078 fallaciter.
1387 1049 1492 1086 sciffiss'i
1510 1059 1555 1084 vt,
1569 1051 1683 1078 Arbores
1699 1052 1805 1077 falcatae
1820 1051 1885 1077 Plin.
1899 1058 1938 1084 17,
1952 1058 1989 1075 10.
2413 1068 2416 1072 .
2430 1055 2454 1086 -ὒ,

294 1085 425 1111 imitando
444 1084 573 1111 fallaciter
591 1090 711 1111 naturam
732 1085 797 1111 boni
826 1086 882 1112 Cic.
902 1086 930 1112 in
946 1086 1036 1112 Partit.
1050 1094 1093 1118 90.
1165 1087 1232 1113 Plin.
1253 1095 1289 1119 12,
1305 1090 1332 1113 16
1346 1095 1378 1122 25
1431 1093 1527 1114 FALc
1537 1095 1588 1114 A‘r
1600 1093 1620 1113 o
1631 1094 1667 1122 R,
1686 1087 1751 1113 oris.
1771 1096 1807 1113 m.
1843 1086 1920 1122 Apud
1928 1084 2107 1112 Columellam
2120 1081 2162 1116 effi
2176 1082 2280 1108 dicitur.
2296 1080 2368 1108 Mihi
2381 1083 2443 1118 qur-2

294 1119 459 1147 Fallacissime
478 1119 640 1146 adulteratur
656 1121 746 1147 Indica
767 1120 882 1153 myrrha.
954 1121 1096 1148 Venditare
1115 1123 1142 1148 se
1160 1123 1241 1149 alicui
1260 1123 1333 1150 falla·
1392 1121 1444 1147 dem
1458 1132 1505 1148 non
1518 1126 1635 1149 occurrit.
2336 1124 2337 1130 ¹
2429 1127 2453 1147 l*

294 1155 388 1182 cissime
406 1155 461 1182 Cic.
476 1155 508 1181 de
521 1156 614 1189 Arusp.
627 1156 703 1191 Resp.
716 1161 758 1188 48.
1429 1164 1446 1183 F
1454 1164 1476 1184 A
1484 1164 1499 1182 L
1508 1164 1524 1183 c
1534 1165 1554 1185 A
1564 1165 1577 1185 s
1586 1165 1633 1184 ΤΚ
1642 1164 1663 1183 v
1672 1164 1697 1183 Μ
1706 1178 1714 1190 ,
1730 1158 1749 1184 i.
1770 1167 1796 1183 n.
1832 1156 2038 1183 Instrumentum
2053 1154 2169 1181 ferreum
2184 1161 2298 1180 curuum
2310 1160 2370 1179 cum
2380 1159 2439 1183 mae

330 1198 346 1218 F
355 1199 377 1218 A
387 1198 401 1216 L
410 1198 425 1217 L
434 1198 456 1217 Α
467 1195 484 1217 C
495 1192 533 1217 16
541 1197 553 1216 s
562 1198 603 1218 vs
613 1210 621 1222 ,
641 1200 672 1224 a,
691 1201 746 1217 um.
783 1190 845 1217 Adi.
880 1188 995 1226 [δόλιος]
1031 1191 1104 1227 Quod
1117 1191 1150 1225 est
1164 1194 1263 1228 plenum
1275 1193 1333 1228 sal.
1393 1191 1492 1220 nubrio
1505 1193 1538 1220 ad
1549 1193 1713 1221 resecandam
1727 1193 1850 1228 veprium
1862 1192 2013 1219 densitatem
2026 1190 2118 1217 Isidor.
2131 1198 2171 1222 20,
2184 1197 2225 1223 14.
2435 1199 2447 1215 v·

294 1227 375 1253 lamis.
411 1225 478 1252 Gell.
495 1234 534 1259 14,
548 1234 558 1252 1
590 1227 718 1253 Veterum
739 1226 889 1253 testimonia
913 1226 1010 1260 quibus
1035 1227 1189 1254 huiusmodi
1211 1229 1333 1263 ambages
2433 1228 2448 1253 ’Π

294 1262 443 1288 fallaciosae
455 1262 633 1288 confutantur.
669 1262 743 1289 Idem
757 1270 784 1297 7,
797 1270 810 1294 3
827 1271 856 1288 ex
870 1262 980 1296 epistola
994 1262 1110 1289 Tironis
1123 1264 1223 1290 Tullii.
1258 1265 1332 1300 Cous.
1350 1272 1383 1296 30
1777 1267 1801 1298 F
1899 1268 1928 1298 A
2030 1265 2070 1297 M
2434 1263 2450 1293 ΓΡ.

295 1297 376 1359 Aplplp..
386 1298 707 1371 iifftaziikff’qizliawr
718 1339 726 1358 1
737 1339 775 1363 A,
791 1341 830 1359 ae.
854 1333 874 1359 f.
911 1333 968 1360 Cic.
989 1332 1021 1359 de
1039 1333 1097 1360 Fin.
1117 1343 1144 1368 4,
1158 1339 1186 1366 53
1206 1343 1228 1361 c.
1240 1342 1271 1367 1,-
1295 1335 1332 1361 Ex
1428 1341 1555 1368 FAMA,
1572 1345 1610 1363 ae.
1636 1336 1656 1363 f.
1692 1335 1797 1371 [oham
1817 1335 1903 1370 ἐξάξω,
1924 1334 1991 1371 iim,
2006 1334 2101 1369 φάτις]
2139 1332 2220 1361 Sermo
2236 1330 2336 1368 quidam
2354 1333 2382 1357 in
2390 1306 2447 1366 po}
2463 1347 2465 1350 ⁴

295 1377 324 1394 ea
338 1366 435 1394 difficul
463 1373 489 1394 te
501 1367 561 1394 illae
574 1367 816 1402 fallaciloquentiae
829 1371 869 1400 (vt
883 1369 921 1395 ait
933 1368 1037 1400 Accius)
1052 1369 1169 1396 malitiae
1183 1376 1258 1396 natae
1266 1371 1334 1398 sunt.
1388 1372 1465 1405 pulo,
1483 1370 1538 1405 fine
1559 1379 1626 1399 certo
1648 1372 1762 1404 auclore,
1789 1372 1818 1399 de
1840 1382 1867 1399 re
1889 1374 1974 1407 aliqua
1997 1365 2335 1407 recenti‚fiue.bona,fiue
2356 1366 2445 1405 mala-a,
2463 1363 2479 1392 ”l

293 1404 335 1431 Sic
348 1406 412 1429 enim
426 1404 437 1429 l
466 1407 486 1428 i!
493 1402 549 1438 post
563 1403 636 1430 Non.
644 1403 762 1430 Marcell.
777 1412 800 1436 2,
816 1411 862 1438 354
881 1407 955 1430 etiam
970 1405 1043 1431 Grut.
1067 1406 1111 1431 Al.
1131 1405 1333 1441 Fallaciloquae.
1393 1407 1500 1433 Famam
1519 1413 1598 1442 atque
1617 1416 1738 1434 rumores
1752 1417 1809 1442 pars
1827 1409 1909 1434 altera
1922 1407 2074 1433 consensum
2089 1404 2205 1430 ciuitatis
2218 1408 2244 1429 et
2262 1402 2338 1428 velut
2351 1399 2437 1440 publia
2464 1398 2479 1428 ¹*l

294 1440 337 1467 Al.
351 1438 459 1465 Fallacis
472 1439 601 1473 loquelae.
1350 1450 1379 1478 35
1393 1451 1452 1468 cum
1468 1443 1649 1469 testimonium
1668 1449 1763 1475 vocat,
1781 1444 1863 1470 altera
1877 1444 2023 1469 sermonem
2042 1441 2094 1467 line
2108 1440 2163 1466 vllo
2176 1445 2250 1465 certo
2262 1438 2372 1463 a116tore
2386 1435 2415 1462 di

332 1481 568 1507 FALLIBIL1S,
588 1483 612 1500 e.
632 1473 692 1500 Adi.
730 1475 783 1509 Qi
795 1473 889 1510 fallit,
912 1483 961 1501 non
975 1475 1026 1510 Qui
1037 1474 1154 1512 fallitur.
1178 1475 1292 1503 Adducit
1304 1486 1334 1503 ex
1393 1478 1520 1512 persum,
1552 1478 1596 1504 eui
1617 1477 1767 1512 malignitas
1797 1479 1906 1505 init'ium
1938 1477 2058 1509 dederit,
2075 1476 2266 1502 incrementum
2296 1471 2408 1499 credunt

295 1509 374 1536 Gloff.
388 1511 446 1536 Vet.
460 1510 560 1545 Salmas.
575 1512 602 1536 in
615 1510 695 1536 Solin.
711 1518 735 1543 p.
749 1512 800 1542 615.
1393 1513 1525 1547 Qiinffil.
1545 1521 1568 1545 5,
1588 1521 1609 1545 3.
1648 1513 1716 1539 Idem
1737 1520 1817 1539 autem
1829 1514 1893 1549 sunt
1906 1514 2008 1540 Rumor
2028 1519 2051 1538 et
2071 1513 2165 1539 Fama,
2177 1515 2352 1543 praeterquam
2373 1516 2418 1542 quo
2450 1526 2453 1531 .

332 1551 467 1576 FALSO,
492 1549 544 1571 aire.
580 1545 751 1580 [παραποιῶ]
789 1543 928 1570 Modestin.
948 1544 975 1570 in
993 1544 1010 1571 l.
1031 1546 1129 1579 penult.
1149 1547 1181 1573 D.
1202 1546 1233 1573 ad
1249 1547 1333 1581 legem
1392 1551 1498 1575 alterum
1511 1550 1630 1574 Latinum
1650 1546 1697 1580 est,
1715 1550 1818 1574 alterum
1836 1558 1847 1574 e
1861 1551 1967 1580 Graeco,
1985 1551 2025 1574 cui
2043 1556 2092 1573 non
2106 1550 2244 1580 repugnat,
2256 1542 2320 1579 quOd
2337 1543 2438 1569 videtu?

296 1580 403 1606 Cornel.
417 1579 449 1606 de
463 1579 546 1612 falsis,
565 1581 729 1615 Decretoque
743 1580 801 1605 diui
815 1580 924 1606 Adriani
936 1588 1102 1615 praeceptum
1116 1582 1162 1614 est,
1181 1582 1209 1607 in
1222 1583 1333 1609 insulam
1393 1592 1408 1610 a
1422 1583 1511 1610 Fando
1525 1583 1595 1609 111613
1609 1583 1701 1615 Festo,
1719 1593 1772 1609 cum
1784 1584 1813 1609 ex'
1826 1583 1903 1610 eodem
1914 1584 1990 1619 fonte
1997 1582 2035 1617 fit
2046 1581 2097 1608 fari
2111 1588 2215 1616 quoque,
2227 1585 2309 1613 nempe
2322 1587 2351 1604 ex
2368 1577 2434 1617 (ῥέξ’,

296 1623 342 1640 eos
358 1614 486 1647 relegari,
506 1616 552 1648 qui
566 1615 682 1649 pondera
695 1621 739 1641 aut
753 1616 883 1642 mensuras
902 1616 1037 1643 falsaffent.
1073 1617 1147 1653 Conf.
1160 1617 1273 1645 Hieron.
1286 1620 1333 1653 Ep.
1342 1628 1379 1654 40
1395 1620 1449 1653 φῶ,
1468 1618 1545 1653 φάναι
1558 1614 1611 1644 etc.¹
1658 1619 1727 1645 Ter.
1744 1619 1826 1645 Andr.
1841 1628 1861 1651 1,
1875 1628 1895 1652 1,
1910 1627 1945 1654 72
1971 1619 2070 1645 Omnes
2081 1625 2136 1643 vno
2149 1624 2197 1641 ore
2209 1614 2298 1641 omnia
2310 1613 2380 1653 bona
2393 1611 2434 1652 dt-

296 1652 338 1683 65,
352 1660 379 1683 4.
416 1650 534 1676 Tertull.
551 1651 609 1676 adu.
624 1651 704 1677 Marc.
720 1658 740 1682 5,
755 1659 777 1682 3-
1394 1663 1470 1687 cere,
1489 1660 1515 1680 et
1534 1653 1641 1681 laudare
1660 1654 1778 1680 fortunas
1798 1663 1884 1687 meas,
1904 1654 1951 1689 qui
1973 1658 2081 1688 gnatum
2108 1650 2232 1678 haberem
2257 1649 2302 1676 tali
2324 1655 2435 1682 ingemo

334 1691 351 1711 F
360 1692 383 1712 A
393 1691 408 1710 L
418 1692 430 1711 s
440 1692 461 1711 A
472 1692 490 1710 R
501 1692 510 1710 1
520 1693 559 1712 vs
569 1705 577 1717 ‚
596 1686 615 1711 i.
642 1695 677 1711 m.
712 1684 923 1724 [πλαςογρρέφος]
959 1686 1027 1714 Suet.
1041 1687 1133 1714 Claud.
1147 1697 1167 1714 c.
1183 1696 1208 1721 15
1231 1689 1333 1716 Procla.
1394 1690 1553 1725 praeditum.
1578 1690 1643 1725 quid
1660 1689 1750 1716 verbis
1763 1699 1828 1724 opus
1840 1690 1893 1717 est?
1923 1689 1970 1716 hac
1982 1689 2053 1715 fama
2066 1687 2193 1721 impulsus
2206 1684 2348 1715 Chremes,
2362 1682 2436 1708 Vltm

296 1726 384 1746 mante
407 1720 538 1760 quodam,
557 1720 738 1760 praecidendas
759 1720 868 1746 falsario
886 1729 986 1747 manus.
1047 1722 1120 1748 Idem
1141 1723 1243 1750 Neron.
1265 1734 1285 1750 c.
1305 1733 1335 1759 17
1393 1725 1427 1752 ad
1439 1734 1481 1752 me
1495 1726 1579 1751 venit.
1635 1726 1710 1760 Virg.
1731 1727 1797 1752 Aen.
1811 1735 1839 1761 4,
1853 1733 1896 1761 173
1915 1723 2091 1762 estpraeclara
2104 1724 2190 1750 Famae
2207 1720 2355 1757 descriptio,
2367 1720 2438 1744 ‘issiu‘

297 1755 428 1781 Aduersus
447 1755 567 1782 falsarios
587 1762 642 1782 tum
664 1764 780 1790 primurn
798 1760 948 1788 repertum,
962 1765 994 1781 ne
1006 1756 1123 1786 tabulae,
1139 1758 1185 1783 nisi
1206 1760 1334 1791 pertusae,
1388 1763 1525 1796 praecipua
1537 1767 1662 1794 ponemus.
2439 1771 2441 1773 ·

295 1798 326 1816 ac
339 1796 380 1816 ter
393 1790 454 1816 ‘lino
467 1799 514 1824 per
525 1791 658 1817 foramina
675 1790 785 1817 traiec‘lo
799 1789 1004 1824 obsignarentur.
1041 1791 1173 1826 Significat
1188 1793 1283 1827 Falsum
1298 1793 1333 1826 fi-
1343 1803 1377 1829 45
1508 1795 1617 1827 Magnas
1638 1795 1659 1820 it
1678 1795 1748 1822 fama
1768 1803 1815 1829 per
1833 1795 1922 1826 vrbes.
2434 1803 2436 1806 ’

293 1832 431 1865 ξ11.1[ονεηι.
468 1825 533 1850 Idem
551 1827 645 1851 clarius
663 1829 689 1851 in
703 1826 773 1852 Tito
786 1835 807 1851 c.
824 1833 845 1857 3.
882 1826 954 1862 Cous.
975 1826 1035 1853 Tit.
1056 1827 1087 1853 D.
1107 1826 1139 1853 ad
1159 1827 1190 1853 L.
1206 1828 1287 1854 Corn.
1301 1827 1333 1854 de
1402 1845 1406 1850 ·
1511 1829 1589 1856 Fama
1608 1829 1725 1862 malum,
1746 1839 1799 1864 quo
1813 1839 1867 1856 non
1886 1828 1960 1856 aliud
1977 1829 2096 1855 velocius
2110 1828 2207 1860 vllum,

295 1859 388 1890 Fallis,
408 1859 451 1885 vbi
464 1862 536 1885 etiam
549 1869 634 1886 namen
646 1863 754 1886 occurrit
770 1860 788 1885 1.
803 1869 813 1886 1
833 1858 857 1895 §.
870 1869 896 1892 4.
1511 1863 1666 1891 Mobilitate
1680 1865 1769 1899 viget,
1787 1866 1910 1899 viresque
1922 1864 2037 1898 acquirit
2048 1863 2143 1890 eundo.

330 1901 347 1934 ξ’
356 1902 400 1921 AL
411 1901 423 1921 S
432 1901 483 1934 ᾼΤ
495 1901 513 1920 ν
522 1900 535 1918 S
544 1913 552 1925 ,
568 1903 599 1926 a,
622 1903 676 1920 um.
702 1894 796 1920 Partic.
832 1894 903 1928 Sulp.
936 1895 1026 1921 Seuer.
1057 1895 1090 1921 de
1115 1896 1186 1922 Virt.
1209 1897 1333 1923 Monach.
1509 1900 1592 1925 Parua
1606 1907 1678 1925 metu
1691 1901 1796 1934 primo,
1816 1909 1879 1926 mox
1892 1901 1944 1926 sese
1956 1900 2055 1925 attollit
2069 1900 2097 1925 in
2110 1906 2195 1929 auras,
2255 1924 2258 1927 ,

294 1930 397 1957 orient.
413 1929 482 1956 Dial.
498 1937 518 1961 1,
531 1931 556 1955 6.
801 1959 807 1969 Ι
1509 1933 1713 1967 ingrediturque
1726 1935 1799 1967 solo,
1817 1941 1843 1960 et
1860 1941 1937 1968 caput
1950 1935 2018 1959 inter
2031 1934 2125 1959 nubila
2144 1930 2243 1957 condit.

330 1972 401 1992 FAL
410 1972 428 1991 Χ
437 1985 445 1997 ,
466 1964 548 1990 falcis.
568 1963 587 1990 f·
625 1961 767 1997 [δρέπανοὴ
787 1961 868 1997 ἅρπη,
887 1959 1007 1997 δζοεπσῖνη]
1043 1972 1059 1988 α
1072 1963 1152 1989 Farre
1165 1964 1242 1990 litera
1262 1974 1332 1991 com-
1346 1977 1379 2002 50
1510 1967 1659 1993 Monstrum
1673 1968 1852 2000 horrendum,
1865 1969 1971 2002 ingens:
1990 1968 2033 1993 cui
2047 1973 2112 2001 quot
2125 1967 2183 1993 sunt
2195 1972 2307 2000 corpore
2321 1963 2441 1998 plumae„

293 2007 409 2033 mutata,
423 2007 451 2026 ut
464 2001 549 2026 Varro
565 1998 630 2026 ludit
650 1998 682 2025 de
697 1999 726 2025 L.
741 1999 771 2024 L.
785 2006 812 2030 4,
824 2005 891 2037 3¹⁸1)-
907 2005 944 2030 33,
957 2006 989 2030 30
1009 1996 1042 2030 est
1060 1999 1116 2033 ,Qua
1132 1999 1251 2034 secantur
1269 2000 1333 2036 fru-
1509 2002 1570 2028 Tot
1585 2002 1679 2036 vigiles
1693 2003 1764 2029 oculi
1778 2003 1883 2035 subter,
1902 2002 2025 2029 mirabile
2039 2002 2123 2034 dictu,
2146 2023 2148 2025 .

293 2043 390 2067 menta,
403 2035 504 2068 herbae,
519 2042 541 2062 et
546 2034 650 2068 similia.
686 2034 814 2060 Laudatur
829 2034 905 2067 Virg.
942 2051 949 2059 .
984 2052 991 2059 .
1029 2052 1036 2059 .
1104 2034 1179 2061 Falce
1198 2044 1245 2061 nec
1265 2036 1334 2070 agri·
1509 2036 1571 2063 Tot
1584 2037 1703 2071 linguae,
1722 2038 1836 2065 totidem
1850 2047 1897 2064 ora
1909 2039 2016 2071 sonant,
2029 2044 2069 2064 tot
2084 2037 2196 2071 subrigit
2211 2034 2292 2062 auris.

293 2071 367 2098 colae
380 2071 440 2097 duri
453 2069 599 2097 resecanda.
636 2069 769 2104 Erythraei
783 2068 860 2095 Index
872 2078 920 2094 non
933 2068 1012 2094 habet.
1048 2069 1086 2094 At
1099 2070 1180 2095 Ouid.
1195 2071 1259 2097 Her.
1276 2080 1295 2103 1,
1307 2078 1334 2103 53
1509 2072 1582 2099 Tam
1597 2073 1651 2099 fieti
1666 2074 1796 2108 prauique
1810 2080 1901 2105 tenax,
1921 2083 1999 2108 quam
2013 2073 2106 2101 nuntia
2118 2073 2186 2099 veri-

294 2106 494 2141 Resecandaque
510 2106 575 2132 falce
590 2105 719 2132 Luxuriat
729 2104 843 2137 Phrygio
857 2103 981 2137 sanguine
989 2103 1093 2137 pinguis
1108 2104 1211 2131 humus.
1266 2107 1332 2132 Plin.
1396 2107 1488 2141 Nempe
1501 2110 1539 2133 ita
1548 2109 1655 2143 persona
1669 2107 1700 2141 esi
1715 2110 1809 2142 Fama,
1823 2112 1890 2136 Dea:
1907 2110 1973 2145 quod
1986 2112 2061 2145 ponit
2074 2113 2148 2135 etiam
2163 2105 2280 2141 Hesiodus
2291 2107 2319 2131 in
2332 2101 2431 2138 operib.
2469 2109 2479 2126 11

294 2148 331 2175 18,
345 2148 375 2172 28
414 2143 531 2168 Falcium
550 2141 612 2168 duo.
621 2149 728 2175 genera:
751 2140 872 2166 Italicum
886 2138 1060 2178 breuius,-ac
1088 2139 1129 2165 vel
1153 2140 1223 2166 inter
1241 2150 1332 2174 vepres
1347 2152 1375 2178 55
1392 2148 1457 2167 extr.
1494 2144 1550 2168 Ara
1567 2144 1652 2169 Famae
1673 2151 1727 2170 erat
1739 2145 1857 2177 Athenis,
1875 2145 1904 2171 de
1917 2154 1964 2180 qua
1980 2145 2084 2181 Paufizvz.
2107 2146 2165 2171 Art.
2178 2153 2216 2177 17.
2285 2140 2354 2166 Ter.
2367 2138 2434 2178 Hec.
2464 2139 2479 2161 ἰ

294 2187 401 2212 quoque
421 2177 566 2203 tractabile.
603 2177 751 2203 Galliarum
770 2174 911 2201 latifundia
928 2174 1037 2200 maioris
1052 2175 1216 2208 compendii,
1234 2177 1332 2210 quippe
1394 2185 1417 2208 2,
1434 2185 1453 2206 1,
1468 2184 1492 2202 21
1513 2177 1600 2203 Multo
1611 2178 1705 2204 melius
1717 2178 1770 2211 hic,
1784 2189 1851 2213 quae
1865 2180 1943 2212 fiunt,
1957 2189 2035 2214 quam
2049 2180 2115 2212 illic,
2122 2179 2168 2206 vbi
2182 2180 2239 2205 sum
2252 2175 2355 2206 affidue,
2367 2173 2433 2200 scio:

293 2214 394 2240 medias
408 2213 516 2238 caedunt
530 2211 640 2244 herbas,
660 2211 850 2245 breuioresque
866 2217 1040 2245 praetereunt.
1097 2210 1154 2236 Cic.
1167 2211 1249 2236 Tusc.
1264 2220 1286 2244 5,
1301 2214 1332 2244 65
1393 2211 1453 2237 ideo
1468 2212 1529 2245 quia
1543 2218 1571 2238 vt
1584 2221 1631 2239 vos
1645 2213 1713 2239 mihi
1729 2214 1803 2240 domi
1824 2215 1912 2246 eritis,
1933 2215 2044 2249 proinde
2060 2224 2110 2249 ego
2124 2223 2171 2241 ero
2190 2214 2260 2240 fama
2279 2211 2362 2240 foris,
2374 2215 2394 2244 p
2408 2212 2434 2246 ,ἠ

293 2248 400 2275 Immiffi
415 2257 473 2274 cum
489 2247 600 2273 falcibus
614 2247 692 2273 multi
710 2252 867 2281 purgarunt,
886 2252 911 2272 et
924 2251 1081 2280 aperuerunt
1095 2245 1192 2272 locum.
1276 2247 1333 2273 Fal·
1392 2253 1419 2272 ut
1433 2255 1477 2272 vos
1490 2250 1623 2280 vixeritis,
1640 2251 1678 2274 ita
1691 2258 1733 2284 ega
1748 2249 1805 2275 bene
1817 2257 1860 2276 aut
1873 2252 1934 2275 male
1949 2251 2054 2276 audiam.
2126 2249 2237 2282 Vulgata
2251 2245 2321 2272 bella
2334 2252 2387 2279 pei·v
2402 2272 2408 2281 .
2424 2247 2425 2250 ’

295 2293 337 2311 ces
354 2283 520 2313 arborariae‚
535 2282 685 2313 menariae,
698 2283 842 2311 rust-ariae,
855 2281 1050 2307 stramentariae
1060 2300 1069 2313 ‚
1082 2280 1226 2312 filuaticae,
1245 2282 1334 2309 vinea·
1392 2281 1453 2308 bem
1469 2281 1538 2308 fama
1553 2283 1626 2317 Virg.
1640 2284 1703 2309 Aen.
1719 2293 1739 2316 1,
1754 2293 1810 2317 209.
1879 2285 1972 2311 Inclita
1992 2285 2077 2320 gloria
2096 2284 2166 2310 fama
2186 2282 2259 2309 Idem
2280 2282 2343 2307 Aen.
2358 2281 2435 2319 πήξῃ

295 2320 364 2346 ticae
383 2320 449 2345 Cato
467 2328 489 2344 c.
507 2327 539 2344 11.
557 2325 580 2343 et
600 2327 622 2344 c.
644 2326 680 2343 10.
717 2318 791 2342 Varr.
812 2317 842 2342 R.
864 2317 895 2342 R.
909 2325 926 2345 1,
946 2324 988 2347 22,
1008 2323 1029 2348 5.
1137 2317 1199 2343 Falx
1213 2318 1334 2348 lumaria,
1351 2317 1533 2344 60N0t1iffima
1553 2318 1636 2344 infula
1657 2319 1726 2345 fama
1757 2320 1795 2346 Id.
1811 2320 1876 2346 Aen.
1891 2330 1914 2353 2,
1927 2329 1959 2347 21.
2029 2319 2139 2346 Illustris
2159 2318 2236 2350 virgo
2255 2317 2326 2342 fama
2356 2315 2450 2348 Virg.,-

296 2356 357 2388 Qta
372 2354 484 2380 secamus
498 2353 609 2383 lumeta,
628 2362 686 2378 curn
702 2351 728 2377 in
743 2352 811 2385 agris
826 2352 930 2384 serpunt
944 2352 1047 2385 spinae:
1067 2360 1130 2386 quas
1146 2352 1218 2386 quod
1237 2362 1251 2379 a
1265 2359 1334 2379 terra
1395 2354 1460 2379 Aen.
1476 2360 1502 2387 7,
1518 2361 1562 2387 79.
1634 2354 1722 2380 Notus
1743 2356 1818 2389 super
1837 2355 1943 2382 aethera
1956 2356 2025 2381 fama
2043 2355 2116 2382 Idem
2130 2355 2201 2385 Aen„
2211 2359 2230 2382 1,
2243 2356 2293 2382 383,
2362 2350 2429 2376 Ηθῐ·

296 2390 429 2423 agricolae
460 2389 581 2420 soluunt,
601 2389 620 2414 i.
646 2388 737 2419 luunt,
758 2386 883 2413 Lmnecta
915 2387 1040 2413 dicuntur
1058 2389 1134 2413 Varr.
1155 2389 1184 2414 L.
1206 2389 1237 2415 L.
1257 2398 1285 2423 4,
1299 2397 1333 2421 31.
1394 2389 1474 2414 Serm.
1489 2396 1515 2420 2,
1527 2397 1549 2421 5,
1564 2397 1594 2421 30
1621 2389 1698 2416 Fal-..a
1719 2391 1820 2423 ciuem,
1833 2392 1958 2424 causaque
1979 2391 2097 2424 priorem
2134 2388 2245 2422 Sperne,
2262 2382 2430 2415 honestiorem,
2460 2383 2467 2398 '¹

295 2425 398 2457 Festus,
416 2425 500 2451 Luma
513 2433 592 2458 genus
605 2423 639 2449 est
654 2423 760 2454 herbae,
774 2422 816 2448 vel
830 2422 918 2456 potius
931 2423 1028 2456 spinae.
1070 2423 1127 2449 Via.
1141 2424 1232 2460 Scalig.
1245 2427 1273 2450 in
1288 2426 1334 2450 loc.
1393 2426 1436 2459 qui
1447 2425 1534 2450 mellus
1545 2424 1623 2450 audit.
1695 2426 1848 2452 Diminutio
1861 2426 1947 2452 famae
1964 2426 2072 2452 Firmic.
2088 2432 2112 2458 5,
2124 2425 2149 2450 6.
2219 2419 2328 2454 Egregie
2342 2417 2425 2444 famae

295 2468 319 2487 et
337 2461 443 2487 Turneb.
456 2460 561 2495 Aducrs.
573 2468 610 2490 30,
622 2468 657 2490 23.
731 2457 924 2484 frondatorum
938 2457 991 2484 falx
1005 2458 1100 2484 Catull.
1114 2461 1153 2489 62,
1166 2468 1205 2492 4¹·
1266 2460 1334 2486 Ahe-
1393 2459 1545 2486 testimonio
1564 2461 1666 2495 semper
1683 2468 1791 2488 ornatus
1820 2462 1892 2487 Idem
1906 2464 1931 2492 6,
1946 2470 1968 2487 11
1983 2461 2031 2497 sub
2049 2461 2094 2495 fin.
2166 2455 2247 2484 Ouid.
2261 2455 2324 2494 Met.
2343 2461 2368 2485 92
2385 2457 2427 2491 ‚⁵33
2460 2462 2462 2465 ’

295 2505 343 2522 1130
362 2496 435 2521 falcis
456 2504 596 2521 curuamen
621 2493 701 2520 Ouid.
715 2494 780 2519 Met.
795 2500 822 2527 7,
837 2500 898 2527 227.
971 2494 1054 2519 Acuta
1082 2493 1154 2519 Idem
1168 2495 1231 2521 Met.
1246 2503 1271 2527 9,
1284 2500 1334 2527 383.
1350 2495 1380 2526 65
1395 2495 1452 2521 Nec
1465 2504 1513 2521 nos
1526 2502 1571 2522 aut
1585 2496 1664 2522 durus
1679 2503 1766 2531 pater,
1779 2503 1824 2523 aut
1838 2497 1987 2523 reuerentia
2001 2496 2098 2527 famae,
2134 2494 2187 2520 Aut
2201 2492 2283 2518 timor
2297 2487 2429 2522 impediet·

300 2532 358 2558 Vni.
379 2537 484 2558 ACVO.
557 2528 664 2556 Adunca
683 2528 754 2555 Idem
770 2529 834 2555 Met.
849 2537 889 2561 14,
905 2529 960 2557 628.
1031 2529 1145 2563 Agrestis
1170 2531 1263 2556 quen.
1283 2531 1333 2557 Sat.
1394 2530 1460 2556 Plin.
1475 2539 1514 2564 25,
1528 2539 1556 2557 10
1576 2532 1706 2559 Similiter
1719 2541 1775 2558 eam
1788 2533 1928 2567 (herbam)
1942 2540 2020 2566 quam
2034 2531 2149 2557 eucleam
2161 2532 2256 2555 vocant
2274 2523 2438 2562 traduntque·

297 2575 337 2599 13,
358 2575 396 2599 39·
467 2565 557 2592 Ahena
583 2566 658 2599 Visg·
680 2565 745 2591 Aen·
764 2573 799 2597 4,
818 2572 872 2596 543.
943 2564 1062 2594 Curuae,
1088 2564 1141 2590 vid.
1168 2572 1334 2593 cvxvvs.
1395 2575 1424 2592 ea
1449 2566 1588 2600 perunctos
1607 2568 1840 2594 commendatioris
1860 2569 1909 2594 else
1927 2567 2020 2593 famae.
2091 2564 2195 2599 Ingenii
2214 2563 2284 2588 fama
2303 2555 2433 2593 anffll·

295 2602 476 2628 Denticulatae
503 2600 633 2627 Columel.
654 2609 677 2631 2,
699 2608 737 2632 21,
755 2608 777 2631 3.
848 2599 993 2625 Foenariae
1012 2600 1078 2626 Cato
1093 2608 1131 2632 10,
1144 2608 1164 2630 3.
1201 2600 1297 2627 Pallad.
1314 2610 1335 2635 1,
1395 2611 1423 2634 4,
1437 2610 1456 2628 1.
1522 2603 1689 2629 Iudiciorum
1710 2603 1779 2630 fama
1810 2603 1883 2629 Idem
1903 2611 1933 2635 4,
1951 2611 1970 2628 1.
2042 2601 2099 2627 Cic.
2113 2600 2144 2626 de
2159 2598 2266 2625 Amicit.
2282 2603 2306 2628 13
2341 2595 2428 2632 haffu.

296 2646 337 2671 43‚
352 2645 369 2663 1.
441 2637 556 2662 Lunatae
577 2636 649 2661 Idem
664 2643 683 2667 1,
697 2643 739 2667 43,
751 2643 775 2661 2.
846 2634 917 2661 Mala
936 2635 1011 2670 Virg.
1027 2634 1080 2661 Ecl.
1094 2643 1117 2667 3,
1132 2643 1163 2661 11.
1233 2636 1334 2671 Nigrae
1395 2646 1449 2663 non
1471 2642 1524 2664 tam
1545 2638 1592 2664 ista
1611 2647 1652 2664 me
1674 2639 1816 2673 sapientiae
1835 2642 1933 2672 (quam
1958 2636 2039 2664 modo
2060 2636 2173 2662 Fannius
2193 2628 2434 2660 commemorauit)

294 2673 420 2706 rubigine
434 2671 524 2698 Claud.
538 2671 566 2696 in
582 2670 659 2703 prim.
673 2670 750 2695 Cons.
763 2668 820 2695 Stil.
835 2678 860 2702 2,
876 2678 932 2703 194.
1003 2671 1134 2696 Procurua
1147 2670 1222 2705 Virg.
1232 2672 1329 2706 Georg.
1349 2679 1385 2707 70
1396 2673 1466 2699 fama
1481 2672 1607 2705 delcetat,
1628 2673 1690 2699 falsa
1704 2673 1871 2708 praesertim,
1891 2681 1969 2707 quam
1982 2671 2055 2706 quod
2073 2670 2205 2697 amicitiae
2220 2667 2428 2707 nost'raeememo'

297 2716 322 2737 2,
344 2711 396 2739 565·
467 2708 579 2740 Rapaces
609 2705 713 2731 Lucret·
731 2712 752 2736 3,
764 2706 831 2741 ⁴650-
887 2704 1021 2731 Rostratae
1054 2706 1185 2732 Columel.
1206 2715 1232 2739 2,
1254 2716 1294 2740 21,
1314 2717 1334 2740 3.
1396 2709 1463 2735 riam
1482 2709 1557 2742 spero
1573 2709 1755 2743 sempiternam
1773 2709 1842 2735 fore.
1877 2709 1934 2740 Sic,
1952 2709 2031 2734 Fama
2044 2705 2213 2741 eloquentiae
2226 2701 2357 2741 anfihl-
2372 2709 2395 2732 7,
2408 2706 2425 2725 2

297 2741 441 2775 Sirpiculae
454 2742 532 2768 falces
541 2740 619 2776 fimt,
638 2739 731 2774 Qibus
749 2738 906 2773 stipabantur
919 2746 942 2765 et
955 2740 1121 2775 alligabantur
1136 2741 1202 2767 dolia
1217 2749 1335 2775 veterum,
1396 2743 1478 2778 Vulgi
1510 2744 1595 2776 fama,
1615 2745 1734 2779 quoddam
1761 2743 1930 2770 multitudinis
1957 2741 2119 2776 testimonium
2147 2741 2203 2767 Cic.
2222 2739 2251 2766 in
2269 2738 2368 2771 Topic.
2389 2735 2430 2773 76-

296 2776 460 2813 quaefiflzlia
475 2783 562 2808 eram,
576 2782 626 2801 tum
639 2783 709 2810 quum
723 2780 793 2800 erant
808 2770 909 2808 sraHa.
947 2776 1064 2800 Meminit
1079 2777 1146 2802 Cato
1161 2786 1181 2803 c.
1197 2785 1229 2803 11.
1260 2778 1334 2814 Conf.
1395 2779 1495 2805 Sallust.
1510 2779 1630 2813 Iugurth.
1647 2790 1667 2805 c.
1682 2788 1709 2812 55
1745 2780 1784 2806 De
1802 2779 1911 2806 Metello
1929 2779 1999 2805 fama
2017 2777 2148 2812 praeclara
2169 2776 2225 2802 else.
2375 2769 2408 2812 ff

301 2813 409 2839 Tur-neb.
428 2811 533 2845 Aduers.
553 2821 578 2845 7,
598 2819 633 2841 23.
655 2816 678 2835 et
698 2810 775 2835 Varr.
790 2809 820 2834 L.
833 2809 863 2834 L.
882 2817 900 2841 4
929 2816 963 2840 31.
999 2810 1100 2845 Salmas.
1119 2811 1152 2836 ad
1166 2812 1246 2838 Soliu.
1261 2822 1281 2838 c.
1298 2822 1333 2845 35.
1394 2812 1545 2841 Adiefliua:
1583 2815 1672 2841 Tacit.
1687 2815 1755 2841 Hist.
1771 2824 1792 2847 1,
1804 2822 1835 2849 73
1853 2814 1997 2841 Aduersam
2008 2815 2040 2840 de
2053 2813 2207 2840 Domitiano
2220 2809 2317 2835 famam
2328 2810 2449 2851 acc-ipit„

298 2848 396 2882 Supina
415 2848 505 2872 quen.
520 2847 570 2872 Sat.
592 2852 613 2875 Β,
630 2853 685 2871 201·
753 2844 1007 2884 Veric111·atae,tv1'd.
1022 2845 1070 2879 fiaeb
1089 2853 1133 2872 VE
1144 2853 1200 2875 RV.
1270 2849 1333 2874 Vin-
1350 2852 1382 2880 73
1396 2849 1506 2875 Aemula
1528 2849 1596 2875 fama
1611 2850 1737 2876 Herculei
1751 2850 1849 2877 laboris
1867 2850 1911 2877 Sil.
1927 2859 1956 2883 4,
1968 2858 1994 2883 4.
2065 2848 2159 2876 Catull.
2172 2847 2216 2880 76,
2232 2853 2260 2870 10
2286 2843 2316 2883 55
2328 2851 2387 2877 quS
2401 2840 2418 2867 fl

298 2882 473 2909 demiatoriae
485 2881 616 2908 Columel.
633 2888 670 2911 12,
687 2884 720 2909 18,
733 2887 758 2905 2.
830 2880 966 2906 Vinitoria
984 2879 1059 2906 Idem
1072 2889 1100 2914 4,
1115 2888 1155 2913 25.
1227 2883 1335 2916 Vinito-
1395 2885 1465 2910 fama
1486 2884 1610 2918 loquetur
1630 2886 1714 2912 Anus:
1735 2885 1832 2912 indicat
1851 2885 1994 2919 diuturnam
2012 2886 2125 2921 gloriam.
2218 2880 2344 2906 Atroctor
2363 2874 2443 2904 famu<

297 2919 353 2946 riae
368 2918 441 2944 falcis
455 2924 537 2951 partes
548 2916 720 2952 describuntur
733 2914 861 2940 Columel.
876 2924 902 2948 4,
913 2922 947 2947 25.
1143 2914 1164 2953 fl
1183 2925 1199 2943 2
1240 2916 1335 2944 Verba:
1395 2920 1486 2946 Tacit.
1501 2921 1566 2946 Ann.
1583 2929 1611 2952 4,
1628 2929 1660 2947 11.
1727 2921 1819 2947 Audax
1833 2921 1901 2948 fama
1913 2921 1990 2947 nouis
2003 2918 2148 2946 terroribus
2160 2915 2221 2941 Stat.
2235 2913 2326 2941 Theb.
2342 2918 2365 2946 8,
2380 2918 2437 2945 152:
2458 2901 2459 2940 l

298 2954 433 2981 Adhibet-e
454 2951 593 2979 frondibus
612 2951 704 2977 falcem
724 2950 853 2982 Qunffll.
873 2958 898 2982 2,
910 2959 937 2983 4.
1008 2952 1151 2985 Amputare
1169 2961 1257 2979 ramos
1271 2954 1335 2980 falce
1395 2955 1483 2985 Bona,
1502 2955 1554 2981 vid.
1575 2962 1692 2983 BONVS.
1763 2957 1937 2988 Calamitosa,
1962 2954 2015 2981 vid.
2036 2960 2109 2980 CAL
2119 2959 2141 2979 A
2152 2957 2254 2977 Μ1ΤΑ
2265 2957 2287 2976 s.
2359 2948 2432 2987 emsa

298 2991 366 3016 Hor.
383 2988 463 3023 Epod.
483 2997 503 3019 2,
520 2997 554 3020 13.
624 2987 746 3012 Armatus
759 2994 838 3011 curua
857 2985 922 3011 falce
940 2985 1003 3012 deus
1015 2987 1121 3013 Tibull.
1136 2997 1155 3019 1,
1167 2996 1195 3022 4,
1208 2993 1230 3018 8.
1250 2990 1335 3016 Satur·
1395 2990 1544 3025 sterilisque
1558 2991 1619 3018 Stat.
1632 2990 1724 3018 Theb.
1738 2994 1765 3024 6,
1780 3000 1822 3026 70.
1893 2991 1949 3017 Cic.
1963 2998 2011 3024 pro
2023 2988 2103 3016 Flacc.
2119 2995 2142 3019 13
2177 2987 2203 3012 Si
2217 2984 2281 3021 qnid
2294 2983 2340 3018 ΙῬΗ
2357 2982 2431 3024 ἃῖιὼ·

298 3035 355 3050 num
369 3025 497 3060 imrllsgit.
552 3023 676 3048 Attenuat
689 3021 742 3046 falx
756 3020 875 3047 vmbram
889 3021 991 3047 arboris
1004 3023 1098 3048 Catull.
1112 3026 1153 3055 62,
1166 3032 1207 3056 41.
1253 3025 1335 3051 Auer-
1357 3031 1388 3057 80
1396 3026 1439 3051 stis
1452 3028 1587 3052 communi
1600 3027 1669 3053 fama
1686 3034 1764 3062 atque
1783 3028 1901 3053 sermone
1915 3025 1947 3052 de
1961 3025 2005 3056 vi,
2020 3024 2052 3049 de
2064 3024 2158 3052 armis,
2170 3029 2214 3048 etc.
2284 3020 2437 3059 (Ῑ()“,Ῑ“1ἷ’ῑ(“3“’Ἰ

298 3065 355 3087 tere
369 3059 446 3085 falces
460 3058 573 3093 laqueis,
592 3057 645 3083 vid.
666 3062 811 3084 AVERTO.
881 3056 1030 3083 Detoudent
1043 3059 1154 3085 aestiuae
1169 3068 1275 3094 gargara
1291 3060 1335 3086 fal-
1394 3062 1488 3088 quen.
1502 3063 1552 3088 Sat.
1568 3070 1606 3094 10,
1619 3070 1669 3095 125.
1723 3063 1847 3088 Constans
1861 3062 1916 3088 Cic.
1929 3060 1960 3086 ad
1973 3062 2011 3093 Q
2021 3060 2089 3086 Frat.
2106 3067 2126 3091 1,
2142 3067 2161 3089 1,
2175 3062 2195 3087 8-
2251 3056 2362 3095 Egregia
2374 3054 2430 3081 T3·
2462 3067 2463 3075 ¹

298 3105 339 3122 ces
353 3095 519 3122 Claud.Sext.
534 3094 612 3120 Cons.
626 3093 696 3118 Hon.
710 3096 763 3124 389.
832 3092 978 3118 Immittere
992 3092 1083 3119 falcem
1099 3095 1169 3120 suam
1181 3095 1209 3120 in
1223 3095 1335 3122 alienam
1396 3097 1440 3123 cit.
1454 3098 1541 3132 Agric,
1562 3105 1600 3123 20.
1670 3097 1778 3123 Firmic.
1795 3105 1818 3130 5,
1834 3100 1850 3123 6
1887 3096 2017 3123 Homines
2035 3101 2111 3120 erunt
2130 3092 2229 3119 modici
2245 3099 2379 3122 11011111115,
2403 3093 2430 3115 et

299 3132 403 3158 messem
420 3132 492 3156 Pron.
563 3128 681 3155 Incidere
700 3127 767 3153 vites
785 3125 851 3152 falce
872 3127 946 3161 Virg.
967 3128 1019 3153 Ecl.
1039 3137 1060 3160 3,
1081 3138 1110 3156 11.
1183 3131 1282 3158 Curare
1296 3131 1335 3157 vi-
1395 3133 1510 3166 Exiguae
1527 3133 1621 3159 famae.
1692 3132 1780 3159 Foeda
1800 3134 1893 3158 quen.
1910 3132 1960 3158 Sat.
1974 3139 2014 3163 14,
2029 3132 2078 3162 156.
2142 3127 2254 3155 Garrula
2272 3127 2329 3153 Sen.
2348 3126 2443 3165 Hei-ew

297 3173 352 3193 tem
369 3167 434 3192 falce
454 3166 519 3191 Plin.
537 3172 573 3198 17,
589 3173 630 3190 22.
702 3163 802 3189 Metere
823 3162 953 3188 frumenta
972 3162 1137 3191 denticulatis
1156 3166 1268 3192 falcibus
1283 3167 1335 3193 Co-
1395 3167 1448 3194 fur.
1462 3177 1484 3200 3.
1536 3167 1662 3198 Illustris,
1679 3167 1731 3193 vid.
1742 3168 1826 3203 paullo
1834 3166 1903 3202 post,
1916 3168 1998 3192 Vetus
2018 3171 2043 3191 et
2061 3164 2177 3191 illustris.
2246 3162 2331 3197 Impia
2355 3161 2431 3194 VU‘g-

298 3201 389 3228 lumel.
404 3210 426 3233 r,
439 3209 476 3227 21.
534 3201 633 3225 Meiere
648 3198 779 3224 frumenta
798 3197 913 3223 rostratis
926 3197 1037 3224 falcibus
1053 3199 1125 3226 Idem
1137 3209 1163 3232 2,
1177 3210 1213 3227 21.
1275 3203 1333 3228 Pre-
1351 3205 1380 3234 85
1396 3204 1459 3229 Aen.
1473 3212 1502 3236 4,
1514 3209 1570 3236 298.
1641 3202 1732 3229 Tacit.
1747 3204 1814 3229 Ann.
1829 3211 1850 3233 2,
1862 3205 1897 3236 76
1915 3202 1970 3234 Q¹i
1992 3201 2150 3235 prineil'ffl'i
2162 3201 2268 3226 Inanem
2288 3197 2314 3224 ei
2331 3197 2440 3236 samam.»

299 3246 372 3264 niti-e
389 3238 472 3263 vitem
491 3235 557 3262 falce
591 3236 658 3261 Hor.
678 3234 763 3260 Carm.
784 3241 804 3264 1,
825 3241 861 3265 31,
876 3241 901 3265 9.
971 3233 1091 3261 Premere
1118 3235 1238 3263 vmbram
1267 3237 1333 3264 falce
1395 3239 1598 3266 circumdarent.
1665 3238 1780 3265 Incertae
1799 3245 1934 3264 murmura
1960 3237 2041 3263 Ouid.
2059 3236 2137 3271 Epist.
2158 3244 2184 3269 9,
2201 3243 2240 3270 41.
2275 3233 2347 3270 Conf.
2368 3232 2430 3259 Llli·

299 3273 374 3305 vim„
388 3273 484 3306 Georg,
507 3280 527 3303 1,
550 3277 600 3304 157.
671 3268 816 3296 Resecanda
845 3268 940 3294 humus
963 3267 1028 3294 falce
1060 3270 1141 3296 Ouid.
1156 3272 1234 3305 Epist.
1256 3281 1275 3304 1,
1296 3282 1332 3305 53.
1395 3283 1433 3305 21,
1451 3283 1487 3306 32.
1560 3275 1614 3300 Cic.
1629 3273 1700 3299 Fam.
1716 3282 1753 3305 13,
1769 3281 1800 3308 37
1811 3280 1853 3308 pr.
1887 3272 2014 3298 Gratulor
2026 3272 2086 3304 tibi,
2100 3272 2172 3306 quod
2185 3279 2216 3297 ex
2232 3269 2370 3304 prouincia
2383 3265 2433 3308 fal--

300 3307 408 3334 Resec'ta
421 3308 501 3334 Ceres
525 3306 633 3332 incurua
655 3304 721 3332 falce
745 3303 817 3331 Idem
832 3304 923 3330 Amor.
937 3312 956 3335 1,
970 3312 1002 3335 15,
1018 3312 1053 3330 12..
1123 3305 1273 3340 Supponere
1288 3308 1334 3334 fal·
1395 3319 1458 3335 vum
1474 3317 1499 3336 te
1512 3309 1543 3335 ad
1562 3315 1622 3335 tuos
1639 3309 1760 3342 recepisti
1774 3307 1903 3336 Incolumi
1917 3307 1986 3334 sama
1998 3314 2023 3334 et
2038 3307 2190 3342 Republica.
2260 3302 2437 3336 Incredibilis,-

301 3352 357 3369 cein
376 3343 459 3369 aristis
478 3342 552 3375 Virg.
566 3342 663 3374 Georg.
677 3349 697 3372 1,
710 3344 765 3373 348.
800 3339 869 3366 Add·
890 3339 995 3366 COlUm·
1017 3348 1055 3372 ¹0,
1075 3344 1126 3371 328-
1145 3373 1152 3378 .
1281 3340 1301 3379 ff
1323 3352 1333 3374 3
1396 3353 1487 3370 rerum
1501 3345 1575 3379 Virg·
1589 3345 1653 3370 Aen·
1667 3352 1688 3375 35
1700 3352 1759 3377 294·
1828 3342 1941 3369 Infausta
1957 3344 2002 3369 Sil·
2017 3352 2050 3376 ¹32
2065 3346 2107 3377 9⁶·
2176 3341 2288 3372 Infelix‘
2306 3339 2359 3375 ‘'sid'
2380 3344 2432 3365 ¹¹⁸1*
2456 3357 2457 3364 ¹

301 3379 379 3410 Falx,
399 3378 489 3404 Bellica
504 3377 633 3408 machina,
653 3384 712 3410 quae
724 3375 816 3401 adunco
829 3374 1012 3410 praefigebatur
1023 3375 1114 3410 ferro:
1127 3375 1166 3408 Jic
1184 3375 1254 3401 ama
1273 3378 1337 3411 quod
1348 3389 1383 3413 90
1397 3386 1500 3405 FEle.
1572 3378 1670 3413 Lepida
1681 3399 1689 3411 ,
1709 3378 1762 3405 vid.
1783 3385 1925 3404 LEP1DVS.
1997 3380 2069 3413 Virg.
2085 3380 2149 3405 Aen.
2162 3385 2189 3413 7,
2202 3386 2246 3410 23²
2271 3377 2329 3403 Ncc
2343 3374 2428 3402 vestra
2456 3371 2457 3400 l

300 3417 431 3439 incuruata
452 3412 520 3446 estet,
537 3419 566 3438 vt
584 3421 613 3438 ex
633 3413 711 3437 muris
729 3410 823 3445 lapides
842 3411 1037 3436 extraherentur.
1093 3411 1162 3436 Caes.
1177 3411 1204 3437 B.
1222 3412 1253 3437 G.
1268 3420 1335 3444 3,14
1396 3414 1496 3440 feretur
1532 3415 1610 3441 Fama
1628 3414 1722 3446 Leuis,
1737 3413 1856 3448 tantique
1870 3413 1998 3441 abolescet
2016 3415 2096 3449 gratia
2111 3414 2185 3440 faeii.
2255 3412 2364 3446 Loquax
2377 3411 2428 3438 Lu·
2455 3424 2457 3431 ι

302 3449 358 3472 Vna
377 3455 429 3473 erat
450 3457 543 3481 magno
561 3448 618 3473 vsui
636 3455 676 3473 res
696 3452 842 3480 praeparata
857 3454 871 3470 a
889 3445 999 3477 nostris,
1019 3445 1097 3472 falces
1110 3452 1277 3480 praeacutae,
1295 3447 1334 3472 in-
1395 3456 1450 3473 can.
1471 3455 1492 3477 8,
1506 3455 1560 3482 782.
1615 3449 1700 3481 Mala,
1720 3449 1772 3475 vid.
1792 3455 1846 3475 MA
1858 3455 1934 3476 Lvs.
2004 3451 2095 3477 Minor
2114 3449 2189 3475 faustis
2208 3448 2268 3474 Stat.
2285 3447 2376 3474 Theb.
2392 3454 2437 3478 12,a¹
2454 3459 2457 3477 μ

303 3483 383 3507 sertae
401 3481 542 3517 affixaeque
562 3481 705 3517 longuriis,
730 3490 784 3507 11011
806 3480 918 3506 absimili
939 3481 1026 3507 forma
1049 3481 1192 3507 muralium
1218 3482 1333 3510 falcium.
1394 3491 1455 3516 499.
1527 3483 1677 3515 Mirabilis,
1697 3484 1748 3510 uid.
1770 3491 1881 3511 MIROR.
1953 3486 2077 3512 Miratrix
2092 3484 2203 3512 senioris
2216 3483 2276 3509 aeui
2289 3483 2346 3509 Sen.
2362 3480 2440 3520 HipJ„

304 3518 386 3542 Paullo
403 3516 453 3550 post
472 3518 547 3548 dicit,
568 3519 652 3544 Funes
673 3517 791 3543 absciss'os
806 3516 880 3542 fuisse
892 3516 1011 3542 falcibus.
1047 3516 1120 3553 Con-f.
1133 3516 1206 3543 Idem
1220 3517 1247 3543 B.
1263 3518 1294 3544 G.
1308 3526 1334 3552 7,
1395 3518 1448 3553 pol.
1464 3518 1480 3544 s.
1495 3521 1521 3544 6.
1592 3519 1682 3545 Tacit.
1695 3519 1763 3545 Hist.
1777 3528 1795 3551 1,
1809 3527 1839 3552 50
1872 3520 1970 3547 Moesta
1989 3522 2105 3556 primum
2118 3521 2202 3551 fama,
2215 3518 2277 3545 dein
2292 3517 2400 3552 profugi
2412 3525 2441 3543 ea.

305 3554 345 3580 86.
382 3553 495 3590 Marti-3¹.
508 3561 544 3584 14,
557 3561 588 3585 34
606 3553 637 3579 dc
651 3553 726 3579 falce.
760 3553 850 3586 Veget.
863 3560 891 3584 4,
904 3560 933 3583 23
946 3558 969 3577 et
981 3553 1026 3585 46.
1351 3562 1383 3588 95
1398 3553 1498 3588 praelio
1513 3553 1626 3587 perditas
1640 3563 1680 3580 res
1696 3554 1859 3588 patefacient.
1913 3556 2058 3584 Obscurior
2077 3556 2142 3583 Plin.
2156 3556 2195 3587 36,
2210 3562 2230 3587 5.
2282 3553 2427 3580 Obscurior

343 3593 358 3612 F
368 3593 387 3611 Λ
399 3593 444 3625 130
458 3593 545 3618 VLA,
572 3596 610 3613 ae.
638 3588 656 3613 f.
693 3587 794 3614 Dimin.
831 3584 989 3622 [δρεπάνιον]
1025 3587 1156 3613 Colume'.
1176 3596 1210 3620 12,
1224 3593 1249 3618 18
1275 3589 1333 3615 Nec
1395 3598 1463 3616 aeuo
1476 3588 1557 3615 Ouid.
1572 3589 1676 3621 Fast.6,
1692 3598 1748 3623 104.
1769 3593 1787 3616 i.
1805 3597 1907 3625 propter
1925 3601 2018 3619 aeuum.
2090 3590 2210 3618 Perennis
2231 3589 2307 3624 Virg.
2321 3590 2386 3616 Aen.
2400 3595 2427 3620 9,
2455 3601 2456 3606 ¹

304 3622 392 3647 minus
413 3621 521 3647 talc-ulae
539 3628 563 3646 et
584 3631 680 3656 vngues
701 3623 781 3649 ferrei
801 3622 989 3657 quamplurimi
1010 3622 1125 3656 parandi.
1181 3625 1247 3650 Cato
1266 3633 1287 3650 c.
1302 3633 1335 3658 54
1396 3632 1440 3659 79.
1465 3624 1518 3650 vid.
1545 3630 1718 3651 PERENle.
1796 3626 1965 3658 Perobscura,
1987 3627 2041 3655 vid.
2066 3631 2298 3654 PEROBSCVRVS.
2369 3625 2440 3650 Per-x

304 3655 383 3689 Qtod
397 3656 488 3681 l'alcula
504 3656 627 3688 seem-ris,
645 3666 698 3683 non
715 3659 870 3685 renascetur.
904 3657 977 3693 Conf.
992 3658 1084 3685 Pallad.
1100 3667 1120 3691 1,
1134 3667 1176 3691 43.
1279 3657 1299 3696 ff
1319 3669 1335 3686 2
1396 3666 1472 3694 petua
1487 3660 1556 3686 fama
1575 3666 1600 3685 et
1619 3660 1812 3687 commendatio
1827 3662 1882 3688 Cic.
1897 3662 1950 3689 off.
1968 3671 1993 3694 2,
2005 3671 2049 3698 72.
2117 3661 2251 3695 Popularis
2269 3661 2325 3687 Cic.
2344 3658 2425 3686 Tusc·
2455 3654 2462 3671 ⁸

304 3692 422 3719 Falculae
430 3692 606 3725 pantherarum
619 3698 642 3716 et
649 3693 783 3726 pardorum
797 3693 914 3720 dicuntur
927 3695 1100 3720 Extremitater
1113 3697 1230 3730 unguium
1244 3698 1270 3720 in
1278 3696 1334 3732 fal·
1396 3704 1419 3728 5,
1433 3697 1478 3728 46.
1549 3695 1672 3729 Prospera
1696 3696 1787 3722 Tacit.
1809 3697 1875 3723 Hist.
1889 3707 1908 3729 1,
1925 3707 1962 3730 14.
2033 3699 2130 3724 Recens
2155 3697 2217 3722 Stat.
2231 3695 2323 3722 Theb.
2336 3703 2357 3728 5,
2371 3702 2424 3727 ¹40·

303 3731 340 3753 cis
352 3727 465 3762 formam
485 3728 640 3755 incarnatae,
656 3728 743 3761 quihus
763 3729 818 3754 llum
836 3735 969 3764 appetunt,
985 3732 1056 3755 etiam
1069 3732 1167 3765 integra
1180 3737 1283 3765 corpora
1297 3730 1456 3763 di-100Liu.
1470 3739 1517 3765 44,
1553 3749 1560 3756 .
1599 3749 1605 3756 .
1642 3730 1722 3757 Suum
1737 3732 1878 3766 imperium
1896 3733 1982 3759 minui
1998 3743 2044 3768 per
2057 3732 2198 3758 vanitatem
2214 3732 2305 3766 populi
2324 3730 2426 3759 maluit,
2461 3740 2463 3743 ’

302 3764 418 3794 laniant,
440 3771 454 3787 a
469 3761 554 3821 zathus
572 3763 701 3799 etiamnum
715 3762 831 3795 falculis,
848 3764 969 3790 Falcones
983 3764 1067 3790 dieios
1075 3771 1159 3799 putat,
1174 3772 1203 3792 vt
1217 3766 1335 3798 uidimus,
1396 3775 1476 3799 quam
1500 3764 1608 3792 secunda
1630 3765 1699 3792 fama
1720 3767 1787 3793 male
1809 3777 1864 3794 rern
1887 3777 1986 3803 gerere.
2056 3766 2162 3793 Sinistra
2182 3769 2279 3794 quen.v
2290 3767 2339 3792 Sat.
2353 3774 2393 3798 14,
2405 3772 2425 3789 Ι·
2475 3780 2479 3791 ⁴

304 3797 400 3824 Festus.
438 3797 472 3822 Fa
485 3795 686 3834 culasjicnpojuit
700 3797 764 3822 Plin.
779 3803 801 3830 8,
816 3806 848 3829 15.
885 3799 958 3835 Cous.
973 3799 1055 3826 Solin.
1069 3809 1090 3826 c.
1104 3809 1149 3832 40.
1395 3801 1450 3827 Cic.
1464 3800 1575 3835 Philipp.
1589 3809 1628 3833 14,
1645 3809 1670 3833 15
1700 3803 1757 3828 Hoc
1777 3803 1867 3830 triduo
1880 3804 1922 3830 vel
1941 3802 2082 3838 quatriduo
2095 3802 2195 3828 Tristis
2208 3812 2221 3829 a
2235 3802 2340 3830 Mutina
2356 3801 2426 3826 fama
2471 3804 2479 3810 '⁴

339 3840 355 3859 F
365 3840 385 3859 Α
397 3838 411 3857 L
423 3838 495 3858 CAR
506 3838 514 3856 1
524 3836 581 3870 VS)
599 3838 627 3871 1..
638 3840 672 3869 ¹¹¹:
697 3829 871 3865 [δρεπανοπωός
884 3835 941 3860 Vet.
956 3835 1034 3862 Gloss‘.
1049 3836 1105 3861 Lat.
1119 3835 1186 3869 Gr.]
1221 3837 1272 3871 Qui
1279 3835 1335 3871 fal·
1396 3841 1520 3862 manarat.
1590 3837 1659 3870 Vaga
1673 3837 1752 3863 Ouid.
1769 3839 1831 3865 Met.
1847 3844 1868 3869 8,
1881 3842 1940 3873 2⁶7.
2005 3838 2099 3864 Tacit.
2114 3838 2180 3864 Ann.
2195 3847 2226 3870 13,
2240 3843 2253 3868 8
2290 3839 2323 3864 Vt
2344 3836 2425 3862 famae
2471 3838 2479 3853 '³

303 3877 342 3895 ces
354 3867 462 3902 conficit.
498 3867 553 3892 Cic.
567 3874 594 3891 111
607 3865 684 3891 catil.
701 3874 720 3896 1,
733 3871 745 3896 8
764 3876 785 3892 c.
800 3876 817 3899 4
835 3868 902 3893 Dico
921 3876 946 3895 te
967 3870 1052 3904 priori
1064 3870 1141 3896 11οὲἲο
1157 3871 1252 3897 venisse
1266 3871 1334 3897 inter
1396 3870 1553 3904 insen-uitet,
1570 3879 1636 3905 quae
1649 3872 1677 3897 in
1691 3874 1767 3899 nouis
1781 3876 1880 3908 coeptis
1895 3872 2053 3899 Validiffima
2072 3872 2115 3898 est.
2172 3874 2253 3900 Vetus
2266 3874 2333 3899 Hor.
2347 3872 2437 3898 serm·-

302 3903 431 3943 falcarios.
462 3901 594 3942 'Lambino
620 3899 839 3940 teste—Priscianus
859 3903 1016 3943 hanelocum
1036 3912 1170 3942 exponent,
1187 3910 1240 3939 ait,
1262 3907 1334 3933 Inter
1341 3913 1385 3943 105
1395 3914 1422 3940 2,
1437 3914 1458 3939 1,
1470 3908 1509 3938 36.
1597 3907 1677 3934 Vetus
1695 3914 1721 3935 et
1740 3908 1850 3938 illustris
1868 3909 1924 3937 Cic.
1935 3917 1985 3945 pro
1996 3908 2115 3936 Manen.
2129 3914 2166 3940 38.
2257 3909 2348 3936 Vitrea
2359 3906 2425 3932 Hor·

304 3938 441 3965 falcarios.
460 3945 479 3964 1.
498 3938 529 3964 In
544 3936 633 3963 locum
644 3935 692 3962 vbi
708 3935 827 3964 habitant
838 3936 947 3965 falcarii.
2346 3942 2425 3968 Serm.
